4070 6182
408 349 466 402 tt
1767 341 2058 400 SERGIUS
2098 341 2274 398 PAPA
3605 353 3668 408 .3

403 462 535 516 duas
564 461 739 525 partes
765 449 966 507 divisus
987 456 1098 516 est,
1131 456 1181 503 et
1230 463 1330 504 una
1385 450 1598 520 quidem
1642 464 1767 519 pars
1822 451 1982 520 elegit
2011 461 2060 515 Α
2089 464 2274 504 sonam
2304 449 2631 506 denominati
2669 451 2840 522 Sergii
2882 463 2901 492 ε
2942 454 3262 511 venerabilis
3291 448 3414 512 tunc
3449 461 3669 528 presby-

403 544 740 601 Theodorum
793 538 1350 608 arehipresbyterum;
1398 539 1501 594 alia
1541 554 1666 594 vero
1693 555 1812 608 pars
1837 549 1862 576 ει
1884 540 1985 594 Pa-

402 635 643 690 schalem
666 628 1116 685 archidiaconum.
1146 627 1212 681 Et
1235 628 1447 698 quidem
1477 629 1790 684 Theodorus
1807 629 1988 684 archi-

403 726 679 794 presbyter
707 735 824 777 cum
855 719 1046 788 populo
1072 719 1162 788 qui
1209 719 1257 773 ei
1288 718 1499 776 favebat
1541 721 1873 790 perveniens,
1905 721 1984 775 in-

2096 541 2191 592 teri
2224 540 2612 596 concordantes
2641 556 2701 596 se
2729 543 3087 611 contulerunt,
3117 559 3348 616 eumque
3378 546 3447 602 de
3493 549 3668 602 medio

2093 630 2273 698 populi
2306 629 2553 686 tollentes
2582 632 2634 686 in
2663 633 2935 688 oraculum
2965 633 3102 689 beati
3147 636 3365 690 Ctesarii
3419 641 3666 708 martyris

2088 722 2308 787 Christi,
2346 723 2366 753 ⁷
2396 721 2536 790 quod
2567 730 2651 777 est
2670 722 2807 778 intra
2829 734 3223 780 sacrosanctum
3246 731 3662 798 suprascriptum

357 811 364 868 ῗ
403 817 656 871 teriorem
699 821 902 882 partem
938 810 1239 879 patriarchii
1298 811 1486 866 tenuit.
1540 812 1812 867 Paschalis
1860 828 1984 869 vero
2078 810 2358 878 palatium,
2414 811 2847 880 introduxerunt,
2880 823 2935 868 et
2986 815 3180 868 exinde
3218 817 3272 869 in
3303 816 3666 874 Lateranense

403 906 720 960 exteriorem
742 911 945 972 partem
969 902 1036 955 ab
1059 904 1293 959 oratorio
1308 904 1476 956 sancti
1491 903 1757 968 Silvestri,
1791 905 1863 958 et‘
1891 905 1984 958 ba-

403 994 610 1049 silicam
651 994 842 1049 domus
875 992 1048 1060 iuliae,
1079 1008 1196 1062 qua:
1243 1005 1403 1060 super
1451 1006 1697 1060 campum
1744 990 1978 1060 respicit,

402 1083 701 1153 occupavit.
727 1083 966 1153 Cumque
1003 1098 1140 1137 unus
1169 1092 1189 1120 ι
1218 1081 1323 1135 alio
1370 1081 1542 1135 locum
1599 1095 1703 1135 non
1745 1081 1977 1145 cederet,

403 1173 500 1227 sed
525 1173 735 1242 utrique
759 1170 782 1203 ⁸
811 1172 1114 1226 immaniter
1156 1170 1525 1239 perdurarent,
1558 1179 1617 1224 ut
1655 1185 1791 1223 unus
1819 1171 1979 1224 alium

398 1271 697 1330 superaret,
728 1262 857 1315 inito
885 1259 1109 1315 consilio
1131 1260 1384 1328 primates
1407 1258 1666 1327 judicum,
1696 1267 1749 1311 et
1777 1258 1980 1312 exerci-

398 1366 482 1407 tus
508 1353 760 1405 Roiuana:
783 1350 1004 1417 militias,
1035 1350 1117 1404 vel
1138 1350 1158 1380 "
1188 1350 1316 1404 cleri
1341 1350 1565 1419 plurima
1595 1363 1740 1418 pars,
1770 1359 1821 1404 et
1846 1365 1976 1419 pra:-

397 1442 576 1496 sertim
604 1441 964 1508 sacerdotum,
994 1451 1152 1510 atque
1179 1441 1372 1494 civium
1419 1439 1718 1507 multitudo,
1753 1437 1779 1475 ι’
1805 1441 1871 1494 ad
1894 1454 1978 1495 sa-

393 1547 542 1587 crum
569 1532 820 1600 palatium
844 1539 1211 1600 perrexerunt,
1236 1539 1290 1585 et
1313 1530 1401 1585 diu
1426 1539 1828 1600 pertractantes,
1851 1533 1973 1601 quid

397 1622 510 1676 tieri
538 1621 779 1688 deberet,
823 1621 1120 1692 qualiterve
1165 1621 1394 1676 duorum
1441 1621 1810 1676 altercantium
1867 1624 1976 1678 ele-

397 1723 602 1769 ctorum
639 1714 902 1786 sopiretur
929 1715 950 1745 '
976 1714 1269 1781 contentio,
1302 1713 1411 1769 Deo
1459 1723 1749 1778 annuente,
1778 1715 1828 1768 in
1855 1729 1976 1784 per-

2090 900 2418 970 episcopium
2450 916 2569 956 cum
2607 902 2822 956 laudum
2860 905 2882 936 ⁸
2909 903 3386 960 declamationibus
3429 906 3662 964 deduxe-

2073 999 2229 1046 runt.
2261 990 2331 1067 Et
2352 993 2593 1061 quamvis
2625 993 2766 1048 fores
2803 993 3114 1063 patriarehii
3147 993 3462 1050 intrinsecus
3483 1007 3664 1051 essent

2089 1081 2329 1148 munitae,
2362 1092 2414 1135 et
2440 1083 2654 1148 clausae,
2685 1093 2859 1136 tamen
2889 1097 3032 1152 pars,
3064 1096 3183 1152 quae
3232 1083 3544 1151 praedictum
3574 1101 3662 1139 ve-

2083 1171 2370 1226 nerabilem
2401 1172 2576 1225 virum
2603 1172 2855 1242 elegerat,
2879 1173 3000 1242 quia
3033 1183 3085 1228 et
3114 1172 3346 1228 validior
3373 1184 3511 1240 erat,
3534 1189 3665 1244 pra:-

2083 1262 2265 1327 valuit,
2289 1268 2343 1315 et
2369 1262 2609 1330 ingressa
2633 1271 2737 1316 est.

2150 1354 2265 1419 Quo
2284 1354 2526 1422 ingresso
2548 1367 2684 1407 unus
2710 1367 2740 1407 e
2766 1352 2977 1408 duobus
2991 1353 3194 1418 electis,
3237 1354 3288 1410 id
3313 1365 3400 1409 est
3419 1355 3663 1412 'l‘beodn.

2079 1457 2171 1496 rus
2218 1442 2651 1512 archipresbyter
2698 1443 2840 1497 illico
2870 1443 3074 1512 quievit
3095 1459 3158 1498 ac
3185 1459 3244 1498 se
3277 1444 3600 1503 bumiliavit.
3635 1459 3656 1485 ο

2080 1535 2147 1590 Ει
2176 1535 2450 1604 ingressus
2474 1534 2877 1589 denominatum
2907 1534 3300 1589 sanctissimum
3323 1536 3550 1591 electum
3573 1553 3656 1591 sa-

2078 1627 2262 1683 lutavit
2318 1643 2380 1683 ac
2408 1629 2680 1683 osculatus
2706 1636 2807 1682 est.
2825 1627 3147 1682 Paschalem
3175 1641 3302 1682 vero
3323 1627 3470 1682 nullo
3499 1629 3658 1682 modo

2078 1722 2098 1752 θ
2129 1720 2305 1775 cordis
2333 1720 2526 1777 duritia
2559 1721 2610 1776 id
2644 1719 2820 1776 facere
2870 1720 3098 1787 sinebat,
3125 1721 3570 1788 doncccoactus,
3602 1730 3658 1777 es

1618 1850 2005 1912 VARIANTES
2043 1855 2448 1915 LECTIONES.

468 1978 481 2005 ί
515 1965 644 2019 Cod.
683 1963 834 2029 Luc.,
866 1962 1094 2017 basilica.

464 2041 483 2069 ²
515 2036 648 2089 Cod.
676 2034 829 2099 Lttc.,
858 2035 968 2086 alii.

466 2106 638 2158 'Cod.
673 2105 824 2166 Luc.,
858 2102 1183 2155 unanimiter.

467 2174 484 2201 ⁸
507 2175 636 2230 Cod.
673 2175 824 2238 Luc.,
851 2174 969 2226 cieri
993 2171 1252 2234 seditiosi;
1291 2169 1385 2234 a|.,
1412 2170 1531 2223 cleri
1556 2169 1598 2223 si
1627 2171 1728 2224 dici
1758 2180 1828 2224 est
1861 2172 1974 2240 plu-

391 2261 538 2300 rima.

2150 1969 2170 1998 ⁸
2201 1968 2336 2022 Cod.
2370 1968 2496 2021 Luc.
2522 1977 2573 2020 et
2603 1968 2697 2032 al.,
2723 1969 2956 2021 intentio.

2153 2038 2173 2068 ⁶
2205 2037 2314 2102 ΑΙ.,
2343 2046 2576 2091 uenerunt
2600 2047 2717 2089 tunc
2741 2036 3038 2106 presbyteri.

2151 2107 2171 2136 "
2207 2108 2308 2168 .-\l.,
2338 2107 2473 2174 quod
2498 2116 2570 2158 est
2598 2107 2737 2158 intra
2761 2107 3012 2172 palatium
3035 2107 3441 2164 introduxerunt.

2153 2175 2174 2205 ⁸
2201 2174 2312 2228 Cod
2339 2176 2490 2240 Luc.,
2517 2174 2985 2228 acclamationibus.

2154 2246 2176 2275 ¹³
2205 2243 2312 2309 ΑΙ.,
2347 2260 2453 2314 pra:
2482 2245 2653 2298 cordis
2681 2247 2889 2299 duritia.

1747 2352 2104 2411 VARIORUM
2147 2354 2372 2411 NO’UE.

392 2487 520 2530 terra
546 2474 744 2529 diversa
764 2472 1034 2525 missarum
1061 2469 1306 2522 solemnia
1353 2469 1652 2522 celebrabat.
1681 2467 1733 2520 In
1763 2482 1962 2524 cosme-

394 2547 542 2602 teriis
584 2552 738 2600 erant
779 2540 1030 2604 oratoria,
1058 2553 1151 2593 seu
1201 2537 1408 2606 altaria,
1444 2539 1494 2591 in
1525 2538 1718 2606 quibus
1771 2538 1967 2594 liebant

389 2617 649 2669 stationes
674 2621 726 2666 et
751 2619 1050 2665 conventus
1077 2605 1503 2662 Christianorum
1545 2605 1812 2662 orationis
1842 2624 1967 2662 cau-

391 2701 473 2747 sa,
504 2693 560 2739 et
587 2685 762 2736 missae
788 2677 1215 2733 celebrabantur.
1233 2677 1513 2748 Anastas”
1536 2677 1587 2731 in
1613 2677 1836 2748 Gregor.
1863 2679 1927 2734 lll
1956 2698 1966 2731 :

388 2745 523 2806 Item
562 2755 616 2806 in
647 2748 929 2804 caemeterio
981 2756 1170 2801 sanctw
1217 2745 1549 2802 Pretronillaz
1591 2745 1974 2802 stationeman-

390 2839 543 2877 uuam
589 2822 702 2875 dari
750 2818 997 2873 instituit.
1049 2816 1184 2870 lliuc
1243 2825 1484 2885 tempore
1541 2817 1684 2871 Decii
1748 2819 1969 2873 vetitum

389 2891 709 2948 Christianis
737 2903 804 2944 ne
847 2891 897 2943 in
941 2887 1249 2942 cmmeteria
1281 2887 1473 2955 pedem
1509 2885 1789 2942 inferrent.
1830 2887 1978 2956 Pon-

390 2966 492 3018 tius
519 2962 800 3025 diaconus,
840 2960 892 3012 in
940 2957 1045 3012 Vit.
1076 2956 1347 3027 Cypriani,
1378 2957 1516 3026 apud
1548 2957 1786 3025 Surium,
1817 2958 1965 3027 Sept.

391 3035 459 3090 M
493 3053 504 3088 :
539 3032 903 3101 Prwceperunt
941 3029 1092 3101 etiam
1117 3043 1182 3101 ne
1206 3027 1259 3079 in
1286 3027 1539 3101 aliquibus
1563 3029 1686 3101 locis
1712 3030 1970 3101 Aconcilia-

2071 2479 2367 2547 praesentem
2414 2472 2580 2547 diem.
2621 2471 3045 2547 Consuetudinem
3086 2487 3202 2526 vero
3246 2472 3506 2539 Ecclesiic,
3541 2494 3655 2547 quis

2072 2542 2125 2594 in
2145 2542 2358 2610 singulis
2392 2543 2729 2596 voluminibus
2770 2558 2862 2611 per
2889 2547 3276 2613 unumquodque
3301 2546 3517 2613 ofﬁcium
3546 2542 3654 2601 erat

2077 2614 2288 2677 scripta,
2314 2612 2543 2677 abstulit,
2577 2623 2621 2665 et
2662 2615 2776 2680 igne
2819 2613 3093 2665 consumit.
3121 2612 3250 2677 Quae
3284 2612 3486 2670 scilicet
3528 2632 3650 2672 om-

2077 2683 2163 2803 };ia
2208 2691 2361 2734 erant
2389 2683 2456 2735 ab
2486 2681 2864 2737 archidiacono
2913 2682 3304 2738 Ravennatensi
3357 2688 3645 2742 custodita.

2121 2766 2360 2803 ENCINUS.

2096 2754 2360 2805 lnncmus.

2137 2820 2173 2860 -ιθ
2190 2825 2270 2873 Ad
2284 2819 2754 2892 sacrumPalatium
2769 2831 3111 2890 perrexerunt.
3133 2821 3352 2876 Sacrum
3374 2824 3650 2892 palatium,

2075 2890 2140 2944 ad
2188 2891 2330 2960 quod
2375 2907 2404 2945 e
2456 2891 2720 2945 Laterano
2767 2893 2934 2959 major
2977 2906 3101 2958 pars
3138 2891 3264 2945 cleri
3308 2903 3362 2946 et
3400 2890 3652 2960 primates

2076 2962 2346 3015 exercitus
2375 2970 2749 3030 perrexerunt,
2784 2970 2842 3012 ut
2869 2963 2936 3013 de
2961 2960 3338 3029 restinguendo
3362 2964 3651 3019 schisruate

2078 3032 2214 3084 inter
2243 3030 2583 3085 Theodorum
2606 3030 3126 3099 archipresbyterum
3151 3038 3207 3084 et
3231 3031 3540 3088 Paschalem
3561 3050 3650 3088 ar-

389 3088 510 3158 bula
537 3103 688 3172 ﬁant,
714 3088 806 3154 nec
845 3097 1127 3172 ccemeteria
1155 3088 1528 3172 ingrediantur.
1560 3097 1817 3172 Populum
1846 3099 1970 3172 Ale-
1998 3088 2039 3148 C
2074 3100 2441 3172 cllidiaconum
2461 3141 2478 3165 ,
2525 3088 2804 3172 consilium
2852 3088 3074 3172 inirent,
3097 3100 3255 3172 situm
3304 3111 3420 3156 erat
3461 3118 3566 3157 non
3596 3106 3648 3158 in

389 3166 709 3228 xandrinum
743 3184 814 3225 ne
858 3166 1281 3224 communicaret
1310 3181 1428 3222 cum
1475 3166 1706 3236 Georgio
1744 3169 1970 3236 pseudo.

386 3247 636 3314 episcopo
673 3240 953 3314 orationis
979 3251 1137 3294 causa
1179 3237 1231 3291 in
1261 3237 1636 3314 cgmeteriuui
1679 3240 1972 3314 secessisse

391 3307 868 3376 narrat'Socrates,
898 3309 1011 3382 lib.‘
1043 3323 1104 3382 tt,
1134 3321 1253 3382 cap.
1283 3307 1352 3360 25
1383 3325 1394 3359 :
1425 3316 1500 3382 Τῇ
1550 3307 1794 3382 ἕϐδομάδι
1837 3313 1970 3379 μιτά

386 3391 475 3444 τὴν
505 3384 650 3457 ἁγίαν
700 3378 1043 3457 πεντηέρστῂν
1077 3377 1260 3457 ὁλιοεές
1295 3377 1580 3457 vna-raucae
1617 3377 1781 3442 ἐξῆλθε
1829 3377 1974 3455 ἰταρά

387 3458 446 3511 τὸ
474 3446 799 3552 κοίμητᾌριον
828 3449 1083 3516 εὔξασθαι.
1111 3446 1446 3552 "ebdomade
1465 3450 1602 3530 enim
1621 3465 1733 3516 qua!
1759 3459 1830 3502 est
1861 3446 1972 3530 post

392 3535 618 3552 -η..ΑΙι-κι
704 3530 983 3552 ΛΜΙΔΡΛΩΙΔἎΩ
1049 3535 1184 3552 annos“
1216 3535 1273 3552 nn
1319 3534 1427 3552 ρυκι
1457 3529 1734 3552 ιοιυηηοςιη
1784 3533 1971 3552 Aonian-

389 3520 620 3578 sanctum
649 3520 1007 3586 I’entccosten,
1049 3520 1274 3589 populus
1317 3534 1428 3571 cum
1447 3520 1757 3589 jejunasset,
1782 3521 1972 3572 oratio-

389 3598 470 3648 nis
492 3610 672 3659 causa,
696 3607 956 3664 regressus
979 3587 1141 3664 estad
1161 3587 1516 3644 cmmetcriuin'.
1549 3587 1692 3643 Idem
1723 3589 1970 3645 Theodo-

391 3667 504 3731 rit.,
537 3664 630 3718 lib.
656 3679 718 3730 tt,
749 3660 872 3730 cap.
899 3660 984 3715 Η.
1016 3663 1363 3731 Amasenus.

410 3743 428 3794 ’,
470 3729 499 3773 σί
527 3729 834 3788 Pasclmleni
863 3730 1302 3784 arcltidiaconum.
1335 3729 1486 3795 Quod
1520 3729 1570 3782 in
1604 3729 1970 3796 superioribus

395 3805 540 3859 circa
573 3801 830 3857 Bonifacii
862 3800 929 3855 lll
976 3799 1322 3855 constitutum
1370 3801 1770 3864 annotavimus,
1799 3801 1889 3867 qui
1916 3801 1968 3854 in

391 3873 598 3944 synodo
644 3885 792 3925 usu
836 3871 1207 3944 episcoporum
1231 3868 1507 3944 delinierat
1536 3877 1589 3920 ut
1617 3869 1810 3933 nullus,
1843 3886 1974 3944 pons

393 3937 525 4006 tiﬁce
545 3942 735 3994 vivente
769 3948 856 3992 aut
877 3939 1110 4006 episcOpo
1145 3937 1363 4007 ciuitatis
1389 3952 1515 3997 sucu,
1541 3950 1813 4007 praesumat
1835 3937 1973 4007 loqui

393 4005 456 4067 de
484 4024 791 4072 successore,
811 4005 912 4061 aut
935 4017 1101 4075 partes
1129 4005 1224 4075 sibi
1249 4006 1444 4074 fite-ere,
1469 4005 1566 4056 nisi
1604 4007 1759 4075 tertio
1781 4006 1864 4059 die
1883 4005 1974 4059 de-

391 4081 659 4152 positionis
702 4079 836 4151 ejus,
867 4073 943 4132 id'
976 4074 1292 4152 luculentius
1345 4084 1572 4152 apparet
1601 4073 1652 4152 in
1711 4075 1974 4152 electione

395 4143 594 4222 Sergii,
628 4143 879 4222 ubi'ratio
906 4155 960 4200 et
990 4145 1283 4222 necessitas
1305 4143 1433 4222 editi
1456 4143 1726 4222 constituti
1749 4147 1814 4222 ad
1839 4161 1973 4222 pra:-

393 4212 629 4278 eavEnda
657 4219 795 4274 mala
825 4232 942 4286 qua:
959 4231 1026 4269 ex
1051 4213 1252 4286 ambitu
1279 4212 1683 4286 candidatorum
1726 4215 1974 4286 orieban-

399 4303 485 4345 tur
508 4301 692 4358 aperte
715 4283 1154 4358 deprehenditur.
1199 4283 1408 4358 Conon,
1437 4284 1721 4358 A‘naStasio
1761 4292 1896 4358 teste
1917 4283 1971 4338 in

397 4351 684 4431 ejusVita,
726 4351 822 4431 pro
875 4371 1021 4431 roga,
1065 4368 1158 4408 seu
1204 4354 1553 4431 presbyterio,
1605 4363 1662 4406 ut
1681 4351 1967 4431 _voeabant,

399 4423 612 4514 clericis
656 4423 962 4514 largiendo,—
989 4423 1343 4514 ceritam’auri
1387 4437 1648 4514 summam
1680 4423 1966 4492 legaverat,
2001 4456 2048 4514 ο

395 4503 618 4571 ejusque
645 4493 1003 4571 distributioni
1045 4495 1354 4571 plerumque
1397 4493 1800 4571 archidiaconus
1833 4509 1968 4561 pra:-

396 4563 545 4626 e'rat.'
566 4568 837 4626 Paschalis
869 4568 1028 4638 igitur
1061 4563 1496 4638 archidiaconus,
1525 4563 1743 4638 Conone
1763 4633 1771 4638 Α
1791 4578 1965 4638 aegro:

397 4653 564 4705 tante,
623 4653 810 4694 aurum
869 4633 994 4692 illud
1059 4634 1468 4703 haudquaquam
1505 4633 1820 4705 _disu'ihuii,
1875 4634 1968 4686 sed

397 4703 586 4766 .lnanni
616 4710 848 4766 esarcho
879 4706 1146 4776 promisit,
1171 4705 1328 4758 modo
1349 4719 1482 4776 eum
1502 4703 1556 4756 in
1596 4703 1855 4776 electione
1879 4705 1968 4776 ad-

393 4785 624 4855 juvaret.
658 4770 988 4855 llinc_orlum
1023 4770 1423 4855 schismaointer
1467 4773 1773 4855 l’ascltulem
1797 4775 1972 4855 archi-

397 4843 678 4908 itiacunum
705 4862 758 4904 et
780 4849 1117 4904 Theodorum
1136 4844 1674 4912 arcltipresbyterum.
1703 4845 1776 4896 De
1797 4843 1970 4896 archi-

401 4925 612 4978 diaconi
641 4923 955 4977 auctoritate
982 4917 1034 4971 in
1051 4917 1196 4970 clero
1217 4914 1475 4985 regundo,
1506 4913 1760 4966 videndus
1783 4913 1974 4985 Agitel-

399 4995 562 5044 tusin
589 4993 704 5044 Vita
737 4988 1002 5046 Theodori
1047 4983 1492 5040 liaventiatensis.
1525 4983 1877 5037 Narrat-enim
1904 4984 1973 5036 de

395 5076 606 5115 summa
630 5061 872 5114 frumenti
911 5060 1131 5114 caritate
1159 5071 1321 5126 agens
1369 5072 1380 5106 :
1435 5054 1562 5126 Cum
1599 5061 1778 5126 autem.
1805 5067 1975 5126 sacer-

399 5140 540 5184 ilotes
594 5146 694 5182 non
740 5131 1016 5181 invenirent
1053 5121 1466 5186 unde'enterent,
1496 5125 1663 5176 ierunt
1711 5121 1778 5173 ad
1824 5122 1972 5174 illum

395 5201 764 5267 supplicantes,
794 5206 853 5249 ut
883 5198 1130 5248 auxilium
1160 5193 1549 5267 tribuerclillt’s.
1573 5192 1671 5246 Ille
1698 5203 1973 5267 auPcntac-

397 5262 642 5325 i-ersitum
671 5268 1110 5326 al'i'llllllaCOlllltll,
1145 5267 1346 5318 nomine
1375 5264 1818 5318 Tlteodorwn.....
1841 5262 1972 5313 dixit

399 5345 466 5395 ad
489 5357 573 5395 eos
602 5356 618 5392 :
651 5338 815 5392 Dicite
836 5335 1174 5390 sacerdotibus
1201 5335 1456 5397 Ecclesiae,
1485 5345 1530 5387 et
1553 5338 1686 5387 clero
1707 5331 1938 5384 universo
1957 5345 1976 5382 :

407 5435 424 5461 ι
441 5413 612 5479 Quare
635 5424 722 5479 vos
739 5408 916 5476 inopia
937 5407 1080 5461 lastis
1097 5405 1386 5458 consumit?
1413 5405 1472 5458 Si
1505 5402 1975 5479 dimittitisontnem

399 5475 632 5552 quartam
679 5475 944 5552 Ecclesiarz,
977 5483 1256 5552 et_tantum
1304 5492 1391 5552 per
1446 5475 1853 5552 aitni_circulum
1883 5487 1976 5539 pro

402 5545 583 5619 quarta
609 5553 798 5604 donum
825 5546 1116 5619 accipiatis,
1145 5549 1421 5598 secundum
1449 5545 1817 5619 providentiam
1840 5556 1976 5619 pon-

399 5613 572 5687 t'i/icis,
600 5622 750 5674 modo
776 5617 1005 5672 relevabo
1020 5617 1244 5684 inopiam
1270 5626 1504 5669 uestram.
1521 5631 1539 5664 ι
1580 5613 1790 5687 Quidni
1814 5615 1976 5664 casti-

401 5681 528 5760 gati,
553 5681 873 5760 gravescente
902 5691 1054 5756 fame,
1084 5681 1462 5760 {emensa-unt,
1484 5694 1534 5760 et
1564 5681 1734 5734 abillo
1755 5691 1979 5760 tenipore

397 5752 576 5827 quarti
600 5776 634 5815 α
662 5759 856 5815 clericis
902 5752 1043 5813 illius
1089 5754 1328 5812 Ecclesiw
1381 5755 1579 5809 sublata
1620 5763 1689 5806 est
1732 5767 1888 5820 usque
1926 5752 1976 5803 in

2076 3171 2342 3236 Palatino,
2387 3171 2474 3225 ubi
2523 3169 2651 3224 olim
2694 3169 2962 3223 Ca‘sarum
2997 3170 3141 3224 aedes
3173 3170 3342 3236 l'uere,
3373 3173 3466 3226 sed
3510 3175 3649 3228 haud

2078 3241 2311 3308 procula
2335 3241 2494 3311 titulo
2520 3240 2688 3311 sancti
2716 3239 2853 3311 Sinti
2884 3240 2937 3292 in
2967 3252 3032 3311 eo
3062 3238 3292 3311 locogubi
3321 3242 3404 3311 via
3429 3243 3596 3311 Appia
3616 3261 3646 3298 a

2075 3311 2264 3364 Latina
2291 3310 2526 3364 divertit.
2557 3308 2852 3377 Peramplne
2882 3310 3079 3380 etenim
3112 3309 3255 3364 aedes
3301 3310 3408 3366 illic
3435 3308 3648 3380 conspi-

2075 3380 2354 3434 ciebantur
2375 3380 2532 3434 dicta:
2565 3394 2768 3432 sacrum
2794 3379 3074 3447 palatium,
3105 3387 3359 3444 erantque
3388 3383 3503 3435 usui
3535 3379 3649 3438 sive

2077 3449 2360 3518 pontiﬁcis,
2391 3451 2503 3504 sive
2531 3450 2891 3518 imperatoris,
2917 3450 2962 3502 si
3003 3450 3213 3516 quando
3249 3448 3430 3504 Romae
3452 3451 3642 3507 adesse

2075 3521 2428 3591 contingeret.
2456 3519 2600 3591 Intra
2647 3533 2854 3591 sacrum
2908 3518 3160 3586 palatium
3214 3522 3506 3574 oratorium
3563 3526 3647 3576 vel

2077 3587 2308 3645 ecclesia
2345 3591 2512 3643 sancti
2563 3587 2778 3642 Cmsarii
2823 3597 3125 3642 constructa
3166 3597 3302 3653 erat,
3348 3605 3503 3657 quam
3546 3592 3646 3646 sub

2075 3661 2291 3715 nomine
2332 3661 2466 3714 tituli
2511 3660 2677 3712 sancti
2714 3658 2928 3711 Cmsarii
2975 3658 3027 3712 in
3066 3659 3265 3712 Palatio
3315 3661 3642 3714 nobilitatam

2075 3732 2263 3797 luisse,
2293 3740 2404 3784 tum
2449 3730 2727 3796 complura
2766 3737 2971 3782 vetusta
3014 3728 3335 3781 monimenta
3364 3737 3642 3796 testantur,

2077 3808 2187 3855 tum
2212 3811 2326 3854 acta
2342 3813 2508 3854 sacra:
2525 3799 2712 3868 synodi
2729 3798 3075 3861 Tridentinis,
3094 3798 3287 3868 quibus
3308 3797 3642 3866 subscriptus

2079 3871 2267 3937 legitur
2291 3866 2707 3938 Christophorus
2738 3867 3024 3922 cardinalis
3043 3866 3341 3920 Madrucius
3364 3868 3641 3937 presbyter

2076 3940 2246 3992 sancti
2276 3939 2492 3993 Caesarii
2516 3943 2566 3992 in
2591 3938 2810 3992 Palatio.
2859 3939 2926 3991 At
2953 3951 2984 3991 e
3014 3951 3234 3990 numero
3263 3938 3531 3990 titulorum
3554 3953 3650 3991 ex-

2079 4009 2265 4073 punxit
2286 4010 2565 4061 ecclesiam
2601 4010 2733 4060 hanc
2761 4007 2943 4060 Sixtus
2975 4005 3040 4063 ν.
3081 4009 3242 4068 Quod,
3277 4004 3437 4054 nimia
3469 4012 3646 4059 vetus-

2077 4086 2183 4128 tate
2204 4075 2455 4139 collapsa,
2489 4073 2805 4139 penitusque
2845 4074 3116 4122 inaccessa
3145 4085 3236 4121 sua
3260 4080 3417 4125 aetate
3455 4074 3640 4127 eadem

2073 4142 2280 4196 erat.ln
2310 4136 2541 4194 veterem
2576 4147 2751 4209 tamen
2776 4136 3015 4209 formam
3039 4139 3176 4192 haud
3208 4149 3374 4194 multo
3401 4155 3536 4209 post,
3561 4159 3645 4198 se-

2074 4215 2238 4266 dente
2273 4211 2544 4265 Clemente
2591 4206 2700 4261 Vlll
2723 4249 2737 4275 ,
2770 4207 2867 4260 luit
2906 4207 3154 4278 excitata,
3185 4211 3272 4276 qui
3315 4206 3551 4278 insuper,
3585 4226 3644 4269 ut

2077 4285 2352 4351 pristinam
2384 4279 2689 4348 dignitatem
2718 4278 2958 4351 ecclesiis
2981 4277 3060 4351 illi
3078 4291 3274 4331 sartum
3302 4288 3494 4334 tectam
3520 4296 3643 4348 p05-

2078 4348 2273 4407 ieritati
2295 4353 2567 4413 retineret,
2593 4348 2834 4402 eamdem
2853 4348 3027 4401 denuo
3051 4348 3101 4400 in
3132 4351 3641 4405 numerotitulorum

2076 4422 2374 4489 descripsit.
2403 4420 2527 4473 Haec
2547 4417 2912 4489 animadverto
2935 4433 2998 4470 ex
3027 4417 3388 4474 eruditissimo
3416 4421 3644 4476 Baronio

2074 4494 2163 4560 (ad
2185 4488 2377 4560 annum
2404 4490 2528 4553 (503,
2553 4504 2693 4560 num.
2723 4488 2800 4560 2).
2835 4489 3074 4544 Manus.

2146 4572 2168 4599 ε
2197 4559 2264 4612 Ει
2290 4562 2563 4628 ingressus
2587 4558 2966 4610 denominatutn
2984 4557 3382 4628 _sanctissimum
3428 4557 3641 4611 electum

2078 4631 2322 4685 salutavit
2347 4625 2408 4682 ac
2424 4627 2682 4682 osculatus
2705 4637 2798 4678 est.
2819 4625 3098 4678 Theodoro
3112 4638 3163 4678 et
3178 4627 3412 4680 Paschali
3437 4631 3486 4680 in
3509 4643 3608 4680 con
3622 4657 3639 4668 -

2079 4717 2236 4756 cursu
2271 4702 2454 4754 electis
2475 4739 2490 4763 ,
2525 4698 2815 4765 Sergioque
2845 4695 3142 4765 schismatis
3191 4697 3426 4749 solvendi
3473 4711 3634 4751 causa

2075 4776 2271 4836 electo,
2291 4768 2598 4824 Theodorus
2621 4764 2756 4820 unus
2778 4779 2809 4819 e
2829 4764 3032 4818 duobus
3055 4764 3107 4836 in
3138 4765 3425 4821 schismate
3458 4768 3645 4826 electis

2075 4841 2139 4893 ad
2186 4834 2427 4908 Sergium
2473 4836 2836 4912 accessitper
2871 4834 3230 4912 adorationetn
3274 4838 3639 4912 et_osculutn_.

2078 4903 2388 4964 Cardinales
2417 4917 2470 4961 et
2496 4903 2751 4972 episcopi
2775 4905 3122 4960 admittuntur
3151 4909 3299 4973 quasi
3345 4903 3536 4962 l'ratre's
3571 4903 3634 4961 ad

2077 4981 2339 5034 osculum.
2374 4976 2568 5031 summi
2595 4974 2873 5042 pontiﬁcis,
2900 4976 3008 5042 imo
3027 4988 3078 5028 et
3101 4977 3198 5042 ipsi
3215 4977 3433 5032 abbates
3449 4990 3635 5032 exem-

2078 5052 2151 5118 pti
2167 5048 2319 5118 (Cap.
2349 5045 2476 5100 Cum
2496 5041 2639 5118 olim,
2664 5041 3040 5118 de‘_P_r:'.uileg.)_.
3062 5041 3307 5114 Episcopi
3335 5049 3490 5118 etiam
3521 5057 3641 5118 pro-

2077 5112 2196 5188 pter
2248 5112 2596 5188 reverentiam
2642 5112 2844 5188 ordinis
2870 5112 3352 5188 _a_dtn_ittuntur_ad
3400 5113 3636 5188 osculum

2079 5181 2352 5257 principis.
2385 5185 2656 5257 Ambros,
2687 5184 2843 5257 epist.
2865 5183 2957 5257 27,
2985 5183 3056 5238 de
3084 5184 3342 5257 legatione
3367 5182 3453 5257 _ad_
3475 5181 3640 5235 Maxi-

2078 5251 2221 5313 mum
2250 5251 2554 5327 Tyrannum
2575 5254 2807 5307 Treviris
2829 5253 3102 5327 sedentem
3129 5251 3159 5308 ε’
3174 5252 3269 5306 Ubi
3287 5251 3416 5327 sedit
3437 5253 3642 5327 in_con-

2077 5321 2312 5394 sistorio;
2329 5330 2580 5394 ingressus
2609 5338 2756 5394 sum,_
2789 5326 3065 5379 assurrexit
3111 5333 3188 5394 ul‘
3209 5321 3440 5394 osculum
3477 5322 3643 5394 daret.

2083 5399 2249 5452 llilar.
2280 5387 2503 5459 i’ict'avq
2526 5402 2708 5449 contra
2720 5392 3086 5448 Constantium
3107 5409 3120 5444 :
3146 5387 3335 5444 Oscula
3357 5391 3642 5446 sacerdotes

2078 5469 2290 5534 excipis,
2310 5479 2409 5535 quo
2437 5475 2485 5518 et
2507 5463 2738 5535 Christus
2770 5464 3003 5535 proditus
3030 5473 3117 5517 est.
3146 5460 3307 5535 Laici
3336 5462 3387 5515 in
3431 5462 3642 5535 ordina-

2082 5529 2225 5592 tione
2256 5529 2412 5593 nom.
2444 5531 2709 5603 pontiﬁce
2729 5529 3036 5590 osculantur
3062 5534 3239 5603 pedes.
3288 5534 3554 5603 Acestam,
3584 5529 3637 5580 in

2087 5608 2365 5662 Valentino
2397 5622 2410 5656 :
2445 5600 2526 5657 ’Ac
2569 5605 2751 5658 deinde
2790 5605 3049 5674 condignis
3088 5601 3265 5669 gloria:
3296 5600 3555 5674 laudibus
3594 5609 3639 5651 et

2084 5677 2291 5732 honoris
2324 5675 2660 5744 amplitudine
2697 5676 2764 5727 ad
2802 5670 3135 5727 Lateianense
3173 5670 3543 5744 patriarchium
3568 5674 3640 5744 ab

2085 5750 2208 5819 ipsis
2234 5739 2502 5816 deductus,
2528 5755 2571 5799 ct
2593 5746 2643 5797 in
2672 5744 2954 5813 pontiﬁcali
2975 5751 3044 5795 est
3067 5739 3256 5811 positus
3273 5739 3474 5805 throno,
3493 5740 3641 5811 cujus

3491 5899 3643 6006 (ἔτι

3605 6029 3745 6111 ’ἃς
