  <div class='ocr_page' id='page_1' title='image "/cluster/home/n/w/nwhite01/storage/ocr_20150623/89/hvd.32044054758925/012.png"; bbox 0 0 4068 6182; ppageno 0'>
   <div class='ocr_carea' id='block_1_1' title="bbox 458 244 3717 351">
    <p class='ocr_par' dir='ltr' id='par_1_1' title="bbox 458 244 3717 351">
     <span class='ocr_line' id='line_1_1' title="bbox 458 244 3717 351; baseline 0.004 -13"><span class='ocrx_word' id='word_1_1' title='bbox 458 278 533 338; x_wconf 75' lang='lat' dir='ltr'><strong>ts</strong></span> <span class='ocrx_word' id='word_1_2' title='bbox 1390 281 1660 339; x_wconf 72' lang='lat' dir='ltr'><strong>norma</strong></span> <span class='ocrx_word' id='word_1_3' title='bbox 1700 283 2063 343; x_wconf 68' lang='lat' dir='ltr'><strong>msromca</strong></span> <span class='ocrx_word' id='word_1_4' title='bbox 2104 283 2171 339; x_wconf 78' lang='lat' dir='ltr'><strong>IN</strong></span> <span class='ocrx_word' id='word_1_5' title='bbox 2208 283 2510 342; x_wconf 81' lang='lat' dir='ltr'><strong>SERGIUM</strong></span> <span class='ocrx_word' id='word_1_6' title='bbox 2550 288 2802 344; x_wconf 67' lang='lat' dir='ltr'><strong>paean.</strong></span> <span class='ocrx_word' id='word_1_7' title='bbox 3652 301 3717 351; x_wconf 73' lang='grc' dir='ltr'>η</span> 
     </span>
    </p>
   </div>
   <div class='ocr_carea' id='block_1_2' title="bbox 460 392 3715 478">
    <p class='ocr_par' dir='ltr' id='par_1_2' title="bbox 460 392 3715 478">
     <span class='ocr_line' id='line_1_2' title="bbox 460 392 3715 478; baseline 0.004 -28"><span class='ocrx_word' id='word_1_8' title='bbox 460 395 737 461; x_wconf 80' lang='lat' dir='ltr'><strong>confusus,</strong></span> <span class='ocrx_word' id='word_1_9' title='bbox 771 393 951 447; x_wconf 76' lang='lat' dir='ltr'><strong>volens</strong></span> <span class='ocrx_word' id='word_1_10' title='bbox 988 392 1198 457; x_wconf 91' lang='lat' dir='ltr'><strong>nolens,</strong></span> <span class='ocrx_word' id='word_1_11' title='bbox 1231 408 1384 451; x_wconf 89' lang='lat' dir='ltr'><strong>suum</strong></span> <span class='ocrx_word' id='word_1_12' title='bbox 1431 396 1700 450; x_wconf 91' lang='lat' dir='ltr'><strong>dominum</strong></span> <span class='ocrx_word' id='word_1_13' title='bbox 1730 404 1784 451; x_wconf 93' lang='lat' dir='ltr'><strong>et</strong></span> <span class='ocrx_word' id='word_1_14' title='bbox 1808 396 2033 450; x_wconf 90' lang='lat' dir='ltr'><strong>electum</strong></span> <span class='ocrx_word' id='word_1_15' title='bbox 2062 397 2109 453; x_wconf 79' lang='grc' dir='ltr'>Α</span> <span class='ocrx_word' id='word_1_16' title='bbox 2139 394 2156 427; x_wconf 88' lang='grc'>¹</span> <span class='ocrx_word' id='word_1_17' title='bbox 2181 398 2319 467; x_wconf 90' lang='lat' dir='ltr'><strong>quod</strong></span> <span class='ocrx_word' id='word_1_18' title='bbox 2351 398 2419 453; x_wconf 87' lang='lat' dir='ltr'><strong>ab</strong></span> <span class='ocrx_word' id='word_1_19' title='bbox 2443 399 2628 455; x_wconf 86' lang='lat' dir='ltr'><strong>eodem</strong></span> <span class='ocrx_word' id='word_1_20' title='bbox 2653 400 2895 455; x_wconf 86' lang='lat' dir='ltr'><strong>Paschali</strong></span> <span class='ocrx_word' id='word_1_21' title='bbox 2945 404 3306 473; x_wconf 88' lang='lat' dir='ltr'><strong>suprascripto</strong></span> <span class='ocrx_word' id='word_1_22' title='bbox 3330 406 3559 462; x_wconf 88' lang='lat' dir='ltr'><strong>exareho</strong></span> <span class='ocrx_word' id='word_1_23' title='bbox 3588 424 3715 478; x_wconf 86' lang='lat' dir='ltr'><strong>pro-</strong></span> 
     </span>
    </p>
   </div>
   <div class='ocr_carea' id='block_1_3' title="bbox 466 484 2037 555">
    <p class='ocr_par' dir='ltr' id='par_1_3' title="bbox 466 484 2037 555">
     <span class='ocr_line' id='line_1_3' title="bbox 466 484 2037 555; baseline 0.002 -16"><span class='ocrx_word' id='word_1_24' title='bbox 466 488 738 555; x_wconf 85' lang='lat' dir='ltr'><strong>ingressus</strong></span> <span class='ocrx_word' id='word_1_25' title='bbox 782 485 1058 538; x_wconf 87' lang='lat' dir='ltr'><strong>salutaret.</strong></span> <span class='ocrx_word' id='word_1_26' title='bbox 1111 484 1211 550; x_wconf 83' lang='lat' dir='ltr'><strong>Qui</strong></span> <span class='ocrx_word' id='word_1_27' title='bbox 1260 488 1418 541; x_wconf 87' lang='lat' dir='ltr'><strong>etiam</strong></span> <span class='ocrx_word' id='word_1_28' title='bbox 1466 486 1737 540; x_wconf 83' lang='lat' dir='ltr'><strong>Paschalis</strong></span> <span class='ocrx_word' id='word_1_29' title='bbox 1797 487 2037 542; x_wconf 83' lang='lat' dir='ltr'><strong>clanculo</strong></span> 
     </span>
    </p>
   </div>
   <div class='ocr_carea' id='block_1_4' title="bbox 460 573 2038 645">
    <p class='ocr_par' dir='ltr' id='par_1_4' title="bbox 460 573 2038 645">
     <span class='ocr_line' id='line_1_4' title="bbox 460 573 2038 645; baseline 0 -14"><span class='ocrx_word' id='word_1_30' title='bbox 460 588 566 631; x_wconf 89' lang='lat' dir='ltr'><strong>non</strong></span> <span class='ocrx_word' id='word_1_31' title='bbox 589 574 821 629; x_wconf 78' lang='lat' dir='ltr'><strong>cessavit</strong></span> <span class='ocrx_word' id='word_1_32' title='bbox 843 573 1165 629; x_wconf 81' lang='lat' dir='ltr'><strong>Ravennam</strong></span> <span class='ocrx_word' id='word_1_33' title='bbox 1187 589 1316 629; x_wconf 89' lang='lat' dir='ltr'><strong>suos</strong></span> <span class='ocrx_word' id='word_1_34' title='bbox 1341 576 1550 630; x_wconf 90' lang='lat' dir='ltr'><strong>mittere</strong></span> <span class='ocrx_word' id='word_1_35' title='bbox 1574 576 1786 643; x_wconf 86' lang='lat' dir='ltr'><strong>missos,</strong></span> <span class='ocrx_word' id='word_1_36' title='bbox 1815 580 2038 645; x_wconf 87' lang='lat' dir='ltr'><strong>promis-</strong></span> 
     </span>
    </p>
   </div>
   <div class='ocr_carea' id='block_1_5' title="bbox 456 664 2038 737">
    <p class='ocr_par' dir='ltr' id='par_1_5' title="bbox 456 664 2038 737">
     <span class='ocr_line' id='line_1_5' title="bbox 456 664 2038 737; baseline 0 -15"><span class='ocrx_word' id='word_1_37' title='bbox 456 680 622 736; x_wconf 85' lang='lat' dir='ltr'><strong>saque</strong></span> <span class='ocrx_word' id='word_1_38' title='bbox 651 665 875 735; x_wconf 88' lang='lat' dir='ltr'><strong>pecunia</strong></span> <span class='ocrx_word' id='word_1_39' title='bbox 893 664 975 719; x_wconf 92' lang='lat' dir='ltr'><strong>vel</strong></span> <span class='ocrx_word' id='word_1_40' title='bbox 1006 665 1125 719; x_wconf 89' lang='lat' dir='ltr'><strong>aliis</strong></span> <span class='ocrx_word' id='word_1_41' title='bbox 1143 666 1365 720; x_wconf 84' lang='lat' dir='ltr'><strong>diversis</strong></span> <span class='ocrx_word' id='word_1_42' title='bbox 1392 666 1567 732; x_wconf 90' lang='lat' dir='ltr'><strong>donis,</strong></span> <span class='ocrx_word' id='word_1_43' title='bbox 1589 666 1849 723; x_wconf 83' lang='lat' dir='ltr'><strong>Joannem</strong></span> <span class='ocrx_word' id='word_1_44' title='bbox 1875 668 2038 737; x_wconf 86' lang='lat' dir='ltr'><strong>patri-</strong></span> 
     </span>
    </p>
   </div>
   <div class='ocr_carea' id='block_1_6' title="bbox 460 756 2039 830">
    <p class='ocr_par' dir='ltr' id='par_1_6' title="bbox 460 756 2039 830">
     <span class='ocr_line' id='line_1_6' title="bbox 460 756 2039 830; baseline 0.001 -17"><span class='ocrx_word' id='word_1_45' title='bbox 460 757 622 820; x_wconf 88' lang='lat' dir='ltr'><strong>cium,</strong></span> <span class='ocrx_word' id='word_1_46' title='bbox 652 766 707 812; x_wconf 90' lang='lat' dir='ltr'><strong>et</strong></span> <span class='ocrx_word' id='word_1_47' title='bbox 756 756 1075 819; x_wconf 80' lang='lat' dir='ltr'><strong>exarehnm.</strong></span> <span class='ocrx_word' id='word_1_48' title='bbox 1126 766 1477 825; x_wconf 84' lang='lat' dir='ltr'><strong>cognomento</strong></span> <span class='ocrx_word' id='word_1_49' title='bbox 1509 758 1717 830; x_wconf 81' lang='lat' dir='ltr'><strong>Platyn,</strong></span> <span class='ocrx_word' id='word_1_50' title='bbox 1760 774 1879 814; x_wconf 92' lang='lat' dir='ltr'><strong>cum</strong></span> <span class='ocrx_word' id='word_1_51' title='bbox 1929 762 2039 816; x_wconf 90' lang='lat' dir='ltr'><strong>suis</strong></span> 
     </span>
    </p>
   </div>
   <div class='ocr_carea' id='block_1_7' title="bbox 453 843 2035 918">
    <p class='ocr_par' dir='ltr' id='par_1_7' title="bbox 453 843 2035 918">
     <span class='ocr_line' id='line_1_7' title="bbox 453 843 2035 918; baseline 0 -17"><span class='ocrx_word' id='word_1_52' title='bbox 453 847 745 916; x_wconf 83' lang='lat' dir='ltr'><strong>judiclbus,</strong></span> <span class='ocrx_word' id='word_1_53' title='bbox 779 847 994 900; x_wconf 90' lang='lat' dir='ltr'><strong>nemine</strong></span> <span class='ocrx_word' id='word_1_54' title='bbox 1017 846 1217 901; x_wconf 91' lang='lat' dir='ltr'><strong>sciente</strong></span> <span class='ocrx_word' id='word_1_55' title='bbox 1238 843 1461 901; x_wconf 79' lang='lat' dir='ltr'><strong>Romam</strong></span> <span class='ocrx_word' id='word_1_56' title='bbox 1494 848 1675 903; x_wconf 89' lang='lat' dir='ltr'><strong>venire</strong></span> <span class='ocrx_word' id='word_1_57' title='bbox 1692 849 2035 918; x_wconf 81' lang='lat' dir='ltr'><strong>persuadere.</strong></span> 
     </span>
    </p>
   </div>
   <div class='ocr_carea' id='block_1_8' title="bbox 455 938 2038 1008">
    <p class='ocr_par' dir='ltr' id='par_1_8' title="bbox 455 938 2038 1008">
     <span class='ocr_line' id='line_1_8' title="bbox 455 938 2038 1008; baseline 0 -14"><span class='ocrx_word' id='word_1_58' title='bbox 455 940 556 1008; x_wconf 84' lang='lat' dir='ltr'><strong>Qui</strong></span> <span class='ocrx_word' id='word_1_59' title='bbox 587 940 667 995; x_wconf 88' lang='lat' dir='ltr'><strong>sic</strong></span> <span class='ocrx_word' id='word_1_60' title='bbox 697 938 880 993; x_wconf 90' lang='lat' dir='ltr'><strong>abdite</strong></span> <span class='ocrx_word' id='word_1_61' title='bbox 910 939 1076 1003; x_wconf 89' lang='lat' dir='ltr'><strong>venit,</strong></span> <span class='ocrx_word' id='word_1_62' title='bbox 1110 946 1169 991; x_wconf 86' lang='lat' dir='ltr'><strong>ut</strong></span> <span class='ocrx_word' id='word_1_63' title='bbox 1213 952 1313 992; x_wconf 94' lang='lat' dir='ltr'><strong>nec</strong></span> <span class='ocrx_word' id='word_1_64' title='bbox 1359 939 1532 1007; x_wconf 88' lang='lat' dir='ltr'><strong>signa,</strong></span> <span class='ocrx_word' id='word_1_65' title='bbox 1561 955 1659 995; x_wconf 91' lang='lat' dir='ltr'><strong>nec</strong></span> <span class='ocrx_word' id='word_1_66' title='bbox 1703 940 1871 995; x_wconf 86' lang='lat' dir='ltr'><strong>banda</strong></span> <span class='ocrx_word' id='word_1_67' title='bbox 1917 956 2038 995; x_wconf 85' lang='lat' dir='ltr'><strong>eum</strong></span> 
     </span>
    </p>
   </div>
   <div class='ocr_carea' id='block_1_9' title="bbox 456 1029 2041 1100">
    <p class='ocr_par' dir='ltr' id='par_1_9' title="bbox 456 1029 2041 1100">
     <span class='ocr_line' id='line_1_9' title="bbox 456 1029 2041 1100; baseline 0 -15"><span class='ocrx_word' id='word_1_68' title='bbox 456 1030 646 1085; x_wconf 88' lang='lat' dir='ltr'><strong>militia</strong></span> <span class='ocrx_word' id='word_1_69' title='bbox 676 1029 907 1083; x_wconf 78' lang='lat' dir='ltr'><strong>Romani</strong></span> <span class='ocrx_word' id='word_1_70' title='bbox 952 1030 1220 1082; x_wconf 89' lang='lat' dir='ltr'><strong>exercitus</strong></span> <span class='ocrx_word' id='word_1_71' title='bbox 1249 1031 1611 1085; x_wconf 83' lang='lat' dir='ltr'><strong>occurrissent</strong></span> <span class='ocrx_word' id='word_1_72' title='bbox 1642 1032 1689 1087; x_wconf 89' lang='lat' dir='ltr'><strong>ei</strong></span> <span class='ocrx_word' id='word_1_73' title='bbox 1713 1031 1869 1100; x_wconf 88' lang='lat' dir='ltr'><strong>juxta</strong></span> <span class='ocrx_word' id='word_1_74' title='bbox 1912 1047 2041 1086; x_wconf 90' lang='lat' dir='ltr'><strong>con-</strong></span> 
     </span>
    </p>
   </div>
   <div class='ocr_carea' id='block_1_10' title="bbox 457 1121 2039 1194">
    <p class='ocr_par' dir='ltr' id='par_1_10' title="bbox 457 1121 2039 1194">
     <span class='ocr_line' id='line_1_10' title="bbox 457 1121 2039 1194; baseline 0.004 -20"><span class='ocrx_word' id='word_1_75' title='bbox 457 1122 791 1176; x_wconf 76' lang='lat' dir='ltr'><strong>suetudinem</strong></span> <span class='ocrx_word' id='word_1_76' title='bbox 841 1121 895 1174; x_wconf 92' lang='lat' dir='ltr'><strong>in</strong></span> <span class='ocrx_word' id='word_1_77' title='bbox 942 1122 1266 1189; x_wconf 86' lang='lat' dir='ltr'><strong>competenti</strong></span> <span class='ocrx_word' id='word_1_78' title='bbox 1319 1121 1457 1187; x_wconf 91' lang='lat' dir='ltr'><strong>loco,</strong></span> <span class='ocrx_word' id='word_1_79' title='bbox 1517 1123 1619 1177; x_wconf 90' lang='lat' dir='ltr'><strong>nisi</strong></span> <span class='ocrx_word' id='word_1_80' title='bbox 1660 1139 1688 1177; x_wconf 93' lang='lat' dir='ltr'><strong>a</strong></span> <span class='ocrx_word' id='word_1_81' title='bbox 1740 1125 2039 1194; x_wconf 85' lang='lat' dir='ltr'><strong>propinquo</strong></span> 
     </span>
    </p>
   </div>
   <div class='ocr_carea' id='block_1_11' title="bbox 462 1208 2037 1277">
    <p class='ocr_par' dir='ltr' id='par_1_11' title="bbox 462 1208 2037 1277">
     <span class='ocr_line' id='line_1_11' title="bbox 462 1208 2037 1277; baseline 0.001 -12"><span class='ocrx_word' id='word_1_82' title='bbox 462 1212 713 1266; x_wconf 71' lang='lat' dir='ltr'><strong>Romanae</strong></span> <span class='ocrx_word' id='word_1_83' title='bbox 761 1210 1022 1266; x_wconf 80' lang='lat' dir='ltr'><strong>civitatis.</strong></span> <span class='ocrx_word' id='word_1_84' title='bbox 1064 1208 1163 1277; x_wconf 88' lang='lat' dir='ltr'><strong>Qui</strong></span> <span class='ocrx_word' id='word_1_85' title='bbox 1202 1211 1327 1265; x_wconf 90' lang='lat' dir='ltr'><strong>dum</strong></span> <span class='ocrx_word' id='word_1_86' title='bbox 1378 1211 1631 1277; x_wconf 74' lang='lat' dir='ltr'><strong>venisset,</strong></span> <span class='ocrx_word' id='word_1_87' title='bbox 1662 1223 1715 1268; x_wconf 90' lang='lat' dir='ltr'><strong>et</strong></span> <span class='ocrx_word' id='word_1_88' title='bbox 1764 1228 1950 1268; x_wconf 90' lang='lat' dir='ltr'><strong>omnes</strong></span> <span class='ocrx_word' id='word_1_89' title='bbox 1986 1216 2037 1267; x_wconf 93' lang='lat' dir='ltr'><strong>in</strong></span> 
     </span>
    </p>
   </div>
   <div class='ocr_carea' id='block_1_12' title="bbox 461 1302 2036 1371">
    <p class='ocr_par' dir='ltr' id='par_1_12' title="bbox 461 1302 2036 1371">
     <span class='ocr_line' id='line_1_12' title="bbox 461 1302 2036 1371; baseline -0.001 -13"><span class='ocrx_word' id='word_1_90' title='bbox 461 1318 743 1371; x_wconf 84' lang='lat' dir='ltr'><strong>personam</strong></span> <span class='ocrx_word' id='word_1_91' title='bbox 774 1302 947 1371; x_wconf 78' lang='lat' dir='ltr'><strong>Sergii</strong></span> <span class='ocrx_word' id='word_1_92' title='bbox 993 1303 1318 1357; x_wconf 73' lang='lat' dir='ltr'><strong>sanctissimi</strong></span> <span class='ocrx_word' id='word_1_93' title='bbox 1350 1303 1638 1357; x_wconf 84' lang='lat' dir='ltr'><strong>invenisset</strong></span> <span class='ocrx_word' id='word_1_94' title='bbox 1683 1305 2036 1367; x_wconf 88' lang='lat' dir='ltr'><strong>consensisse,</strong></span> 
     </span>
    </p>
   </div>
   <div class='ocr_carea' id='block_1_13' title="bbox 457 1390 2038 1465">
    <p class='ocr_par' dir='ltr' id='par_1_13' title="bbox 457 1390 2038 1465">
     <span class='ocr_line' id='line_1_13' title="bbox 457 1390 2038 1465; baseline -0.001 -14"><span class='ocrx_word' id='word_1_95' title='bbox 457 1396 529 1451; x_wconf 86' lang='lat' dir='ltr'><strong>illi</strong></span> <span class='ocrx_word' id='word_1_96' title='bbox 574 1396 786 1465; x_wconf 79' lang='lat' dir='ltr'><strong>quidem</strong></span> <span class='ocrx_word' id='word_1_97' title='bbox 839 1390 1118 1463; x_wconf 71' lang='lat' dir='ltr'><strong>snﬂ‘ragari</strong></span> <span class='ocrx_word' id='word_1_98' title='bbox 1164 1410 1267 1448; x_wconf 82' lang='lat' dir='ltr'><strong>non</strong></span> <span class='ocrx_word' id='word_1_99' title='bbox 1324 1394 1508 1448; x_wconf 86' lang='lat' dir='ltr'><strong>valuit.</strong></span> <span class='ocrx_word' id='word_1_100' title='bbox 1569 1396 1819 1449; x_wconf 66' lang='lat' dir='ltr'><strong>Ecclesiae</strong></span> <span class='ocrx_word' id='word_1_101' title='bbox 1864 1408 2038 1450; x_wconf 91' lang='lat' dir='ltr'><strong>tamen</strong></span> 
     </span>
    </p>
   </div>
   <div class='ocr_carea' id='block_1_14' title="bbox 464 1483 2041 1553">
    <p class='ocr_par' dir='ltr' id='par_1_14' title="bbox 464 1483 2041 1553">
     <span class='ocr_line' id='line_1_14' title="bbox 464 1483 2041 1553; baseline -0.002 -12"><span class='ocrx_word' id='word_1_102' title='bbox 464 1486 607 1541; x_wconf 86' lang='lat' dir='ltr'><strong>beati</strong></span> <span class='ocrx_word' id='word_1_103' title='bbox 637 1485 774 1540; x_wconf 89' lang='lat' dir='ltr'><strong>Petri</strong></span> <span class='ocrx_word' id='word_1_104' title='bbox 816 1484 1040 1553; x_wconf 87' lang='lat' dir='ltr'><strong>apostoli</strong></span> <span class='ocrx_word' id='word_1_105' title='bbox 1082 1483 1221 1538; x_wconf 87' lang='lat' dir='ltr'><strong>idem</strong></span> <span class='ocrx_word' id='word_1_106' title='bbox 1245 1486 1510 1538; x_wconf 82' lang='lat' dir='ltr'><strong>exarchus</strong></span> <span class='ocrx_word' id='word_1_107' title='bbox 1542 1498 1636 1553; x_wconf 86' lang='lat' dir='ltr'><strong>per</strong></span> <span class='ocrx_word' id='word_1_108' title='bbox 1673 1484 1908 1553; x_wconf 82' lang='lat' dir='ltr'><strong>ejusdem</strong></span> <span class='ocrx_word' id='word_1_109' title='bbox 1933 1486 2041 1538; x_wconf 82' lang='lat' dir='ltr'><strong>Pa-</strong></span> 
     </span>
    </p>
   </div>
   <div class='ocr_carea' id='block_1_15' title="bbox 2141 489 3714 569">
    <p class='ocr_par' dir='ltr' id='par_1_15' title="bbox 2141 489 3714 569">
     <span class='ocr_line' id='line_1_15' title="bbox 2141 489 3714 569; baseline 0.008 -27"><span class='ocrx_word' id='word_1_110' title='bbox 2141 489 2359 543; x_wconf 89' lang='lat' dir='ltr'><strong>missum</strong></span> <span class='ocrx_word' id='word_1_111' title='bbox 2391 490 2581 555; x_wconf 82' lang='lat' dir='ltr'><strong>fuerat,</strong></span> <span class='ocrx_word' id='word_1_112' title='bbox 2615 491 2664 544; x_wconf 91' lang='lat' dir='ltr'><strong>id</strong></span> <span class='ocrx_word' id='word_1_113' title='bbox 2697 500 2799 559; x_wconf 88' lang='lat' dir='ltr'><strong>est,</strong></span> <span class='ocrx_word' id='word_1_114' title='bbox 2831 502 3044 548; x_wconf 85' lang='lat' dir='ltr'><strong>centum</strong></span> <span class='ocrx_word' id='word_1_115' title='bbox 3071 495 3185 548; x_wconf 88' lang='lat' dir='ltr'><strong>auri</strong></span> <span class='ocrx_word' id='word_1_116' title='bbox 3229 494 3478 552; x_wconf 90' lang='lat' dir='ltr'><strong>librarum</strong></span> <span class='ocrx_word' id='word_1_117' title='bbox 3505 514 3533 552; x_wconf 93' lang='lat' dir='ltr'><strong>a</strong></span> <span class='ocrx_word' id='word_1_118' title='bbox 3566 511 3714 569; x_wconf 85' lang='lat' dir='ltr'><strong>parte</strong></span> 
     </span>
    </p>
   </div>
   <div class='ocr_carea' id='block_1_16' title="bbox 2144 581 3719 660">
    <p class='ocr_par' dir='ltr' id='par_1_16' title="bbox 2144 581 3719 660">
     <span class='ocr_line' id='line_1_16' title="bbox 2144 581 3719 660; baseline 0.008 -25"><span class='ocrx_word' id='word_1_119' title='bbox 2144 581 2393 635; x_wconf 85' lang='lat' dir='ltr'><strong>Ecclesiae</strong></span> <span class='ocrx_word' id='word_1_120' title='bbox 2440 591 2736 651; x_wconf 78' lang='lat' dir='ltr'><strong>expetente,</strong></span> <span class='ocrx_word' id='word_1_121' title='bbox 2772 586 2959 655; x_wconf 87' lang='lat' dir='ltr'><strong>Sergio</strong></span> <span class='ocrx_word' id='word_1_122' title='bbox 2999 587 3336 643; x_wconf 89' lang='lat' dir='ltr'><strong>sanctissimo</strong></span> <span class='ocrx_word' id='word_1_123' title='bbox 3375 590 3549 646; x_wconf 91' lang='lat' dir='ltr'><strong>electo</strong></span> <span class='ocrx_word' id='word_1_124' title='bbox 3597 609 3719 660; x_wconf 82' lang='lat' dir='ltr'><strong>pro-</strong></span> 
     </span>
    </p>
   </div>
   <div class='ocr_carea' id='block_1_17' title="bbox 2142 672 3716 751">
    <p class='ocr_par' dir='ltr' id='par_1_17' title="bbox 2142 672 3716 751">
     <span class='ocr_line' id='line_1_17' title="bbox 2142 672 3716 751; baseline 0.008 -24"><span class='ocrx_word' id='word_1_125' title='bbox 2142 672 2423 739; x_wconf 88' lang='lat' dir='ltr'><strong>clamante,</strong></span> <span class='ocrx_word' id='word_1_126' title='bbox 2457 674 2594 742; x_wconf 90' lang='lat' dir='ltr'><strong>quod</strong></span> <span class='ocrx_word' id='word_1_127' title='bbox 2629 688 2798 743; x_wconf 81' lang='lat' dir='ltr'><strong>neque</strong></span> <span class='ocrx_word' id='word_1_128' title='bbox 2820 676 3152 745; x_wconf 87' lang='lat' dir='ltr'><strong>promisisset</strong></span> <span class='ocrx_word' id='word_1_129' title='bbox 3199 677 3346 746; x_wconf 91' lang='lat' dir='ltr'><strong>dare,</strong></span> <span class='ocrx_word' id='word_1_130' title='bbox 3377 695 3549 751; x_wconf 88' lang='lat' dir='ltr'><strong>neque</strong></span> <span class='ocrx_word' id='word_1_131' title='bbox 3597 698 3716 751; x_wconf 91' lang='lat' dir='ltr'><strong>pos-</strong></span> 
     </span>
    </p>
   </div>
   <div class='ocr_carea' id='block_1_18' title="bbox 2143 763 3716 839">
    <p class='ocr_par' dir='ltr' id='par_1_18' title="bbox 2143 763 3716 839">
     <span class='ocr_line' id='line_1_18' title="bbox 2143 763 3716 839; baseline 0.008 -22"><span class='ocrx_word' id='word_1_132' title='bbox 2143 763 2369 818; x_wconf 82' lang='lat' dir='ltr'><strong>sibilitas</strong></span> <span class='ocrx_word' id='word_1_133' title='bbox 2406 764 2565 817; x_wconf 90' lang='lat' dir='ltr'><strong>dandi</strong></span> <span class='ocrx_word' id='word_1_134' title='bbox 2617 774 2882 834; x_wconf 85' lang='lat' dir='ltr'><strong>suppetat,</strong></span> <span class='ocrx_word' id='word_1_135' title='bbox 2932 773 2983 821; x_wconf 93' lang='lat' dir='ltr'><strong>et</strong></span> <span class='ocrx_word' id='word_1_136' title='bbox 3031 777 3086 820; x_wconf 93' lang='lat' dir='ltr'><strong>ut</strong></span> <span class='ocrx_word' id='word_1_137' title='bbox 3137 767 3201 821; x_wconf 93' lang='lat' dir='ltr'><strong>ad</strong></span> <span class='ocrx_word' id='word_1_138' title='bbox 3251 772 3716 839; x_wconf 87' lang='lat' dir='ltr'><strong>compunctiunem</strong></span> 
     </span>
    </p>
   </div>
   <div class='ocr_carea' id='block_1_19' title="bbox 2144 853 3720 927">
    <p class='ocr_par' dir='ltr' id='par_1_19' title="bbox 2144 853 3720 927">
     <span class='ocr_line' id='line_1_19' title="bbox 2144 853 3720 927; baseline 0.006 -20"><span class='ocrx_word' id='word_1_139' title='bbox 2144 853 2351 909; x_wconf 86' lang='lat' dir='ltr'><strong>animos</strong></span> <span class='ocrx_word' id='word_1_140' title='bbox 2380 855 2671 909; x_wconf 77' lang='lat' dir='ltr'><strong>videntium</strong></span> <span class='ocrx_word' id='word_1_141' title='bbox 2722 867 3105 927; x_wconf 82' lang='lat' dir='ltr'><strong>commoveret,</strong></span> <span class='ocrx_word' id='word_1_142' title='bbox 3139 860 3440 926; x_wconf 90' lang='lat' dir='ltr'><strong>cantharos,</strong></span> <span class='ocrx_word' id='word_1_143' title='bbox 3473 873 3525 916; x_wconf 93' lang='lat' dir='ltr'><strong>et</strong></span> <span class='ocrx_word' id='word_1_144' title='bbox 3562 876 3720 917; x_wconf 87' lang='lat' dir='ltr'><strong>coro-</strong></span> 
     </span>
    </p>
   </div>
   <div class='ocr_carea' id='block_1_20' title="bbox 2145 948 3716 1014">
    <p class='ocr_par' dir='ltr' id='par_1_20' title="bbox 2145 948 3716 1014">
     <span class='ocr_line' id='line_1_20' title="bbox 2145 948 3716 1014; baseline 0.004 -14"><span class='ocrx_word' id='word_1_145' title='bbox 2145 960 2262 1010; x_wconf 86' lang='lat' dir='ltr'><strong>nas,</strong></span> <span class='ocrx_word' id='word_1_146' title='bbox 2287 960 2406 1014; x_wconf 71' lang='lat' dir='ltr'><strong>qute</strong></span> <span class='ocrx_word' id='word_1_147' title='bbox 2446 954 2572 1000; x_wconf 88' lang='lat' dir='ltr'><strong>ante</strong></span> <span class='ocrx_word' id='word_1_148' title='bbox 2607 960 2818 1000; x_wconf 82' lang='lat' dir='ltr'><strong>sacrum</strong></span> <span class='ocrx_word' id='word_1_149' title='bbox 2851 948 3018 1001; x_wconf 91' lang='lat' dir='ltr'><strong>altare</strong></span> <span class='ocrx_word' id='word_1_150' title='bbox 3057 958 3110 1003; x_wconf 93' lang='lat' dir='ltr'><strong>et</strong></span> <span class='ocrx_word' id='word_1_151' title='bbox 3146 951 3536 1006; x_wconf 79' lang='lat' dir='ltr'><strong>confessionem</strong></span> <span class='ocrx_word' id='word_1_152' title='bbox 3581 954 3716 1007; x_wconf 91' lang='lat' dir='ltr'><strong>beati</strong></span> 
     </span>
    </p>
   </div>
   <div class='ocr_carea' id='block_1_21' title="bbox 2148 1034 3718 1108">
    <p class='ocr_par' dir='ltr' id='par_1_21' title="bbox 2148 1034 3718 1108">
     <span class='ocr_line' id='line_1_21' title="bbox 2148 1034 3718 1108; baseline 0.004 -20"><span class='ocrx_word' id='word_1_153' title='bbox 2148 1034 2287 1089; x_wconf 87' lang='lat' dir='ltr'><strong>Petri</strong></span> <span class='ocrx_word' id='word_1_154' title='bbox 2316 1035 2540 1101; x_wconf 89' lang='lat' dir='ltr'><strong>apostoli</strong></span> <span class='ocrx_word' id='word_1_155' title='bbox 2562 1049 2625 1088; x_wconf 89' lang='lat' dir='ltr'><strong>ex</strong></span> <span class='ocrx_word' id='word_1_156' title='bbox 2650 1036 2869 1105; x_wconf 90' lang='lat' dir='ltr'><strong>antiquo</strong></span> <span class='ocrx_word' id='word_1_157' title='bbox 2898 1037 3214 1105; x_wconf 86' lang='lat' dir='ltr'><strong>pendebant,</strong></span> <span class='ocrx_word' id='word_1_158' title='bbox 3240 1040 3432 1108; x_wconf 88' lang='lat' dir='ltr'><strong>deponi</strong></span> <span class='ocrx_word' id='word_1_159' title='bbox 3456 1042 3598 1105; x_wconf 89' lang='lat' dir='ltr'><strong>fecit,</strong></span> <span class='ocrx_word' id='word_1_160' title='bbox 3618 1050 3673 1095; x_wconf 93' lang='lat' dir='ltr'><strong>et</strong></span> <span class='ocrx_word' id='word_1_161' title='bbox 3693 1049 3718 1077; x_wconf 74' lang='grc' dir='ltr'>ι</span> 
     </span>
    </p>
   </div>
   <div class='ocr_carea' id='block_1_22' title="bbox 2086 1124 3714 1199">
    <p class='ocr_par' dir='ltr' id='par_1_22' title="bbox 2086 1124 3714 1199">
     <span class='ocr_line' id='line_1_22' title="bbox 2086 1124 3714 1199; baseline 0.007 -23"><span class='ocrx_word' id='word_1_162' title='bbox 2086 1183 2104 1199; x_wconf 79' lang='lat'><em>_</em></span> <span class='ocrx_word' id='word_1_163' title='bbox 2144 1124 2350 1193; x_wconf 77' lang='lat' dir='ltr'><strong>pignori</strong></span> <span class='ocrx_word' id='word_1_164' title='bbox 2378 1124 2533 1179; x_wconf 91' lang='lat' dir='ltr'><strong>tradi.</strong></span> <span class='ocrx_word' id='word_1_165' title='bbox 2560 1124 2665 1178; x_wconf 89' lang='lat' dir='ltr'><strong>Sed</strong></span> <span class='ocrx_word' id='word_1_166' title='bbox 2696 1140 2795 1180; x_wconf 93' lang='lat' dir='ltr'><strong>nec</strong></span> <span class='ocrx_word' id='word_1_167' title='bbox 2826 1127 2875 1178; x_wconf 93' lang='lat' dir='ltr'><strong>in</strong></span> <span class='ocrx_word' id='word_1_168' title='bbox 2908 1126 3007 1181; x_wconf 90' lang='lat' dir='ltr'><strong>hoc</strong></span> <span class='ocrx_word' id='word_1_169' title='bbox 3029 1128 3162 1181; x_wconf 79' lang='lat' dir='ltr'><strong>ﬂexa</strong></span> <span class='ocrx_word' id='word_1_170' title='bbox 3186 1137 3266 1182; x_wconf 87' lang='lat' dir='ltr'><strong>est</strong></span> <span class='ocrx_word' id='word_1_171' title='bbox 3291 1130 3528 1197; x_wconf 87' lang='lat' dir='ltr'><strong>ejusdem</strong></span> <span class='ocrx_word' id='word_1_172' title='bbox 3555 1146 3714 1186; x_wconf 83' lang='lat' dir='ltr'><strong>exar-</strong></span> 
     </span>
    </p>
   </div>
   <div class='ocr_carea' id='block_1_23' title="bbox 2146 1214 3713 1283">
    <p class='ocr_par' dir='ltr' id='par_1_23' title="bbox 2146 1214 3713 1283">
     <span class='ocr_line' id='line_1_23' title="bbox 2146 1214 3713 1283; baseline 0.006 -16"><span class='ocrx_word' id='word_1_173' title='bbox 2146 1214 2230 1267; x_wconf 92' lang='lat' dir='ltr'><strong>chi</strong></span> <span class='ocrx_word' id='word_1_174' title='bbox 2262 1214 2475 1275; x_wconf 83' lang='lat' dir='ltr'><strong>duritia,</strong></span> <span class='ocrx_word' id='word_1_175' title='bbox 2511 1215 2679 1270; x_wconf 91' lang='lat' dir='ltr'><strong>donec</strong></span> <span class='ocrx_word' id='word_1_176' title='bbox 2707 1225 2942 1279; x_wconf 82' lang='lat' dir='ltr'><strong>centum,</strong></span> <span class='ocrx_word' id='word_1_177' title='bbox 2971 1230 3025 1270; x_wconf 91' lang='lat' dir='ltr'><strong>ut</strong></span> <span class='ocrx_word' id='word_1_178' title='bbox 3056 1218 3253 1272; x_wconf 91' lang='lat' dir='ltr'><strong>dictum</strong></span> <span class='ocrx_word' id='word_1_179' title='bbox 3280 1229 3381 1283; x_wconf 91' lang='lat' dir='ltr'><strong>est,</strong></span> <span class='ocrx_word' id='word_1_180' title='bbox 3413 1228 3432 1258; x_wconf 70' lang='grc' dir='ltr'>ί</span> <span class='ocrx_word' id='word_1_181' title='bbox 3462 1220 3713 1276; x_wconf 90' lang='lat' dir='ltr'><strong>librarum</strong></span> 
     </span>
    </p>
   </div>
   <div class='ocr_carea' id='block_1_24' title="bbox 2147 1299 3715 1369">
    <p class='ocr_par' dir='ltr' id='par_1_24' title="bbox 2147 1299 3715 1369">
     <span class='ocr_line' id='line_1_24' title="bbox 2147 1299 3715 1369; baseline 0.006 -19"><span class='ocrx_word' id='word_1_182' title='bbox 2147 1299 2264 1352; x_wconf 90' lang='lat' dir='ltr'><strong>auri</strong></span> <span class='ocrx_word' id='word_1_183' title='bbox 2306 1301 2533 1367; x_wconf 69' lang='lat' dir='ltr'><strong>accepit.</strong></span> <span class='ocrx_word' id='word_1_184' title='bbox 2583 1300 2648 1353; x_wconf 87' lang='lat' dir='ltr'><strong>Et</strong></span> <span class='ocrx_word' id='word_1_185' title='bbox 2698 1300 2843 1364; x_wconf 90' lang='lat' dir='ltr'><strong>licet,</strong></span> <span class='ocrx_word' id='word_1_186' title='bbox 2872 1309 2929 1353; x_wconf 90' lang='lat' dir='ltr'><strong>ttt</strong></span> <span class='ocrx_word' id='word_1_187' title='bbox 2955 1301 2975 1331; x_wconf 82' lang='lat'><strong>&#39;</strong></span> <span class='ocrx_word' id='word_1_188' title='bbox 3003 1304 3283 1369; x_wconf 74' lang='lat' dir='ltr'><strong>prazfatum</strong></span> <span class='ocrx_word' id='word_1_189' title='bbox 3330 1314 3431 1367; x_wconf 71' lang='lat' dir='ltr'><strong>est,</strong></span> <span class='ocrx_word' id='word_1_190' title='bbox 3465 1306 3715 1360; x_wconf 66' lang='lat' dir='ltr'><strong>Ecclesiae</strong></span> 
     </span>
    </p>
   </div>
   <div class='ocr_carea' id='block_1_25' title="bbox 2146 1392 3712 1463">
    <p class='ocr_par' dir='ltr' id='par_1_25' title="bbox 2146 1392 3712 1463">
     <span class='ocr_line' id='line_1_25' title="bbox 2146 1392 3712 1463; baseline 0.003 -18"><span class='ocrx_word' id='word_1_191' title='bbox 2146 1392 2363 1457; x_wconf 88' lang='lat' dir='ltr'><strong>Christi,</strong></span> <span class='ocrx_word' id='word_1_192' title='bbox 2392 1392 2412 1422; x_wconf 74' lang='grc'><strong>⁸</strong></span> <span class='ocrx_word' id='word_1_193' title='bbox 2440 1393 2559 1446; x_wconf 87' lang='lat' dir='ltr'><strong>ideo</strong></span> <span class='ocrx_word' id='word_1_194' title='bbox 2605 1394 2934 1447; x_wconf 90' lang='lat' dir='ltr'><strong>miserrimus</strong></span> <span class='ocrx_word' id='word_1_195' title='bbox 2965 1393 3236 1448; x_wconf 84' lang='lat' dir='ltr'><strong>Paschalis</strong></span> <span class='ocrx_word' id='word_1_196' title='bbox 3287 1395 3624 1463; x_wconf 84' lang='lat' dir='ltr'><strong>dispendium</strong></span> <span class='ocrx_word' id='word_1_197' title='bbox 3655 1406 3712 1451; x_wconf 89' lang='lat' dir='ltr'><strong>et</strong></span> 
     </span>
    </p>
   </div>
   <div class='ocr_carea' id='block_1_26' title="bbox 2146 1481 3714 1551">
    <p class='ocr_par' dir='ltr' id='par_1_26' title="bbox 2146 1481 3714 1551">
     <span class='ocr_line' id='line_1_26' title="bbox 2146 1481 3714 1551; baseline 0.003 -16"><span class='ocrx_word' id='word_1_198' title='bbox 2146 1481 2399 1536; x_wconf 84' lang='lat' dir='ltr'><strong>damnum</strong></span> <span class='ocrx_word' id='word_1_199' title='bbox 2432 1483 2452 1512; x_wconf 78' lang='grc'>⁸</span> <span class='ocrx_word' id='word_1_200' title='bbox 2496 1481 2690 1545; x_wconf 84' lang='lat' dir='ltr'><strong>infixit,</strong></span> <span class='ocrx_word' id='word_1_201' title='bbox 2746 1490 2923 1536; x_wconf 92' lang='lat' dir='ltr'><strong>tamen</strong></span> <span class='ocrx_word' id='word_1_202' title='bbox 2974 1482 3188 1536; x_wconf 77' lang='lat' dir='ltr'><strong>Christo</strong></span> <span class='ocrx_word' id='word_1_203' title='bbox 3233 1482 3441 1537; x_wconf 79' lang='lat' dir='ltr'><strong>favente</strong></span> <span class='ocrx_word' id='word_1_204' title='bbox 3494 1484 3714 1551; x_wconf 82' lang='lat' dir='ltr'><strong>Sergius</strong></span> 
     </span>
    </p>
   </div>
   <div class='ocr_carea' id='block_1_27' title="bbox 454 1568 3713 1644">
    <p class='ocr_par' dir='ltr' id='par_1_27' title="bbox 454 1568 3713 1644">
     <span class='ocr_line' id='line_1_27' title="bbox 454 1568 3713 1644; baseline -0.001 -14"><span class='ocrx_word' id='word_1_205' title='bbox 454 1576 653 1631; x_wconf 87' lang='lat' dir='ltr'><strong>schalis</strong></span> <span class='ocrx_word' id='word_1_206' title='bbox 727 1574 996 1630; x_wconf 90' lang='lat' dir='ltr'><strong>miseriam</strong></span> <span class='ocrx_word' id='word_1_207' title='bbox 1045 1573 1365 1643; x_wconf 87' lang='lat' dir='ltr'><strong>stipendium</strong></span> <span class='ocrx_word' id='word_1_208' title='bbox 1424 1582 1477 1629; x_wconf 92' lang='lat' dir='ltr'><strong>et</strong></span> <span class='ocrx_word' id='word_1_209' title='bbox 1546 1575 1795 1629; x_wconf 84' lang='lat' dir='ltr'><strong>damnum</strong></span> <span class='ocrx_word' id='word_1_210' title='bbox 1840 1575 2038 1643; x_wconf 90' lang='lat' dir='ltr'><strong>intulit,</strong></span> <span class='ocrx_word' id='word_1_211' title='bbox 2076 1568 2119 1630; x_wconf 85' lang='grc' dir='ltr'><strong>Β</strong></span> <span class='ocrx_word' id='word_1_212' title='bbox 2149 1573 2425 1644; x_wconf 86' lang='lat' dir='ltr'><strong>presbyter</strong></span> <span class='ocrx_word' id='word_1_213' title='bbox 2448 1578 2502 1625; x_wconf 92' lang='lat' dir='ltr'><strong>et</strong></span> <span class='ocrx_word' id='word_1_214' title='bbox 2523 1571 2723 1625; x_wconf 90' lang='lat' dir='ltr'><strong>electus</strong></span> <span class='ocrx_word' id='word_1_215' title='bbox 2744 1572 2795 1624; x_wconf 91' lang='lat' dir='ltr'><strong>in</strong></span> <span class='ocrx_word' id='word_1_216' title='bbox 2820 1571 2947 1626; x_wconf 90' lang='lat' dir='ltr'><strong>sede</strong></span> <span class='ocrx_word' id='word_1_217' title='bbox 2968 1571 3107 1625; x_wconf 88' lang='lat' dir='ltr'><strong>beati</strong></span> <span class='ocrx_word' id='word_1_218' title='bbox 3129 1570 3267 1625; x_wconf 87' lang='lat' dir='ltr'><strong>Petri</strong></span> <span class='ocrx_word' id='word_1_219' title='bbox 3288 1572 3550 1640; x_wconf 71' lang='lat' dir='ltr'><strong>spostolib</strong></span> <span class='ocrx_word' id='word_1_220' title='bbox 3574 1571 3713 1627; x_wconf 88' lang='lat' dir='ltr'><strong>Pon-</strong></span> 
     </span>
    </p>
   </div>
   <div class='ocr_carea' id='block_1_28' title="bbox 1702 1680 2539 1741">
    <p class='ocr_par' dir='ltr' id='par_1_28' title="bbox 1702 1680 2539 1741">
     <span class='ocr_line' id='line_1_28' title="bbox 1702 1680 2539 1741; baseline -0.006 -3"><span class='ocrx_word' id='word_1_221' title='bbox 1702 1683 2095 1741; x_wconf 75' lang='lat' dir='ltr'><strong>VARIANTES</strong></span> <span class='ocrx_word' id='word_1_222' title='bbox 2136 1680 2539 1739; x_wconf 80' lang='lat' dir='ltr'><strong>LECTIONES.</strong></span> 
     </span>
    </p>
   </div>
   <div class='ocr_carea' id='block_1_29' title="bbox 529 1777 1165 1846">
    <p class='ocr_par' dir='ltr' id='par_1_29' title="bbox 529 1777 1165 1846">
     <span class='ocr_line' id='line_1_29' title="bbox 529 1777 1165 1846; baseline -0.014 -9"><span class='ocrx_word' id='word_1_223' title='bbox 529 1788 546 1822; x_wconf 75' lang='grc' dir='ltr'><strong>ι</strong></span> <span class='ocrx_word' id='word_1_224' title='bbox 579 1781 710 1837; x_wconf 88' lang='lat' dir='ltr'><strong>Cod.</strong></span> <span class='ocrx_word' id='word_1_225' title='bbox 736 1779 892 1843; x_wconf 89' lang='lat' dir='ltr'><strong>Luc.,</strong></span> <span class='ocrx_word' id='word_1_226' title='bbox 926 1793 982 1831; x_wconf 90' lang='lat' dir='ltr'><strong>eo</strong></span> <span class='ocrx_word' id='word_1_227' title='bbox 1008 1777 1165 1846; x_wconf 86' lang='lat' dir='ltr'><strong>quod.</strong></span> 
     </span>
    </p>
   </div>
   <div class='ocr_carea' id='block_1_30' title="bbox 528 1852 895 1917">
    <p class='ocr_par' dir='ltr' id='par_1_30' title="bbox 528 1852 895 1917">
     <span class='ocr_line' id='line_1_30' title="bbox 528 1852 895 1917; baseline -0.016 -11"><span class='ocrx_word' id='word_1_228' title='bbox 528 1856 550 1886; x_wconf 75' lang='lat'>&#39;</span> <span class='ocrx_word' id='word_1_229' title='bbox 583 1853 688 1917; x_wconf 81' lang='lat' dir='ltr'><strong>AL,</strong></span> <span class='ocrx_word' id='word_1_230' title='bbox 718 1852 895 1904; x_wconf 87' lang='lat' dir='ltr'><strong>libras.</strong></span> 
     </span>
    </p>
   </div>
   <div class='ocr_carea' id='block_1_31' title="bbox 528 1919 1040 1990">
    <p class='ocr_par' dir='ltr' id='par_1_31' title="bbox 528 1919 1040 1990">
     <span class='ocr_line' id='line_1_31' title="bbox 528 1919 1040 1990; baseline -0.018 -13"><span class='ocrx_word' id='word_1_231' title='bbox 528 1924 549 1954; x_wconf 85' lang='grc'><em>³</em></span> <span class='ocrx_word' id='word_1_232' title='bbox 580 1924 687 1986; x_wconf 78' lang='lat' dir='ltr'><strong>AL,</strong></span> <span class='ocrx_word' id='word_1_233' title='bbox 712 1919 1040 1990; x_wconf 69' lang='lat' dir='ltr'><strong>praedictum.</strong></span> 
     </span>
    </p>
   </div>
   <div class='ocr_carea' id='block_1_32' title="bbox 2217 1772 2562 1834">
    <p class='ocr_par' dir='ltr' id='par_1_32' title="bbox 2217 1772 2562 1834">
     <span class='ocr_line' id='line_1_32' title="bbox 2217 1772 2562 1834; baseline -0.012 -9"><span class='ocrx_word' id='word_1_234' title='bbox 2217 1772 2240 1804; x_wconf 78' lang='grc'><strong>⁸</strong></span> <span class='ocrx_word' id='word_1_235' title='bbox 2270 1772 2376 1834; x_wconf 79' lang='lat' dir='ltr'><strong>AL,</strong></span> <span class='ocrx_word' id='word_1_236' title='bbox 2408 1772 2562 1823; x_wconf 87' lang='lat' dir='ltr'><strong>idem.</strong></span> 
     </span>
    </p>
   </div>
   <div class='ocr_carea' id='block_1_33' title="bbox 2220 1840 2649 1909">
    <p class='ocr_par' dir='ltr' id='par_1_33' title="bbox 2220 1840 2649 1909">
     <span class='ocr_line' id='line_1_33' title="bbox 2220 1840 2649 1909; baseline -0.007 -13"><span class='ocrx_word' id='word_1_237' title='bbox 2220 1844 2241 1873; x_wconf 83' lang='lat'><em>&quot;</em></span> <span class='ocrx_word' id='word_1_238' title='bbox 2267 1840 2373 1909; x_wconf 65' lang='lat' dir='ltr'><strong>A&#39;L,</strong></span> <span class='ocrx_word' id='word_1_239' title='bbox 2403 1841 2649 1909; x_wconf 65' lang='lat' dir='ltr'><strong>inﬁxerit.</strong></span> 
     </span>
    </p>
   </div>
   <div class='ocr_carea' id='block_1_34' title="bbox 1814 2002 2429 2066">
    <p class='ocr_par' dir='ltr' id='par_1_34' title="bbox 1814 2002 2429 2066">
     <span class='ocr_line' id='line_1_34' title="bbox 1814 2002 2429 2066; baseline -0.005 -5"><span class='ocrx_word' id='word_1_240' title='bbox 1814 2002 2165 2066; x_wconf 72' lang='lat' dir='ltr'><strong>VARIOBUM</strong></span> <span class='ocrx_word' id='word_1_241' title='bbox 2206 2003 2429 2063; x_wconf 58' lang='lat' dir='ltr'><strong>NOTr‘E.</strong></span> 
     </span>
    </p>
   </div>
   <div class='ocr_carea' id='block_1_35' title="bbox 461 2118 2032 2191">
    <p class='ocr_par' dir='ltr' id='par_1_35' title="bbox 461 2118 2032 2191">
     <span class='ocr_line' id='line_1_35' title="bbox 461 2118 2032 2191; baseline -0.006 -7"><span class='ocrx_word' id='word_1_242' title='bbox 461 2125 751 2184; x_wconf 77' lang='lat' dir='ltr'><strong>aventer-ab</strong></span> <span class='ocrx_word' id='word_1_243' title='bbox 776 2123 913 2177; x_wconf 89' lang='lat' dir='ltr'><strong>omni</strong></span> <span class='ocrx_word' id='word_1_244' title='bbox 948 2118 1293 2176; x_wconf 85' lang='lat' dir='ltr'><strong>Romanorum</strong></span> <span class='ocrx_word' id='word_1_245' title='bbox 1321 2130 1497 2175; x_wconf 84' lang='lat' dir='ltr'><strong>senatu</strong></span> <span class='ocrx_word' id='word_1_246' title='bbox 1525 2120 1734 2191; x_wconf 84' lang='lat' dir='ltr'><strong>pedibus</strong></span> <span class='ocrx_word' id='word_1_247' title='bbox 1769 2123 2032 2187; x_wconf 81' lang='lat' dir='ltr'><strong>osculatis,</strong></span> 
     </span>
    </p>
   </div>
   <div class='ocr_carea' id='block_1_36' title="bbox 465 2191 2031 2260">
    <p class='ocr_par' dir='ltr' id='par_1_36' title="bbox 465 2191 2031 2260">
     <span class='ocr_line' id='line_1_36' title="bbox 465 2191 2031 2260; baseline -0.005 -7"><span class='ocrx_word' id='word_1_248' title='bbox 465 2211 571 2254; x_wconf 86' lang='lat' dir='ltr'><strong>etc.</strong></span> <span class='ocrx_word' id='word_1_249' title='bbox 604 2197 772 2250; x_wconf 77' lang='lat' dir='ltr'><strong>Etiam</strong></span> <span class='ocrx_word' id='word_1_250' title='bbox 797 2193 1084 2247; x_wconf 80' lang='lat' dir='ltr'><strong>cardinales</strong></span> <span class='ocrx_word' id='word_1_251' title='bbox 1107 2192 1158 2245; x_wconf 90' lang='lat' dir='ltr'><strong>in</strong></span> <span class='ocrx_word' id='word_1_252' title='bbox 1188 2191 1517 2245; x_wconf 87' lang='lat' dir='ltr'><strong>ordinatione</strong></span> <span class='ocrx_word' id='word_1_253' title='bbox 1548 2192 1809 2260; x_wconf 89' lang='lat' dir='ltr'><strong>pontilicis</strong></span> <span class='ocrx_word' id='word_1_254' title='bbox 1838 2192 2031 2245; x_wconf 85' lang='lat' dir='ltr'><strong>demit-</strong></span> 
     </span>
    </p>
   </div>
   <div class='ocr_carea' id='block_1_37' title="bbox 467 2260 2034 2329">
    <p class='ocr_par' dir='ltr' id='par_1_37' title="bbox 467 2260 2034 2329">
     <span class='ocr_line' id='line_1_37' title="bbox 467 2260 2034 2329; baseline -0.003 -8"><span class='ocrx_word' id='word_1_255' title='bbox 467 2278 582 2321; x_wconf 90' lang='lat' dir='ltr'><strong>tnnt</strong></span> <span class='ocrx_word' id='word_1_256' title='bbox 605 2281 662 2319; x_wconf 92' lang='lat' dir='ltr'><strong>se</strong></span> <span class='ocrx_word' id='word_1_257' title='bbox 683 2265 748 2318; x_wconf 87' lang='lat' dir='ltr'><strong>ad</strong></span> <span class='ocrx_word' id='word_1_258' title='bbox 777 2263 1014 2317; x_wconf 91' lang='lat' dir='ltr'><strong>osculum</strong></span> <span class='ocrx_word' id='word_1_259' title='bbox 1045 2261 1255 2329; x_wconf 91' lang='lat' dir='ltr'><strong>pedum.</strong></span> <span class='ocrx_word' id='word_1_260' title='bbox 1289 2260 1564 2325; x_wconf 81' lang='lat' dir='ltr'><strong>Radevic.,</strong></span> <span class='ocrx_word' id='word_1_261' title='bbox 1595 2262 1663 2316; x_wconf 94' lang='lat' dir='ltr'><strong>de</strong></span> <span class='ocrx_word' id='word_1_262' title='bbox 1685 2269 1819 2329; x_wconf 86' lang='lat' dir='ltr'><strong>gest.</strong></span> <span class='ocrx_word' id='word_1_263' title='bbox 1848 2260 2034 2316; x_wconf 85' lang='lat' dir='ltr'><strong>Fride-</strong></span> 
     </span>
    </p>
   </div>
   <div class='ocr_carea' id='block_1_38' title="bbox 463 2330 2033 2400">
    <p class='ocr_par' dir='ltr' id='par_1_38' title="bbox 463 2330 2033 2400">
     <span class='ocr_line' id='line_1_38' title="bbox 463 2330 2033 2400; baseline -0.006 -7"><span class='ocrx_word' id='word_1_264' title='bbox 463 2340 583 2397; x_wconf 87' lang='lat' dir='ltr'><strong>ric.,</strong></span> <span class='ocrx_word' id='word_1_265' title='bbox 614 2335 704 2388; x_wconf 88' lang='lat' dir='ltr'><strong>lib.</strong></span> <span class='ocrx_word' id='word_1_266' title='bbox 737 2350 798 2399; x_wconf 89' lang='lat' dir='ltr'><strong>tt,</strong></span> <span class='ocrx_word' id='word_1_267' title='bbox 832 2331 1025 2400; x_wconf 87' lang='lat' dir='ltr'><strong>cap.66</strong></span> <span class='ocrx_word' id='word_1_268' title='bbox 1058 2346 1071 2384; x_wconf 92' lang='lat'><strong>:</strong></span> <span class='ocrx_word' id='word_1_269' title='bbox 1104 2330 1299 2384; x_wconf 80' lang='lat' dir='ltr'><strong>Deinde</strong></span> <span class='ocrx_word' id='word_1_270' title='bbox 1341 2331 1471 2384; x_wconf 88' lang='lat' dir='ltr'><strong>sicut</strong></span> <span class='ocrx_word' id='word_1_271' title='bbox 1526 2346 1634 2384; x_wconf 91' lang='lat' dir='ltr'><strong>mos</strong></span> <span class='ocrx_word' id='word_1_272' title='bbox 1690 2341 1780 2396; x_wconf 86' lang='lat' dir='ltr'><strong>est,</strong></span> <span class='ocrx_word' id='word_1_273' title='bbox 1828 2331 2033 2384; x_wconf 84' lang='lat' dir='ltr'><strong>Domini</strong></span> 
     </span>
    </p>
   </div>
   <div class='ocr_carea' id='block_1_39' title="bbox 462 2401 2033 2470">
    <p class='ocr_par' dir='ltr' id='par_1_39' title="bbox 462 2401 2033 2470">
     <span class='ocr_line' id='line_1_39' title="bbox 462 2401 2033 2470; baseline -0.004 -9"><span class='ocrx_word' id='word_1_274' title='bbox 462 2406 746 2461; x_wconf 72' lang='lat' dir='ltr'><strong>cardinales</strong></span> <span class='ocrx_word' id='word_1_275' title='bbox 770 2413 816 2457; x_wconf 91' lang='lat' dir='ltr'><strong>et</strong></span> <span class='ocrx_word' id='word_1_276' title='bbox 842 2403 1006 2455; x_wconf 85' lang='lat' dir='ltr'><strong>clerus</strong></span> <span class='ocrx_word' id='word_1_277' title='bbox 1033 2401 1310 2463; x_wconf 86' lang='lat' dir='ltr'><strong>Romanus,</strong></span> <span class='ocrx_word' id='word_1_278' title='bbox 1335 2410 1467 2470; x_wconf 84' lang='lat' dir='ltr'><strong>totus</strong></span> <span class='ocrx_word' id='word_1_279' title='bbox 1488 2402 1572 2470; x_wconf 86' lang='lat' dir='ltr'><strong>qui</strong></span> <span class='ocrx_word' id='word_1_280' title='bbox 1594 2415 1814 2469; x_wconf 69' lang='lat' dir='ltr'><strong>prarsens</strong></span> <span class='ocrx_word' id='word_1_281' title='bbox 1835 2411 1961 2466; x_wconf 89' lang='lat' dir='ltr'><strong>erat,</strong></span> <span class='ocrx_word' id='word_1_282' title='bbox 1986 2411 2033 2454; x_wconf 87' lang='lat' dir='ltr'><strong>et</strong></span> 
     </span>
    </p>
   </div>
   <div class='ocr_carea' id='block_1_40' title="bbox 462 2469 2028 2547">
    <p class='ocr_par' dir='ltr' id='par_1_40' title="bbox 462 2469 2028 2547">
     <span class='ocr_line' id='line_1_40' title="bbox 462 2469 2028 2547; baseline -0.004 -17"><span class='ocrx_word' id='word_1_283' title='bbox 462 2480 551 2547; x_wconf 84' lang='lat' dir='ltr'><strong>qui</strong></span> <span class='ocrx_word' id='word_1_284' title='bbox 562 2486 730 2547; x_wconf 79' lang='lat' dir='ltr'><strong>postea</strong></span> <span class='ocrx_word' id='word_1_285' title='bbox 758 2475 1093 2547; x_wconf 75' lang='lat' dir='ltr'><strong>conﬂuxerat,</strong></span> <span class='ocrx_word' id='word_1_286' title='bbox 1122 2472 1391 2547; x_wconf 62' lang='lat' dir='ltr'><strong>populique</strong></span> <span class='ocrx_word' id='word_1_287' title='bbox 1412 2469 1767 2547; x_wconf 54' lang='lat' dir='ltr'><strong>Romanipais</strong></span> <span class='ocrx_word' id='word_1_288' title='bbox 1788 2472 2028 2547; x_wconf 68' lang='lat' dir='ltr'><strong>maxima,</strong></span> 
     </span>
    </p>
   </div>
   <div class='ocr_carea' id='block_1_41' title="bbox 465 2539 2033 2614">
    <p class='ocr_par' dir='ltr' id='par_1_41' title="bbox 465 2539 2033 2614">
     <span class='ocr_line' id='line_1_41' title="bbox 465 2539 2033 2614; baseline -0.005 -13"><span class='ocrx_word' id='word_1_289' title='bbox 465 2539 615 2614; x_wconf 74' lang='lat' dir='ltr'><strong>pedes</strong></span> <span class='ocrx_word' id='word_1_290' title='bbox 644 2546 756 2613; x_wconf 85' lang='lat' dir='ltr'><strong>ejus</strong></span> <span class='ocrx_word' id='word_1_291' title='bbox 785 2539 997 2614; x_wconf 77' lang='lat' dir='ltr'><strong>osculati</strong></span> <span class='ocrx_word' id='word_1_292' title='bbox 1024 2551 1157 2614; x_wconf 76' lang='lat' dir='ltr'><strong>sunt.</strong></span> <span class='ocrx_word' id='word_1_293' title='bbox 1182 2539 1247 2593; x_wconf 80' lang='lat' dir='ltr'><strong>Et</strong></span> <span class='ocrx_word' id='word_1_294' title='bbox 1277 2539 1465 2595; x_wconf 84' lang='lat' dir='ltr'><strong>Petrus</strong></span> <span class='ocrx_word' id='word_1_295' title='bbox 1498 2541 2033 2614; x_wconf 11' lang='lat' dir='ltr'><strong>llamiaﬁnihcardina-</strong></span> 
     </span>
    </p>
   </div>
   <div class='ocr_carea' id='block_1_42' title="bbox 466 2608 2035 2679">
    <p class='ocr_par' dir='ltr' id='par_1_42' title="bbox 466 2608 2035 2679">
     <span class='ocr_line' id='line_1_42' title="bbox 466 2608 2035 2679; baseline -0.004 -10"><span class='ocrx_word' id='word_1_296' title='bbox 466 2608 529 2671; x_wconf 84' lang='lat' dir='ltr'><strong>iis</strong></span> <span class='ocrx_word' id='word_1_297' title='bbox 576 2627 629 2672; x_wconf 92' lang='lat' dir='ltr'><strong>et</strong></span> <span class='ocrx_word' id='word_1_298' title='bbox 664 2608 972 2668; x_wconf 60' lang='lat' dir='ltr'><strong>&#39;llostiensis</strong></span> <span class='ocrx_word' id='word_1_299' title='bbox 1018 2612 1322 2679; x_wconf 89' lang='lat' dir='ltr'><strong>episcopus,</strong></span> <span class='ocrx_word' id='word_1_300' title='bbox 1352 2610 1626 2665; x_wconf 85' lang='lat' dir='ltr'><strong>consultus</strong></span> <span class='ocrx_word' id='word_1_301' title='bbox 1664 2613 1730 2663; x_wconf 90' lang='lat' dir='ltr'><strong>de</strong></span> <span class='ocrx_word' id='word_1_302' title='bbox 1764 2608 2035 2664; x_wconf 90' lang='lat' dir='ltr'><strong>Cadalono</strong></span> 
     </span>
    </p>
   </div>
   <div class='ocr_carea' id='block_1_43' title="bbox 464 2679 2037 2754">
    <p class='ocr_par' dir='ltr' id='par_1_43' title="bbox 464 2679 2037 2754">
     <span class='ocr_line' id='line_1_43' title="bbox 464 2679 2037 2754; baseline -0.005 -13"><span class='ocrx_word' id='word_1_303' title='bbox 464 2689 731 2754; x_wconf 80' lang='lat' dir='ltr'><strong>autipapa,</strong></span> <span class='ocrx_word' id='word_1_304' title='bbox 764 2693 817 2737; x_wconf 89' lang='lat' dir='ltr'><strong>et</strong></span> <span class='ocrx_word' id='word_1_305' title='bbox 862 2680 1255 2754; x_wconf 74' lang='lat' dir='ltr'><strong>Alexandro&quot;,</strong></span> <span class='ocrx_word' id='word_1_306' title='bbox 1279 2679 1861 2754; x_wconf 76' lang='lat' dir='ltr'><strong>uter_verus_po_ntifex</strong></span> <span class='ocrx_word' id='word_1_307' title='bbox 1891 2680 2037 2754; x_wconf 85' lang='lat' dir='ltr'><strong>judi-</strong></span> 
     </span>
    </p>
   </div>
   <div class='ocr_carea' id='block_1_44' title="bbox 469 2748 2038 2819">
    <p class='ocr_par' dir='ltr' id='par_1_44' title="bbox 469 2748 2038 2819">
     <span class='ocr_line' id='line_1_44' title="bbox 469 2748 2038 2819; baseline -0.004 -10"><span class='ocrx_word' id='word_1_308' title='bbox 469 2748 671 2810; x_wconf 74' lang='lat' dir='ltr'><strong>candus</strong></span> <span class='ocrx_word' id='word_1_309' title='bbox 696 2748 859 2819; x_wconf 83' lang='lat' dir='ltr'><strong>esset,</strong></span> <span class='ocrx_word' id='word_1_310' title='bbox 885 2752 978 2806; x_wconf 91' lang='lat' dir='ltr'><strong>lib.</strong></span> <span class='ocrx_word' id='word_1_311' title='bbox 1003 2765 1080 2815; x_wconf 86' lang='grc' dir='ltr'>ιιι,</span> <span class='ocrx_word' id='word_1_312' title='bbox 1100 2751 1257 2818; x_wconf 91' lang='lat' dir='ltr'><strong>epist.</strong></span> <span class='ocrx_word' id='word_1_313' title='bbox 1276 2753 1337 2803; x_wconf 69' lang='grc' dir='ltr'><strong>ιε</strong></span> <span class='ocrx_word' id='word_1_314' title='bbox 1367 2748 1554 2802; x_wconf 79' lang='lat' dir='ltr'><strong>Manus</strong></span> <span class='ocrx_word' id='word_1_315' title='bbox 1577 2750 1665 2815; x_wconf 86' lang='lat' dir='ltr'><strong>do,</strong></span> <span class='ocrx_word' id='word_1_316' title='bbox 1684 2749 1870 2819; x_wconf 89' lang='lat' dir='ltr'><strong>inquit,</strong></span> <span class='ocrx_word' id='word_1_317' title='bbox 1892 2748 2038 2816; x_wconf 83' lang='lat' dir='ltr'><strong>plan-</strong></span> 
     </span>
    </p>
   </div>
   <div class='ocr_carea' id='block_1_45' title="bbox 469 2820 2035 2890">
    <p class='ocr_par' dir='ltr' id='par_1_45' title="bbox 469 2820 2035 2890">
     <span class='ocr_line' id='line_1_45' title="bbox 469 2820 2035 2890; baseline -0.003 -13"><span class='ocrx_word' id='word_1_318' title='bbox 469 2840 546 2880; x_wconf 88' lang='lat' dir='ltr'><strong>tas</strong></span> <span class='ocrx_word' id='word_1_319' title='bbox 571 2826 787 2890; x_wconf 81' lang='lat' dir='ltr'><strong>osculor,</strong></span> <span class='ocrx_word' id='word_1_320' title='bbox 817 2832 861 2876; x_wconf 85' lang='lat' dir='ltr'><strong>et</strong></span> <span class='ocrx_word' id='word_1_321' title='bbox 882 2837 982 2874; x_wconf 86' lang='lat' dir='ltr'><strong>non</strong></span> <span class='ocrx_word' id='word_1_322' title='bbox 1004 2820 1159 2874; x_wconf 89' lang='lat' dir='ltr'><strong>modo</strong></span> <span class='ocrx_word' id='word_1_323' title='bbox 1191 2821 1733 2890; x_wconf 10' lang='lat' dir='ltr'><strong>ipsumiapostolicum,</strong></span> <span class='ocrx_word' id='word_1_324' title='bbox 1768 2820 1855 2873; x_wconf 86' lang='lat' dir='ltr'><strong>sed</strong></span> <span class='ocrx_word' id='word_1_325' title='bbox 1882 2821 2035 2873; x_wconf 88' lang='lat' dir='ltr'><strong>etiam</strong></span> 
     </span>
    </p>
   </div>
   <div class='ocr_carea' id='block_1_46' title="bbox 466 2889 2037 2964">
    <p class='ocr_par' dir='ltr' id='par_1_46' title="bbox 466 2889 2037 2964">
     <span class='ocr_line' id='line_1_46' title="bbox 466 2889 2037 2964; baseline -0.004 -14"><span class='ocrx_word' id='word_1_326' title='bbox 466 2889 778 2964; x_wconf 79' lang='lat' dir='ltr'><strong>apostolum,</strong></span> <span class='ocrx_word' id='word_1_327' title='bbox 803 2893 846 2946; x_wconf 93' lang='lat' dir='ltr'><strong>si</strong></span> <span class='ocrx_word' id='word_1_328' title='bbox 868 2891 1079 2964; x_wconf 78' lang='lat' dir='ltr'><strong>jubetis,</strong></span> <span class='ocrx_word' id='word_1_329' title='bbox 1102 2889 1334 2964; x_wconf 50' lang='lat' dir='ltr'><strong>appello.</strong></span> <span class='ocrx_word' id='word_1_330' title='bbox 1358 2889 1529 2943; x_wconf 88' lang='lat' dir='ltr'><strong>Etiam</strong></span> <span class='ocrx_word' id='word_1_331' title='bbox 1559 2890 1661 2964; x_wconf 78' lang='lat' dir='ltr'><strong>ipsi</strong></span> <span class='ocrx_word' id='word_1_332' title='bbox 1688 2890 2037 2964; x_wconf 69' lang='lat' dir='ltr'><strong>imperatores</strong></span> 
     </span>
    </p>
   </div>
   <div class='ocr_carea' id='block_1_47' title="bbox 2210 2114 3715 2191">
    <p class='ocr_par' dir='ltr' id='par_1_47' title="bbox 2210 2114 3715 2191">
     <span class='ocr_line' id='line_1_47' title="bbox 2210 2114 3715 2191; baseline 0.006 -18"><span class='ocrx_word' id='word_1_333' title='bbox 2210 2120 2239 2160; x_wconf 73' lang='grc' dir='ltr'><strong>ι’</strong></span> <span class='ocrx_word' id='word_1_334' title='bbox 2268 2114 2511 2190; x_wconf 65' lang='lat' dir='ltr'><strong>Pontifex</strong></span> <span class='ocrx_word' id='word_1_335' title='bbox 2554 2119 2819 2174; x_wconf 80' lang='lat' dir='ltr'><strong>ordinatus</strong></span> <span class='ocrx_word' id='word_1_336' title='bbox 2856 2130 2947 2176; x_wconf 84' lang='lat' dir='ltr'><strong>est.</strong></span> <span class='ocrx_word' id='word_1_337' title='bbox 2992 2116 3294 2191; x_wconf 82' lang='lat' dir='ltr'><strong>Paschalis,</strong></span> <span class='ocrx_word' id='word_1_338' title='bbox 3328 2118 3578 2180; x_wconf 71' lang='lat' dir='ltr'><strong>Ecclesia:</strong></span> <span class='ocrx_word' id='word_1_339' title='bbox 3608 2124 3715 2181; x_wconf 80' lang='lat' dir='ltr'><strong>Ro-</strong></span> 
     </span>
    </p>
   </div>
   <div class='ocr_carea' id='block_1_48' title="bbox 2142 2190 3713 2261">
    <p class='ocr_par' dir='ltr' id='par_1_48' title="bbox 2142 2190 3713 2261">
     <span class='ocr_line' id='line_1_48' title="bbox 2142 2190 3713 2261; baseline 0.003 -15"><span class='ocrx_word' id='word_1_340' title='bbox 2142 2204 2313 2246; x_wconf 66' lang='lat' dir='ltr'><strong>mana:</strong></span> <span class='ocrx_word' id='word_1_341' title='bbox 2350 2190 2635 2261; x_wconf 87' lang='lat' dir='ltr'><strong>diaconus.</strong></span> <span class='ocrx_word' id='word_1_342' title='bbox 2691 2206 2797 2261; x_wconf 87' lang='lat' dir='ltr'><strong>quo</strong></span> <span class='ocrx_word' id='word_1_343' title='bbox 2827 2193 3031 2246; x_wconf 83' lang='lat' dir='ltr'><strong>facilius</strong></span> <span class='ocrx_word' id='word_1_344' title='bbox 3062 2202 3181 2261; x_wconf 89' lang='lat' dir='ltr'><strong>post</strong></span> <span class='ocrx_word' id='word_1_345' title='bbox 3206 2195 3443 2248; x_wconf 87' lang='lat' dir='ltr'><strong>Cononis</strong></span> <span class='ocrx_word' id='word_1_346' title='bbox 3490 2205 3713 2251; x_wconf 89' lang='lat' dir='ltr'><strong>mortem</strong></span> 
     </span>
    </p>
   </div>
   <div class='ocr_carea' id='block_1_49' title="bbox 2140 2260 3715 2331">
    <p class='ocr_par' dir='ltr' id='par_1_49' title="bbox 2140 2260 3715 2331">
     <span class='ocr_line' id='line_1_49' title="bbox 2140 2260 3715 2331; baseline 0.003 -15"><span class='ocrx_word' id='word_1_347' title='bbox 2140 2260 2917 2331; x_wconf 23' lang='lat' dir='ltr'><strong>pontilicatumiadipisceretur,</strong></span> <span class='ocrx_word' id='word_1_348' title='bbox 2932 2260 3135 2316; x_wconf 87' lang='lat' dir='ltr'><strong>litteras</strong></span> <span class='ocrx_word' id='word_1_349' title='bbox 3158 2264 3223 2317; x_wconf 89' lang='lat' dir='ltr'><strong>ad</strong></span> <span class='ocrx_word' id='word_1_350' title='bbox 3239 2264 3493 2319; x_wconf 82' lang='lat' dir='ltr'><strong>Joannem</strong></span> <span class='ocrx_word' id='word_1_351' title='bbox 3522 2281 3715 2320; x_wconf 85' lang='lat' dir='ltr'><strong>novum</strong></span> 
     </span>
    </p>
   </div>
   <div class='ocr_carea' id='block_1_50' title="bbox 2139 2330 3715 2414">
    <p class='ocr_par' dir='ltr' id='par_1_50' title="bbox 2139 2330 3715 2414">
     <span class='ocr_line' id='line_1_50' title="bbox 2139 2330 3715 2414; baseline 0.002 -28"><span class='ocrx_word' id='word_1_352' title='bbox 2139 2330 2425 2412; x_wconf 79' lang='lat' dir='ltr'><strong>exarchum</strong></span> <span class='ocrx_word' id='word_1_353' title='bbox 2490 2330 2948 2414; x_wconf 62' lang='lat' dir='ltr'><strong>Ravennatensern</strong></span> <span class='ocrx_word' id='word_1_354' title='bbox 2995 2331 3168 2396; x_wconf 82' lang='lat' dir='ltr'><strong>misit,</strong></span> <span class='ocrx_word' id='word_1_355' title='bbox 3218 2335 3373 2414; x_wconf 73' lang='lat' dir='ltr'><strong>eique</strong></span> <span class='ocrx_word' id='word_1_356' title='bbox 3433 2350 3550 2387; x_wconf 91' lang='lat' dir='ltr'><strong>eam</strong></span> <span class='ocrx_word' id='word_1_357' title='bbox 3604 2339 3715 2390; x_wconf 90' lang='lat' dir='ltr'><strong>auri</strong></span> 
     </span>
    </p>
   </div>
   <div class='ocr_carea' id='block_1_51' title="bbox 2139 2401 3718 2471">
    <p class='ocr_par' dir='ltr' id='par_1_51' title="bbox 2139 2401 3718 2471">
     <span class='ocr_line' id='line_1_51' title="bbox 2139 2401 3718 2471; baseline 0.003 -16"><span class='ocrx_word' id='word_1_358' title='bbox 2139 2401 2510 2469; x_wconf 87' lang='lat' dir='ltr'><strong>quantitatem,</strong></span> <span class='ocrx_word' id='word_1_359' title='bbox 2533 2414 2689 2468; x_wconf 90' lang='lat' dir='ltr'><strong>quam</strong></span> <span class='ocrx_word' id='word_1_360' title='bbox 2713 2401 3025 2455; x_wconf 90' lang='lat' dir='ltr'><strong>Benedictus</strong></span> <span class='ocrx_word' id='word_1_361' title='bbox 3053 2416 3187 2469; x_wconf 90' lang='lat' dir='ltr'><strong>papa</strong></span> <span class='ocrx_word' id='word_1_362' title='bbox 3205 2401 3512 2470; x_wconf 87' lang='lat' dir='ltr'><strong>reliquerat,</strong></span> <span class='ocrx_word' id='word_1_363' title='bbox 3532 2419 3718 2471; x_wconf 88' lang='lat' dir='ltr'><strong>quam-</strong></span> 
     </span>
    </p>
   </div>
   <div class='ocr_carea' id='block_1_52' title="bbox 2140 2472 3719 2542">
    <p class='ocr_par' dir='ltr' id='par_1_52' title="bbox 2140 2472 3719 2542">
     <span class='ocr_line' id='line_1_52' title="bbox 2140 2472 3719 2542; baseline 0.003 -19"><span class='ocrx_word' id='word_1_364' title='bbox 2140 2486 2243 2539; x_wconf 88' lang='lat' dir='ltr'><strong>que</strong></span> <span class='ocrx_word' id='word_1_365' title='bbox 2271 2480 2379 2542; x_wconf 88' lang='lat' dir='ltr'><strong>tum</strong></span> <span class='ocrx_word' id='word_1_366' title='bbox 2409 2472 2574 2542; x_wconf 83' lang='lat' dir='ltr'><strong>clero,</strong></span> <span class='ocrx_word' id='word_1_367' title='bbox 2605 2480 2714 2542; x_wconf 87' lang='lat' dir='ltr'><strong>tum</strong></span> <span class='ocrx_word' id='word_1_368' title='bbox 2760 2472 3095 2542; x_wconf 87' lang='lat' dir='ltr'><strong>monasteriis</strong></span> <span class='ocrx_word' id='word_1_369' title='bbox 3124 2474 3305 2527; x_wconf 89' lang='lat' dir='ltr'><strong>Conon</strong></span> <span class='ocrx_word' id='word_1_370' title='bbox 3337 2472 3579 2527; x_wconf 90' lang='lat' dir='ltr'><strong>distribui</strong></span> <span class='ocrx_word' id='word_1_371' title='bbox 3601 2474 3719 2542; x_wconf 83' lang='lat' dir='ltr'><strong>jus-</strong></span> 
     </span>
    </p>
   </div>
   <div class='ocr_carea' id='block_1_53' title="bbox 2140 2540 3721 2611">
    <p class='ocr_par' dir='ltr' id='par_1_53' title="bbox 2140 2540 3721 2611">
     <span class='ocr_line' id='line_1_53' title="bbox 2140 2540 3721 2611; baseline 0.003 -18"><span class='ocrx_word' id='word_1_372' title='bbox 2140 2550 2303 2601; x_wconf 84' lang='lat' dir='ltr'><strong>serat.</strong></span> <span class='ocrx_word' id='word_1_373' title='bbox 2335 2540 2544 2603; x_wconf 91' lang='lat' dir='ltr'><strong>obtulit,</strong></span> <span class='ocrx_word' id='word_1_374' title='bbox 2576 2541 2618 2593; x_wconf 88' lang='lat' dir='ltr'><strong>si</strong></span> <span class='ocrx_word' id='word_1_375' title='bbox 2647 2541 2763 2611; x_wconf 92' lang='lat' dir='ltr'><strong>ejus</strong></span> <span class='ocrx_word' id='word_1_376' title='bbox 2806 2555 2966 2609; x_wconf 88' lang='lat' dir='ltr'><strong>opera</strong></span> <span class='ocrx_word' id='word_1_377' title='bbox 3001 2541 3066 2611; x_wconf 82' lang='lat' dir='ltr'><strong>ad</strong></span> <span class='ocrx_word' id='word_1_378' title='bbox 3100 2542 3460 2609; x_wconf 86' lang='lat' dir='ltr'><strong>pontificatum</strong></span> <span class='ocrx_word' id='word_1_379' title='bbox 3495 2540 3721 2611; x_wconf 83' lang='lat' dir='ltr'><strong>eligere-</strong></span> 
     </span>
    </p>
   </div>
   <div class='ocr_carea' id='block_1_54' title="bbox 2142 2609 3717 2675">
    <p class='ocr_par' dir='ltr' id='par_1_54' title="bbox 2142 2609 3717 2675">
     <span class='ocr_line' id='line_1_54' title="bbox 2142 2609 3717 2675; baseline 0.001 -11"><span class='ocrx_word' id='word_1_380' title='bbox 2142 2619 2247 2664; x_wconf 91' lang='lat' dir='ltr'><strong>tur.</strong></span> <span class='ocrx_word' id='word_1_381' title='bbox 2300 2611 2425 2665; x_wconf 85' lang='lat' dir='ltr'><strong>Post</strong></span> <span class='ocrx_word' id='word_1_382' title='bbox 2460 2618 2663 2675; x_wconf 88' lang='lat' dir='ltr'><strong>septem</strong></span> <span class='ocrx_word' id='word_1_383' title='bbox 2704 2610 2817 2663; x_wconf 91' lang='lat' dir='ltr'><strong>dies</strong></span> <span class='ocrx_word' id='word_1_384' title='bbox 2865 2626 2893 2663; x_wconf 90' lang='lat' dir='ltr'><strong>a</strong></span> <span class='ocrx_word' id='word_1_385' title='bbox 2943 2609 3195 2665; x_wconf 87' lang='lat' dir='ltr'><strong>defuncto</strong></span> <span class='ocrx_word' id='word_1_386' title='bbox 3244 2611 3413 2665; x_wconf 66' lang='lat' dir='ltr'><strong>beatae</strong></span> <span class='ocrx_word' id='word_1_387' title='bbox 3443 2609 3717 2667; x_wconf 69' lang='lat' dir='ltr'><strong>memoria:</strong></span> 
     </span>
    </p>
   </div>
   <div class='ocr_carea' id='block_1_55' title="bbox 2141 2679 3717 2744">
    <p class='ocr_par' dir='ltr' id='par_1_55' title="bbox 2141 2679 3717 2744">
     <span class='ocr_line' id='line_1_55' title="bbox 2141 2679 3717 2744; baseline 0.001 -10"><span class='ocrx_word' id='word_1_388' title='bbox 2141 2680 2377 2743; x_wconf 89' lang='lat' dir='ltr'><strong>Conone,</strong></span> <span class='ocrx_word' id='word_1_389' title='bbox 2424 2689 2480 2733; x_wconf 94' lang='lat' dir='ltr'><strong>ut</strong></span> <span class='ocrx_word' id='word_1_390' title='bbox 2528 2679 2642 2733; x_wconf 89' lang='lat' dir='ltr'><strong>fieri</strong></span> <span class='ocrx_word' id='word_1_391' title='bbox 2684 2694 2798 2733; x_wconf 91' lang='lat' dir='ltr'><strong>mos</strong></span> <span class='ocrx_word' id='word_1_392' title='bbox 2828 2689 2970 2744; x_wconf 91' lang='lat' dir='ltr'><strong>erat,</strong></span> <span class='ocrx_word' id='word_1_393' title='bbox 3002 2682 3067 2735; x_wconf 93' lang='lat' dir='ltr'><strong>de</strong></span> <span class='ocrx_word' id='word_1_394' title='bbox 3088 2682 3413 2735; x_wconf 87' lang='lat' dir='ltr'><strong>successoris</strong></span> <span class='ocrx_word' id='word_1_395' title='bbox 3456 2682 3717 2736; x_wconf 82' lang='lat' dir='ltr'><strong>electione</strong></span> 
     </span>
    </p>
   </div>
   <div class='ocr_carea' id='block_1_56' title="bbox 2142 2748 3718 2820">
    <p class='ocr_par' dir='ltr' id='par_1_56' title="bbox 2142 2748 3718 2820">
     <span class='ocr_line' id='line_1_56' title="bbox 2142 2748 3718 2820; baseline 0.002 -17"><span class='ocrx_word' id='word_1_396' title='bbox 2142 2751 2225 2820; x_wconf 90' lang='lat' dir='ltr'><strong>agi</strong></span> <span class='ocrx_word' id='word_1_397' title='bbox 2248 2760 2502 2819; x_wconf 74' lang='lat' dir='ltr'><strong>emptum.</strong></span> <span class='ocrx_word' id='word_1_398' title='bbox 2535 2748 2735 2817; x_wconf 80' lang='lat' dir='ltr'><strong>Populo</strong></span> <span class='ocrx_word' id='word_1_399' title='bbox 2751 2751 2884 2804; x_wconf 90' lang='lat' dir='ltr'><strong>duas</strong></span> <span class='ocrx_word' id='word_1_400' title='bbox 2909 2748 2964 2820; x_wconf 12' lang='lat' dir='ltr'><strong>in,</strong></span> <span class='ocrx_word' id='word_1_401' title='bbox 2987 2750 3242 2805; x_wconf 82' lang='lat' dir='ltr'><strong>factiones</strong></span> <span class='ocrx_word' id='word_1_402' title='bbox 3263 2750 3455 2814; x_wconf 81' lang='lat' dir='ltr'><strong>diviso,</strong></span> <span class='ocrx_word' id='word_1_403' title='bbox 3486 2752 3718 2806; x_wconf 86' lang='lat' dir='ltr'><strong>schisma</strong></span> 
     </span>
    </p>
   </div>
   <div class='ocr_carea' id='block_1_57' title="bbox 2144 2819 3718 2891">
    <p class='ocr_par' dir='ltr' id='par_1_57' title="bbox 2144 2819 3718 2891">
     <span class='ocr_line' id='line_1_57' title="bbox 2144 2819 3718 2891; baseline 0.001 -17"><span class='ocrx_word' id='word_1_404' title='bbox 2144 2819 2338 2874; x_wconf 63' lang='lat' dir='ltr'><strong>factum</strong></span> <span class='ocrx_word' id='word_1_405' title='bbox 2369 2828 2471 2891; x_wconf 82' lang='lat' dir='ltr'><strong>est.</strong></span> <span class='ocrx_word' id='word_1_406' title='bbox 2502 2820 2634 2891; x_wconf 78' lang='lat' dir='ltr'><strong>Pars</strong></span> <span class='ocrx_word' id='word_1_407' title='bbox 2656 2834 2767 2891; x_wconf 78' lang='lat' dir='ltr'><strong>una</strong></span> <span class='ocrx_word' id='word_1_408' title='bbox 2790 2819 3074 2891; x_wconf 83' lang='lat' dir='ltr'><strong>Theodoro</strong></span> <span class='ocrx_word' id='word_1_409' title='bbox 3098 2821 3584 2891; x_wconf 83' lang='lat' dir='ltr'><strong>archipresbytero,</strong></span> <span class='ocrx_word' id='word_1_410' title='bbox 3619 2823 3718 2876; x_wconf 78' lang='lat' dir='ltr'><strong>Pa-</strong></span> 
     </span>
    </p>
   </div>
   <div class='ocr_carea' id='block_1_58' title="bbox 2143 2888 3718 2960">
    <p class='ocr_par' dir='ltr' id='par_1_58' title="bbox 2143 2888 3718 2960">
     <span class='ocr_line' id='line_1_58' title="bbox 2143 2888 3718 2960; baseline -0.001 -15"><span class='ocrx_word' id='word_1_411' title='bbox 2143 2891 2309 2960; x_wconf 78' lang='lat' dir='ltr'><strong>schali</strong></span> <span class='ocrx_word' id='word_1_412' title='bbox 2339 2890 2717 2960; x_wconf 87' lang='lat' dir='ltr'><strong>archidiacono</strong></span> <span class='ocrx_word' id='word_1_413' title='bbox 2746 2888 2966 2960; x_wconf 81' lang='lat' dir='ltr'><strong>favebat</strong></span> <span class='ocrx_word' id='word_1_414' title='bbox 2984 2893 3171 2945; x_wconf 87' lang='lat' dir='ltr'><strong>altera.</strong></span> <span class='ocrx_word' id='word_1_415' title='bbox 3220 2888 3329 2945; x_wconf 87' lang='lat' dir='ltr'><strong>Una</strong></span> <span class='ocrx_word' id='word_1_416' title='bbox 3360 2888 3520 2960; x_wconf 80' lang='lat' dir='ltr'><strong>elegit</strong></span> <span class='ocrx_word' id='word_1_417' title='bbox 3546 2894 3718 2946; x_wconf 82' lang='lat' dir='ltr'><strong>&#39;I&#39;heo-</strong></span> 
     </span>
    </p>
   </div>
   <div class='ocr_carea' id='block_1_59' title="bbox 466 2950 3720 3032">
    <p class='ocr_par' dir='ltr' id='par_1_59' title="bbox 466 2950 3720 3032">
     <span class='ocr_line' id='line_1_59' title="bbox 466 2950 3720 3032; baseline -0.002 -11"><span class='ocrx_word' id='word_1_418' title='bbox 466 2950 772 3023; x_wconf 70' lang='lat' dir='ltr'><strong>osculantur</strong></span> <span class='ocrx_word' id='word_1_419' title='bbox 794 2950 957 3032; x_wconf 81' lang='lat' dir='ltr'><strong>pedes</strong></span> <span class='ocrx_word' id='word_1_420' title='bbox 981 2950 1265 3032; x_wconf 70' lang='lat' dir='ltr'><strong>pontilicis.</strong></span> <span class='ocrx_word' id='word_1_421' title='bbox 1295 2950 1629 3032; x_wconf 77' lang='lat' dir='ltr'><strong>Constantini</strong></span> <span class='ocrx_word' id='word_1_422' title='bbox 1656 2950 1921 3029; x_wconf 74' lang='lat' dir='ltr'><strong>poniificls</strong></span> <span class='ocrx_word' id='word_1_423' title='bbox 1946 2976 2035 3032; x_wconf 87' lang='lat' dir='ltr'><strong>pe-</strong></span> <span class='ocrx_word' id='word_1_424' title='bbox 2063 2950 2110 3012; x_wconf 88' lang='lat' dir='ltr'><strong>C</strong></span> <span class='ocrx_word' id='word_1_425' title='bbox 2143 2958 2543 3032; x_wconf 83' lang='lat' dir='ltr'><strong>dorum,_altera</strong></span> <span class='ocrx_word' id='word_1_426' title='bbox 2568 2958 2901 3032; x_wconf 84' lang='lat' dir='ltr'><strong>Paschalem.</strong></span> <span class='ocrx_word' id='word_1_427' title='bbox 2928 2959 3238 3016; x_wconf 85' lang='lat' dir='ltr'><strong>Theodorus</strong></span> <span class='ocrx_word' id='word_1_428' title='bbox 3265 2975 3385 3014; x_wconf 89' lang='lat' dir='ltr'><strong>cum</strong></span> <span class='ocrx_word' id='word_1_429' title='bbox 3412 2950 3607 3029; x_wconf 70' lang='lat' dir='ltr'><strong>populo</strong></span> <span class='ocrx_word' id='word_1_430' title='bbox 3630 2964 3720 3032; x_wconf 80' lang='lat' dir='ltr'><strong>qui</strong></span> 
     </span>
    </p>
   </div>
   <div class='ocr_carea' id='block_1_60' title="bbox 465 3028 2037 3099">
    <p class='ocr_par' dir='ltr' id='par_1_60' title="bbox 465 3028 2037 3099">
     <span class='ocr_line' id='line_1_60' title="bbox 465 3028 2037 3099; baseline -0.004 -8"><span class='ocrx_word' id='word_1_431' title='bbox 465 3038 560 3091; x_wconf 86' lang='lat' dir='ltr'><strong>des</strong></span> <span class='ocrx_word' id='word_1_432' title='bbox 582 3028 849 3090; x_wconf 81' lang='lat' dir='ltr'><strong>osculatus</strong></span> <span class='ocrx_word' id='word_1_433' title='bbox 878 3040 960 3085; x_wconf 88' lang='lat' dir='ltr'><strong>est</strong></span> <span class='ocrx_word' id='word_1_434' title='bbox 986 3028 1315 3085; x_wconf 75' lang='lat' dir='ltr'><strong>Justinianus</strong></span> <span class='ocrx_word' id='word_1_435' title='bbox 1357 3028 1419 3093; x_wconf 91' lang='lat' dir='ltr'><strong>ll,</strong></span> <span class='ocrx_word' id='word_1_436' title='bbox 1451 3029 1521 3084; x_wconf 87' lang='lat' dir='ltr'><strong>de</strong></span> <span class='ocrx_word' id='word_1_437' title='bbox 1551 3028 1665 3099; x_wconf 86' lang='lat' dir='ltr'><strong>quo</strong></span> <span class='ocrx_word' id='word_1_438' title='bbox 1702 3033 1953 3084; x_wconf 86' lang='lat' dir='ltr'><strong>Anastas.</strong></span> <span class='ocrx_word' id='word_1_439' title='bbox 1985 3030 2037 3084; x_wconf 94' lang='lat' dir='ltr'><strong>in</strong></span> 
     </span>
    </p>
   </div>
   <div class='ocr_carea' id='block_1_61' title="bbox 462 3100 2037 3165">
    <p class='ocr_par' dir='ltr' id='par_1_61' title="bbox 462 3100 2037 3165">
     <span class='ocr_line' id='line_1_61' title="bbox 462 3100 2037 3165; baseline -0.006 -3"><span class='ocrx_word' id='word_1_440' title='bbox 462 3105 810 3162; x_wconf 75' lang='lat' dir='ltr'><strong>Constantino</strong></span> <span class='ocrx_word' id='word_1_441' title='bbox 840 3118 855 3156; x_wconf 90' lang='lat'><strong>:</strong></span> <span class='ocrx_word' id='word_1_442' title='bbox 884 3100 948 3155; x_wconf 87' lang='lat' dir='ltr'><strong>In</strong></span> <span class='ocrx_word' id='word_1_443' title='bbox 976 3100 1058 3154; x_wconf 86' lang='lat' dir='ltr'><strong>die</strong></span> <span class='ocrx_word' id='word_1_444' title='bbox 1096 3111 1264 3154; x_wconf 82' lang='lat' dir='ltr'><strong>autem</strong></span> <span class='ocrx_word' id='word_1_445' title='bbox 1305 3116 1404 3165; x_wconf 87' lang='lat' dir='ltr'><strong>qua</strong></span> <span class='ocrx_word' id='word_1_446' title='bbox 1441 3115 1494 3152; x_wconf 88' lang='lat' dir='ltr'><strong>se</strong></span> <span class='ocrx_word' id='word_1_447' title='bbox 1532 3101 1742 3153; x_wconf 79' lang='lat' dir='ltr'><strong>invicem</strong></span> <span class='ocrx_word' id='word_1_448' title='bbox 1781 3100 2037 3165; x_wconf 84' lang='lat' dir='ltr'><strong>viderunt,</strong></span> 
     </span>
    </p>
   </div>
   <div class='ocr_carea' id='block_1_62' title="bbox 465 3170 2039 3247">
    <p class='ocr_par' dir='ltr' id='par_1_62' title="bbox 465 3170 2039 3247">
     <span class='ocr_line' id='line_1_62' title="bbox 465 3170 2039 3247; baseline -0.006 -16"><span class='ocrx_word' id='word_1_449' title='bbox 465 3180 722 3247; x_wconf 78' lang='lat' dir='ltr'><strong>Augustus</strong></span> <span class='ocrx_word' id='word_1_450' title='bbox 742 3172 1204 3247; x_wconf 71' lang='lat' dir='ltr'><strong>Christianissimus</strong></span> <span class='ocrx_word' id='word_1_451' title='bbox 1227 3186 1343 3247; x_wconf 69' lang='lat' dir='ltr'><strong>cum</strong></span> <span class='ocrx_word' id='word_1_452' title='bbox 1365 3185 1518 3247; x_wconf 66' lang='lat' dir='ltr'><strong>regno</strong></span> <span class='ocrx_word' id='word_1_453' title='bbox 1540 3170 1590 3247; x_wconf 78' lang='lat' dir='ltr'><strong>in</strong></span> <span class='ocrx_word' id='word_1_454' title='bbox 1608 3170 1771 3247; x_wconf 80' lang='lat' dir='ltr'><strong>capite</strong></span> <span class='ocrx_word' id='word_1_455' title='bbox 1790 3185 1896 3247; x_wconf 71' lang='lat' dir='ltr'><strong>sese</strong></span> <span class='ocrx_word' id='word_1_456' title='bbox 1916 3186 2039 3238; x_wconf 88' lang='lat' dir='ltr'><strong>pro-</strong></span> 
     </span>
    </p>
   </div>
   <div class='ocr_carea' id='block_1_63' title="bbox 464 3238 2040 3312">
    <p class='ocr_par' dir='ltr' id='par_1_63' title="bbox 464 3238 2040 3312">
     <span class='ocr_line' id='line_1_63' title="bbox 464 3238 2040 3312; baseline -0.003 -12"><span class='ocrx_word' id='word_1_457' title='bbox 464 3238 659 3311; x_wconf 58' lang='lat' dir='ltr'><strong>stravit,</strong></span> <span class='ocrx_word' id='word_1_458' title='bbox 686 3244 834 3312; x_wconf 83' lang='lat' dir='ltr'><strong>pedes</strong></span> <span class='ocrx_word' id='word_1_459' title='bbox 881 3242 1118 3312; x_wconf 82' lang='lat' dir='ltr'><strong>osculans</strong></span> <span class='ocrx_word' id='word_1_460' title='bbox 1163 3238 1438 3312; x_wconf 60' lang='lat' dir='ltr'><strong>pontificis;</strong></span> <span class='ocrx_word' id='word_1_461' title='bbox 1466 3238 1755 3312; x_wconf 83' lang='lat' dir='ltr'><strong>Siginolfus</strong></span> <span class='ocrx_word' id='word_1_462' title='bbox 1794 3239 2040 3312; x_wconf 89' lang='lat' dir='ltr'><strong>princeps</strong></span> 
     </span>
    </p>
   </div>
   <div class='ocr_carea' id='block_1_64' title="bbox 467 3309 2037 3381">
    <p class='ocr_par' dir='ltr' id='par_1_64' title="bbox 467 3309 2037 3381">
     <span class='ocr_line' id='line_1_64' title="bbox 467 3309 2037 3381; baseline -0.006 -9"><span class='ocrx_word' id='word_1_463' title='bbox 467 3309 961 3372; x_wconf 81' lang='lat' dir='ltr'><strong>Beneventanorum</strong></span> <span class='ocrx_word' id='word_1_464' title='bbox 992 3328 1020 3364; x_wconf 90' lang='lat' dir='ltr'><strong>a</strong></span> <span class='ocrx_word' id='word_1_465' title='bbox 1044 3311 1230 3381; x_wconf 87' lang='lat' dir='ltr'><strong>Sergio</strong></span> <span class='ocrx_word' id='word_1_466' title='bbox 1261 3310 1302 3363; x_wconf 94' lang='lat' dir='ltr'><strong>ll</strong></span> <span class='ocrx_word' id='word_1_467' title='bbox 1328 3309 1750 3381; x_wconf 84' lang='lat' dir='ltr'><strong>benedictionem</strong></span> <span class='ocrx_word' id='word_1_468' title='bbox 1772 3311 2037 3381; x_wconf 78' lang='lat' dir='ltr'><strong>suscepit,</strong></span> 
     </span>
    </p>
   </div>
   <div class='ocr_carea' id='block_1_65' title="bbox 470 3380 2037 3455">
    <p class='ocr_par' dir='ltr' id='par_1_65' title="bbox 470 3380 2037 3455">
     <span class='ocr_line' id='line_1_65' title="bbox 470 3380 2037 3455; baseline -0.005 -15"><span class='ocrx_word' id='word_1_469' title='bbox 470 3396 613 3455; x_wconf 89' lang='lat' dir='ltr'><strong>prltts</strong></span> <span class='ocrx_word' id='word_1_470' title='bbox 634 3386 900 3455; x_wconf 83' lang='lat' dir='ltr'><strong>osculatus</strong></span> <span class='ocrx_word' id='word_1_471' title='bbox 916 3384 1078 3451; x_wconf 87' lang='lat' dir='ltr'><strong>pedes</strong></span> <span class='ocrx_word' id='word_1_472' title='bbox 1104 3380 1390 3455; x_wconf 84' lang='lat' dir='ltr'><strong>pontificis.</strong></span> <span class='ocrx_word' id='word_1_473' title='bbox 1405 3381 1677 3455; x_wconf 56' lang='lat' dir='ltr'><strong>Anastas.,</strong></span> <span class='ocrx_word' id='word_1_474' title='bbox 1693 3380 1743 3432; x_wconf 94' lang='lat' dir='ltr'><strong>in</strong></span> <span class='ocrx_word' id='word_1_475' title='bbox 1764 3380 1951 3455; x_wconf 80' lang='lat' dir='ltr'><strong>Sergio</strong></span> <span class='ocrx_word' id='word_1_476' title='bbox 1968 3380 2037 3432; x_wconf 90' lang='lat' dir='ltr'><strong>ll:</strong></span> 
     </span>
    </p>
   </div>
   <div class='ocr_carea' id='block_1_66' title="bbox 467 3450 2041 3527">
    <p class='ocr_par' dir='ltr' id='par_1_66' title="bbox 467 3450 2041 3527">
     <span class='ocr_line' id='line_1_66' title="bbox 467 3450 2041 3527; baseline -0.006 -16"><span class='ocrx_word' id='word_1_477' title='bbox 467 3450 623 3522; x_wconf 73' lang='lat' dir='ltr'><strong>Ditem</strong></span> <span class='ocrx_word' id='word_1_478' title='bbox 652 3453 840 3527; x_wconf 65' lang='lat' dir='ltr'><strong>praesul</strong></span> <span class='ocrx_word' id='word_1_479' title='bbox 865 3450 985 3527; x_wconf 75' lang='lat' dir='ltr'><strong>cum</strong></span> <span class='ocrx_word' id='word_1_480' title='bbox 994 3452 1313 3527; x_wconf 78' lang='lat' dir='ltr'><strong>suscepisset,</strong></span> <span class='ocrx_word' id='word_1_481' title='bbox 1336 3450 1447 3503; x_wconf 91' lang='lat' dir='ltr'><strong>solo</strong></span> <span class='ocrx_word' id='word_1_482' title='bbox 1472 3461 1775 3527; x_wconf 76' lang='lat' dir='ltr'><strong>prostratus,</strong></span> <span class='ocrx_word' id='word_1_483' title='bbox 1800 3451 2041 3527; x_wconf 67' lang='lat' dir='ltr'><strong>pretiosos</strong></span> 
     </span>
    </p>
   </div>
   <div class='ocr_carea' id='block_1_67' title="bbox 461 3520 2041 3594">
    <p class='ocr_par' dir='ltr' id='par_1_67' title="bbox 461 3520 2041 3594">
     <span class='ocr_line' id='line_1_67' title="bbox 461 3520 2041 3594; baseline -0.004 -15"><span class='ocrx_word' id='word_1_484' title='bbox 461 3520 622 3594; x_wconf 89' lang='lat' dir='ltr'><strong>ipsius</strong></span> <span class='ocrx_word' id='word_1_485' title='bbox 650 3520 800 3594; x_wconf 74' lang='lat' dir='ltr'><strong>pedes</strong></span> <span class='ocrx_word' id='word_1_486' title='bbox 822 3524 1081 3594; x_wconf 81' lang='lat' dir='ltr'><strong>humiliter</strong></span> <span class='ocrx_word' id='word_1_487' title='bbox 1127 3521 1384 3573; x_wconf 85' lang='lat' dir='ltr'><strong>osculatus</strong></span> <span class='ocrx_word' id='word_1_488' title='bbox 1410 3532 1503 3586; x_wconf 86' lang='lat' dir='ltr'><strong>est,</strong></span> <span class='ocrx_word' id='word_1_489' title='bbox 1553 3528 1599 3572; x_wconf 80' lang='lat' dir='ltr'><strong>ct</strong></span> <span class='ocrx_word' id='word_1_490' title='bbox 1627 3520 1688 3574; x_wconf 90' lang='lat' dir='ltr'><strong>ab</strong></span> <span class='ocrx_word' id='word_1_491' title='bbox 1717 3535 1778 3573; x_wconf 91' lang='lat' dir='ltr'><strong>eo</strong></span> <span class='ocrx_word' id='word_1_492' title='bbox 1807 3520 2041 3594; x_wconf 72' lang='lat' dir='ltr'><strong>benedic-</strong></span> 
     </span>
    </p>
   </div>
   <div class='ocr_carea' id='block_1_68' title="bbox 467 3589 2043 3672">
    <p class='ocr_par' dir='ltr' id='par_1_68' title="bbox 467 3589 2043 3672">
     <span class='ocr_line' id='line_1_68' title="bbox 467 3589 2043 3672; baseline -0.003 -22"><span class='ocrx_word' id='word_1_493' title='bbox 467 3589 602 3672; x_wconf 79' lang='lat' dir='ltr'><strong>tione</strong></span> <span class='ocrx_word' id='word_1_494' title='bbox 627 3589 882 3672; x_wconf 44' lang='lat' dir='ltr'><strong>suscepta“.</strong></span> <span class='ocrx_word' id='word_1_495' title='bbox 907 3592 968 3645; x_wconf 91' lang='lat' dir='ltr'><strong>ab</strong></span> <span class='ocrx_word' id='word_1_496' title='bbox 998 3594 1110 3663; x_wconf 86' lang='lat' dir='ltr'><strong>ejus</strong></span> <span class='ocrx_word' id='word_1_497' title='bbox 1134 3602 1403 3672; x_wconf 60' lang='lat' dir='ltr'><strong>conspectu</strong></span> <span class='ocrx_word' id='word_1_498' title='bbox 1424 3606 1655 3672; x_wconf 76' lang='lat' dir='ltr'><strong>egressus</strong></span> <span class='ocrx_word' id='word_1_499' title='bbox 1682 3600 1775 3672; x_wconf 63' lang='lat' dir='ltr'><strong>est:</strong></span> <span class='ocrx_word' id='word_1_500' title='bbox 1807 3589 2043 3672; x_wconf 70' lang='lat' dir='ltr'><strong>penique</strong></span> 
     </span>
    </p>
   </div>
   <div class='ocr_carea' id='block_1_69' title="bbox 469 3660 2041 3731">
    <p class='ocr_par' dir='ltr' id='par_1_69' title="bbox 469 3660 2041 3731">
     <span class='ocr_line' id='line_1_69' title="bbox 469 3660 2041 3731; baseline -0.005 -10"><span class='ocrx_word' id='word_1_501' title='bbox 469 3667 523 3721; x_wconf 90' lang='lat' dir='ltr'><strong>in</strong></span> <span class='ocrx_word' id='word_1_502' title='bbox 554 3660 816 3722; x_wconf 81' lang='lat' dir='ltr'><strong>electione</strong></span> <span class='ocrx_word' id='word_1_503' title='bbox 847 3663 1000 3717; x_wconf 79' lang='lat' dir='ltr'><strong>Rom.</strong></span> <span class='ocrx_word' id='word_1_504' title='bbox 1020 3660 1298 3731; x_wconf 80' lang='lat' dir='ltr'><strong>pontificis</strong></span> <span class='ocrx_word' id='word_1_505' title='bbox 1327 3676 1444 3731; x_wconf 83' lang='lat' dir='ltr'><strong>mos</strong></span> <span class='ocrx_word' id='word_1_506' title='bbox 1473 3662 1719 3727; x_wconf 80' lang='lat' dir='ltr'><strong>antiquus</strong></span> <span class='ocrx_word' id='word_1_507' title='bbox 1744 3660 1851 3731; x_wconf 81' lang='lat' dir='ltr'><strong>fuit</strong></span> <span class='ocrx_word' id='word_1_508' title='bbox 1877 3674 2041 3714; x_wconf 86' lang='lat' dir='ltr'><strong>oscu-</strong></span> 
     </span>
    </p>
   </div>
   <div class='ocr_carea' id='block_1_70' title="bbox 464 3729 2043 3804">
    <p class='ocr_par' dir='ltr' id='par_1_70' title="bbox 464 3729 2043 3804">
     <span class='ocr_line' id='line_1_70' title="bbox 464 3729 2043 3804; baseline -0.004 -14"><span class='ocrx_word' id='word_1_509' title='bbox 464 3737 609 3790; x_wconf 89' lang='lat' dir='ltr'><strong>landi</strong></span> <span class='ocrx_word' id='word_1_510' title='bbox 646 3735 818 3804; x_wconf 85' lang='lat' dir='ltr'><strong>pedes</strong></span> <span class='ocrx_word' id='word_1_511' title='bbox 867 3729 1047 3787; x_wconf 68' lang='lat' dir='ltr'><strong>electi;</strong></span> <span class='ocrx_word' id='word_1_512' title='bbox 1073 3732 1213 3785; x_wconf 89' lang='lat' dir='ltr'><strong>Idem</strong></span> <span class='ocrx_word' id='word_1_513' title='bbox 1261 3731 1312 3783; x_wconf 92' lang='lat' dir='ltr'><strong>in</strong></span> <span class='ocrx_word' id='word_1_514' title='bbox 1362 3730 1643 3804; x_wconf 73' lang='lat' dir='ltr'><strong>Leone_lll</strong></span> <span class='ocrx_word' id='word_1_515' title='bbox 1676 3748 1691 3783; x_wconf 89' lang='lat'><strong>:</strong></span> <span class='ocrx_word' id='word_1_516' title='bbox 1727 3729 1827 3794; x_wconf 82' lang='lat' dir='ltr'><strong>Qui</strong></span> <span class='ocrx_word' id='word_1_517' title='bbox 1854 3745 2043 3804; x_wconf 79' lang='lat' dir='ltr'><strong>morem</strong></span> 
     </span>
    </p>
   </div>
   <div class='ocr_carea' id='block_1_71' title="bbox 465 3800 2036 3870">
    <p class='ocr_par' dir='ltr' id='par_1_71' title="bbox 465 3800 2036 3870">
     <span class='ocr_line' id='line_1_71' title="bbox 465 3800 2036 3870; baseline -0.003 -11"><span class='ocrx_word' id='word_1_518' title='bbox 465 3800 818 3861; x_wconf 66' lang='lat' dir='ltr'><strong>conseruantes</strong></span> <span class='ocrx_word' id='word_1_519' title='bbox 871 3804 1154 3870; x_wconf 86' lang='lat' dir='ltr'><strong>antiquum,</strong></span> <span class='ocrx_word' id='word_1_520' title='bbox 1201 3815 1383 3870; x_wconf 73' lang='lat' dir='ltr'><strong>omnes</strong></span> <span class='ocrx_word' id='word_1_521' title='bbox 1422 3800 1637 3852; x_wconf 77' lang='lat' dir='ltr'><strong>osculati</strong></span> <span class='ocrx_word' id='word_1_522' title='bbox 1689 3810 1805 3852; x_wconf 85' lang='lat' dir='ltr'><strong>sunt</strong></span> <span class='ocrx_word' id='word_1_523' title='bbox 1868 3801 2036 3867; x_wconf 74' lang='lat' dir='ltr'><strong>pedes.</strong></span> 
     </span>
    </p>
   </div>
   <div class='ocr_carea' id='block_1_72' title="bbox 466 3869 2042 3939">
    <p class='ocr_par' dir='ltr' id='par_1_72' title="bbox 466 3869 2042 3939">
     <span class='ocr_line' id='line_1_72' title="bbox 466 3869 2042 3939; baseline -0.003 -10"><span class='ocrx_word' id='word_1_524' title='bbox 466 3876 610 3928; x_wconf 80' lang='lat' dir='ltr'><strong>Idem</strong></span> <span class='ocrx_word' id='word_1_525' title='bbox 639 3878 691 3928; x_wconf 90' lang='lat' dir='ltr'><strong>in</strong></span> <span class='ocrx_word' id='word_1_526' title='bbox 724 3869 1136 3926; x_wconf 81' lang='lat' dir='ltr'><strong>Benedictum:</strong></span> <span class='ocrx_word' id='word_1_527' title='bbox 1171 3869 1235 3921; x_wconf 84' lang='lat' dir='ltr'><strong>Et</strong></span> <span class='ocrx_word' id='word_1_528' title='bbox 1266 3870 1589 3937; x_wconf 84' lang='lat' dir='ltr'><strong>procedentes</strong></span> <span class='ocrx_word' id='word_1_529' title='bbox 1625 3871 1833 3939; x_wconf 77' lang='lat' dir='ltr'><strong>vestigia</strong></span> <span class='ocrx_word' id='word_1_530' title='bbox 1880 3871 2042 3938; x_wconf 86' lang='lat' dir='ltr'><strong>ipsius</strong></span> 
     </span>
    </p>
   </div>
   <div class='ocr_carea' id='block_1_73' title="bbox 470 3942 1348 4009">
    <p class='ocr_par' dir='ltr' id='par_1_73' title="bbox 470 3942 1348 4009">
     <span class='ocr_line' id='line_1_73' title="bbox 470 3942 1348 4009; baseline -0.007 -13"><span class='ocrx_word' id='word_1_531' title='bbox 470 3945 691 3996; x_wconf 75' lang='lat' dir='ltr'><strong>osculari</strong></span> <span class='ocrx_word' id='word_1_532' title='bbox 721 3951 989 4009; x_wconf 68' lang='lat' dir='ltr'><strong>cmperunt.</strong></span> <span class='ocrx_word' id='word_1_533' title='bbox 1016 3942 1348 4009; x_wconf 64' lang='lat' dir='ltr'><strong>Amasenus.</strong></span> 
     </span>
    </p>
   </div>
   <div class='ocr_carea' id='block_1_74' title="bbox 538 4007 2044 4080">
    <p class='ocr_par' dir='ltr' id='par_1_74' title="bbox 538 4007 2044 4080">
     <span class='ocr_line' id='line_1_74' title="bbox 538 4007 2044 4080; baseline 0 -16"><span class='ocrx_word' id='word_1_534' title='bbox 538 4013 564 4048; x_wconf 73' lang='grc' dir='ltr'><em>α</em></span> <span class='ocrx_word' id='word_1_535' title='bbox 596 4007 817 4080; x_wconf 76' lang='lat' dir='ltr'><strong>Pignori</strong></span> <span class='ocrx_word' id='word_1_536' title='bbox 845 4010 1000 4061; x_wconf 85' lang='lat' dir='ltr'><strong>tradi.</strong></span> <span class='ocrx_word' id='word_1_537' title='bbox 1028 4008 1277 4080; x_wconf 84' lang='lat' dir='ltr'><strong>Episcopi</strong></span> <span class='ocrx_word' id='word_1_538' title='bbox 1307 4011 1358 4080; x_wconf 85' lang='lat' dir='ltr'><strong>in_</strong></span> <span class='ocrx_word' id='word_1_539' title='bbox 1403 4007 1636 4080; x_wconf 77' lang='lat' dir='ltr'><strong>publicis</strong></span> <span class='ocrx_word' id='word_1_540' title='bbox 1660 4008 1911 4063; x_wconf 63' lang='lat' dir='ltr'><strong>Ecclesia</strong></span> <span class='ocrx_word' id='word_1_541' title='bbox 1951 4025 2044 4065; x_wconf 87' lang='lat' dir='ltr'><strong>ne-</strong></span> 
     </span>
    </p>
   </div>
   <div class='ocr_carea' id='block_1_75' title="bbox 465 4074 2040 4146">
    <p class='ocr_par' dir='ltr' id='par_1_75' title="bbox 465 4074 2040 4146">
     <span class='ocr_line' id='line_1_75' title="bbox 465 4074 2040 4146; baseline -0.002 -10"><span class='ocrx_word' id='word_1_542' title='bbox 465 4074 806 4136; x_wconf 77' lang='lat' dir='ltr'><strong>cessitaiibus</strong></span> <span class='ocrx_word' id='word_1_543' title='bbox 827 4090 976 4129; x_wconf 89' lang='lat' dir='ltr'><strong>sacra</strong></span> <span class='ocrx_word' id='word_1_544' title='bbox 1002 4092 1123 4146; x_wconf 88' lang='lat' dir='ltr'><strong>vasa</strong></span> <span class='ocrx_word' id='word_1_545' title='bbox 1156 4074 1358 4146; x_wconf 81' lang='lat' dir='ltr'><strong>pignori</strong></span> <span class='ocrx_word' id='word_1_546' title='bbox 1381 4075 1595 4146; x_wconf 84' lang='lat' dir='ltr'><strong>dabant,</strong></span> <span class='ocrx_word' id='word_1_547' title='bbox 1622 4077 1865 4146; x_wconf 88' lang='lat' dir='ltr'><strong>ipsasque</strong></span> <span class='ocrx_word' id='word_1_548' title='bbox 1882 4080 2040 4133; x_wconf 89' lang='lat' dir='ltr'><strong>etiam</strong></span> 
     </span>
    </p>
   </div>
   <div class='ocr_carea' id='block_1_76' title="bbox 465 4145 2044 4219">
    <p class='ocr_par' dir='ltr' id='par_1_76' title="bbox 465 4145 2044 4219">
     <span class='ocr_line' id='line_1_76' title="bbox 465 4145 2044 4219; baseline -0.001 -13"><span class='ocrx_word' id='word_1_549' title='bbox 465 4164 722 4219; x_wconf 79' lang='lat' dir='ltr'><strong>personas</strong></span> <span class='ocrx_word' id='word_1_550' title='bbox 752 4162 878 4219; x_wconf 58' lang='lat' dir='ltr'><strong>qua;</strong></span> <span class='ocrx_word' id='word_1_551' title='bbox 914 4145 1413 4219; x_wconf 22' lang='lat' dir='ltr'><strong>servitio‘Ecclesite</strong></span> <span class='ocrx_word' id='word_1_552' title='bbox 1462 4145 1688 4219; x_wconf 72' lang='lat' dir='ltr'><strong>addicta:</strong></span> <span class='ocrx_word' id='word_1_553' title='bbox 1730 4145 1903 4201; x_wconf 85' lang='lat' dir='ltr'><strong>erant.</strong></span> <span class='ocrx_word' id='word_1_554' title='bbox 1946 4149 2044 4219; x_wconf 19' lang='lat' dir='ltr'><strong>iSic</strong></span> 
     </span>
    </p>
   </div>
   <div class='ocr_carea' id='block_1_77' title="bbox 464 4215 2042 4284">
    <p class='ocr_par' dir='ltr' id='par_1_77' title="bbox 464 4215 2042 4284">
     <span class='ocr_line' id='line_1_77' title="bbox 464 4215 2042 4284; baseline -0.002 -9"><span class='ocrx_word' id='word_1_555' title='bbox 464 4215 670 4281; x_wconf 80' lang='lat' dir='ltr'><strong>Conon,</strong></span> <span class='ocrx_word' id='word_1_556' title='bbox 701 4233 822 4273; x_wconf 92' lang='lat' dir='ltr'><strong>cum</strong></span> <span class='ocrx_word' id='word_1_557' title='bbox 848 4217 879 4269; x_wconf 91' lang='lat' dir='ltr'><strong>ii</strong></span> <span class='ocrx_word' id='word_1_558' title='bbox 907 4216 998 4284; x_wconf 92' lang='lat' dir='ltr'><strong>qui</strong></span> <span class='ocrx_word' id='word_1_559' title='bbox 1043 4218 1094 4269; x_wconf 91' lang='lat' dir='ltr'><strong>in</strong></span> <span class='ocrx_word' id='word_1_560' title='bbox 1125 4216 1302 4270; x_wconf 88' lang='lat' dir='ltr'><strong>Sicilia</strong></span> <span class='ocrx_word' id='word_1_561' title='bbox 1332 4215 1397 4268; x_wconf 87' lang='lat' dir='ltr'><strong>ad</strong></span> <span class='ocrx_word' id='word_1_562' title='bbox 1424 4217 1716 4270; x_wconf 88' lang='lat' dir='ltr'><strong>curandum</strong></span> <span class='ocrx_word' id='word_1_563' title='bbox 1745 4220 1914 4272; x_wconf 89' lang='lat' dir='ltr'><strong>sancti</strong></span> <span class='ocrx_word' id='word_1_564' title='bbox 1939 4218 2042 4272; x_wconf 87' lang='lat' dir='ltr'><strong>Pe-</strong></span> 
     </span>
    </p>
   </div>
   <div class='ocr_carea' id='block_1_78' title="bbox 464 4285 2042 4361">
    <p class='ocr_par' dir='ltr' id='par_1_78' title="bbox 464 4285 2042 4361">
     <span class='ocr_line' id='line_1_78' title="bbox 464 4285 2042 4361; baseline 0 -18"><span class='ocrx_word' id='word_1_565' title='bbox 464 4291 529 4345; x_wconf 91' lang='lat' dir='ltr'><strong>tri</strong></span> <span class='ocrx_word' id='word_1_566' title='bbox 578 4287 956 4361; x_wconf 85' lang='lat' dir='ltr'><strong>patrimonium</strong></span> <span class='ocrx_word' id='word_1_567' title='bbox 1005 4285 1351 4361; x_wconf 77' lang='lat' dir='ltr'><strong>morabantur</strong></span> <span class='ocrx_word' id='word_1_568' title='bbox 1394 4285 1535 4361; x_wconf 86' lang='lat' dir='ltr'><strong>loco_</strong></span> <span class='ocrx_word' id='word_1_569' title='bbox 1569 4288 1802 4361; x_wconf 81' lang='lat' dir='ltr'><strong>pignoris</strong></span> <span class='ocrx_word' id='word_1_570' title='bbox 1834 4298 2042 4361; x_wconf 82' lang='lat' dir='ltr'><strong>essent</strong></span> 
     </span>
    </p>
   </div>
   <div class='ocr_carea' id='block_1_79' title="bbox 461 4355 2043 4429">
    <p class='ocr_par' dir='ltr' id='par_1_79' title="bbox 461 4355 2043 4429">
     <span class='ocr_line' id='line_1_79' title="bbox 461 4355 2043 4429; baseline -0.002 -14"><span class='ocrx_word' id='word_1_571' title='bbox 461 4355 600 4429; x_wconf 78' lang='lat' dir='ltr'><strong>apud</strong></span> <span class='ocrx_word' id='word_1_572' title='bbox 630 4359 894 4423; x_wconf 88' lang='lat' dir='ltr'><strong>militiam,</strong></span> <span class='ocrx_word' id='word_1_573' title='bbox 944 4356 1205 4429; x_wconf 80' lang='lat' dir='ltr'><strong>redimere</strong></span> <span class='ocrx_word' id='word_1_574' title='bbox 1234 4369 1328 4429; x_wconf 84' lang='lat' dir='ltr'><strong>eos</strong></span> <span class='ocrx_word' id='word_1_575' title='bbox 1355 4355 1580 4429; x_wconf 85' lang='lat' dir='ltr'><strong>curavit.</strong></span> <span class='ocrx_word' id='word_1_576' title='bbox 1637 4357 1787 4429; x_wconf 83' lang='lat' dir='ltr'><strong>Unde</strong></span> <span class='ocrx_word' id='word_1_577' title='bbox 1831 4360 1882 4412; x_wconf 92' lang='lat' dir='ltr'><strong>in</strong></span> <span class='ocrx_word' id='word_1_578' title='bbox 1927 4360 2043 4427; x_wconf 90' lang='lat' dir='ltr'><strong>ejus</strong></span> 
     </span>
    </p>
   </div>
   <div class='ocr_carea' id='block_1_80' title="bbox 465 4426 2044 4497">
    <p class='ocr_par' dir='ltr' id='par_1_80' title="bbox 465 4426 2044 4497">
     <span class='ocr_line' id='line_1_80' title="bbox 465 4426 2044 4497; baseline -0.003 -11"><span class='ocrx_word' id='word_1_579' title='bbox 465 4426 579 4486; x_wconf 70' lang='lat' dir='ltr'><strong>Vita</strong></span> <span class='ocrx_word' id='word_1_580' title='bbox 609 4429 953 4486; x_wconf 83' lang='lat' dir='ltr'><strong>Anastasius:</strong></span> <span class='ocrx_word' id='word_1_581' title='bbox 989 4428 1158 4478; x_wconf 82' lang='lat' dir='ltr'><strong>Aliam</strong></span> <span class='ocrx_word' id='word_1_582' title='bbox 1174 4427 1458 4497; x_wconf 86' lang='lat' dir='ltr'><strong>jussianem</strong></span> <span class='ocrx_word' id='word_1_583' title='bbox 1488 4426 1707 4497; x_wconf 77' lang='lat' dir='ltr'><strong>direxit,</strong></span> <span class='ocrx_word' id='word_1_584' title='bbox 1727 4437 1783 4479; x_wconf 90' lang='lat' dir='ltr'><strong>ut</strong></span> <span class='ocrx_word' id='word_1_585' title='bbox 1810 4426 2044 4481; x_wconf 84' lang='lat' dir='ltr'><strong>restitue-</strong></span> 
     </span>
    </p>
   </div>
   <div class='ocr_carea' id='block_1_81' title="bbox 460 4496 2044 4568">
    <p class='ocr_par' dir='ltr' id='par_1_81' title="bbox 460 4496 2044 4568">
     <span class='ocr_line' id='line_1_81' title="bbox 460 4496 2044 4568; baseline -0.003 -13"><span class='ocrx_word' id='word_1_586' title='bbox 460 4513 597 4556; x_wconf 74' lang='lat' dir='ltr'><strong>retur</strong></span> <span class='ocrx_word' id='word_1_587' title='bbox 638 4500 837 4567; x_wconf 76' lang='lat' dir='ltr'><strong>familia</strong></span> <span class='ocrx_word' id='word_1_588' title='bbox 885 4496 1218 4563; x_wconf 85' lang='lat' dir='ltr'><strong>suprascripti</strong></span> <span class='ocrx_word' id='word_1_589' title='bbox 1239 4497 1573 4568; x_wconf 75' lang='lat' dir='ltr'><strong>patrimonii,</strong></span> <span class='ocrx_word' id='word_1_590' title='bbox 1602 4506 1651 4549; x_wconf 74' lang='lat' dir='ltr'><strong>es</strong></span> <span class='ocrx_word' id='word_1_591' title='bbox 1680 4496 1898 4561; x_wconf 65' lang='lat' dir='ltr'><strong>Sicilia,</strong></span> <span class='ocrx_word' id='word_1_592' title='bbox 1930 4515 2044 4568; x_wconf 81' lang='lat' dir='ltr'><strong>qua:</strong></span> 
     </span>
    </p>
   </div>
   <div class='ocr_carea' id='block_1_82' title="bbox 460 4566 2046 4643">
    <p class='ocr_par' dir='ltr' id='par_1_82' title="bbox 460 4566 2046 4643">
     <span class='ocr_line' id='line_1_82' title="bbox 460 4566 2046 4643; baseline -0.009 -18"><span class='ocrx_word' id='word_1_593' title='bbox 460 4574 514 4625; x_wconf 84' lang='lat' dir='ltr'><strong>in</strong></span> <span class='ocrx_word' id='word_1_594' title='bbox 545 4566 752 4643; x_wconf 80' lang='lat' dir='ltr'><strong>pignore</strong></span> <span class='ocrx_word' id='word_1_595' title='bbox 780 4587 810 4622; x_wconf 88' lang='lat' dir='ltr'><strong>a</strong></span> <span class='ocrx_word' id='word_1_596' title='bbox 839 4568 1021 4643; x_wconf 77' lang='lat' dir='ltr'><strong>militia</strong></span> <span class='ocrx_word' id='word_1_597' title='bbox 1060 4566 1392 4643; x_wconf 54' lang='lat' dir='ltr'><strong>detinebatttr.</strong></span> <span class='ocrx_word' id='word_1_598' title='bbox 1434 4566 1636 4643; x_wconf 62' lang='lat' dir='ltr'><strong>Pariter</strong></span> <span class='ocrx_word' id='word_1_599' title='bbox 1678 4582 1798 4619; x_wconf 90' lang='lat' dir='ltr'><strong>cum</strong></span> <span class='ocrx_word' id='word_1_600' title='bbox 1828 4566 2046 4643; x_wconf 50' lang='lat' dir='ltr'><strong>Agam.</strong></span> 
     </span>
    </p>
   </div>
   <div class='ocr_carea' id='block_1_83' title="bbox 462 4636 2046 4710">
    <p class='ocr_par' dir='ltr' id='par_1_83' title="bbox 462 4636 2046 4710">
     <span class='ocr_line' id='line_1_83' title="bbox 462 4636 2046 4710; baseline -0.002 -15"><span class='ocrx_word' id='word_1_601' title='bbox 462 4636 554 4695; x_wconf 57' lang='lat' dir='ltr'><strong>tus&#39;</strong></span> <span class='ocrx_word' id='word_1_602' title='bbox 577 4636 829 4710; x_wconf 48' lang='lat' dir='ltr'><strong>p’ontifex,</strong></span> <span class='ocrx_word' id='word_1_603' title='bbox 854 4639 919 4710; x_wconf 90' lang='lat' dir='ltr'><strong>ad</strong></span> <span class='ocrx_word' id='word_1_604' title='bbox 949 4638 1051 4690; x_wconf 82' lang='lat' dir='ltr'><strong>iter</strong></span> <span class='ocrx_word' id='word_1_605' title='bbox 1072 4636 1263 4710; x_wconf 89' lang='lat' dir='ltr'><strong>Cplim.</strong></span> <span class='ocrx_word' id='word_1_606' title='bbox 1304 4652 1401 4703; x_wconf 87' lang='lat' dir='ltr'><strong>pro</strong></span> <span class='ocrx_word' id='word_1_607' title='bbox 1433 4636 1683 4689; x_wconf 75' lang='lat' dir='ltr'><strong>Ecclesia:</strong></span> <span class='ocrx_word' id='word_1_608' title='bbox 1718 4636 2046 4710; x_wconf 79' lang='lat' dir='ltr'><strong>necessitati-</strong></span> 
     </span>
    </p>
   </div>
   <div class='ocr_carea' id='block_1_84' title="bbox 463 4708 2044 4779">
    <p class='ocr_par' dir='ltr' id='par_1_84' title="bbox 463 4708 2044 4779">
     <span class='ocr_line' id='line_1_84' title="bbox 463 4708 2044 4779; baseline -0.003 -15"><span class='ocrx_word' id='word_1_609' title='bbox 463 4708 1016 4779; x_wconf 24' lang='lat' dir='ltr'><strong>bus‘suscipiendum,</strong></span> <span class='ocrx_word' id='word_1_610' title='bbox 1060 4708 1725 4779; x_wconf 8' lang='lat' dir='ltr'><strong>pignorassetrsacravasa</strong></span> <span class='ocrx_word' id='word_1_611' title='bbox 1768 4709 1928 4776; x_wconf 82' lang='lat' dir='ltr'><strong>regiis</strong></span> <span class='ocrx_word' id='word_1_612' title='bbox 1957 4723 2044 4760; x_wconf 82' lang='lat' dir='ltr'><strong>ar-</strong></span> 
     </span>
    </p>
   </div>
   <div class='ocr_carea' id='block_1_85' title="bbox 459 4775 2045 4847">
    <p class='ocr_par' dir='ltr' id='par_1_85' title="bbox 459 4775 2045 4847">
     <span class='ocr_line' id='line_1_85' title="bbox 459 4775 2045 4847; baseline -0.002 -12"><span class='ocrx_word' id='word_1_613' title='bbox 459 4784 639 4843; x_wconf 85' lang='lat' dir='ltr'><strong>cariis,</strong></span> <span class='ocrx_word' id='word_1_614' title='bbox 689 4775 997 4847; x_wconf 35' lang='lat' dir='ltr'><strong>re’cogttita,</strong></span> <span class='ocrx_word' id='word_1_615' title='bbox 1026 4788 1241 4831; x_wconf 87' lang='lat' dir='ltr'><strong>senator</strong></span> <span class='ocrx_word' id='word_1_616' title='bbox 1287 4775 1447 4847; x_wconf 87' lang='lat' dir='ltr'><strong>jussit</strong></span> <span class='ocrx_word' id='word_1_617' title='bbox 1475 4777 1702 4847; x_wconf 82' lang='lat' dir='ltr'><strong>restitui,</strong></span> <span class='ocrx_word' id='word_1_618' title='bbox 1758 4775 2045 4847; x_wconf 24' lang='lat' dir='ltr'><strong>ut’legitur</strong></span> 
     </span>
    </p>
   </div>
   <div class='ocr_carea' id='block_1_86' title="bbox 463 4845 2045 4919">
    <p class='ocr_par' dir='ltr' id='par_1_86' title="bbox 463 4845 2045 4919">
     <span class='ocr_line' id='line_1_86' title="bbox 463 4845 2045 4919; baseline -0.002 -17"><span class='ocrx_word' id='word_1_619' title='bbox 463 4853 599 4919; x_wconf 87' lang='lat' dir='ltr'><strong>apud</strong></span> <span class='ocrx_word' id='word_1_620' title='bbox 619 4845 1016 4911; x_wconf 85' lang='lat' dir='ltr'><strong>Cassiodornm,</strong></span> <span class='ocrx_word' id='word_1_621' title='bbox 1044 4848 1136 4919; x_wconf 79' lang='lat' dir='ltr'><strong>lib.</strong></span> <span class='ocrx_word' id='word_1_622' title='bbox 1166 4859 1260 4909; x_wconf 73' lang='grc' dir='ltr'>χιι,</span> <span class='ocrx_word' id='word_1_623' title='bbox 1291 4846 1448 4913; x_wconf 89' lang='lat' dir='ltr'><strong>epist.</strong></span> <span class='ocrx_word' id='word_1_624' title='bbox 1474 4845 1562 4919; x_wconf 66' lang='lat'><strong>20,</strong></span> <span class='ocrx_word' id='word_1_625' title='bbox 1584 4860 1701 4915; x_wconf 75' lang='lat' dir='ltr'><strong>pag.</strong></span> <span class='ocrx_word' id='word_1_626' title='bbox 1732 4847 1831 4900; x_wconf 78' lang='grc'><strong>197</strong></span> <span class='ocrx_word' id='word_1_627' title='bbox 1858 4866 1870 4901; x_wconf 92' lang='lat'>:</span> <span class='ocrx_word' id='word_1_628' title='bbox 1904 4845 2045 4915; x_wconf 81' lang='lat' dir='ltr'><strong>Qua-</strong></span> 
     </span>
    </p>
   </div>
   <div class='ocr_carea' id='block_1_87' title="bbox 466 4916 2041 4989">
    <p class='ocr_par' dir='ltr' id='par_1_87' title="bbox 466 4916 2041 4989">
     <span class='ocr_line' id='line_1_87' title="bbox 466 4916 2041 4989; baseline -0.001 -18"><span class='ocrx_word' id='word_1_629' title='bbox 466 4916 667 4989; x_wconf 76' lang='lat' dir='ltr'><strong>propter</strong></span> <span class='ocrx_word' id='word_1_630' title='bbox 696 4929 871 4973; x_wconf 87' lang='lat' dir='ltr'><strong>nostra</strong></span> <span class='ocrx_word' id='word_1_631' title='bbox 902 4918 1235 4986; x_wconf 67' lang='lat' dir='ltr'><strong>praeceptione</strong></span> <span class='ocrx_word' id='word_1_632' title='bbox 1262 4916 1576 4989; x_wconf 78' lang='lat' dir='ltr'><strong>commoniti,</strong></span> <span class='ocrx_word' id='word_1_633' title='bbox 1609 4927 1653 4968; x_wconf 90' lang='lat' dir='ltr'><strong>et</strong></span> <span class='ocrx_word' id='word_1_634' title='bbox 1682 4919 1819 4989; x_wconf 82' lang='lat' dir='ltr'><strong>regia</strong></span> <span class='ocrx_word' id='word_1_635' title='bbox 1840 4919 2041 4987; x_wconf 86' lang='lat' dir='ltr'><strong>jussio—</strong></span> 
     </span>
    </p>
   </div>
   <div class='ocr_carea' id='block_1_88' title="bbox 465 4986 2044 5057">
    <p class='ocr_par' dir='ltr' id='par_1_88' title="bbox 465 4986 2044 5057">
     <span class='ocr_line' id='line_1_88' title="bbox 465 4986 2044 5057; baseline -0.001 -16"><span class='ocrx_word' id='word_1_636' title='bbox 465 4986 528 5043; x_wconf 79' lang='lat' dir='ltr'><strong>ne</strong></span> <span class='ocrx_word' id='word_1_637' title='bbox 555 4986 734 5055; x_wconf 86' lang='lat' dir='ltr'><strong>securi,</strong></span> <span class='ocrx_word' id='word_1_638' title='bbox 756 5000 1047 5043; x_wconf 85' lang='lat' dir='ltr'><strong>sanctorum</strong></span> <span class='ocrx_word' id='word_1_639' title='bbox 1079 5002 1200 5040; x_wconf 77' lang='lat' dir='ltr'><strong>vasa</strong></span> <span class='ocrx_word' id='word_1_640' title='bbox 1227 5001 1341 5038; x_wconf 85' lang='lat' dir='ltr'><strong>cum</strong></span> <span class='ocrx_word' id='word_1_641' title='bbox 1368 4986 1675 5057; x_wconf 74' lang='lat' dir='ltr'><strong>obligatione</strong></span> <span class='ocrx_word' id='word_1_642' title='bbox 1705 4986 2044 5057; x_wconf 80' lang='lat' dir='ltr'><strong>Chirograplti</strong></span> 
     </span>
    </p>
   </div>
   <div class='ocr_carea' id='block_1_89' title="bbox 462 5054 2042 5126">
    <p class='ocr_par' dir='ltr' id='par_1_89' title="bbox 462 5054 2042 5126">
     <span class='ocr_line' id='line_1_89' title="bbox 462 5054 2042 5126; baseline -0.001 -15"><span class='ocrx_word' id='word_1_643' title='bbox 462 5054 727 5114; x_wconf 74' lang='lat' dir='ltr'><strong>actoribus</strong></span> <span class='ocrx_word' id='word_1_644' title='bbox 758 5062 921 5113; x_wconf 87' lang='lat' dir='ltr'><strong>sancti</strong></span> <span class='ocrx_word' id='word_1_645' title='bbox 979 5057 1121 5111; x_wconf 83' lang='lat' dir='ltr'><strong>Petri</strong></span> <span class='ocrx_word' id='word_1_646' title='bbox 1162 5056 1382 5126; x_wconf 87' lang='lat' dir='ltr'><strong>apostoli</strong></span> <span class='ocrx_word' id='word_1_647' title='bbox 1430 5059 1539 5109; x_wconf 84' lang='lat' dir='ltr'><strong>sine</strong></span> <span class='ocrx_word' id='word_1_648' title='bbox 1580 5054 1753 5124; x_wconf 85' lang='lat' dir='ltr'><strong>aliqua</strong></span> <span class='ocrx_word' id='word_1_649' title='bbox 1799 5054 2042 5110; x_wconf 72' lang='lat' dir='ltr'><strong>dilatione</strong></span> 
     </span>
    </p>
   </div>
   <div class='ocr_carea' id='block_1_90' title="bbox 462 5126 2043 5200">
    <p class='ocr_par' dir='ltr' id='par_1_90' title="bbox 462 5126 2043 5200">
     <span class='ocr_line' id='line_1_90' title="bbox 462 5126 2043 5200; baseline -0.002 -17"><span class='ocrx_word' id='word_1_650' title='bbox 462 5134 716 5200; x_wconf 73' lang='lat' dir='ltr'><strong>refundite</strong></span> <span class='ocrx_word' id='word_1_651' title='bbox 734 5176 749 5197; x_wconf 86' lang='lat'><strong>,</strong></span> <span class='ocrx_word' id='word_1_652' title='bbox 766 5141 820 5183; x_wconf 85' lang='lat' dir='ltr'><strong>ut</strong></span> <span class='ocrx_word' id='word_1_653' title='bbox 846 5131 1043 5183; x_wconf 84' lang='lat' dir='ltr'><strong>lucrose</strong></span> <span class='ocrx_word' id='word_1_654' title='bbox 1067 5129 1266 5180; x_wconf 83' lang='lat' dir='ltr'><strong>reddita</strong></span> <span class='ocrx_word' id='word_1_655' title='bbox 1281 5126 1506 5200; x_wconf 76' lang='lat' dir='ltr'><strong>celeriter</strong></span> <span class='ocrx_word' id='word_1_656' title='bbox 1535 5128 1805 5193; x_wconf 86' lang='lat' dir='ltr'><strong>impetrata</strong></span> <span class='ocrx_word' id='word_1_657' title='bbox 1830 5126 2043 5200; x_wconf 75' lang='lat' dir='ltr'><strong>uidean-</strong></span> 
     </span>
    </p>
   </div>
   <div class='ocr_carea' id='block_1_91' title="bbox 464 5196 2050 5272">
    <p class='ocr_par' dir='ltr' id='par_1_91' title="bbox 464 5196 2050 5272">
     <span class='ocr_line' id='line_1_91' title="bbox 464 5196 2050 5272; baseline 0 -21"><span class='ocrx_word' id='word_1_658' title='bbox 464 5196 567 5263; x_wconf 78' lang='lat' dir='ltr'><strong>tur;</strong></span> <span class='ocrx_word' id='word_1_659' title='bbox 596 5196 767 5272; x_wconf 87' lang='lat' dir='ltr'><strong>optata</strong></span> <span class='ocrx_word' id='word_1_660' title='bbox 804 5241 818 5261; x_wconf 91' lang='lat'><strong>,</strong></span> <span class='ocrx_word' id='word_1_661' title='bbox 849 5204 1134 5272; x_wconf 76' lang='lat' dir='ltr'><strong>refcrantur</strong></span> <span class='ocrx_word' id='word_1_662' title='bbox 1180 5196 1721 5272; x_wconf 26' lang='lat' dir='ltr'><strong>manibustet‘itar‘um</strong></span> <span class='ocrx_word' id='word_1_663' title='bbox 1771 5198 2050 5272; x_wconf 75' lang='lat' dir='ltr'><strong>ministeria</strong></span> 
     </span>
    </p>
   </div>
   <div class='ocr_carea' id='block_1_92' title="bbox 464 5267 2042 5336">
    <p class='ocr_par' dir='ltr' id='par_1_92' title="bbox 464 5267 2042 5336">
     <span class='ocr_line' id='line_1_92' title="bbox 464 5267 2042 5336; baseline -0.001 -15"><span class='ocrx_word' id='word_1_664' title='bbox 464 5282 570 5325; x_wconf 90' lang='lat' dir='ltr'><strong>toto</strong></span> <span class='ocrx_word' id='word_1_665' title='bbox 592 5267 707 5324; x_wconf 75' lang='lat' dir='ltr'><strong>orbe</strong></span> <span class='ocrx_word' id='word_1_666' title='bbox 730 5272 1020 5332; x_wconf 84' lang='lat' dir='ltr'><strong>narranda;</strong></span> <span class='ocrx_word' id='word_1_667' title='bbox 1059 5268 1276 5320; x_wconf 85' lang='lat' dir='ltr'><strong>donetur</strong></span> <span class='ocrx_word' id='word_1_668' title='bbox 1302 5268 1439 5336; x_wconf 86' lang='lat' dir='ltr'><strong>quod</strong></span> <span class='ocrx_word' id='word_1_669' title='bbox 1458 5268 1730 5334; x_wconf 78' lang='lat' dir='ltr'><strong>praprium</strong></span> <span class='ocrx_word' id='word_1_670' title='bbox 1761 5267 1880 5335; x_wconf 78' lang='lat' dir='ltr'><strong>fuit,</strong></span> <span class='ocrx_word' id='word_1_671' title='bbox 1908 5284 2008 5329; x_wconf 86' lang='lat' dir='ltr'><strong>quo</strong></span> <span class='ocrx_word' id='word_1_672' title='bbox 2024 5296 2042 5308; x_wconf 82' lang='lat'><strong>-</strong></span> 
     </span>
    </p>
   </div>
   <div class='ocr_carea' id='block_1_93' title="bbox 464 5336 2039 5412">
    <p class='ocr_par' dir='ltr' id='par_1_93' title="bbox 464 5336 2039 5412">
     <span class='ocr_line' id='line_1_93' title="bbox 464 5336 2039 5412; baseline -0.002 -19"><span class='ocrx_word' id='word_1_673' title='bbox 464 5343 604 5393; x_wconf 85' lang='lat' dir='ltr'><strong>niam</strong></span> <span class='ocrx_word' id='word_1_674' title='bbox 624 5346 761 5412; x_wconf 81' lang='lat' dir='ltr'><strong>juste</strong></span> <span class='ocrx_word' id='word_1_675' title='bbox 787 5356 876 5411; x_wconf 83' lang='lat' dir='ltr'><strong>per</strong></span> <span class='ocrx_word' id='word_1_676' title='bbox 901 5340 1186 5412; x_wconf 77' lang='lat' dir='ltr'><strong>largitatem</strong></span> <span class='ocrx_word' id='word_1_677' title='bbox 1208 5339 1412 5412; x_wconf 83' lang='lat' dir='ltr'><strong>recepit.</strong></span> <span class='ocrx_word' id='word_1_678' title='bbox 1438 5336 1672 5412; x_wconf 79' lang='lat' dir='ltr'><strong>Pignora</strong></span> <span class='ocrx_word' id='word_1_679' title='bbox 1693 5352 2039 5412; x_wconf 63' lang='lat' dir='ltr'><strong>personarum</strong></span> 
     </span>
    </p>
   </div>
   <div class='ocr_carea' id='block_1_94' title="bbox 465 5404 2040 5476">
    <p class='ocr_par' dir='ltr' id='par_1_94' title="bbox 465 5404 2040 5476">
     <span class='ocr_line' id='line_1_94' title="bbox 465 5404 2040 5476; baseline -0.002 -14"><span class='ocrx_word' id='word_1_680' title='bbox 465 5404 921 5466; x_wconf 77' lang='lat' dir='ltr'><strong>sustulitlacobus</strong></span> <span class='ocrx_word' id='word_1_681' title='bbox 950 5404 1012 5471; x_wconf 78' lang='lat' dir='ltr'><strong>ll,</strong></span> <span class='ocrx_word' id='word_1_682' title='bbox 1042 5424 1133 5461; x_wconf 84' lang='lat' dir='ltr'><strong>rex</strong></span> <span class='ocrx_word' id='word_1_683' title='bbox 1159 5404 1462 5476; x_wconf 67' lang='lat' dir='ltr'><strong>Aragonim,</strong></span> <span class='ocrx_word' id='word_1_684' title='bbox 1500 5404 1624 5460; x_wconf 78' lang='lat' dir='ltr'><strong>ann.</strong></span> <span class='ocrx_word' id='word_1_685' title='bbox 1656 5404 1827 5462; x_wconf 69' lang='lat'><strong>1269:</strong></span> <span class='ocrx_word' id='word_1_686' title='bbox 1866 5405 2040 5459; x_wconf 83' lang='lat' dir='ltr'><strong>Nolu-</strong></span> 
     </span>
    </p>
   </div>
   <div class='ocr_carea' id='block_1_95' title="bbox 468 5478 2041 5552">
    <p class='ocr_par' dir='ltr' id='par_1_95' title="bbox 468 5478 2041 5552">
     <span class='ocr_line' id='line_1_95' title="bbox 468 5478 2041 5552; baseline -0.002 -21"><span class='ocrx_word' id='word_1_687' title='bbox 468 5497 581 5533; x_wconf 82' lang='lat' dir='ltr'><strong>mus</strong></span> <span class='ocrx_word' id='word_1_688' title='bbox 606 5486 737 5549; x_wconf 86' lang='lat' dir='ltr'><strong>quod</strong></span> <span class='ocrx_word' id='word_1_689' title='bbox 771 5494 994 5552; x_wconf 80' lang='lat' dir='ltr'><strong>persona</strong></span> <span class='ocrx_word' id='word_1_690' title='bbox 1018 5478 1238 5544; x_wconf 82' lang='lat' dir='ltr'><strong>alicujus</strong></span> <span class='ocrx_word' id='word_1_691' title='bbox 1268 5480 1581 5552; x_wconf 79' lang='lat' dir='ltr'><strong>pignoretur,</strong></span> <span class='ocrx_word' id='word_1_692' title='bbox 1614 5478 2041 5552; x_wconf 14' lang='lat' dir='ltr'><strong>vel‘rationerali-</strong></span> 
     </span>
    </p>
   </div>
   <div class='ocr_carea' id='block_1_96' title="bbox 465 5547 2040 5623">
    <p class='ocr_par' dir='ltr' id='par_1_96' title="bbox 465 5547 2040 5623">
     <span class='ocr_line' id='line_1_96' title="bbox 465 5547 2040 5623; baseline -0.002 -21"><span class='ocrx_word' id='word_1_693' title='bbox 465 5547 863 5623; x_wconf 42' lang='lat' dir='ltr'><strong>cujus&#39;pignoris</strong></span> <span class='ocrx_word' id='word_1_694' title='bbox 879 5549 1135 5617; x_wconf 81' lang='lat' dir='ltr'><strong>capiatur,</strong></span> <span class='ocrx_word' id='word_1_695' title='bbox 1158 5559 1244 5623; x_wconf 80' lang='lat' dir='ltr'><strong>aut</strong></span> <span class='ocrx_word' id='word_1_696' title='bbox 1271 5550 1552 5623; x_wconf 77' lang='lat' dir='ltr'><strong>detineatur</strong></span> <span class='ocrx_word' id='word_1_697' title='bbox 1566 5563 1656 5617; x_wconf 84' lang='lat' dir='ltr'><strong>pro</strong></span> <span class='ocrx_word' id='word_1_698' title='bbox 1677 5547 1843 5623; x_wconf 74' lang='lat' dir='ltr'><strong>debito</strong></span> <span class='ocrx_word' id='word_1_699' title='bbox 1860 5550 2040 5623; x_wconf 77' lang='lat' dir='ltr'><strong>alieno</strong></span> 
     </span>
    </p>
   </div>
   <div class='ocr_carea' id='block_1_97' title="bbox 465 5619 2041 5688">
    <p class='ocr_par' dir='ltr' id='par_1_97' title="bbox 465 5619 2041 5688">
     <span class='ocr_line' id='line_1_97' title="bbox 465 5619 2041 5688; baseline 0 -17"><span class='ocrx_word' id='word_1_700' title='bbox 465 5619 530 5672; x_wconf 88' lang='lat' dir='ltr'><strong>in</strong></span> <span class='ocrx_word' id='word_1_701' title='bbox 549 5619 680 5674; x_wconf 85' lang='lat' dir='ltr'><strong>terra</strong></span> <span class='ocrx_word' id='word_1_702' title='bbox 694 5619 898 5675; x_wconf 66' lang='lat' dir='ltr'><strong>nostra.</strong></span> <span class='ocrx_word' id='word_1_703' title='bbox 918 5657 933 5675; x_wconf 92' lang='lat'><strong>.</strong></span> <span class='ocrx_word' id='word_1_704' title='bbox 956 5658 968 5670; x_wconf 93' lang='lat'><strong>.</strong></span> <span class='ocrx_word' id='word_1_705' title='bbox 1017 5621 1255 5687; x_wconf 76' lang='lat' dir='ltr'><strong>quoniam</strong></span> <span class='ocrx_word' id='word_1_706' title='bbox 1290 5634 1404 5672; x_wconf 88' lang='lat' dir='ltr'><strong>cum</strong></span> <span class='ocrx_word' id='word_1_707' title='bbox 1432 5620 1623 5671; x_wconf 75' lang='lat' dir='ltr'><strong>uicinus</strong></span> <span class='ocrx_word' id='word_1_708' title='bbox 1653 5634 1745 5688; x_wconf 87' lang='lat' dir='ltr'><strong>pro</strong></span> <span class='ocrx_word' id='word_1_709' title='bbox 1773 5619 1936 5671; x_wconf 75' lang='lat' dir='ltr'><strong>vicino</strong></span> <span class='ocrx_word' id='word_1_710' title='bbox 1964 5620 2041 5683; x_wconf 83' lang='lat' dir='ltr'><strong>pi-</strong></span> 
     </span>
    </p>
   </div>
   <div class='ocr_carea' id='block_1_98' title="bbox 465 5688 2041 5760">
    <p class='ocr_par' dir='ltr' id='par_1_98' title="bbox 465 5688 2041 5760">
     <span class='ocr_line' id='line_1_98' title="bbox 465 5688 2041 5760; baseline -0.001 -19"><span class='ocrx_word' id='word_1_711' title='bbox 465 5703 733 5759; x_wconf 82' lang='lat' dir='ltr'><strong>gnoratur,</strong></span> <span class='ocrx_word' id='word_1_712' title='bbox 768 5692 959 5760; x_wconf 80' lang='lat' dir='ltr'><strong>sufﬁcit</strong></span> <span class='ocrx_word' id='word_1_713' title='bbox 995 5688 1131 5757; x_wconf 74' lang='lat' dir='ltr'><strong>quod</strong></span> <span class='ocrx_word' id='word_1_714' title='bbox 1159 5704 1233 5740; x_wconf 82' lang='lat' dir='ltr'><strong>res</strong></span> <span class='ocrx_word' id='word_1_715' title='bbox 1257 5697 1304 5740; x_wconf 90' lang='lat' dir='ltr'><strong>et</strong></span> <span class='ocrx_word' id='word_1_716' title='bbox 1334 5706 1433 5741; x_wconf 89' lang='lat' dir='ltr'><strong>non</strong></span> <span class='ocrx_word' id='word_1_717' title='bbox 1462 5705 1676 5758; x_wconf 87' lang='lat' dir='ltr'><strong>persona</strong></span> <span class='ocrx_word' id='word_1_718' title='bbox 1722 5689 2041 5757; x_wconf 78' lang='lat' dir='ltr'><strong>pignoretur.</strong></span> 
     </span>
    </p>
   </div>
   <div class='ocr_carea' id='block_1_99' title="bbox 467 5762 743 5817">
    <p class='ocr_par' dir='ltr' id='par_1_99' title="bbox 467 5762 743 5817">
     <span class='ocr_line' id='line_1_99' title="bbox 467 5762 743 5817; baseline 0.018 -7"><span class='ocrx_word' id='word_1_719' title='bbox 467 5762 743 5817; x_wconf 67' lang='lat' dir='ltr'><strong>Menenius.</strong></span> 
     </span>
    </p>
   </div>
   <div class='ocr_carea' id='block_1_100' title="bbox 2140 3029 3721 3099">
    <p class='ocr_par' dir='ltr' id='par_1_100' title="bbox 2140 3029 3721 3099">
     <span class='ocr_line' id='line_1_100' title="bbox 2140 3029 3721 3099; baseline -0.001 -14"><span class='ocrx_word' id='word_1_720' title='bbox 2140 3033 2186 3085; x_wconf 91' lang='lat' dir='ltr'><strong>ei</strong></span> <span class='ocrx_word' id='word_1_721' title='bbox 2242 3029 2454 3086; x_wconf 83' lang='lat' dir='ltr'><strong>favebat</strong></span> <span class='ocrx_word' id='word_1_722' title='bbox 2502 3030 2810 3084; x_wconf 89' lang='lat' dir='ltr'><strong>interiorem</strong></span> <span class='ocrx_word' id='word_1_723' title='bbox 2845 3038 3046 3099; x_wconf 90' lang='lat' dir='ltr'><strong>partem</strong></span> <span class='ocrx_word' id='word_1_724' title='bbox 3078 3032 3377 3099; x_wconf 71' lang='lat' dir='ltr'><strong>patriarchii</strong></span> <span class='ocrx_word' id='word_1_725' title='bbox 3407 3033 3592 3096; x_wconf 89' lang='lat' dir='ltr'><strong>tenuit,</strong></span> <span class='ocrx_word' id='word_1_726' title='bbox 3624 3031 3721 3084; x_wconf 84' lang='lat' dir='ltr'><strong>Pa-</strong></span> 
     </span>
    </p>
   </div>
   <div class='ocr_carea' id='block_1_101' title="bbox 2142 3101 3719 3168">
    <p class='ocr_par' dir='ltr' id='par_1_101' title="bbox 2142 3101 3719 3168">
     <span class='ocr_line' id='line_1_101' title="bbox 2142 3101 3719 3168; baseline -0.001 -11"><span class='ocrx_word' id='word_1_727' title='bbox 2142 3101 2335 3157; x_wconf 87' lang='lat' dir='ltr'><strong>schalis</strong></span> <span class='ocrx_word' id='word_1_728' title='bbox 2358 3101 2676 3156; x_wconf 79' lang='lat' dir='ltr'><strong>exteriorem</strong></span> <span class='ocrx_word' id='word_1_729' title='bbox 2723 3110 2925 3168; x_wconf 88' lang='lat' dir='ltr'><strong>partem</strong></span> <span class='ocrx_word' id='word_1_730' title='bbox 2955 3104 3022 3155; x_wconf 89' lang='lat' dir='ltr'><strong>ab</strong></span> <span class='ocrx_word' id='word_1_731' title='bbox 3050 3102 3285 3155; x_wconf 88' lang='lat' dir='ltr'><strong>oratorio</strong></span> <span class='ocrx_word' id='word_1_732' title='bbox 3330 3101 3498 3156; x_wconf 89' lang='lat' dir='ltr'><strong>sancti</strong></span> <span class='ocrx_word' id='word_1_733' title='bbox 3545 3102 3719 3156; x_wconf 86' lang='lat' dir='ltr'><strong>Silve-</strong></span> 
     </span>
    </p>
   </div>
   <div class='ocr_carea' id='block_1_102' title="bbox 2141 3170 3721 3241">
    <p class='ocr_par' dir='ltr' id='par_1_102' title="bbox 2141 3170 3721 3241">
     <span class='ocr_line' id='line_1_102' title="bbox 2141 3170 3721 3241; baseline 0 -15"><span class='ocrx_word' id='word_1_734' title='bbox 2141 3172 2235 3226; x_wconf 90' lang='lat' dir='ltr'><strong>stri</strong></span> <span class='ocrx_word' id='word_1_735' title='bbox 2264 3171 2552 3226; x_wconf 88' lang='lat' dir='ltr'><strong>etbasilica</strong></span> <span class='ocrx_word' id='word_1_736' title='bbox 2579 3171 2768 3241; x_wconf 85' lang='lat' dir='ltr'><strong>domus</strong></span> <span class='ocrx_word' id='word_1_737' title='bbox 2795 3170 2971 3232; x_wconf 69' lang='lat' dir='ltr'><strong>.lnlite.</strong></span> <span class='ocrx_word' id='word_1_738' title='bbox 3002 3186 3121 3239; x_wconf 68' lang='lat' dir='ltr'><strong>qua:</strong></span> <span class='ocrx_word' id='word_1_739' title='bbox 3168 3186 3330 3241; x_wconf 84' lang='lat' dir='ltr'><strong>super</strong></span> <span class='ocrx_word' id='word_1_740' title='bbox 3358 3184 3600 3239; x_wconf 88' lang='lat' dir='ltr'><strong>campum</strong></span> <span class='ocrx_word' id='word_1_741' title='bbox 3634 3188 3721 3226; x_wconf 85' lang='lat' dir='ltr'><strong>re-</strong></span> 
     </span>
    </p>
   </div>
   <div class='ocr_carea' id='block_1_103' title="bbox 2142 3240 3722 3310">
    <p class='ocr_par' dir='ltr' id='par_1_103' title="bbox 2142 3240 3722 3310">
     <span class='ocr_line' id='line_1_103' title="bbox 2142 3240 3722 3310; baseline 0 -14"><span class='ocrx_word' id='word_1_742' title='bbox 2142 3243 2319 3309; x_wconf 89' lang='lat' dir='ltr'><strong>spicit,</strong></span> <span class='ocrx_word' id='word_1_743' title='bbox 2351 3241 2648 3310; x_wconf 89' lang='lat' dir='ltr'><strong>occupavit.</strong></span> <span class='ocrx_word' id='word_1_744' title='bbox 2682 3240 2921 3310; x_wconf 90' lang='lat' dir='ltr'><strong>Cumque</strong></span> <span class='ocrx_word' id='word_1_745' title='bbox 2959 3257 3096 3296; x_wconf 90' lang='lat' dir='ltr'><strong>unus</strong></span> <span class='ocrx_word' id='word_1_746' title='bbox 3134 3240 3285 3295; x_wconf 87' lang='lat' dir='ltr'><strong>alteri</strong></span> <span class='ocrx_word' id='word_1_747' title='bbox 3318 3240 3489 3295; x_wconf 89' lang='lat' dir='ltr'><strong>locum</strong></span> <span class='ocrx_word' id='word_1_748' title='bbox 3530 3242 3722 3296; x_wconf 89' lang='lat' dir='ltr'><strong>cedere</strong></span> 
     </span>
    </p>
   </div>
   <div class='ocr_carea' id='block_1_104' title="bbox 2142 3310 3723 3382">
    <p class='ocr_par' dir='ltr' id='par_1_104' title="bbox 2142 3310 3723 3382">
     <span class='ocr_line' id='line_1_104' title="bbox 2142 3310 3723 3382; baseline 0 -17"><span class='ocrx_word' id='word_1_749' title='bbox 2142 3314 2328 3377; x_wconf 89' lang='lat' dir='ltr'><strong>nollet,</strong></span> <span class='ocrx_word' id='word_1_750' title='bbox 2360 3312 2614 3382; x_wconf 85' lang='lat' dir='ltr'><strong>primates</strong></span> <span class='ocrx_word' id='word_1_751' title='bbox 2651 3310 2888 3379; x_wconf 90' lang='lat' dir='ltr'><strong>judicum</strong></span> <span class='ocrx_word' id='word_1_752' title='bbox 2921 3320 2977 3365; x_wconf 90' lang='lat' dir='ltr'><strong>et</strong></span> <span class='ocrx_word' id='word_1_753' title='bbox 3004 3315 3270 3367; x_wconf 66' lang='lat' dir='ltr'><strong>exercitus</strong></span> <span class='ocrx_word' id='word_1_754' title='bbox 3303 3312 3555 3365; x_wconf 71' lang='lat' dir='ltr'><strong>Romanis</strong></span> <span class='ocrx_word' id='word_1_755' title='bbox 3584 3313 3723 3366; x_wconf 82' lang='lat' dir='ltr'><strong>mili-</strong></span> 
     </span>
    </p>
   </div>
   <div class='ocr_carea' id='block_1_105' title="bbox 2143 3382 3721 3451">
    <p class='ocr_par' dir='ltr' id='par_1_105' title="bbox 2143 3382 3721 3451">
     <span class='ocr_line' id='line_1_105' title="bbox 2143 3382 3721 3451; baseline 0.001 -16"><span class='ocrx_word' id='word_1_756' title='bbox 2143 3383 2250 3445; x_wconf 70' lang='lat' dir='ltr'><strong>tite,</strong></span> <span class='ocrx_word' id='word_1_757' title='bbox 2281 3391 2335 3437; x_wconf 87' lang='lat' dir='ltr'><strong>et</strong></span> <span class='ocrx_word' id='word_1_758' title='bbox 2360 3382 2490 3436; x_wconf 89' lang='lat' dir='ltr'><strong>cleri</strong></span> <span class='ocrx_word' id='word_1_759' title='bbox 2521 3382 2749 3450; x_wconf 89' lang='lat' dir='ltr'><strong>plurima</strong></span> <span class='ocrx_word' id='word_1_760' title='bbox 2781 3396 2902 3451; x_wconf 91' lang='lat' dir='ltr'><strong>pars</strong></span> <span class='ocrx_word' id='word_1_761' title='bbox 2930 3391 2983 3435; x_wconf 93' lang='lat' dir='ltr'><strong>et</strong></span> <span class='ocrx_word' id='word_1_762' title='bbox 3025 3384 3321 3451; x_wconf 73' lang='lat' dir='ltr'><strong>prresertim</strong></span> <span class='ocrx_word' id='word_1_763' title='bbox 3352 3383 3721 3444; x_wconf 87' lang='lat' dir='ltr'><strong>sacerdotum,</strong></span> 
     </span>
    </p>
   </div>
   <div class='ocr_carea' id='block_1_106' title="bbox 2143 3453 3718 3521">
    <p class='ocr_par' dir='ltr' id='par_1_106' title="bbox 2143 3453 3718 3521">
     <span class='ocr_line' id='line_1_106' title="bbox 2143 3453 3718 3521; baseline 0.001 -17"><span class='ocrx_word' id='word_1_764' title='bbox 2143 3453 2206 3506; x_wconf 91' lang='lat' dir='ltr'><strong>ad</strong></span> <span class='ocrx_word' id='word_1_765' title='bbox 2230 3467 2440 3508; x_wconf 88' lang='lat' dir='ltr'><strong>sacrum</strong></span> <span class='ocrx_word' id='word_1_766' title='bbox 2467 3453 2715 3520; x_wconf 88' lang='lat' dir='ltr'><strong>palatium</strong></span> <span class='ocrx_word' id='word_1_767' title='bbox 2741 3467 3052 3519; x_wconf 89' lang='lat' dir='ltr'><strong>perrexere,</strong></span> <span class='ocrx_word' id='word_1_768' title='bbox 3085 3462 3138 3507; x_wconf 90' lang='lat' dir='ltr'><strong>et</strong></span> <span class='ocrx_word' id='word_1_769' title='bbox 3173 3453 3264 3506; x_wconf 90' lang='lat' dir='ltr'><strong>diu</strong></span> <span class='ocrx_word' id='word_1_770' title='bbox 3303 3453 3430 3521; x_wconf 89' lang='lat' dir='ltr'><strong>quid</strong></span> <span class='ocrx_word' id='word_1_771' title='bbox 3460 3453 3718 3521; x_wconf 87' lang='lat' dir='ltr'><strong>agendum</strong></span> 
     </span>
    </p>
   </div>
   <div class='ocr_carea' id='block_1_107' title="bbox 2143 3521 3715 3592">
    <p class='ocr_par' dir='ltr' id='par_1_107' title="bbox 2143 3521 3715 3592">
     <span class='ocr_line' id='line_1_107' title="bbox 2143 3521 3715 3592; baseline -0.003 -15"><span class='ocrx_word' id='word_1_772' title='bbox 2143 3532 2284 3578; x_wconf 86' lang='lat' dir='ltr'><strong>esset</strong></span> <span class='ocrx_word' id='word_1_773' title='bbox 2313 3532 2696 3592; x_wconf 90' lang='lat' dir='ltr'><strong>pertractantes</strong></span> <span class='ocrx_word' id='word_1_774' title='bbox 2718 3565 2732 3589; x_wconf 90' lang='lat'><strong>,</strong></span> <span class='ocrx_word' id='word_1_775' title='bbox 2766 3521 2875 3576; x_wconf 92' lang='lat' dir='ltr'><strong>Deo</strong></span> <span class='ocrx_word' id='word_1_776' title='bbox 2904 3533 3189 3585; x_wconf 86' lang='lat' dir='ltr'><strong>annuente.</strong></span> <span class='ocrx_word' id='word_1_777' title='bbox 3222 3538 3432 3577; x_wconf 90' lang='lat' dir='ltr'><strong>summo</strong></span> <span class='ocrx_word' id='word_1_778' title='bbox 3452 3536 3715 3577; x_wconf 86' lang='lat' dir='ltr'><strong>consensu</strong></span> 
     </span>
    </p>
   </div>
   <div class='ocr_carea' id='block_1_108' title="bbox 2145 3592 3719 3662">
    <p class='ocr_par' dir='ltr' id='par_1_108' title="bbox 2145 3592 3719 3662">
     <span class='ocr_line' id='line_1_108' title="bbox 2145 3592 3719 3662; baseline -0.001 -16"><span class='ocrx_word' id='word_1_779' title='bbox 2145 3595 2359 3647; x_wconf 89' lang='lat' dir='ltr'><strong>tertium</strong></span> <span class='ocrx_word' id='word_1_780' title='bbox 2389 3595 2684 3662; x_wconf 84' lang='lat' dir='ltr'><strong>elegerunt,</strong></span> <span class='ocrx_word' id='word_1_781' title='bbox 2714 3592 2960 3662; x_wconf 78' lang='lat' dir='ltr'><strong>Sergium</strong></span> <span class='ocrx_word' id='word_1_782' title='bbox 2990 3593 3191 3647; x_wconf 88' lang='lat' dir='ltr'><strong>scilicet</strong></span> <span class='ocrx_word' id='word_1_783' title='bbox 3219 3594 3274 3648; x_wconf 89' lang='lat' dir='ltr'><strong>S.</strong></span> <span class='ocrx_word' id='word_1_784' title='bbox 3305 3592 3371 3646; x_wconf 71' lang='grc' dir='ltr'><strong>Β.</strong></span> <span class='ocrx_word' id='word_1_785' title='bbox 3415 3593 3475 3647; x_wconf 84' lang='lat' dir='ltr'><strong>E.</strong></span> <span class='ocrx_word' id='word_1_786' title='bbox 3501 3594 3719 3661; x_wconf 83' lang='lat' dir='ltr'><strong>presby-</strong></span> 
     </span>
    </p>
   </div>
   <div class='ocr_carea' id='block_1_109' title="bbox 2145 3662 3725 3732">
    <p class='ocr_par' dir='ltr' id='par_1_109' title="bbox 2145 3662 3725 3732">
     <span class='ocr_line' id='line_1_109' title="bbox 2145 3662 3725 3732; baseline -0.001 -16"><span class='ocrx_word' id='word_1_787' title='bbox 2145 3673 2339 3729; x_wconf 90' lang='lat' dir='ltr'><strong>terum,</strong></span> <span class='ocrx_word' id='word_1_788' title='bbox 2386 3666 2597 3716; x_wconf 88' lang='lat' dir='ltr'><strong>natione</strong></span> <span class='ocrx_word' id='word_1_789' title='bbox 2640 3663 2852 3732; x_wconf 90' lang='lat' dir='ltr'><strong>Syrum,</strong></span> <span class='ocrx_word' id='word_1_790' title='bbox 2885 3663 3053 3730; x_wconf 89' lang='lat' dir='ltr'><strong>patria</strong></span> <span class='ocrx_word' id='word_1_791' title='bbox 3084 3662 3495 3727; x_wconf 87' lang='lat' dir='ltr'><strong>Antiochennm,</strong></span> <span class='ocrx_word' id='word_1_792' title='bbox 3524 3663 3725 3716; x_wconf 86' lang='lat' dir='ltr'><strong>Tiberii</strong></span> 
     </span>
    </p>
   </div>
   <div class='ocr_carea' id='block_1_110' title="bbox 2144 3731 3723 3797">
    <p class='ocr_par' dir='ltr' id='par_1_110' title="bbox 2144 3731 3723 3797">
     <span class='ocr_line' id='line_1_110' title="bbox 2144 3731 3723 3797; baseline -0.002 -12"><span class='ocrx_word' id='word_1_793' title='bbox 2144 3732 2330 3797; x_wconf 86' lang='lat' dir='ltr'><strong>filium,</strong></span> <span class='ocrx_word' id='word_1_794' title='bbox 2363 3734 2608 3786; x_wconf 86' lang='lat' dir='ltr'><strong>Panormi</strong></span> <span class='ocrx_word' id='word_1_795' title='bbox 2642 3731 2693 3785; x_wconf 85' lang='lat' dir='ltr'><strong>in</strong></span> <span class='ocrx_word' id='word_1_796' title='bbox 2711 3731 2886 3786; x_wconf 89' lang='lat' dir='ltr'><strong>Sicilia</strong></span> <span class='ocrx_word' id='word_1_797' title='bbox 2911 3732 3217 3797; x_wconf 86' lang='lat' dir='ltr'><strong>educatum,</strong></span> <span class='ocrx_word' id='word_1_798' title='bbox 3238 3748 3391 3797; x_wconf 87' lang='lat' dir='ltr'><strong>quem</strong></span> <span class='ocrx_word' id='word_1_799' title='bbox 3417 3732 3723 3785; x_wconf 85' lang='lat' dir='ltr'><strong>Adeodatus</strong></span> 
     </span>
    </p>
   </div>
   <div class='ocr_carea' id='block_1_111' title="bbox 2145 3801 3718 3871">
    <p class='ocr_par' dir='ltr' id='par_1_111' title="bbox 2145 3801 3718 3871">
     <span class='ocr_line' id='line_1_111' title="bbox 2145 3801 3718 3871; baseline -0.003 -14"><span class='ocrx_word' id='word_1_800' title='bbox 2145 3805 2381 3871; x_wconf 85' lang='lat' dir='ltr'><strong>pomifex</strong></span> <span class='ocrx_word' id='word_1_801' title='bbox 2412 3804 2461 3855; x_wconf 92' lang='lat' dir='ltr'><strong>in</strong></span> <span class='ocrx_word' id='word_1_802' title='bbox 2501 3802 2795 3855; x_wconf 66' lang='lat' dir='ltr'><strong>Humanum</strong></span> <span class='ocrx_word' id='word_1_803' title='bbox 2830 3801 3507 3871; x_wconf 77' lang='lat' dir='ltr'><strong>clerum_adoptaverat,_et</strong></span> <span class='ocrx_word' id='word_1_804' title='bbox 3534 3802 3642 3853; x_wconf 85' lang='lat' dir='ltr'><strong>Leo</strong></span> <span class='ocrx_word' id='word_1_805' title='bbox 3674 3801 3718 3853; x_wconf 96' lang='lat' dir='ltr'><strong>Il</strong></span> 
     </span>
    </p>
   </div>
   <div class='ocr_carea' id='block_1_112' title="bbox 2145 3868 3723 3943">
    <p class='ocr_par' dir='ltr' id='par_1_112' title="bbox 2145 3868 3723 3943">
     <span class='ocr_line' id='line_1_112' title="bbox 2145 3868 3723 3943; baseline -0.001 -18"><span class='ocrx_word' id='word_1_806' title='bbox 2145 3868 2514 3943; x_wconf 81' lang='lat' dir='ltr'><strong>presbyterum</strong></span> <span class='ocrx_word' id='word_1_807' title='bbox 2544 3871 2856 3943; x_wconf 40' lang='lat' dir='ltr'><strong>ordinarat;</strong></span> <span class='ocrx_word' id='word_1_808' title='bbox 2870 3871 2999 3943; x_wconf 63' lang='lat' dir='ltr'><strong>Enrn</strong></span> <span class='ocrx_word' id='word_1_809' title='bbox 3035 3868 3213 3943; x_wconf 77' lang='lat' dir='ltr'><strong>itaque</strong></span> <span class='ocrx_word' id='word_1_810' title='bbox 3241 3869 3307 3923; x_wconf 90' lang='lat' dir='ltr'><strong>de</strong></span> <span class='ocrx_word' id='word_1_811' title='bbox 3336 3869 3723 3943; x_wconf 69' lang='lat' dir='ltr'><strong>mediopopuli</strong></span> 
     </span>
    </p>
   </div>
   <div class='ocr_carea' id='block_1_113' title="bbox 2146 3936 3719 4010">
    <p class='ocr_par' dir='ltr' id='par_1_113' title="bbox 2146 3936 3719 4010">
     <span class='ocr_line' id='line_1_113' title="bbox 2146 3936 3719 4010; baseline -0.001 -15"><span class='ocrx_word' id='word_1_812' title='bbox 2146 3936 2392 3996; x_wconf 72' lang='lat' dir='ltr'><strong>tollentes</strong></span> <span class='ocrx_word' id='word_1_813' title='bbox 2418 3943 2468 4010; x_wconf 89' lang='lat' dir='ltr'><strong>in</strong></span> <span class='ocrx_word' id='word_1_814' title='bbox 2512 3939 2783 3993; x_wconf 90' lang='lat' dir='ltr'><strong>oraculum</strong></span> <span class='ocrx_word' id='word_1_815' title='bbox 2826 3936 3148 4010; x_wconf 78' lang='lat' dir='ltr'><strong>B.Ca:sarii</strong></span> <span class='ocrx_word' id='word_1_816' title='bbox 3192 3936 3438 4010; x_wconf 85' lang='lat' dir='ltr'><strong>martyris</strong></span> <span class='ocrx_word' id='word_1_817' title='bbox 3481 3936 3719 4003; x_wconf 80' lang='lat' dir='ltr'><strong>Christi,</strong></span> 
     </span>
    </p>
   </div>
   <div class='ocr_carea' id='block_1_114' title="bbox 2145 4008 3718 4080">
    <p class='ocr_par' dir='ltr' id='par_1_114' title="bbox 2145 4008 3718 4080">
     <span class='ocr_line' id='line_1_114' title="bbox 2145 4008 3718 4080; baseline -0.001 -16"><span class='ocrx_word' id='word_1_818' title='bbox 2145 4014 2281 4080; x_wconf 87' lang='lat' dir='ltr'><strong>quod</strong></span> <span class='ocrx_word' id='word_1_819' title='bbox 2312 4019 2395 4066; x_wconf 88' lang='lat' dir='ltr'><strong>est</strong></span> <span class='ocrx_word' id='word_1_820' title='bbox 2430 4009 2567 4063; x_wconf 88' lang='lat' dir='ltr'><strong>intra</strong></span> <span class='ocrx_word' id='word_1_821' title='bbox 2598 4009 2872 4077; x_wconf 90' lang='lat' dir='ltr'><strong>palatium,</strong></span> <span class='ocrx_word' id='word_1_822' title='bbox 2906 4008 3343 4080; x_wconf 70' lang='lat' dir='ltr'><strong>introduxerunt,</strong></span> <span class='ocrx_word' id='word_1_823' title='bbox 3363 4018 3417 4063; x_wconf 92' lang='lat' dir='ltr'><strong>et</strong></span> <span class='ocrx_word' id='word_1_824' title='bbox 3445 4010 3636 4063; x_wconf 80' lang='lat' dir='ltr'><strong>exinde</strong></span> <span class='ocrx_word' id='word_1_825' title='bbox 3666 4011 3718 4063; x_wconf 90' lang='lat' dir='ltr'><strong>in</strong></span> 
     </span>
    </p>
   </div>
   <div class='ocr_carea' id='block_1_115' title="bbox 2144 4079 3721 4148">
    <p class='ocr_par' dir='ltr' id='par_1_115' title="bbox 2144 4079 3721 4148">
     <span class='ocr_line' id='line_1_115' title="bbox 2144 4079 3721 4148; baseline -0.002 -12"><span class='ocrx_word' id='word_1_826' title='bbox 2144 4079 2501 4137; x_wconf 89' lang='lat' dir='ltr'><strong>Lateranettse</strong></span> <span class='ocrx_word' id='word_1_827' title='bbox 2546 4080 2871 4148; x_wconf 89' lang='lat' dir='ltr'><strong>episcopium</strong></span> <span class='ocrx_word' id='word_1_828' title='bbox 2912 4094 3033 4131; x_wconf 90' lang='lat' dir='ltr'><strong>cum</strong></span> <span class='ocrx_word' id='word_1_829' title='bbox 3082 4079 3293 4132; x_wconf 89' lang='lat' dir='ltr'><strong>landum</strong></span> <span class='ocrx_word' id='word_1_830' title='bbox 3339 4080 3721 4133; x_wconf 83' lang='lat' dir='ltr'><strong>acclamatione</strong></span> 
     </span>
    </p>
   </div>
   <div class='ocr_carea' id='block_1_116' title="bbox 2144 4150 3725 4220">
    <p class='ocr_par' dir='ltr' id='par_1_116' title="bbox 2144 4150 3725 4220">
     <span class='ocr_line' id='line_1_116' title="bbox 2144 4150 3725 4220; baseline -0.002 -15"><span class='ocrx_word' id='word_1_831' title='bbox 2144 4152 2497 4206; x_wconf 86' lang='lat' dir='ltr'><strong>deduxerunt.</strong></span> <span class='ocrx_word' id='word_1_832' title='bbox 2547 4150 2734 4220; x_wconf 81' lang='lat' dir='ltr'><strong>Sergio</strong></span> <span class='ocrx_word' id='word_1_833' title='bbox 2775 4150 3010 4220; x_wconf 86' lang='lat' dir='ltr'><strong>legitimo</strong></span> <span class='ocrx_word' id='word_1_834' title='bbox 3054 4151 3285 4218; x_wconf 84' lang='lat' dir='ltr'><strong>pontifici</strong></span> <span class='ocrx_word' id='word_1_835' title='bbox 3328 4159 3517 4216; x_wconf 89' lang='lat' dir='ltr'><strong>sponte</strong></span> <span class='ocrx_word' id='word_1_836' title='bbox 3559 4150 3725 4202; x_wconf 89' lang='lat' dir='ltr'><strong>cessit</strong></span> 
     </span>
    </p>
   </div>
   <div class='ocr_carea' id='block_1_117' title="bbox 2146 4219 3723 4287">
    <p class='ocr_par' dir='ltr' id='par_1_117' title="bbox 2146 4219 3723 4287">
     <span class='ocr_line' id='line_1_117' title="bbox 2146 4219 3723 4287; baseline -0.003 -12"><span class='ocrx_word' id='word_1_837' title='bbox 2146 4221 2491 4287; x_wconf 80' lang='lat' dir='ltr'><strong>Theodorus;</strong></span> <span class='ocrx_word' id='word_1_838' title='bbox 2516 4219 2803 4287; x_wconf 86' lang='lat' dir='ltr'><strong>Paschalis,</strong></span> <span class='ocrx_word' id='word_1_839' title='bbox 2830 4219 2881 4273; x_wconf 90' lang='lat' dir='ltr'><strong>in</strong></span> <span class='ocrx_word' id='word_1_840' title='bbox 2905 4219 3189 4273; x_wconf 87' lang='lat' dir='ltr'><strong>schismate</strong></span> <span class='ocrx_word' id='word_1_841' title='bbox 3217 4220 3487 4287; x_wconf 78' lang='lat' dir='ltr'><strong>pertinax,</strong></span> <span class='ocrx_word' id='word_1_842' title='bbox 3508 4227 3723 4273; x_wconf 88' lang='lat' dir='ltr'><strong>coactus</strong></span> 
     </span>
    </p>
   </div>
   <div class='ocr_carea' id='block_1_118' title="bbox 2072 4288 3726 4372">
    <p class='ocr_par' dir='ltr' id='par_1_118' title="bbox 2072 4288 3726 4372">
     <span class='ocr_line' id='line_1_118' title="bbox 2072 4288 3726 4372; baseline -0.002 -27"><span class='ocrx_word' id='word_1_843' title='bbox 2072 4312 2125 4372; x_wconf 69' lang='grc' dir='ltr'><strong>ι)</strong></span> <span class='ocrx_word' id='word_1_844' title='bbox 2150 4293 2319 4361; x_wconf 89' lang='lat' dir='ltr'><strong>ipsum</strong></span> <span class='ocrx_word' id='word_1_845' title='bbox 2351 4291 2631 4372; x_wconf 56' lang='lat' dir='ltr'><strong>salutavit,</strong></span> <span class='ocrx_word' id='word_1_846' title='bbox 2650 4292 2740 4372; x_wconf 83' lang='lat' dir='ltr'><strong>sed</strong></span> <span class='ocrx_word' id='word_1_847' title='bbox 2777 4306 2885 4372; x_wconf 68' lang='lat' dir='ltr'><strong>suae</strong></span> <span class='ocrx_word' id='word_1_848' title='bbox 2917 4290 3160 4344; x_wconf 85' lang='lat' dir='ltr'><strong>factionis</strong></span> <span class='ocrx_word' id='word_1_849' title='bbox 3188 4288 3490 4372; x_wconf 80' lang='lat' dir='ltr'><strong>hominibus</strong></span> <span class='ocrx_word' id='word_1_850' title='bbox 3522 4290 3726 4372; x_wconf 48' lang='lat' dir='ltr'><strong>flaven-</strong></span> 
     </span>
    </p>
   </div>
   <div class='ocr_carea' id='block_1_119' title="bbox 2150 4359 3723 4431">
    <p class='ocr_par' dir='ltr' id='par_1_119' title="bbox 2150 4359 3723 4431">
     <span class='ocr_line' id='line_1_119' title="bbox 2150 4359 3723 4431; baseline -0.001 -17"><span class='ocrx_word' id='word_1_851' title='bbox 2150 4359 2270 4415; x_wconf 80' lang='lat' dir='ltr'><strong>tiatu</strong></span> <span class='ocrx_word' id='word_1_852' title='bbox 2323 4362 2531 4421; x_wconf 85' lang='lat' dir='ltr'><strong>missis.</strong></span> <span class='ocrx_word' id='word_1_853' title='bbox 2581 4361 2779 4413; x_wconf 88' lang='lat' dir='ltr'><strong>dictum</strong></span> <span class='ocrx_word' id='word_1_854' title='bbox 2819 4360 3080 4414; x_wconf 78' lang='lat' dir='ltr'><strong>Joannem</strong></span> <span class='ocrx_word' id='word_1_855' title='bbox 3130 4370 3483 4430; x_wconf 87' lang='lat' dir='ltr'><strong>cognomento</strong></span> <span class='ocrx_word' id='word_1_856' title='bbox 3530 4359 3723 4431; x_wconf 69' lang='lat' dir='ltr'><strong>Platyn</strong></span> 
     </span>
    </p>
   </div>
   <div class='ocr_carea' id='block_1_120' title="bbox 2147 4430 3723 4500">
    <p class='ocr_par' dir='ltr' id='par_1_120' title="bbox 2147 4430 3723 4500">
     <span class='ocr_line' id='line_1_120' title="bbox 2147 4430 3723 4500; baseline -0.003 -14"><span class='ocrx_word' id='word_1_857' title='bbox 2147 4433 2433 4486; x_wconf 86' lang='lat' dir='ltr'><strong>exarchum</strong></span> <span class='ocrx_word' id='word_1_858' title='bbox 2494 4432 2713 4485; x_wconf 80' lang='lat' dir='ltr'><strong>Romam</strong></span> <span class='ocrx_word' id='word_1_859' title='bbox 2765 4431 3062 4494; x_wconf 87' lang='lat' dir='ltr'><strong>advocavit,</strong></span> <span class='ocrx_word' id='word_1_860' title='bbox 3109 4431 3197 4499; x_wconf 90' lang='lat' dir='ltr'><strong>qui</strong></span> <span class='ocrx_word' id='word_1_861' title='bbox 3248 4432 3347 4500; x_wconf 91' lang='lat' dir='ltr'><strong>ipsi</strong></span> <span class='ocrx_word' id='word_1_862' title='bbox 3394 4430 3723 4499; x_wconf 75' lang='lat' dir='ltr'><strong>pontificium</strong></span> 
     </span>
    </p>
   </div>
   <div class='ocr_carea' id='block_1_121' title="bbox 2149 4500 3724 4570">
    <p class='ocr_par' dir='ltr' id='par_1_121' title="bbox 2149 4500 3724 4570">
     <span class='ocr_line' id='line_1_121' title="bbox 2149 4500 3724 4570; baseline -0.002 -15"><span class='ocrx_word' id='word_1_863' title='bbox 2149 4518 2342 4556; x_wconf 90' lang='lat' dir='ltr'><strong>nomen</strong></span> <span class='ocrx_word' id='word_1_864' title='bbox 2368 4517 2431 4555; x_wconf 92' lang='lat' dir='ltr'><strong>ac</strong></span> <span class='ocrx_word' id='word_1_865' title='bbox 2452 4500 2755 4570; x_wconf 87' lang='lat' dir='ltr'><strong>dignitatem</strong></span> <span class='ocrx_word' id='word_1_866' title='bbox 2787 4512 3089 4555; x_wconf 84' lang='lat' dir='ltr'><strong>assereret:</strong></span> <span class='ocrx_word' id='word_1_867' title='bbox 3123 4502 3415 4565; x_wconf 87' lang='lat' dir='ltr'><strong>exarchns,</strong></span> <span class='ocrx_word' id='word_1_868' title='bbox 3446 4516 3565 4554; x_wconf 92' lang='lat' dir='ltr'><strong>cum</strong></span> <span class='ocrx_word' id='word_1_869' title='bbox 3596 4500 3724 4554; x_wconf 87' lang='lat' dir='ltr'><strong>Ser-</strong></span> 
     </span>
    </p>
   </div>
   <div class='ocr_carea' id='block_1_122' title="bbox 2147 4571 3729 4642">
    <p class='ocr_par' dir='ltr' id='par_1_122' title="bbox 2147 4571 3729 4642">
     <span class='ocr_line' id='line_1_122' title="bbox 2147 4571 3729 4642; baseline -0.002 -18"><span class='ocrx_word' id='word_1_870' title='bbox 2147 4574 2287 4641; x_wconf 85' lang='lat' dir='ltr'><strong>gium</strong></span> <span class='ocrx_word' id='word_1_871' title='bbox 2322 4571 2570 4642; x_wconf 79' lang='lat' dir='ltr'><strong>legitimis</strong></span> <span class='ocrx_word' id='word_1_872' title='bbox 2592 4571 2854 4642; x_wconf 82' lang='lat' dir='ltr'><strong>suffragiis</strong></span> <span class='ocrx_word' id='word_1_873' title='bbox 2875 4585 2939 4624; x_wconf 91' lang='lat' dir='ltr'><strong>ex</strong></span> <span class='ocrx_word' id='word_1_874' title='bbox 2961 4572 3229 4624; x_wconf 90' lang='lat' dir='ltr'><strong>communi</strong></span> <span class='ocrx_word' id='word_1_875' title='bbox 3256 4586 3519 4625; x_wconf 90' lang='lat' dir='ltr'><strong>consensu</strong></span> <span class='ocrx_word' id='word_1_876' title='bbox 3552 4572 3729 4642; x_wconf 82' lang='lat' dir='ltr'><strong>vidis-</strong></span> 
     </span>
    </p>
   </div>
   <div class='ocr_carea' id='block_1_123' title="bbox 2148 4640 3729 4705">
    <p class='ocr_par' dir='ltr' id='par_1_123' title="bbox 2148 4640 3729 4705">
     <span class='ocr_line' id='line_1_123' title="bbox 2148 4640 3729 4705; baseline -0.002 -10"><span class='ocrx_word' id='word_1_877' title='bbox 2148 4640 2228 4695; x_wconf 84' lang='lat' dir='ltr'><strong>set</strong></span> <span class='ocrx_word' id='word_1_878' title='bbox 2257 4642 2307 4696; x_wconf 93' lang='lat' dir='ltr'><strong>in</strong></span> <span class='ocrx_word' id='word_1_879' title='bbox 2338 4640 2467 4697; x_wconf 78' lang='lat' dir='ltr'><strong>sede</strong></span> <span class='ocrx_word' id='word_1_880' title='bbox 2490 4642 2654 4696; x_wconf 90' lang='lat' dir='ltr'><strong>sancti</strong></span> <span class='ocrx_word' id='word_1_881' title='bbox 2686 4641 2827 4695; x_wconf 87' lang='lat' dir='ltr'><strong>Petri</strong></span> <span class='ocrx_word' id='word_1_882' title='bbox 2872 4643 3211 4705; x_wconf 89' lang='lat' dir='ltr'><strong>collocatum,</strong></span> <span class='ocrx_word' id='word_1_883' title='bbox 3244 4642 3484 4695; x_wconf 85' lang='lat' dir='ltr'><strong>Paschali</strong></span> <span class='ocrx_word' id='word_1_884' title='bbox 3530 4640 3729 4693; x_wconf 75' lang='lat' dir='ltr'><strong>suffra-</strong></span> 
     </span>
    </p>
   </div>
   <div class='ocr_carea' id='block_1_124' title="bbox 2149 4710 3729 4782">
    <p class='ocr_par' dir='ltr' id='par_1_124' title="bbox 2149 4710 3729 4782">
     <span class='ocr_line' id='line_1_124' title="bbox 2149 4710 3729 4782; baseline -0.001 -17"><span class='ocrx_word' id='word_1_885' title='bbox 2149 4714 2260 4781; x_wconf 84' lang='lat' dir='ltr'><strong>gari</strong></span> <span class='ocrx_word' id='word_1_886' title='bbox 2292 4729 2397 4767; x_wconf 91' lang='lat' dir='ltr'><strong>non</strong></span> <span class='ocrx_word' id='word_1_887' title='bbox 2427 4713 2607 4775; x_wconf 86' lang='lat' dir='ltr'><strong>valuit,</strong></span> <span class='ocrx_word' id='word_1_888' title='bbox 2653 4715 2744 4765; x_wconf 84' lang='lat' dir='ltr'><strong>sed</strong></span> <span class='ocrx_word' id='word_1_889' title='bbox 2775 4726 2805 4763; x_wconf 88' lang='lat' dir='ltr'><strong>a</strong></span> <span class='ocrx_word' id='word_1_890' title='bbox 2836 4711 3021 4782; x_wconf 82' lang='lat' dir='ltr'><strong>Sergio</strong></span> <span class='ocrx_word' id='word_1_891' title='bbox 3048 4714 3226 4781; x_wconf 75' lang='lat' dir='ltr'><strong>exegit</strong></span> <span class='ocrx_word' id='word_1_892' title='bbox 3250 4721 3461 4766; x_wconf 89' lang='lat' dir='ltr'><strong>centum</strong></span> <span class='ocrx_word' id='word_1_893' title='bbox 3510 4710 3625 4763; x_wconf 83' lang='lat' dir='ltr'><strong>auri</strong></span> <span class='ocrx_word' id='word_1_894' title='bbox 3661 4710 3729 4764; x_wconf 82' lang='lat' dir='ltr'><strong>li-</strong></span> 
     </span>
    </p>
   </div>
   <div class='ocr_carea' id='block_1_125' title="bbox 2151 4782 3731 4852">
    <p class='ocr_par' dir='ltr' id='par_1_125' title="bbox 2151 4782 3731 4852">
     <span class='ocr_line' id='line_1_125' title="bbox 2151 4782 3731 4852; baseline -0.003 -17"><span class='ocrx_word' id='word_1_895' title='bbox 2151 4788 2293 4847; x_wconf 86' lang='lat' dir='ltr'><strong>bras,</strong></span> <span class='ocrx_word' id='word_1_896' title='bbox 2320 4798 2449 4852; x_wconf 91' lang='lat' dir='ltr'><strong>quas</strong></span> <span class='ocrx_word' id='word_1_897' title='bbox 2483 4784 2581 4851; x_wconf 87' lang='lat' dir='ltr'><strong>ipsi</strong></span> <span class='ocrx_word' id='word_1_898' title='bbox 2626 4784 2939 4850; x_wconf 88' lang='lat' dir='ltr'><strong>promiserat</strong></span> <span class='ocrx_word' id='word_1_899' title='bbox 2994 4782 3281 4836; x_wconf 88' lang='lat' dir='ltr'><strong>Paschalis.</strong></span> <span class='ocrx_word' id='word_1_900' title='bbox 3310 4784 3455 4852; x_wconf 87' lang='lat' dir='ltr'><strong>Quas</strong></span> <span class='ocrx_word' id='word_1_901' title='bbox 3501 4793 3621 4852; x_wconf 83' lang='lat' dir='ltr'><strong>cum</strong></span> <span class='ocrx_word' id='word_1_902' title='bbox 3671 4794 3731 4831; x_wconf 91' lang='lat' dir='ltr'><strong>se</strong></span> 
     </span>
    </p>
   </div>
   <div class='ocr_carea' id='block_1_126' title="bbox 2151 4848 3733 4921">
    <p class='ocr_par' dir='ltr' id='par_1_126' title="bbox 2151 4848 3733 4921">
     <span class='ocr_line' id='line_1_126' title="bbox 2151 4848 3733 4921; baseline -0.004 -16"><span class='ocrx_word' id='word_1_903' title='bbox 2151 4868 2248 4907; x_wconf 91' lang='lat' dir='ltr'><strong>nec</strong></span> <span class='ocrx_word' id='word_1_904' title='bbox 2271 4848 2575 4921; x_wconf 75' lang='lat' dir='ltr'><strong>promisisse</strong></span> <span class='ocrx_word' id='word_1_905' title='bbox 2600 4848 2984 4907; x_wconf 84' lang='lat' dir='ltr'><strong>contestaretur</strong></span> <span class='ocrx_word' id='word_1_906' title='bbox 3001 4853 3239 4920; x_wconf 85' lang='lat' dir='ltr'><strong>Sergius,</strong></span> <span class='ocrx_word' id='word_1_907' title='bbox 3267 4866 3362 4921; x_wconf 85' lang='lat' dir='ltr'><strong>nec</strong></span> <span class='ocrx_word' id='word_1_908' title='bbox 3393 4851 3500 4903; x_wconf 90' lang='lat' dir='ltr'><strong>illis</strong></span> <span class='ocrx_word' id='word_1_909' title='bbox 3520 4848 3733 4921; x_wconf 69' lang='lat' dir='ltr'><strong>solven-</strong></span> 
     </span>
    </p>
   </div>
   <div class='ocr_carea' id='block_1_127' title="bbox 2149 4916 3726 4987">
    <p class='ocr_par' dir='ltr' id='par_1_127' title="bbox 2149 4916 3726 4987">
     <span class='ocr_line' id='line_1_127' title="bbox 2149 4916 3726 4987; baseline -0.003 -12"><span class='ocrx_word' id='word_1_910' title='bbox 2149 4926 2231 4976; x_wconf 90' lang='lat' dir='ltr'><strong>dis</strong></span> <span class='ocrx_word' id='word_1_911' title='bbox 2262 4916 2552 4977; x_wconf 78' lang='lat' dir='ltr'><strong>Ecclesiatn</strong></span> <span class='ocrx_word' id='word_1_912' title='bbox 2582 4924 2708 4978; x_wconf 85' lang='lat' dir='ltr'><strong>satis</strong></span> <span class='ocrx_word' id='word_1_913' title='bbox 2732 4938 2873 4987; x_wconf 84' lang='lat' dir='ltr'><strong>esse,</strong></span> <span class='ocrx_word' id='word_1_914' title='bbox 2898 4931 2951 4975; x_wconf 91' lang='lat' dir='ltr'><strong>et</strong></span> <span class='ocrx_word' id='word_1_915' title='bbox 2976 4922 3042 4975; x_wconf 89' lang='lat' dir='ltr'><strong>ad</strong></span> <span class='ocrx_word' id='word_1_916' title='bbox 3088 4916 3404 4973; x_wconf 74' lang='lat' dir='ltr'><strong>flectendum</strong></span> <span class='ocrx_word' id='word_1_917' title='bbox 3431 4916 3726 4971; x_wconf 85' lang='lat' dir='ltr'><strong>exarchum</strong></span> 
     </span>
    </p>
   </div>
   <div class='ocr_carea' id='block_1_128' title="bbox 2148 4990 3729 5062">
    <p class='ocr_par' dir='ltr' id='par_1_128' title="bbox 2148 4990 3729 5062">
     <span class='ocr_line' id='line_1_128' title="bbox 2148 4990 3729 5062; baseline -0.004 -16"><span class='ocrx_word' id='word_1_918' title='bbox 2148 4995 2430 5047; x_wconf 75' lang='lat' dir='ltr'><strong>cantharus</strong></span> <span class='ocrx_word' id='word_1_919' title='bbox 2477 5004 2529 5046; x_wconf 90' lang='lat' dir='ltr'><strong>et</strong></span> <span class='ocrx_word' id='word_1_920' title='bbox 2571 5008 2817 5055; x_wconf 76' lang='lat' dir='ltr'><strong>coronas,</strong></span> <span class='ocrx_word' id='word_1_921' title='bbox 2860 5006 2980 5062; x_wconf 65' lang='lat' dir='ltr'><strong>quae</strong></span> <span class='ocrx_word' id='word_1_922' title='bbox 3023 5001 3148 5062; x_wconf 81' lang='lat' dir='ltr'><strong>ante</strong></span> <span class='ocrx_word' id='word_1_923' title='bbox 3199 5004 3407 5042; x_wconf 89' lang='lat' dir='ltr'><strong>sacrum</strong></span> <span class='ocrx_word' id='word_1_924' title='bbox 3438 4990 3729 5062; x_wconf 8' lang='lat' dir='ltr'><strong>altare,ret</strong></span> 
     </span>
    </p>
   </div>
   <div class='ocr_carea' id='block_1_129' title="bbox 2147 5060 3726 5130">
    <p class='ocr_par' dir='ltr' id='par_1_129' title="bbox 2147 5060 3726 5130">
     <span class='ocr_line' id='line_1_129' title="bbox 2147 5060 3726 5130; baseline -0.003 -13"><span class='ocrx_word' id='word_1_925' title='bbox 2147 5066 2535 5118; x_wconf 88' lang='lat' dir='ltr'><strong>confessionem</strong></span> <span class='ocrx_word' id='word_1_926' title='bbox 2576 5063 2714 5117; x_wconf 88' lang='lat' dir='ltr'><strong>beati</strong></span> <span class='ocrx_word' id='word_1_927' title='bbox 2756 5060 2893 5115; x_wconf 86' lang='lat' dir='ltr'><strong>Petri</strong></span> <span class='ocrx_word' id='word_1_928' title='bbox 2921 5076 2982 5113; x_wconf 75' lang='lat' dir='ltr'><strong>ex</strong></span> <span class='ocrx_word' id='word_1_929' title='bbox 3016 5060 3231 5127; x_wconf 81' lang='lat' dir='ltr'><strong>antiquo</strong></span> <span class='ocrx_word' id='word_1_930' title='bbox 3270 5062 3595 5130; x_wconf 85' lang='lat' dir='ltr'><strong>pendebant,</strong></span> <span class='ocrx_word' id='word_1_931' title='bbox 3632 5060 3726 5113; x_wconf 86' lang='lat' dir='ltr'><strong>de-</strong></span> 
     </span>
    </p>
   </div>
   <div class='ocr_carea' id='block_1_130' title="bbox 2149 5130 3728 5202">
    <p class='ocr_par' dir='ltr' id='par_1_130' title="bbox 2149 5130 3728 5202">
     <span class='ocr_line' id='line_1_130' title="bbox 2149 5130 3728 5202; baseline -0.004 -14"><span class='ocrx_word' id='word_1_932' title='bbox 2149 5135 2271 5202; x_wconf 90' lang='lat' dir='ltr'><strong>poni</strong></span> <span class='ocrx_word' id='word_1_933' title='bbox 2296 5136 2563 5202; x_wconf 81' lang='lat' dir='ltr'><strong>jussisset,</strong></span> <span class='ocrx_word' id='word_1_934' title='bbox 2595 5142 2649 5186; x_wconf 88' lang='lat' dir='ltr'><strong>et</strong></span> <span class='ocrx_word' id='word_1_935' title='bbox 2691 5134 2743 5184; x_wconf 93' lang='lat' dir='ltr'><strong>in</strong></span> <span class='ocrx_word' id='word_1_936' title='bbox 2785 5132 2972 5198; x_wconf 82' lang='lat' dir='ltr'><strong>pignus</strong></span> <span class='ocrx_word' id='word_1_937' title='bbox 3001 5130 3161 5202; x_wconf 86' lang='lat' dir='ltr'><strong>tradi,</strong></span> <span class='ocrx_word' id='word_1_938' title='bbox 3199 5132 3363 5185; x_wconf 89' lang='lat' dir='ltr'><strong>nihilo</strong></span> <span class='ocrx_word' id='word_1_939' title='bbox 3388 5133 3557 5200; x_wconf 83' lang='lat' dir='ltr'><strong>magis</strong></span> <span class='ocrx_word' id='word_1_940' title='bbox 3580 5144 3728 5183; x_wconf 91' lang='lat' dir='ltr'><strong>eom-</strong></span> 
     </span>
    </p>
   </div>
   <div class='ocr_carea' id='block_1_131' title="bbox 2148 5201 3727 5269">
    <p class='ocr_par' dir='ltr' id='par_1_131' title="bbox 2148 5201 3727 5269">
     <span class='ocr_line' id='line_1_131' title="bbox 2148 5201 3727 5269; baseline -0.003 -13"><span class='ocrx_word' id='word_1_941' title='bbox 2148 5201 2325 5257; x_wconf 86' lang='lat' dir='ltr'><strong>mntus</strong></span> <span class='ocrx_word' id='word_1_942' title='bbox 2352 5216 2434 5257; x_wconf 88' lang='lat' dir='ltr'><strong>est</strong></span> <span class='ocrx_word' id='word_1_943' title='bbox 2464 5206 2622 5255; x_wconf 89' lang='lat' dir='ltr'><strong>homo</strong></span> <span class='ocrx_word' id='word_1_944' title='bbox 2653 5203 2888 5269; x_wconf 74' lang='lat' dir='ltr'><strong>pecunia:</strong></span> <span class='ocrx_word' id='word_1_945' title='bbox 2928 5201 3135 5267; x_wconf 89' lang='lat' dir='ltr'><strong>avidus,</strong></span> <span class='ocrx_word' id='word_1_946' title='bbox 3185 5217 3283 5257; x_wconf 86' lang='lat' dir='ltr'><strong>nec</strong></span> <span class='ocrx_word' id='word_1_947' title='bbox 3328 5202 3582 5255; x_wconf 77' lang='lat' dir='ltr'><strong>Ecclesize</strong></span> <span class='ocrx_word' id='word_1_948' title='bbox 3612 5214 3727 5253; x_wconf 82' lang='lat' dir='ltr'><strong>mo-</strong></span> 
     </span>
    </p>
   </div>
   <div class='ocr_carea' id='block_1_132' title="bbox 2148 5270 3722 5334">
    <p class='ocr_par' dir='ltr' id='par_1_132' title="bbox 2148 5270 3722 5334">
     <span class='ocr_line' id='line_1_132' title="bbox 2148 5270 3722 5334; baseline -0.004 -9"><span class='ocrx_word' id='word_1_949' title='bbox 2148 5276 2316 5327; x_wconf 90' lang='lat' dir='ltr'><strong>lestus</strong></span> <span class='ocrx_word' id='word_1_950' title='bbox 2341 5287 2461 5326; x_wconf 92' lang='lat' dir='ltr'><strong>esse</strong></span> <span class='ocrx_word' id='word_1_951' title='bbox 2491 5271 2670 5334; x_wconf 59' lang='grc' dir='ltr'><strong>ᾱθτίιι,</strong></span> <span class='ocrx_word' id='word_1_952' title='bbox 2701 5274 2873 5326; x_wconf 88' lang='lat' dir='ltr'><strong>donec</strong></span> <span class='ocrx_word' id='word_1_953' title='bbox 2900 5282 3113 5326; x_wconf 84' lang='lat' dir='ltr'><strong>centum</strong></span> <span class='ocrx_word' id='word_1_954' title='bbox 3146 5276 3259 5327; x_wconf 90' lang='lat' dir='ltr'><strong>auri</strong></span> <span class='ocrx_word' id='word_1_955' title='bbox 3306 5274 3467 5325; x_wconf 84' lang='lat' dir='ltr'><strong>libras</strong></span> <span class='ocrx_word' id='word_1_956' title='bbox 3487 5270 3722 5333; x_wconf 61' lang='grc' dir='ltr'><strong>θεωρίδα</strong></span> 
     </span>
    </p>
   </div>
   <div class='ocr_carea' id='block_1_133' title="bbox 2146 5340 3723 5417">
    <p class='ocr_par' dir='ltr' id='par_1_133' title="bbox 2146 5340 3723 5417">
     <span class='ocr_line' id='line_1_133' title="bbox 2146 5340 3723 5417; baseline -0.006 -20"><span class='ocrx_word' id='word_1_957' title='bbox 2146 5354 2247 5399; x_wconf 90' lang='lat' dir='ltr'><strong>set.</strong></span> <span class='ocrx_word' id='word_1_958' title='bbox 2282 5343 2419 5417; x_wconf 78' lang='lat' dir='ltr'><strong>Non</strong></span> <span class='ocrx_word' id='word_1_959' title='bbox 2463 5342 2629 5415; x_wconf 85' lang='lat' dir='ltr'><strong>multo</strong></span> <span class='ocrx_word' id='word_1_960' title='bbox 2660 5353 2799 5417; x_wconf 83' lang='lat' dir='ltr'><strong>post</strong></span> <span class='ocrx_word' id='word_1_961' title='bbox 2852 5346 3037 5413; x_wconf 75' lang='lat' dir='ltr'><strong>magicc</strong></span> <span class='ocrx_word' id='word_1_962' title='bbox 3088 5348 3359 5397; x_wconf 83' lang='lat' dir='ltr'><strong>convictus</strong></span> <span class='ocrx_word' id='word_1_963' title='bbox 3387 5340 3676 5417; x_wconf 52' lang='lat' dir='ltr'><strong>fac-Italis</strong></span> <span class='ocrx_word' id='word_1_964' title='bbox 3705 5378 3723 5401; x_wconf 87' lang='lat'><strong>,</strong></span> 
     </span>
    </p>
   </div>
   <div class='ocr_carea' id='block_1_134' title="bbox 2147 5409 3723 5482">
    <p class='ocr_par' dir='ltr' id='par_1_134' title="bbox 2147 5409 3723 5482">
     <span class='ocr_line' id='line_1_134' title="bbox 2147 5409 3723 5482; baseline -0.005 -15"><span class='ocrx_word' id='word_1_965' title='bbox 2147 5416 2412 5482; x_wconf 81' lang='lat' dir='ltr'><strong>pontilicis</strong></span> <span class='ocrx_word' id='word_1_966' title='bbox 2441 5409 2704 5468; x_wconf 79' lang='lat' dir='ltr'><strong>sententia</strong></span> <span class='ocrx_word' id='word_1_967' title='bbox 2732 5417 2799 5468; x_wconf 90' lang='lat' dir='ltr'><strong>ab</strong></span> <span class='ocrx_word' id='word_1_968' title='bbox 2837 5409 3298 5469; x_wconf 72' lang='lat' dir='ltr'><strong>arcliidiaconatus</strong></span> <span class='ocrx_word' id='word_1_969' title='bbox 3344 5411 3523 5482; x_wconf 79' lang='lat' dir='ltr'><strong>officio</strong></span> <span class='ocrx_word' id='word_1_970' title='bbox 3573 5409 3723 5477; x_wconf 85' lang='lat' dir='ltr'><strong>deje-</strong></span> 
     </span>
    </p>
   </div>
   <div class='ocr_carea' id='block_1_135' title="bbox 2144 5480 3728 5548">
    <p class='ocr_par' dir='ltr' id='par_1_135' title="bbox 2144 5480 3728 5548">
     <span class='ocr_line' id='line_1_135' title="bbox 2144 5480 3728 5548; baseline -0.004 -12"><span class='ocrx_word' id='word_1_971' title='bbox 2144 5480 2260 5537; x_wconf 81' lang='lat' dir='ltr'><strong>etus</strong></span> <span class='ocrx_word' id='word_1_972' title='bbox 2287 5494 2388 5548; x_wconf 89' lang='lat' dir='ltr'><strong>est,</strong></span> <span class='ocrx_word' id='word_1_973' title='bbox 2420 5493 2474 5536; x_wconf 91' lang='lat' dir='ltr'><strong>et</strong></span> <span class='ocrx_word' id='word_1_974' title='bbox 2503 5483 2555 5535; x_wconf 88' lang='lat' dir='ltr'><strong>itt</strong></span> <span class='ocrx_word' id='word_1_975' title='bbox 2604 5485 2982 5541; x_wconf 86' lang='lat' dir='ltr'><strong>monasterium</strong></span> <span class='ocrx_word' id='word_1_976' title='bbox 3013 5487 3282 5542; x_wconf 89' lang='lat' dir='ltr'><strong>detrusus,</strong></span> <span class='ocrx_word' id='word_1_977' title='bbox 3315 5480 3399 5531; x_wconf 78' lang='grc' dir='ltr'><strong>ιιιιί</strong></span> <span class='ocrx_word' id='word_1_978' title='bbox 3435 5486 3553 5545; x_wconf 88' lang='lat' dir='ltr'><strong>post</strong></span> <span class='ocrx_word' id='word_1_979' title='bbox 3572 5493 3728 5546; x_wconf 86' lang='lat' dir='ltr'><strong>qnnt-</strong></span> 
     </span>
    </p>
   </div>
   <div class='ocr_carea' id='block_1_136' title="bbox 2146 5555 3727 5622">
    <p class='ocr_par' dir='ltr' id='par_1_136' title="bbox 2146 5555 3727 5622">
     <span class='ocr_line' id='line_1_136' title="bbox 2146 5555 3727 5622; baseline -0.003 -17"><span class='ocrx_word' id='word_1_980' title='bbox 2146 5556 2433 5621; x_wconf 89' lang='lat' dir='ltr'><strong>qnennium</strong></span> <span class='ocrx_word' id='word_1_981' title='bbox 2466 5558 2802 5622; x_wconf 70' lang='lat' dir='ltr'><strong>itnpmnitens</strong></span> <span class='ocrx_word' id='word_1_982' title='bbox 2846 5557 2997 5610; x_wconf 84' lang='lat' dir='ltr'><strong>obiit.</strong></span> <span class='ocrx_word' id='word_1_983' title='bbox 3033 5555 3155 5607; x_wconf 79' lang='lat' dir='ltr'><strong>llaec</strong></span> <span class='ocrx_word' id='word_1_984' title='bbox 3194 5557 3441 5605; x_wconf 82' lang='lat' dir='ltr'><strong>constant</strong></span> <span class='ocrx_word' id='word_1_985' title='bbox 3470 5564 3534 5602; x_wconf 88' lang='lat' dir='ltr'><strong>ex</strong></span> <span class='ocrx_word' id='word_1_986' title='bbox 3582 5555 3727 5601; x_wconf 72' lang='lat' dir='ltr'><strong>Ana-</strong></span> 
     </span>
    </p>
   </div>
   <div class='ocr_carea' id='block_1_137' title="bbox 2153 5625 2583 5680">
    <p class='ocr_par' dir='ltr' id='par_1_137' title="bbox 2153 5625 2583 5680">
     <span class='ocr_line' id='line_1_137' title="bbox 2153 5625 2583 5680; baseline 0.005 -3"><span class='ocrx_word' id='word_1_987' title='bbox 2153 5627 2339 5678; x_wconf 89' lang='lat' dir='ltr'><strong>stasio.</strong></span> <span class='ocrx_word' id='word_1_988' title='bbox 2375 5625 2583 5680; x_wconf 65' lang='lat' dir='ltr'><strong>Pacius.</strong></span> 
     </span>
    </p>
   </div>
  </div>
