4070 6182
329 371 398 424 19
1692 367 1980 425 SERGIUS
2020 367 2218 422 PAPA.

3514 377 3585 434 90

329 492 351 518 ι
384 480 513 547 Qua:
559 487 610 533 et
654 478 800 547 quasi
830 474 1164 547 synodatiter
1191 475 1430 544 definita,
1461 477 1592 532 etin
1623 491 1717 533 sex
1739 479 1902 533 tomis
1932 482 1982 542 Α
2007 478 2195 533 urbem
2227 477 2291 531 ad
2322 476 2767 548 conﬁrmandum,
2795 483 2876 536 vel
2909 483 2960 537 in
3008 481 3270 552 superiori
3315 485 3431 541 loco
3456 488 3582 542 sub-

323 569 592 637 descriptn
619 569 846 623 attribus
888 568 1220 638 patriarchis,
1253 568 1306 623 id
1340 579 1480 635 esti,
1515 567 1896 633 Alexandrino,

326 657 947 727 Constantinopolitano,
991 667 1046 714 et
1093 658 1458 725 Antiocheno,
1513 659 1596 714 vel
1642 659 1853 713 caeteris
1879 659 1899 688 ¹

323 749 653 816 consulibus,
678 750 766 819 qui
789 749 811 780 ³
839 751 890 804 in
923 759 1164 817 tempore
1203 749 1314 804 illic
1341 756 1723 813 convenerant,
1765 747 1904 802 sub-

323 839 520 906 scripta
551 849 721 906 erant,
755 854 1019 910 manuque
1048 841 1308 909 imperiali
1329 837 1903 906 conﬁrmata,bmissis

325 929 376 981 in
399 929 688 998 Lucellum,
703 931 844 1003 quod
865 931 887 962 ⁸
909 931 1154 987 scebrum
1170 932 1386 986 carnale
1406 931 1665 985 vocitatur
1685 929 1737 981 in
1766 929 1900 982 hanc

2004 570 2346 625 scribendum
2392 571 2581 642 Sergio
2632 573 2890 642 pontiﬁci,
2938 584 3118 644 utpote
3142 577 3302 647 capiti
3342 579 3578 633 omnium

2005 661 2368 728 sacerdotum,
2423 661 2634 719 direxit.
2687 665 2787 732 Qui
2829 665 3166 722 beatissimus
3217 667 3474 738 pontifex,
3526 679 3584 724 ut

2005 750 2203 806 dictum
2235 762 2341 819 est,
2385 755 2595 822 penitus
2633 755 2806 810 eidem
2856 755 3156 811 Justiniano
3191 757 3427 827 Augusto
3474 774 3580 812 non

2007 841 2289 909 acquievit,
2316 857 2416 898 nec
2444 844 2659 900 eosdem
2683 853 2857 900 tomos
2884 847 3176 915 suscipere,
3201 858 3290 901 aut
3312 847 3332 878 ⁸
3350 848 3580 903 lectione

2006 931 2243 1000 pandere
2277 947 2460 1001 passus
2481 944 2583 990 est.
2618 945 2644 975 ο
2667 935 2831 990 Porro
2855 949 2949 991 eos
2978 943 3035 990 ut
3063 935 3330 990 invalidos
3355 939 3580 1005 respuit,

1518 1040 1909 1097 VAlilANTES
1947 1039 2344 1101 LECTIONES.

399 1143 414 1172 ⁸
439 1142 547 1208 Al...
577 1138 864 1202 Constant.,
896 1139 1148 1193 Alexand.

396 1213 416 1242 ³
439 1206 571 1263 Cod.
613 1211 741 1264 Luc.
767 1219 820 1264 et
845 1210 941 1272 aL,
973 1206 1291 1272 prtcsulibus.

396 1281 420 1312 ³
447 1279 577 1333 Cod.
611 1279 763 1345 Luc.,
795 1294 852 1332 eo
879 1286 1119 1349 tempore.

2080 1135 2102 1165 ⁸
2128 1119 2261 1217 Cod.
2293 1137 2445 1217 hum,
2472 1138 2698 1193 chartula
2722 1156 2742 1205 ;
2774 1140 2920 1196 locus
2946 1149 3260 1214 corruptus;
3292 1140 3386 1208 al.,
3411 1145 3592 1198 scebra

2008 1207 2204 1258 carnali
2227 1209 2492 1260 vocitatur.

2078 1273 2101 1308 ⁵
2129 1275 2261 1330 Cod.
2286 1277 2439 1344 Luc.,
2470 1277 2687 1332 lectioni.

1633 1386 1988 1444 VARIORUM
2027 1386 2257 1444 NOTAE.

324 1505 782 1570 inetropolitauus,
826 1517 944 1558 eam
985 1501 1303 1571 legationem
1337 1508 1459 1571 tunc
1503 1499 1889 1571 solusobibat,

322 1577 467 1630 unde
504 1568 560 1630 in
585 1574 730 1628 calce
770 1568 1247 1642 canonum'synodi
1286 1583 1344 1624 se
1374 1568 1618 1642 inscribit
1661 1569 1890 1642 legatum

327 1646 488 1699 totius
503 1642 693 1716 synodi
717 1642 966 1716 Ecclesiae
992 1639 1267 1716 Romana},
1285 1639 1531 1716 exemplo
1553 1639 1890 1716 trinrn'lega-

323 1724 497 1767 torum
527 1707 818 1779 Agathonis
846 1720 901 1766 et
927 1711 1116 1782 synodi
1137 1710 1515 1775 Occidentalis,
1540 1708 1631 1778 qui
1659 1707 1712 1763 iit
1742 1717 1890 1762 sexta

322 1783 528 1858 synodo
551 1783 652 1836 hoc
677 1797 871 1858 nomen
899 1789 1319 1858 assumpserant.

394 1852 618 1908 Centum
647 1861 702 1906 et
727 1853 831 1907 duo
851 1848 1091 1907 canones
1109 1850 1164 1904 in
1204 1851 1303 1904 hac
1343 1849 1548 1918 synodo
1576 1848 1702 1903 editi
1745 1857 1888 1912 sunt,

329 1933 386 1978 ut
417 1931 681 1978 testantur
724 1932 940 1976 sanctus
986 1920 1263 1986 Tarasius,
1297 1919 1524 1983 septima
1566 1918 1894 1988 synodusrin

327 1993 643 2049 ‘el’utatione
678 1999 974 2046 conventus
1017 1989 1400 2052 iconoclastici,
1435 1987 1657 2041 Pbotiiis
1705 1989 1759 2042 in
1788 1987 1893 2042 No-

324 2077 642 2125 .triocanone.
666 2071 721 2117 et
757 2070 943 2116 auctor
970 2059 1133 2114 libelli
1177 2057 1440 2123 synodici.
1474 2056 1555 2110 Ex
1586 2058 1686 2111 illis
1715 2059 1894 2124 plures

323 2132 678 2202 sunt-optimi,
708 2140 762 2186 et
787 2132 875 2199 qui
903 2131 1172 2202 antiquam
1205 2127 1460 2202 Ecclesiae
1481 2125 1815 2202 disciplinam
1840 2134 1898 2202 ut

324 2193 611 2265 plurimum
653 2193 916 2256 redolent.
963 2193 1113 2255 Unde
1160 2212 1280 2252 cum
1307 2193 1654 2266 plurimimsint
1699 2193 1892 2248 laudati

323 2264 549 2343 iureque
575 2270 850 2343 laudandi,
887 2284 994 2323 non
1035 2277 1159 2322 sunt
1186 2264 1374 2343 omnes
1419 2265 1486 2318 ab
1517 2264 1752 2318 Ecclesia
1792 2265 1898 2343 Ita-

327 2333 483 2397 inana
509 2340 718 2411 reiecti,
758 2339 854 2411 sed
901 2349 1105 2393 tantum
1130 2339 1386 2411 quinque,
1419 2348 1609 2401 nempe
1637 2347 1807 2387 canon
1837 2333 1895 2398 2,

329 2428 435 2482 quo
462 2408 729 2483 octoginta
772 2410 1005 2479 quinque
1032 2408 1394 2483 apostolorum
1427 2417 1667 2483 canones
1682 2412 1898 2483 et_con-

327 2474 633 2552 stitutioue's
683 2474 1043 2552 decernuntur
1070 2474 1434 2552 admittendus
1459 2515 1474 2540 ,
1515 2474 1764 2552 sicuti_et
1805 2487 1898 2552 ca-_

329 2567 434 2606 non
468 2551 554 2615 l5,
583 2565 691 2619 quo
717 2551 798 2604 lex
829 2544 1473 2619 ecclesiasticictelihatus
1495 2544 1817 2619 concutitur,
1846 2550 1901 2619 et

327 2611 625 2676 castissima
682 2620 937 2673 Romana:
988 2615 1241 2670 Ecclesia:
1294 2612 1702 2682 reprehenditur
1742 2611 1902 2665 disci-

329 2692 493 2754 plina,
530 2704 630 2760 qua
672 2689 841 2760 sacris
886 2686 1143 2760 ministris
1193 2699 1318 2760 usus
1368 2683 1602 2760 conjugii
1631 2682 1901 2760 interdici-

326 2752 435 2814 tur.
469 2752 608 2827 Quin
637 2759 796 2812 etiam
833 2770 926 2811 eos
971 2757 1058 2824 qui
1105 2754 1462 2827 presbyteris,
1486 2752 1746 2816 diacouis,
1774 2752 1903 2827 sub-

327 2822 566 2884 diaeo’nis
594 2822 1028 2897 coniunctionem
1068 2835 1120 2880 et
1151 2822 1598 2897 consuetudinem
1625 2837 1745 2876 cum
1773 2822 1902 2891 legi-

329 2901 457 2954 tima
485 2913 652 2954 uxore
681 2893 1053 2966 prohibuerint
1071 2895 1413 2949 anathemate
1437 2893 1558 2948 ferit
1586 2893 1687 2966 iste
1699 2907 1899 2966 canon.

334 2969 448 3025 Non
477 2977 562 3025 est
585 2961 749 3024 etiam
794 2967 1121 3036 approbatus
1163 2980 1334 3020 canon
1374 2965 1464 3036 55,
1491 2979 1628 3036 quo_
1639 2961 1900 3032 jejunium

326 3039 539 3095 Sabbati
563 3041 618 3094 in
650 3033 883 3094 Ecclesia
907 3037 1143 3092 Romana
1168 3035 1575 3091 celeberrimum
1598 3033 1899 3087 damnatur.

327 3110 438 3164 Nec
466 3111 628 3164 etiam
649 3123 821 3164 canon
852 3109 943 3173 67,
977 3107 1352 3162 abstinentiam
1378 3121 1407 3159 a
1431 3105 1687 3173 sanguine
1709 3110 1769 3158 et'
1791 3100 1902 3156 suf-

329 3181 506 3236 l'ocato
535 3178 874 3245 clericis,sub
894 3178 1243 3246 depositionis
1265 3190 1418 3246 pinna
1442 3175 1593 3246 laicis
1618 3174 1716 3246 sub
1744 3186 1900 3242 pinna

327 3248 916 3314 excommunicationis,
946 3245 1498 3317 prohibens,eamque
1526 3245 1900 3317 abstinentiam

330 3323 476 3376 velut
511 3336 574 3376 ex
605 3319 796 3375 divinae
828 3314 1120 3387 Scriptura;
1158 3317 1410 3371 mandato
1454 3317 1745 3370 etiamnum
1771 3314 1903 3369 obli-

327 3403 487 3460 gante
524 3391 822 3459 imponens.
867 3390 973 3460 Nec
1008 3389 1154 3443 omni
1185 3395 1430 3460 exparte
1456 3387 1781 3460 approbatus
1820 3391 1903 3460 est

327 3455 496 3517 canon
542 3455 630 3527 82,
654 3476 760 3528 quo
809 3459 1118 3528 prohibetur
1147 3472 1214 3513 ne
1242 3458 1482 3514 Christus
1524 3455 1902 3528 Salvator_de-

327 3532 583 3600 pingatur
611 3525 920 3600 in'imagine
942 3529 1086 3597 agni,
1109 3529 1248 3600 sicut
1283 3538 1528 3600 ostensus
1554 3535 1635 3580 est
1665 3525 1902 3600 patribus

326 3596 381 3655 in
431 3596 594 3670 ligura
624 3642 641 3668 ,
699 3596 901 3656 sed'in
949 3596 1176 3667 imagine
1225 3598 1488 3664 hominis,
1536 3609 1638 3666 qua
1685 3596 1899 3650 demum

327 3687 514 3726 omnes
541 3681 663 3727 sunt
689 3671 1007 3740 adimpletzc
1031 3671 1231 3739 figurae.

399 3742 502 3796 Alii
532 3756 785 3808 canones,
827 3737 961 3809 quos
991 3737 1116 3809 jure
1148 3739 1437 3794 laudandos
1463 3737 1714 3802 diximus,
1747 3747 1804 3792 ut
1832 3752 1897 3792 ex

329 3825 514 3866 eorum
543 3812 775 3866 lectione
797 3819 850 3865 et
870 3812 1120 3865 examine
1145 3811 1362 3864 cuilibet
1391 3809 1607 3877 patebit,
1636 3824 1741 3863 non
1774 3819 1902 3864 sunt

329 3882 397 3936 ab
429 3881 667 3935 Ecclesia
707 3881 946 3935 Romana
991 3879 1196 3946 rejecti.
1230 3879 1296 3932 Ut
1326 3895 1466 3931 enim
1498 3879 1584 3934 hic
1629 3880 1696 3932 de
1727 3880 1900 3945 primo

329 3959 387 4004 et
413 3949 598 4004 ultimo
643 3957 844 4003 tantum
874 3948 1083 4015 loquar,
1118 3949 1320 4014 primus
1351 3948 1506 4001 Iidem
1538 3963 1566 3999 a
1606 3962 1698 4001 sex
1723 3948 1902 4004 conci-

331 4019 416 4074 liis
443 4018 791 4078 meumenicis
816 4018 1183 4073 conﬁrmatam
1211 4024 1267 4070 et
1305 4018 1372 4070 ab
1401 4017 1708 4086 apostolicis
1735 4020 1900 4072 tradi-

333 4100 444 4144 tam
491 4089 868 4144 inviolabiliter
917 4087 1234 4142 servandam
1287 4100 1408 4140 esse
1448 4088 1624 4141 docet.
1675 4087 1901 4143 Ultimus

333 4175 462 4215 vero
501 4159 966 4228 praestantissimas
999 4173 1090 4224 pro
1119 4157 1435 4226 excipienda
1461 4156 1796 4228 confessione
1822 4161 1898 4213 le-

332 4246 424 4300 ges
466 4227 521 4285 et
567 4229 1118 4300 praeceptaicontinet,
1147 4237 1200 4282 et
1241 4242 1399 4300 quam
1439 4227 1732 4300 prudenter
1773 4245 1901 4300 erga

333 4298 650 4372 pmttltentes
681 4299 928 4372 sacerdos
955 4315 1012 4352 se
1039 4313 1223 4372 gerere
1249 4298 1460 4372 debeat.
1498 4299 1673 4366 Ipsum
1704 4298 1899 4367 nempe

334 4368 677 4424 considerare
723 4370 922 4424 debere
971 4370 1170 4434 peccati
1209 4368 1544 4440 qualitatem,
1601 4372 1898 4436 peccatoris

333 4456 431 4510 pro
457 4440 804 4495 conversione
831 4449 1061 4493 mstuans
1091 4439 1434 4510 desiderium,
1468 4447 1522 4493 et
1560 4440 1746 4495 morbo
1767 4455 1891 4492 con-

1927 3143 1977 3206 C

2001 1514 2126 1553 num
2157 1501 2216 1556 ll.
2245 1502 2421 1560 Satius
2445 1504 2548 1559 erit
2579 1504 2924 1560 Anastasisna
2955 1506 3112 1559 verba
3140 1506 3262 1560 huic
3302 1506 3417 1560 loco
3449 1507 3581 1560 sub-

1994 1569 2181 1643 jicere,
2216 1581 2271 1626 ut
2314 1573 2537 1642 quisque
2567 1577 2722 1630 unico
2767 1574 2953 1629 obtutu
3001 1575 3367 1643 deprehendat
3401 1590 3467 1630 an
3509 1577 3579 1628 ab

1996 1640 2183 1712 eodem
2211 1640 2415 1697 calamo
2453 1640 2724 1712 potuerint
2774 1644 3054 1712 proficisci,
3076 1640 3198 1698 tum
3243 1660 3302 1696 ea
3347 1659 3464 1712 qum
3508 1644 3577 1700 de

1997 1708 2206 1784 duobus
2227 1725 2387 1781 supra
2415 1708 2625 1768 centum
2657 1708 2946 1770 canonibus
2985 1713 3172 1784 synodi
3200 1708 3444 1768 erratica:
3492 1714 3578 1768 hic

1923 1801 1970 1862 Β
2000 1778 2266 1862 leguntur,
2289 1778 2422 1862 e’tum
2452 1798 2512 1838 ea
2543 1799 2660 1862 quae
2689 1786 2755 1862 de
2801 1778 3100 1862 eis_dem'_in_
3135 1793 3357 1862 utraque
3389 1785 3578 1862 praefa-

1999 1849 2159 1922 tione
2183 1849 2637 1922 enuntianturfin
2668 1855 2836 1922 prima
2876 1853 2988 1906 lucc
3018 1853 3176 1908 habet
3223 1849 3533 1906 Aiiaslasius
3565 1871 3576 1906 :

1995 1917 2220 1998 _Re_qulas
2244 1939 2370 1998 quas
2413 1921 2588 1998 Grieci
2625 1917 2735 1998 alvi
2761 1923 2954 1998 synodo
2971 1923 3244 1998 perhibent
3285 1924 3481 1998 edi-los,
3510 1925 3581 1977 ita

1995 1989 2050 2042 in
2075 1989 2169 2061 hac
2198 1993 2394 2059 synido
2425 1992 2719 2061 principalis
2739 1989 2882 2044 sedes
2915 1989 3159 2056 admittit,
3198 2001 3255 2045 ut
3285 1992 3576 2046 nullatenus

1996 2074 2060 2130 ex
2099 2060 2183 2130 his
2206 2061 2314 2113 illa:
2361 2060 2693 2130 recipiantur,
2725 2075 2846 2129 quae
2880 2061 3133 2125 prioribus
3181 2063 3457 2114 canonibus
3500 2064 3578 2116 vel

1997 2127 2210 2199 decretis
2260 2127 2555 2182 sanctorum
2601 2127 2758 2199 hujus
2804 2130 2940 2183 sedis
2984 2131 3302 2198 pontiﬁcum,
3335 2140 3422 2184 aut
3449 2141 3583 2185 certe

1995 2197 2140 2268 bonis
2190 2199 2449 2261 moribus,
2484 2197 2807 2252 inveniuntur
2845 2199 3089 2268 aduersae,
3143 2200 3370 2268 quamvis
3413 2216 3584 2254 omnes

1998 2265 2242 2339 hactenus
2275 2284 2337 2320 ea:
2357 2277 2459 2321 toto
2482 2276 2723 2339 maneant
2743 2268 2882 2335 apud
2910 2267 3118 2323 Latinos
3147 2265 3437 2339 incognita,
3460 2272 3583 2330 quia

2000 2351 2090 2388 nec
2113 2336 2475 2406 interpretatio.
2505 2336 2611 2392 Sed
2641 2353 2733 2390 nec
2760 2339 2814 2390 in
2834 2346 3132 2393 ceterarum
3161 2336 3588 2406 palﬁarchalium.

1999 2405 2218 2485 sodium,
2246 2405 2360 2485 licet
2385 2405 2566 2485 Graeca
2593 2416 2798 2485 utantur
2827 2407 3024 2476 lingua,
3054 2405 3380 2485 reperiuntur
3412 2410 3582 2463 archi-

1999 2477 2092 2538 vis,
2144 2477 2385 2529 nimirum
2413 2478 2532 2545 quia
2579 2477 2720 2530 nulla
2747 2493 2955 2542 earum,
2999 2477 3120 2531 cum
3155 2479 3444 2545 ederentur,
3494 2489 3591 2533 aut-

2000 2547 2366 2617 promulgons,
2395 2552 2482 2598 aut
2527 2548 2862 2613 consentiens,
2901 2557 2989 2599 aut
3019 2550 3200 2603 saltem
3246 2564 3466 2617 praesens
3507 2551 3586 2604 in-

2001 2624 2149 2688 venta
2176 2626 2268 2670 est.
2304 2615 2607 2688 Quanquam
2636 2616 2839 2688 eosdem
2889 2618 3066 2672 Patres
3113 2615 3434 2672 illas'Gra'ci
3462 2635 3586 2688 pro-

2003 2686 2237 2758 mulgare
2261 2686 2579 2758 perhibeant,
2605 2687 2692 2753 qui
2734 2687 2786 2738 in
2814 2697 2957 2742 sexta
2993 2687 3188 2758 synodo
3216 2700 3335 2741 sunt
3375 2686 3582 2745 inventi.

2003 2752 2239 2808 Sed'ltoc
2262 2752 2430 2808 nullis
2480 2752 2694 2822 probare
2735 2758 2882 2811 certis
2926 2752 3134 2824 possunt
3161 2758 3388 2812 indiciis.
3423 2760 3476 2811 In
3505 2763 3586 2812 al-

2005 2832 2117 2877 tera
2139 2838 2274 2897 vero
2303 2825 2611 2893 prmfatione
2642 2843 2655 2880 :
2685 2825 2876 2896 Graeci,
2905 2828 3095 2897 inquit,
3121 2835 3167 2881 et
3187 2827 3290 2880 alia
3315 2830 3586 2883 ostendunt

2002 2893 2298 2967 regularum
2329 2912 2599 2967 numerosa
2644 2905 2691 2950 et
2735 2893 3142 2966 praesumptuosa
3179 2899 3304 2951 satis
3334 2899 3585 2967 capitula,

2004 2966 2184 3033 priscae
2210 2966 2476 3020 traditioni
2505 2982 2631 3033 pene
2658 2967 2830 3020 omnia
2850 2969 2996 3021 valde
3021 2968 3300 3031 contraria,
3333 2966 3446 3032 qua:
3475 2983 3506 3020 a
3532 2984 3581 3021 vt

2005 3035 2201 3102 synodo
2224 3036 2486 3104 perhibent
2520 3037 2866 3106 promulgata,
2895 3053 3013 3092 cum
3054 3053 3106 3091 Vt
3131 3037 3356 3106 synodus
3387 3039 3584 3090 nullam

2007 3106 2479 3176 pertulerit’prteter
2508 3106 2628 3176 ﬁdei
2658 3107 2910 3176 regulam.
2943 3107 3050 3162 Sed
3079 3124 3206 3176 quas
3245 3109 3356 3175 ejus
3383 3124 3581 3161 asseve-

2007 3184 2120 3227 rant
2145 3178 2370 3258 regulas,
2403 3175 2553 3259 longe
2572 3187 2682 3259 post
2708 3192 2758 3230 vr
2786 3179 3044 3259 synodum-
3060 3175 3197 3246 apud
3225 3179 3363 3248 ipsos
3387 3187 3589 3232 constat

2043 3260 2157 3299 enes
2183 3263 2237 3298 88
2262 3260 2595 3300 privatimque
2623 3260 2965 3300 aemematas.
2999 3260 3240 3300 MAIEUS.

2003 3260 2157 3314 penes
2183 3263 2237 3298 se
2261 3247 2595 3316 privatimque
2623 3247 2965 3318 depromptas.
2999 3247 3251 3302 Marsus.

2076 3313 2104 3351 ι’
2135 3315 2324 3388 Missus
2352 3317 2418 3388 in_
2430 3316 2688 3383 locellum,
2720 3317 2857 3386 quod
2884 3321 3118 3388 scabrum
3159 3319 3362 3372 carnale
3388 3318 3585 3372 vocita-

2007 3393 2109 3458 tur,
2135 3386 2189 3439 in
2218 3386 2352 3440 hanc
2381 3385 2667 3440 Romanam
2701 3385 2868 3442 urbem
2907 3385 3428 3458 ad'conﬁrmandum.
3457 3389 3582 3444 Sce-

2005 3456 2167 3529 brum,
2203 3463 2307 3529 estA
2333 3457 2580 3529 horreum
2605 3499 2619 3520 ,
2667 3459 2792 3529 inde
2814 3456 3211 3529 _emendandus
3255 3459 3540 3529 lngulphus
3562 3497 3581 3525 ,

2006 3525 2058 3598 in
2111 3525 2364 3598 Chronic.
2417 3527 2748 3598 Croylandu
2797 3526 2993 3596 Capit,
3037 3528 3285 3598 largiente
3319 3525 3586 3594 Domino,

2005 3597 2147 3651 bonis
2172 3599 2402 3651 omnibus
2427 3597 2706 3663 abundare,
2736 3607 2791 3650 ut
2825 3607 2928 3651 tarn
2954 3600 3007 3652 in
3034 3597 3285 3652 thesauris
3321 3615 3382 3651 ac
3434 3614 3585 3652 scau-

2003 3667 2090 3731 ris,
2121 3683 2273 3736 quant
2297 3669 2350 3720 in
2391 3669 2536 3721 terris
2563 3683 2623 3720 ac
2656 3669 2969 3734 tenententis,
2993 3669 3040 3722 ei
3060 3685 3152 3736 pro
3183 3668 3360 3736 primis
3385 3669 3584 3722 amissis

2004 3737 2234 3805 duplicia
2286 3739 2606 3806 postmodum
2659 3739 3007 3792 redderentur.
3050 3737 3153 3794 Pro
3180 3739 3409 3805 scauris,
3465 3739 3584 3807 lege

2003 3809 2207 3872 scabris,
2244 3809 2326 3863 vel
2356 3808 2562 3864 scearis.
2597 3812 2630 3862 Α
2644 3822 2908 3864 ιτΑειιιιιιΑ
2937 3849 2952 3864 .

2079 3891 2100 3919 c
2136 3879 2300 3933 Porro
2351 3895 2436 3950 eos
2485 3892 2538 3933 ut
2587 3879 2836 3950 invalidos
2873 3879 3090 3950 respuit.
3132 3879 3282 3946 Quod
3313 3879 3583 3950 praecipue

2005 3951 2170 4004 movit
2211 3949 2515 4020 pontiﬁcem
2549 3951 2612 4004 ad
2644 3949 2694 4004 id
2723 3949 3014 4006 concilium
3064 3950 3434 4020 rejiciendum,
3485 3949 3586 4020 fuit

2004 4022 2376 4088 episcoporum
2430 4021 2661 4074 Orientis
2706 4022 3000 4083 temeritas,
3025 4019 3407 4087 qui’adversus
3433 4019 3581 4072 caeli-

2005 4089 2186 4143 batum
2216 4090 2651 4156 presbyterorum
2683 4097 2737 4156 et
2765 4089 3130 4150 diaconorum,
3160 4102 3283 4142 cum
3311 4088 3583 4142 evertendi

2003 4155 2309 4224 animo,’i_la
2335 4156 2596 4215 deliniunt
2622 4173 2633 4207 :
2663 4155 2917 4220 Quoniam
2947 4156 3196 4210 Romana:
3235 4157 3475 4211 Ecclesia:
3495 4174 3586 4224 pro

2002 4245 2200 4283 canone
2255 4225 2499 4280 traditum
2547 4243 2653 4281 esse
2705 4227 3030 4296 coynovimus
3077 4237 3131 4279 ut
3163 4229 3491 4296 promovendi
3519 4231 3586 4281 ad

2003 4302 2346 4360 diaconatum,
2398 4298 2474 4350 vel
2526 4296 2960 4366 presbyteratum,
3012 4297 3350 4366 proﬁteantur
3401 4313 3454 4350 se
3485 4314 3588 4352 non

1966 4426 1967 4429 η
2002 4369 2225 4432 amplius
2265 4369 2372 4422 suis
2400 4368 2643 4421 uxoribus
2689 4368 3090 4436 conjungendos,
3151 4384 3263 4431 nos,
3321 4368 3587 4435 antiquum

2004 4453 2247 4491 canonein
2293 4438 2588 4505 apostolica:
2616 4438 2961 4508 perfectionis
2988 4438 3284 4508 ordinisque
3312 4449 3586 4504 servantes,

333 4499 636 4565 venientem
664 4512 1001 4565 medicinam.
1037 4509 1242 4565 Debere
1269 4499 1573 4564 examinare
1607 4524 1672 4562 an
1701 4510 1894 4563 malum
1927 4499 1982 4558 D
2004 4509 2267 4561 hominum
2292 4499 2378 4574 qui
2410 4518 2526 4561 sunt
2551 4510 2601 4561 in
2616 4499 2782 4579 sacris
2823 4507 3050 4578 legitima
3073 4499 3317 4579 conjugia
3351 4499 3588 4577 deincep's

332 4584 536 4636 oriatur
557 4596 620 4636 ex
645 4581 850 4647 habitu,
880 4595 944 4633 an
980 4595 1043 4633 ex
1077 4579 1401 4641 inﬁrmitate,
1431 4594 1497 4632 an
1541 4596 1603 4631 ex
1637 4593 1794 4647 prava
1821 4579 1898 4631 af-

333 4649 579 4705 fectione.
613 4651 848 4719 Denique
869 4650 1150 4718 pastoralis
1191 4651 1354 4718 ipsius
1383 4664 1501 4704 es.~e
1524 4649 1682 4702 ol‘licii
1715 4663 1899 4702 errau-

335 4733 440 4774 tem
469 4737 620 4776 ovem
661 4721 940 4786 reducere,
973 4720 1197 4790 ideoque
1224 4737 1384 4790 neque
1409 4736 1497 4790 per
1538 4719 1900 4790 desperationis

333 4793 617 4860 praecipitia
663 4793 888 4860 impellat
922 4788 1275 4860 peccaturem,
1299 4788 1494 4842 'nec'ad
1523 4790 1634 4860 viae
1673 4788 1901 4860 dissolu-

330 4857 515 4916 tionem
544 4872 587 4916 et
615 4857 948 4932 contemptum
972 4865 1116 4932 frena
1140 4857 1721 4932 relaxet._l)e‘0mnibus
1743 4858 1899 4910 Trul-

334 4933 469 4985 lautc
497 4933 686 5002 synodi
716 4928 1009 4985 canonibus
1041 4943 1145 4984 tam
1191 4928 1503 5002 approbatis
1523 4941 1679 5002 quain
1713 4942 1901 4994 repro-

335 5002 472 5054 batis
505 4997 757 5071 legendus
781 5002 980 5066 Lupus,
1013 5001 1064 5055 in
1093 5000 1232 5052 netis
1257 5009 1309 5051 ct
1337 4999 1556 5052 scboiils
1577 4997 1642 5051 ad
1666 5011 1902 5053 canones

334 5072 544 5126 concilii
573 5073 826 5126 'l‘rullani.
862 5073 1069 5127 I’AGIUS.

406 5152 433 5180 ι
462 5141 588 5206 Qua:
606 5150 652 5194 et
678 5143 825 5212 quasi
850 5143 1162 5212 synodo/iter
1185 5139 1430 5212 deﬁnita.
1450 5139 1547 5212 llic
1576 5139 1722 5193 locus
1745 5142 1904 5194 etiam

335 5212 455 5267 addi
485 5219 657 5280 potest
689 5208 1084 5283 probationibus
1112 5225 1244 5283 quas
1285 5208 1675 5283 eruditissimus
1709 5212 1909 5283 praisul

333 5278 644 5348 Ciampinus
690 5278 911 5336 adduxit
958 5278 1056 5350 (In
1108 5280 1358 5350 Examina
1399 5280 1516 5334 libri
1564 5279 1906 5348 Pontiﬁcalis,

333 5363 454 5407 sect.
485 5353 542 5421 6)
573 5362 628 5407 ut
654 5356 947 5416 evinceret,
970 5348 1306 5421 Anastasium
1332 5351 1791 5404 llibliotliecarium
1819 5367 1913 5404 au-

333 5419 532 5478 ctorem
561 5439 666 5478 non
696 5436 817 5477 esse
841 5420 1075 5474 omnium
1111 5419 1342 5473 Vitarum
1375 5422 1680 5486 pontiﬁcum
1711 5437 1826 5487 quc
1859 5422 1909 5474 in

332 5495 520 5548 eodem
539 5493 827 5548 Pontilicali
850 5500 972 5544 sunt
994 5487 1204 5556 scriptu:
1231 5526 1246 5550 ,
1292 5505 1410 5557 qua:
1430 5493 1530 5544 sub
1556 5492 1668 5556 ejus
1700 5492 1912 5546 nomine

335 5565 724 5639 typisvulgatuc
751 5570 893 5639 sunt,
940 5565 1137 5616 Auctor
1162 5561 1302 5638 enim
1338 5559 1492 5639 hujus
1535 5560 1664 5639 Vitio
1693 5563 1860 5631 Sergii
1894 5564 1912 5615 ι

336 5632 520 5690 scribit
555 5632 606 5687 in
638 5634 734 5686 hac
762 5633 997 5686 sectione
1028 5632 1309 5699 pugnantia
1334 5632 1556 5682 adversa
1589 5633 1760 5685 fronte
1790 5648 1911 5686 cum

335 5703 402 5758 iis
429 5719 549 5773 qua:
572 5703 874 5773 Anastasius
892 5697 1050 5756 referi
1069 5697 1119 5754 iii
1134 5697 1546 5773 praefationibus
1567 5703 1911 5773 synodorinn,

336 5770 460 5827 tum'
499 5773 735 5849 septimm
760 5772 823 5826 ad
850 5772 1103 5828 Joannem
1134 5770 1261 5840 Vlll,
1289 5780 1394 5823 turn
1423 5781 1615 5824 octava:
1639 5771 1702 5823 ad
1729 5774 1912 5826 Adiiu~

2006 4595 2200 4648 quoque
2253 4578 2412 4647 ﬁrma
2451 4587 2498 4631 et
2541 4578 2745 4631 stabilia
2790 4593 2899 4631 esse
2954 4578 3238 4643 volumus,
3273 4594 3588 4647 nequaquam

2006 4664 2182 4702 eorum
2232 4665 2347 4701 cum
2379 4649 2623 4702 uxoribus
2653 4648 3059 4718 conjunctionem
3107 4648 3461 4712 dissolventes,
3510 4649 3588 4701 vel

2003 4734 2088 4772 eos
2134 4730 2306 4772 mutua
2339 4728 2558 4788 tempore
2580 4719 2889 4772 convenienti
2914 4719 3279 4774 consuetudine
3308 4720 3583 4787 privantes.

2011 4790 2345 4854 Quamobrem
2376 4792 2419 4842 si
2469 4790 2583 4858 quis
2629 4790 2820 4859 dignus
2843 4789 3070 4859 inventus
3101 4792 3275 4857 fuerit,
3301 4788 3390 4857 qui
3419 4789 3586 4858 hypo-

2005 4861 2272 4925 diuconus,
2317 4859 2393 4912 υιι
2425 4857 2706 4924 diaconus,
2745 4857 2821 4912 vel
2854 4858 3111 4928 presbyter
3137 4861 3419 4925 ordinetur,
3443 4861 3487 4911 is
3515 4860 3583 4911 ad

2009 4933 2161 4985 talem
2191 4930 2408 5000 gradum
2436 4930 2626 5000 assumi
2655 4945 2972 5000 nequaquam
3009 4930 3335 4996 prohibeatur
3373 4930 3416 4982 si
3469 4946 3586 4982 cum

2012 4998 2236 5071 legitima
2267 5015 2425 5052 uxore
2471 4998 2741 5052 coltabitet.
2773 4999 2882 5071 Sed
2910 5013 3068 5061 neque
3093 5001 3430 5053 ordinationis
3461 5008 3585 5050 tent-

2011 5068 2133 5137 pore
2173 5068 2236 5123 ob
2284 5085 2344 5122 eo
2371 5071 2654 5136 postuletur
2673 5077 2726 5120 ut
2751 5069 3054 5138 pnofiteatur
3080 5086 3132 5122 se
3162 5087 3193 5122 a
3224 5071 3444 5137 legitima
3471 5083 3585 5118 cum

2013 5158 2170 5195 uxore
2185 5140 2547 5193 consuetudine
2576 5139 3017 5192 abstenturum....
3052 5138 3113 5194 Si
3142 5141 3253 5208 quis
3280 5154 3402 5208 ergo
3430 5138 3584 5203 fuerit

2010 5229 2186 5278 ausus,
2230 5221 2413 5280 praeter
2454 5207 3007 5276 upostolicoscanones
3051 5207 3580 5280 incitatust’aliquem

2011 5277 2188 5335 eorum
2217 5277 2300 5344 qui
2329 5289 2444 5333 sunt
2468 5282 2518 5331 in
2539 5280 2720 5342 sacris,
2745 5281 3154 5348 presbyterorum
3200 5277 3472 5344 inquimus,
3505 5277 3583 5328 vel

2013 5354 2362 5414 dia-'onorum,
2399 5351 2474 5402 vel
2526 5347 3012 5419 hypodiaconorum,
3061 5347 3421 5414 conjunctione
3463 5361 3582 5419 cum

2015 5423 2237 5490 legitima
2265 5436 2421 5474 uxore
2445 5430 2488 5473 et
2523 5416 2886 5473 consuetudine
2916 5419 3134 5488 privare,
3163 5419 3469 5485 deponatur.
3497 5416 3586 5472 Si-

2016 5489 2200 5544 militer
2224 5501 2270 5544 et
2297 5492 2340 5544 si
2365 5491 2477 5560 quis
2504 5491 2779 5560 presbyter,
2812 5490 2887 5542 vel
2909 5489 3338 5560 diaconus,suam
3371 5501 3582 5539 uxorem

2015 5562 2211 5631 pietatis
2235 5558 2478 5631 praetextu
2515 5558 2734 5628 ejecerit,
2765 5568 3092 5631 segregatur;
3119 5566 3164 5609 et
3190 5558 3234 5610 si
3290 5565 3582 5622 perseveret,

2015 5634 2297 5700 deponatur
2313 5631 2461 5698 (Con.
2490 5631 2592 5696 15).

2088 5696 2350 5756 Praeterea
2399 5701 2840 5772 boc‘ConeiIium
2887 5712 3121 5772 canones
3168 5697 3407 5772 habebat
3452 5696 3587 5750 alios

2019 5775 2234 5829 minime
2261 5769 2614 5840 recipiendos,
2647 5781 2697 5825 ul
2726 5769 2812 5840 qui
2845 5770 3052 5825 admixti
3097 5769 3252 5839 juliet
3272 5769 3506 5837 quinque
3535 5774 3588 5822 et
