4068 6182
395 333 464 390 21
1313 325 1583 383 ΝΟΤΙΤΙΑ
1625 322 1986 384 HISTORICA
2031 325 2093 381 IN
2134 320 2434 383 SERGIUM
2477 324 2729 382 PAPAM.
3577 319 3646 377 9!

401 454 561 510 atque
621 439 840 508 obiecit,
875 437 1075 508 eligens
1106 449 1229 493 ante
1275 441 1427 506 mori,
1477 457 1631 510 quam
1680 441 1969 496 novitatum
2002 447 2046 502 Α
2076 441 2435 510 apostolorum
2468 441 2724 511 principe,
2766 438 3108 509 sulf'ragante‘,
3157 455 3412 513 suamque
3459 437 3646 500 Eccleé

402 530 676 586 erroribns
736 528 1062 583 consentire.
1109 529 1209 595 Qui
1263 539 1286 567 ι
1336 531 1620 598 imperator
1672 529 1968 600 Sergiumb

403 619 816 689 magistrianum
884 618 936 671 in
987 627 1226 687 spretum
1292 619 1659 688 praenominati
1707 621 1972 691 pontiﬁcis

402 710 627 763 Romam
673 707 912 776 mittens,
942 705 1198 762 Joannem
1251 708 1358 762 Deo
1387 708 1666 764 amabilem
1717 710 1975 764 Portuen-

401 815 514 853 sem
541 798 871 868 episcopum,
903 812 999 852 seu
1032 809 1054 838 ο
1086 798 1412 852 Bonifacium
1443 798 1802 854 consiliarium
1845 815 1972 869 apo-

400 890 602 945 stolicae
628 889 796 953 sedis,
822 903 1006 944 secum
1034 889 1086 943 in
1116 887 1312 958 regiam
1342 889 1562 945 abstulit
1587 891 1789 946 urbem.

469 976 502 1015 ιτ
527 977 733 1033 Deinde
767 975 1084 1032 Zachariam
1115 977 1402 1033 immanem
1453 994 1606 1034 suum
1637 989 1974 1050 protospata-

399 1071 534 1126 rium
561 1084 682 1124 cum
709 1069 954 1138 jussione
979 1068 1192 1136 direxit,
1223 1077 1282 1123 ut
1303 1069 1618 1136 praedictum
1667 1073 1973 1140 pontiﬁcem

401 1159 642 1212 similiter
671 1157 725 1211 in
750 1155 950 1224 regiam
974 1155 1279 1224 deportaret
1308 1158 1514 1212 urbem.
1531 1160 1654 1224 Sed,
1677 1161 1975 1218 misericor-

401 1250 487 1302 dia
520 1249 608 1304 Dei
655 1248 1047 1320 praeveniente,
1094 1249 1356 1319 beateque
1413 1250 1569 1306 Petro
1599 1256 1876 1323 apostolo,
1921 1263 1978 1309 et

2075 533 2205 584 siam
2230 531 2602 584 immutilatam
2629 539 2899 596 servante,
2929 531 3216 586 excitatum
3243 542 3326 586 est
3357 543 3380 570 ο
3411 549 3504 589 eor
3541 534 3646 588 Ra-

2076 619 2314 674 vennatis
2360 620 2586 688 militias,
2641 622 2864 676 ducatus
2917 622 3075 676 etiam
3133 622 3542 690 Pentapolitani,
3593 633 3647 677 et
3709 676 3712 678 γ

2073 710 2482 782 circumquaque
2513 713 2742 780 partium
2790 713 2807 742 ¹
2837 726 2941 766 non
2985 713 3291 782 permittere
3343 714 3644 782 pontiﬁcem

2073 800 2217 855 sedis
2245 802 2553 871 apostolica:
2583 803 2634 855 in
2682 802 2880 871 regiam
2925 802 3219 858 ascendere
3245 803 3454 858 urbem.
3486 803 3648 858 Cum-

2080 905 2180 960 que
2208 905 2272 946 ex
2316 891 2461 946 omni
2505 898 2654 960 parte
2703 891 2984 946 multitudo
3031 894 3052 923 ³
3081 891 3283 948 militiae
3321 894 3645 956 conveniret,

2081 981 2362 1036 Zacharias
2398 981 2419 1012 ³
2445 982 2709 1050 spatarius
2755 983 3092 1052 perterritus,
3122 993 3176 1039 et
3206 982 3495 1052 trepidans,
3527 997 3593 1039 ne
3617 999 3647 1037 ι

2083 1073 2232 1128 turba
2271 1073 2473 1128 militiae
2521 1074 2873 1144 occideretur,
2926 1085 3105 1145 portas
3157 1076 3370 1146 quidem
3420 1075 3648 1130 civitatis

2083 1163 2256 1219 claudi
2286 1172 2340 1220 et
2369 1165 2541 1220 teneri
2567 1165 2589 1196 ⁸
2608 1167 2914 1234 pontiﬁcem
2946 1166 3266 1237 postulabat.
3297 1167 3417 1236 Ipse
3443 1181 3568 1222 vero
3594 1166 3647 1220 in

2084 1256 2328 1310 cubiculo
2359 1257 2622 1324 pontiﬁcis
2673 1256 3054 1313 tremebundus
3094 1257 3304 1328 refugit,
3356 1257 3648 1328 deprecans

1607 1361 1990 1417 VARIANTES
2028 1360 2428 1418 LECTIONES.

473 1452 488 1480 ¹
525 1447 656 1502 Cod.
688 1448 840 1509 Luc.,
875 1456 928 1500 ut
960 1464 1058 1500 non
1088 1449 1450 1514 permitterent.

475 1521 496 1549 ’
525 1518 690 1574 Labb.
723 1526 776 1572 et
805 1519 997 1582 Mans.,
1029 1519 1254 1572 malitias.

2151 1451 2171 1524 ξ
2201 1451 2332 1524 god.
2365 1450 2521 1524 μω..
2561 1455 2979 1524 pratospatarius.

2150 1520 2172 1551 ⁵
2192 1520 2321 1576 Cod.
2367 1518 2518 1583 Lue.,
2544 1518 2576 1572 a
2603 1518 2836 1590 pontiﬁce
2867 1524 2934 1575 ad
2977 1526 3130 1594 pedes
3161 1529 3430 1597 pontiﬁcis.

1704 1629 2062 1688 VARIORUM
2100 1629 2328 1686 norm.
3144 1711 3152 1719 _

396 1746 672 1835 octoginta
691 1758 929 1835 canones
954 1743 1321 1835 apostolorttm
1333 1743 1960 1835 ‘no-mfnnprtslerentesj
1997 1777 2043 1835 Β
2073 1747 2214 1817 ginta
2241 1745 2349 1835 dies
2375 1747 2512 1835 dedit
2540 1747 2588 1830 ei
2616 1748 2838 1835 spatium
2877 1745 3442 1835 saticlwlnenumpftler
3482 1763 3646 1835 noster

399 1817 486 1883 qui
524 1812 791 1885 'prohtbet
815 1812 1135 1885 _jejunium_
1154 1813 1505 1885 sabbatorum
1536 1812 1965 1885 Quadragesimte

404 1882 559 1948 ﬁeri,
596 1885 681 1940 vel
719 1885 772 1939 in
814 1882 1052 1938 Romana
1098 1883 1378 1949 Ecclesia;
1415 1883 1504 1951 qui
1543 1882 1608 1935 ab
1634 1882 1890 1939 sull'ocato
1913 1892 1968 1938 et

402 1954 656 2032 sanguine
685 1954 942 2032 abstineri
970 1952 1123 2022 jubet
1151 1952 1394 2032 clericos,
1423 1951 1967 2032 depositionisptena

404 2022 694 2093 proposita,
715 2024 883 2078 laicos
897 2034 1073 2078 autem
1094 2022 1194 2077 sub
1207 2036 1362 2093 penna
1378 2022 1964 2093 excommunicatiouis;

403 2091 467 2149 ac
496 2091 730 2159 demum,
752 2094 843 2163 qui
889 2101 1030 2147 velat
1060 2091 1274 2163 depingi
1306 2091 1586 2144 Dominum
1615 2101 1854 2163 nostrum
1882 2091 1968 2146 Je-

403 2180 520 2220 sum
549 2159 814 2218 Christum
845 2164 944 2232 sub
967 2159 1277 2232 ﬁgura'agni
1322 2175 1353 2212 a
1400 2173 1727 2232 praecursorc
1763 2161 1972 2232 Joanne

409 2232 646 2296 indicati,
678 2246 794 2286 cum
847 2228 1088 2287 Salvaior
1111 2228 1486 2299 repraesentari
1533 2236 1735 2282 tantum
1783 2229 1975 2285 debeat-

407 2305 636 2371 humana
657 2302 903 2371 imagine,
930 2316 1027 2371 per
1047 2315 1202 2371 quam
1222 2313 1411 2354 omnes
1446 2307 1669 2355 caeteras
1689 2300 1972 2369 complevit

403 2373 589 2443 (Const.
613 2370 668 2432 ‘2,
705 2369 793 2437 55⁷,
818 2371 910 2443 6],
932 2369 1043 2443 82).
1074 2370 1338 2443 Snuntrn.

475 2450 501 2477 ⁸
523 2440 810 2511 Imperator
828 2440 1066 2504 Sergium
1090 2440 1478 2511 magistr-ianum
1499 2438 1561 2511 _i_n
1591 2446 1813 2511 spretum
1843 2454 1975 2508 prte-

405 2507 651 2566 nominati
697 2511 954 2582 pontiﬁcis
984 2507 1212 2582 Romam
1243 2509 1465 2582 mittens.
1497 2507 1819 2582 Ma_g_is_triani
1851 2518 1974 2582 sunt

402 2594 623 2651 agentes
650 2577 708 2634 in'
733 2577 911 2651 rebus,
952 2579 1197 2651 sicdieti,
1220 2577 1338 2647 quia
1360 2577 1506 2651 inter
1535 2577 1708 2651 ofﬁcia
1740 2577 1969 2651 palatina

405 2646 822 2705 niilitabantsnb
851 2649 1194 2717 dispositione
1238 2646 1472 2717 magistri
1499 2646 1814 2701 ofﬁciorum.
1849 2648 1974 2702 Am-

407 2722 578 2787 bros.,
607 2721 675 2775 de
701 2718 881 2788 Ofﬁc.,
907 2715 1005 2774 lib.
1046 2735 1103 2782 n,
1135 2732 1254 2785 cap.
1277 2715 1348 2770 29
1375 2734 1386 2768 :
1422 2715 1703 2786 Legebatur
1745 2721 1977 2788 rescripti

410 2795 573 2857 forma
601 2791 853 2853 directiar,
894 2790 1123 2859 magistri
1169 2788 1442 2857 o/ﬁciorum
1490 2794 1709 2854 statuta,
1753 2804 1906 2858 agens
1925 2789 1978 2841 in

410 2861 558 2913 rebus
585 2861 887 2914 imminebat.
920 2861 1276 2924 Amasene»,

477 2928 504 2966 δ
528 2928 1100 3000 Hagistrianum.Cum
1140 2926 1429 3000 imperialia
1464 2928 1621 3000 jussu
1661 2925 1862 3000 majore
1891 2941 1977 2983 ccc

410 2996 639 3054 leritate'
655 2999 991 3068 exsequenda
1032 2996 1566 3068 erant,'magistriani
1611 2997 1973 3068 mittebantur.

404 3070 517 3135 Qua
541 3070 743 3124 ratione
769 3065 936 3124 multo
965 3069 1166 3138 pridem
1189 3068 1306 3138 beo
1333 3065 1618 3138 imperator
1639 3068 1702 3119 ad
1746 3065 1975 3138 compri-

411 3116 1400 3208 ἰῖιέἶιᾶὖὲἶὶἱῖηὖίἶιὶζηὶὅξἷὲἷιὲέῇῥίό
1410 3116 1734 3208 Ἧιῖιόᾠέιῇ
1753 3116 1979 3192 uitibus
2007 3116 2052 3179 C

408 3210 804 3280 Eutychianista
851 3206 1211 3272 excitaverat,
1245 3206 1831 3280 ‘inisitdmagistrianos
1888 3222 1978 3280 per

406 3277 588 3333 urbem
618 3279 683 3334 sd
714 3280 1015 3348 episcopos,
1048 3288 1105 3332 ut
1135 3293 1226 3346 per
1253 3277 1553 3348 encyclicas
1577 3277 1702 3344 quid
1731 3277 1798 3330 de
1837 3278 1980 3348 sedi-

409 3349 559 3403 tiosis
608 3347 872 3404 haereticis
903 3347 1304 3404 decernendum
1350 3347 1511 3409 esset,
1542 3362 1640 3406 una
1665 3361 1852 3402 omnes
1879 3347 1982 3402 ﬁde

409 3429 464 3472 et
493 3428 670 3474 mente
694 3420 1070 3474 rescriberent.
1105 3421 1381 3473 Bnucruus.

489 3487 853 3614 «Βοηῖίέκὶυηι
875 3490 1242 3543 consiliarium.
1275 3488 1425 3556 Apud
1453 3487 1748 3542 Romanum
1780 3487 1982 3543 clerum

490 3559 634 3614 benti
706 3573 790 3613 em
814 3558 1038 3614 divinitas
1067 3558 1352 3613 consiliarii
1379 3557 1519 3612 sedis
1534 3557 1842 3614 apostolicae
1869 3567 1982 3612 erat

408 3570 459 3613 et
490 3557 790 3626 pontiﬁcem
814 3558 1038 3628 dignitas
1067 3558 1352 3613 consiliarii
1379 3557 1519 3612 sedis
1534 3557 1842 3626 apostolicae
1869 3567 1986 3612 erat

411 3629 550 3682 inter
591 3629 1010 3698 speetabiliores.
1041 3628 1140 3695 Qui
1171 3629 1311 3698 enim
1347 3628 1446 3682 hoe
1475 3642 1696 3682 munere
1727 3628 1982 3698 fungeba-

409 3709 493 3753 tur
536 3699 588 3751 in
624 3696 980 3768 gravioribus
1037 3696 1366 3766 publicisque
1413 3697 1790 3768 controversiis
1840 3697 1983 3751 velut

407 3781 650 3822 assessor
678 3768 914 3836 pontiﬁci
937 3777 989 3822 et
1016 3768 1160 3822 clero
1183 3770 1419 3832 astabat;
1443 3777 1498 3821 et
1525 3767 1570 3820 si
1592 3767 1800 3836 quando
1825 3781 1982 3820 vaca-

409 3845 496 3890 ret
521 3838 694 3906 sedes,
726 3851 829 3891 una
857 3852 976 3906 cunt
1008 3837 1128 3890 aliis
1150 3841 1364 3906 regebat
1388 3839 1701 3892 Ecclesiam.
1737 3837 1809 3890 De
1841 3837 1983 3891 illius

413 3906 588 3975 ofﬁcio
646 3905 880 3974 loquitur
929 3905 1229 3975 Gregorius
1275 3907 1364 3967 Μ..
1419 3907 1510 3962 lib.
1553 3921 1587 3959 It
1619 3947 1633 3969 ,
1689 3909 1843 3974 epist.
1891 3906 1980 3960 δι.

415 3974 621 4040 Quippe
653 3975 722 4043 in,
752 3974 1113 4028 controversia
1158 3975 1550 4043 privilegiorum
1592 3977 1842 4032 Ecclesia:
1884 3979 1985 4030 lla-

415 4042 753 4096 vunnatensis
798 4043 977 4110 potior
999 4043 1302 4110 disquisitio
1344 4042 1484 4097 sedis
1509 4046 1812 4111 apostolica:
1841 4048 1983 4100 Con-

409 4115 490 4166 silt
530 4113 609 4165 rio
637 4112 983 4185 demandata
1016 4121 1117 4166 est.
1163 4113 1273 4166 lmo
1316 4127 1434 4167 cum
1483 4113 1880 4185 Coprouymus,
1933 4121 1982 4171 in

409 4185 566 4251 epist.
588 4181 652 4254 ad
672 4181 916 4254 Carolum
937 4181 1029 4247 M.,
1053 4192 1465 4254 conquereretur
1483 4181 1981 4254 t‘lefChrt'stOphoro,

407 4252 713 4320 apostolicae
750 4252 898 4323 sedis
945 4252 1268 4323 consiliario,
1316 4252 1508 4306 Paulus
1557 4252 1840 4320 [pontifex
1885 4273 1984 4323 pro

404 4337 474 4377 eo
496 4321 1109 4394 scripsitiapologe‘ticam
1137 4323 1416 4391 epistolam
1447 4323 1513 4394 ad
1541 4324 1808 4389 Carolum,
1839 4321 1979 4394 quas,

406 4403 538 4457 etc.,
599 4395 648 4463 in
699 4391 1211 4463 (lodicerCarolino,
1263 4404 1405 4447 tumo
1446 4393 1511 4446 lil
1558 4395 1752 4463 Script.
1805 4391 1980 4450 rerum
2018 4403 2030 4463 _'

2071 1815 2206 1888 papa
2222 1815 2574 1888 Benedictus,
2596 1827 2642 1870 et
2667 1835 2756 1888 per
2779 1818 3003 1888 singulos
3049 1818 3157 1872 dies
3187 1817 3410 1872 mittebat
3435 1822 3503 1872 ad
3531 1837 3646 1874 eum

2071 1885 2394 1954 Bonifacium
2420 1885 2788 1953 cansiliarium,
2819 1885 3281 1942 et'commonitoriis
3309 1889 3470 1943 verbis
3499 1891 3647 1944 doce-

2069 1954 2152 2029 bat
2181 1972 2294 2010 eum
2325 1957 2508 2029 divina
2539 1956 2838 2029 Scriptura;
2863 1966 2916 2012 'et
2945 1973 3205 2027 nunquam
3239 1956 3398 2012 uoluit
3437 1961 3643 2029 corrigi.

2072 2023 2188 2098 μοι
2214 2033 2381 2078 autem
2395 2026 2622 2098 faciebat
2650 2023 2715 2098 ut
2747 2023 3070 2098 persuaderet
3104 2036 3155 2080 et
3193 2029 3480 2098 corrigeret
3505 2023 3641 2082 enin;

2073 2092 2364 2167 imperator
2393 2092 2568 2164 itaque
2587 2092 2911 2167 Justinianus
2931 2092 3360 2167 animadvertetis
3397 2113 3426 2152 a
3457 2097 3641 2167 Sergio

2071 2161 2383 2232 denegatam
2425 2161 2884 2219 confirmationem
2934 2165 3304 2220 Trullanornm
3373 2161 3634 2222 canonum

2073 2235 2442 2302 suggestione,
2498 2243 2554 2288 ut
2597 2234 2917 2300 ,videbatur,
2995 2235 3249 2290 Bonifacii
3320 2239 3644 2298 consiliarii,

2075 2309 2355 2370 utrumque
2383 2303 2573 2370 Cplim.
2622 2303 2811 2359 adduci
2841 2303 3038 2370 voluit‘,
3072 2302 3193 2358 facti
3227 2307 3484 2361 rationem
3534 2307 3646 2361 edi-

2077 2378 2246 2426 turos.
2273 2374 2552 2428 Bsxcraus.

2146 2439 2171 2476 ά
2201 2441 2396 2496 Deinde
2425 2442 2750 2514 Zachariam,
2777 2453 2882 2514 etc.
2927 2443 3116 2499 Omnia
3142 2446 3193 2499 in
3217 2446 3420 2514 synodo
3447 2452 3562 2500 acta
3590 2449 3642 2500 in

2079 2509 2362 2584 Romanam
2381 2513 2559 2584 urbem
2573 2514 2639 2564 ad
2653 2513 3063 2584 conﬁrmandum
3088 2515 3166 2568 vel
3188 2509 3510 2584 in'superiori
3532 2517 3641 2571 loco

2080 2580 2490 2654 subscribendum
2522 2581 2701 2654 S_ergi_o
2721 2580 2979 2654 pontiﬁci,
3022 2592 3194 2654 utpote
3224 2580 3373 2654 capiti
3411 2587 3647 2639 sacerdo-

2082 2659 2188 2702 tum
2241 2651 2490 2717 omnium,
2545 2651 2895 2706 Justinianum
2953 2651 3324 2720 imperatorem
3391 2655 3648 2710 direxisse

2081 2720 2266 2792 scribit
2295 2720 2638 2792 Anastasius;
2669 2736 2788 2776 cum
2818 2722 2960 2778 enim
2997 2722 3324 2792 Justiuianus
3351 2733 3497 2792 gesta
3545 2725 3646 2777 hu-

2075 2787 2162 2862 jus_
2209 2791 2396 2862 synodi
2457 2804 2552 2862 sex
2607 2793 2764 2845 tomis
2821 2791 3206 2859 comprehensa
3261 2793 3330 2846 ab
3368 2787 3648 2862 episcopis

2080 2860 2400 2931 subscripta,
2429 2869 2484 2915 et
2501 2861 2762 2929 imperiali
2789 2877 2946 2916 manu
2963 2862 3294 2927 conﬁrmata,
3314 2862 3378 2916 ad
3403 2860 3646 2931 Sergium

2084 2942 2270 2998 papam
2314 2930 2478 2996 misit,
2524 2932 2706 2985 charta
2739 2946 2872 3000 pura
2915 2933 2967 2986 in
3007 2931 3204 2987 Codice
3230 2934 3441 2987 concilii
3467 2930 3647 2988 relicta

2080 3008 2164 3053 εει
2191 3010 2314 3056 ante
2337 3008 2559 3056 caeteros
2588 3002 2934 3069 patriarchas,
2978 3014 3095 3070 post
3122 3002 3476 3056 Justinianum
3519 3004 3648 3071 imp.

2081 3078 2142 3140 ut
2160 3084 2278 3125 eam
2303 3071 2694 3138 subscriptione
2717 3086 2812 3127 sua
2831 3073 3081 3138 repleret.
3129 3071 3328 3126 Eodem
3357 3073 3510 3140 plane
3535 3089 3652 3128 mo-

2085 3139 2156 3211 do
2182 3140 2368 3194 charta
2392 3155 2524 3209 pura
2547 3141 2728 3196 relicta
2752 3152 2833 3196 est
2850 3143 3116 3211 episcopis
3141 3139 3448 3197 absentibus
3475 3143 3644 3198 Thes-

2084 3210 2423 3274 salonicensi,
2459 3211 2747 3278 Ravennae,
2772 3210 3056 3279 Sardinia),
3082 3223 3136 3266 et
3164 3211 3451 3276 Heracleas,
3477 3223 3532 3266 ut
3555 3213 3649 3266 sal-

2087 3289 2193 3352 tem
2216 3291 2334 3348 post
2364 3281 2870 3352 solutamsynodum
2891 3282 3471 3352 actissubscrihercut;
3508 3285 3647 3348 qimd

2086 3348 2273 3404 iisdem
2297 3351 2473 3406 verbis
2501 3351 2554 3406 in
2583 3348 2777 3406 codice
2801 3351 3108 3406 adnotatum
3131 3363 3210 3406 eSt
3239 3371 3249 3404 :
3285 3351 3448 3406 Locus
3490 3352 3648 3406 Thcs-

2084 3420 2429 3488 salonicensis,
2451 3422 2590 3476 locus
2618 3420 2943 3488 Ravennatis,
2959 3431 3013 3476 et
3031 3431 3370 3478 cznlerorum.
3399 3423 3500 3478 Sed
3531 3424 3652 3477 Scr-

2085 3487 2200 3560 gius
2230 3500 2346 3544 acta
2363 3490 2682 3547 conﬁrmare
2705 3487 2967 3547 recusavit
2996 3509 3009 3545 :
3048 3491 3456 3560 Compellebatur
3478 3504 3649 3546 nat-ni

2086 3569 2132 3614 et
2153 3559 2279 3629 ipse,
2317 3561 2489 3630 inquit
2516 3561 2848 3629 Anastasius,
2876 3562 3202 3624 subscribere,
3247 3565 3334 3616 sed
3361 3564 3650 3617 nullatenus

2083 3630 2351 3702 acquievit,
2377 3649 2469 3702 pro
2517 3648 2576 3685 eo
2614 3633 2750 3700 quod
2774 3633 3011 3702 quatdam
3049 3633 3276 3702 capitula
3306 3643 3448 3686 extra
3498 3636 3654 3686 ritum

2083 3700 2472 3772 ecclesiasticum
2497 3702 2694 3770 fuerant
2723 3703 2775 3755 in
2787 3700 2856 3755 eo
2883 3700 3121 3768 annexa,
3142 3718 3252 3770 qua:
3272 3712 3320 3756 et
3348 3705 3498 3772 quasi
3532 3721 3650 3771 sgn-

2087 3771 2300 3826 odaliter
2322 3772 2549 3839 deﬁnita,
2578 3781 2624 3825 et
2645 3773 2697 3826 in
2718 3788 2805 3826 sex
2828 3774 2976 3825 tomis
2994 3774 3266 3839 descripta,
3285 3771 3387 3825 etc.
3422 3773 3519 3833 Qui
3542 3775 3651 3838 bra-

2087 3841 2309 3894 tissintus
2349 3838 2576 3908 pantifex
2631 3843 2827 3910 penitus
2868 3841 3032 3893 eidem
3085 3838 3381 3892 Iustiniano
3425 3842 3652 3909 Augusto

2087 3927 2187 3963 non
2210 3912 2476 3979 acquievit,
2525 3926 2615 3962 nec
2658 3916 2856 3979 eosdem
2883 3917 3045 3962 tomos
3070 3910 3318 3977 suscipere
3340 3919 3426 3962 aut
3450 3911 3652 3964 lectioni

2089 3977 2312 4052 pandere
2338 3996 2516 4052 passus
2545 3989 2635 4033 est.
2652 3977 2826 4052 Porro
2844 3995 2936 4052 eos
2961 3988 3013 4031 ut
3030 3980 3278 4052 invalidos
3301 3981 3488 4052 respuit
3506 3993 3654 4050 alque

2087 4050 2279 4120 rejecit,
2303 4049 2498 4121 eligens
2527 4051 2687 4121 magis
2727 4050 2853 4121 mori
2880 4065 3030 4121 quam
3073 4051 3348 4121 novitatum
3383 4049 3653 4106 erroribus

2089 4118 2395 4174 consentire.‘
2437 4119 2512 4175 De
2561 4118 2623 4173 iis
2652 4118 2944 4174 canonibus
2997 4120 3049 4172 in
3095 4118 3296 4173 Joanne
3347 4121 3432 4174 \'ll
3468 4138 3650 4176 rursus

2089 4203 2266 4244 sermo
2315 4190 2527 4260 redibit.
2572 4189 2702 4242 Cum
2736 4190 2912 4260 itaque
2937 4188 3175 4260 Sergius,
3205 4189 3487 4250 .Iustiuiani
3519 4192 3648 4260 imp.

2091 4260 2335 4327 precibus
2383 4259 2783 4330 haudquaquam
2835 4259 3059 4330 fractus,
3104 4259 3431 4324 Quinisextac
3462 4259 3650 4330 synodi

2089 4344 2320 4383 canones
2373 4328 2664 4398 reiecisset,
2715 4330 2999 4396 imperator
3029 4329 3337 4384 Zachariam
3371 4328 3648 4398 protoSpa~

2091 4400 2281 4452 larium
2309 4415 2462 4454 suum
2489 4399 2710 4454 Romam
2742 4400 2906 4463 misit,
2937 4400 3025 4466 qui
3057 4400 3353 4466 pontiﬁcem
3384 4399 3653 4455 Constan-

411 4456 600 4537 l’rauc.
627 4456 1282 4537 Ducbesniitatqueninter
1311 4463 1410 4516 alia
1443 4464 1610 4537 inquit
1639 4482 1650 4515 :
1677 4456 1824 4537 Nam
1851 4465 1982 4519 illud
2016 4456 2064 4515 D
2089 4468 2363 4537 tinopolitn
2410 4469 2733 4537 deportaret.
2767 4469 2871 4524 Sed
2894 4456 3092 4523 ἰηῖιίιὶὶι
3135 4470 3424 4537 Ravennae,
3456 4473 3656 4525 vicina-

407 4535 460 4586 in
490 4533 614 4602 ipsis
649 4532 754 4602 suis
800 4532 1029 4599 apicibus
1057 4531 1297 4600 a/ferunt,
1327 4535 1459 4601 quod
1484 4531 1697 4588 dilectus
1722 4535 1862 4602 ﬁlius
1888 4552 1981 4589 no-

405 4616 505 4656 ster
534 4599 930 4672 Cltristopltorus
957 4603 1271 4672 primicerius
1301 4599 1346 4655 et
1375 4599 1731 4668 consiliarius,
1751 4605 1856 4657 sine
1885 4622 1978 4658 ιι.)-

403 4684 510 4726 stra
531 4671 848 4745 auctoritate,
880 4671 1022 4745 nobis
1054 4674 1200 4741 quasi
1235 4674 1581 4742 ignorantibus
1603 4715 1616 4736 ,
1641 4677 1980 4745 suggestiones

405 4745 523 4795 illas
542 4742 846 4814 diruimus,
879 4743 1097 4814 fecisset,
1118 4753 1165 4796 et
1180 4745 1314 4795 alias
1340 4759 1430 4810 pro
1460 4746 1575 4796 aliis
1597 4742 1779 4814 ejtts'et
1807 4748 1982 4798 vestris

410 4813 575 4884 missis
607 4813 897 4881 relegissrt;
927 4823 972 4865 et
1021 4813 1070 4865 in
1117 4823 1287 4867 testem
1317 4824 1362 4866 et
1404 4813 1631 4884 judicent
1675 4816 1982 4882 proferimus

411 4882 601 4954 Deum,
625 4885 759 4952 quod
805 4885 874 4934 ita
904 4897 1221 4954 nequaquam
1259 4885 1359 4950 sit;
1388 4882 1514 4937 nihil
1542 4884 1672 4936 enim
1717 4887 1824 4954 ipse
1854 4902 1980 4939 con—

409 4953 626 5005 siliarius
652 4965 796 5006 extra
835 4963 1060 5005 nostram
1091 4953 1396 5007 voluntatem
1439 4955 1712 5017 aliquando
1738 4953 1874 5023 regit,
1909 4959 1983 5011 vel

405 5038 556 5094 agere
592 5023 890 5094 praesumsit,
919 5023 1156 5094 quoniam
1179 5025 1339 5077 nostri
1378 5023 1759 5093 prwdeccssoris
1789 5035 1836 5078 et
1871 5042 1983 5094 ger-

407 5093 544 5144 mani
566 5093 733 5144 domni
761 5093 1008 5161 Stephani
1031 5109 1177 5160 papa:
1212 5095 1367 5146 simul
1395 5103 1443 5146 et
1469 5103 1638 5147 noster
1665 5093 1887 5147 sincerus
1911 5105 1980 5148 at-

403 5179 501 5230 que
529 5163 907 5231 probatissimus
935 5163 1101 5229 ﬁdelis
1142 5165 1352 5228 exstitit,
1382 5173 1428 5215 et
1460 5166 1510 5216 in
1538 5165 1767 5218 omnibus
1790 5168 1977 5228 existit,

405 5242 451 5283 et
493 5233 746 5304 satisfacti
779 5248 963 5304 sumus
999 5234 1061 5284 de
1090 5235 1202 5304 ejus
1244 5234 1572 5286 immaculata
1601 5236 1704 5302 ﬁde
1747 5246 1793 5288 et
1833 5238 1983 5302 ﬁrma

405 5303 573 5354 cordis
602 5303 901 5356 constantia.
928 5302 1002 5354 Et
1051 5302 1132 5356 bis
1161 5304 1326 5372 liquet
1372 5305 1734 5358 consiliarium
1759 5307 1809 5358 in
1859 5305 1980 5360 ﬁdei

406 5372 809 5439 disciplinaeque
855 5374 1338 5427 concertationibus
1375 5375 1613 5428 doctrina
1643 5389 1735 5428 sua
1769 5384 1824 5428 et
1861 5385 1983 5428 voto

410 5442 740 5506 perniticibus
766 5442 1020 5495 adfuisse.
1050 5442 1384 5510 Quapropter
1427 5445 1514 5498 hic
1562 5445 1856 5499 Bonifacius
1887 5447 1980 5499 dc-

408 5510 577 5564 let-ttts
600 5519 679 5565 est
706 5512 770 5564 ad
803 5512 1223 5566 convincendum
1254 5513 1540 5568 Maeiriunt
1570 5515 1980 5581 Antiochenam,

405 5595 561 5646 quem
591 5581 777 5652 exsilio
809 5583 1406 5652 tnultaverat__synodus
1431 5599 1502 5648 Vl,
1533 5594 1587 5636 ut
1622 5585 1842 5652 legimus
1877 5595 1981 5638 act.

413 5653 431 5720 l
450 5649 647 5720 synodi
682 5665 779 5715 vn,
814 5666 930 5720 pag.
965 5648 1071 5703 65:
1119 5648 1312 5705 Etenim
1338 5653 1521 5707 Roma:
1558 5655 1609 5706 in
1651 5648 1828 5708 casilio
1877 5665 1982 5706 erat

411 5712 666 5775 Macarius
693 5712 956 5776 Itw't'etittus
986 5738 1016 5775 a
1043 5729 1183 5776 sexta
1209 5727 1400 5792 synodo
1435 5726 1645 5788 missus;
1677 5735 1722 5778 et
1762 5725 1983 5796 quadrac

2087 4536 2308 4608 rumque
2329 4536 2575 4607 partium,
2598 4539 2740 4606 jussa
2766 4536 3016 4608 principis
3046 4542 3269 4595 nefanda
3287 4536 3652 4604 contemnens,

2087 4623 2189 4660 non
2245 4609 2484 4676 permisit
2537 4624 2598 4664 ea
2645 4609 2978 4663 exsecutioni
3019 4611 3277 4665 mandari.
3331 4613 3506 4677 Quare
3534 4627 3651 4666 cum

2085 4679 2229 4732 omni
2256 4694 2321 4732 ex
2367 4693 2513 4744 parte
2543 4679 2824 4735 multitudo
2854 4680 3056 4734 militiae
3085 4683 3418 4743 conveniret,
3453 4680 3656 4735 Zacha-

2086 4747 2192 4820 rias
2243 4748 2680 4820 protospatatius,
2734 4751 2785 4804 in
2816 4750 3059 4820 timorem
3096 4752 3326 4820 proprias
3346 4751 3531 4805 salutis
3565 4753 3656 4805 ad~

2087 4817 2298 4890 ductus,
2330 4818 2396 4873 ad
2429 4817 2746 4888 pontiﬁcem
2796 4819 3035 4888 protinus
3063 4817 3122 4876 se
3151 4817 3370 4890 recepit,
3405 4832 3560 4888 atque
3592 4825 3654 4873 ad

2087 4888 2246 4954 pedes
2275 4898 2569 4958 prOStratus
2601 4890 2805 4943 veniam
2837 4890 3057 4958 supplex
3096 4888 3289 4953 oravit,
3319 4902 3368 4942 et
3394 4904 3458 4942 ne
3486 4891 3654 4943 furori

2086 4958 2313 5012 militum
2366 4974 2424 5013 se
2453 4960 2672 5014 dederet
2698 4959 3016 5013 obsecravit.
3049 4958 3285 5012 Pontifex
3331 4959 3523 5012 bonum
3555 4961 3654 5028 ipsi

2085 5028 2318 5082 animum
2366 5028 2762 5097 haberejussit,
2811 5029 2929 5080 inde
2952 5028 3017 5080 ad
3043 5029 3356 5096 placandum
3389 5033 3656 5097 profectus

2085 5099 2400 5169 exercitum,
2430 5115 2522 5162 pro
2555 5097 3050 5169 basilica'l‘heodori
3072 5099 3360 5166 pontiﬁcis,
3381 5102 3657 5169 patefactis

2089 5168 2258 5223 valvis
2288 5169 2505 5232 assedit,
2540 5183 2603 5221 ae
2633 5167 2889 5239 militibus
2934 5177 2988 5221 et
3039 5170 3232 5239 populo
3263 5167 3480 5235 sedatis,
3516 5175 3655 5239 quod

2089 5252 2185 5305 pro
2213 5239 2412 5309 salute
2454 5252 2548 5309 sua
2601 5245 2742 5289 tanta
2794 5238 3068 5293 alacritate
3113 5238 3263 5295 arma
3311 5238 3659 5309 sumpsissent

2089 5308 2285 5376 gratias
2335 5307 2457 5375 egit.
2506 5307 2611 5360 Nec
2639 5316 2812 5362 tamen
2845 5319 2968 5363 ante
2999 5312 3191 5366 milites
3225 5311 3354 5364 urbe
3402 5307 3659 5364 excedere

2089 5380 2382 5440 voluerunt,
2418 5392 2574 5445 quam
2619 5389 2869 5433 Onustqu
2902 5383 3236 5436 contumeliis
3269 5390 3317 5432 et
3351 5390 3492 5432 metu
3542 5394 3658 5444 per-

2089 5446 2331 5520 lcrritutn
2392 5447 2513 5520 inde
2542 5447 2852 5520 Z'llfilill‘iaﬂl
2907 5455 3230 5520 exegissent.
3265 5450 3384 5520 llmc
3415 5460 3662 5502 conSIant

2088 5531 2151 5590 ex
2184 5518 2462 5590 Anastasio
2487 5519 2538 5571 in
2570 5519 2686 5574 Vita
2708 5521 2902 5590 Sergii,
2937 5518 3096 5585 Beda,
3131 5523 3220 5573 lib.
3241 5518 3318 5590 de
3339 5518 3468 5590 Sex_
3489 5520 3657 5573 aetati-

2087 5585 2206 5658 bus,
2249 5596 2303 5640 et
2341 5603 2404 5642 es
2440 5588 2600 5642 Paulo
2632 5585 2885 5656 Diacotio,
2921 5592 3010 5643 lib.
3045 5605 3093 5642 γι
3118 5591 3183 5643 de
3230 5587 3402 5642 Gcslis
3450 5587 3658 5658 Lotth-

2091 5657 2268 5720 bard.,
2301 5673 2416 5725 cap.
2455 5661 2536 5712 ll.
2572 5662 2785 5716 ['AGIUS.

2167 5737 2188 5765 ε
2223 5729 2319 5784 Cor
2358 5731 2662 5786 Ravennatis
2711 5731 2916 5786 militiw.
2979 5730 3105 5784 Cum
3159 5727 3443 5786 Zacharias
3496 5730 3666 5804 impc-
