  <div class='ocr_page' id='page_1' title='image "/cluster/home/n/w/nwhite01/storage/ocr_20150623/89/hvd.32044054758925/019.png"; bbox 0 0 4070 6182; ppageno 0'>
   <div class='ocr_carea' id='block_1_1' title="bbox 431 309 3685 374">
    <p class='ocr_par' dir='ltr' id='par_1_1' title="bbox 431 309 3685 374">
     <span class='ocr_line' id='line_1_1' title="bbox 431 309 3685 374; baseline -0.001 -1"><span class='ocrx_word' id='word_1_1' title='bbox 431 322 497 374; x_wconf 70' lang='lat'><strong>27</strong></span> <span class='ocrx_word' id='word_1_2' title='bbox 1790 309 2082 368; x_wconf 75' lang='lat' dir='ltr'><strong>SERGlUS</strong></span> <span class='ocrx_word' id='word_1_3' title='bbox 2123 309 2319 366; x_wconf 76' lang='lat' dir='ltr'><strong>PAPA.</strong></span> <span class='ocrx_word' id='word_1_4' title='bbox 3613 312 3685 372; x_wconf 77' lang='lat'><strong>28</strong></span> 
     </span>
    </p>
   </div>
   <div class='ocr_carea' id='block_1_2' title="bbox 429 422 3681 498">
    <p class='ocr_par' dir='ltr' id='par_1_2' title="bbox 429 422 3681 498">
     <span class='ocr_line' id='line_1_2' title="bbox 429 422 3681 498; baseline -0.003 -8"><span class='ocrx_word' id='word_1_5' title='bbox 429 440 542 491; x_wconf 89' lang='lat' dir='ltr'><strong>dito</strong></span> <span class='ocrx_word' id='word_1_6' title='bbox 569 429 844 486; x_wconf 78' lang='lat' dir='ltr'><strong>inferioris</strong></span> <span class='ocrx_word' id='word_1_7' title='bbox 884 430 1155 484; x_wconf 82' lang='lat' dir='ltr'><strong>secretarii</strong></span> <span class='ocrx_word' id='word_1_8' title='bbox 1190 427 1460 498; x_wconf 63' lang='lat' dir='ltr'><strong>pratdictzn</strong></span> <span class='ocrx_word' id='word_1_9' title='bbox 1488 422 1744 478; x_wconf 68' lang='lat' dir='ltr'><strong>vbasilica:</strong></span> <span class='ocrx_word' id='word_1_10' title='bbox 1777 424 2006 492; x_wconf 77' lang='lat' dir='ltr'><strong>positum</strong></span> <span class='ocrx_word' id='word_1_11' title='bbox 2042 439 2084 491; x_wconf 74' lang='grc' dir='ltr'><strong>Α</strong></span> <span class='ocrx_word' id='word_1_12' title='bbox 2115 425 2329 478; x_wconf 86' lang='lat' dir='ltr'><strong>basilica</strong></span> <span class='ocrx_word' id='word_1_13' title='bbox 2362 432 2670 477; x_wconf 89' lang='lat' dir='ltr'><strong>sanctorum</strong></span> <span class='ocrx_word' id='word_1_14' title='bbox 2702 423 2906 480; x_wconf 77' lang='lat' dir='ltr'><strong>Cosmze</strong></span> <span class='ocrx_word' id='word_1_15' title='bbox 2939 434 2992 480; x_wconf 82' lang='lat' dir='ltr'><strong>et</strong></span> <span class='ocrx_word' id='word_1_16' title='bbox 3024 424 3284 491; x_wconf 89' lang='lat' dir='ltr'><strong>Damiaui,</strong></span> <span class='ocrx_word' id='word_1_17' title='bbox 3320 425 3406 479; x_wconf 90' lang='lat' dir='ltr'><strong>ubi</strong></span> <span class='ocrx_word' id='word_1_18' title='bbox 3435 434 3486 479; x_wconf 89' lang='lat' dir='ltr'><strong>et</strong></span> <span class='ocrx_word' id='word_1_19' title='bbox 3518 428 3681 481; x_wconf 90' lang='lat' dir='ltr'><strong>multa</strong></span> 
     </span>
    </p>
   </div>
   <div class='ocr_carea' id='block_1_3' title="bbox 430 516 2005 593">
    <p class='ocr_par' dir='ltr' id='par_1_3' title="bbox 430 516 2005 593">
     <span class='ocr_line' id='line_1_3' title="bbox 430 516 2005 593; baseline -0.006 -14"><span class='ocrx_word' id='word_1_20' title='bbox 430 529 623 587; x_wconf 83' lang='lat' dir='ltr'><strong>inerat,</strong></span> <span class='ocrx_word' id='word_1_21' title='bbox 652 526 785 579; x_wconf 80' lang='lat' dir='ltr'><strong>facta</strong></span> <span class='ocrx_word' id='word_1_22' title='bbox 827 523 1131 593; x_wconf 88' lang='lat' dir='ltr'><strong>diligentius</strong></span> <span class='ocrx_word' id='word_1_23' title='bbox 1162 520 1363 585; x_wconf 89' lang='lat' dir='ltr'><strong>tumba,</strong></span> <span class='ocrx_word' id='word_1_24' title='bbox 1396 520 1448 572; x_wconf 91' lang='lat' dir='ltr'><strong>in</strong></span> <span class='ocrx_word' id='word_1_25' title='bbox 1477 516 1818 573; x_wconf 74' lang='lat' dir='ltr'><strong>denominata</strong></span> <span class='ocrx_word' id='word_1_26' title='bbox 1866 517 2005 570; x_wconf 90' lang='lat' dir='ltr'><strong>basi-</strong></span> 
     </span>
    </p>
   </div>
   <div class='ocr_carea' id='block_1_4' title="bbox 430 607 2005 687">
    <p class='ocr_par' dir='ltr' id='par_1_4' title="bbox 430 607 2005 687">
     <span class='ocr_line' id='line_1_4' title="bbox 430 607 2005 687; baseline -0.008 -15"><span class='ocrx_word' id='word_1_27' title='bbox 430 618 527 672; x_wconf 89' lang='lat' dir='ltr'><strong>lica</strong></span> <span class='ocrx_word' id='word_1_28' title='bbox 577 616 788 687; x_wconf 83' lang='lat' dir='ltr'><strong>publico</strong></span> <span class='ocrx_word' id='word_1_29' title='bbox 818 616 937 668; x_wconf 92' lang='lat' dir='ltr'><strong>loco</strong></span> <span class='ocrx_word' id='word_1_30' title='bbox 975 614 1017 683; x_wconf 73' lang='grc' dir='ltr'><strong>(ί</strong></span> <span class='ocrx_word' id='word_1_31' title='bbox 1045 613 1129 666; x_wconf 87' lang='lat' dir='ltr'><strong>n‘bi</strong></span> <span class='ocrx_word' id='word_1_32' title='bbox 1161 611 1261 665; x_wconf 88' lang='lat' dir='ltr'><strong>sibi</strong></span> <span class='ocrx_word' id='word_1_33' title='bbox 1295 611 1468 663; x_wconf 75' lang='lat' dir='ltr'><strong>funeral.</strong></span> <span class='ocrx_word' id='word_1_34' title='bbox 1495 607 1813 677; x_wconf 86' lang='lat' dir='ltr'><strong>relevatum)</strong></span> <span class='ocrx_word' id='word_1_35' title='bbox 1847 622 2005 676; x_wconf 86' lang='lat' dir='ltr'><strong>repo-</strong></span> 
     </span>
    </p>
   </div>
   <div class='ocr_carea' id='block_1_5' title="bbox 432 698 2005 770">
    <p class='ocr_par' dir='ltr' id='par_1_5' title="bbox 432 698 2005 770">
     <span class='ocr_line' id='line_1_5' title="bbox 432 698 2005 770; baseline -0.008 -10"><span class='ocrx_word' id='word_1_36' title='bbox 432 712 555 770; x_wconf 82' lang='lat' dir='ltr'><strong>suit,</strong></span> <span class='ocrx_word' id='word_1_37' title='bbox 588 722 651 759; x_wconf 93' lang='lat' dir='ltr'><strong>ac</strong></span> <span class='ocrx_word' id='word_1_38' title='bbox 683 706 859 759; x_wconf 88' lang='lat' dir='ltr'><strong>locum</strong></span> <span class='ocrx_word' id='word_1_39' title='bbox 890 704 1064 769; x_wconf 89' lang='lat' dir='ltr'><strong>ipsum</strong></span> <span class='ocrx_word' id='word_1_40' title='bbox 1088 701 1319 755; x_wconf 87' lang='lat' dir='ltr'><strong>ornavit.</strong></span> <span class='ocrx_word' id='word_1_41' title='bbox 1355 698 1450 752; x_wconf 89' lang='lat' dir='ltr'><strong>Hic</strong></span> <span class='ocrx_word' id='word_1_42' title='bbox 1489 698 1612 752; x_wconf 81' lang='lat' dir='ltr'><strong>fecit</strong></span> <span class='ocrx_word' id='word_1_43' title='bbox 1642 707 1887 764; x_wconf 89' lang='lat' dir='ltr'><strong>patenam</strong></span> <span class='ocrx_word' id='word_1_44' title='bbox 1920 711 2005 749; x_wconf 87' lang='lat' dir='ltr'><strong>au-</strong></span> 
     </span>
    </p>
   </div>
   <div class='ocr_carea' id='block_1_6' title="bbox 432 788 2003 863">
    <p class='ocr_par' dir='ltr' id='par_1_6' title="bbox 432 788 2003 863">
     <span class='ocr_line' id='line_1_6' title="bbox 432 788 2003 863; baseline -0.007 -12"><span class='ocrx_word' id='word_1_45' title='bbox 432 812 580 851; x_wconf 86' lang='lat' dir='ltr'><strong>ream</strong></span> <span class='ocrx_word' id='word_1_46' title='bbox 622 800 877 863; x_wconf 85' lang='lat' dir='ltr'><strong>majorem</strong></span> <span class='ocrx_word' id='word_1_47' title='bbox 922 796 1205 849; x_wconf 64' lang='lat' dir='ltr'><strong>luat-cutem</strong></span> <span class='ocrx_word' id='word_1_48' title='bbox 1230 794 1253 824; x_wconf 82' lang='grc'><strong>¹</strong></span> <span class='ocrx_word' id='word_1_49' title='bbox 1279 806 1518 860; x_wconf 87' lang='lat' dir='ltr'><strong>gemmas</strong></span> <span class='ocrx_word' id='word_1_50' title='bbox 1567 805 1629 844; x_wconf 83' lang='lat' dir='ltr'><strong>ex</strong></span> <span class='ocrx_word' id='word_1_51' title='bbox 1676 788 1838 854; x_wconf 80' lang='lat' dir='ltr'><strong>albis,</strong></span> <span class='ocrx_word' id='word_1_52' title='bbox 1867 798 1922 841; x_wconf 88' lang='lat' dir='ltr'><strong>et</strong></span> <span class='ocrx_word' id='word_1_53' title='bbox 1952 788 2003 841; x_wconf 92' lang='lat' dir='ltr'><strong>in</strong></span> 
     </span>
    </p>
   </div>
   <div class='ocr_carea' id='block_1_7' title="bbox 434 884 2003 957">
    <p class='ocr_par' dir='ltr' id='par_1_7' title="bbox 434 884 2003 957">
     <span class='ocr_line' id='line_1_7' title="bbox 434 884 2003 957; baseline -0.009 -14"><span class='ocrx_word' id='word_1_54' title='bbox 434 888 609 943; x_wconf 90' lang='lat' dir='ltr'><strong>medio</strong></span> <span class='ocrx_word' id='word_1_55' title='bbox 634 902 698 942; x_wconf 80' lang='lat' dir='ltr'><strong>ex</strong></span> <span class='ocrx_word' id='word_1_56' title='bbox 725 885 999 957; x_wconf 71' lang='lat' dir='ltr'><strong>hyaciuto,</strong></span> <span class='ocrx_word' id='word_1_57' title='bbox 1029 893 1083 939; x_wconf 89' lang='lat' dir='ltr'><strong>et</strong></span> <span class='ocrx_word' id='word_1_58' title='bbox 1107 884 1413 950; x_wconf 78' lang='lat' dir='ltr'><strong>smaragdo,</strong></span> <span class='ocrx_word' id='word_1_59' title='bbox 1443 895 1657 935; x_wconf 86' lang='lat' dir='ltr'><strong>crucem</strong></span> <span class='ocrx_word' id='word_1_60' title='bbox 1691 887 2003 947; x_wconf 77' lang='lat' dir='ltr'><strong>pensantem</strong></span> 
     </span>
    </p>
   </div>
   <div class='ocr_carea' id='block_1_8' title="bbox 433 967 2006 1049">
    <p class='ocr_par' dir='ltr' id='par_1_8' title="bbox 433 967 2006 1049">
     <span class='ocr_line' id='line_1_8' title="bbox 433 967 2006 1049; baseline -0.008 -15"><span class='ocrx_word' id='word_1_61' title='bbox 433 974 596 1034; x_wconf 85' lang='lat' dir='ltr'><strong>libras</strong></span> <span class='ocrx_word' id='word_1_62' title='bbox 626 978 830 1049; x_wconf 89' lang='lat' dir='ltr'><strong>viginti.</strong></span> <span class='ocrx_word' id='word_1_63' title='bbox 876 967 972 1030; x_wconf 82' lang='lat' dir='ltr'><strong>llic</strong></span> <span class='ocrx_word' id='word_1_64' title='bbox 995 976 1014 1007; x_wconf 79' lang='grc'><em>³</em></span> <span class='ocrx_word' id='word_1_65' title='bbox 1048 983 1243 1029; x_wconf 89' lang='lat' dir='ltr'><strong>tectum</strong></span> <span class='ocrx_word' id='word_1_66' title='bbox 1289 980 1345 1028; x_wconf 90' lang='lat' dir='ltr'><strong>et</strong></span> <span class='ocrx_word' id='word_1_67' title='bbox 1380 972 1620 1026; x_wconf 89' lang='lat' dir='ltr'><strong>cubicula</strong></span> <span class='ocrx_word' id='word_1_68' title='bbox 1670 970 1917 1025; x_wconf 81' lang='lat' dir='ltr'><strong>universa</strong></span> <span class='ocrx_word' id='word_1_69' title='bbox 1953 969 2006 1022; x_wconf 92' lang='lat' dir='ltr'><strong>in</strong></span> 
     </span>
    </p>
   </div>
   <div class='ocr_carea' id='block_1_9' title="bbox 433 1060 2007 1130">
    <p class='ocr_par' dir='ltr' id='par_1_9' title="bbox 433 1060 2007 1130">
     <span class='ocr_line' id='line_1_9' title="bbox 433 1060 2007 1130; baseline -0.007 -8"><span class='ocrx_word' id='word_1_70' title='bbox 433 1070 657 1123; x_wconf 87' lang='lat' dir='ltr'><strong>circuitu</strong></span> <span class='ocrx_word' id='word_1_71' title='bbox 684 1067 915 1121; x_wconf 78' lang='lat' dir='ltr'><strong>basilica:</strong></span> <span class='ocrx_word' id='word_1_72' title='bbox 945 1064 1084 1120; x_wconf 85' lang='lat' dir='ltr'><strong>beati</strong></span> <span class='ocrx_word' id='word_1_73' title='bbox 1121 1063 1266 1116; x_wconf 83' lang='lat' dir='ltr'><strong>Pauli</strong></span> <span class='ocrx_word' id='word_1_74' title='bbox 1296 1061 1548 1130; x_wconf 83' lang='lat' dir='ltr'><strong>apostoli,</strong></span> <span class='ocrx_word' id='word_1_75' title='bbox 1579 1075 1698 1129; x_wconf 76' lang='lat' dir='ltr'><strong>qua:</strong></span> <span class='ocrx_word' id='word_1_76' title='bbox 1726 1060 1879 1126; x_wconf 89' lang='lat' dir='ltr'><strong>longa</strong></span> <span class='ocrx_word' id='word_1_77' title='bbox 1912 1073 2007 1125; x_wconf 86' lang='lat' dir='ltr'><strong>per</strong></span> 
     </span>
    </p>
   </div>
   <div class='ocr_carea' id='block_1_10' title="bbox 437 1150 2010 1225">
    <p class='ocr_par' dir='ltr' id='par_1_10' title="bbox 437 1150 2010 1225">
     <span class='ocr_line' id='line_1_10' title="bbox 437 1150 2010 1225; baseline -0.006 -14"><span class='ocrx_word' id='word_1_78' title='bbox 437 1168 675 1225; x_wconf 86' lang='lat' dir='ltr'><strong>tempora</strong></span> <span class='ocrx_word' id='word_1_79' title='bbox 704 1164 966 1211; x_wconf 78' lang='lat' dir='ltr'><strong>vetustate</strong></span> <span class='ocrx_word' id='word_1_80' title='bbox 1004 1154 1249 1209; x_wconf 82' lang='lat' dir='ltr'><strong>confecta</strong></span> <span class='ocrx_word' id='word_1_81' title='bbox 1278 1150 1508 1214; x_wconf 84' lang='lat' dir='ltr'><strong>fuerant,</strong></span> <span class='ocrx_word' id='word_1_82' title='bbox 1539 1151 1829 1204; x_wconf 86' lang='lat' dir='ltr'><strong>studiosius</strong></span> <span class='ocrx_word' id='word_1_83' title='bbox 1858 1151 2010 1202; x_wconf 86' lang='lat' dir='ltr'><strong>inno-</strong></span> 
     </span>
    </p>
   </div>
   <div class='ocr_carea' id='block_1_11' title="bbox 437 1237 2007 1316">
    <p class='ocr_par' dir='ltr' id='par_1_11' title="bbox 437 1237 2007 1316">
     <span class='ocr_line' id='line_1_11' title="bbox 437 1237 2007 1316; baseline -0.007 -15"><span class='ocrx_word' id='word_1_84' title='bbox 437 1250 583 1303; x_wconf 87' lang='lat' dir='ltr'><strong>vavit</strong></span> <span class='ocrx_word' id='word_1_85' title='bbox 620 1264 683 1303; x_wconf 86' lang='lat' dir='ltr'><strong>ac</strong></span> <span class='ocrx_word' id='word_1_86' title='bbox 712 1248 1000 1316; x_wconf 75' lang='lat' dir='ltr'><strong>reparavit.</strong></span> <span class='ocrx_word' id='word_1_87' title='bbox 1031 1244 1291 1299; x_wconf 91' lang='lat' dir='ltr'><strong>Similiter</strong></span> <span class='ocrx_word' id='word_1_88' title='bbox 1319 1250 1374 1296; x_wconf 90' lang='lat' dir='ltr'><strong>et</strong></span> <span class='ocrx_word' id='word_1_89' title='bbox 1404 1241 1582 1295; x_wconf 90' lang='lat' dir='ltr'><strong>trabes</strong></span> <span class='ocrx_word' id='word_1_90' title='bbox 1608 1240 1733 1295; x_wconf 81' lang='lat' dir='ltr'><strong>fecit</strong></span> <span class='ocrx_word' id='word_1_91' title='bbox 1761 1238 1828 1292; x_wconf 82' lang='lat' dir='ltr'><strong>de</strong></span> <span class='ocrx_word' id='word_1_92' title='bbox 1852 1237 2007 1292; x_wconf 85' lang='lat' dir='ltr'><strong>Cala-</strong></span> 
     </span>
    </p>
   </div>
   <div class='ocr_carea' id='block_1_12' title="bbox 434 1330 2008 1405">
    <p class='ocr_par' dir='ltr' id='par_1_12' title="bbox 434 1330 2008 1405">
     <span class='ocr_line' id='line_1_12' title="bbox 434 1330 2008 1405; baseline -0.006 -14"><span class='ocrx_word' id='word_1_93' title='bbox 434 1338 548 1391; x_wconf 77' lang='lat' dir='ltr'><strong>Lria</strong></span> <span class='ocrx_word' id='word_1_94' title='bbox 576 1338 790 1401; x_wconf 80' lang='lat' dir='ltr'><strong>adduci,</strong></span> <span class='ocrx_word' id='word_1_95' title='bbox 813 1344 867 1390; x_wconf 88' lang='lat' dir='ltr'><strong>et</strong></span> <span class='ocrx_word' id='word_1_96' title='bbox 907 1350 1026 1405; x_wconf 71' lang='lat' dir='ltr'><strong>qua:</strong></span> <span class='ocrx_word' id='word_1_97' title='bbox 1056 1335 1109 1388; x_wconf 93' lang='lat' dir='ltr'><strong>in</strong></span> <span class='ocrx_word' id='word_1_98' title='bbox 1148 1332 1340 1388; x_wconf 84' lang='lat' dir='ltr'><strong>eadem</strong></span> <span class='ocrx_word' id='word_1_99' title='bbox 1367 1332 1585 1386; x_wconf 87' lang='lat' dir='ltr'><strong>basilica</strong></span> <span class='ocrx_word' id='word_1_100' title='bbox 1618 1330 2008 1382; x_wconf 86' lang='lat' dir='ltr'><strong>vetustissimas</strong></span> 
     </span>
    </p>
   </div>
   <div class='ocr_carea' id='block_1_13' title="bbox 434 1420 2007 1493">
    <p class='ocr_par' dir='ltr' id='par_1_13' title="bbox 434 1420 2007 1493">
     <span class='ocr_line' id='line_1_13' title="bbox 434 1420 2007 1493; baseline -0.004 -13"><span class='ocrx_word' id='word_1_101' title='bbox 434 1428 637 1482; x_wconf 80' lang='lat' dir='ltr'><strong>invenit</strong></span> <span class='ocrx_word' id='word_1_102' title='bbox 682 1428 980 1482; x_wconf 79' lang='lat' dir='ltr'><strong>renovavit.</strong></span> <span class='ocrx_word' id='word_1_103' title='bbox 1035 1426 1129 1480; x_wconf 81' lang='grc'><strong>1110</strong></span> <span class='ocrx_word' id='word_1_104' title='bbox 1187 1423 1530 1493; x_wconf 73' lang='lat' dir='ltr'><strong>‘imaginem</strong></span> <span class='ocrx_word' id='word_1_105' title='bbox 1580 1432 1605 1459; x_wconf 73' lang='grc' dir='ltr'><strong><em>κ</em></strong></span> <span class='ocrx_word' id='word_1_106' title='bbox 1633 1420 2007 1490; x_wconf 78' lang='lat' dir='ltr'><strong>apostolorum</strong></span> 
     </span>
    </p>
   </div>
   <div class='ocr_carea' id='block_1_14' title="bbox 434 1511 2009 1585">
    <p class='ocr_par' dir='ltr' id='par_1_14' title="bbox 434 1511 2009 1585">
     <span class='ocr_line' id='line_1_14' title="bbox 434 1511 2009 1585; baseline -0.005 -15"><span class='ocrx_word' id='word_1_107' title='bbox 434 1518 876 1581; x_wconf 72' lang='lat' dir='ltr'><strong>vetustissimam,</strong></span> <span class='ocrx_word' id='word_1_108' title='bbox 918 1530 1039 1585; x_wconf 65' lang='lat' dir='ltr'><strong>quae</strong></span> <span class='ocrx_word' id='word_1_109' title='bbox 1067 1524 1182 1569; x_wconf 89' lang='lat' dir='ltr'><strong>erat</strong></span> <span class='ocrx_word' id='word_1_110' title='bbox 1228 1528 1390 1583; x_wconf 86' lang='lat' dir='ltr'><strong>super</strong></span> <span class='ocrx_word' id='word_1_111' title='bbox 1420 1511 1565 1568; x_wconf 88' lang='lat' dir='ltr'><strong>l&#39;ores</strong></span> <span class='ocrx_word' id='word_1_112' title='bbox 1598 1512 1835 1581; x_wconf 88' lang='lat' dir='ltr'><strong>ejusdem</strong></span> <span class='ocrx_word' id='word_1_113' title='bbox 1869 1511 2009 1564; x_wconf 87' lang='lat' dir='ltr'><strong>basi-</strong></span> 
     </span>
    </p>
   </div>
   <div class='ocr_carea' id='block_1_15' title="bbox 432 1603 2014 1676">
    <p class='ocr_par' dir='ltr' id='par_1_15' title="bbox 432 1603 2014 1676">
     <span class='ocr_line' id='line_1_15' title="bbox 432 1603 2014 1676; baseline -0.006 -11"><span class='ocrx_word' id='word_1_114' title='bbox 432 1612 548 1666; x_wconf 67' lang='lat' dir='ltr'><strong>licae</strong></span> <span class='ocrx_word' id='word_1_115' title='bbox 581 1611 823 1665; x_wconf 87' lang='lat' dir='ltr'><strong>mutavit.</strong></span> <span class='ocrx_word' id='word_1_116' title='bbox 858 1610 952 1663; x_wconf 85' lang='lat' dir='ltr'><strong>llic</strong></span> <span class='ocrx_word' id='word_1_117' title='bbox 995 1607 1118 1662; x_wconf 75' lang='lat' dir='ltr'><strong>fecit</strong></span> <span class='ocrx_word' id='word_1_118' title='bbox 1161 1609 1471 1671; x_wconf 89' lang='lat' dir='ltr'><strong>ambonem,</strong></span> <span class='ocrx_word' id='word_1_119' title='bbox 1520 1615 1572 1662; x_wconf 90' lang='lat' dir='ltr'><strong>et</strong></span> <span class='ocrx_word' id='word_1_120' title='bbox 1604 1606 1625 1637; x_wconf 85' lang='grc'>⁸</span> <span class='ocrx_word' id='word_1_121' title='bbox 1648 1604 1928 1676; x_wconf 86' lang='lat' dir='ltr'><strong>cybnrium</strong></span> <span class='ocrx_word' id='word_1_122' title='bbox 1959 1603 2014 1655; x_wconf 87' lang='lat' dir='ltr'><strong>in</strong></span> 
     </span>
    </p>
   </div>
   <div class='ocr_carea' id='block_1_16' title="bbox 2110 505 3703 585">
    <p class='ocr_par' dir='ltr' id='par_1_16' title="bbox 2110 505 3703 585">
     <span class='ocr_line' id='line_1_16' title="bbox 2110 505 3703 585; baseline 0.001 -16"><span class='ocrx_word' id='word_1_123' title='bbox 2110 516 2248 570; x_wconf 93' lang='lat' dir='ltr'><strong>dona</strong></span> <span class='ocrx_word' id='word_1_124' title='bbox 2279 516 2493 570; x_wconf 83' lang='lat' dir='ltr'><strong>obtulit.</strong></span> <span class='ocrx_word' id='word_1_125' title='bbox 2523 514 2549 554; x_wconf 73' lang='grc' dir='ltr'>δ</span> <span class='ocrx_word' id='word_1_126' title='bbox 2574 514 2811 569; x_wconf 86' lang='lat' dir='ltr'><strong>Trullum</strong></span> <span class='ocrx_word' id='word_1_127' title='bbox 2854 532 2979 571; x_wconf 88' lang='lat' dir='ltr'><strong>vero</strong></span> <span class='ocrx_word' id='word_1_128' title='bbox 3008 519 3247 585; x_wconf 84' lang='lat' dir='ltr'><strong>ejusdem</strong></span> <span class='ocrx_word' id='word_1_129' title='bbox 3278 518 3519 571; x_wconf 80' lang='lat' dir='ltr'><strong>ecclesia:</strong></span> <span class='ocrx_word' id='word_1_130' title='bbox 3552 505 3703 571; x_wconf 74' lang='lat' dir='ltr'><strong>lusisl</strong></span> 
     </span>
    </p>
   </div>
   <div class='ocr_carea' id='block_1_17' title="bbox 2111 598 3703 678">
    <p class='ocr_par' dir='ltr' id='par_1_17' title="bbox 2111 598 3703 678">
     <span class='ocr_line' id='line_1_17' title="bbox 2111 598 3703 678; baseline 0 -17"><span class='ocrx_word' id='word_1_131' title='bbox 2111 606 2309 661; x_wconf 88' lang='lat' dir='ltr'><strong>chartis</strong></span> <span class='ocrx_word' id='word_1_132' title='bbox 2335 608 2596 676; x_wconf 89' lang='lat' dir='ltr'><strong>plumbeis</strong></span> <span class='ocrx_word' id='word_1_133' title='bbox 2624 606 2900 675; x_wconf 83' lang='lat' dir='ltr'><strong>cooperuit</strong></span> <span class='ocrx_word' id='word_1_134' title='bbox 2932 615 3091 676; x_wconf 85' lang='lat' dir='ltr'><strong>atque</strong></span> <span class='ocrx_word' id='word_1_135' title='bbox 3118 608 3364 661; x_wconf 87' lang='lat' dir='ltr'><strong>munivit.</strong></span> <span class='ocrx_word' id='word_1_136' title='bbox 3394 608 3488 661; x_wconf 79' lang='lat' dir='ltr'><strong>llic</strong></span> <span class='ocrx_word' id='word_1_137' title='bbox 3519 598 3703 678; x_wconf 66' lang='lat' dir='ltr'><strong>cybo-&#39;</strong></span> 
     </span>
    </p>
   </div>
   <div class='ocr_carea' id='block_1_18' title="bbox 2113 696 3681 768">
    <p class='ocr_par' dir='ltr' id='par_1_18' title="bbox 2113 696 3681 768">
     <span class='ocr_line' id='line_1_18' title="bbox 2113 696 3681 768; baseline 0.001 -19"><span class='ocrx_word' id='word_1_138' title='bbox 2113 696 2248 749; x_wconf 87' lang='lat' dir='ltr'><strong>rium</strong></span> <span class='ocrx_word' id='word_1_139' title='bbox 2280 697 2513 750; x_wconf 70' lang='lat' dir='ltr'><strong>basilica:</strong></span> <span class='ocrx_word' id='word_1_140' title='bbox 2552 707 2755 750; x_wconf 85' lang='lat' dir='ltr'><strong>sancta:</strong></span> <span class='ocrx_word' id='word_1_141' title='bbox 2804 698 3085 761; x_wconf 71' lang='lat' dir='ltr'><strong>Susannm,</strong></span> <span class='ocrx_word' id='word_1_142' title='bbox 3118 699 3256 766; x_wconf 87' lang='lat' dir='ltr'><strong>quod</strong></span> <span class='ocrx_word' id='word_1_143' title='bbox 3299 708 3423 751; x_wconf 87' lang='lat' dir='ltr'><strong>ante</strong></span> <span class='ocrx_word' id='word_1_144' title='bbox 3451 698 3681 768; x_wconf 89' lang='lat' dir='ltr'><strong>ligneum</strong></span> 
     </span>
    </p>
   </div>
   <div class='ocr_carea' id='block_1_19' title="bbox 2115 785 3682 859">
    <p class='ocr_par' dir='ltr' id='par_1_19' title="bbox 2115 785 3682 859">
     <span class='ocr_line' id='line_1_19' title="bbox 2115 785 3682 859; baseline 0.003 -22"><span class='ocrx_word' id='word_1_145' title='bbox 2115 785 2307 851; x_wconf 84' lang='lat' dir='ltr'><strong>fuerat,</strong></span> <span class='ocrx_word' id='word_1_146' title='bbox 2356 799 2418 837; x_wconf 82' lang='lat' dir='ltr'><strong>ex</strong></span> <span class='ocrx_word' id='word_1_147' title='bbox 2464 801 2731 840; x_wconf 85' lang='lat' dir='ltr'><strong>marmore</strong></span> <span class='ocrx_word' id='word_1_148' title='bbox 2781 785 2925 849; x_wconf 80' lang='lat' dir='ltr'><strong>fecit,</strong></span> <span class='ocrx_word' id='word_1_149' title='bbox 2974 786 3179 841; x_wconf 90' lang='lat' dir='ltr'><strong>diversa</strong></span> <span class='ocrx_word' id='word_1_150' title='bbox 3210 804 3419 857; x_wconf 89' lang='lat' dir='ltr'><strong>quoque</strong></span> <span class='ocrx_word' id='word_1_151' title='bbox 3469 790 3682 859; x_wconf 85' lang='lat' dir='ltr'><strong>cymilia</strong></span> 
     </span>
    </p>
   </div>
   <div class='ocr_carea' id='block_1_20' title="bbox 2112 875 3682 941">
    <p class='ocr_par' dir='ltr' id='par_1_20' title="bbox 2112 875 3682 941">
     <span class='ocr_line' id='line_1_20' title="bbox 2112 875 3682 941; baseline 0.003 -16"><span class='ocrx_word' id='word_1_152' title='bbox 2112 887 2292 938; x_wconf 88' lang='lat' dir='ltr'><strong>aurea,</strong></span> <span class='ocrx_word' id='word_1_153' title='bbox 2323 882 2375 927; x_wconf 89' lang='lat' dir='ltr'><strong>et</strong></span> <span class='ocrx_word' id='word_1_154' title='bbox 2404 883 2673 941; x_wconf 84' lang='lat' dir='ltr'><strong>argentea,</strong></span> <span class='ocrx_word' id='word_1_155' title='bbox 2722 875 2803 929; x_wconf 90' lang='lat' dir='ltr'><strong>vel</strong></span> <span class='ocrx_word' id='word_1_156' title='bbox 2850 875 3139 928; x_wconf 85' lang='lat' dir='ltr'><strong>immobilia</strong></span> <span class='ocrx_word' id='word_1_157' title='bbox 3173 877 3283 930; x_wconf 91' lang='lat' dir='ltr'><strong>loca</strong></span> <span class='ocrx_word' id='word_1_158' title='bbox 3307 878 3327 907; x_wconf 78' lang='lat'>°</span> <span class='ocrx_word' id='word_1_159' title='bbox 3378 878 3503 931; x_wconf 93' lang='lat' dir='ltr'><strong>illuc</strong></span> <span class='ocrx_word' id='word_1_160' title='bbox 3549 892 3682 930; x_wconf 80' lang='lat' dir='ltr'><strong>cou—</strong></span> 
     </span>
    </p>
   </div>
   <div class='ocr_carea' id='block_1_21' title="bbox 2112 963 3682 1035">
    <p class='ocr_par' dir='ltr' id='par_1_21' title="bbox 2112 963 3682 1035">
     <span class='ocr_line' id='line_1_21' title="bbox 2112 963 3682 1035; baseline 0.003 -19"><span class='ocrx_word' id='word_1_161' title='bbox 2112 963 2348 1017; x_wconf 82' lang='lat' dir='ltr'><strong>donavit.</strong></span> <span class='ocrx_word' id='word_1_162' title='bbox 2390 964 2484 1018; x_wconf 91' lang='lat' dir='ltr'><strong>llic</strong></span> <span class='ocrx_word' id='word_1_163' title='bbox 2521 964 2798 1018; x_wconf 76' lang='lat' dir='ltr'><strong>basilicam</strong></span> <span class='ocrx_word' id='word_1_164' title='bbox 2841 974 3041 1019; x_wconf 74' lang='lat' dir='ltr'><strong>sancta:</strong></span> <span class='ocrx_word' id='word_1_165' title='bbox 3072 964 3399 1033; x_wconf 68' lang='lat' dir='ltr'><strong>Euphemiaz,</strong></span> <span class='ocrx_word' id='word_1_166' title='bbox 3432 982 3550 1035; x_wconf 67' lang='lat' dir='ltr'><strong>quae</strong></span> <span class='ocrx_word' id='word_1_167' title='bbox 3590 981 3682 1034; x_wconf 88' lang='lat' dir='ltr'><strong>per</strong></span> 
     </span>
    </p>
   </div>
   <div class='ocr_carea' id='block_1_22' title="bbox 2116 1055 3685 1125">
    <p class='ocr_par' dir='ltr' id='par_1_22' title="bbox 2116 1055 3685 1125">
     <span class='ocr_line' id='line_1_22' title="bbox 2116 1055 3685 1125; baseline 0.002 -17"><span class='ocrx_word' id='word_1_168' title='bbox 2116 1055 2279 1109; x_wconf 89' lang='lat' dir='ltr'><strong>multa</strong></span> <span class='ocrx_word' id='word_1_169' title='bbox 2312 1065 2548 1125; x_wconf 89' lang='lat' dir='ltr'><strong>tempora</strong></span> <span class='ocrx_word' id='word_1_170' title='bbox 2582 1056 2751 1111; x_wconf 88' lang='lat' dir='ltr'><strong>luerat</strong></span> <span class='ocrx_word' id='word_1_171' title='bbox 2793 1056 3023 1119; x_wconf 86' lang='lat' dir='ltr'><strong>detecta,</strong></span> <span class='ocrx_word' id='word_1_172' title='bbox 3053 1060 3351 1125; x_wconf 86' lang='lat' dir='ltr'><strong>cooperuit,</strong></span> <span class='ocrx_word' id='word_1_173' title='bbox 3380 1071 3434 1113; x_wconf 87' lang='lat' dir='ltr'><strong>et</strong></span> <span class='ocrx_word' id='word_1_174' title='bbox 3461 1075 3685 1114; x_wconf 85' lang='lat' dir='ltr'><strong>renova-</strong></span> 
     </span>
    </p>
   </div>
   <div class='ocr_carea' id='block_1_23' title="bbox 2117 1136 3683 1219">
    <p class='ocr_par' dir='ltr' id='par_1_23' title="bbox 2117 1136 3683 1219">
     <span class='ocr_line' id='line_1_23' title="bbox 2117 1136 3683 1219; baseline 0.003 -19"><span class='ocrx_word' id='word_1_175' title='bbox 2117 1148 2210 1201; x_wconf 89' lang='lat' dir='ltr'><strong>vit.</strong></span> <span class='ocrx_word' id='word_1_176' title='bbox 2245 1148 2342 1203; x_wconf 85' lang='lat' dir='ltr'><strong>llic</strong></span> <span class='ocrx_word' id='word_1_177' title='bbox 2371 1160 2392 1186; x_wconf 80' lang='grc' dir='ltr'><strong>ο</strong></span> <span class='ocrx_word' id='word_1_178' title='bbox 2422 1149 2694 1203; x_wconf 84' lang='lat' dir='ltr'><strong>basilicam</strong></span> <span class='ocrx_word' id='word_1_179' title='bbox 2738 1158 2934 1202; x_wconf 76' lang='lat' dir='ltr'><strong>sancta:</strong></span> <span class='ocrx_word' id='word_1_180' title='bbox 2962 1136 3150 1203; x_wconf 74' lang='lat' dir='ltr'><strong>Aureae</strong></span> <span class='ocrx_word' id='word_1_181' title='bbox 3197 1150 3247 1203; x_wconf 92' lang='lat' dir='ltr'><strong>in</strong></span> <span class='ocrx_word' id='word_1_182' title='bbox 3284 1150 3304 1181; x_wconf 85' lang='lat'><strong><em>&quot;</em></strong></span> <span class='ocrx_word' id='word_1_183' title='bbox 3346 1150 3519 1214; x_wconf 89' lang='lat' dir='ltr'><strong>ostiis,</strong></span> <span class='ocrx_word' id='word_1_184' title='bbox 3564 1166 3683 1219; x_wconf 77' lang='lat' dir='ltr'><strong>qua:</strong></span> 
     </span>
    </p>
   </div>
   <div class='ocr_carea' id='block_1_24' title="bbox 2114 1238 3683 1307">
    <p class='ocr_par' dir='ltr' id='par_1_24' title="bbox 2114 1238 3683 1307">
     <span class='ocr_line' id='line_1_24' title="bbox 2114 1238 3683 1307; baseline 0 -16"><span class='ocrx_word' id='word_1_185' title='bbox 2114 1238 2360 1294; x_wconf 89' lang='lat' dir='ltr'><strong>similiter</strong></span> <span class='ocrx_word' id='word_1_186' title='bbox 2413 1239 2586 1291; x_wconf 80' lang='lat' dir='ltr'><strong>luerat</strong></span> <span class='ocrx_word' id='word_1_187' title='bbox 2623 1239 2645 1269; x_wconf 79' lang='grc'><strong><em>⁸</em></strong></span> <span class='ocrx_word' id='word_1_188' title='bbox 2686 1239 2917 1301; x_wconf 88' lang='lat' dir='ltr'><strong>detecta,</strong></span> <span class='ocrx_word' id='word_1_189' title='bbox 2972 1239 3057 1293; x_wconf 90' lang='lat' dir='ltr'><strong>vel</strong></span> <span class='ocrx_word' id='word_1_190' title='bbox 3102 1238 3336 1307; x_wconf 81' lang='lat' dir='ltr'><strong>dirupta,</strong></span> <span class='ocrx_word' id='word_1_191' title='bbox 3388 1240 3683 1307; x_wconf 85' lang='lat' dir='ltr'><strong>cooperuit,</strong></span> 
     </span>
    </p>
   </div>
   <div class='ocr_carea' id='block_1_25' title="bbox 2116 1330 3686 1400">
    <p class='ocr_par' dir='ltr' id='par_1_25' title="bbox 2116 1330 3686 1400">
     <span class='ocr_line' id='line_1_25' title="bbox 2116 1330 3686 1400; baseline 0.003 -17"><span class='ocrx_word' id='word_1_192' title='bbox 2116 1344 2327 1400; x_wconf 89' lang='lat' dir='ltr'><strong>suoque</strong></span> <span class='ocrx_word' id='word_1_193' title='bbox 2342 1330 2520 1385; x_wconf 88' lang='lat' dir='ltr'><strong>studio</strong></span> <span class='ocrx_word' id='word_1_194' title='bbox 2550 1331 2839 1385; x_wconf 81' lang='lat' dir='ltr'><strong>renovavit.</strong></span> <span class='ocrx_word' id='word_1_195' title='bbox 2874 1333 2896 1363; x_wconf 84' lang='lat'><strong>’</strong></span> <span class='ocrx_word' id='word_1_196' title='bbox 2925 1331 3019 1385; x_wconf 80' lang='lat' dir='ltr'><strong>llic</strong></span> <span class='ocrx_word' id='word_1_197' title='bbox 3058 1333 3349 1385; x_wconf 90' lang='lat' dir='ltr'><strong>oratorium</strong></span> <span class='ocrx_word' id='word_1_198' title='bbox 3382 1334 3547 1387; x_wconf 85' lang='lat' dir='ltr'><strong>sancti</strong></span> <span class='ocrx_word' id='word_1_199' title='bbox 3579 1337 3686 1387; x_wconf 81' lang='lat' dir='ltr'><strong>An—</strong></span> 
     </span>
    </p>
   </div>
   <div class='ocr_carea' id='block_1_26' title="bbox 2117 1418 3687 1488">
    <p class='ocr_par' dir='ltr' id='par_1_26' title="bbox 2117 1418 3687 1488">
     <span class='ocr_line' id='line_1_26' title="bbox 2117 1418 3687 1488; baseline 0.002 -16"><span class='ocrx_word' id='word_1_200' title='bbox 2117 1418 2260 1473; x_wconf 69' lang='lat' dir='ltr'><strong>dreae</strong></span> <span class='ocrx_word' id='word_1_201' title='bbox 2300 1421 2547 1488; x_wconf 77' lang='lat' dir='ltr'><strong>apostoli,</strong></span> <span class='ocrx_word' id='word_1_202' title='bbox 2588 1420 2727 1488; x_wconf 87' lang='lat' dir='ltr'><strong>quod</strong></span> <span class='ocrx_word' id='word_1_203' title='bbox 2754 1420 2800 1453; x_wconf 81' lang='grc' dir='ltr'><strong>⁸ο</strong></span> <span class='ocrx_word' id='word_1_204' title='bbox 2831 1418 3043 1487; x_wconf 87' lang='lat' dir='ltr'><strong>ponitur</strong></span> <span class='ocrx_word' id='word_1_205' title='bbox 3070 1419 3356 1488; x_wconf 88' lang='lat' dir='ltr'><strong>Lavicana,</strong></span> <span class='ocrx_word' id='word_1_206' title='bbox 3392 1437 3419 1474; x_wconf 94' lang='lat' dir='ltr'><strong>a</strong></span> <span class='ocrx_word' id='word_1_207' title='bbox 3450 1424 3567 1475; x_wconf 87' lang='lat' dir='ltr'><strong>solo</strong></span> <span class='ocrx_word' id='word_1_208' title='bbox 3604 1437 3687 1475; x_wconf 91' lang='lat' dir='ltr'><strong>re-</strong></span> 
     </span>
    </p>
   </div>
   <div class='ocr_carea' id='block_1_27' title="bbox 2118 1508 2262 1562">
    <p class='ocr_par' dir='ltr' id='par_1_27' title="bbox 2118 1508 2262 1562">
     <span class='ocr_line' id='line_1_27' title="bbox 2118 1508 2262 1562; baseline -0.007 0"><span class='ocrx_word' id='word_1_209' title='bbox 2118 1508 2262 1562; x_wconf 84' lang='lat' dir='ltr'><strong>fecit.</strong></span> 
     </span>
    </p>
   </div>
   <div class='ocr_carea' id='block_1_28' title="bbox 2189 1598 3687 1672">
    <p class='ocr_par' dir='ltr' id='par_1_28' title="bbox 2189 1598 3687 1672">
     <span class='ocr_line' id='line_1_28' title="bbox 2189 1598 3687 1672; baseline 0.003 -18"><span class='ocrx_word' id='word_1_210' title='bbox 2189 1598 2214 1637; x_wconf 66' lang='grc' dir='ltr'><em>δ</em></span> <span class='ocrx_word' id='word_1_211' title='bbox 2248 1600 2344 1655; x_wconf 91' lang='lat' dir='ltr'><strong>llic</strong></span> <span class='ocrx_word' id='word_1_212' title='bbox 2393 1602 2581 1655; x_wconf 86' lang='lat' dir='ltr'><strong>statuit</strong></span> <span class='ocrx_word' id='word_1_213' title='bbox 2624 1610 2679 1655; x_wconf 94' lang='lat' dir='ltr'><strong>ut</strong></span> <span class='ocrx_word' id='word_1_214' title='bbox 2727 1610 2967 1672; x_wconf 85' lang='lat' dir='ltr'><strong>tempore</strong></span> <span class='ocrx_word' id='word_1_215' title='bbox 3018 1602 3400 1659; x_wconf 85' lang='lat' dir='ltr'><strong>conlractionis</strong></span> <span class='ocrx_word' id='word_1_216' title='bbox 3441 1604 3687 1659; x_wconf 66' lang='lat' dir='ltr'><strong>dominici</strong></span> 
     </span>
    </p>
   </div>
   <div class='ocr_carea' id='block_1_29' title="bbox 1678 1710 2497 1770">
    <p class='ocr_par' dir='ltr' id='par_1_29' title="bbox 1678 1710 2497 1770">
     <span class='ocr_line' id='line_1_29' title="bbox 1678 1710 2497 1770; baseline -0.005 -3"><span class='ocrx_word' id='word_1_217' title='bbox 1678 1712 2067 1770; x_wconf 76' lang='lat' dir='ltr'><strong>VARIANTES</strong></span> <span class='ocrx_word' id='word_1_218' title='bbox 2107 1710 2497 1765; x_wconf 79' lang='lat' dir='ltr'><strong>LECTIONES.</strong></span> 
     </span>
    </p>
   </div>
   <div class='ocr_carea' id='block_1_30' title="bbox 512 1813 854 1870">
    <p class='ocr_par' dir='ltr' id='par_1_30' title="bbox 512 1813 854 1870">
     <span class='ocr_line' id='line_1_30' title="bbox 512 1813 854 1870; baseline -0.003 -1"><span class='ocrx_word' id='word_1_219' title='bbox 512 1817 525 1845; x_wconf 87' lang='lat'>&#39;</span> <span class='ocrx_word' id='word_1_220' title='bbox 559 1813 748 1870; x_wconf 90' lang='lat' dir='ltr'><strong>Labb..</strong></span> <span class='ocrx_word' id='word_1_221' title='bbox 781 1824 854 1868; x_wconf 89' lang='lat' dir='ltr'><strong>ut.</strong></span> 
     </span>
    </p>
   </div>
   <div class='ocr_carea' id='block_1_31' title="bbox 509 1854 2015 1953">
    <p class='ocr_par' dir='ltr' id='par_1_31' title="bbox 509 1854 2015 1953">
     <span class='ocr_line' id='line_1_31' title="bbox 509 1854 2015 1953; baseline -0.007 -14"><span class='ocrx_word' id='word_1_222' title='bbox 509 1887 529 1917; x_wconf 76' lang='lat'><strong><em>‘</em></strong></span> <span class='ocrx_word' id='word_1_223' title='bbox 554 1854 950 1946; x_wconf 48' lang='lat' dir='ltr'><strong>&quot;liab&#39;eiitem</strong></span> <span class='ocrx_word' id='word_1_224' title='bbox 982 1884 1031 1935; x_wconf 88' lang='lat' dir='ltr'><strong>in</strong></span> <span class='ocrx_word' id='word_1_225' title='bbox 1072 1898 1197 1953; x_wconf 78' lang='lat' dir='ltr'><strong>gyro</strong></span> <span class='ocrx_word' id='word_1_226' title='bbox 1240 1896 1497 1950; x_wconf 86' lang='lat' dir='ltr'><strong>gemmas;</strong></span> <span class='ocrx_word' id='word_1_227' title='bbox 1524 1877 1657 1935; x_wconf 86' lang='lat' dir='ltr'><strong>Cod.</strong></span> <span class='ocrx_word' id='word_1_228' title='bbox 1694 1878 1850 1943; x_wconf 89' lang='lat' dir='ltr'><strong>Luc.,</strong></span> <span class='ocrx_word' id='word_1_229' title='bbox 1873 1893 2015 1947; x_wconf 83' lang='lat' dir='ltr'><strong>gem-</strong></span> 
     </span>
    </p>
   </div>
   <div class='ocr_carea' id='block_1_32' title="bbox 441 1956 736 2009">
    <p class='ocr_par' dir='ltr' id='par_1_32' title="bbox 441 1956 736 2009">
     <span class='ocr_line' id='line_1_32' title="bbox 441 1956 736 2009; baseline -0.003 0"><span class='ocrx_word' id='word_1_230' title='bbox 441 1973 547 2009; x_wconf 81' lang='lat' dir='ltr'><strong>mas</strong></span> <span class='ocrx_word' id='word_1_231' title='bbox 577 1956 736 2008; x_wconf 81' lang='lat' dir='ltr'><strong>albas.</strong></span> 
     </span>
    </p>
   </div>
   <div class='ocr_carea' id='block_1_33' title="bbox 512 2026 916 2094">
    <p class='ocr_par' dir='ltr' id='par_1_33' title="bbox 512 2026 916 2094">
     <span class='ocr_line' id='line_1_33' title="bbox 512 2026 916 2094; baseline -0.01 -14"><span class='ocrx_word' id='word_1_232' title='bbox 512 2026 532 2055; x_wconf 92' lang='grc'><em>³</em></span> <span class='ocrx_word' id='word_1_233' title='bbox 555 2028 661 2091; x_wconf 82' lang='lat' dir='ltr'><strong>AL,</strong></span> <span class='ocrx_word' id='word_1_234' title='bbox 693 2034 916 2094; x_wconf 76' lang='lat' dir='ltr'><strong>tegnnm.</strong></span> 
     </span>
    </p>
   </div>
   <div class='ocr_carea' id='block_1_34' title="bbox 508 2091 1417 2161">
    <p class='ocr_par' dir='ltr' id='par_1_34' title="bbox 508 2091 1417 2161">
     <span class='ocr_line' id='line_1_34' title="bbox 508 2091 1417 2161; baseline -0.006 -13"><span class='ocrx_word' id='word_1_235' title='bbox 508 2095 529 2125; x_wconf 72' lang='grc' dir='ltr'>δ</span> <span class='ocrx_word' id='word_1_236' title='bbox 552 2098 658 2159; x_wconf 91' lang='lat' dir='ltr'><strong>AL,</strong></span> <span class='ocrx_word' id='word_1_237' title='bbox 691 2091 1005 2161; x_wconf 76' lang='lat' dir='ltr'><strong>imagines...</strong></span> <span class='ocrx_word' id='word_1_238' title='bbox 1038 2091 1417 2144; x_wconf 85' lang='lat' dir='ltr'><strong>vetustissimas.</strong></span> 
     </span>
    </p>
   </div>
   <div class='ocr_carea' id='block_1_35' title="bbox 511 2162 1167 2228">
    <p class='ocr_par' dir='ltr' id='par_1_35' title="bbox 511 2162 1167 2228">
     <span class='ocr_line' id='line_1_35' title="bbox 511 2162 1167 2228; baseline -0.009 -10"><span class='ocrx_word' id='word_1_239' title='bbox 511 2166 532 2195; x_wconf 81' lang='grc'><strong><em>⁵</em></strong></span> <span class='ocrx_word' id='word_1_240' title='bbox 561 2165 691 2221; x_wconf 78' lang='lat' dir='ltr'><strong>Cod.</strong></span> <span class='ocrx_word' id='word_1_241' title='bbox 720 2166 872 2228; x_wconf 91' lang='lat' dir='ltr'><strong>Luc.,</strong></span> <span class='ocrx_word' id='word_1_242' title='bbox 905 2162 1167 2215; x_wconf 78' lang='lat' dir='ltr'><strong>cibarium.</strong></span> 
     </span>
    </p>
   </div>
   <div class='ocr_carea' id='block_1_36' title="bbox 2201 1801 2711 1868">
    <p class='ocr_par' dir='ltr' id='par_1_36' title="bbox 2201 1801 2711 1868">
     <span class='ocr_line' id='line_1_36' title="bbox 2201 1801 2711 1868; baseline 0.004 -12"><span class='ocrx_word' id='word_1_243' title='bbox 2201 1804 2221 1833; x_wconf 75' lang='grc'><strong>⁸</strong></span> <span class='ocrx_word' id='word_1_244' title='bbox 2247 1801 2374 1856; x_wconf 88' lang='lat' dir='ltr'><strong>Cod.</strong></span> <span class='ocrx_word' id='word_1_245' title='bbox 2409 1803 2560 1868; x_wconf 86' lang='lat' dir='ltr'><strong>Luc.,</strong></span> <span class='ocrx_word' id='word_1_246' title='bbox 2590 1802 2711 1858; x_wconf 88' lang='lat' dir='ltr'><strong>illis.</strong></span> 
     </span>
    </p>
   </div>
   <div class='ocr_carea' id='block_1_37' title="bbox 2199 1872 3068 1944">
    <p class='ocr_par' dir='ltr' id='par_1_37' title="bbox 2199 1872 3068 1944">
     <span class='ocr_line' id='line_1_37' title="bbox 2199 1872 3068 1944; baseline 0.001 -19"><span class='ocrx_word' id='word_1_247' title='bbox 2199 1875 2217 1903; x_wconf 83' lang='grc'><strong>⁷</strong></span> <span class='ocrx_word' id='word_1_248' title='bbox 2237 1872 2367 1944; x_wconf 85' lang='lat' dir='ltr'><strong>Cod.</strong></span> <span class='ocrx_word' id='word_1_249' title='bbox 2404 1872 2554 1937; x_wconf 89' lang='lat' dir='ltr'><strong>Luc.,</strong></span> <span class='ocrx_word' id='word_1_250' title='bbox 2585 1875 2723 1926; x_wconf 87' lang='lat' dir='ltr'><strong>ostiis</strong></span> <span class='ocrx_word' id='word_1_251' title='bbox 2752 1873 3068 1944; x_wconf 72' lang='lat' dir='ltr'><strong>(Tiberinis).</strong></span> 
     </span>
    </p>
   </div>
   <div class='ocr_carea' id='block_1_38' title="bbox 2193 1943 3236 2010">
    <p class='ocr_par' dir='ltr' id='par_1_38' title="bbox 2193 1943 3236 2010">
     <span class='ocr_line' id='line_1_38' title="bbox 2193 1943 3236 2010; baseline 0.004 -16"><span class='ocrx_word' id='word_1_252' title='bbox 2193 1947 2213 1975; x_wconf 83' lang='grc'>⁸</span> <span class='ocrx_word' id='word_1_253' title='bbox 2237 1943 2345 2005; x_wconf 87' lang='lat' dir='ltr'><strong>AL,</strong></span> <span class='ocrx_word' id='word_1_254' title='bbox 2376 1944 2585 1995; x_wconf 85' lang='lat' dir='ltr'><strong>distecta</strong></span> <span class='ocrx_word' id='word_1_255' title='bbox 2615 1945 2869 2010; x_wconf 80' lang='lat' dir='ltr'><strong>cooperuit</strong></span> <span class='ocrx_word' id='word_1_256' title='bbox 2896 1956 2943 1996; x_wconf 89' lang='lat' dir='ltr'><strong>et</strong></span> <span class='ocrx_word' id='word_1_257' title='bbox 2970 1943 3236 1998; x_wconf 79' lang='lat' dir='ltr'><strong>renovavit.</strong></span> 
     </span>
    </p>
   </div>
   <div class='ocr_carea' id='block_1_39' title="bbox 2195 2010 2894 2080">
    <p class='ocr_par' dir='ltr' id='par_1_39' title="bbox 2195 2010 2894 2080">
     <span class='ocr_line' id='line_1_39' title="bbox 2195 2010 2894 2080; baseline 0.001 -17"><span class='ocrx_word' id='word_1_258' title='bbox 2195 2015 2214 2045; x_wconf 81' lang='grc'><strong>⁹</strong></span> <span class='ocrx_word' id='word_1_259' title='bbox 2242 2013 2320 2065; x_wconf 81' lang='lat' dir='ltr'><strong>Al.</strong></span> <span class='ocrx_word' id='word_1_260' title='bbox 2349 2026 2456 2065; x_wconf 93' lang='lat' dir='ltr'><strong>om.</strong></span> <span class='ocrx_word' id='word_1_261' title='bbox 2486 2010 2672 2064; x_wconf 66' lang='grc' dir='ltr'><strong>Πίου..</strong></span> <span class='ocrx_word' id='word_1_262' title='bbox 2700 2013 2894 2080; x_wconf 72' lang='lat' dir='ltr'><strong>refecit.</strong></span> 
     </span>
    </p>
   </div>
   <div class='ocr_carea' id='block_1_40' title="bbox 2199 2079 3475 2151">
    <p class='ocr_par' dir='ltr' id='par_1_40' title="bbox 2199 2079 3475 2151">
     <span class='ocr_line' id='line_1_40' title="bbox 2199 2079 3475 2151; baseline 0.006 -19"><span class='ocrx_word' id='word_1_263' title='bbox 2199 2083 2239 2111; x_wconf 82' lang='grc'><strong>¹⁰</strong></span> <span class='ocrx_word' id='word_1_264' title='bbox 2258 2081 2370 2145; x_wconf 82' lang='grc' dir='ltr'><strong>ΑΙ.,</strong></span> <span class='ocrx_word' id='word_1_265' title='bbox 2405 2082 2624 2149; x_wconf 81' lang='lat' dir='ltr'><strong>positum</strong></span> <span class='ocrx_word' id='word_1_266' title='bbox 2651 2079 2760 2147; x_wconf 77' lang='lat' dir='ltr'><strong>est;</strong></span> <span class='ocrx_word' id='word_1_267' title='bbox 2789 2079 2922 2136; x_wconf 88' lang='lat' dir='ltr'><strong>Cod.</strong></span> <span class='ocrx_word' id='word_1_268' title='bbox 2954 2081 3107 2147; x_wconf 88' lang='lat' dir='ltr'><strong>Luc.,</strong></span> <span class='ocrx_word' id='word_1_269' title='bbox 3138 2084 3341 2151; x_wconf 81' lang='lat' dir='ltr'><strong>ponitur</strong></span> <span class='ocrx_word' id='word_1_270' title='bbox 3378 2087 3475 2140; x_wconf 85' lang='lat' dir='ltr'><strong>via.</strong></span> 
     </span>
    </p>
   </div>
   <div class='ocr_carea' id='block_1_41' title="bbox 1783 2264 2415 2323">
    <p class='ocr_par' dir='ltr' id='par_1_41' title="bbox 1783 2264 2415 2323">
     <span class='ocr_line' id='line_1_41' title="bbox 1783 2264 2415 2323; baseline -0.008 0"><span class='ocrx_word' id='word_1_271' title='bbox 1783 2266 2145 2323; x_wconf 79' lang='lat' dir='ltr'><strong>VARIORUM</strong></span> <span class='ocrx_word' id='word_1_272' title='bbox 2185 2264 2415 2320; x_wconf 73' lang='grc' dir='ltr'><strong>ΝΟΤιΕ.</strong></span> 
     </span>
    </p>
   </div>
   <div class='ocr_carea' id='block_1_42' title="bbox 440 2360 3692 2443">
    <p class='ocr_par' dir='ltr' id='par_1_42' title="bbox 440 2360 3692 2443">
     <span class='ocr_line' id='line_1_42' title="bbox 440 2360 3692 2443; baseline -0.002 -16"><span class='ocrx_word' id='word_1_273' title='bbox 440 2389 535 2441; x_wconf 84' lang='lat' dir='ltr'><strong>que</strong></span> <span class='ocrx_word' id='word_1_274' title='bbox 588 2371 863 2443; x_wconf 74' lang='lat' dir='ltr'><strong>pontificis.</strong></span> <span class='ocrx_word' id='word_1_275' title='bbox 913 2370 1121 2443; x_wconf 79' lang='lat' dir='ltr'><strong>Corpus</strong></span> <span class='ocrx_word' id='word_1_276' title='bbox 1169 2367 1347 2443; x_wconf 72' lang='lat' dir='ltr'><strong>Sancti</strong></span> <span class='ocrx_word' id='word_1_277' title='bbox 1398 2366 1596 2443; x_wconf 76' lang='lat' dir='ltr'><strong>Leonis</strong></span> <span class='ocrx_word' id='word_1_278' title='bbox 1624 2364 1792 2443; x_wconf 63' lang='lat' dir='ltr'><strong>Magni</strong></span> <span class='ocrx_word' id='word_1_279' title='bbox 1818 2365 2015 2443; x_wconf 77' lang='lat' dir='ltr'><strong>dicitur</strong></span> <span class='ocrx_word' id='word_1_280' title='bbox 2047 2367 2095 2426; x_wconf 87' lang='lat' dir='ltr'><strong>B</strong></span> <span class='ocrx_word' id='word_1_281' title='bbox 2127 2432 2138 2443; x_wconf 37' lang='grc'><strong><em>⁸</em></strong></span> <span class='ocrx_word' id='word_1_282' title='bbox 2186 2361 2217 2442; x_wconf 75' lang='lat' dir='ltr'><strong>_b</strong></span> <span class='ocrx_word' id='word_1_283' title='bbox 2244 2360 2625 2443; x_wconf 73' lang='lat' dir='ltr'><strong>Trullumvero</strong></span> <span class='ocrx_word' id='word_1_284' title='bbox 2654 2366 2883 2434; x_wconf 76' lang='lat' dir='ltr'><strong>ejusdem</strong></span> <span class='ocrx_word' id='word_1_285' title='bbox 2907 2367 3130 2443; x_wconf 63' lang='lat' dir='ltr'><strong>ccclesig</strong></span> <span class='ocrx_word' id='word_1_286' title='bbox 3158 2366 3287 2443; x_wconf 72' lang='lat' dir='ltr'><strong>fusis</strong></span> <span class='ocrx_word' id='word_1_287' title='bbox 3313 2369 3508 2443; x_wconf 78' lang='lat' dir='ltr'><strong>chartis</strong></span> <span class='ocrx_word' id='word_1_288' title='bbox 3524 2370 3692 2443; x_wconf 54' lang='lat' dir='ltr'><strong>illum-</strong></span> 
     </span>
    </p>
   </div>
   <div class='ocr_carea' id='block_1_43' title="bbox 443 2434 2013 2512">
    <p class='ocr_par' dir='ltr' id='par_1_43' title="bbox 443 2434 2013 2512">
     <span class='ocr_line' id='line_1_43' title="bbox 443 2434 2013 2512; baseline -0.006 -15"><span class='ocrx_word' id='word_1_289' title='bbox 443 2434 670 2512; x_wconf 77' lang='lat' dir='ltr'><strong>primum</strong></span> <span class='ocrx_word' id='word_1_290' title='bbox 697 2434 880 2506; x_wconf 76' lang='lat' dir='ltr'><strong>fuisse,</strong></span> <span class='ocrx_word' id='word_1_291' title='bbox 913 2434 1054 2510; x_wconf 78' lang='lat' dir='ltr'><strong>quod</strong></span> <span class='ocrx_word' id='word_1_292' title='bbox 1072 2452 1153 2512; x_wconf 68' lang='lat' dir='ltr'><strong>es</strong></span> <span class='ocrx_word' id='word_1_293' title='bbox 1179 2437 1579 2512; x_wconf 74' lang='lat' dir='ltr'><strong>coniessorihus</strong></span> <span class='ocrx_word' id='word_1_294' title='bbox 1596 2434 1933 2512; x_wconf 62' lang='lat' dir='ltr'><strong>pontificibus</strong></span> <span class='ocrx_word' id='word_1_295' title='bbox 1962 2434 2013 2487; x_wconf 91' lang='lat' dir='ltr'><strong>in</strong></span> 
     </span>
    </p>
   </div>
   <div class='ocr_carea' id='block_1_44' title="bbox 448 2504 2015 2570">
    <p class='ocr_par' dir='ltr' id='par_1_44' title="bbox 448 2504 2015 2570">
     <span class='ocr_line' id='line_1_44' title="bbox 448 2504 2015 2570; baseline -0.008 -3"><span class='ocrx_word' id='word_1_296' title='bbox 448 2504 750 2567; x_wconf 63' lang='lat' dir='ltr'><strong>Vaticanam</strong></span> <span class='ocrx_word' id='word_1_297' title='bbox 779 2504 1047 2564; x_wconf 76' lang='lat' dir='ltr'><strong>basilicam</strong></span> <span class='ocrx_word' id='word_1_298' title='bbox 1070 2509 1290 2563; x_wconf 79' lang='lat' dir='ltr'><strong>hciioris</strong></span> <span class='ocrx_word' id='word_1_299' title='bbox 1318 2521 1477 2562; x_wconf 89' lang='lat' dir='ltr'><strong>causa</strong></span> <span class='ocrx_word' id='word_1_300' title='bbox 1507 2505 1708 2559; x_wconf 85' lang='lat' dir='ltr'><strong>illatum</strong></span> <span class='ocrx_word' id='word_1_301' title='bbox 1735 2504 1829 2568; x_wconf 88' lang='lat' dir='ltr'><strong>sit,</strong></span> <span class='ocrx_word' id='word_1_302' title='bbox 1852 2504 2015 2570; x_wconf 87' lang='lat' dir='ltr'><strong>depo-</strong></span> 
     </span>
    </p>
   </div>
   <div class='ocr_carea' id='block_1_45' title="bbox 442 2573 2017 2644">
    <p class='ocr_par' dir='ltr' id='par_1_45' title="bbox 442 2573 2017 2644">
     <span class='ocr_line' id='line_1_45' title="bbox 442 2573 2017 2644; baseline -0.009 -5"><span class='ocrx_word' id='word_1_303' title='bbox 442 2586 713 2644; x_wconf 79' lang='lat' dir='ltr'><strong>situmque</strong></span> <span class='ocrx_word' id='word_1_304' title='bbox 769 2581 820 2633; x_wconf 90' lang='lat' dir='ltr'><strong>in</strong></span> <span class='ocrx_word' id='word_1_305' title='bbox 872 2579 1105 2632; x_wconf 75' lang='lat' dir='ltr'><strong>basilica:</strong></span> <span class='ocrx_word' id='word_1_306' title='bbox 1156 2576 1398 2644; x_wconf 89' lang='lat' dir='ltr'><strong>ejusdem</strong></span> <span class='ocrx_word' id='word_1_307' title='bbox 1422 2574 1705 2644; x_wconf 84' lang='lat' dir='ltr'><strong>vestibulo.</strong></span> <span class='ocrx_word' id='word_1_308' title='bbox 1742 2573 1869 2627; x_wconf 89' lang='lat' dir='ltr'><strong>Post</strong></span> <span class='ocrx_word' id='word_1_309' title='bbox 1892 2587 2017 2644; x_wconf 38' lang='lat' dir='ltr'><strong>san:</strong></span> 
     </span>
    </p>
   </div>
   <div class='ocr_carea' id='block_1_46' title="bbox 444 2642 2013 2711">
    <p class='ocr_par' dir='ltr' id='par_1_46' title="bbox 444 2642 2013 2711">
     <span class='ocr_line' id='line_1_46' title="bbox 444 2642 2013 2711; baseline -0.006 -6"><span class='ocrx_word' id='word_1_310' title='bbox 444 2662 587 2705; x_wconf 87' lang='lat' dir='ltr'><strong>etum</strong></span> <span class='ocrx_word' id='word_1_311' title='bbox 627 2642 863 2703; x_wconf 88' lang='lat' dir='ltr'><strong>Leonem</strong></span> <span class='ocrx_word' id='word_1_312' title='bbox 903 2648 975 2700; x_wconf 88' lang='lat' dir='ltr'><strong>ita</strong></span> <span class='ocrx_word' id='word_1_313' title='bbox 1035 2642 1199 2700; x_wconf 71' lang='lat' dir='ltr'><strong>multi</strong></span> <span class='ocrx_word' id='word_1_314' title='bbox 1230 2644 1511 2711; x_wconf 74' lang='lat' dir='ltr'><strong>pontiﬁces</strong></span> <span class='ocrx_word' id='word_1_315' title='bbox 1539 2642 1737 2697; x_wconf 83' lang='lat' dir='ltr'><strong>ibidem</strong></span> <span class='ocrx_word' id='word_1_316' title='bbox 1772 2642 2013 2697; x_wconf 88' lang='lat' dir='ltr'><strong>tumulati</strong></span> 
     </span>
    </p>
   </div>
   <div class='ocr_carea' id='block_1_47' title="bbox 445 2713 2015 2784">
    <p class='ocr_par' dir='ltr' id='par_1_47' title="bbox 445 2713 2015 2784">
     <span class='ocr_line' id='line_1_47' title="bbox 445 2713 2015 2784; baseline -0.004 -11"><span class='ocrx_word' id='word_1_317' title='bbox 445 2727 590 2782; x_wconf 89' lang='lat' dir='ltr'><strong>sunt,</strong></span> <span class='ocrx_word' id='word_1_318' title='bbox 649 2727 703 2771; x_wconf 90' lang='lat' dir='ltr'><strong>ut</strong></span> <span class='ocrx_word' id='word_1_319' title='bbox 734 2715 847 2784; x_wconf 82' lang='lat' dir='ltr'><strong>ejus</strong></span> <span class='ocrx_word' id='word_1_320' title='bbox 879 2716 1181 2784; x_wconf 90' lang='lat' dir='ltr'><strong>sepulcrum</strong></span> <span class='ocrx_word' id='word_1_321' title='bbox 1209 2714 1436 2769; x_wconf 82' lang='lat' dir='ltr'><strong>aliorum</strong></span> <span class='ocrx_word' id='word_1_322' title='bbox 1470 2713 1736 2784; x_wconf 79' lang='lat' dir='ltr'><strong>sepulcris</strong></span> <span class='ocrx_word' id='word_1_323' title='bbox 1762 2713 2015 2784; x_wconf 87' lang='lat' dir='ltr'><strong>obrutum</strong></span> 
     </span>
    </p>
   </div>
   <div class='ocr_carea' id='block_1_48' title="bbox 445 2782 2019 2854">
    <p class='ocr_par' dir='ltr' id='par_1_48' title="bbox 445 2782 2019 2854">
     <span class='ocr_line' id='line_1_48' title="bbox 445 2782 2019 2854; baseline -0.004 -12"><span class='ocrx_word' id='word_1_324' title='bbox 445 2782 815 2849; x_wconf 81' lang='lat' dir='ltr'><strong>delitesceret,</strong></span> <span class='ocrx_word' id='word_1_325' title='bbox 864 2782 986 2839; x_wconf 79' lang='lat' dir='ltr'><strong>cuin</strong></span> <span class='ocrx_word' id='word_1_326' title='bbox 1027 2800 1057 2838; x_wconf 90' lang='lat' dir='ltr'><strong>a</strong></span> <span class='ocrx_word' id='word_1_327' title='bbox 1104 2784 1291 2854; x_wconf 87' lang='lat' dir='ltr'><strong>Sergio</strong></span> <span class='ocrx_word' id='word_1_328' title='bbox 1333 2784 1517 2854; x_wconf 90' lang='lat' dir='ltr'><strong>lpapa</strong></span> <span class='ocrx_word' id='word_1_329' title='bbox 1549 2782 1807 2838; x_wconf 88' lang='lat' dir='ltr'><strong>divinitus</strong></span> <span class='ocrx_word' id='word_1_330' title='bbox 1830 2783 2019 2854; x_wconf 85' lang='lat' dir='ltr'><strong>admo-</strong></span> 
     </span>
    </p>
   </div>
   <div class='ocr_carea' id='block_1_49' title="bbox 449 2852 2018 2924">
    <p class='ocr_par' dir='ltr' id='par_1_49' title="bbox 449 2852 2018 2924">
     <span class='ocr_line' id='line_1_49' title="bbox 449 2852 2018 2924; baseline -0.004 -12"><span class='ocrx_word' id='word_1_331' title='bbox 449 2860 583 2924; x_wconf 91' lang='lat' dir='ltr'><strong>nito,</strong></span> <span class='ocrx_word' id='word_1_332' title='bbox 635 2869 832 2923; x_wconf 87' lang='lat' dir='ltr'><strong>corpus</strong></span> <span class='ocrx_word' id='word_1_333' title='bbox 873 2856 1042 2909; x_wconf 88' lang='lat' dir='ltr'><strong>sancti</strong></span> <span class='ocrx_word' id='word_1_334' title='bbox 1090 2852 2018 2924; x_wconf 60' lang='grc' dir='ltr'><strong>[101111ιί015ξο1000011801111010111</strong></span> 
     </span>
    </p>
   </div>
   <div class='ocr_carea' id='block_1_50' title="bbox 450 2922 2018 2989">
    <p class='ocr_par' dir='ltr' id='par_1_50' title="bbox 450 2922 2018 2989">
     <span class='ocr_line' id='line_1_50' title="bbox 450 2922 2018 2989; baseline -0.005 -7"><span class='ocrx_word' id='word_1_335' title='bbox 450 2922 811 2982; x_wconf 79' lang='lat' dir='ltr'><strong>decentiorem</strong></span> <span class='ocrx_word' id='word_1_336' title='bbox 842 2922 1160 2979; x_wconf 86' lang='lat' dir='ltr'><strong>translatum</strong></span> <span class='ocrx_word' id='word_1_337' title='bbox 1179 2922 1542 2989; x_wconf 89' lang='lat' dir='ltr'><strong>est,videlicet</strong></span> <span class='ocrx_word' id='word_1_338' title='bbox 1564 2922 1618 2976; x_wconf 89' lang='lat' dir='ltr'><strong>in</strong></span> <span class='ocrx_word' id='word_1_339' title='bbox 1642 2923 1929 2976; x_wconf 87' lang='lat' dir='ltr'><strong>oratorium</strong></span> <span class='ocrx_word' id='word_1_340' title='bbox 1951 2922 2018 2975; x_wconf 87' lang='lat' dir='ltr'><strong>ad</strong></span> 
     </span>
    </p>
   </div>
   <div class='ocr_carea' id='block_1_51' title="bbox 454 2991 2021 3066">
    <p class='ocr_par' dir='ltr' id='par_1_51' title="bbox 454 2991 2021 3066">
     <span class='ocr_line' id='line_1_51' title="bbox 454 2991 2021 3066; baseline -0.004 -15"><span class='ocrx_word' id='word_1_341' title='bbox 454 2999 726 3066; x_wconf 11' lang='lat' dir='ltr'><strong>dexteram,</strong></span> <span class='ocrx_word' id='word_1_342' title='bbox 766 2996 981 3066; x_wconf 73' lang='lat' dir='ltr'><strong>majoris</strong></span> <span class='ocrx_word' id='word_1_343' title='bbox 1020 2994 1211 3048; x_wconf 78' lang='lat' dir='ltr'><strong>obsidis</strong></span> <span class='ocrx_word' id='word_1_344' title='bbox 1234 3009 1388 3063; x_wconf 83' lang='lat' dir='ltr'><strong>prape</strong></span> <span class='ocrx_word' id='word_1_345' title='bbox 1413 2991 1752 3066; x_wconf 78' lang='lat' dir='ltr'><strong>sancti__Petri</strong></span> <span class='ocrx_word' id='word_1_346' title='bbox 1772 3008 1938 3066; x_wconf 79' lang='lat' dir='ltr'><strong>aram,</strong></span> <span class='ocrx_word' id='word_1_347' title='bbox 1962 3000 2021 3045; x_wconf 90' lang='lat' dir='ltr'><strong>ut</strong></span> 
     </span>
    </p>
   </div>
   <div class='ocr_carea' id='block_1_52' title="bbox 458 3062 2019 3131">
    <p class='ocr_par' dir='ltr' id='par_1_52' title="bbox 458 3062 2019 3131">
     <span class='ocr_line' id='line_1_52' title="bbox 458 3062 2019 3131; baseline -0.004 -10"><span class='ocrx_word' id='word_1_348' title='bbox 458 3077 645 3123; x_wconf 87' lang='lat' dir='ltr'><strong>auctor</strong></span> <span class='ocrx_word' id='word_1_349' title='bbox 694 3062 869 3120; x_wconf 61' lang='lat' dir='ltr'><strong>Romae</strong></span> <span class='ocrx_word' id='word_1_350' title='bbox 900 3067 1241 3119; x_wconf 72' lang='lat' dir='ltr'><strong>subterraneae</strong></span> <span class='ocrx_word' id='word_1_351' title='bbox 1291 3062 1534 3117; x_wconf 89' lang='lat' dir='ltr'><strong>testatur.</strong></span> <span class='ocrx_word' id='word_1_352' title='bbox 1570 3062 1694 3117; x_wconf 72' lang='lat' dir='ltr'><strong>llme</strong></span> <span class='ocrx_word' id='word_1_353' title='bbox 1723 3062 1819 3116; x_wconf 81' lang='lat' dir='ltr'><strong>fuit</strong></span> <span class='ocrx_word' id='word_1_354' title='bbox 1852 3066 2019 3131; x_wconf 86' lang='lat' dir='ltr'><strong>prima</strong></span> 
     </span>
    </p>
   </div>
   <div class='ocr_carea' id='block_1_53' title="bbox 457 3132 2019 3203">
    <p class='ocr_par' dir='ltr' id='par_1_53' title="bbox 457 3132 2019 3203">
     <span class='ocr_line' id='line_1_53' title="bbox 457 3132 2019 3203; baseline -0.004 -11"><span class='ocrx_word' id='word_1_355' title='bbox 457 3136 735 3192; x_wconf 87' lang='lat' dir='ltr'><strong>translatio</strong></span> <span class='ocrx_word' id='word_1_356' title='bbox 790 3137 1029 3203; x_wconf 88' lang='lat' dir='ltr'><strong>corporis</strong></span> <span class='ocrx_word' id='word_1_357' title='bbox 1075 3134 1263 3203; x_wconf 12' lang='lat' dir='ltr'><strong>sancti,</strong></span> <span class='ocrx_word' id='word_1_358' title='bbox 1296 3132 1489 3187; x_wconf 84' lang='lat' dir='ltr'><strong>Leonis</strong></span> <span class='ocrx_word' id='word_1_359' title='bbox 1520 3132 1661 3202; x_wconf 69' lang='lat' dir='ltr'><strong>(alia:</strong></span> <span class='ocrx_word' id='word_1_360' title='bbox 1690 3132 1834 3187; x_wconf 89' lang='lat' dir='ltr'><strong>enim</strong></span> <span class='ocrx_word' id='word_1_361' title='bbox 1866 3132 2019 3186; x_wconf 72' lang='lat' dir='ltr'><strong>lactte</strong></span> 
     </span>
    </p>
   </div>
   <div class='ocr_carea' id='block_1_54' title="bbox 454 3202 2018 3275">
    <p class='ocr_par' dir='ltr' id='par_1_54' title="bbox 454 3202 2018 3275">
     <span class='ocr_line' id='line_1_54' title="bbox 454 3202 2018 3275; baseline -0.005 -13"><span class='ocrx_word' id='word_1_362' title='bbox 454 3215 580 3262; x_wconf 91' lang='lat' dir='ltr'><strong>sunt</strong></span> <span class='ocrx_word' id='word_1_363' title='bbox 606 3202 953 3275; x_wconf 84' lang='lat' dir='ltr'><strong>sequentibus</strong></span> <span class='ocrx_word' id='word_1_364' title='bbox 980 3204 1209 3272; x_wconf 70' lang='lat' dir='ltr'><strong>smculis)</strong></span> <span class='ocrx_word' id='word_1_365' title='bbox 1223 3202 1590 3275; x_wconf 77' lang='lat' dir='ltr'><strong>abAnastasio</strong></span> <span class='ocrx_word' id='word_1_366' title='bbox 1611 3211 1844 3275; x_wconf 85' lang='lat' dir='ltr'><strong>narrata,</strong></span> <span class='ocrx_word' id='word_1_367' title='bbox 1860 3217 2018 3275; x_wconf 83' lang='lat' dir='ltr'><strong>quam</strong></span> 
     </span>
    </p>
   </div>
   <div class='ocr_carea' id='block_1_55' title="bbox 455 3272 2021 3343">
    <p class='ocr_par' dir='ltr' id='par_1_55' title="bbox 455 3272 2021 3343">
     <span class='ocr_line' id='line_1_55' title="bbox 455 3272 2021 3343; baseline -0.003 -13"><span class='ocrx_word' id='word_1_368' title='bbox 455 3272 738 3330; x_wconf 80' lang='lat' dir='ltr'><strong>conﬁrmat</strong></span> <span class='ocrx_word' id='word_1_369' title='bbox 791 3284 1059 3329; x_wconf 87' lang='lat' dir='ltr'><strong>vetustum</strong></span> <span class='ocrx_word' id='word_1_370' title='bbox 1111 3274 1464 3343; x_wconf 82' lang='lat' dir='ltr'><strong>epitaphium,</strong></span> <span class='ocrx_word' id='word_1_371' title='bbox 1499 3273 1639 3343; x_wconf 80' lang='lat' dir='ltr'><strong>quod</strong></span> <span class='ocrx_word' id='word_1_372' title='bbox 1669 3273 1936 3343; x_wconf 86' lang='lat' dir='ltr'><strong>interalia</strong></span> <span class='ocrx_word' id='word_1_373' title='bbox 1966 3272 2021 3343; x_wconf 74' lang='lat' dir='ltr'><strong>in</strong></span> 
     </span>
    </p>
   </div>
   <div class='ocr_carea' id='block_1_56' title="bbox 458 3338 2024 3412">
    <p class='ocr_par' dir='ltr' id='par_1_56' title="bbox 458 3338 2024 3412">
     <span class='ocr_line' id='line_1_56' title="bbox 458 3338 2024 3412; baseline -0.004 -11"><span class='ocrx_word' id='word_1_374' title='bbox 458 3347 672 3401; x_wconf 87' lang='lat' dir='ltr'><strong>basilica</strong></span> <span class='ocrx_word' id='word_1_375' title='bbox 721 3348 889 3401; x_wconf 86' lang='lat' dir='ltr'><strong>sancti</strong></span> <span class='ocrx_word' id='word_1_376' title='bbox 943 3344 1087 3399; x_wconf 81' lang='lat' dir='ltr'><strong>Petri</strong></span> <span class='ocrx_word' id='word_1_377' title='bbox 1141 3338 1409 3412; x_wconf 72' lang='lat' dir='ltr'><strong>repertum</strong></span> <span class='ocrx_word' id='word_1_378' title='bbox 1445 3338 1530 3412; x_wconf 74' lang='lat' dir='ltr'><strong>cl.</strong></span> <span class='ocrx_word' id='word_1_379' title='bbox 1561 3342 1899 3397; x_wconf 77' lang='lat' dir='ltr'><strong>Mabillonius</strong></span> <span class='ocrx_word' id='word_1_380' title='bbox 1929 3338 2024 3410; x_wconf 86' lang='lat' dir='ltr'><strong>(In</strong></span> 
     </span>
    </p>
   </div>
   <div class='ocr_carea' id='block_1_57' title="bbox 453 3411 2023 3484">
    <p class='ocr_par' dir='ltr' id='par_1_57' title="bbox 453 3411 2023 3484">
     <span class='ocr_line' id='line_1_57' title="bbox 453 3411 2023 3484; baseline -0.003 -14"><span class='ocrx_word' id='word_1_381' title='bbox 453 3415 729 3481; x_wconf 76' lang='lat' dir='ltr'><strong>Anulectis,</strong></span> <span class='ocrx_word' id='word_1_382' title='bbox 758 3425 891 3468; x_wconf 91' lang='lat' dir='ltr'><strong>tomo</strong></span> <span class='ocrx_word' id='word_1_383' title='bbox 918 3413 1034 3484; x_wconf 78' lang='lat' dir='ltr'><strong>Ill)</strong></span> <span class='ocrx_word' id='word_1_384' title='bbox 1068 3411 1417 3484; x_wconf 25' lang='lat' dir='ltr'><strong>fecit’publici</strong></span> <span class='ocrx_word' id='word_1_385' title='bbox 1434 3411 1596 3482; x_wconf 88' lang='lat' dir='ltr'><strong>juris,</strong></span> <span class='ocrx_word' id='word_1_386' title='bbox 1624 3421 1679 3468; x_wconf 86' lang='lat' dir='ltr'><strong>et</strong></span> <span class='ocrx_word' id='word_1_387' title='bbox 1699 3422 1782 3469; x_wconf 86' lang='lat' dir='ltr'><strong>est</strong></span> <span class='ocrx_word' id='word_1_388' title='bbox 1794 3426 2023 3482; x_wconf 87' lang='lat' dir='ltr'><strong>sequens</strong></span> 
     </span>
    </p>
   </div>
   <div class='ocr_carea' id='block_1_58' title="bbox 452 3482 1592 3541">
    <p class='ocr_par' dir='ltr' id='par_1_58' title="bbox 452 3482 1592 3541">
     <span class='ocr_line' id='line_1_58' title="bbox 452 3482 1592 3541; baseline -0.002 -3"><span class='ocrx_word' id='word_1_389' title='bbox 452 3488 517 3538; x_wconf 90' lang='lat' dir='ltr'><strong>ad</strong></span> <span class='ocrx_word' id='word_1_390' title='bbox 550 3486 912 3541; x_wconf 78' lang='lat' dir='ltr'><strong>Oxouiensem</strong></span> <span class='ocrx_word' id='word_1_391' title='bbox 940 3482 1188 3538; x_wconf 86' lang='lat' dir='ltr'><strong>Codicem</strong></span> <span class='ocrx_word' id='word_1_392' title='bbox 1221 3482 1592 3538; x_wconf 89' lang='lat' dir='ltr'><strong>emendatum.</strong></span> 
     </span>
    </p>
   </div>
   <div class='ocr_carea' id='block_1_59' title="bbox 575 3568 1899 3637">
    <p class='ocr_par' dir='ltr' id='par_1_59' title="bbox 575 3568 1899 3637">
     <span class='ocr_line' id='line_1_59' title="bbox 575 3568 1899 3637; baseline -0.004 -13"><span class='ocrx_word' id='word_1_393' title='bbox 575 3568 733 3637; x_wconf 75' lang='lat' dir='ltr'><strong>Hujus</strong></span> <span class='ocrx_word' id='word_1_394' title='bbox 752 3573 999 3637; x_wconf 82' lang='lat' dir='ltr'><strong>apostolici</strong></span> <span class='ocrx_word' id='word_1_395' title='bbox 1023 3575 1225 3637; x_wconf 87' lang='lat' dir='ltr'><strong>primum</strong></span> <span class='ocrx_word' id='word_1_396' title='bbox 1242 3584 1323 3637; x_wconf 81' lang='lat' dir='ltr'><strong>est</strong></span> <span class='ocrx_word' id='word_1_397' title='bbox 1342 3573 1420 3622; x_wconf 87' lang='lat' dir='ltr'><strong>hic</strong></span> <span class='ocrx_word' id='word_1_398' title='bbox 1441 3584 1612 3635; x_wconf 91' lang='lat' dir='ltr'><strong>corpus</strong></span> <span class='ocrx_word' id='word_1_399' title='bbox 1632 3572 1899 3637; x_wconf 74' lang='lat' dir='ltr'><strong>humatum,</strong></span> 
     </span>
    </p>
   </div>
   <div class='ocr_carea' id='block_1_60' title="bbox 631 3633 1778 3696">
    <p class='ocr_par' dir='ltr' id='par_1_60' title="bbox 631 3633 1778 3696">
     <span class='ocr_line' id='line_1_60' title="bbox 631 3633 1778 3696; baseline -0.003 -13"><span class='ocrx_word' id='word_1_400' title='bbox 631 3635 771 3694; x_wconf 76' lang='lat' dir='ltr'><strong>Quod</strong></span> <span class='ocrx_word' id='word_1_401' title='bbox 785 3633 922 3684; x_wconf 64' lang='lat' dir='ltr'><strong>&#39;foret</strong></span> <span class='ocrx_word' id='word_1_402' title='bbox 945 3642 997 3685; x_wconf 86' lang='lat' dir='ltr'><strong>et</strong></span> <span class='ocrx_word' id='word_1_403' title='bbox 1019 3633 1205 3685; x_wconf 80' lang='lat' dir='ltr'><strong>tumulo</strong></span> <span class='ocrx_word' id='word_1_404' title='bbox 1225 3635 1403 3696; x_wconf 88' lang='lat' dir='ltr'><strong>dignus</strong></span> <span class='ocrx_word' id='word_1_405' title='bbox 1421 3636 1471 3683; x_wconf 91' lang='lat' dir='ltr'><strong>ln</strong></span> <span class='ocrx_word' id='word_1_406' title='bbox 1492 3633 1604 3683; x_wconf 83' lang='lat' dir='ltr'><strong>arce</strong></span> <span class='ocrx_word' id='word_1_407' title='bbox 1630 3633 1778 3681; x_wconf 81' lang='lat' dir='ltr'><strong>Petri.</strong></span> 
     </span>
    </p>
   </div>
   <div class='ocr_carea' id='block_1_61' title="bbox 574 3695 1980 3757">
    <p class='ocr_par' dir='ltr' id='par_1_61' title="bbox 574 3695 1980 3757">
     <span class='ocr_line' id='line_1_61' title="bbox 574 3695 1980 3757; baseline -0.001 -12"><span class='ocrx_word' id='word_1_408' title='bbox 574 3695 697 3745; x_wconf 81' lang='lat' dir='ltr'><strong>lliuc</strong></span> <span class='ocrx_word' id='word_1_409' title='bbox 715 3704 872 3746; x_wconf 83' lang='lat' dir='ltr'><strong>vatum</strong></span> <span class='ocrx_word' id='word_1_410' title='bbox 892 3708 1249 3757; x_wconf 87' lang='lat' dir='ltr'><strong>procerumque</strong></span> <span class='ocrx_word' id='word_1_411' title='bbox 1267 3695 1455 3756; x_wconf 82' lang='lat' dir='ltr'><strong>cohors,</strong></span> <span class='ocrx_word' id='word_1_412' title='bbox 1470 3706 1591 3757; x_wconf 82' lang='lat' dir='ltr'><strong>quOs</strong></span> <span class='ocrx_word' id='word_1_413' title='bbox 1609 3696 1771 3743; x_wconf 82' lang='lat' dir='ltr'><strong>cernis</strong></span> <span class='ocrx_word' id='word_1_414' title='bbox 1784 3695 1980 3755; x_wconf 88' lang='lat' dir='ltr'><strong>adesse,</strong></span> 
     </span>
    </p>
   </div>
   <div class='ocr_carea' id='block_1_62' title="bbox 638 3756 1759 3818">
    <p class='ocr_par' dir='ltr' id='par_1_62' title="bbox 638 3756 1759 3818">
     <span class='ocr_line' id='line_1_62' title="bbox 638 3756 1759 3818; baseline -0.002 -13"><span class='ocrx_word' id='word_1_415' title='bbox 638 3758 851 3805; x_wconf 77' lang='lat' dir='ltr'><strong>Membra</strong></span> <span class='ocrx_word' id='word_1_416' title='bbox 875 3758 965 3804; x_wconf 86' lang='lat' dir='ltr'><strong>sub</strong></span> <span class='ocrx_word' id='word_1_417' title='bbox 990 3756 1196 3818; x_wconf 76' lang='lat' dir='ltr'><strong>egregia</strong></span> <span class='ocrx_word' id='word_1_418' title='bbox 1214 3763 1325 3805; x_wconf 89' lang='lat' dir='ltr'><strong>sunt</strong></span> <span class='ocrx_word' id='word_1_419' title='bbox 1349 3756 1577 3818; x_wconf 79' lang='lat' dir='ltr'><strong>adOperta</strong></span> <span class='ocrx_word' id='word_1_420' title='bbox 1600 3758 1759 3803; x_wconf 89' lang='lat' dir='ltr'><strong>domo.</strong></span> 
     </span>
    </p>
   </div>
   <div class='ocr_carea' id='block_1_63' title="bbox 577 3816 1972 3879">
    <p class='ocr_par' dir='ltr' id='par_1_63' title="bbox 577 3816 1972 3879">
     <span class='ocr_line' id='line_1_63' title="bbox 577 3816 1972 3879; baseline 0.001 -15"><span class='ocrx_word' id='word_1_421' title='bbox 577 3819 674 3879; x_wconf 83' lang='lat' dir='ltr'><strong>Sed</strong></span> <span class='ocrx_word' id='word_1_422' title='bbox 691 3818 945 3879; x_wconf 13' lang='lat' dir='ltr'><strong>dudumrut</strong></span> <span class='ocrx_word' id='word_1_423' title='bbox 966 3816 1353 3879; x_wconf 67' lang='lat' dir='ltr'><strong>pastor&#39;magnus</strong></span> <span class='ocrx_word' id='word_1_424' title='bbox 1382 3816 1480 3866; x_wconf 91' lang='lat' dir='ltr'><strong>Leo</strong></span> <span class='ocrx_word' id='word_1_425' title='bbox 1498 3823 1638 3877; x_wconf 84' lang='lat' dir='ltr'><strong>septa</strong></span> <span class='ocrx_word' id='word_1_426' title='bbox 1663 3829 1972 3878; x_wconf 67' lang='lat' dir='ltr'><strong>gregemque</strong></span> 
     </span>
    </p>
   </div>
   <div class='ocr_carea' id='block_1_64' title="bbox 639 3878 1682 3937">
    <p class='ocr_par' dir='ltr' id='par_1_64' title="bbox 639 3878 1682 3937">
     <span class='ocr_line' id='line_1_64' title="bbox 639 3878 1682 3937; baseline -0.002 -11"><span class='ocrx_word' id='word_1_427' title='bbox 639 3878 975 3926; x_wconf 73' lang='lat' dir='ltr'><strong>Christicolum</strong></span> <span class='ocrx_word' id='word_1_428' title='bbox 996 3890 1195 3926; x_wconf 82' lang='lat' dir='ltr'><strong>servans</strong></span> <span class='ocrx_word' id='word_1_429' title='bbox 1215 3880 1391 3937; x_wconf 88' lang='lat' dir='ltr'><strong>janitor</strong></span> <span class='ocrx_word' id='word_1_430' title='bbox 1412 3880 1538 3925; x_wconf 77' lang='lat' dir='ltr'><strong>arcis</strong></span> <span class='ocrx_word' id='word_1_431' title='bbox 1560 3886 1682 3924; x_wconf 85' lang='lat' dir='ltr'><strong>erat.</strong></span> 
     </span>
    </p>
   </div>
   <div class='ocr_carea' id='block_1_65' title="bbox 580 3937 1968 3999">
    <p class='ocr_par' dir='ltr' id='par_1_65' title="bbox 580 3937 1968 3999">
     <span class='ocr_line' id='line_1_65' title="bbox 580 3937 1968 3999; baseline -0.001 -12"><span class='ocrx_word' id='word_1_432' title='bbox 580 3937 862 3999; x_wconf 81' lang='lat' dir='ltr'><strong>Commovet</strong></span> <span class='ocrx_word' id='word_1_433' title='bbox 886 3950 917 3987; x_wconf 89' lang='lat' dir='ltr'><strong>e</strong></span> <span class='ocrx_word' id='word_1_434' title='bbox 940 3937 1154 3996; x_wconf 87' lang='lat' dir='ltr'><strong>tumulo,</strong></span> <span class='ocrx_word' id='word_1_435' title='bbox 1177 3939 1305 3999; x_wconf 85' lang='lat' dir='ltr'><strong>quod</strong></span> <span class='ocrx_word' id='word_1_436' title='bbox 1330 3947 1550 3999; x_wconf 76' lang='lat' dir='ltr'><strong>gesserat</strong></span> <span class='ocrx_word' id='word_1_437' title='bbox 1572 3938 1676 3997; x_wconf 85' lang='lat' dir='ltr'><strong>ipse</strong></span> <span class='ocrx_word' id='word_1_438' title='bbox 1700 3942 1968 3998; x_wconf 86' lang='lat' dir='ltr'><strong>superstes,</strong></span> 
     </span>
    </p>
   </div>
   <div class='ocr_carea' id='block_1_66' title="bbox 641 3997 1599 4058">
    <p class='ocr_par' dir='ltr' id='par_1_66' title="bbox 641 3997 1599 4058">
     <span class='ocr_line' id='line_1_66' title="bbox 641 3997 1599 4058; baseline -0.001 -12"><span class='ocrx_word' id='word_1_439' title='bbox 641 3997 714 4046; x_wconf 82' lang='lat' dir='ltr'><strong>Ne</strong></span> <span class='ocrx_word' id='word_1_440' title='bbox 746 3998 887 4058; x_wconf 87' lang='lat' dir='ltr'><strong>lupus</strong></span> <span class='ocrx_word' id='word_1_441' title='bbox 907 3998 1137 4047; x_wconf 80' lang='lat' dir='ltr'><strong>insidians</strong></span> <span class='ocrx_word' id='word_1_442' title='bbox 1163 3997 1319 4046; x_wconf 74' lang='lat' dir='ltr'><strong>vastet</strong></span> <span class='ocrx_word' id='word_1_443' title='bbox 1337 3997 1466 4045; x_wconf 72' lang='lat'><strong>0\“6</strong></span> <span class='ocrx_word' id='word_1_444' title='bbox 1492 3997 1599 4045; x_wconf 86' lang='lat' dir='ltr'><strong>Dei.</strong></span> 
     </span>
    </p>
   </div>
   <div class='ocr_carea' id='block_1_67' title="bbox 580 4056 1667 4120">
    <p class='ocr_par' dir='ltr' id='par_1_67' title="bbox 580 4056 1667 4120">
     <span class='ocr_line' id='line_1_67' title="bbox 580 4056 1667 4120; baseline -0.004 -11"><span class='ocrx_word' id='word_1_445' title='bbox 580 4056 842 4109; x_wconf 85' lang='lat' dir='ltr'><strong>Testautur</strong></span> <span class='ocrx_word' id='word_1_446' title='bbox 865 4059 1000 4108; x_wconf 80' lang='lat' dir='ltr'><strong>missi</strong></span> <span class='ocrx_word' id='word_1_447' title='bbox 1026 4065 1267 4120; x_wconf 58' lang='lat' dir='ltr'><strong>proiecto</strong></span> <span class='ocrx_word' id='word_1_448' title='bbox 1286 4059 1513 4120; x_wconf 80' lang='lat' dir='ltr'><strong>dogmate</strong></span> <span class='ocrx_word' id='word_1_449' title='bbox 1540 4058 1667 4111; x_wconf 89' lang='lat' dir='ltr'><strong>libri.</strong></span> 
     </span>
    </p>
   </div>
   <div class='ocr_carea' id='block_1_68' title="bbox 637 4117 1873 4181">
    <p class='ocr_par' dir='ltr' id='par_1_68' title="bbox 637 4117 1873 4181">
     <span class='ocr_line' id='line_1_68' title="bbox 637 4117 1873 4181; baseline -0.002 -13"><span class='ocrx_word' id='word_1_450' title='bbox 637 4121 768 4178; x_wconf 84' lang='lat' dir='ltr'><strong>Quos</strong></span> <span class='ocrx_word' id='word_1_451' title='bbox 788 4123 865 4181; x_wconf 88' lang='lat' dir='ltr'><strong>pia</strong></span> <span class='ocrx_word' id='word_1_452' title='bbox 887 4117 1037 4168; x_wconf 70' lang='lat' dir='ltr'><strong>corda</strong></span> <span class='ocrx_word' id='word_1_453' title='bbox 1052 4117 1215 4167; x_wconf 88' lang='lat' dir='ltr'><strong>colunt</strong></span> <span class='ocrx_word' id='word_1_454' title='bbox 1230 4155 1243 4177; x_wconf 93' lang='lat'><strong>,</strong></span> <span class='ocrx_word' id='word_1_455' title='bbox 1268 4132 1391 4180; x_wconf 88' lang='lat' dir='ltr'><strong>quos</strong></span> <span class='ocrx_word' id='word_1_456' title='bbox 1413 4118 1545 4181; x_wconf 77' lang='lat' dir='ltr'><strong>mala</strong></span> <span class='ocrx_word' id='word_1_457' title='bbox 1561 4121 1700 4166; x_wconf 87' lang='lat' dir='ltr'><strong>turba</strong></span> <span class='ocrx_word' id='word_1_458' title='bbox 1725 4120 1873 4169; x_wconf 91' lang='lat' dir='ltr'><strong>timet.</strong></span> 
     </span>
    </p>
   </div>
   <div class='ocr_carea' id='block_1_69' title="bbox 575 4179 1762 4242">
    <p class='ocr_par' dir='ltr' id='par_1_69' title="bbox 575 4179 1762 4242">
     <span class='ocr_line' id='line_1_69' title="bbox 575 4179 1762 4242; baseline -0.002 -14"><span class='ocrx_word' id='word_1_459' title='bbox 575 4179 762 4242; x_wconf 73' lang='lat' dir='ltr'><strong>Rugiit,</strong></span> <span class='ocrx_word' id='word_1_460' title='bbox 789 4179 838 4230; x_wconf 77' lang='lat' dir='ltr'><strong>et</strong></span> <span class='ocrx_word' id='word_1_461' title='bbox 860 4182 1024 4241; x_wconf 82' lang='lat' dir='ltr'><strong>pavida</strong></span> <span class='ocrx_word' id='word_1_462' title='bbox 1048 4187 1339 4242; x_wconf 79' lang='lat' dir='ltr'><strong>stupuerunt</strong></span> <span class='ocrx_word' id='word_1_463' title='bbox 1363 4180 1502 4228; x_wconf 81' lang='lat' dir='ltr'><strong>corda</strong></span> <span class='ocrx_word' id='word_1_464' title='bbox 1527 4179 1762 4242; x_wconf 84' lang='lat' dir='ltr'><strong>ferarum;</strong></span> 
     </span>
    </p>
   </div>
   <div class='ocr_carea' id='block_1_70' title="bbox 640 4241 1640 4303">
    <p class='ocr_par' dir='ltr' id='par_1_70' title="bbox 640 4241 1640 4303">
     <span class='ocr_line' id='line_1_70' title="bbox 640 4241 1640 4303; baseline -0.003 -12"><span class='ocrx_word' id='word_1_465' title='bbox 640 4241 951 4303; x_wconf 78' lang='lat' dir='ltr'><strong>Pastorisque</strong></span> <span class='ocrx_word' id='word_1_466' title='bbox 969 4244 1041 4290; x_wconf 91' lang='lat' dir='ltr'><strong>sui</strong></span> <span class='ocrx_word' id='word_1_467' title='bbox 1057 4241 1190 4301; x_wconf 86' lang='lat' dir='ltr'><strong>jussa</strong></span> <span class='ocrx_word' id='word_1_468' title='bbox 1212 4249 1484 4302; x_wconf 86' lang='lat' dir='ltr'><strong>sequuntur</strong></span> <span class='ocrx_word' id='word_1_469' title='bbox 1505 4254 1640 4290; x_wconf 88' lang='lat' dir='ltr'><strong>oves.</strong></span> 
     </span>
    </p>
   </div>
   <div class='ocr_carea' id='block_1_71' title="bbox 582 4302 1859 4363">
    <p class='ocr_par' dir='ltr' id='par_1_71' title="bbox 582 4302 1859 4363">
     <span class='ocr_line' id='line_1_71' title="bbox 582 4302 1859 4363; baseline 0.001 -13"><span class='ocrx_word' id='word_1_470' title='bbox 582 4302 670 4351; x_wconf 79' lang='lat' dir='ltr'><strong>llic</strong></span> <span class='ocrx_word' id='word_1_471' title='bbox 692 4308 853 4351; x_wconf 88' lang='lat' dir='ltr'><strong>tamen</strong></span> <span class='ocrx_word' id='word_1_472' title='bbox 876 4302 1105 4351; x_wconf 78' lang='lat' dir='ltr'><strong>extremo</strong></span> <span class='ocrx_word' id='word_1_473' title='bbox 1127 4304 1272 4363; x_wconf 72' lang='lat' dir='ltr'><strong>tacuit</strong></span> <span class='ocrx_word' id='word_1_474' title='bbox 1295 4304 1387 4352; x_wconf 80' lang='lat' dir='ltr'><strong>sub</strong></span> <span class='ocrx_word' id='word_1_475' title='bbox 1410 4315 1648 4350; x_wconf 79' lang='lat' dir='ltr'><strong>marmore</strong></span> <span class='ocrx_word' id='word_1_476' title='bbox 1672 4304 1859 4363; x_wconf 78' lang='lat' dir='ltr'><strong>templi,</strong></span> 
     </span>
    </p>
   </div>
   <div class='ocr_carea' id='block_1_72' title="bbox 640 4362 1824 4424">
    <p class='ocr_par' dir='ltr' id='par_1_72' title="bbox 640 4362 1824 4424">
     <span class='ocr_line' id='line_1_72' title="bbox 640 4362 1824 4424; baseline 0.003 -14"><span class='ocrx_word' id='word_1_477' title='bbox 640 4365 794 4421; x_wconf 77' lang='lat' dir='ltr'><strong>Quem</strong></span> <span class='ocrx_word' id='word_1_478' title='bbox 816 4363 911 4423; x_wconf 80' lang='lat' dir='ltr'><strong>jam</strong></span> <span class='ocrx_word' id='word_1_479' title='bbox 932 4362 1207 4424; x_wconf 81' lang='lat' dir='ltr'><strong>pontificum</strong></span> <span class='ocrx_word' id='word_1_480' title='bbox 1232 4362 1364 4424; x_wconf 80' lang='lat' dir='ltr'><strong>plura</strong></span> <span class='ocrx_word' id='word_1_481' title='bbox 1388 4363 1608 4423; x_wconf 80' lang='lat' dir='ltr'><strong>sepulcra</strong></span> <span class='ocrx_word' id='word_1_482' title='bbox 1634 4362 1824 4424; x_wconf 79' lang='lat' dir='ltr'><strong>tegunt.</strong></span> 
     </span>
    </p>
   </div>
   <div class='ocr_carea' id='block_1_73' title="bbox 577 4424 1673 4485">
    <p class='ocr_par' dir='ltr' id='par_1_73' title="bbox 577 4424 1673 4485">
     <span class='ocr_line' id='line_1_73' title="bbox 577 4424 1673 4485; baseline -0.001 -12"><span class='ocrx_word' id='word_1_483' title='bbox 577 4425 784 4483; x_wconf 76' lang='lat' dir='ltr'><strong>Sergius</strong></span> <span class='ocrx_word' id='word_1_484' title='bbox 806 4426 1029 4485; x_wconf 81' lang='lat' dir='ltr'><strong>antistes,</strong></span> <span class='ocrx_word' id='word_1_485' title='bbox 1053 4425 1216 4472; x_wconf 86' lang='lat' dir='ltr'><strong>divino</strong></span> <span class='ocrx_word' id='word_1_486' title='bbox 1238 4424 1469 4485; x_wconf 70' lang='lat' dir='ltr'><strong>impulsus</strong></span> <span class='ocrx_word' id='word_1_487' title='bbox 1490 4437 1673 4483; x_wconf 87' lang='lat' dir='ltr'><strong>amore,</strong></span> 
     </span>
    </p>
   </div>
   <div class='ocr_carea' id='block_1_74' title="bbox 643 4484 1812 4535">
    <p class='ocr_par' dir='ltr' id='par_1_74' title="bbox 643 4484 1812 4535">
     <span class='ocr_line' id='line_1_74' title="bbox 643 4484 1812 4535; baseline 0.001 -3"><span class='ocrx_word' id='word_1_488' title='bbox 643 4485 782 4533; x_wconf 86' lang='lat' dir='ltr'><strong>Hunc</strong></span> <span class='ocrx_word' id='word_1_489' title='bbox 805 4486 853 4534; x_wconf 87' lang='lat' dir='ltr'><strong>in</strong></span> <span class='ocrx_word' id='word_1_490' title='bbox 874 4484 1033 4535; x_wconf 77' lang='lat' dir='ltr'><strong>fronte</strong></span> <span class='ocrx_word' id='word_1_491' title='bbox 1056 4498 1206 4534; x_wconf 66' lang='lat' dir='ltr'><strong>sacrae</strong></span> <span class='ocrx_word' id='word_1_492' title='bbox 1225 4484 1467 4534; x_wconf 79' lang='lat' dir='ltr'><strong>transtulit</strong></span> <span class='ocrx_word' id='word_1_493' title='bbox 1492 4485 1601 4533; x_wconf 82' lang='lat' dir='ltr'><strong>inde</strong></span> <span class='ocrx_word' id='word_1_494' title='bbox 1625 4489 1812 4533; x_wconf 90' lang='lat' dir='ltr'><strong>domus.</strong></span> 
     </span>
    </p>
   </div>
   <div class='ocr_carea' id='block_1_75' title="bbox 580 4544 1783 4608">
    <p class='ocr_par' dir='ltr' id='par_1_75' title="bbox 580 4544 1783 4608">
     <span class='ocr_line' id='line_1_75' title="bbox 580 4544 1783 4608; baseline -0.001 -13"><span class='ocrx_word' id='word_1_495' title='bbox 580 4544 831 4608; x_wconf 76' lang='lat' dir='ltr'><strong>Exornans</strong></span> <span class='ocrx_word' id='word_1_496' title='bbox 850 4548 1036 4595; x_wconf 81' lang='lat' dir='ltr'><strong>rutilam</strong></span> <span class='ocrx_word' id='word_1_497' title='bbox 1062 4551 1274 4608; x_wconf 87' lang='lat' dir='ltr'><strong>pretioso</strong></span> <span class='ocrx_word' id='word_1_498' title='bbox 1293 4560 1527 4595; x_wconf 86' lang='lat' dir='ltr'><strong>marmore</strong></span> <span class='ocrx_word' id='word_1_499' title='bbox 1549 4548 1783 4608; x_wconf 85' lang='lat' dir='ltr'><strong>tumbam,</strong></span> 
     </span>
    </p>
   </div>
   <div class='ocr_carea' id='block_1_76' title="bbox 641 4606 1663 4669">
    <p class='ocr_par' dir='ltr' id='par_1_76' title="bbox 641 4606 1663 4669">
     <span class='ocr_line' id='line_1_76' title="bbox 641 4606 1663 4669; baseline 0.001 -15"><span class='ocrx_word' id='word_1_500' title='bbox 641 4606 693 4654; x_wconf 87' lang='grc'><strong>111</strong></span> <span class='ocrx_word' id='word_1_501' title='bbox 716 4620 811 4669; x_wconf 83' lang='lat' dir='ltr'><strong>quo</strong></span> <span class='ocrx_word' id='word_1_502' title='bbox 834 4606 1091 4669; x_wconf 84' lang='lat' dir='ltr'><strong>poscentes</strong></span> <span class='ocrx_word' id='word_1_503' title='bbox 1110 4612 1224 4656; x_wconf 81' lang='lat' dir='ltr'><strong>mira</strong></span> <span class='ocrx_word' id='word_1_504' title='bbox 1249 4622 1458 4668; x_wconf 82' lang='lat' dir='ltr'><strong>superna</strong></span> <span class='ocrx_word' id='word_1_505' title='bbox 1485 4607 1663 4669; x_wconf 78' lang='lat' dir='ltr'><strong>vident.</strong></span> 
     </span>
    </p>
   </div>
   <div class='ocr_carea' id='block_1_77' title="bbox 579 4667 1659 4731">
    <p class='ocr_par' dir='ltr' id='par_1_77' title="bbox 579 4667 1659 4731">
     <span class='ocr_line' id='line_1_77' title="bbox 579 4667 1659 4731; baseline -0.001 -16"><span class='ocrx_word' id='word_1_506' title='bbox 579 4667 765 4731; x_wconf 73' lang='lat' dir='ltr'><strong>thuia</strong></span> <span class='ocrx_word' id='word_1_507' title='bbox 790 4667 1059 4731; x_wconf 71' lang='lat' dir='ltr'><strong>pra-minuit</strong></span> <span class='ocrx_word' id='word_1_508' title='bbox 1081 4671 1215 4719; x_wconf 87' lang='lat' dir='ltr'><strong>miris</strong></span> <span class='ocrx_word' id='word_1_509' title='bbox 1247 4667 1506 4719; x_wconf 74' lang='lat' dir='ltr'><strong>virtutibus</strong></span> <span class='ocrx_word' id='word_1_510' title='bbox 1528 4668 1659 4727; x_wconf 81' lang='lat' dir='ltr'><strong>olim,</strong></span> 
     </span>
    </p>
   </div>
   <div class='ocr_carea' id='block_1_78' title="bbox 641 4728 1552 4792">
    <p class='ocr_par' dir='ltr' id='par_1_78' title="bbox 641 4728 1552 4792">
     <span class='ocr_line' id='line_1_78' title="bbox 641 4728 1552 4792; baseline 0 -15"><span class='ocrx_word' id='word_1_511' title='bbox 641 4728 813 4778; x_wconf 77' lang='lat' dir='ltr'><strong>Ultima</strong></span> <span class='ocrx_word' id='word_1_512' title='bbox 839 4730 1071 4791; x_wconf 89' lang='lat' dir='ltr'><strong>poutilicis</strong></span> <span class='ocrx_word' id='word_1_513' title='bbox 1092 4732 1185 4791; x_wconf 73' lang='lat' dir='ltr'><strong>gloz</strong></span> <span class='ocrx_word' id='word_1_514' title='bbox 1202 4731 1243 4779; x_wconf 90' lang='lat' dir='ltr'><strong>ia</strong></span> <span class='ocrx_word' id='word_1_515' title='bbox 1268 4732 1413 4792; x_wconf 80' lang='lat' dir='ltr'><strong>major</strong></span> <span class='ocrx_word' id='word_1_516' title='bbox 1440 4734 1552 4778; x_wconf 89' lang='lat' dir='ltr'><strong>erit.</strong></span> 
     </span>
    </p>
   </div>
   <div class='ocr_carea' id='block_1_79' title="bbox 527 4809 2025 4880">
    <p class='ocr_par' dir='ltr' id='par_1_79' title="bbox 527 4809 2025 4880">
     <span class='ocr_line' id='line_1_79' title="bbox 527 4809 2025 4880; baseline -0.001 -17"><span class='ocrx_word' id='word_1_517' title='bbox 527 4809 605 4864; x_wconf 87' lang='lat' dir='ltr'><strong>Ad</strong></span> <span class='ocrx_word' id='word_1_518' title='bbox 643 4811 812 4880; x_wconf 85' lang='lat' dir='ltr'><strong>hujus</strong></span> <span class='ocrx_word' id='word_1_519' title='bbox 868 4812 1119 4880; x_wconf 87' lang='lat' dir='ltr'><strong>epitaphii</strong></span> <span class='ocrx_word' id='word_1_520' title='bbox 1159 4812 1358 4865; x_wconf 87' lang='lat' dir='ltr'><strong>calcem</strong></span> <span class='ocrx_word' id='word_1_521' title='bbox 1395 4811 1588 4879; x_wconf 80' lang='lat' dir='ltr'><strong>legitur</strong></span> <span class='ocrx_word' id='word_1_522' title='bbox 1616 4810 1753 4876; x_wconf 82' lang='lat' dir='ltr'><strong>apud</strong></span> <span class='ocrx_word' id='word_1_523' title='bbox 1785 4811 2025 4865; x_wconf 84' lang='lat' dir='ltr'><strong>Mabillu-</strong></span> 
     </span>
    </p>
   </div>
   <div class='ocr_carea' id='block_1_80' title="bbox 461 4879 2031 4949">
    <p class='ocr_par' dir='ltr' id='par_1_80' title="bbox 461 4879 2031 4949">
     <span class='ocr_line' id='line_1_80' title="bbox 461 4879 2031 4949; baseline 0.002 -17"><span class='ocrx_word' id='word_1_524' title='bbox 461 4883 605 4933; x_wconf 91' lang='lat' dir='ltr'><strong>nium</strong></span> <span class='ocrx_word' id='word_1_525' title='bbox 639 4879 740 4936; x_wconf 89' lang='lat' dir='ltr'><strong>boc</strong></span> <span class='ocrx_word' id='word_1_526' title='bbox 778 4879 1089 4935; x_wconf 86' lang='lat' dir='ltr'><strong>chronicum</strong></span> <span class='ocrx_word' id='word_1_527' title='bbox 1140 4881 1559 4935; x_wconf 88' lang='lat' dir='ltr'><strong>additamentum</strong></span> <span class='ocrx_word' id='word_1_528' title='bbox 1594 4898 1607 4934; x_wconf 91' lang='lat'><strong>:</strong></span> <span class='ocrx_word' id='word_1_529' title='bbox 1638 4879 1787 4935; x_wconf 83' lang='lat' dir='ltr'><strong>Sedit</strong></span> <span class='ocrx_word' id='word_1_530' title='bbox 1820 4882 1870 4933; x_wconf 89' lang='lat' dir='ltr'><strong>in</strong></span> <span class='ocrx_word' id='word_1_531' title='bbox 1898 4882 2031 4949; x_wconf 88' lang='lat' dir='ltr'><strong>epis-</strong></span> 
     </span>
    </p>
   </div>
   <div class='ocr_carea' id='block_1_81' title="bbox 455 4950 2032 5018">
    <p class='ocr_par' dir='ltr' id='par_1_81' title="bbox 455 4950 2032 5018">
     <span class='ocr_line' id='line_1_81' title="bbox 455 4950 2032 5018; baseline 0.003 -19"><span class='ocrx_word' id='word_1_532' title='bbox 455 4960 640 5016; x_wconf 83' lang='lat' dir='ltr'><strong>copam</strong></span> <span class='ocrx_word' id='word_1_533' title='bbox 687 4967 853 5004; x_wconf 87' lang='lat' dir='ltr'><strong>annos</strong></span> <span class='ocrx_word' id='word_1_534' title='bbox 899 4964 1006 5017; x_wconf 78' lang='lat' dir='ltr'><strong>xx),</strong></span> <span class='ocrx_word' id='word_1_535' title='bbox 1041 4967 1259 5004; x_wconf 81' lang='lat' dir='ltr'><strong>mensem</strong></span> <span class='ocrx_word' id='word_1_536' title='bbox 1305 4966 1481 5012; x_wconf 88' lang='lat' dir='ltr'><strong>unum,</strong></span> <span class='ocrx_word' id='word_1_537' title='bbox 1515 4951 1623 5003; x_wconf 86' lang='lat' dir='ltr'><strong>dies</strong></span> <span class='ocrx_word' id='word_1_538' title='bbox 1652 4965 1771 5005; x_wconf 81' lang='lat' dir='ltr'><strong>xm.</strong></span> <span class='ocrx_word' id='word_1_539' title='bbox 1800 4950 2032 5018; x_wconf 87' lang='lat' dir='ltr'><strong>Deposi-</strong></span> 
     </span>
    </p>
   </div>
   <div class='ocr_carea' id='block_1_82' title="bbox 457 5019 2030 5089">
    <p class='ocr_par' dir='ltr' id='par_1_82' title="bbox 457 5019 2030 5089">
     <span class='ocr_line' id='line_1_82' title="bbox 457 5019 2030 5089; baseline 0.006 -24"><span class='ocrx_word' id='word_1_540' title='bbox 457 5029 536 5069; x_wconf 85' lang='lat' dir='ltr'><strong>tus</strong></span> <span class='ocrx_word' id='word_1_541' title='bbox 562 5029 634 5070; x_wconf 82' lang='lat' dir='ltr'><strong>est</strong></span> <span class='ocrx_word' id='word_1_542' title='bbox 664 5022 809 5089; x_wconf 87' lang='lat' dir='ltr'><strong>tertio</strong></span> <span class='ocrx_word' id='word_1_543' title='bbox 839 5019 1084 5075; x_wconf 85' lang='lat' dir='ltr'><strong>ldus.....</strong></span> <span class='ocrx_word' id='word_1_544' title='bbox 1112 5021 1297 5089; x_wconf 84' lang='lat' dir='ltr'><strong>supple</strong></span> <span class='ocrx_word' id='word_1_545' title='bbox 1325 5021 1551 5089; x_wconf 78' lang='lat' dir='ltr'><strong>Apriles,</strong></span> <span class='ocrx_word' id='word_1_546' title='bbox 1581 5029 1627 5074; x_wconf 85' lang='lat' dir='ltr'><strong>et</strong></span> <span class='ocrx_word' id='word_1_547' title='bbox 1657 5020 1841 5074; x_wconf 85' lang='lat' dir='ltr'><strong>iterum</strong></span> <span class='ocrx_word' id='word_1_548' title='bbox 1865 5031 2030 5075; x_wconf 85' lang='lat' dir='ltr'><strong>trans-</strong></span> 
     </span>
    </p>
   </div>
   <div class='ocr_carea' id='block_1_83' title="bbox 455 5087 2015 5161">
    <p class='ocr_par' dir='ltr' id='par_1_83' title="bbox 455 5087 2015 5161">
     <span class='ocr_line' id='line_1_83' title="bbox 455 5087 2015 5161; baseline 0.006 -25"><span class='ocrx_word' id='word_1_549' title='bbox 455 5092 586 5161; x_wconf 59' lang='lat' dir='ltr'><strong>uitus</strong></span> <span class='ocrx_word' id='word_1_550' title='bbox 661 5088 952 5161; x_wconf 38' lang='lat' dir='ltr'><strong>(tua-beato</strong></span> <span class='ocrx_word' id='word_1_551' title='bbox 1010 5087 1294 5161; x_wconf 35' lang='lat' dir='ltr'><strong>Sergio&#39;tv</strong></span> <span class='ocrx_word' id='word_1_552' title='bbox 1337 5089 1463 5143; x_wconf 83' lang='lat' dir='ltr'><strong>Kal.</strong></span> <span class='ocrx_word' id='word_1_553' title='bbox 1496 5087 1662 5161; x_wconf 73' lang='lat' dir='ltr'><strong>Julii,</strong></span> <span class='ocrx_word' id='word_1_554' title='bbox 1720 5089 1903 5145; x_wconf 85' lang='lat' dir='ltr'><strong>indict.</strong></span> <span class='ocrx_word' id='word_1_555' title='bbox 1960 5108 2015 5156; x_wconf 78' lang='grc' dir='ltr'><strong>ρ.</strong></span> 
     </span>
    </p>
   </div>
   <div class='ocr_carea' id='block_1_84' title="bbox 457 5154 2017 5234">
    <p class='ocr_par' dir='ltr' id='par_1_84' title="bbox 457 5154 2017 5234">
     <span class='ocr_line' id='line_1_84' title="bbox 457 5154 2017 5234; baseline 0.004 -27"><span class='ocrx_word' id='word_1_556' title='bbox 457 5154 787 5234; x_wconf 66' lang='grc' dir='ltr'><strong>110112111ιίεηί</strong></span> <span class='ocrx_word' id='word_1_557' title='bbox 819 5156 977 5234; x_wconf 58' lang='grc' dir='ltr'><strong>(101ηο</strong></span> <span class='ocrx_word' id='word_1_558' title='bbox 1001 5154 1223 5234; x_wconf 61' lang='lat' dir='ltr'><strong>secundo</strong></span> <span class='ocrx_word' id='word_1_559' title='bbox 1254 5161 1438 5234; x_wconf 84' lang='lat' dir='ltr'><strong>mensis</strong></span> <span class='ocrx_word' id='word_1_560' title='bbox 1469 5154 1683 5234; x_wconf 72' lang='lat' dir='ltr'><strong>Aprilis,</strong></span> <span class='ocrx_word' id='word_1_561' title='bbox 1713 5162 1898 5234; x_wconf 81' lang='lat' dir='ltr'><strong>pagina</strong></span> <span class='ocrx_word' id='word_1_562' title='bbox 1924 5154 2017 5230; x_wconf 69' lang='grc'><strong>21)</strong></span> 
     </span>
    </p>
   </div>
   <div class='ocr_carea' id='block_1_85' title="bbox 458 5224 2017 5297">
    <p class='ocr_par' dir='ltr' id='par_1_85' title="bbox 458 5224 2017 5297">
     <span class='ocr_line' id='line_1_85' title="bbox 458 5224 2017 5297; baseline 0.004 -21"><span class='ocrx_word' id='word_1_563' title='bbox 458 5224 743 5297; x_wconf 66' lang='grc'><strong>1113101111111</strong></span> <span class='ocrx_word' id='word_1_564' title='bbox 782 5225 1057 5295; x_wconf 78' lang='lat' dir='ltr'><strong>proferunt</strong></span> <span class='ocrx_word' id='word_1_565' title='bbox 1100 5230 1291 5297; x_wconf 78' lang='lat' dir='ltr'><strong>elevati</strong></span> <span class='ocrx_word' id='word_1_566' title='bbox 1336 5241 1391 5285; x_wconf 84' lang='lat' dir='ltr'><strong>et</strong></span> <span class='ocrx_word' id='word_1_567' title='bbox 1416 5224 1920 5297; x_wconf 28' lang='lat' dir='ltr'><strong>translati&#39;corporis</strong></span> <span class='ocrx_word' id='word_1_568' title='bbox 1950 5224 2017 5285; x_wconf 69' lang='lat' dir='ltr'><strong>ei</strong></span> 
     </span>
    </p>
   </div>
   <div class='ocr_carea' id='block_1_86' title="bbox 457 5295 2017 5377">
    <p class='ocr_par' dir='ltr' id='par_1_86' title="bbox 457 5295 2017 5377">
     <span class='ocr_line' id='line_1_86' title="bbox 457 5295 2017 5377; baseline 0.005 -31"><span class='ocrx_word' id='word_1_569' title='bbox 457 5307 561 5377; x_wconf 79' lang='lat' dir='ltr'><strong>ms.</strong></span> <span class='ocrx_word' id='word_1_570' title='bbox 612 5295 852 5377; x_wconf 74' lang='lat' dir='ltr'><strong>catalogo</strong></span> <span class='ocrx_word' id='word_1_571' title='bbox 906 5295 1146 5377; x_wconf 62' lang='lat' dir='ltr'><strong>ecclesia;</strong></span> <span class='ocrx_word' id='word_1_572' title='bbox 1189 5301 1359 5354; x_wconf 88' lang='lat' dir='ltr'><strong>sancti</strong></span> <span class='ocrx_word' id='word_1_573' title='bbox 1414 5301 1577 5377; x_wconf 78' lang='lat' dir='ltr'><strong>l’et_ri,</strong></span> <span class='ocrx_word' id='word_1_574' title='bbox 1623 5295 1941 5377; x_wconf 69' lang='lat' dir='ltr'><strong>quatnlege,</strong></span> <span class='ocrx_word' id='word_1_575' title='bbox 1971 5302 2017 5354; x_wconf 90' lang='lat' dir='ltr'><strong>si</strong></span> 
     </span>
    </p>
   </div>
   <div class='ocr_carea' id='block_1_87' title="bbox 458 5364 2015 5484">
    <p class='ocr_par' dir='ltr' id='par_1_87' title="bbox 458 5364 2015 5484">
     <span class='ocr_line' id='line_1_87' title="bbox 458 5364 2015 5484; baseline 0.003 -68"><span class='ocrx_word' id='word_1_576' title='bbox 458 5365 610 5484; x_wconf 62' lang='lat' dir='ltr'><strong>plura</strong></span> <span class='ocrx_word' id='word_1_577' title='bbox 660 5364 729 5445; x_wconf 79' lang='lat' dir='ltr'><strong>de</strong></span> <span class='ocrx_word' id='word_1_578' title='bbox 779 5364 1215 5448; x_wconf 76' lang='lat' dir='ltr'><strong>translationibus</strong></span> <span class='ocrx_word' id='word_1_579' title='bbox 1266 5373 1441 5451; x_wconf 75' lang='lat' dir='ltr'><strong>sancti</strong></span> <span class='ocrx_word' id='word_1_580' title='bbox 1501 5364 1693 5450; x_wconf 79' lang='lat' dir='ltr'><strong>Leonis</strong></span> <span class='ocrx_word' id='word_1_581' title='bbox 1719 5364 2015 5449; x_wconf 67' lang='lat' dir='ltr'><strong>desideras.</strong></span> 
     </span>
     <span class='ocr_line' id='line_1_88' title="bbox 508 5433 2015 5484; baseline 0 0"><span class='ocrx_word' id='word_1_582' title='bbox 508 5433 591 5484; x_wconf 84' lang='lat' dir='ltr'><strong>Ide</strong></span> <span class='ocrx_word' id='word_1_583' title='bbox 644 5444 804 5484; x_wconf 84' lang='lat' dir='ltr'><strong>etiam</strong></span> <span class='ocrx_word' id='word_1_584' title='bbox 846 5438 1040 5484; x_wconf 83' lang='lat' dir='ltr'><strong>Annnt.</strong></span> <span class='ocrx_word' id='word_1_585' title='bbox 1089 5438 1429 5484; x_wconf 73' lang='lat' dir='ltr'><strong>Illustrissum</strong></span> <span class='ocrx_word' id='word_1_586' title='bbox 1474 5443 1712 5484; x_wconf 72' lang='lat' dir='ltr'><strong>nrmsnlig</strong></span> <span class='ocrx_word' id='word_1_587' title='bbox 1742 5438 2015 5484; x_wconf 73' lang='lat' dir='ltr'><strong>Hlanrhtm</strong></span> 
     </span>
    </p>
   </div>
   <div class='ocr_carea' id='block_1_88' title="bbox 508 5433 2017 5507">
    <p class='ocr_par' dir='ltr' id='par_1_88' title="bbox 508 5433 2017 5507">
     <span class='ocr_line' id='line_1_89' title="bbox 508 5433 2017 5507; baseline 0.003 -21"><span class='ocrx_word' id='word_1_588' title='bbox 508 5433 591 5489; x_wconf 86' lang='lat' dir='ltr'><strong>ide</strong></span> <span class='ocrx_word' id='word_1_589' title='bbox 644 5435 804 5507; x_wconf 79' lang='lat' dir='ltr'><strong>etiam</strong></span> <span class='ocrx_word' id='word_1_590' title='bbox 846 5438 1040 5507; x_wconf 83' lang='lat' dir='ltr'><strong>Annot.</strong></span> <span class='ocrx_word' id='word_1_591' title='bbox 1088 5438 1430 5493; x_wconf 88' lang='lat' dir='ltr'><strong>illustrissimi</strong></span> <span class='ocrx_word' id='word_1_592' title='bbox 1474 5440 1712 5507; x_wconf 70' lang='lat' dir='ltr'><strong>prmsulis</strong></span> <span class='ocrx_word' id='word_1_593' title='bbox 1742 5438 2017 5493; x_wconf 82' lang='lat' dir='ltr'><strong>Blauchini</strong></span> 
     </span>
    </p>
   </div>
   <div class='ocr_carea' id='block_1_89' title="bbox 457 5502 1842 5578">
    <p class='ocr_par' dir='ltr' id='par_1_89' title="bbox 457 5502 1842 5578">
     <span class='ocr_line' id='line_1_90' title="bbox 457 5502 1842 5578; baseline 0.006 -23"><span class='ocrx_word' id='word_1_594' title='bbox 457 5502 755 5578; x_wconf 85' lang='lat' dir='ltr'><strong>(tont._lll,</strong></span> <span class='ocrx_word' id='word_1_595' title='bbox 786 5523 905 5577; x_wconf 81' lang='lat' dir='ltr'><strong>pag.</strong></span> <span class='ocrx_word' id='word_1_596' title='bbox 946 5506 1041 5560; x_wconf 81' lang='grc'><strong>159</strong></span> <span class='ocrx_word' id='word_1_597' title='bbox 1068 5509 1219 5576; x_wconf 84' lang='lat' dir='ltr'><strong>hujus</strong></span> <span class='ocrx_word' id='word_1_598' title='bbox 1247 5502 1529 5578; x_wconf 57' lang='lat' dir='ltr'><strong>editionis).</strong></span> <span class='ocrx_word' id='word_1_599' title='bbox 1562 5510 1801 5564; x_wconf 62' lang='lat' dir='ltr'><strong>Marsus.</strong></span> <span class='ocrx_word' id='word_1_600' title='bbox 1835 5549 1842 5556; x_wconf 81' lang='grc'><strong>.</strong></span> 
     </span>
    </p>
   </div>
   <div class='ocr_carea' id='block_1_90' title="bbox 500 5573 2020 5650">
    <p class='ocr_par' dir='ltr' id='par_1_90' title="bbox 500 5573 2020 5650">
     <span class='ocr_line' id='line_1_91' title="bbox 500 5573 2020 5650; baseline 0.004 -25"><span class='ocrx_word' id='word_1_601' title='bbox 500 5581 555 5650; x_wconf 46' lang='grc'><strong>,⁸</strong></span> <span class='ocrx_word' id='word_1_602' title='bbox 610 5573 894 5650; x_wconf 74' lang='lat' dir='ltr'><strong>Imaginem</strong></span> <span class='ocrx_word' id='word_1_603' title='bbox 952 5573 1300 5645; x_wconf 71' lang='lat' dir='ltr'><strong>apostolorum</strong></span> <span class='ocrx_word' id='word_1_604' title='bbox 1331 5573 1740 5633; x_wconf 76' lang='lat' dir='ltr'><strong>vetustissimam.</strong></span> <span class='ocrx_word' id='word_1_605' title='bbox 1788 5581 2020 5649; x_wconf 77' lang='lat' dir='ltr'><strong>Apparet</strong></span> 
     </span>
    </p>
   </div>
   <div class='ocr_carea' id='block_1_91' title="bbox 458 5639 2022 5718">
    <p class='ocr_par' dir='ltr' id='par_1_91' title="bbox 458 5639 2022 5718">
     <span class='ocr_line' id='line_1_92' title="bbox 458 5639 2022 5718; baseline 0.007 -27"><span class='ocrx_word' id='word_1_606' title='bbox 458 5639 582 5717; x_wconf 78' lang='lat' dir='ltr'><strong>hinc</strong></span> <span class='ocrx_word' id='word_1_607' title='bbox 604 5639 1171 5718; x_wconf 33' lang='lat' dir='ltr'><strong>antitiuususae&#39;rarum</strong></span> <span class='ocrx_word' id='word_1_608' title='bbox 1216 5650 1500 5715; x_wconf 75' lang='lat' dir='ltr'><strong>imaginum</strong></span> <span class='ocrx_word' id='word_1_609' title='bbox 1556 5665 1702 5713; x_wconf 87' lang='lat' dir='ltr'><strong>usus,</strong></span> <span class='ocrx_word' id='word_1_610' title='bbox 1732 5639 2022 5718; x_wconf 80' lang='lat' dir='ltr'><strong>carumque</strong></span> 
     </span>
    </p>
   </div>
   <div class='ocr_carea' id='block_1_92' title="bbox 457 5713 2021 5790">
    <p class='ocr_par' dir='ltr' id='par_1_92' title="bbox 457 5713 2021 5790">
     <span class='ocr_line' id='line_1_93' title="bbox 457 5713 2021 5790; baseline 0.008 -29"><span class='ocrx_word' id='word_1_611' title='bbox 457 5713 511 5785; x_wconf 85' lang='lat' dir='ltr'><strong>in</strong></span> <span class='ocrx_word' id='word_1_612' title='bbox 540 5713 780 5790; x_wconf 83' lang='lat' dir='ltr'><strong>ecclesiis</strong></span> <span class='ocrx_word' id='word_1_613' title='bbox 802 5716 1121 5790; x_wconf 78' lang='lat' dir='ltr'><strong>collocat_io._</strong></span> <span class='ocrx_word' id='word_1_614' title='bbox 1146 5713 1355 5790; x_wconf 64' lang='lat' dir='ltr'><strong>Quane</strong></span> <span class='ocrx_word' id='word_1_615' title='bbox 1379 5732 1437 5772; x_wconf 88' lang='lat' dir='ltr'><strong>re</strong></span> <span class='ocrx_word' id='word_1_616' title='bbox 1459 5720 1818 5775; x_wconf 81' lang='lat' dir='ltr'><strong>consulendus</strong></span> <span class='ocrx_word' id='word_1_617' title='bbox 1843 5713 2021 5776; x_wconf 45' lang='lat' dir='ltr'><strong>Cia&#39;tm</strong></span> 
     </span>
    </p>
   </div>
   <div class='ocr_carea' id='block_1_93' title="bbox 458 5785 1542 5852">
    <p class='ocr_par' dir='ltr' id='par_1_93' title="bbox 458 5785 1542 5852">
     <span class='ocr_line' id='line_1_94' title="bbox 458 5785 1542 5852; baseline 0.007 -19"><span class='ocrx_word' id='word_1_618' title='bbox 458 5792 611 5847; x_wconf 86' lang='lat' dir='ltr'><strong>pinus</strong></span> <span class='ocrx_word' id='word_1_619' title='bbox 634 5785 685 5835; x_wconf 90' lang='lat' dir='ltr'><strong>in</strong></span> <span class='ocrx_word' id='word_1_620' title='bbox 709 5798 870 5852; x_wconf 83' lang='lat' dir='ltr'><strong>opere</strong></span> <span class='ocrx_word' id='word_1_621' title='bbox 897 5785 963 5840; x_wconf 88' lang='lat' dir='ltr'><strong>de</strong></span> <span class='ocrx_word' id='word_1_622' title='bbox 993 5786 1227 5841; x_wconf 70' lang='lat' dir='ltr'><strong>Musiws.</strong></span> <span class='ocrx_word' id='word_1_623' title='bbox 1264 5787 1542 5843; x_wconf 63' lang='lat' dir='ltr'><strong>Bescuus.</strong></span> 
     </span>
    </p>
   </div>
   <div class='ocr_carea' id='block_1_94' title="bbox 2121 2432 3689 2501">
    <p class='ocr_par' dir='ltr' id='par_1_94' title="bbox 2121 2432 3689 2501">
     <span class='ocr_line' id='line_1_95' title="bbox 2121 2432 3689 2501; baseline 0.004 -16"><span class='ocrx_word' id='word_1_624' title='bbox 2121 2432 2231 2486; x_wconf 82' lang='lat' dir='ltr'><strong>beis</strong></span> <span class='ocrx_word' id='word_1_625' title='bbox 2267 2434 2551 2499; x_wconf 81' lang='lat' dir='ltr'><strong>cooperuit,</strong></span> <span class='ocrx_word' id='word_1_626' title='bbox 2604 2432 2755 2501; x_wconf 72' lang='lat' dir='ltr'><strong>atque</strong></span> <span class='ocrx_word' id='word_1_627' title='bbox 2804 2439 3035 2490; x_wconf 79' lang='lat' dir='ltr'><strong>munivit.</strong></span> <span class='ocrx_word' id='word_1_628' title='bbox 3079 2432 3255 2491; x_wconf 78' lang='lat' dir='ltr'><strong>Trulla</strong></span> <span class='ocrx_word' id='word_1_629' title='bbox 3310 2432 3689 2492; x_wconf 84' lang='lat' dir='ltr'><strong>vas-vinarium</strong></span> 
     </span>
    </p>
   </div>
   <div class='ocr_carea' id='block_1_95' title="bbox 2123 2503 3691 2568">
    <p class='ocr_par' dir='ltr' id='par_1_95' title="bbox 2123 2503 3691 2568">
     <span class='ocr_line' id='line_1_96' title="bbox 2123 2503 3691 2568; baseline 0.001 -10"><span class='ocrx_word' id='word_1_630' title='bbox 2123 2518 2436 2558; x_wconf 87' lang='lat' dir='ltr'><strong>concavum.</strong></span> <span class='ocrx_word' id='word_1_631' title='bbox 2494 2504 2563 2558; x_wconf 74' lang='lat' dir='ltr'><strong>ll.</strong></span> <span class='ocrx_word' id='word_1_632' title='bbox 2592 2503 2759 2568; x_wconf 84' lang='lat' dir='ltr'><strong>Tul|.,</strong></span> <span class='ocrx_word' id='word_1_633' title='bbox 2806 2506 2959 2560; x_wconf 87' lang='lat' dir='ltr'><strong>Verr.</strong></span> <span class='ocrx_word' id='word_1_634' title='bbox 2979 2508 3012 2561; x_wconf 87' lang='lat'><strong>6</strong></span> <span class='ocrx_word' id='word_1_635' title='bbox 3046 2524 3058 2559; x_wconf 88' lang='lat'><strong>:</strong></span> <span class='ocrx_word' id='word_1_636' title='bbox 3105 2505 3231 2560; x_wconf 82' lang='lat' dir='ltr'><strong>Erat</strong></span> <span class='ocrx_word' id='word_1_637' title='bbox 3261 2510 3410 2561; x_wconf 86' lang='lat' dir='ltr'><strong>etiam</strong></span> <span class='ocrx_word' id='word_1_638' title='bbox 3441 2525 3528 2562; x_wconf 89' lang='lat' dir='ltr'><strong>vas</strong></span> <span class='ocrx_word' id='word_1_639' title='bbox 3552 2510 3691 2561; x_wconf 89' lang='lat' dir='ltr'><strong>vina-</strong></span> 
     </span>
    </p>
   </div>
   <div class='ocr_carea' id='block_1_96' title="bbox 2122 2577 3686 2646">
    <p class='ocr_par' dir='ltr' id='par_1_96' title="bbox 2122 2577 3686 2646">
     <span class='ocr_line' id='line_1_97' title="bbox 2122 2577 3686 2646; baseline 0.003 -21"><span class='ocrx_word' id='word_1_640' title='bbox 2122 2580 2280 2646; x_wconf 75' lang='lat' dir='ltr'><strong>rium,</strong></span> <span class='ocrx_word' id='word_1_641' title='bbox 2304 2588 2498 2646; x_wconf 70' lang='lat' dir='ltr'><strong>e3_una</strong></span> <span class='ocrx_word' id='word_1_642' title='bbox 2527 2590 2720 2646; x_wconf 83' lang='lat' dir='ltr'><strong>gemma</strong></span> <span class='ocrx_word' id='word_1_643' title='bbox 2747 2577 3273 2646; x_wconf 84' lang='lat' dir='ltr'><strong>pergrandi.Apitius,</strong></span> <span class='ocrx_word' id='word_1_644' title='bbox 3296 2578 3363 2631; x_wconf 91' lang='lat' dir='ltr'><strong>de</strong></span> <span class='ocrx_word' id='word_1_645' title='bbox 3392 2578 3467 2632; x_wconf 73' lang='lat' dir='ltr'><strong>lie</strong></span> <span class='ocrx_word' id='word_1_646' title='bbox 3500 2580 3686 2641; x_wconf 85' lang='lat' dir='ltr'><strong>culin.,</strong></span> 
     </span>
    </p>
   </div>
   <div class='ocr_carea' id='block_1_97' title="bbox 2123 2642 3689 2715">
    <p class='ocr_par' dir='ltr' id='par_1_97' title="bbox 2123 2642 3689 2715">
     <span class='ocr_line' id='line_1_98' title="bbox 2123 2642 3689 2715; baseline 0.003 -21"><span class='ocrx_word' id='word_1_647' title='bbox 2123 2643 2215 2715; x_wconf 81' lang='lat' dir='ltr'><strong>lib.</strong></span> <span class='ocrx_word' id='word_1_648' title='bbox 2243 2644 2277 2697; x_wconf 69' lang='grc'><strong>4</strong></span> <span class='ocrx_word' id='word_1_649' title='bbox 2310 2661 2321 2695; x_wconf 92' lang='lat'>:</span> <span class='ocrx_word' id='word_1_650' title='bbox 2349 2642 2821 2715; x_wconf 50' lang='lat' dir='ltr'><strong>Quotquotlaga&#39;na</strong></span> <span class='ocrx_word' id='word_1_651' title='bbox 2838 2642 3185 2713; x_wconf 40' lang='lat' dir='ltr'><strong>posuerim—tot</strong></span> <span class='ocrx_word' id='word_1_652' title='bbox 3206 2649 3356 2700; x_wconf 85' lang='lat' dir='ltr'><strong>etiam</strong></span> <span class='ocrx_word' id='word_1_653' title='bbox 3386 2649 3569 2701; x_wconf 88' lang='lat' dir='ltr'><strong>trullas</strong></span> <span class='ocrx_word' id='word_1_654' title='bbox 3596 2649 3689 2699; x_wconf 88' lang='lat' dir='ltr'><strong>im-</strong></span> 
     </span>
    </p>
   </div>
   <div class='ocr_carea' id='block_1_98' title="bbox 2122 2712 3687 2783">
    <p class='ocr_par' dir='ltr' id='par_1_98' title="bbox 2122 2712 3687 2783">
     <span class='ocr_line' id='line_1_99' title="bbox 2122 2712 3687 2783; baseline 0.003 -18"><span class='ocrx_word' id='word_1_655' title='bbox 2122 2714 2280 2781; x_wconf 87' lang='lat' dir='ltr'><strong>pleto,</strong></span> <span class='ocrx_word' id='word_1_656' title='bbox 2323 2712 2542 2781; x_wconf 79' lang='lat' dir='ltr'><strong>desuper</strong></span> <span class='ocrx_word' id='word_1_657' title='bbox 2572 2712 2785 2783; x_wconf 64' lang='lat' dir='ltr'><strong>adjici“</strong></span> <span class='ocrx_word' id='word_1_658' title='bbox 2806 2712 3000 2769; x_wconf 85' lang='lat' dir='ltr'><strong>vinum.</strong></span> <span class='ocrx_word' id='word_1_659' title='bbox 3032 2717 3164 2770; x_wconf 85' lang='lat' dir='ltr'><strong>Hinc</strong></span> <span class='ocrx_word' id='word_1_660' title='bbox 3207 2718 3489 2771; x_wconf 87' lang='lat' dir='ltr'><strong>detrullare</strong></span> <span class='ocrx_word' id='word_1_661' title='bbox 3517 2719 3687 2771; x_wconf 89' lang='lat' dir='ltr'><strong>eidem</strong></span> 
     </span>
    </p>
   </div>
   <div class='ocr_carea' id='block_1_99' title="bbox 2125 2784 3689 2856">
    <p class='ocr_par' dir='ltr' id='par_1_99' title="bbox 2125 2784 3689 2856">
     <span class='ocr_line' id='line_1_100' title="bbox 2125 2784 3689 2856; baseline 0.003 -21"><span class='ocrx_word' id='word_1_662' title='bbox 2125 2784 2280 2856; x_wconf 89' lang='lat' dir='ltr'><strong>paqu</strong></span> <span class='ocrx_word' id='word_1_663' title='bbox 2309 2792 2454 2856; x_wconf 78' lang='lat' dir='ltr'><strong>ante,</strong></span> <span class='ocrx_word' id='word_1_664' title='bbox 2489 2797 2583 2856; x_wconf 75' lang='lat' dir='ltr'><strong>pro</strong></span> <span class='ocrx_word' id='word_1_665' title='bbox 2619 2799 2651 2838; x_wconf 81' lang='grc' dir='ltr'><strong>θ</strong></span> <span class='ocrx_word' id='word_1_666' title='bbox 2677 2785 2831 2838; x_wconf 84' lang='lat' dir='ltr'><strong>trulla</strong></span> <span class='ocrx_word' id='word_1_667' title='bbox 2850 2785 3146 2841; x_wconf 74' lang='lat' dir='ltr'><strong>diﬂundere</strong></span> <span class='ocrx_word' id='word_1_668' title='bbox 3179 2805 3191 2839; x_wconf 88' lang='lat'><strong>:</strong></span> <span class='ocrx_word' id='word_1_669' title='bbox 3227 2785 3293 2839; x_wconf 87' lang='lat' dir='ltr'><strong>Et</strong></span> <span class='ocrx_word' id='word_1_670' title='bbox 3318 2788 3589 2856; x_wconf 33' lang='lat' dir='ltr'><strong>in‘patella</strong></span> <span class='ocrx_word' id='word_1_671' title='bbox 3614 2790 3689 2839; x_wconf 86' lang='lat' dir='ltr'><strong>al-</strong></span> 
     </span>
    </p>
   </div>
   <div class='ocr_carea' id='block_1_100' title="bbox 2128 2853 3690 2927">
    <p class='ocr_par' dir='ltr' id='par_1_100' title="bbox 2128 2853 3690 2927">
     <span class='ocr_line' id='line_1_101' title="bbox 2128 2853 3690 2927; baseline 0.001 -21"><span class='ocrx_word' id='word_1_672' title='bbox 2128 2855 2283 2927; x_wconf 78' lang='lat' dir='ltr'><strong>ternis</strong></span> <span class='ocrx_word' id='word_1_673' title='bbox 2342 2853 2621 2927; x_wconf 70' lang='lat' dir='ltr'><strong>detrullare</strong></span> <span class='ocrx_word' id='word_1_674' title='bbox 2660 2857 2910 2927; x_wconf 80' lang='lat' dir='ltr'><strong>convenit.</strong></span> <span class='ocrx_word' id='word_1_675' title='bbox 2942 2856 3119 2927; x_wconf 64' lang='lat' dir='ltr'><strong>Trulla</strong></span> <span class='ocrx_word' id='word_1_676' title='bbox 3152 2853 3408 2927; x_wconf 82' lang='lat' dir='ltr'><strong>excavata</strong></span> <span class='ocrx_word' id='word_1_677' title='bbox 3428 2873 3547 2911; x_wconf 90' lang='lat' dir='ltr'><strong>cum</strong></span> <span class='ocrx_word' id='word_1_678' title='bbox 3580 2872 3690 2927; x_wconf 85' lang='lat' dir='ltr'><strong>ma-</strong></span> 
     </span>
    </p>
   </div>
   <div class='ocr_carea' id='block_1_101' title="bbox 2125 2923 3689 2995">
    <p class='ocr_par' dir='ltr' id='par_1_101' title="bbox 2125 2923 3689 2995">
     <span class='ocr_line' id='line_1_102' title="bbox 2125 2923 3689 2995; baseline 0.001 -19"><span class='ocrx_word' id='word_1_679' title='bbox 2125 2924 2318 2977; x_wconf 87' lang='lat' dir='ltr'><strong>nubrio</strong></span> <span class='ocrx_word' id='word_1_680' title='bbox 2338 2937 2522 2995; x_wconf 79' lang='lat' dir='ltr'><strong>aureo.</strong></span> <span class='ocrx_word' id='word_1_681' title='bbox 2552 2923 2686 2978; x_wconf 89' lang='lat' dir='ltr'><strong>Hinc</strong></span> <span class='ocrx_word' id='word_1_682' title='bbox 2715 2926 2909 2995; x_wconf 87' lang='lat' dir='ltr'><strong>trullus</strong></span> <span class='ocrx_word' id='word_1_683' title='bbox 2933 2924 3038 2980; x_wconf 86' lang='lat' dir='ltr'><strong>dici</strong></span> <span class='ocrx_word' id='word_1_684' title='bbox 3084 2928 3252 2995; x_wconf 92' lang='lat' dir='ltr'><strong>potuit</strong></span> <span class='ocrx_word' id='word_1_685' title='bbox 3281 2926 3569 2982; x_wconf 35' lang='lat' dir='ltr'><strong>fornix&#39;seu</strong></span> <span class='ocrx_word' id='word_1_686' title='bbox 3594 2923 3689 2979; x_wconf 66' lang='lat' dir='ltr'><strong>&#39;ca-</strong></span> 
     </span>
    </p>
   </div>
   <div class='ocr_carea' id='block_1_102' title="bbox 2124 2993 3689 3063">
    <p class='ocr_par' dir='ltr' id='par_1_102' title="bbox 2124 2993 3689 3063">
     <span class='ocr_line' id='line_1_103' title="bbox 2124 2993 3689 3063; baseline 0.003 -17"><span class='ocrx_word' id='word_1_687' title='bbox 2124 3007 2267 3063; x_wconf 73' lang='lat' dir='ltr'><strong>mera</strong></span> <span class='ocrx_word' id='word_1_688' title='bbox 2317 2993 2578 3059; x_wconf 65' lang='lat' dir='ltr'><strong>ecclesiae,</strong></span> <span class='ocrx_word' id='word_1_689' title='bbox 2637 2994 2761 3063; x_wconf 89' lang='lat' dir='ltr'><strong>quia</strong></span> <span class='ocrx_word' id='word_1_690' title='bbox 2785 3004 2904 3049; x_wconf 86' lang='lat' dir='ltr'><strong>erat</strong></span> <span class='ocrx_word' id='word_1_691' title='bbox 2933 2995 2986 3049; x_wconf 87' lang='lat' dir='ltr'><strong>in</strong></span> <span class='ocrx_word' id='word_1_692' title='bbox 3015 2993 3229 3051; x_wconf 81' lang='lat' dir='ltr'><strong>modum</strong></span> <span class='ocrx_word' id='word_1_693' title='bbox 3262 2998 3455 3061; x_wconf 60' lang='lat' dir='ltr'><strong>trullas,</strong></span> <span class='ocrx_word' id='word_1_694' title='bbox 3487 3005 3541 3050; x_wconf 91' lang='lat' dir='ltr'><strong>et</strong></span> <span class='ocrx_word' id='word_1_695' title='bbox 3566 2996 3689 3051; x_wconf 86' lang='lat' dir='ltr'><strong>inde</strong></span> 
     </span>
    </p>
   </div>
   <div class='ocr_carea' id='block_1_103' title="bbox 2124 3054 3684 3136">
    <p class='ocr_par' dir='ltr' id='par_1_103' title="bbox 2124 3054 3684 3136">
     <span class='ocr_line' id='line_1_104' title="bbox 2124 3054 3684 3136; baseline 0.003 -20"><span class='ocrx_word' id='word_1_696' title='bbox 2124 3054 2310 3136; x_wconf 81' lang='lat' dir='ltr'><strong>t_rullus</strong></span> <span class='ocrx_word' id='word_1_697' title='bbox 2361 3054 2575 3136; x_wconf 11' lang='lat' dir='ltr'><strong>nomen,&quot;</strong></span> <span class='ocrx_word' id='word_1_698' title='bbox 2607 3054 2784 3132; x_wconf 77' lang='lat' dir='ltr'><strong>palatii</strong></span> <span class='ocrx_word' id='word_1_699' title='bbox 2835 3066 3175 3135; x_wconf 83' lang='lat' dir='ltr'><strong>imperatoris</strong></span> <span class='ocrx_word' id='word_1_700' title='bbox 3204 3054 3684 3136; x_wconf 80' lang='lat' dir='ltr'><strong>Constantinopoli.</strong></span> 
     </span>
    </p>
   </div>
   <div class='ocr_carea' id='block_1_104' title="bbox 2123 3132 3689 3205">
    <p class='ocr_par' dir='ltr' id='par_1_104' title="bbox 2123 3132 3689 3205">
     <span class='ocr_line' id='line_1_105' title="bbox 2123 3132 3689 3205; baseline 0.003 -18"><span class='ocrx_word' id='word_1_701' title='bbox 2123 3132 2342 3187; x_wconf 82' lang='lat' dir='ltr'><strong>Tectum</strong></span> <span class='ocrx_word' id='word_1_702' title='bbox 2374 3132 2635 3205; x_wconf 68' lang='lat' dir='ltr'><strong>ecclesiae,</strong></span> <span class='ocrx_word' id='word_1_703' title='bbox 2666 3150 2696 3189; x_wconf 90' lang='lat' dir='ltr'><strong>e</strong></span> <span class='ocrx_word' id='word_1_704' title='bbox 2723 3132 2945 3201; x_wconf 82' lang='lat' dir='ltr'><strong>chartis,</strong></span> <span class='ocrx_word' id='word_1_705' title='bbox 2976 3136 3028 3189; x_wconf 90' lang='lat' dir='ltr'><strong>id</strong></span> <span class='ocrx_word' id='word_1_706' title='bbox 3058 3145 3162 3198; x_wconf 87' lang='lat' dir='ltr'><strong>est,</strong></span> <span class='ocrx_word' id='word_1_707' title='bbox 3190 3138 3385 3192; x_wconf 86' lang='lat' dir='ltr'><strong>tabulis</strong></span> <span class='ocrx_word' id='word_1_708' title='bbox 3401 3132 3689 3205; x_wconf 81' lang='lat' dir='ltr'><strong>plumbeis.</strong></span> 
     </span>
    </p>
   </div>
   <div class='ocr_carea' id='block_1_105' title="bbox 2124 3203 3686 3273">
    <p class='ocr_par' dir='ltr' id='par_1_105' title="bbox 2124 3203 3686 3273">
     <span class='ocr_line' id='line_1_106' title="bbox 2124 3203 3686 3273; baseline 0.003 -17"><span class='ocrx_word' id='word_1_709' title='bbox 2124 3207 2397 3273; x_wconf 68' lang='lat' dir='ltr'><strong>Anastas.,</strong></span> <span class='ocrx_word' id='word_1_710' title='bbox 2459 3204 2510 3256; x_wconf 92' lang='lat' dir='ltr'><strong>in</strong></span> <span class='ocrx_word' id='word_1_711' title='bbox 2555 3203 2778 3273; x_wconf 85' lang='lat' dir='ltr'><strong>Gregor.</strong></span> <span class='ocrx_word' id='word_1_712' title='bbox 2836 3205 2944 3259; x_wconf 85' lang='lat' dir='ltr'><strong>Ill:</strong></span> <span class='ocrx_word' id='word_1_713' title='bbox 2987 3205 3123 3259; x_wconf 88' lang='lat' dir='ltr'><strong>Item</strong></span> <span class='ocrx_word' id='word_1_714' title='bbox 3165 3209 3218 3261; x_wconf 86' lang='lat' dir='ltr'><strong>in</strong></span> <span class='ocrx_word' id='word_1_715' title='bbox 3243 3203 3468 3265; x_wconf 77' lang='lat' dir='ltr'><strong>Basilica</strong></span> <span class='ocrx_word' id='word_1_716' title='bbox 3497 3217 3686 3260; x_wconf 81' lang='lat' dir='ltr'><strong>sancta:</strong></span> 
     </span>
    </p>
   </div>
   <div class='ocr_carea' id='block_1_106' title="bbox 2124 3271 3687 3342">
    <p class='ocr_par' dir='ltr' id='par_1_106' title="bbox 2124 3271 3687 3342">
     <span class='ocr_line' id='line_1_107' title="bbox 2124 3271 3687 3342; baseline 0.001 -16"><span class='ocrx_word' id='word_1_717' title='bbox 2124 3271 2219 3326; x_wconf 87' lang='lat' dir='ltr'><strong>Dei</strong></span> <span class='ocrx_word' id='word_1_718' title='bbox 2244 3271 2533 3337; x_wconf 75' lang='lat' dir='ltr'><strong>Grnitricis,</strong></span> <span class='ocrx_word' id='word_1_719' title='bbox 2563 3271 2684 3341; x_wconf 45' lang='lat' dir='ltr'><strong>qute&#39;</strong></span> <span class='ocrx_word' id='word_1_720' title='bbox 2704 3291 2771 3328; x_wconf 77' lang='grc'><strong>1111</strong></span> <span class='ocrx_word' id='word_1_721' title='bbox 2800 3290 3073 3331; x_wconf 65' lang='grc' dir='ltr'><strong>11111⁸1111εε</strong></span> <span class='ocrx_word' id='word_1_722' title='bbox 3097 3278 3301 3342; x_wconf 82' lang='lat' dir='ltr'><strong>dicitur,</strong></span> <span class='ocrx_word' id='word_1_723' title='bbox 3333 3286 3519 3331; x_wconf 89' lang='lat' dir='ltr'><strong>tectum</strong></span> <span class='ocrx_word' id='word_1_724' title='bbox 3546 3288 3687 3330; x_wconf 85' lang='lat' dir='ltr'><strong>vetu-</strong></span> 
     </span>
    </p>
   </div>
   <div class='ocr_carea' id='block_1_107' title="bbox 2123 3342 3691 3417">
    <p class='ocr_par' dir='ltr' id='par_1_107' title="bbox 2123 3342 3691 3417">
     <span class='ocr_line' id='line_1_108' title="bbox 2123 3342 3691 3417; baseline 0.001 -21"><span class='ocrx_word' id='word_1_725' title='bbox 2123 3352 2200 3396; x_wconf 85' lang='lat' dir='ltr'><strong>sta</strong></span> <span class='ocrx_word' id='word_1_726' title='bbox 2254 3342 2820 3417; x_wconf 63' lang='lat' dir='ltr'><strong>incuriaaentolitum,</strong></span> <span class='ocrx_word' id='word_1_727' title='bbox 2875 3347 3089 3417; x_wconf 86' lang='lat' dir='ltr'><strong>purgari</strong></span> <span class='ocrx_word' id='word_1_728' title='bbox 3136 3347 3254 3417; x_wconf 82' lang='lat' dir='ltr'><strong>fecit</strong></span> <span class='ocrx_word' id='word_1_729' title='bbox 3294 3348 3361 3399; x_wconf 89' lang='lat' dir='ltr'><strong>ad</strong></span> <span class='ocrx_word' id='word_1_730' title='bbox 3409 3364 3611 3414; x_wconf 85' lang='lat' dir='ltr'><strong>purum,</strong></span> <span class='ocrx_word' id='word_1_731' title='bbox 3644 3357 3691 3399; x_wconf 88' lang='lat' dir='ltr'><strong>ct</strong></span> 
     </span>
    </p>
   </div>
   <div class='ocr_carea' id='block_1_108' title="bbox 2124 3413 3692 3488">
    <p class='ocr_par' dir='ltr' id='par_1_108' title="bbox 2124 3413 3692 3488">
     <span class='ocr_line' id='line_1_109' title="bbox 2124 3413 3692 3488; baseline 0.003 -24"><span class='ocrx_word' id='word_1_732' title='bbox 2124 3428 2239 3465; x_wconf 82' lang='lat' dir='ltr'><strong>cum</strong></span> <span class='ocrx_word' id='word_1_733' title='bbox 2267 3416 2405 3488; x_wconf 80' lang='lat' dir='ltr'><strong>calce</strong></span> <span class='ocrx_word' id='word_1_734' title='bbox 2431 3413 2993 3488; x_wconf 54' lang='lat' dir='ltr'><strong>abundantissima&#39;seu&#39;</strong></span> <span class='ocrx_word' id='word_1_735' title='bbox 3014 3413 3199 3471; x_wconf 79' lang='lat' dir='ltr'><strong>chartis</strong></span> <span class='ocrx_word' id='word_1_736' title='bbox 3227 3413 3476 3488; x_wconf 83' lang='lat' dir='ltr'><strong>plumbeis</strong></span> <span class='ocrx_word' id='word_1_737' title='bbox 3498 3433 3530 3470; x_wconf 87' lang='lat' dir='ltr'><strong>a</strong></span> <span class='ocrx_word' id='word_1_738' title='bbox 3566 3432 3692 3470; x_wconf 88' lang='lat' dir='ltr'><strong>novo</strong></span> 
     </span>
    </p>
   </div>
   <div class='ocr_carea' id='block_1_109' title="bbox 2126 3485 2816 3539">
    <p class='ocr_par' dir='ltr' id='par_1_109' title="bbox 2126 3485 2816 3539">
     <span class='ocr_line' id='line_1_110' title="bbox 2126 3485 2816 3539; baseline 0.006 -4"><span class='ocrx_word' id='word_1_739' title='bbox 2126 3486 2443 3539; x_wconf 77' lang='lat' dir='ltr'><strong>restauravit.</strong></span> <span class='ocrx_word' id='word_1_740' title='bbox 2473 3485 2816 3539; x_wconf 63' lang='lat' dir='ltr'><strong>Amasenus.</strong></span> 
     </span>
    </p>
   </div>
   <div class='ocr_carea' id='block_1_110' title="bbox 2204 3553 3689 3612">
    <p class='ocr_par' dir='ltr' id='par_1_110' title="bbox 2204 3553 3689 3612">
     <span class='ocr_line' id='line_1_111' title="bbox 2204 3553 3689 3612; baseline 0.002 -7"><span class='ocrx_word' id='word_1_741' title='bbox 2204 3565 2225 3591; x_wconf 77' lang='grc' dir='ltr'><strong><em>ο</em></strong></span> <span class='ocrx_word' id='word_1_742' title='bbox 2252 3553 2523 3607; x_wconf 73' lang='lat' dir='ltr'><strong>Basilicam</strong></span> <span class='ocrx_word' id='word_1_743' title='bbox 2543 3566 2731 3608; x_wconf 67' lang='lat' dir='ltr'><strong>sancta:</strong></span> <span class='ocrx_word' id='word_1_744' title='bbox 2756 3557 2933 3610; x_wconf 71' lang='lat' dir='ltr'><strong>Aurea:</strong></span> <span class='ocrx_word' id='word_1_745' title='bbox 2961 3557 3011 3609; x_wconf 87' lang='lat' dir='ltr'><strong>in</strong></span> <span class='ocrx_word' id='word_1_746' title='bbox 3041 3558 3200 3611; x_wconf 88' lang='lat' dir='ltr'><strong>ostiis.</strong></span> <span class='ocrx_word' id='word_1_747' title='bbox 3228 3556 3351 3612; x_wconf 66' lang='lat' dir='ltr'><strong>Haec</strong></span> <span class='ocrx_word' id='word_1_748' title='bbox 3366 3566 3447 3611; x_wconf 90' lang='lat' dir='ltr'><strong>est</strong></span> <span class='ocrx_word' id='word_1_749' title='bbox 3470 3555 3689 3609; x_wconf 84' lang='lat' dir='ltr'><strong>basilica</strong></span> 
     </span>
    </p>
   </div>
   <div class='ocr_carea' id='block_1_111' title="bbox 2130 3626 3688 3696">
    <p class='ocr_par' dir='ltr' id='par_1_111' title="bbox 2130 3626 3688 3696">
     <span class='ocr_line' id='line_1_112' title="bbox 2130 3626 3688 3696; baseline 0.002 -21"><span class='ocrx_word' id='word_1_750' title='bbox 2130 3630 2328 3696; x_wconf 66' lang='lat' dir='ltr'><strong>sancta:</strong></span> <span class='ocrx_word' id='word_1_751' title='bbox 2354 3626 2546 3696; x_wconf 64' lang='lat' dir='ltr'><strong>Aurea:</strong></span> <span class='ocrx_word' id='word_1_752' title='bbox 2578 3626 2799 3696; x_wconf 76' lang='lat' dir='ltr'><strong>virginis</strong></span> <span class='ocrx_word' id='word_1_753' title='bbox 2828 3636 2883 3680; x_wconf 91' lang='lat' dir='ltr'><strong>et</strong></span> <span class='ocrx_word' id='word_1_754' title='bbox 2924 3629 3172 3696; x_wconf 77' lang='lat' dir='ltr'><strong>martyris</strong></span> <span class='ocrx_word' id='word_1_755' title='bbox 3202 3628 3253 3679; x_wconf 93' lang='grc'><strong>111</strong></span> <span class='ocrx_word' id='word_1_756' title='bbox 3282 3630 3431 3680; x_wconf 90' lang='lat' dir='ltr'><strong>ostiis</strong></span> <span class='ocrx_word' id='word_1_757' title='bbox 3460 3626 3688 3680; x_wconf 85' lang='lat' dir='ltr'><strong>Tiberis.</strong></span> 
     </span>
    </p>
   </div>
   <div class='ocr_carea' id='block_1_112' title="bbox 2135 3692 3693 3765">
    <p class='ocr_par' dir='ltr' id='par_1_112' title="bbox 2135 3692 3693 3765">
     <span class='ocr_line' id='line_1_113' title="bbox 2135 3692 3693 3765; baseline 0.001 -20"><span class='ocrx_word' id='word_1_758' title='bbox 2135 3692 2401 3765; x_wconf 78' lang='lat' dir='ltr'><strong>Martyrol.</strong></span> <span class='ocrx_word' id='word_1_759' title='bbox 2455 3693 2543 3759; x_wconf 62' lang='grc' dir='ltr'><strong>εὶ,</strong></span> <span class='ocrx_word' id='word_1_760' title='bbox 2572 3693 2644 3747; x_wconf 64' lang='grc'>24</span> <span class='ocrx_word' id='word_1_761' title='bbox 2667 3692 2893 3765; x_wconf 71' lang='lat' dir='ltr'><strong>August.</strong></span> <span class='ocrx_word' id='word_1_762' title='bbox 2923 3713 2935 3748; x_wconf 91' lang='lat'>:</span> <span class='ocrx_word' id='word_1_763' title='bbox 2969 3692 3120 3763; x_wconf 78' lang='lat' dir='ltr'><strong>Apud</strong></span> <span class='ocrx_word' id='word_1_764' title='bbox 3144 3696 3286 3750; x_wconf 80' lang='lat' dir='ltr'><strong>Ostia</strong></span> <span class='ocrx_word' id='word_1_765' title='bbox 3314 3696 3549 3749; x_wconf 72' lang='lat' dir='ltr'><strong>Tiberina</strong></span> <span class='ocrx_word' id='word_1_766' title='bbox 3573 3712 3693 3749; x_wconf 69' lang='lat' dir='ltr'><strong>san.</strong></span> 
     </span>
    </p>
   </div>
   <div class='ocr_carea' id='block_1_113' title="bbox 2138 3764 3692 3835">
    <p class='ocr_par' dir='ltr' id='par_1_113' title="bbox 2138 3764 3692 3835">
     <span class='ocr_line' id='line_1_114' title="bbox 2138 3764 3692 3835; baseline 0.003 -21"><span class='ocrx_word' id='word_1_767' title='bbox 2138 3771 2232 3815; x_wconf 78' lang='lat' dir='ltr'><strong>cta:</strong></span> <span class='ocrx_word' id='word_1_768' title='bbox 2252 3764 2433 3835; x_wconf 72' lang='lat' dir='ltr'><strong>Aurem</strong></span> <span class='ocrx_word' id='word_1_769' title='bbox 2449 3765 2650 3833; x_wconf 87' lang='lat' dir='ltr'><strong>virginis</strong></span> <span class='ocrx_word' id='word_1_770' title='bbox 2667 3774 2713 3821; x_wconf 87' lang='lat' dir='ltr'><strong>et</strong></span> <span class='ocrx_word' id='word_1_771' title='bbox 2730 3764 2980 3835; x_wconf 72' lang='lat' dir='ltr'><strong>martyris.</strong></span> <span class='ocrx_word' id='word_1_772' title='bbox 3005 3768 3133 3821; x_wconf 87' lang='lat' dir='ltr'><strong>llinc</strong></span> <span class='ocrx_word' id='word_1_773' title='bbox 3159 3766 3523 3821; x_wconf 86' lang='lat' dir='ltr'><strong>etnendandus</strong></span> <span class='ocrx_word' id='word_1_774' title='bbox 3546 3768 3692 3820; x_wconf 89' lang='lat' dir='ltr'><strong>locus</strong></span> 
     </span>
    </p>
   </div>
   <div class='ocr_carea' id='block_1_114' title="bbox 2138 3834 3691 3892">
    <p class='ocr_par' dir='ltr' id='par_1_114' title="bbox 2138 3834 3691 3892">
     <span class='ocr_line' id='line_1_115' title="bbox 2138 3834 3691 3892; baseline 0.001 -7"><span class='ocrx_word' id='word_1_775' title='bbox 2138 3834 2426 3888; x_wconf 90' lang='lat' dir='ltr'><strong>mendosus</strong></span> <span class='ocrx_word' id='word_1_776' title='bbox 2466 3838 2708 3890; x_wconf 80' lang='lat' dir='ltr'><strong>Anastas.</strong></span> <span class='ocrx_word' id='word_1_777' title='bbox 2763 3835 2815 3889; x_wconf 83' lang='lat' dir='ltr'><strong>in</strong></span> <span class='ocrx_word' id='word_1_778' title='bbox 2848 3838 3024 3889; x_wconf 86' lang='lat' dir='ltr'><strong>Leone</strong></span> <span class='ocrx_word' id='word_1_779' title='bbox 3053 3837 3115 3891; x_wconf 94' lang='lat' dir='ltr'><strong>lll</strong></span> <span class='ocrx_word' id='word_1_780' title='bbox 3159 3855 3169 3890; x_wconf 90' lang='lat'>:</span> <span class='ocrx_word' id='word_1_781' title='bbox 3225 3836 3378 3892; x_wconf 77' lang='lat' dir='ltr'><strong>Suria</strong></span> <span class='ocrx_word' id='word_1_782' title='bbox 3419 3845 3547 3889; x_wconf 87' lang='lat' dir='ltr'><strong>tecta</strong></span> <span class='ocrx_word' id='word_1_783' title='bbox 3580 3852 3691 3888; x_wconf 72' lang='lat' dir='ltr'><strong>vero</strong></span> 
     </span>
    </p>
   </div>
   <div class='ocr_carea' id='block_1_115' title="bbox 2136 3902 3693 4029">
    <p class='ocr_par' dir='ltr' id='par_1_115' title="bbox 2136 3902 3693 4029">
     <span class='ocr_line' id='line_1_116' title="bbox 2136 3902 3693 4029; baseline 0.002 -75"><span class='ocrx_word' id='word_1_784' title='bbox 2136 3902 2358 3957; x_wconf 80' lang='lat' dir='ltr'><strong>ecclesia:</strong></span> <span class='ocrx_word' id='word_1_785' title='bbox 2385 3905 2538 3958; x_wconf 68' lang='lat' dir='ltr'><strong>beatae</strong></span> <span class='ocrx_word' id='word_1_786' title='bbox 2563 3903 2889 4029; x_wconf 54' lang='grc' dir='ltr'><strong>1111111112βίἳέ</strong></span> <span class='ocrx_word' id='word_1_787' title='bbox 2915 3907 3025 3960; x_wconf 80' lang='lat' dir='ltr'><strong>sita:</strong></span> <span class='ocrx_word' id='word_1_788' title='bbox 3052 3908 3101 3961; x_wconf 88' lang='lat' dir='ltr'><strong>in</strong></span> <span class='ocrx_word' id='word_1_789' title='bbox 3132 3910 3287 3973; x_wconf 83' lang='lat' dir='ltr'><strong>ostia,</strong></span> <span class='ocrx_word' id='word_1_790' title='bbox 3308 3908 3477 3960; x_wconf 89' lang='lat' dir='ltr'><strong>omnia</strong></span> <span class='ocrx_word' id='word_1_791' title='bbox 3502 3908 3693 3959; x_wconf 85' lang='lat' dir='ltr'><strong>naviter</strong></span> 
     </span>
     <span class='ocr_line' id='line_1_117' title="bbox 2136 3974 3693 4029; baseline 0.002 -5"><span class='ocrx_word' id='word_1_792' title='bbox 2136 3975 2404 4029; x_wconf 76' lang='lat' dir='ltr'><strong>reparavit.</strong></span> <span class='ocrx_word' id='word_1_793' title='bbox 2438 3974 2575 4029; x_wconf 79' lang='lat' dir='ltr'><strong>Lette</strong></span> <span class='ocrx_word' id='word_1_794' title='bbox 2604 3980 2802 4029; x_wconf 70' lang='lat' dir='ltr'><strong>Aurem.</strong></span> <span class='ocrx_word' id='word_1_795' title='bbox 2895 3991 2994 4029; x_wconf 89' lang='lat' dir='ltr'><strong>auc</strong></span> <span class='ocrx_word' id='word_1_796' title='bbox 3036 3978 3456 4029; x_wconf 74' lang='lat' dir='ltr'><strong>emendationem</strong></span> <span class='ocrx_word' id='word_1_797' title='bbox 3520 3986 3693 4028; x_wconf 82' lang='lat' dir='ltr'><strong>tuetur</strong></span> 
     </span>
    </p>
   </div>
   <div class='ocr_carea' id='block_1_116' title="bbox 2135 3974 3694 4044">
    <p class='ocr_par' dir='ltr' id='par_1_116' title="bbox 2135 3974 3694 4044">
     <span class='ocr_line' id='line_1_118' title="bbox 2135 3974 3694 4044; baseline 0.002 -20"><span class='ocrx_word' id='word_1_798' title='bbox 2135 3975 2404 4044; x_wconf 77' lang='lat' dir='ltr'><strong>reparavit.</strong></span> <span class='ocrx_word' id='word_1_799' title='bbox 2438 3974 2575 4044; x_wconf 87' lang='lat' dir='ltr'><strong>Lege</strong></span> <span class='ocrx_word' id='word_1_800' title='bbox 2604 3974 2802 4030; x_wconf 69' lang='lat' dir='ltr'><strong>Aurem.</strong></span> <span class='ocrx_word' id='word_1_801' title='bbox 2848 3974 2994 4031; x_wconf 83' lang='lat' dir='ltr'><strong>Hauc</strong></span> <span class='ocrx_word' id='word_1_802' title='bbox 3036 3978 3456 4032; x_wconf 78' lang='lat' dir='ltr'><strong>emendationem</strong></span> <span class='ocrx_word' id='word_1_803' title='bbox 3520 3986 3694 4028; x_wconf 80' lang='lat' dir='ltr'><strong>tuetur</strong></span> 
     </span>
    </p>
   </div>
   <div class='ocr_carea' id='block_1_117' title="bbox 2135 4040 3692 4113">
    <p class='ocr_par' dir='ltr' id='par_1_117' title="bbox 2135 4040 3692 4113">
     <span class='ocr_line' id='line_1_119' title="bbox 2135 4040 3692 4113; baseline 0.003 -21"><span class='ocrx_word' id='word_1_804' title='bbox 2135 4040 2242 4113; x_wconf 82' lang='lat' dir='ltr'><strong>Leo</strong></span> <span class='ocrx_word' id='word_1_805' title='bbox 2273 4044 2356 4113; x_wconf 90' lang='lat' dir='ltr'><strong>I_V,</strong></span> <span class='ocrx_word' id='word_1_806' title='bbox 2388 4046 2438 4095; x_wconf 89' lang='lat' dir='ltr'><strong>in</strong></span> <span class='ocrx_word' id='word_1_807' title='bbox 2465 4040 2582 4113; x_wconf 56' lang='lat' dir='ltr'><strong>ca&#39;n.</strong></span> <span class='ocrx_word' id='word_1_808' title='bbox 2616 4044 2784 4109; x_wconf 85' lang='lat' dir='ltr'><strong>Igitur</strong></span> <span class='ocrx_word' id='word_1_809' title='bbox 2803 4046 2891 4113; x_wconf 68' lang='lat'><strong>23,</strong></span> <span class='ocrx_word' id='word_1_810' title='bbox 2919 4062 2971 4110; x_wconf 91' lang='lat' dir='ltr'><strong>q.</strong></span> <span class='ocrx_word' id='word_1_811' title='bbox 2997 4047 3030 4097; x_wconf 90' lang='lat'>8</span> <span class='ocrx_word' id='word_1_812' title='bbox 3064 4064 3075 4096; x_wconf 92' lang='lat'><strong>:</strong></span> <span class='ocrx_word' id='word_1_813' title='bbox 3108 4048 3347 4098; x_wconf 84' lang='lat' dir='ltr'><strong>Summus</strong></span> <span class='ocrx_word' id='word_1_814' title='bbox 3378 4053 3539 4096; x_wconf 88' lang='lat' dir='ltr'><strong>autem</strong></span> <span class='ocrx_word' id='word_1_815' title='bbox 3562 4061 3692 4113; x_wconf 78' lang='lat' dir='ltr'><strong>prte-</strong></span> 
     </span>
    </p>
   </div>
   <div class='ocr_carea' id='block_1_118' title="bbox 2132 4110 3691 4168">
    <p class='ocr_par' dir='ltr' id='par_1_118' title="bbox 2132 4110 3691 4168">
     <span class='ocr_line' id='line_1_120' title="bbox 2132 4110 3691 4168; baseline 0.004 -7"><span class='ocrx_word' id='word_1_816' title='bbox 2132 4111 2213 4161; x_wconf 85' lang='lat' dir='ltr'><strong>sul</strong></span> <span class='ocrx_word' id='word_1_817' title='bbox 2240 4111 2443 4161; x_wconf 84' lang='lat' dir='ltr'><strong>missam</strong></span> <span class='ocrx_word' id='word_1_818' title='bbox 2482 4111 2533 4162; x_wconf 90' lang='lat' dir='ltr'><strong>in</strong></span> <span class='ocrx_word' id='word_1_819' title='bbox 2560 4114 2765 4161; x_wconf 83' lang='lat' dir='ltr'><strong>ecclesia</strong></span> <span class='ocrx_word' id='word_1_820' title='bbox 2796 4110 2953 4162; x_wconf 75' lang='lat' dir='ltr'><strong>beata:</strong></span> <span class='ocrx_word' id='word_1_821' title='bbox 2980 4113 3159 4166; x_wconf 78' lang='lat' dir='ltr'><strong>Aurea:</strong></span> <span class='ocrx_word' id='word_1_822' title='bbox 3190 4114 3475 4167; x_wconf 79' lang='lat' dir='ltr'><strong>celebravit.</strong></span> <span class='ocrx_word' id='word_1_823' title='bbox 3504 4110 3691 4168; x_wconf 63' lang='lat' dir='ltr'><strong>Aureae</strong></span> 
     </span>
    </p>
   </div>
   <div class='ocr_carea' id='block_1_119' title="bbox 2136 4168 3767 4250">
    <p class='ocr_par' dir='ltr' id='par_1_119' title="bbox 2136 4168 3767 4250">
     <span class='ocr_line' id='line_1_121' title="bbox 2136 4168 3767 4250; baseline 0.004 -21"><span class='ocrx_word' id='word_1_824' title='bbox 2136 4194 2327 4233; x_wconf 91' lang='lat' dir='ltr'><strong>nomen</strong></span> <span class='ocrx_word' id='word_1_825' title='bbox 2355 4178 2607 4250; x_wconf 84' lang='lat' dir='ltr'><strong>tributum</strong></span> <span class='ocrx_word' id='word_1_826' title='bbox 2642 4178 2941 4250; x_wconf 70' lang='lat' dir='ltr'><strong>l’etronillaa</strong></span> <span class='ocrx_word' id='word_1_827' title='bbox 2972 4180 3109 4234; x_wconf 85' lang='lat' dir='ltr'><strong>Petri</strong></span> <span class='ocrx_word' id='word_1_828' title='bbox 3142 4185 3367 4250; x_wconf 76' lang='lat' dir='ltr'><strong>apostoli</strong></span> <span class='ocrx_word' id='word_1_829' title='bbox 3399 4184 3535 4236; x_wconf 67' lang='lat' dir='ltr'><strong>ﬁlim.</strong></span> <span class='ocrx_word' id='word_1_830' title='bbox 3565 4182 3692 4250; x_wconf 65' lang='lat' dir='ltr'><strong>Ejus</strong></span> <span class='ocrx_word' id='word_1_831' title='bbox 3760 4168 3767 4191; x_wconf 79' lang='grc'><em>’</em></span> 
     </span>
    </p>
   </div>
   <div class='ocr_carea' id='block_1_120' title="bbox 2134 4248 3692 4316">
    <p class='ocr_par' dir='ltr' id='par_1_120' title="bbox 2134 4248 3692 4316">
     <span class='ocr_line' id='line_1_122' title="bbox 2134 4248 3692 4316; baseline 0.002 -16"><span class='ocrx_word' id='word_1_832' title='bbox 2134 4257 2475 4302; x_wconf 89' lang='lat' dir='ltr'><strong>monumento</strong></span> <span class='ocrx_word' id='word_1_833' title='bbox 2502 4248 2834 4316; x_wconf 81' lang='lat' dir='ltr'><strong>inser-iptum,</strong></span> <span class='ocrx_word' id='word_1_834' title='bbox 2865 4248 3044 4302; x_wconf 81' lang='lat' dir='ltr'><strong>Aurea:</strong></span> <span class='ocrx_word' id='word_1_835' title='bbox 3079 4248 3391 4315; x_wconf 76' lang='lat' dir='ltr'><strong>Petronium,</strong></span> <span class='ocrx_word' id='word_1_836' title='bbox 3418 4253 3580 4306; x_wconf 83' lang='lat' dir='ltr'><strong>refert</strong></span> <span class='ocrx_word' id='word_1_837' title='bbox 3607 4248 3692 4308; x_wconf 76' lang='lat' dir='ltr'><strong>Si-</strong></span> 
     </span>
    </p>
   </div>
   <div class='ocr_carea' id='block_1_121' title="bbox 2132 4318 3509 4386">
    <p class='ocr_par' dir='ltr' id='par_1_121' title="bbox 2132 4318 3509 4386">
     <span class='ocr_line' id='line_1_123' title="bbox 2132 4318 3509 4386; baseline 0.001 -13"><span class='ocrx_word' id='word_1_838' title='bbox 2132 4320 2337 4386; x_wconf 81' lang='lat' dir='ltr'><strong>gebert.</strong></span> <span class='ocrx_word' id='word_1_839' title='bbox 2366 4322 2417 4371; x_wconf 89' lang='lat' dir='ltr'><strong>in</strong></span> <span class='ocrx_word' id='word_1_840' title='bbox 2444 4318 2716 4381; x_wconf 82' lang='lat' dir='ltr'><strong>Clironic.,</strong></span> <span class='ocrx_word' id='word_1_841' title='bbox 2753 4320 2817 4372; x_wconf 88' lang='lat' dir='ltr'><strong>ad</strong></span> <span class='ocrx_word' id='word_1_842' title='bbox 2848 4333 2975 4374; x_wconf 90' lang='lat' dir='ltr'><strong>ann.</strong></span> <span class='ocrx_word' id='word_1_843' title='bbox 3006 4319 3130 4374; x_wconf 83' lang='lat'><strong>758.</strong></span> <span class='ocrx_word' id='word_1_844' title='bbox 3166 4324 3509 4376; x_wconf 62' lang='lat' dir='ltr'><strong>Amasenus.</strong></span> 
     </span>
    </p>
   </div>
   <div class='ocr_carea' id='block_1_122' title="bbox 2205 4388 3691 4457">
    <p class='ocr_par' dir='ltr' id='par_1_122' title="bbox 2205 4388 3691 4457">
     <span class='ocr_line' id='line_1_124' title="bbox 2205 4388 3691 4457; baseline 0.002 -16"><span class='ocrx_word' id='word_1_845' title='bbox 2205 4388 2230 4425; x_wconf 78' lang='grc' dir='ltr'>ἀ</span> <span class='ocrx_word' id='word_1_846' title='bbox 2262 4389 2363 4442; x_wconf 83' lang='lat' dir='ltr'><strong>Hic</strong></span> <span class='ocrx_word' id='word_1_847' title='bbox 2407 4390 2581 4442; x_wconf 87' lang='lat' dir='ltr'><strong>statuit</strong></span> <span class='ocrx_word' id='word_1_848' title='bbox 2608 4398 2662 4441; x_wconf 86' lang='lat' dir='ltr'><strong>ut</strong></span> <span class='ocrx_word' id='word_1_849' title='bbox 2692 4399 2913 4456; x_wconf 85' lang='lat' dir='ltr'><strong>tempore</strong></span> <span class='ocrx_word' id='word_1_850' title='bbox 2934 4390 3294 4457; x_wconf 75' lang='lat' dir='ltr'><strong>confractionis</strong></span> <span class='ocrx_word' id='word_1_851' title='bbox 3318 4392 3557 4445; x_wconf 82' lang='lat' dir='ltr'><strong>dominici</strong></span> <span class='ocrx_word' id='word_1_852' title='bbox 3584 4409 3691 4446; x_wconf 84' lang='lat' dir='ltr'><strong>cor-</strong></span> 
     </span>
    </p>
   </div>
   <div class='ocr_carea' id='block_1_123' title="bbox 2133 4458 3691 4526">
    <p class='ocr_par' dir='ltr' id='par_1_123' title="bbox 2133 4458 3691 4526">
     <span class='ocr_line' id='line_1_125' title="bbox 2133 4458 3691 4526; baseline 0.003 -15"><span class='ocrx_word' id='word_1_853' title='bbox 2133 4462 2289 4526; x_wconf 86' lang='lat' dir='ltr'><strong>poris,</strong></span> <span class='ocrx_word' id='word_1_854' title='bbox 2324 4460 2497 4513; x_wconf 73' lang='lat' dir='ltr'><strong>Acnus</strong></span> <span class='ocrx_word' id='word_1_855' title='bbox 2524 4458 2641 4523; x_wconf 78' lang='lat' dir='ltr'><strong>DEI,</strong></span> <span class='ocrx_word' id='word_1_856' title='bbox 2660 4474 2745 4520; x_wconf 82' lang='lat' dir='ltr'><strong>QUI</strong></span> <span class='ocrx_word' id='word_1_857' title='bbox 2771 4475 2953 4513; x_wconf 73' lang='grc' dir='ltr'><strong>τοιιις</strong></span> <span class='ocrx_word' id='word_1_858' title='bbox 2978 4474 3212 4514; x_wconf 62' lang='lat' dir='ltr'><strong>recens</strong></span> <span class='ocrx_word' id='word_1_859' title='bbox 3231 4476 3410 4526; x_wconf 72' lang='lat' dir='ltr'><strong>unum,</strong></span> <span class='ocrx_word' id='word_1_860' title='bbox 3433 4477 3691 4516; x_wconf 73' lang='lat' dir='ltr'><strong>utsensun</strong></span> 
     </span>
    </p>
   </div>
   <div class='ocr_carea' id='block_1_124' title="bbox 2134 4528 3691 4599">
    <p class='ocr_par' dir='ltr' id='par_1_124' title="bbox 2134 4528 3691 4599">
     <span class='ocr_line' id='line_1_126' title="bbox 2134 4528 3691 4599; baseline 0.003 -19"><span class='ocrx_word' id='word_1_861' title='bbox 2134 4543 2300 4595; x_wconf 51' lang='lat' dir='ltr'><strong>nonas,</strong></span> <span class='ocrx_word' id='word_1_862' title='bbox 2332 4545 2362 4580; x_wconf 89' lang='lat' dir='ltr'><strong>a</strong></span> <span class='ocrx_word' id='word_1_863' title='bbox 2384 4528 2517 4581; x_wconf 75' lang='lat' dir='ltr'><strong>clero</strong></span> <span class='ocrx_word' id='word_1_864' title='bbox 2546 4538 2592 4582; x_wconf 90' lang='lat' dir='ltr'><strong>et</strong></span> <span class='ocrx_word' id='word_1_865' title='bbox 2621 4530 2811 4598; x_wconf 83' lang='lat' dir='ltr'><strong>papula</strong></span> <span class='ocrx_word' id='word_1_866' title='bbox 2832 4529 3198 4581; x_wconf 82' lang='lat' dir='ltr'><strong>decantarctttr.</strong></span> <span class='ocrx_word' id='word_1_867' title='bbox 3225 4531 3440 4599; x_wconf 85' lang='lat' dir='ltr'><strong>Sergius</strong></span> <span class='ocrx_word' id='word_1_868' title='bbox 3460 4534 3691 4598; x_wconf 76' lang='lat' dir='ltr'><strong>pontifex</strong></span> 
     </span>
    </p>
   </div>
   <div class='ocr_carea' id='block_1_125' title="bbox 2133 4598 3687 4671">
    <p class='ocr_par' dir='ltr' id='par_1_125' title="bbox 2133 4598 3687 4671">
     <span class='ocr_line' id='line_1_127' title="bbox 2133 4598 3687 4671; baseline 0.003 -22"><span class='ocrx_word' id='word_1_869' title='bbox 2133 4599 2199 4671; x_wconf 29' lang='lat' dir='ltr'><strong>a‘b</strong></span> <span class='ocrx_word' id='word_1_870' title='bbox 2224 4599 2502 4671; x_wconf 83' lang='lat' dir='ltr'><strong>Anastasio</strong></span> <span class='ocrx_word' id='word_1_871' title='bbox 2529 4598 2933 4671; x_wconf 28' lang='lat' dir='ltr'><strong>dicitur-auctor</strong></span> <span class='ocrx_word' id='word_1_872' title='bbox 2964 4600 3117 4667; x_wconf 87' lang='lat' dir='ltr'><strong>hujus</strong></span> <span class='ocrx_word' id='word_1_873' title='bbox 3150 4598 3407 4663; x_wconf 80' lang='lat' dir='ltr'><strong>instituti,</strong></span> <span class='ocrx_word' id='word_1_874' title='bbox 3430 4610 3485 4653; x_wconf 91' lang='lat' dir='ltr'><strong>ut</strong></span> <span class='ocrx_word' id='word_1_875' title='bbox 3513 4604 3687 4671; x_wconf 81' lang='lat' dir='ltr'><strong>Agnus</strong></span> 
     </span>
    </p>
   </div>
   <div class='ocr_carea' id='block_1_126' title="bbox 2136 4666 3689 4739">
    <p class='ocr_par' dir='ltr' id='par_1_126' title="bbox 2136 4666 3689 4739">
     <span class='ocr_line' id='line_1_128' title="bbox 2136 4666 3689 4739; baseline 0.004 -21"><span class='ocrx_word' id='word_1_876' title='bbox 2136 4666 2231 4720; x_wconf 87' lang='lat' dir='ltr'><strong>Dei</strong></span> <span class='ocrx_word' id='word_1_877' title='bbox 2254 4668 2563 4739; x_wconf 81' lang='lat' dir='ltr'><strong>decantetur</strong></span> <span class='ocrx_word' id='word_1_878' title='bbox 2588 4668 2641 4721; x_wconf 90' lang='lat' dir='ltr'><strong>in</strong></span> <span class='ocrx_word' id='word_1_879' title='bbox 2663 4666 3237 4723; x_wconf 26' lang='lat' dir='ltr'><strong>celebratiooe’missaa.</strong></span> <span class='ocrx_word' id='word_1_880' title='bbox 3264 4671 3432 4739; x_wconf 80' lang='lat' dir='ltr'><strong>llujus</strong></span> <span class='ocrx_word' id='word_1_881' title='bbox 3462 4666 3689 4725; x_wconf 70' lang='lat' dir='ltr'><strong>instituti</strong></span> 
     </span>
    </p>
   </div>
   <div class='ocr_carea' id='block_1_127' title="bbox 2135 4738 3690 4808">
    <p class='ocr_par' dir='ltr' id='par_1_127' title="bbox 2135 4738 3690 4808">
     <span class='ocr_line' id='line_1_129' title="bbox 2135 4738 3690 4808; baseline 0.002 -18"><span class='ocrx_word' id='word_1_882' title='bbox 2135 4739 2373 4791; x_wconf 86' lang='lat' dir='ltr'><strong>meminit</strong></span> <span class='ocrx_word' id='word_1_883' title='bbox 2420 4738 2694 4802; x_wconf 85' lang='lat' dir='ltr'><strong>Alcuinus,</strong></span> <span class='ocrx_word' id='word_1_884' title='bbox 2748 4739 2815 4794; x_wconf 89' lang='lat' dir='ltr'><strong>de</strong></span> <span class='ocrx_word' id='word_1_885' title='bbox 2859 4740 3025 4793; x_wconf 90' lang='lat' dir='ltr'><strong>divin.</strong></span> <span class='ocrx_word' id='word_1_886' title='bbox 3070 4740 3248 4805; x_wconf 85' lang='lat' dir='ltr'><strong>Ol&#39;tic.,</strong></span> <span class='ocrx_word' id='word_1_887' title='bbox 3304 4756 3423 4808; x_wconf 87' lang='lat' dir='ltr'><strong>cap.</strong></span> <span class='ocrx_word' id='word_1_888' title='bbox 3470 4741 3557 4795; x_wconf 80' lang='grc'><strong>40,</strong></span> <span class='ocrx_word' id='word_1_889' title='bbox 3590 4743 3690 4794; x_wconf 76' lang='lat' dir='ltr'><strong>Alii</strong></span> 
     </span>
    </p>
   </div>
   <div class='ocr_carea' id='block_1_128' title="bbox 2136 4808 3688 4879">
    <p class='ocr_par' dir='ltr' id='par_1_128' title="bbox 2136 4808 3688 4879">
     <span class='ocr_line' id='line_1_130' title="bbox 2136 4808 3688 4879; baseline 0.002 -20"><span class='ocrx_word' id='word_1_890' title='bbox 2136 4817 2309 4879; x_wconf 77' lang='lat' dir='ltr'><strong>tanien</strong></span> <span class='ocrx_word' id='word_1_891' title='bbox 2342 4808 2524 4862; x_wconf 91' lang='lat' dir='ltr'><strong>volunt</strong></span> <span class='ocrx_word' id='word_1_892' title='bbox 2553 4814 2651 4862; x_wconf 84' lang='lat' dir='ltr'><strong>hoc</strong></span> <span class='ocrx_word' id='word_1_893' title='bbox 2675 4811 2968 4863; x_wconf 83' lang='lat' dir='ltr'><strong>institutum</strong></span> <span class='ocrx_word' id='word_1_894' title='bbox 2992 4810 3041 4862; x_wconf 92' lang='lat' dir='ltr'><strong>in</strong></span> <span class='ocrx_word' id='word_1_895' title='bbox 3072 4812 3259 4863; x_wconf 88' lang='lat' dir='ltr'><strong>concil.</strong></span> <span class='ocrx_word' id='word_1_896' title='bbox 3291 4810 3529 4877; x_wconf 73' lang='lat' dir='ltr'><strong>Nicazno,</strong></span> <span class='ocrx_word' id='word_1_897' title='bbox 3549 4814 3688 4879; x_wconf 85' lang='lat' dir='ltr'><strong>quod</strong></span> 
     </span>
    </p>
   </div>
   <div class='ocr_carea' id='block_1_129' title="bbox 2134 4877 3693 4947">
    <p class='ocr_par' dir='ltr' id='par_1_129' title="bbox 2134 4877 3693 4947">
     <span class='ocr_line' id='line_1_131' title="bbox 2134 4877 3693 4947; baseline 0.003 -17"><span class='ocrx_word' id='word_1_898' title='bbox 2134 4877 2360 4945; x_wconf 81' lang='lat' dir='ltr'><strong>probant</strong></span> <span class='ocrx_word' id='word_1_899' title='bbox 2409 4893 2473 4947; x_wconf 81' lang='lat' dir='ltr'><strong>ex</strong></span> <span class='ocrx_word' id='word_1_900' title='bbox 2526 4880 2641 4947; x_wconf 91' lang='lat' dir='ltr'><strong>ipso</strong></span> <span class='ocrx_word' id='word_1_901' title='bbox 2676 4895 2828 4933; x_wconf 93' lang='lat' dir='ltr'><strong>conc.</strong></span> <span class='ocrx_word' id='word_1_902' title='bbox 2853 4879 3049 4932; x_wconf 64' lang='lat' dir='ltr'><strong>Nicaen.</strong></span> <span class='ocrx_word' id='word_1_903' title='bbox 3078 4880 3322 4933; x_wconf 83' lang='lat' dir='ltr'><strong>Arabico.</strong></span> <span class='ocrx_word' id='word_1_904' title='bbox 3375 4883 3526 4934; x_wconf 86' lang='lat' dir='ltr'><strong>Anno</strong></span> <span class='ocrx_word' id='word_1_905' title='bbox 3559 4877 3693 4934; x_wconf 75' lang='grc'><strong>1185</strong></span> 
     </span>
    </p>
   </div>
   <div class='ocr_carea' id='block_1_130' title="bbox 2135 4946 3688 5017">
    <p class='ocr_par' dir='ltr' id='par_1_130' title="bbox 2135 4946 3688 5017">
     <span class='ocr_line' id='line_1_132' title="bbox 2135 4946 3688 5017; baseline -0.001 -15"><span class='ocrx_word' id='word_1_906' title='bbox 2135 4947 2353 5002; x_wconf 75' lang='lat' dir='ltr'><strong>Mariam</strong></span> <span class='ocrx_word' id='word_1_907' title='bbox 2405 4946 2870 5017; x_wconf 77' lang='lat' dir='ltr'><strong>Virgineml’abro</strong></span> <span class='ocrx_word' id='word_1_908' title='bbox 2918 4949 3142 5016; x_wconf 89' lang='lat' dir='ltr'><strong>lignario</strong></span> <span class='ocrx_word' id='word_1_909' title='bbox 3172 4954 3505 5017; x_wconf 85' lang='lat' dir='ltr'><strong>apparuisse,</strong></span> <span class='ocrx_word' id='word_1_910' title='bbox 3537 4953 3688 5017; x_wconf 87' lang='lat' dir='ltr'><strong>eique</strong></span> 
     </span>
    </p>
   </div>
   <div class='ocr_carea' id='block_1_131' title="bbox 2134 5016 3689 5088">
    <p class='ocr_par' dir='ltr' id='par_1_131' title="bbox 2134 5016 3689 5088">
     <span class='ocr_line' id='line_1_133' title="bbox 2134 5016 3689 5088; baseline 0 -17"><span class='ocrx_word' id='word_1_911' title='bbox 2134 5018 2414 5072; x_wconf 84' lang='lat' dir='ltr'><strong>tradidisse</strong></span> <span class='ocrx_word' id='word_1_912' title='bbox 2438 5016 2663 5088; x_wconf 81' lang='lat' dir='ltr'><strong>sigillum</strong></span> <span class='ocrx_word' id='word_1_913' title='bbox 2692 5016 2920 5086; x_wconf 85' lang='lat' dir='ltr'><strong>imagine</strong></span> <span class='ocrx_word' id='word_1_914' title='bbox 2946 5034 3041 5071; x_wconf 90' lang='lat' dir='ltr'><strong>sua</strong></span> <span class='ocrx_word' id='word_1_915' title='bbox 3073 5029 3124 5072; x_wconf 87' lang='lat' dir='ltr'><strong>et</strong></span> <span class='ocrx_word' id='word_1_916' title='bbox 3144 5016 3340 5073; x_wconf 77' lang='lat' dir='ltr'><strong>Christi</strong></span> <span class='ocrx_word' id='word_1_917' title='bbox 3364 5022 3467 5073; x_wconf 89' lang='lat' dir='ltr'><strong>nati</strong></span> <span class='ocrx_word' id='word_1_918' title='bbox 3498 5016 3689 5088; x_wconf 72' lang='lat' dir='ltr'><strong>inscul-</strong></span> 
     </span>
    </p>
   </div>
   <div class='ocr_carea' id='block_1_132' title="bbox 2132 5087 3686 5158">
    <p class='ocr_par' dir='ltr' id='par_1_132' title="bbox 2132 5087 3686 5158">
     <span class='ocr_line' id='line_1_134' title="bbox 2132 5087 3686 5158; baseline -0.001 -18"><span class='ocrx_word' id='word_1_919' title='bbox 2132 5096 2275 5155; x_wconf 91' lang='lat' dir='ltr'><strong>ptum</strong></span> <span class='ocrx_word' id='word_1_920' title='bbox 2333 5089 2430 5139; x_wconf 87' lang='lat' dir='ltr'><strong>liac</strong></span> <span class='ocrx_word' id='word_1_921' title='bbox 2460 5087 2803 5156; x_wconf 85' lang='lat' dir='ltr'><strong>inscriptione</strong></span> <span class='ocrx_word' id='word_1_922' title='bbox 2832 5089 3298 5158; x_wconf 83' lang='lat' dir='ltr'><strong>circumsignatum</strong></span> <span class='ocrx_word' id='word_1_923' title='bbox 3330 5106 3342 5140; x_wconf 95' lang='lat'>:</span> <span class='ocrx_word' id='word_1_924' title='bbox 3372 5091 3542 5157; x_wconf 84' lang='lat' dir='ltr'><strong>Agnus</strong></span> <span class='ocrx_word' id='word_1_925' title='bbox 3573 5087 3686 5158; x_wconf 85' lang='lat' dir='ltr'><strong>Dei,</strong></span> 
     </span>
    </p>
   </div>
   <div class='ocr_carea' id='block_1_133' title="bbox 2125 5157 3689 5227">
    <p class='ocr_par' dir='ltr' id='par_1_133' title="bbox 2125 5157 3689 5227">
     <span class='ocr_line' id='line_1_135' title="bbox 2125 5157 3689 5227; baseline 0.001 -18"><span class='ocrx_word' id='word_1_926' title='bbox 2125 5159 2212 5224; x_wconf 86' lang='lat' dir='ltr'><strong>qui</strong></span> <span class='ocrx_word' id='word_1_927' title='bbox 2267 5158 2401 5210; x_wconf 76' lang='lat' dir='ltr'><strong>tollis</strong></span> <span class='ocrx_word' id='word_1_928' title='bbox 2449 5165 2650 5227; x_wconf 82' lang='lat' dir='ltr'><strong>peccata</strong></span> <span class='ocrx_word' id='word_1_929' title='bbox 2698 5158 2901 5223; x_wconf 83' lang='lat' dir='ltr'><strong>mundi,</strong></span> <span class='ocrx_word' id='word_1_930' title='bbox 2958 5157 3102 5210; x_wconf 82' lang='lat' dir='ltr'><strong>dona</strong></span> <span class='ocrx_word' id='word_1_931' title='bbox 3134 5161 3273 5211; x_wconf 85' lang='lat' dir='ltr'><strong>nobis</strong></span> <span class='ocrx_word' id='word_1_932' title='bbox 3299 5173 3493 5226; x_wconf 80' lang='lat' dir='ltr'><strong>parem,</strong></span> <span class='ocrx_word' id='word_1_933' title='bbox 3528 5157 3689 5210; x_wconf 86' lang='lat' dir='ltr'><strong>tradit</strong></span> 
     </span>
    </p>
   </div>
   <div class='ocr_carea' id='block_1_134' title="bbox 2127 5227 3699 5299">
    <p class='ocr_par' dir='ltr' id='par_1_134' title="bbox 2127 5227 3699 5299">
     <span class='ocr_line' id='line_1_136' title="bbox 2127 5227 3699 5299; baseline 0.001 -20"><span class='ocrx_word' id='word_1_934' title='bbox 2127 5228 2343 5281; x_wconf 71' lang='lat' dir='ltr'><strong>liobert.</strong></span> <span class='ocrx_word' id='word_1_935' title='bbox 2374 5227 2537 5281; x_wconf 88' lang='lat' dir='ltr'><strong>abbas</strong></span> <span class='ocrx_word' id='word_1_936' title='bbox 2582 5227 2892 5293; x_wconf 77' lang='lat' dir='ltr'><strong>Montensis,</strong></span> <span class='ocrx_word' id='word_1_937' title='bbox 2922 5227 2975 5281; x_wconf 93' lang='lat' dir='ltr'><strong>in</strong></span> <span class='ocrx_word' id='word_1_938' title='bbox 2999 5229 3269 5299; x_wconf 82' lang='lat' dir='ltr'><strong>Supplem.</strong></span> <span class='ocrx_word' id='word_1_939' title='bbox 3295 5228 3556 5295; x_wconf 80' lang='lat' dir='ltr'><strong>Sigebert.</strong></span> <span class='ocrx_word' id='word_1_940' title='bbox 3590 5228 3699 5281; x_wconf 72' lang='lat' dir='ltr'><strong>At.&quot;</strong></span> 
     </span>
    </p>
   </div>
   <div class='ocr_carea' id='block_1_135' title="bbox 2125 5310 2383 5350">
    <p class='ocr_par' dir='ltr' id='par_1_135' title="bbox 2125 5310 2383 5350">
     <span class='ocr_line' id='line_1_137' title="bbox 2125 5310 2383 5350; baseline 0.004 -1"><span class='ocrx_word' id='word_1_941' title='bbox 2125 5310 2383 5350; x_wconf 69' lang='grc' dir='ltr'><strong>τλεεκηλ.</strong></span> 
     </span>
    </p>
   </div>
   <div class='ocr_carea' id='block_1_136' title="bbox 2200 5365 3692 5437">
    <p class='ocr_par' dir='ltr' id='par_1_136' title="bbox 2200 5365 3692 5437">
     <span class='ocr_line' id='line_1_138' title="bbox 2200 5365 3692 5437; baseline 0.002 -20"><span class='ocrx_word' id='word_1_942' title='bbox 2200 5365 2299 5418; x_wconf 80' lang='lat' dir='ltr'><strong>llic</strong></span> <span class='ocrx_word' id='word_1_943' title='bbox 2341 5366 2533 5430; x_wconf 87' lang='lat' dir='ltr'><strong>statuit,</strong></span> <span class='ocrx_word' id='word_1_944' title='bbox 2581 5375 2684 5421; x_wconf 87' lang='lat' dir='ltr'><strong>etc.</strong></span> <span class='ocrx_word' id='word_1_945' title='bbox 2716 5366 2935 5437; x_wconf 85' lang='lat' dir='ltr'><strong>Sergius</strong></span> <span class='ocrx_word' id='word_1_946' title='bbox 2973 5385 3103 5437; x_wconf 83' lang='lat' dir='ltr'><strong>papa</strong></span> <span class='ocrx_word' id='word_1_947' title='bbox 3134 5368 3321 5421; x_wconf 82' lang='lat' dir='ltr'><strong>statuit</strong></span> <span class='ocrx_word' id='word_1_948' title='bbox 3372 5375 3425 5419; x_wconf 88' lang='lat' dir='ltr'><strong>ut</strong></span> <span class='ocrx_word' id='word_1_949' title='bbox 3473 5376 3692 5433; x_wconf 85' lang='lat' dir='ltr'><strong>tempore</strong></span> 
     </span>
    </p>
   </div>
   <div class='ocr_carea' id='block_1_137' title="bbox 2125 5437 3692 5505">
    <p class='ocr_par' dir='ltr' id='par_1_137' title="bbox 2125 5437 3692 5505">
     <span class='ocr_line' id='line_1_139' title="bbox 2125 5437 3692 5505; baseline 0.001 -17"><span class='ocrx_word' id='word_1_950' title='bbox 2125 5437 2482 5505; x_wconf 74' lang='lat' dir='ltr'><strong>confractionis</strong></span> <span class='ocrx_word' id='word_1_951' title='bbox 2504 5437 2755 5490; x_wconf 87' lang='lat' dir='ltr'><strong>Dontinici</strong></span> <span class='ocrx_word' id='word_1_952' title='bbox 2777 5440 3024 5505; x_wconf 82' lang='lat' dir='ltr'><strong>corporis,</strong></span> <span class='ocrx_word' id='word_1_953' title='bbox 3056 5444 3227 5492; x_wconf 67' lang='lat' dir='ltr'><strong>Acxus</strong></span> <span class='ocrx_word' id='word_1_954' title='bbox 3256 5440 3371 5501; x_wconf 76' lang='lat' dir='ltr'><strong>DEI,</strong></span> <span class='ocrx_word' id='word_1_955' title='bbox 3397 5453 3481 5501; x_wconf 81' lang='lat' dir='ltr'><strong>QUI</strong></span> <span class='ocrx_word' id='word_1_956' title='bbox 3509 5455 3692 5492; x_wconf 78' lang='lat' dir='ltr'><strong>&#39;I&#39;OLLls</strong></span> 
     </span>
    </p>
   </div>
   <div class='ocr_carea' id='block_1_138' title="bbox 2128 5508 3693 5575">
    <p class='ocr_par' dir='ltr' id='par_1_138' title="bbox 2128 5508 3693 5575">
     <span class='ocr_line' id='line_1_140' title="bbox 2128 5508 3693 5575; baseline 0.001 -16"><span class='ocrx_word' id='word_1_957' title='bbox 2128 5521 2363 5561; x_wconf 67' lang='grc' dir='ltr'><strong>νεοωτλ</strong></span> <span class='ocrx_word' id='word_1_958' title='bbox 2411 5523 2595 5572; x_wconf 62' lang='lat' dir='ltr'><strong>unum,</strong></span> <span class='ocrx_word' id='word_1_959' title='bbox 2629 5523 2890 5561; x_wconf 74' lang='lat' dir='ltr'><strong>HISERERE</strong></span> <span class='ocrx_word' id='word_1_960' title='bbox 2939 5523 3105 5573; x_wconf 72' lang='lat' dir='ltr'><strong>NUBIS,</strong></span> <span class='ocrx_word' id='word_1_961' title='bbox 3154 5525 3184 5559; x_wconf 88' lang='lat' dir='ltr'><strong>a</strong></span> <span class='ocrx_word' id='word_1_962' title='bbox 3226 5508 3361 5561; x_wconf 84' lang='lat' dir='ltr'><strong>clero</strong></span> <span class='ocrx_word' id='word_1_963' title='bbox 3409 5518 3455 5560; x_wconf 89' lang='lat' dir='ltr'><strong>et</strong></span> <span class='ocrx_word' id='word_1_964' title='bbox 3504 5511 3693 5575; x_wconf 79' lang='lat' dir='ltr'><strong>populo</strong></span> 
     </span>
    </p>
   </div>
   <div class='ocr_carea' id='block_1_139' title="bbox 2126 5576 3693 5645">
    <p class='ocr_par' dir='ltr' id='par_1_139' title="bbox 2126 5576 3693 5645">
     <span class='ocr_line' id='line_1_141' title="bbox 2126 5576 3693 5645; baseline 0 -16"><span class='ocrx_word' id='word_1_965' title='bbox 2126 5579 2439 5641; x_wconf 85' lang='lat' dir='ltr'><strong>decantetur,</strong></span> <span class='ocrx_word' id='word_1_966' title='bbox 2484 5578 2647 5645; x_wconf 86' lang='lat' dir='ltr'><strong>inquit</strong></span> <span class='ocrx_word' id='word_1_967' title='bbox 2681 5589 2863 5631; x_wconf 83' lang='lat' dir='ltr'><strong>auctor</strong></span> <span class='ocrx_word' id='word_1_968' title='bbox 2912 5579 3029 5631; x_wconf 86' lang='lat' dir='ltr'><strong>libri</strong></span> <span class='ocrx_word' id='word_1_969' title='bbox 3063 5578 3405 5632; x_wconf 80' lang='lat' dir='ltr'><strong>l‘ontiliealis.</strong></span> <span class='ocrx_word' id='word_1_970' title='bbox 3460 5576 3523 5628; x_wconf 83' lang='lat' dir='ltr'><strong>Et</strong></span> <span class='ocrx_word' id='word_1_971' title='bbox 3570 5581 3693 5631; x_wconf 76' lang='lat' dir='ltr'><strong>Ser-</strong></span> 
     </span>
    </p>
   </div>
   <div class='ocr_carea' id='block_1_140' title="bbox 2126 5646 3694 5716">
    <p class='ocr_par' dir='ltr' id='par_1_140' title="bbox 2126 5646 3694 5716">
     <span class='ocr_line' id='line_1_142' title="bbox 2126 5646 3694 5716; baseline 0.002 -18"><span class='ocrx_word' id='word_1_972' title='bbox 2126 5650 2244 5716; x_wconf 92' lang='lat' dir='ltr'><strong>gius</strong></span> <span class='ocrx_word' id='word_1_973' title='bbox 2287 5649 2500 5716; x_wconf 86' lang='lat' dir='ltr'><strong>quidem</strong></span> <span class='ocrx_word' id='word_1_974' title='bbox 2550 5648 2782 5701; x_wconf 86' lang='lat' dir='ltr'><strong>inStituit</strong></span> <span class='ocrx_word' id='word_1_975' title='bbox 2832 5658 2910 5701; x_wconf 86' lang='lat' dir='ltr'><strong>ter</strong></span> <span class='ocrx_word' id='word_1_976' title='bbox 2954 5648 3055 5699; x_wconf 74' lang='lat' dir='ltr'><strong>diti</strong></span> <span class='ocrx_word' id='word_1_977' title='bbox 3105 5651 3336 5701; x_wconf 73' lang='lat' dir='ltr'><strong>miserere</strong></span> <span class='ocrx_word' id='word_1_978' title='bbox 3384 5646 3556 5709; x_wconf 78' lang='lat' dir='ltr'><strong>nobis;</strong></span> <span class='ocrx_word' id='word_1_979' title='bbox 3600 5651 3694 5701; x_wconf 82' lang='lat' dir='ltr'><strong>sed</strong></span> 
     </span>
    </p>
   </div>
   <div class='ocr_carea' id='block_1_141' title="bbox 2130 5716 3691 5787">
    <p class='ocr_par' dir='ltr' id='par_1_141' title="bbox 2130 5716 3691 5787">
     <span class='ocr_line' id='line_1_143' title="bbox 2130 5716 3691 5787; baseline -0.003 -15"><span class='ocrx_word' id='word_1_980' title='bbox 2130 5719 2311 5781; x_wconf 77' lang='lat' dir='ltr'><strong>multis</strong></span> <span class='ocrx_word' id='word_1_981' title='bbox 2343 5730 2521 5781; x_wconf 80' lang='lat' dir='ltr'><strong>postea</strong></span> <span class='ocrx_word' id='word_1_982' title='bbox 2564 5718 2930 5787; x_wconf 83' lang='lat' dir='ltr'><strong>ingruentibus</strong></span> <span class='ocrx_word' id='word_1_983' title='bbox 2964 5719 3227 5787; x_wconf 53' lang='lat' dir='ltr'><strong>Ecclesia;</strong></span> <span class='ocrx_word' id='word_1_984' title='bbox 3260 5716 3691 5780; x_wconf 79' lang='lat' dir='ltr'><strong>adversitatibus,</strong></span> 
     </span>
    </p>
   </div>
   <div class='ocr_carea' id='block_1_142' title="bbox 2133 5786 3690 5858">
    <p class='ocr_par' dir='ltr' id='par_1_142' title="bbox 2133 5786 3690 5858">
     <span class='ocr_line' id='line_1_144' title="bbox 2133 5786 3690 5858; baseline -0.001 -15"><span class='ocrx_word' id='word_1_985' title='bbox 2133 5800 2187 5843; x_wconf 90' lang='lat' dir='ltr'><strong>ut</strong></span> <span class='ocrx_word' id='word_1_986' title='bbox 2232 5789 2302 5842; x_wconf 86' lang='lat' dir='ltr'><strong>ait</strong></span> <span class='ocrx_word' id='word_1_987' title='bbox 2348 5786 2684 5845; x_wconf 82' lang='lat' dir='ltr'><strong>Innocentius</strong></span> <span class='ocrx_word' id='word_1_988' title='bbox 2718 5789 2797 5858; x_wconf 84' lang='lat' dir='ltr'><strong>Ill,</strong></span> <span class='ocrx_word' id='word_1_989' title='bbox 2848 5789 2940 5843; x_wconf 89' lang='lat' dir='ltr'><strong>lib.</strong></span> <span class='ocrx_word' id='word_1_990' title='bbox 2990 5803 3040 5842; x_wconf 67' lang='grc' dir='ltr'><strong>γι</strong></span> <span class='ocrx_word' id='word_1_991' title='bbox 3072 5787 3137 5842; x_wconf 89' lang='lat' dir='ltr'><strong>de</strong></span> <span class='ocrx_word' id='word_1_992' title='bbox 3184 5786 3447 5856; x_wconf 71' lang='lat' dir='ltr'><strong>.‘llystcziis</strong></span> <span class='ocrx_word' id='word_1_993' title='bbox 3491 5789 3690 5857; x_wconf 47' lang='lat' dir='ltr'><strong>missae,</strong></span> 
     </span>
    </p>
   </div>
  </div>
