4068 6182
321 319 394 377 '53
1198 314 1423 371 SERGII
1466 312 1668 371 ΡΑΡᾹΞ
1708 315 1724 369 Ι
1772 314 2098 370 EPISTULA
2141 315 2225 371 AD
2263 314 2723 373 CEOLFMDUM.
3506 319 3576 375 55

323 432 571 491 doctrina
623 428 933 500 apostolica:
963 428 1108 483 sedis
1140 429 1441 494 illuminati,
1474 445 1592 483 cum
1626 444 1753 498 pace
1776 444 1907 484 con-
1932 441 1979 494 Α
2009 434 2108 486 nia:
2135 432 2613 502 archiepiscopum.
2644 432 2740 487 llic
2763 432 3031 486 ordinavit
3072 446 3164 502 per
3187 433 3426 489 diversas
3450 450 3575 505 pro-

320 535 575 585 sonautes
605 521 844 587 veritati,
891 520 959 573 ad
990 522 1202 589 propria
1231 525 1245 551 ι
1281 521 1498 575 relaxaii
1524 533 1666 574 sunt.
1703 521 1798 575 llic
1827 522 1903 577 le-

320 618 394 669 cit
438 610 798 682 coopertoria,
851 608 937 664 vel
964 616 1089 664 Vasa
1129 620 1309 677 aurea,
1342 618 1395 665 ct
1422 618 1673 679 argentea
1701 613 1721 641 ¹
1751 612 1902 680 plura

323 723 419 778 per
443 706 681 761 diversas
710 702 992 767 ecclesias,
1027 702 1091 757 ad
1122 718 1273 756 usum
1300 712 1352 756 et
1382 710 1625 756 ornatum
1656 703 1904 757 ecclesia-

325 811 443 850 rum
461 793 680 849 Cbristi.
704 790 800 845 llic
822 790 1419 862 ordinavitoDamianttm
1440 789 1900 860 archiepiscopum

321 898 521 941 sancta:
576 884 830 939 Ecclesia:
883 881 1246 947 Ravennatis,
1278 878 1320 959 "
1359 891 1520 949 atque
1571 880 1900 937 Clementem

322 977 343 1007 ⁸
374 978 742 1033 Frisonorum.
774 974 872 1029 llic
900 973 1165 1029 ordinavit
1192 975 1211 1005 ⁵
1243 974 1662 1044 Berechyaldum
1694 974 1902 1029 Britan-

2008 523 2205 577 vincias
2253 524 2530 591 episcOpos
2555 525 2837 592 nonaginta
2870 532 3099 592 septem.
3133 523 3279 578 Fecit
3308 536 3483 581 autem
3515 538 3571 581 et

2008 613 2371 669 Ordinationes
2419 614 2551 669 duas
2606 629 2701 682 per
2738 627 2977 668 mensem
3008 608 3202 679 Martii,
3236 608 3576 685 presbyteros

2011 702 2433 769 xvlit,diaconos
2450 714 2693 774 quatuor,
2716 705 2802 772 qui
2821 703 2978 758 etiam
2999 705 3237 774 sepultus
3257 712 3340 759 est
3366 705 3430 758 ad
3452 705 3577 761 bea-

2008 802 2115 847 tum
2162 794 2375 849 Petrum
2418 796 2717 863 apostolum
2762 794 2785 826 ⁶
2842 811 2890 849 vr
2945 795 3064 848 ldus
3111 794 3464 863 Septembris,
3496 796 3577 850 in-

2009 884 2238 939 dictione
2267 886 2286 915 ⁷
2322 900 2406 949 xv,
2441 885 2653 938 Tiberio
2680 888 2940 954 Augusto,
2972 895 3022 940 et
3045 886 3274 941 cessavit
3304 887 3576 957 episcopa-

2008 984 2090 1027 tus
2118 989 2351 1029 mensem
2385 991 2569 1041 unum,
2599 976 2712 1030 dies
2742 977 2943 1044 viginti.

1539 1080 1932 1139 VARIANTES
1972 1083 2373 1139 LECTIUNES.

398 1189 415 1220 ι
443 1178 576 1233 Cod.
610 1177 761 1238 Luc.,
789 1176 994 1228 reversi.

400 1250 420 1278 ¹
445 1250 526 1302 ΔΙ.
558 1263 666 1299 nm.
704 1246 875 1313 plura.

397 1319 417 1347 ³
449 1319 531 1370 ΑΙ.
567 1309 896 1369 Ravennatis.
940 1312 1040 1365 Hic
1062 1312 1316 1366 ordinavit
1346 1310 1677 1364 Berloalllttm
1698 1309 1896 1362 archie-

320 1390 608 1458 piscopum,
634 1382 1100 1458 atqueClemrntem
1125 1384 1175 1435 in
1196 1396 1392 1452 gentem
1409 1379 1767 1433 Frisonerum.
1795 1378 1899 1431 llic

321 1456 581 1509 ordinavit
608 1471 699 1525 per
720 1456 959 1517 diversas,
991 1464 1089 1507 etc.

2078 1174 2097 1203 δ
2129 1176 2258 1229 Cod.
2295 1175 2448 1237 Luc.,
2486 1176 2780 1229 Frisontmt.

2080 1244 2100 1273 ⁸
2130 1244 2263 1298 Cod.
2300 1243 2453 1307 Luc.,
2483 1245 2897 1303 Bt’l'et'luﬂldulll.

2077 1312 2100 1383 Ῡ
2128 1313 2261 1383 Gud.
2294 1312 2447 1376 Luc.,
2478 1318 2672 1383 quinto.

2077 1382 2097 1413 ⁷
2127 1382 2236 1446 AL,
2273 1388 2381 1435 Χινι

1597 1540 1954 1600 νΑΒιυιιυΜ
1992 1538 2198 1594 NOTAE.
2228 1574 2245 1590 .

321 1652 600 1714 postquam
629 1638 772 1714 enim
804 1638 1072 1714 Tiberium
1103 1638 1437 1714 Absimarum
1475 1633 1738 1714 invasiSse
1761 1647 1900 1714 ‘nar-

322 1704 473 1767 ravit'
492 1710 773 1778 imperium
804 1727 815 1761 :
841 1707 957 1761 Hoc
987 1716 1229 1775 tempore.
1263 1707 1460 1767 subdit,
1488 1706 1710 1778 synodus
1741 1704 1899 1778 Aqui-

2012 1628 2424 1703 gquileienses;
2458 1643 2576 1703 nam
2604 1637 2758 1683 erant
2798 1629 3042 1703 catholici
3085 1631 3437 1698 metropolitm
3463 1632 3578 1703 ejus

1998 1698 2280 1764 Ecclesiae,
2328 1699 2378 1752 in
2411 1700 2578 1752 insula
2621 1708 2794 1753 tamen
2838 1700 3015 1754 Grado
3041 1703 3292 1756 ordinati.
3324 1698 3566 1757 Nondum

322 1784 435 1835 (cite
487 1769 643 1849 facta,
695 1778 766 1852 ob;
806 1769 1113 1852 imperitiam
1158 1779 1299 1845 ﬁdei,
1350 1769 1579 1852 quintum
1620 1769 1900 1852 universale
1935 1837 1971 1852 μ
2003 1771 2145 1852 enim
2195 1769 2505 1852 metropolis
2551 1769 2805 1852 Aquileia:
2848 1770 2901 1852 in
2936 1770 3074 1852 duas
3102 1772 3347 1852 dissecta-
3380 1775 3576 1852 fuerat,

322 1837 592 1903 concilium
628 1837 889 1914 suscipere
912 1848 1111 1915 difﬁdit,
1158 1837 1320 1900 donec
1361 1837 1487 1899 beati
1537 1844 1706 1915 Sergii
1752 1857 1899 1915 papa:
1935 1837 1979 1905 Β
2008 1840 2146 1906 quod
2193 1846 2376 1915 postea
2406 1837 2715 1915 Gregoriill
2744 1840 3062 1915 auctoritate
3100 1840 3294 1895 factum
3323 1840 3437 1895 fuit.
3464 1842 3575 1915 Uita

322 1920 525 1973 monitis
549 1912 816 1981 instructu,
845 1924 891 1970 et
930 1912 1042 1982 ipsa
1073 1933 1190 1969 cum
1226 1916 1418 1969 cwteris
1440 1914 1628 1968 Christi
1639 1912 1902 1965 'Ecclesit's

322 2005 545 2043 amittere
593 1989 857 2040 consentit.
931 1987 1055 2040 llam
1116 1986 1225 2054 jam
1298 1985 1774 2040 animadverteram
1833 1985 1900 2035 de

325 2061 491 2131 altera
552 2055 961 2131 pseudosynodo
1021 2053 1349 2131 Aquileiensi
1421 2063 1603 2131 contra
1657 2053 1897 2131 quintum

332 2122 626 2182 universale
647 2122 954 2187 concitium,
988 2122 1107 2178 cum
1151 2126 1215 2178 ad
1264 2138 1451 2178 manus
1478 2123 1620 2177 venit
1648 2122 1897 2175 eruditis-

330 2200 467 2251 sima
495 2196 799 2250 dissertatio
828 2196 893 2249 de
932 2194 1217 2248 schismate
1250 2195 1504 2249 Ecclesia!
1534 2190 1896 2261 Aquileiensis

325 2267 400 2319 cl.
428 2264 595 2321 Patris
632 2264 882 2319 Bernardi
911 2264 1090 2318 Maria:
1115 2264 1181 2319 de
1205 2264 1424 2326 Rubeis,
1459 2258 1637 2331 inqua
1661 2259 1812 2331 (Cap.
1836 2258 1890 2326 5,

326 2336 415 2406 l9)
443 2335 675 2390 ostendit
716 2335 977 2406 synodum
1023 2334 1288 2406 diversam
1320 2334 1388 2388 ab
1420 2332 1508 2387 illa
1552 2330 1767 2406 Paulini
1793 2331 1893 2406 Be-

321 2397 445 2458 dain
495 2397 819 2473 signiﬁcare.
868 2404 947 2458 Ad
997 2405 1297 2472 oppositam
1344 2402 1778 2473 veroirationem
1803 2397 1897 2473 de-

321 2468 588 2542 sumptam
629 2484 737 2528 tum
768 2489 831 2528 ex
875 2468 1267 2542 subscriptione
1296 2472 1505 2528 Maximi
1540 2468 1893 2540 Aquileiensis

315 2548 525 2614 synodo
570 2543 934 2609 Lateranensi,
964 2552 1071 2596 tum
1099 2558 1165 2598 ex
1202 2544 1455 2614 synodica
1487 2542 1739 2614 Romana:
1765 2554 1895 2614 syn-

318 2611 409 2666 oili
464 2614 566 2669 sub
607 2624 792 2668 sancto
837 2615 1149 2682 Agathone,
1197 2611 1279 2667 cui
1322 2612 1648 2682 subscripsit
1687 2611 1894 2682 Agatho

320 2685 681 2752 Aquileiensis
717 2699 834 2736 cum
865 2678 978 2736 suis
1022 2682 1388 2751 sulTi-aganeis,
1424 2678 1709 2749 respondet
1744 2678 1893 2752 idem

310 2749 665 2807 doctissimus
688 2752 933 2820 script0r,
955 2749 1238 2806 Maximum
1263 2762 1316 2806 et
1341 2753 1671 2821 Agathonem
1695 2764 1797 2803 non
1824 2749 1891 2801 ad

320 2823 717 2889 Aquileiensem
748 2825 1061 2886 Lcelesiam,
1096 2823 1189 2877 sed
1218 2824 1282 2876 ad
1312 2822 1638 2876 Gradeusem
1681 2828 1894 2887 specta-

315 2907 402 2943 re.
432 2890 611 2962 Neque
640 2907 765 2948 vero
807 2895 1104 2947 mirandum
1152 2902 1234 2947 est
1275 2907 1369 2947 eos
1407 2906 1465 2947 se
1511 2889 1892 2958 subscripsisse

1078 3150 1507 3254 SERGII
1556 3060 1957 3249 ‘PAPIE
2035 3146 2075 3245 Ι
2152 3134 2783 3244 EPISTOLA

2008 1910 2319 1977 metropolis
2362 1918 2496 1979 erat,
2530 1910 2699 1978 inquit
2744 1909 2987 1964 laudatus
3026 1920 3230 1977 auctor,
3262 1926 3383 1979 qua:
3430 1913 3576 1965 schi-

2008 1985 2178 2051 smate
2209 1978 2572 2051 lacerabatur;
2608 1993 2768 2051 unum
2791 1992 2986 2047 corpus
3010 1993 3132 2034 cum
3159 1978 3355 2051 duplici
3380 1982 3573 2050 capite,

2005 2048 2175 2101 altero
2219 2046 2582 2111 schismatico,
2624 2048 2794 2100 altero
2828 2046 3123 2115 catholico;
3166 2046 3418 2105 ac'alteri
3446 2046 3577 2105 sana

2005 2117 2242 2170 membra
2291 2116 2672 2181 adhterebaut,
2724 2116 2877 2171 alteri
2942 2120 3211 2175 morbosa.
3272 2121 3576 2175 Catholicus

2005 2186 2343 2259 metropolita
2391 2184 3040 2259 dicebatu_r_Gradensis,
3099 2191 3239 2259 quod
3296 2192 3346 2245 in
3402 2191 3571 2245 insula

2002 2255 2178 2327 Crado
2205 2256 2524 2327 eligeretur;
2573 2255 2946 2310 schismaticus
2972 2255 3266 2326 appellatus
3295 2269 3378 2314 est
3412 2262 3575 2327 Aqui-

2002 2325 2241 2398 leiensis,
2264 2321 2684 2398 quodloanncs,
2705 2327 2969 2398 catholico
2985 2321 3254 2382 Céndiano
3279 2321 3577 2398 Oppositus,

1998 2392 2050 2468 in
2082 2396 2264 2468 vetere
2282 2392 2448 2468 luerit
2490 2395 2764 2468 ordinatus
2791 2392 3052 2468 {\quileia.
3083 2392 3400 2468 Uterque's'e
3426 2392 3576 2468 gere;

2002 2464 2091 2536 bat
2116 2478 2210 2536 pro
2242 2458 2594 2536 Aquileiensi,
2621 2480 2684 2519 ac
2713 2458 2814 2536 sibi
2832 2458 2951 2535 jura
2996 2469 3047 2521 in
3098 2458 3258 2523 totam
3307 2458 3574 2536 metfopo-

1999 2534 2091 2588 lim
2142 2534 2462 2604 vindicabat.
2519 2534 2723 2590 Favore
2755 2534 3251 2604 Langobardorum
3299 2534 3577 2592 fruebatur

2004 2603 2419 2677 schismaticus;
2445 2604 2712 2657 catholico
2736 2602 2994 2677 favebant
3028 2608 3247 2662 Romani
3279 2608 3574 2677 pontifices,

2001 2674 2242 2737 exarchi,
2287 2684 2340 2727 et
2382 2674 2837 2728 Christianissima
2891 2675 3212 2731 Venetorum
3254 2674 3572 2744 reSpublica.

1997 2746 2099 2816 Sed
2131 2746 2197 2798 de
2228 2744 2629 2816 ltistoriubujus
2656 2744 2957 2816 schismatis
2981 2747 3129 2813 plura
3166 2747 3254 2816 qui
3282 2747 3573 2811 desiderat,

1999 2815 2138 2886 legat
2167 2815 2409 2886 eamdem
2436 2813 2885 2886 dissertationem,
2918 2830 2947 2868 a
2978 2831 3079 2884 qua
3108 2813 3381 2872 schismati
3413 2816 3575 2886 Aqui-

2002 2884 2189 2940 leiensi
2213 2884 2441 2938 multum
2468 2884 2601 2938 lucis
2629 2884 2939 2940 atl‘unditur.
2959 2886 3194 2941 Marsus.

3375 3030 3568 3050 ——-‘

554 3334 661 3393 AD
706 3333 1217 3394 CEOLFRIDUM
1268 3331 1643 3392 ΑΒΒΛΤΕΜ
1698 3324 2188 3389 MONASTERII
2236 3326 2603 3388 DIVOBUM
2648 3329 2880 3389 PETRI
2932 3330 3029 3387 ET
3078 3330 3337 3406 PAULI,

1220 3491 1388 3543 QUOD
1433 3490 1545 3531 EST
1589 3488 1670 3529 AD
1717 3482 2147 3531 WIIUMUNDAM
2196 3485 2275 3526 ΕΤ
2320 3486 2684 3541 ιΝσΕιινυιι,

1099 3613 1180 3664 DE
1254 3612 1420 3661 BEDA
1496 3591 1879 3659 VENERABlLI
1951 3605 2176 3657 ROMAM
2249 3608 2803 3659 TRANSMITTENDO.

1564 3803 1733 3865 (Mans.
1757 3802 1875 3853 Coll.
1901 3801 2043 3851 Conc.
2069 3808 2186 3851 tom.
2209 3799 2337 3862 XII.)

397 3987 619 4057 Sergius
667 3984 948 4053 episcopus
996 3998 1181 4039 servus
1209 3996 1486 4039 servorum
1519 3984 1612 4041 Dei
1643 3988 1903 4045 Ceolfrido
1933 3995 1976 4054 (ζ
2011 3987 2288 4043 ferendum
2317 3993 2431 4039 arte
2478 3981 2786 4037 litteratura!
2825 3981 3035 4049 imbuti,
3079 3982 3217 4039 sicut
3262 3984 3416 4043 decet
3466 3988 3576 4046 Deo

307 4076 572 4147 religioso
602 4072 781 4129 abbati
810 4074 1059 4127 salutem.

384 4165 593 4232 Quibus
635 4164 810 4217 verbis
855 4177 919 4216 ac
966 4162 1138 4218 modis
1187 4163 1527 4220 clementiam
1575 4165 1667 4221 Dei
1722 4169 1894 4223 nostri

302 4264 474 4329 atque
507 4254 919 4311 inenarrabilem
972 4256 1365 4325 providentiam
1405 4273 1690 4328 possumus
1718 4259 1893 4326 eﬂari,

304 4358 365 4401 et
392 4345 586 4416 dignas
615 4346 905 4415 gratiarum
925 4344 1167 4401 actiones
1196 4362 1294 4417 pro
1315 4348 1592 4404 immensis
1621 4346 1762 4405 circa
1796 4366 1896 4406 nos

306 4438 429 4508 ejus
459 4438 735 4492 beneficiis
766 4437 1106 4506 persolvere,
1148 4439 1238 4508 qui
1272 4439 1325 4493 in
1359 4440 1596 4496 tenebris
1624 4452 1679 4496 et
1707 4442 1895 4497 umbra

306 4531 503 4584 mortis
551 4530 747 4596 positos
791 4528 857 4583 ad
906 4530 1084 4583 lumen
1114 4531 1353 4584 scientia:
1384 4530 1681 4600 producit?
1712 4531 1779 4584 Et
1807 4533 1893 4586 in-

313 4621 413 4691 fra.
449 4619 838 4674 Benedictionis
881 4618 1085 4675 interea
1130 4623 1377 4691 gratiam,
1425 4638 1583 4691 quam
1615 4621 1769 4677 nobis
1799 4638 1894 4693 per

312 4721 632 4778 prementem
692 4710 1011 4778 portitorem
1044 4719 1130 4765 tua
1179 4713 1323 4765 misit
1351 4712 1543 4767 devota
1589 4712 1798 4782 religio,
1831 4713 1894 4767 li-

312 4804 499 4855 benter
524 4809 578 4855 et
618 4799 773 4854 hilari
796 4801 998 4867 animo,
1032 4801 1190 4855 sicuti
1220 4802 1287 4855 ab
1316 4816 1379 4856 ea
1405 4801 1607 4857 directa
1642 4809 1743 4867 est,
1792 4816 1890 4857 nos

308 4892 614 4959 suscepisse
643 4904 934 4961 cognosce.
969 4891 1297 4960 Opportunis
1326 4900 1454 4963 ergo
1482 4906 1544 4945 ac
1572 4891 1745 4960 dignis
1770 4906 1891 4945 am-

308 4983 737 5053 plectendzetum
782 4982 1163 5039 sollicitudinis
1195 4985 1545 5055 petitionibus
1589 4984 1890 5040 arctissima

306 5072 603 5128 devotione
633 5072 891 5139 faventes,
946 5073 1223 5130 hortamur
1256 5075 1367 5129 Deo
1392 5074 1647 5129 dilectam
1675 5082 1781 5129 tua:
1807 5090 1892 5130 re-

307 5162 608 5233 ligiositatis
636 5163 957 5235 bonitatem,
990 5171 1048 5219 ut
1075 5166 1197 5235 quia
1226 5166 1430 5221 exortis
1457 5164 1773 5235 quibusdam
1803 5177 1890 5219 ec-

304 5252 731 5307 clesiasticarum
752 5267 1030 5309 causarum
1060 5256 1311 5325 capitulis
1340 5271 1446 5310 non
1469 5248 1588 5309 sine
1614 5256 1890 5311 examina-

305 5343 453 5401 tione
483 5345 689 5414 longius
714 5344 1133 5417 innotesoendis,
1174 5363 1309 5419 opus
1341 5348 1495 5405 nobis
1521 5355 1646 5404 sunt
1668 5346 1735 5403 ad
1756 5361 1883 5404 con»

1999 4080 2249 4134 devotum
2273 4075 2643 4129 auxiliatorem
2674 4084 2872 4128 sanctae
2899 4076 3085 4129 matris
3126 4077 3447 4134 universalis
3479 4075 3575 4138 Ec-

1997 4168 2202 4231 clesiae,
2236 4164 2577 4220 obedientem
2606 4162 2947 4217 devotionem
2980 4162 3100 4218 huic
3146 4173 3341 4221 nostrae
3386 4168 3575 4225 berta-

1999 4254 2130 4311 tioni
2157 4270 2262 4309 non
2289 4254 2519 4309 desistas
2546 4252 2976 4316 accommodare,
3030 4253 3122 4306 sed
3153 4255 3354 4323 absque
3399 4257 3572 4329 aliqua

1999 4347 2357 4402 remoratione
2385 4344 2691 4414 religiosum
2727 4343 2819 4398 Dei
2850 4344 3104 4397 famulum
3136 4345 3353 4414 Bedam,
3403 4363 3571 4413 vene-

1999 4440 2178 4494 rabilis
2202 4437 2511 4493 monasterii
2531 4437 2604 4491 tui
2630 4434 3021 4505 presbyterum,
3044 4435 3110 4490 ad
3139 4436 3323 4493 limina
3348 4452 3573 4509 aposto—

1996 4530 2171 4585 lorum
2193 4530 2492 4601 principum
2523 4528 2860 4583 dominorum
2893 4542 3135 4582 meorum
3166 4530 3304 4585 Petri
3334 4542 3386 4587 et
3424 4534 3572 4596 Pauli

1996 4635 2295 4678 amatorum
2328 4632 2541 4677 tuorum
2570 4632 2633 4676 ac
2671 4629 3056 4690 protectorum,
3108 4621 3173 4675 ad
3219 4632 3413 4678 nostra:
3462 4636 3572 4681 me-

1997 4715 2293 4770 diocritatis
2334 4723 2683 4782 conspectum
2715 4726 2818 4767 non
2851 4714 3077 4768 moreris
3106 4712 3353 4783 dirigere,
3386 4730 3567 4785 quem,

1997 4805 2211 4860 favente
2240 4805 2386 4870 Deo,
2428 4803 2627 4859 sanctis
2657 4803 2762 4858 tuis
2790 4804 3038 4873 precibus
3070 4818 3174 4858 non
3206 4804 3416 4858 difﬁdas
3447 4820 3574 4874 pro-

1994 4912 2039 4965 ει
2059 4910 2151 4952 ere
2178 4897 2243 4949 ad
2277 4903 2327 4950 te
2364 4895 2564 4959 redire,
2618 4900 2829 4963 peracta
2867 4893 3265 4963 praemissorum
3311 4892 3571 4959 capitulo.

1994 5004 2113 5044 rum
2158 5003 2281 5044 cum
2328 4986 2528 5042 auxilio
2557 4986 2649 5041 Dei
2697 4984 2998 5041 desiderata
3042 4982 3424 5051 solemnitate;
3471 4985 3571 5043 erit

1992 5077 2159 5145 enim,
2189 5086 2248 5131 ut
2275 5078 2620 5146 conﬁdimus,
2649 5079 2814 5133 etiam
2846 5075 3055 5130 cunctis
3078 5074 3173 5130 tibi
3202 5076 3418 5133 creditis
3448 5095 3569 5150 pro.

1993 5164 2228 5239 futurum
2258 5168 2510 5241 quidquid
2531 5168 2784 5226 Ecclesia:
2810 5166 3041 5241 generali
3069 5164 3317 5227 claruerit
3338 5178 3433 5248 per
3453 5172 3569 5243 ejus

1994 5263 2356 5333 praestantiam
2378 5260 2730 5331 impertitum.
