2035 3091
228 144 263 171 55
887 142 1035 172 JOANNES
1054 145 1143 173 PAPA
1165 146 1206 174 Vi.
1825 152 1859 178 ὄσ

1324 198 1858 211 ------.

267 270 530 303 PRIVILEGIUM
549 271 573 300 A
591 270 735 302 SERGIO
759 272 858 302 PAPA
875 272 887 302 l
903 273 955 302 AD
974 272 1172 305 HERONEM
1196 275 1404 307 LINGONUM
1425 273 1646 309 PRIESULEM
1664 279 1815 311 DATUH.

262 355 373 390 Sergius
387 354 471 390 gratia
486 355 531 382 Dei
548 355 666 389 pontifex
684 355 821 382 Romanus
843 356 940 383 lleroui
955 354 1016 384 Lin-
1032 361 1055 390 Λ
1072 359 1197 386 (Ιοςεεςοιο
1211 364 1306 391 vester,
1331 360 1474 387 adhortatu
1489 361 1590 394 prmlati
1606 362 1742 398 martyris,
1766 367 1858 391 mona-

226 410 325 437 gonum
342 402 447 436 prtrsuii
470 402 584 429 salutem
600 406 628 429 et
652 403 825 436 apostolicam
852 402 1017 430 benedictio-

226 456 287 475 netu

260 493 463 526 Quamprimum
477 492 556 519 nobis
572 492 774 524 attendendum,
790 491 957 525 citatissime,
983 497 1018 521 ne

225 538 310 566 hostis
322 539 458 572 malignus
471 546 581 573 gregem
595 539 694 565 Christi
719 539 855 573 perturbet
874 539 959 574 aliqua
973 548 1018 567 oc-

224 584 355 616 casione;
386 584 587 610 Divionensium
601 590 715 617 namque
730 583 921 610 monachorum
945 591 1017 610 mar-

226 631 277 665 tyri
295 630 415 664 Benigno
429 629 478 656 sub
492 628 600 663 regione
610 627 794 654 Wll‘eehranni
806 628 908 655 abbatis
918 628 1016 656 devote

226 675 409 701 famulantium
433 673 590 701 reclamatio
612 673 646 700 ad
668 680 718 700 nos
744 675 876 708 pervenit,
902 674 1016 701 clericos

226 721 279 754 iam
291 720 354 747 dicti
371 720 452 747 castri
472 719 504 746 ad
521 727 549 746 se
565 727 710 754 eorumque
734 720 916 747 ccemeterium
931 726 1017 748 trans-

225 768 293 793 ferre
309 766 410 793 conari.
432 766 498 799 Hoc,
513 767 574 800 quia
598 767 803 800 prmdecessoris
818 767 870 794 mei
893 766 1003 793 Joannis

224 811 362 839 Benedicti
386 811 478 846 utique
502 812 676 844 successoris,
704 812 862 839 contradicit
886 811 1012 844 decretis,

226 856 387 883 auczotitate
400 857 470 883 beati
488 855 558 883 Petri
570 862 595 883 et
613 861 704 883 nostra
725 856 880 890 prohibetur
893 857 943 883 sub
956 864 1013 889 per-

230 901 353 928 cussione
364 901 552 929 attathetnatis.
564 902 628 928 Nam
641 901 709 928 sicut
719 901 862 936 Gregorius
872 900 935 928 olim
947 908 1014 935 prte-

1070 404 1143 431 sterii
1155 403 1237 438 ipsius
1250 409 1428 437 cettstructor,
1440 405 1559 440 utrisque
1571 406 1636 433 vivis
1649 408 1761 434 sancivit
1773 416 1853 436 unum

1069 456 1122 482 quo
1137 455 1246 475 sanctus
1258 448 1330 483 jacet
1347 449 1516 478 concorditer
1541 451 1734 484 cocmeterium,
1759 452 1795 479 ita
1810 459 1858 480 n0-

1070 498 1134 521 stra:
1148 496 1313 522 auctoritatis
1327 495 1423 523 littera:
1438 500 1601 523 censuerunt
1616 497 1855 526 corroborandum.

1068 540 1172 575 Quique
1186 541 1264 568 etiam
1285 549 1299 567 a
1315 545 1433 569 torrente
1446 542 1491 576 qui
1507 546 1648 576 utrumque
1663 541 1776 577 Burgum
1787 543 1855 570 divi-

1071 586 1109 613 dit
1119 586 1225 613 aut‘erre
1239 586 1272 613 ab
1286 593 1318 613 eo
1326 586 1414 621 Burge
1429 587 1471 614 vel
1486 586 1603 614 claustro
1618 587 1730 621 aliquid,
1745 593 1856 622 excepto

1069 631 1168 658 abbate
1183 632 1226 658 vel
1241 631 1390 664 monachis,
1405 632 1615 667 przesumpserit,
1632 632 1711 659 simili
1725 633 1855 661 sententia

1068 682 1097 703 se
1108 676 1264 703 damnatum
1280 676 1393 703 noverit.
1419 677 1490 704 Bene
1504 677 1600 704 valete.
1619 677 1683 703 Data
1699 685 1746 712 per
1760 685 1855 706 manus

1067 720 1187 754 Joannis,
1204 721 1399 748 bibliutlteearii
1415 726 1517 748 sanetae
1528 721 1599 749 sedis
1610 722 1774 756 apostolicae,
1785 730 1855 750 anno

1067 767 1235 800 pontiﬁcatus
1250 768 1350 794 domini
1373 767 1460 802 Sergii
1477 768 1634 794 universalis
1650 775 1724 801 papae
1738 768 1855 801 decimo,

1068 813 1094 839 in
1109 813 1287 840 sacratissima
1312 813 1377 840 sede
1393 813 1461 839 beati
1480 811 1551 839 Petri
1566 813 1690 846 apostoli,
1710 812 1854 840 indicttone

1068 858 1216 885 undecima.

871 1060 954 1081 ANNO
977 1060 1090 1081 DOMINI
1116 1059 1173 1080 DCC
1180 1059 1198 1080 ν

536 1152 1236 1270 JOANNES
1327 1156 1542 1283 VI,

862 1325 1017 1354 [{OMANUS
1032 1324 1200 1351 PONTIFEX.

952 1388 1121 1397 .———-—

442 1443 659 1491 NOTITIA
689 1439 956 1480 HISTORICA
987 1438 1039 1476 IN
1070 1437 1308 1476 JOANNEM
1337 1437 1504 1475 PAPAM
1538 1438 1587 1477 VI
1607 1466 1616 1481 .

971 1506 1085 1513 ——__

812 1537 897 1569 (Liber
917 1536 1072 1566 Pontiﬁcalis,
1087 1542 1119 1561 ex
1132 1541 1183 1560 var.
1197 1535 1265 1566 edd.)

259 1633 270 1646 ι
286 1628 401 1653 Joannes
421 1625 450 1651 \‘I
466 1645 473 1655 ,
500 1623 606 1650 natione
630 1622 749 1655 Graccus,
766 1622 835 1649 sedit
849 1630 932 1648 annos
947 1627 1011 1656 tres,
1029 1625 1051 1653 Β
1065 1628 1171 1649 menses
1185 1622 1262 1654 duos,
1275 1621 1333 1649 dies
1357 1620 1507 1649 duodecim.
1524 1622 1532 1638 ¹
1548 1622 1607 1650 Fuit
1620 1628 1709 1652 autem
1725 1627 1850 1661 tempori~

823 1679 1020 1707 \‘ARIANTES
1039 1678 1243 1707 LECTIONES.

257 1731 264 1745 ¹
290 1728 351 1755 Fuit
381 1730 474 1754 aulem'
490 1726 641 1759 temporibus
669 1725 763 1752 Tiberii
794 1725 903 1758 Augusti
929 1724 1004 1752 deest
1023 1725 1049 1752 in
1060 1724 1096 1751 al.

876 1782 1051 1811 VARIORUM
1071 1782 1186 1810 NUTIE.

263 1836 275 1850 ⁸
287 1831 403 1858 Joannes
416 1829 458 1855 \'I.
475 1828 524 1862 Qui
538 1836 552 1855 a
568 1828 662 1863 Sergio
672 1828 703 1855 ad
716 1828 872 1863 Gregorium
891 1827 922 1854 lll
936 1834 1009 1862 gesta

231 1867 384 1900 pentiiicttut
410 1865 546 1900 collegit,
565 1869 740 1900 prastcrquam
754 1863 836 1900 quod
864 1863 1010 1900 litterarum

224 1897 320 1935 expers
345 1905 411 1932 erat,
436 1904 464 1925 ut
486 1897 735 1931 tt0vit'Ciampinus
748 1897 854 1935 (Eram.
869 1898 914 1924 lib.
932 1897 1010 1935 Parit.

226 1933 287 1962 seu.
312 1936 353 1969 3),
377 1935 506 1960 rationem
528 1938 677 1969 temporum
699 1940 782 1966 usque
800 1933 866 1959 adeo
880 1934 1010 1968 neglexit,

229 1975 257 1997 ut
274 1971 318 1996 ditt
331 1967 505 1999 'tttultttmque
525 1967 708 2001 Chronologos
722 1968 883 1994 recentiores
896 1967 1011 1995 vexave-

226 2006 269 2032 rit.
296 2004 428 2031 l’ratterea
448 2002 545 2034 Codd.,
570 2006 598 2028 et
617 2001 779 2036 Catalogor.,
796 2009 846 2036 qua
863 2003 1010 2035 silentium,

224 2048 275 2074 qua
290 2037 478 2072 discrepantia,
496 2037 563 2074 alios
585 2037 610 2062 in
630 2036 709 2074 aliam
731 2037 1011 2074 sententiamnpertra-

221 2071 326 2102 tierunt.
345 2071 400 2100 Duo
415 2072 562 2105 praesertim
584 2072 734 2105 pomilices,
748 2071 865 2099 Joannes
880 2072 912 2099 Vl
926 2077 953 2099 et
967 2073 1010 2099 Si-

221 2110 333 2141 sittnius,
355 2108 431 2141 juxta
455 2106 659 2141 Chronologiam
681 2107 740 2133 libri
757 2106 920 2134 Pontilicalis
936 2108 1009 2134 ordi-

223 2145 277 2171 nati
296 2144 418 2170 videntur
441 2146 518 2168 extra
543 2141 612 2168 diem
640 2142 820 2174 Dominicatn;
847 2147 875 2169 et
895 2144 930 2168 ita
947 2149 1008 2169 esse

221 2180 319 2206 l‘actum
334 2177 422 2205 docuit
434 2176 563 2204 Antonius
576 2176 681 2211 Pagins,
698 2185 776 2211 quem
792 2177 854 2204 alibi
870 2177 919 2203 hac
935 2177 960 2203 in
975 2182 1005 2204 re

222 2200 361 2248 iiéc'éﬁtuin
386 2212 511 2242 vidimus,
527 2219 558 2238 ac
573 2200 683 2248 prtfindc
697 2200 749 2238 rion
764 2212 815 2239 erit
831 2213 947 2238 insolens
957 2219 1005 2248 no-
1020 2200 1041 2230 (ἶ

222 2256 269 2275 vos
290 2246 348 2283 ejus
368 2249 456 2282 lapsus
480 2247 614 2283 detegere.
631 2247 667 2273 De
683 2251 899 2283 utroquerautettt
915 2246 1004 2283 ponti-

223 2284 272 2311 lice
285 2281 345 2311 cum
366 2290 414 2309 suo
435 2283 491 2309 loco
514 2282 655 2309 dicendum
672 2283 716 2312 sit,
729 2282 771 2308 hic
790 2282 822 2308 de
845 2282 947 2307 .luattue
967 2281 1007 2307 lo-

221 2326 298 2353 quar,
322 2319 441 2345 dicturus
468 2317 605 2353 postmodo
628 2317 662 2343 de
686 2316 806 2344 Slsinuio
828 2316 951 2353 iu_notis_
973 2316 1006 2353 ad

220 2351 281 2380 eum
310 2353 501 2387 spectantibus.
527 2351 664 2379 Audienda
692 2352 772 2385 igitur
795 2355 835 2387 est
860 2351 1007 2387 iudprintis

222 2385 340 2416 doctrina
359 2388 429 2422 I’agii
440 2388 474 2414 de
487 2387 627 2420 pontiﬁciis
638 2386 866 2422 Ordittationibus.
884 2385 936 2422 llas
949 2386 1007 2412 fieri

223 2431 324 2458 ueptas
348 2420 426 2450 doci-t
445 2427 510 2458 post
522 2422 654 2458 devictum
670 2428 687 2458 a_
699 2421 875 2458 Qoustantino
898 2420 1008 2458 Maxen-

222 2455 296 2490 tium,
323 2455 467 2492 pacemque
493 2456 619 2492 Ecclesia:
644 2455 773 2492 redditam
801 2455 858 2492 (aid
885 2464 928 2482 an.
948 2456 1007 2492 768,

221 2502 292 2519 num.
310 2490 356 2527 ἕο)
370 2490 594 2525 ίιιιι’ί)οιιιίηἰείε,
617 2495 663 2527 aut
683 2490 880 2527 solenuioribus
902 2491 1006 2517 diebus.

222 2529 289 2555 llinc
302 2525 427 2563 estquod
450 2534 521 2561 stt-pe
539 2525 681 2563 Baronium
695 2532 775 2563 secus
789 2526 949 2563 sentientem
963 2533 1008 2563 re_-

222 2560 373 2598 prehendit;
398 2562 526 2595 incipiens
550 2562 591 2598 ab
605 2561 669 2598 ipsa
681 2560 851 2598 ordinatione
875 2560 1007 2593 Silvestri,

223 2595 318 2632 nempe
332 2598 366 2625 ab
381 2599 439 2632 ipso
450 2595 735 2632 auuopacis'rcdditm
748 2595 1008 2632 314.7quantrretra-

221 2634 261 2660 bit
284 2630 317 2660 ad
342 2630 495 2666 supremum
521 2630 637 2666 Januarii
662 2632 735 2659 diem
759 2639 793 2658 ex
816 2630 943 2657 Kalendis
958 2630 1007 2657 Fe-

223 2669 347 2701 bruariis,
364 2665 667 2702 qttibuscum‘Baronius
678 2674 736 2693 eam
751 2666 910 2700 illigaverat.
927 2665 1009 2702 Cujus

220 2705 351 2730 doctrina:
371 2700 471 2735 itattetn
493 2700 616 2735 primam,
638 2708 733 2736 nempe
747 2701 887 2736 pontiﬁces
901 2701 1010 2727 ordina-

224 2745 266 2765 tos
280 2745 341 2765 esse
360 2738 453 2764 diebus
470 2736 626 2768 Dominicis,
641 2736 742 2762 eruditi
759 2737 803 2763 alii
817 2741 879 2762 ante
901 2737 1008 2769 l'agium

224 2773 401 2804 tradiderunt,
415 2775 442 2799 et
454 2776 513 2805 post
527 2778 587 2797 eum
605 2772 679 2797 inulti
694 2772 778 2797 secuti
792 2777 862 2797 sunt.
881 2771 939 2798 Pra:
950 2772 1010 2797 aliis

224 2808 396 2838 Blanchinus,
419 2808 494 2841 cujus
514 2813 564 2840 ego
585 2806 709 2841 vestigiis
723 2806 829 2838 insisto,
852 2813 904 2832 non
930 2808 1010 2831 modo

223 2844 364 2877 pontiﬁces
389 2843 534 2875 Romanos,
560 2848 650 2867 verum
676 2840 755 2867 etiam
783 2843 922 2874 episcopos
943 2840 1009 2866 alios

1065 1828 1174 1866 diebus_
1189 1828 1336 1866 Dominicis»
1355 1826 1491 1866 ordinatos
1512 1835 1571 1856 esse
1596 1827 1732 1866 contendit
1755 1829 1848 1866 (Sup..

1065 1868 1127 1890 tam.
1141 1862 1184 1895 II,
1210 1872 1270 1898 pag.
1293 1862 1455 1899 25)._ldque
1479 1864 1659 1890 monumentis
1679 1862 1849 1899 comprobari

1064 1897 1215 1931 afﬁrmans,
1227 1906 1259 1925 ex
1274 1898 1342 1924 libro
1356 1897 1415 1932 ipso
1432 1898 1577 1926 Poutiﬂcali
1593 1897 1847 1933 exemplum’al‘fert,

1065 1940 1160 1966 nempe
1183 1933 1388 1960 luteramuensis
1408 1933 1526 1968 episcopi
1546 1941 1560 1960 a
1581 1933 1708 1960 Zacharia
1733 1935 1848 1963 ordinati

1063 1968 1107 1995 die
1129 1968 1274 1995 Domirtica.
1298 1968 1365 2001 Quin
1389 1969 1480 2003 etiam,
1506 1968 1575 2003 quod
1595 1968 1731 1995 Blanchiui
1745 1970 1849 2003 opinio-

1066 2011 1126 2030 ttertt
1140 2004 1224 2037 magis
1235 2005 1340 2034 astruit,
1354 2004 1584 2030 animadversione
1594 2004 1702 2036 dignum
1714 2008 1764 2034 est,
1776 2006 1846 2038 quod

1064 2038 1130 2064 liber
1152 2038 1222 2064 idem
1242 2037 1404 2063 Polititicalis
1426 2038 1560 2064 Zachariae
1584 2038 1749 2065 itinerarium
1768 2037 1847 2066 enar-

1061 2080 1133 2101 rans.
1159 2076 1226 2098 sect.
1249 2070 1302 2098 209
1317 2075 1344 2097 et
1364 2078 1453 2104 seqq..
1466 2071 1525 2098 dies
1547 2072 1666 2106 singulos
1679 2074 1845 2101 numerando

1061 2111 1184 2133 recenset
1197 2114 1205 2138 ;
1221 2112 1249 2132 at
1263 2106 1372 2132 veniens
1383 2106 1416 2133 ad
1432 2107 1501 2132 diem
1515 2106 1688 2139 Dominicam,
1702 2115 1755 2134 non
1769 2116 1846 2136 secus

1060 2147 1138 2175 atque
1162 2148 1210 2175 per
1230 2140 1426 2168 ordinationem
1442 2141 1558 2175 episcopi
1573 2142 1843 2177 diesagnosceretur,

1060 2184 1117 2202 eam
1134 2183 1301 2210 nequaquam
1314 2177 1449 2208 nominat;
1467 2177 1564 2203 deinde
1578 2177 1610 2202 ad
1622 2176 1687 2203 alias
1701 2183 1744 2204 res
1758 2176 1845 2205 trans-

1060 2211 1129 2243 iens,
1153 2211 1322 2245 prosequitur
1335 2220 1340 2236 :
1355 2211 1453 2238 Eodem
1465 2212 1507 2237 die
1524 2210 1670 2242 Dominico,
1681 2216 1733 2238 etc.
1750 2213 1783 2239 At
1798 2221 1844 2240 or-

1060 2246 1216 2272 diuarentttr
1232 2253 1317 2272 necne
1332 2247 1421 2273 czctcri
1436 2254 1532 2273 omnes
1550 2247 1666 2280 episcopi
1681 2247 1776 2274 diebus
1794 2248 1845 2274 Do-

1060 2281 1178 2312 ntiuicis,
1201 2288 1250 2308 ttcc
1268 2280 1347 2314 hujus
1370 2281 1433 2313 loci,
1457 2288 1506 2308 nec
1522 2281 1573 2307 ntei
1588 2281 1698 2307 instituti
1715 2287 1755 2307 est
1770 2283 1847 2309 inda-

1060 2323 1141 2348 gare;
1165 2316 1197 2342 ad
1223 2316 1370 2349 pontilicias
1398 2315 1479 2350 igitur
1503 2315 1683 2342 Ordinationcs
1710 2321 1843 2344 revertor.

1061 2351 1133 2377 lnter
1157 2351 1333 2378 solemniores
1351 2351 1409 2378 dies
1424 2359 1437 2376 a
1455 2351 1535 2384 Pagio
1555 2355 1726 2383 memoratos,
1749 2351 1846 2385 quibus

1061 2386 1117 2413 ﬁeri
1136 2391 1258 2413 autumat
1274 2385 1488 2414 consecrationes
1503 2385 1670 2420 ponlilicunt,
1683 2386 1751 2412 haud
1767 2386 1847 2414 dubie
1873 2393 1875 2395 '

1061 2425 1236 2448 recensentur
1256 2421 1384 2448 Nativitas
1405 2421 1525 2452 Domini,
1559 2420 1732 2447 Artnuntiatio
1757 2421 1846 2447 Domi—

1062 2455 1129 2483 nica:
1144 2456 1336 2483 lucarnationis
1348 2476 1355 2488 ,
1370 2460 1397 2483 et
1409 2455 1532 2483 nativitas
1544 2456 1718 2489 prtecursoris
1728 2456 1842 2487 Christi;

1061 2490 1094 2516 iis
1109 2496 1196 2518 tamen
1212 2491 1315 2523 diebus,
1335 2498 1401 2524 quos
1421 2498 1475 2524 prte
1491 2491 1550 2516 aliis
1563 2492 1682 2522 nomino,
1698 2492 1758 2524 quia
1773 2497 1839 2524 pon-

1064 2525 1148 2553 tilices
1161 2527 1247 2560 quarti
1260 2526 1339 2560 hujus
1352 2527 1414 2552 tonti
1429 2525 1589 2559 spectandos
1605 2533 1673 2560 prop
1683 2532 1736 2557 mo,
1754 2524 1843 2551 Domi-

1062 2560 1134 2587 uicas
1150 2561 1273 2595 praelatas
1285 2568 1357 2593 esse,
1376 2564 1422 2586 aut
1436 2561 1624 2594 praeveniendo
1639 2560 1843 2591 ordinationem,

1061 2596 1082 2621 si
1105 2595 1348 2630 prmcedebant,aut
1364 2596 1550 2629 praetereundo
1562 2597 1583 2622 si
1597 2596 1783 2630 sequebantur,
1797 2601 1846 2628 pa-

1062 2628 1114 2657 larri
1139 2631 1239 2657 faciunt
1262 2628 1413 2657 Bonifacius
1438 2630 1468 2663 V,
1490 2630 1606 2657 Joannes
1628 2628 1660 2655 IV
1684 2635 1710 2655 et
1733 2629 1846 2663 Stepha‘

1061 2673 1111 2692 nus
1126 2666 1169 2692 Ill.
1188 2665 1336 2692 iionifacius
1357 2664 1487 2698 siquidem
1507 2665 1538 2697 ν,
1554 2667 1598 2699 qui
1613 2664 1712 2698 absque
1724 2664 1846 2698 iussione

1061 2700 1198 2734 principis,
1226 2701 1260 2727 ob
1280 2708 1375 2727 causas
1398 2706 1560 2727 memoratas
1581 2707 1640 2733 pag.
1662 2699 1706 2731 26.
1723 2707 1767 2726 an.
1780 2699 1846 2733 6I9,

1061 2735 1243 2766 ordinabatur.
1259 2735 1302 2762 die
1314 2736 1350 2763 24
1363 2735 1529 2765 Decembris,
1543 2735 1567 2761 id
1583 2739 1624 2761 est
1652 2735 1737 2768 pridie
1748 2734 1848 2761 Nativi-

1062 2772 1124 2797 tatis
1138 2771 1289 2803 dominica),
1307 2771 1347 2797 sic
1362 2772 1472 2797 volente
1488 2775 1594 2803 recepto
1605 2770 1659 2803 jam
1675 2777 1759 2801 more,
1775 2768 1847 2794 ordi-

1061 2810 1139 2832 natus
1160 2810 1213 2832 est.
1238 2805 1297 2833 Pari
1319 2806 1399 2832 tnodo
1420 2804 1596 2836 JoanneslV,
1611 2812 1680 2831 anno
1695 2803 1757 2835 640,
1775 2803 1846 2830 bidui

1061 2846 1124 2868 ante
1141 2841 1261 2868 eamdem
1281 2841 1478 2868 solemnitatem
1494 2840 1539 2867 fuit
1553 2844 1734 2870 consecratus,
1751 2846 1847 2873 nempe
