4070 6182
451 340 515 395 ιτ
1675 337 1733 391 s.
1774 332 2073 390 insanas
2114 332 2289 388 mea
2328 331 2421 387 vr.
3634 339 3704 397 43

450 462 605 532 οίριι,
639 470 807 531 μων,
838 461 1135 530 opprimat“
1184 475 1304 517 eum
1355 473 1447 528 ρει-
1496 457 1820 512 violentiam.
1868 456 2022 524 Quod
2051 454 2103 513 Λ
2129 449 2455 503 nimbrorum
2510 449 2787 515 epistolam
2841 448 3062 500 habeam
3083 486 3098 511 ,
3128 454 3183 499 ut
3210 420 3390 503 omnia
3422 464 3539 503 mea
3572 451 3705 508 mihi

452 569 571 607 cum
620 552 779 606 etiam
830 552 1058 607 inimicis
1086 552 1474 623 displicuisset,
1509 558 1567 604 nt
1619 550 1748 603 tanti
1797 547 2026 601 nominis

452 646 552 709 vir,
576 652 631 699 et
659 644 745 711 qui
774 659 959 698 eorum
992 644 1179 698 ﬁducia
1203 654 1387 711 captus
1417 642 1483 697 ad
1519 641 1804 695 concilium
1842 640 2023 691 venis-

448 744 548 802 set,
582 737 848 790 sustinere
873 735 1234 805 oppressionis
1264 734 1659 805 prsejudicium,
1690 732 2023 786 alio~itinere

446 827 795 895 gradieudum
824 836 1095 896 putarunt.
1130 828 1309 895 Itaque
1345 827 1496 895 quasi
1531 824 1748 894 paciﬁce
1796 821 2027 875 suadere

445 918 620 972 adorsi
643 928 786 980 sunt,
818 930 874 973 ut
920 919 1042 986 quia
1091 915 1521 985 frequentissime
1575 916 1941 970 dissensiones
1975 912 2026 964 in

450 1008 685 1063 Ecclesia
719 1009 809 1062 Dei
839 1009 954 1076 ejus
998 1025 1158 1064 causa
1195 1009 1543 1074 pullulabant,
1577 1006 1689 1074 ipse
1751 1004 2024 1056 voluntate

445 1113 541 1151 sua
587 1098 1011 1165 possessionibus
1056 1108 1110 1151 et
1155 1098 1464 1166 episcopatu
1515 1095 1749 1158 cederet,
1776 1104 1830 1148 et
1891 1093 2029 1146 hanc

446 1186 890 1240 renuntiationem
931 1187 1128 1253 scripto
1160 1188 1425 1249 firmaret;
1464 1186 1563 1237 hoc
1595 1184 2027 1251 ejuscommen-

444 1278 597 1333 daret
624 1278 969 1340 famam,hoc
1010 1277 1368 1329 accumularet
1405 1274 1631 1343 gloriam
1685 1271 1731 1326 si
1786 1271 2029 1339 privatus

446 1370 628 1423 mallet
668 1368 769 1423 sub
793 1369 970 1437 quiete
993 1367 1185 1434 degere
1203 1409 1218 1433 ,
1241 1381 1401 1435 quam
1431 1380 1529 1433 pro
1558 1378 1657 1419 suo
1685 1363 2023 1432 pontiﬁcatu,

445 1460 528 1514 vel
555 1474 649 1530 per
666 1474 725 1513 se
747 1460 829 1513 vel
857 1474 954 1527 per
985 1458 1121 1512 alios
1147 1458 1406 1527 procellas
1434 1454 1758 1509 seditionum
1783 1464 2019 1505 movere.

520 1568 699 1623 Sensit
722 1578 872 1636 pater
897 1568 950 1621 in
992 1568 1074 1620 his
1111 1566 1269 1620 minis
1316 1565 1446 1636 [ΑΛ.
1480 1562 1659 1635 nimis]
1710 1561 2023 1631 implicitum

448 1663 744 1731 negotium,
774 1670 830 1714 et
856 1659 1150 1727 respondit,
1184 1659 1319 1712 nihil
1348 1673 1498 1726 :rque
1531 1658 1597 1711 ad
1641 1656 1912 1711 cumulum
1947 1654 2030 1707 in-

450 1754 625 1807 lamia:
657 1752 857 1805 homini
882 1752 1253 1820 valere,quam
1278 1751 1321 1804 si
1351 1766 1409 1804 se
1436 1766 1530 1804 Sua
1560 1750 1839 1804 damnaret
1868 1763 2019 1803 voce.

447 1844 518 1896 Se
559 1843 783 1911 primum
819 1842 1001 1907 fuisse,
1032 1843 1120 1909 qui
1148 1856 1330 1895 verum
1363 1841 1564 1894 Pascha
1597 1841 1648 1893 in
1679 1838 2023 1892 Northanim-

444 1934 559 1987 bria
587 1932 764 1988 Scotis
791 1932 976 2002 ejectis
1002 1934 1268 1996 docuerit,
1299 1934 1387 2001 qui
1420 1943 1607 1986 cantus
1628 1931 2021 1986 ecclesiasticos

444 2024 827 2090 antiphonatim
884 2023 1321 2091 instituerit,qui
1370 2024 1687 2077 sanctissimi
1748 2023 2020 2077 Benedicti

452 2114 684 2182 regulam
716 2129 747 2167 a
795 2113 1070 2167 monachis
1115 2110 1652 2180 observarijusserit,
1683 2127 1778 2179 pro
1828 2112 2020 2180 quibus

449 2206 694 2259 omnibus
720 2220 859 2258 nunc
885 2218 1063 2259 senem
1114 2212 1167 2258 et
1213 2205 1547 2273 septuaginta
1597 2206 1707 2258 lere
1757 2218 2017 2258 annorum

449 2297 749 2364 pontiﬁcem
782 2296 881 2349 hoc
911 2296 962 2348 in
996 2310 1216 2349 munere
1249 2297 1516 2363 recipere,
1549 2306 1605 2350 ut
1651 2306 1872 2363 cogatur
1932 2309 2021 2348 se-

449 2389 619 2456 ipsum
651 2389 850 2455 scripto
880 2387 1155 2441 damnare.
1201 2388 1429 2441 Nossent
1468 2404 1594 2457 ergo
1623 2401 1681 2441 se
1732 2387 1862 2441 illud
1914 2402 2018 2439 non

450 2478 734 2543 facturum,
765 2476 905 2546 quod
935 2486 1079 2531 esset
1127 2477 1224 2530 sibi
1278 2478 1526 2539 dedecus,
1558 2478 1834 2531 calamitas
1886 2478 2018 2531 sub-

444 2565 1049 2638 jectis,incommodum
1102 2567 1307 2619 cunctis
1364 2584 1377 2619 :
1429 2567 1553 2633 quin
1604 2566 1799 2634 potius,
1838 2566 2017 2619 sedem

444 2657 788 2725 apostolicam
834 2656 1126 2724 appellare,
1174 2664 1228 2708 et
1258 2657 1299 2707 si
1330 2655 1448 2724 quis
1477 2671 1663 2709 eorum
1694 2655 2019 2710 ecclesiasti-

444 2766 564 2803 cum
592 2748 900 2803 conﬂictum
930 2760 1293 2817 praesumeret,
1326 2764 1386 2801 ea
1417 2764 1689 2802 revocare.

521 2843 636 2896 Jam
685 2858 812 2913 ergo
839 2842 1273 2913 septuagenaiius
1329 2842 1517 2895 iterum
1566 2843 1794 2906 labores,
1828 2844 2016 2897 iterum

447 2935 667 2989 Romam
692 2935 1003 3000 meditatur,
1029 2950 1127 2990 nec
1156 2935 1245 2988 diu
1295 2947 1530 2989 moratus
1589 2951 1734 2989 mare
1792 2937 2017 2996 transiit,

446 3029 688 3097 viamque
738 3042 1051 3097 permensus
1103 3027 1297 3083 Urbem
1361 3030 1602 3095 introiit,
1660 3028 2017 3095 sustinuitque

443 3119 727 3186 aliquantis
769 3119 956 3173 diebus
995 3130 1332 3175 accusatores
1382 3120 1505 3173 dum
1561 3121 1846 3185 venirent;
1899 3119 2011 3189 qui,
2043 3144 2088 3206 ρ

443 3224 562 3263 eum
594 3210 885 3271 venissent,
914 3210 987 3263 illi
1013 3225 1224 3264 causam
1255 3227 1404 3264 suam
1438 3213 1700 3279 epistolis,
1732 3210 1845 3280 ipse
1873 3211 2012 3280 quod

444 3304 508 3357 ad
540 3318 598 3358 se
624 3300 903 3367 attinebat,
932 3301 1031 3356 hoc
1052 3303 1303 3371 allegavit
1327 3304 1502 3359 modo.

448 3481 665 3537 Domino
686 3482 969 3537 beatissimo
996 3485 1269 3537 universali
1310 3500 1456 3554 papa:
1496 3480 1689 3537 Joanni
1736 3482 2014 3553 i-l’ilfridus

511 3554 727 3623 supplex
750 3565 796 3606 et
825 3556 1031 3607 humilis
1059 3571 1227 3608 scmus
1252 3571 1505 3607 servorum
1538 3554 1631 3607 Dei
1653 3554 1940 3621 episcopus.

512 3642 813 3712 Cognoscat
842 3645 1100 3699 sanctitas
1125 3654 1318 3708 vestra,
1352 3645 1489 3716 quod
1522 3646 2011 3714 perturbationibus

443 3749 610 3803 nuper
649 3734 700 3789 in
744 3735 1008 3790 Britannia
1038 3738 1171 3791 ortis
1204 3752 1267 3791 ex
1300 3747 1447 3804 parte
1473 3751 1656 3790 eorum
1687 3739 1799 3806 qui,
1831 3746 2012 3791 contra

441 3825 651 3880 decreta
679 3826 973 3880 beatissimi
1004 3827 1293 3895 Agathonis
1322 3843 1467 3896 papa:
1514 3828 1757 3897 illiusque
1787 3843 2004 3883 succes-

441 3930 620 3967 sorum
643 3915 1027 3971 venerabilium
1052 3916 1287 3978 Patrum,
1309 3918 1521 3971 sibimet
1547 3920 1930 3986 episc0patum,
1961 3925 2015 3972 et

442 4004 762 4057 monasteria
794 4043 810 4068 ,
866 4011 1143 4071 terraSque
1196 4018 1315 4056 cum
1372 4008 1619 4058 omnibus
1672 4007 2006 4060 facultatibus

442 4094 575 4148 meis
641 4094 1003 4163 usurpabant,
1059 4096 1363 4161 compulsus
1416 4096 1551 4148 hanc
1607 4105 2001 4150 sacrosanctam

438 4184 779 4253 apostolicam
805 4183 987 4238 sedem
1015 4184 1297 4252 appellavi,
1323 4192 1631 4240 contestans
1654 4200 1749 4240 eos
1779 4200 1872 4255 per
1898 4202 2014 4241 om-

442 4280 773 4345 nipotentem
794 4277 1096 4341 Dominum,
1124 4283 1177 4331 et
1207 4278 1414 4330 beatum
1444 4277 1657 4332 Petrum
1684 4280 2006 4347 apostolum,

437 4375 495 4420 ut
517 4366 561 4421 si
595 4367 715 4435 quis
743 4366 971 4436 aliquam
1002 4369 1395 4421 areusatlouem
1443 4380 1624 4422 contra
1652 4384 1736 4423 me
1766 4371 2003 4435 haberet,

438 4458 505 4511 ad
563 4464 791 4521 vestram
845 4459 1180 4525 przesentiam
1238 4458 1472 4523 veniret,
1520 4459 1658 4514 sicut
1710 4461 1999 4516 beatissimi

438 4547 611 4616 Sergii
661 4548 1070 4615 praedecessoris
1095 4549 1256 4602 vestri
1292 4548 1486 4616 scripta
1515 4549 1873 4605 decernebant
1907 4568 1920 4604 :
1949 4562 2003 4605 et

435 4639 562 4695 ideo
582 4640 892 4709 petitionem
918 4639 1229 4694 humilitatis
1255 4656 1387 4695 mete
1431 4643 1674 4711 gloriosa:
1705 4643 2003 4711 praesentiie

436 4741 627 4786 vestra:
654 4731 977 4786 offerendam
1007 4732 1216 4799 curavi,
1248 4741 1305 4786 ιιι
1349 4749 1442 4787 vos
1498 4734 1731 4803 largiﬁua
1792 4734 2003 4803 pietatis

435 4821 804 4876 benevolentia
833 4822 1150 4876 conﬁrmare
1177 4822 1484 4890 dignemini,
1509 4838 1629 4892 quas
1676 4837 1707 4875 a
1758 4823 1998 4875 beatissi.

434 4914 535 4966 mis
573 4910 999 4967 antecessoribus
1047 4912 1239 4966 vestris
1291 4928 1418 4982 erga
1468 4928 1639 4967 meam
1691 4912 2000 4979 parvitatem

433 5001 645 5055 decreta
676 5012 827 5065 sunt;
861 5011 913 5055 et
940 5002 983 5055 si
1007 5002 1125 5071 quis
1154 5012 1337 5057 contra
1377 5018 1463 5057 me
1503 5012 1782 5057 accusator
1831 5004 2003 5058 adve-

434 5092 596 5155 nerit,
627 5106 722 5160 per
750 5103 983 5148 vestram
1010 5094 1306 5162 jussionem
1332 5094 1616 5164 productus
1645 5094 1697 5147 in
1738 5092 2001 5157 medium,

434 5182 575 5249 quod
601 5184 826 5237 voluerit
860 5182 1077 5253 obiiciat
1107 5204 1123 5240 :
1149 5196 1203 5240 et
1241 5188 1283 5239 si
1326 5186 1585 5256 quidlibet
1611 5185 1691 5239 vel
1723 5185 1999 5240 minimum

432 5274 698 5343 objectum
728 5288 831 5328 non
864 5274 1209 5344 probabiliter
1251 5290 1567 5339 cassavero,
1613 5286 1828 5345 paratus
1880 5290 1997 5330 sum

432 5366 768 5423 severitatem
796 5381 1058 5421 canonum
1087 5366 1340 5433 experiri.
1388 5367 1587 5422 Deinde
1633 5382 1782 5438 rogo,
1813 5375 1871 5421 ut
1917 5368 2010 5422 lit-

432 5467 575 5511 teras
600 5456 1078 5512 commendatoriss
1106 5454 1173 5509 de
1197 5466 1373 5511 vestra
1400 5457 1715 5513 celsitudine
1734 5459 1799 5512 ad
1825 5459 2005 5514 Ethel-

341 5601 345 5605 .
433 5550 620 5604 redum
652 5565 830 5620 regem
864 5550 1176 5605 Merciorum
1207 5548 1488 5618 adipiscar,
1520 5562 1577 5604 ut
1601 5553 1780 5608 omnia
1821 5568 2004 5607 mona-

432 5642 594 5700 steria
621 5658 759 5709 mea,
786 5657 904 5712 qua:
932 5642 983 5696 in
1005 5640 1122 5711 ejus
1152 5648 1275 5695 sunt
1306 5641 1575 5708 provincia
1596 5683 1609 5706 ,
1640 5645 1869 5713 quietem
1902 5646 2001 5700 ha-

443 5734 600 5786 beant
625 5731 690 5787 ad
722 5734 980 5790 Allridum
1031 5733 1161 5809 ML,
1195 5732 1499 5803 All'ritbum]
1545 5727 1721 5802 regem
1778 5737 2003 5791 Not-tha-

2035 4506 2086 4566 Ι)

2129 542 2333 596 reddat.
2366 541 2515 606 Quod
2538 538 2583 595 si
2613 538 2750 593 forte
2782 539 2881 592 sibi
2908 552 3071 607 grave
3099 537 3386 603 videbitur,
3420 549 3471 593 ut
3505 541 3704 611 episco-

2131 646 2307 697 parum
2363 633 2751 684 Eboracensem
2797 629 3047 694 habeam,
3077 628 3367 695 pravideat
3412 632 3703 697 apostolica

2129 722 2304 788 sedes,
2339 722 2456 790 quis
2483 722 2554 776 ibi
2572 721 2842 775 habeatur
2882 718 3161 787 episcOpus
3192 733 3206 772 :
3237 734 3336 787 ego
3368 730 3545 775 tamen
3589 739 3705 777 mn-

2131 813 2360 866 nasteria
2389 812 2496 866 duo
2528 813 2577 865 in
2606 826 2668 867 ea
2698 811 2965 880 provincia
2992 810 3162 878 posita
3184 809 3329 879 Ripis
3348 822 3397 864 et
3424 812 3703 883 llagustalé

2129 900 2284 967 dela‘,
2317 918 2434 971 quae
2460 901 2719 962 fundavi,
2752 916 2855 952 non
2906 898 3167 954 amittam.
3226 901 3280 953 In
3339 902 3442 956 line
3490 920 3703 974 quoque

2130 992 2365 1060 spondeo
2379 1009 2463 1047 me
2476 992 2720 1046 omnibus
2735 991 2963 1045 decretis
2985 990 3193 1044 Brethvv
3204 991 3309 1045 aldi
3332 990 3701 1065 [Berthwaldi]

2130 1085 2512 1153 archiepiscopi
2543 1084 2859 1152 pariturum,
2891 1098 3007 1151 quae
3034 1092 3219 1136 contra
3250 1085 3704 1152 praideeessorum

2130 1182 2431 1227 vestrorum
2465 1173 2831 1227 fundatissima
2856 1172 3069 1225 decreta
3098 1186 3224 1240 erga
3260 1187 3432 1226 meam
3476 1176 3707 1243 parvita-

2132 1272 2240 1315 tem
2270 1277 2371 1316 non
2410 1262 2627 1317 fuerint.
2656 1263 2747 1316 llis
2774 1277 2892 1316 cum
2942 1272 3277 1316 accusatores
3306 1280 3336 1317 a
3369 1264 3705 1320 Bcrthwaldo

2130 1351 2532 1420 archiepiscopo
2587 1353 2731 1407 missi
2792 1351 3118 1420 respondere
3166 1352 3302 1421 jussi
3359 1364 3567 1419 essent,
3603 1356 3703 1409 hoc

2129 1440 2358 1507 primum
2415 1442 2664 1495 dixerunt
2725 1457 2740 1493 :
2800 1441 2930 1495 Esse
2958 1441 3161 1495 crimen
3193 1442 3445 1511 capitale,
3475 1446 3613 1513 quod
3647 1445 3702 1499 in

2130 1530 2355 1583 concilio
2385 1531 2435 1584 in
2463 1531 2731 1584 Britannia
2753 1542 3074 1601 congregato
3104 1532 3339 1588 decretis
3385 1534 3696 1591 Britowaldi

2128 1618 2511 1688 archiepiscOpi
2539 1635 2597 1674 se
2623 1635 2729 1675 non
2755 1621 3097 1675 obeditnrum
3122 1622 3398 1679 Willridus
3424 1636 3698 1681 contuma-

2129 1706 2262 1762 citer
2289 1709 2530 1763 dixisset.
2562 1710 2634 1764 De
2664 1710 2762 1763 hoe
2785 1720 2931 1765 stans
2961 1711 3012 1763 in
3044 1712 3219 1765 medio
3253 1715 3481 1779 pontifex
3523 1731 3582 1769 se
3606 1730 3700 1771 ex-

2051 1788 2099 1848 B
2129 1801 2391 1867 purgavit,
2416 1809 2471 1853 ut
2500 1800 2703 1855 diceret
2720 1816 2778 1856 se
2804 1802 2880 1855 sic
2911 1819 3014 1856 non
3040 1803 3317 1861 indeﬁnite
3341 1808 3697 1876 respondisse,

2126 1891 2218 1943 sed
2248 1891 2328 1943 his
2352 1893 2716 1947 tantummodo
2742 1894 3056 1961 parituram,
3082 1910 3200 1963 qua:
3225 1906 3407 1949 contra
3437 1914 3699 1953 canonum

2124 1980 2335 2036 decreta
2371 1998 2475 2035 non
2503 1990 2684 2036 essent
2718 2001 2731 2036 :
2765 1983 2884 2038 esse
2911 1995 3086 2038 autem
3139 1995 3323 2039 contra
3374 1989 3603 2058 regulas,
3632 1998 3703 2042 ἰη

2126 2070 2239 2137 ipse
2267 2086 2324 2123 se
2350 2071 2466 2125 sine
2496 2072 2604 2125 ullo
2633 2072 2869 2127 criminis
2913 2074 3123 2143 objectu
3165 2076 3515 2144 adjudicaret.

2198 2160 2320 2215 ΙΙωο
2369 2172 2474 2215 tam
2522 2163 2811 2230 probabilis
2833 2175 2887 2218 et
2940 2165 3110 2219 facilis
3142 2170 3417 2235 responsio
3440 2185 3562 2224 cum
3593 2171 3690 2225 lte-

2127 2260 2236 2305 tmn
2269 2254 2508 2320 plausum
2544 2255 2800 2311 Romanis
2828 2258 3141 2321 excitasset,
3169 2260 3300 2327 jussi
3332 2271 3453 2312 sunt
3482 2276 3698 2316 accusa-

2128 2352 2270 2397 tores
2325 2346 2538 2398 domum
2592 2348 2789 2413 redire,
2837 2349 3137 2404 dicentibus
3188 2353 3485 2420 episc0pis,
3544 2355 3685 2421 quod

2123 2438 2367 2503 quamvis
2394 2438 2686 2491 canunibus
2714 2449 2928 2493 cautum
2956 2451 3121 2505 esset,
3147 2452 3201 2494 ut
3225 2454 3503 2496 accusator
3525 2444 3697 2512 primo

2124 2527 2472 2581 accusationis
2521 2528 2755 2595 capitulo
2799 2529 3073 2595 decidens,
3119 2531 3339 2584 ulterius
3362 2534 3427 2585 ad
3460 2534 3686 2587 aliorum

2127 2625 2508 2670 tcntamcntutn
2540 2635 2643 2673 non
2676 2631 2998 2691 assurgeret,
3033 2636 3091 2676 se
3123 2631 3295 2676 tamen
3322 2639 3416 2691 pro
3447 2640 3696 2679 reveren—

2124 2712 2194 2763 tia
2229 2712 2534 2763 Brithwaldi
2567 2712 2953 2782 archiepiscopi
2980 2729 3083 2767 non
3118 2714 3417 2780 defuturos,
3439 2715 3564 2783 quin
3581 2731 3695 2769 om-

2123 2800 2209 2853 nia
2246 2817 2339 2868 per
2383 2801 2628 2855 ordinem
2657 2802 3021 2869 discuterent;
3056 2803 3358 2872 factumque
3380 2815 3462 2858 est
3485 2815 3538 2858 ut
3562 2822 3693 2874 qua-

2124 2898 2241 2947 tuor
2295 2896 2565 2948 mensibus
2609 2896 2942 2967 sep'uiginta
2993 2898 3344 2950 conciliabula
3373 2906 3579 2962 coacta,
3612 2899 3693 2950 vel

2128 2996 2341 3054 pmpter
2382 2988 2482 3040 hoc
2525 2988 2720 3053 solum,
2774 2991 2853 3042 vel
2888 2989 2987 3041 hoc
3021 2990 3371 3056 prmitipuum,
3402 2988 3558 3042 linem
3581 2990 3694 3057 glo-

2124 3080 2319 3134 riosum
2348 3079 2614 3143 Wilfrido,
2637 3080 3046 3150 ignominiosum
3065 3081 3463 3134 accusatoribus
3492 3080 3690 3135 habite-

2124 3171 2252 3234 rint,
2306 3171 2561 3224 Romanis
2604 3171 2832 3224 ntaxiuta
2861 3172 3097 3237 impensa
3132 3171 3450 3224 mirantibus
3478 3173 3690 3226 illorum

2123 3260 2541 3328 impudentiam,
2607 3261 2751 3313 illius
2809 3260 3205 3329 eloquentiam,
3266 3262 3391 3314 dum
3438 3262 3690 3332 quidquid

2102 3353 2521 3407 accusationum
2578 3350 2923 3421 obiecissent,
2973 3352 3062 3405 ille
3098 3353 3243 3405 nullo
3287 3354 3585 3421 excogitato
3608 3368 3693 3407 re-

2121 3460 2338 3513 sponso,
2366 3445 2459 3499 sed
2511 3445 2602 3498 Βιιί
2658 3454 2712 3497 ct
2758 3444 2997 3497 veritatis
3055 3444 3214 3497 fultus
3266 3446 3479 3507 auxilio,
3539 3445 3689 3511 quasi

2118 3550 2300 3591 casses
2352 3550 2666 3589 aranearum
2718 3538 2888 3604 primo
2919 3548 3060 3587 motu
3096 3534 3353 3588 labiorum
3399 3534 3690 3587 discuteret

2119 3636 2172 3679 et
2198 3628 2312 3679 sub:
2330 3634 2511 3687 ueret;
2539 3625 2637 3679 hoc
2663 3626 2875 3693 pronius
2899 3626 3129 3692 cpiscOpi
3156 3623 3480 3676 mirabantur
3509 3624 3681 3678 causi-

2118 3715 2358 3769 dicorum
2415 3716 2711 3779 audaciam,
2761 3714 3025 3782 quomodo
3054 3715 3533 3768 ecclesiasticorum
3559 3730 3683 3783 grao

2119 3808 2277 3861 duttm
2310 3810 2570 3861 immtmes
2613 3808 2736 3878 (nisi
2766 3806 2903 3874 quod
2936 3820 3068 3859 unus
3098 3821 3282 3859 eorum
3311 3807 3564 3861 diaconus
3593 3820 3683 3861 es-

2118 3902 2220 3970 set)
2277 3907 2661 3969 prmsumcrcnt
2704 3910 2953 3955 accusare
3002 3899 3359 3953 venerandum
3387 3900 3569 3953 senem
3594 3914 3680 3954 se-

2120 3991 2389 4057 ptuaginta
2408 4004 2667 4044 annorum
2689 3990 3013 4059 pontiﬁcem,
3034 3999 3322 4043 torrentem
3342 3989 3679 4057 eloquentiic:

2120 4076 2256 4131 inter
2278 4093 2336 4130 se
2366 4093 2493 4145 ergo
2523 4079 2746 4130 multum
2770 4080 2965 4145 diuque
2986 4080 3351 4145 grrccizantes,
3387 4079 3596 4132 tandem
3620 4079 3683 4130 ad

2119 4177 2293 4221 nostra
2353 4166 2510 4220 verba
2568 4166 2838 4231 conversi,
2885 4167 3207 4219 damnarunt
3257 4168 3450 4221 missos
3497 4168 3688 4238 dignos

2115 4273 2348 4321 carcere,
2391 4258 2673 4310 missorem
2725 4266 3013 4323 arguerunt
3052 4258 3308 4321 stultitiae,
3372 4256 3675 4311 Willridum

2117 4350 2528 4419 pronuntiarunt
2553 4356 2823 4421 exsortem
2855 4346 2921 4399 ab
2950 4346 3093 4398 omni
3112 4346 3355 4399 crimine.

2184 4462 2279 4515 llic
2307 4460 2624 4528 subjicerem
2671 4468 2922 4526 quantum
2961 4458 3303 4512 emolumenti
3336 4473 3508 4513 cause
3537 4458 3678 4513 illius

2112 4552 2347 4606 attulerit
2375 4551 2609 4621 synodus
2633 4549 2923 4618 Agathonis
2950 4564 3097 4618 papa:
3122 4550 3277 4612 lecta,
3304 4550 3395 4603 sed
3429 4562 3480 4603 et
3510 4552 3636 4605 illud
3663 4592 3678 4615 ,

2111 4640 2251 4709 quod
2307 4642 2356 4694 in
2409 4639 2594 4695 Meldis
2643 4638 2855 4693 civitate
2908 4638 3145 4693 Francia:
3172 4639 3239 4692 ab
3262 4642 3467 4694 oriente
3492 4641 3674 4697 Parisii

2117 4732 2311 4799 posita,
2357 4743 2477 4784 cum
2523 4730 2737 4784 domum
2771 4729 2967 4784 rediret
2995 4730 3299 4785 inﬁrmitate
3330 4748 3566 4799 pressus,
3602 4734 3683 4787 vi-

2112 4823 2262 4872 si0ue
2313 4828 2529 4872 sanatus
2585 4821 2657 4871 sit
2710 4820 2969 4887 angelica,
3022 4819 3122 4872 nisi
3171 4818 3309 4874 Beda
3348 4822 3681 4877 Venerabilis

2114 4908 2397 4962 historicus
2425 4910 2616 4980 digntts
2663 4925 2761 4977 pro
2787 4925 2843 4963 se
2871 4925 3172 4963 sermonum
3199 4910 3489 4965 sobrietate
3510 4914 3679 4974 credi,

2113 5000 2469 5054 narrationem
2524 5000 2899 5069 prmvertisset.
2936 5001 3041 5053 Nos
3068 5002 3135 5052 ah
3180 5000 3294 5066 ipso
3315 5003 3508 5056 omissa
3540 5002 3677 5056 scri-

2113 5101 2279 5160 pturic
2328 5091 2607 5160 perstricte
2638 5092 2938 5147 inserimus.
2983 5091 3236 5158 Quamvis
3268 5093 3429 5159 igitur
3456 5105 3675 5148 antistes

2114 5199 2224 5239 rem
2267 5183 2608 5247 obtinuisset,
2662 5183 2929 5239 ambiebat
2969 5194 3142 5238 tamen
3171 5184 3353 5238 Roma!
3379 5200 3675 5248 remanere,

2112 5277 2332 5329 senilem
2356 5275 2598 5344 spiritum
2640 5276 2737 5327 sub
2777 5274 3113 5328 dominorum
3143 5275 3548 5343 apostolicorum
3576 5290 3671 5343 pe-

2110 5367 2265 5421 dibus
2319 5365 2601 5420 eliusurus.
2658 5366 2868 5421 llestitit
2901 5367 2986 5433 pio
3012 5376 3134 5419 voto
3167 5365 3432 5433 pontiﬁcis
3453 5364 3674 5419 Joannis

2111 5459 2267 5517 ratio.
2302 5471 2402 5523 qua
2432 5457 2633 5511 diceret
2660 5471 2779 5510 eum
2814 5457 3020 5526 Anglia:
3050 5456 3431 5521 necessarium,
3453 5456 3677 5525 ideoque

2104 5550 2282 5619 jussit,
2307 5559 2364 5601 ut
2386 5549 2524 5618 quod
2550 5558 2826 5618 supererat
2849 5545 2968 5614 :evi,
3002 5564 3103 5603 non
3136 5548 3186 5601 in
3222 5549 3509 5617 peregrinis
3536 5549 3677 5600 auris

2108 5638 2640 5713 [oris]consumere‘,
2689 5639 2779 5693 sed
2832 5638 3015 5709 patria:
3069 5638 3366 5693 commodis
3412 5638 3677 5708 impendi:

2110 5745 2206 5802 ret,
2237 5744 2342 5788 ctc.
