4068 6182
380 481 389 487 .
711 495 2510 506 w.———_—_———_—_————————
2654 491 2676 499 Ὗ
2817 499 2956 505 ——_
2973 500 3304 507 ψ

407 505 410 507 λ
453 503 456 505 λ
499 503 568 507 .__
585 502 702 507 .ﬂ..-
3309 502 3580 510 .___....___.

385 530 412 535 _
495 530 546 536 ’,-
563 530 594 534 __
605 528 848 535 ,______._-._
865 523 2974 534 __-._‘-_—.___——-—._—_—._._——__.._—__m-.______
2987 527 3276 534 _..___.___
3293 529 3336 534 __
3347 529 3470 536 ____"
3481 529 3596 537 _m‘

1656 630 1822 673 ANNO
1866 630 2092 673 DOMlNl
2129 629 2361 674 DCCV”.

955 795 1973 1022 JOANN
1987 796 2351 1019 ES
2462 805 2915 1022 VII
2964 967 3028 1063 ,

1556 1141 1937 1206 ROMANUS
1982 1141 2407 1204 PONTIFEX.

1118 1387 1553 1465 ΝΟΤΙΤΙΑ
1612 1388 1716 1463 ΙΝ
1776 1387 2252 1462 JOANNEM
2316 1387 2647 1463 PAPAM
2706 1389 2884 1465 VII.

1850 1543 2136 1555 _—

1796 1620 1929 1680 (Lib.
1954 1620 2203 1685 Pontiﬁc.)

1872 1753 2081 1767 _

430 1840 459 1868 ⁸
488 1830 721 1885 Joannes
768 1828 857 1883 VII
908 1828 1126 1883 natione
1174 1826 1395 1884 Gmcus
1421 1871 1432 1893 ,
1482 1839 1635 1898 patre
1673 1829 1893 1886 Platone
1920 1872 1934 1897 ,
1966 1840 2021 1898 Α
2046 1849 2147 1903 que
2174 1835 2285 1890 auri
2316 1845 2370 1891 et
2397 1837 2601 1905 argenti
2624 1839 2977 1907 quantitatem
3007 1842 3226 1899 multam
3251 1850 3537 1919 expendit,
3569 1866 3623 1910 et

357 1924 498 1980 sedit
521 1938 690 1978 annos
722 1936 782 1987 ιι,
815 1935 1027 1976 menses
1074 1935 1144 1975 vu
1174 1962 1189 1987 ,
1239 1920 1354 1975 dics
1385 1937 1512 1975 xvn.
1542 1922 1559 1953 ί
1594 1920 1718 1977 Fuit
1764 1931 1940 1978 autem

360 2020 695 2089 temporibus
721 2018 923 2073 Tiberii
948 2018 1169 2089 Augusti
1195 2025 1250 2072 et
1272 2018 1554 2073 Iustiniani
1582 2019 1942 2088 imperatoris,

361 2114 444 2167 vir
471 2111 889 2175 eruditissimus,
934 2119 985 2164 et
1032 2108 1290 2163 facundus
1335 2109 1658 2177 eloquentia.
1696 2110 1788 2163 llic
1822 2110 1943 2163 fecit

363 2204 652 2258 oratorium
680 2211 881 2255 sancta:
913 2201 1004 2255 Dei
1027 2200 1468 2257 Genitricisintra
1490 2203 1769 2257 ecclesiam
1801 2202 1942 2257 beati

367 2295 509 2353 Petri
529 2295 778 2365 apestoli,
811 2294 963 2363 cujus
990 2292 1219 2361 parietes
1270 2294 1478 2349 musivo
1506 2292 1771 2363 depinxit.
1801 2293 1944 2348 Illic-

2046 1927 2436 1982 venerabilium
2465 1928 2684 1984 Patrum
2716 1930 2900 1986 dextra
2931 1931 3169 2005 laevaque
3218 1938 3393 1995 vultus
3432 1946 3619 2000 erexit.

2048 2016 2143 2071 llic
2174 2018 2496 2072 restauravit
2524 2020 2797 2074 basilicam
2819 2032 3019 2078 sancta:
3042 2024 3293 2093 Eugeniae
3321 2045 3438 2100 qua:
3464 2033 3622 2104 longo

2049 2122 2293 2177 tempore
2322 2110 2343 2140 ‘
2380 2109 2591 2164 detecta
2622 2119 2781 2180 atque
2823 2110 3033 2182 dirupta
3084 2114 3277 2171 fuerat.
3332 2118 3618 2181 Laboravit

2046 2209 2227 2255 autem
2257 2209 2310 2255 et
2341 2199 2393 2253 in
2419 2200 2743 2256 ccemeteriis
2776 2200 3053 2258 beatorum
3076 2215 3370 2277 martyrum
3401 2212 3618 2270 Marcel-

2051 2291 2144 2347 lini
2170 2301 2225 2346 ct
2256 2291 2449 2355 Marci,
2502 2290 2824 2361 Damasique
2872 2293 3041 2347 sancti
3096 2297 3379 2363 pontiﬁcis.
3416 2299 3441 2338 ι)
3472 2303 3624 2359 Fecit

1578 2404 1967 2461 VARIANTES
2005 2402 2291 2458 LECTION
2303 2402 2402 2458 ES.

437 2504 450 2531 '
485 2501 569 2557 Al.
600 2516 708 2554 om.
740 2503 864 2553 ruit
891 2509 1151 2553 autem...
1179 2500 1519 2567 imperatoris.
1546 2546 1549 2547 ν

2110 2497 2129 2526 ³
2178 2496 2284 2559 AL,
2316 2495 2550 2549 dislecta.

1710 2586 2066 2643 VARIORUM
2106 2583 2338 2640 NOTAE.

438 2695 463 2722 ι
495 2685 717 2739 Joannes
758 2682 894 2738 VII.
936 2682 1089 2739 Sedis
1109 2682 1430 2751 Apostolicae
1453 2682 1783 2735 vacationem
1817 2691 1938 2748 post

364 2766 601 2811 mortem
631 2754 843 2810 Ioannis
874 2753 965 2819 V'l,
1000 2766 1165 2819 υείιιιμ
1205 2752 1266 2805 ad
1300 2752 1517 2804 alterius
1541 2752 1761 2805 Joannis
1792 2752 1931 2803 ordi.

365 2825 661 2886 nationem,
705 2825 924 2882 catalngi
956 2831 1009 2877 et
1049 2822 1157 2875 Cod
1184 2824 1216 2874 l.
1254 2835 1443 2889 tuguri
1496 2836 1761 2875 Ctmsensu
1804 2821 1935 2873 deii-

364 2897 520 2949 niunt
552 2896 701 2949 unius
740 2894 962 2956 mensis,
999 2907 1061 2945 ac
1114 2892 1318 2943 diorum
1372 2891 1689 2953 octodecim,
1740 2900 1935 2959 printer

361 2964 667 3033 catalogum
697 2964 1062 3018 Veronensum
1090 2975 1195 3013 uno
1220 2960 1396 3033 minus
1422 2960 1509 3014 die
1537 2969 1928 3033 numerantem,

362 3034 507 3100 quod
550 3030 798 3101 procedit
851 3032 1084 3087 exclusis
1116 3030 1368 3084 extremis
1396 3072 1410 3095 ,
1469 3042 1524 3083 et
1569 3030 1932 3101 Colbertinum

361 3099 578 3159 tertium
601 3114 784 3164 aperte
805 3102 1141 3162 mendosum,
1162 3117 1281 3153 nam
1306 3100 1422 3153 dies
1449 3110 1694 3154 numerat
1714 3099 1933 3154 omnino

362 3174 596 3238 triginta.
632 3174 793 3227 Recte
836 3174 996 3242 igitur
1038 3186 1131 3242 per
1181 3171 1604 3242 nos‘constituta
1635 3170 1721 3242 die
1758 3184 1936 3242 emor-

364 3245 491 3297 tuali
545 3239 953 3310 praedecesmris
990 3243 1044 3294 ll
1093 3239 1344 3307 jannarii,
1400 3241 1518 3293 dies
1573 3240 1931 3310 ordinationis

361 3308 585 3367 Joannis
617 3313 702 3368 ΠΙ
734 3330 826 3381 per
854 3328 912 3366 se
952 3322 1126 3379 patet;
1160 3311 1361 3381 quippe
1380 3311 1445 3381 ab
1487 3310 1545 3363 ll
1583 3308 1798 3362 Januar.
1828 3308 1934 3381 ’ζυβό

2040 2690 2150 2754 net,
2202 2679 2339 2754 inter
2378 2695 2436 2732 se
2483 2680 2635 2754 valde
2679 2680 3003 2754 discrepant.
3037 2682 3299 2754 _Catalogi
3349 2686 3610 2754 siquidem

2040 2748 2365 2820 Veronensis
2393 2758 2445 2820 et
2472 2750 2811 2820 Colbertinus
2827 2748 3010 2805 sextus
3036 2751 3232 2806 habent
3252 2748 3464 2809 menses
3485 2772 3611 2820 vni;

2040 2819 2703 2890 Bcrgomas,il.ucensis,
2764 2819 3069 2882 Farfensis.
3133 2832 3241 2877 tres
3296 2824 3609 2890 Colbertini,

2037 2898 2281 2958 quartus,
2312 2889 2529 2957 quintus
2556 2897 2609 2942 et
2636 2894 2915 2957 septimus,
2949 2906 3053 2945 una
3104 2909 3222 2946 cum
3280 2892 3447 2947 Codd.
3500 2889 3614 2949 vul-

2037 2968 2178 3026 gato,
2206 2959 2466 3012 ambobus
2495 2958 2855 3025 Freherianis,
2888 2960 3113 3015 Tliuano
3136 2963 3327 3025 altero,
3361 2963 3605 3028 Cavcnsi,

2038 3038 2089 3098 et
2120 3029 2470 3093 Farnesiano,
2501 3044 2714 3083 menses
2746 3045 2816 3084 vn
2842 3047 2855 3095 ;
2893 3030 3471 3098 Palatino-Vaticanus,
3502 3034 3609 3088 duo

2037 3097 2648 3173 gallicrtini,§ecundus
2710 3111 2795 3173 _et
2845 3101 3050 3173 tertius,
3102 3117 3221 3173 cum
3254 3097 3610 3173 iCodd.'lteg.

2039 3166 2598 3240 blaa.iriiio,__'l'huauo
2628 3169 2835 3240 _primo,
2871 3171 3220 3225 Ambrosiano
3253 3172 3376 3225 item
3409 3166 3604 3240 primo,

2037 3239 2227 3306 quibus
2255 3238 2572 3305 suﬁ‘ragatur
2625 3238 3017 3307 Luitprandus,
3069 3257 3279 3295 menses
3311 3257 3381 3295 Vl.
3413 3238 3493 3297 Ex
3527 3244 3609 3298 his

2037 3323 2164 3361 vero
2186 3319 2299 3379 tam
2334 3310 2491 3361 variis
2549 3311 2887 3369 ouiriionibus
2914 3314 3091 3379 potior
3142 3311 3281 3365 haud
3311 3312 3473 3367 dubie
3520 3323 3603 3367 est

362 3398 458 3448 per
497 3368 746 3438 mensem.
765 3398 924 3435 unum
953 3368 1502 3450 'diesqiie'oetfotlecim
1531 3379 1930 3445 interpontlﬁcii
1964 3368 2009 3427 Β
2034 3392 2151 3450 qua!
2171 3378 2362 3432 Joanni
2392 3368 2815 3450 tribuit'menses
2842 3368 2930 3435 νιιξ
2965 3380 3275 3450 Paritcrque
3310 3381 3446 3436 inter
3473 3383 3606 3438 alias

358 3453 797 3512 «lescendcndo.l
819 3452 1019 3504 alenda:
1033 3450 1229 3503 Martia:
1242 3449 1599 3513 offenduntur,
1615 3463 1733 3516 qua:
1745 3450 1934 3504 eodem

356 3537 501 3576 anno
528 3523 629 3578 705
668 3539 787 3573 cum
820 3521 1088 3573 DominiCa
1129 3521 1542 3580 concurrebant,
1578 3519 1739 3573 utlit.
1785 3518 1931 3572 dom.

356 3591 405 3644 D
450 3592 602 3647 [idem
651 3591 796 3645 facit.
830 3591 1059 3659 Easdem
1086 3589 1350 3643 Kalendas
1380 3590 1596 3643 Martias
1646 3597 1701 3642 et
1742 3588 1934 3659 Pagius

361 3662 598 3716 tribuere
663 3661 985 3713 ordinationi
1035 3658 1254 3713 Joannis
1302 3668 1385 3712 est
1435 3660 1777 3727 compulsus,
1811 3658 1935 3727 Quia

359 3732 567 3783 nullum
631 3730 822 3784 festum
870 3731 1007 3783 diem
1066 3729 1249 3781 habuit
1303 3729 1545 3792 obvium,
1598 3729 1738 3797 quod
1782 3743 1932 3782 suam

353 3799 773 3866 Chronologiam
804 3807 1058 3865 tequaret.
1088 3798 1222 3863 Quid
1266 3799 1427 3850 vero?
1476 3798 1932 3864 Quemadmodum

356 3874 409 3919 is
438 3872 581 3920 indui
633 3871 854 3921 retraxit
899 3868 1289 3919 ordinationem
1324 3867 1754 3931 praedecessoris,
1790 3867 1934 3931 ejus-

357 3952 473 4002 que
503 3938 909 4003 depositioncm,
942 3938 1013 3987 ita
1064 3935 1206 3989 bidui
1261 3951 1400 3989 nunc
1429 3937 1590 3989 distat
1621 3938 1687 3989 ab
1741 3935 1929 3991 iisdem

358 4004 621 4059 Kalendis
665 4004 887 4057 Maitiis.
921 4004 1049 4056 Illud
1082 4017 1209 4055 vero
1239 4016 1294 4056 ut
1320 4014 1602 4068 recuperct
1630 4014 1745 4057 arte
1770 4009 1934 4061 utitur

356 4075 519 4144 plane
565 4074 856 4143 singulari,
891 4088 1047 4141 quam
1083 4073 1277 4144 ipsius,
1304 4074 1477 4144 verbis
1537 4076 1927 4144 proponendam

357 4141 725 4211 arbitrorh'ut
747 4144 939 4213 legenti
969 4144 1036 4195 sit
1081 4143 1345 4209 patentior
1373 4159 1385 4194 :
1424 4141 1629 4204 Verum,
1661 4143 1831 4213 inquit
1866 4146 1934 4201 de

357 4212 811 4283 interpontillcio,
832 4213 942 4265 loco
969 4212 1084 4265 dies
1106 4227 1238 4264 xvm
1270 4212 1537 4283 legendum
1566 4214 1680 4267 dies
1704 4212 1815 4279 xix,
1845 4232 1933 4269 ex-

354 4281 677 4339 cluso‘etiant
699 4285 781 4337 die
802 4283 1065 4337 emortuali
1082 4292 1184 4334 tant
1204 4300 1234 4335 a
1254 4281 1372 4336 sede
1399 4281 1614 4337 Joannis
1654 4283 1730 4336 γι
1783 4302 1933 4353 quam

355 4354 420 4406 ab
448 4355 838 4423 interponti/irio
860 4394 874 4417 ,
908 4355 1050 4423 isque
1081 4368 1222 4405 error
1272 4363 1327 4405 ut
1372 4357 1587 4417 videtur,
1632 4354 1930 4408 tribuendus

355 4426 654 4479 Anastasio.
686 4425 800 4477 Duo
841 4424 926 4477 hic
982 4432 1165 4483 peccat
1197 4423 1277 4475 vir
1307 4426 1728 4488 eruditissimus,
1776 4424 1932 4493 idque

358 4512 424 4549 eo
455 4496 593 4562 quod
627 4495 853 4548 removit
883 4494 1266 4547 ordinationem
1312 4508 1341 4545 a
1389 4496 1474 4548 die
1506 4495 1809 4557 Dominica;
1844 4512 1930 4546 ar-

355 4567 467 4632 guit
491 4580 682 4631 nempe
702 4564 897 4618 erroris
915 4573 1077 4617 totam
1101 4566 1459 4631 cataIOgorutn
1487 4574 1539 4616 et
1562 4565 1815 4618 Codicum
1848 4579 1932 4619 se-

357 4635 511 4695 riem,
554 4650 688 4704 eque
735 4636 846 4688 Suis
879 4633 1046 4686 thecis
1071 4648 1226 4686 unam
1250 4637 1386 4687 eruit
1414 4635 1575 4699 dem,
1604 4644 1662 4686 ut
1704 4636 1924 4699 hiatum,

2041 3448 2265 3522 aliorum
2296 3449 2587 3522 sententias
2619 3450 2685 3522 de
2716 3452 2918 3504 dierum
2956 3448 3213 3517 numero,
3261 3466 3321 3522 ea
3363 3453 3605 3522 eligenda

2040 3515 2139 3569 fuit
2165 3534 2281 3587 qum
2312 3518 2690 3585 septemdecim
2726 3528 2987 3573 numerat.
3022 3515 3226 3576 Etenim
3258 3515 3487 3577 Joannés
3517 3523 3608 3577 γιι

2038 3602 2177 3643 anno
2200 3587 2586 3651 705,Kalendis
2613 3589 2832 3657 Μνιῑιὶἰε,
2858 3592 3154 3653 ordinatus,
3171 3602 3446 3660 postquam
3465 3592 3602 3645 sedit

2039 3673 2205 3713 annos
2238 3674 2297 3724 ιι,
2329 3674 2540 3713 menses
2571 3676 2661 3721 vn,
2695 3660 2811 3713 dies
2859 3676 2986 3722 xvn,
3020 3677 3085 3713 xv
3119 3661 3233 3713 Kal.
3266 3660 3601 3727 Novembris,

2038 3740 2131 3780 Seu
2187 3728 2246 3779 l8
2300 3730 2565 3792 Octobris,
2615 3730 2853 3797 sepultus
2881 3740 2961 3783 est
3010 3731 3073 3781 ad
3126 3732 3336 3783 beatum
3392 3731 3602 3783 Petrum

2040 3798 2361 3866 apostolum,
2414 3798 2701 3852 indictione
2748 3800 2806 3865 6,
2854 3814 2947 3852 seu
2994 3813 3133 3851 anno
3164 3797 3288 3863 707,
3332 3805 3390 3851 ut
3445 3798 3606 3851 tradit

2036 3867 2368 3921 Anastasius.
2396 3869 2622 3921 Caunus.

2128 3938 2355 3989 Joannes
2420 3934 2556 3990 γιι.
2613 3935 2985 3991 Pontificatum
3043 3935 3266 4004 adeptus
3321 3946 3403 3991 est
3467 3952 3605 3991 anno

2035 4005 2232 4060 Christi
2263 4005 2389 4069 705,
2417 4007 2582 4071 prima
2623 4005 2712 4060 die
2738 4006 2929 4073 Martii,
2971 4007 3058 4059 cui
3091 4022 3277 4061 recens
3304 4007 3475 4061 electo
3499 4008 3602 4062 hoc

2036 4092 2201 4144 prepe
2250 4076 2566 4130 miraculose
2622 4077 2863 4143 contigit,
2896 4086 2952 4129 ut
2998 4077 3155 4130 homo
3184 4077 3400 4131 Graecus
3426 4093 3590 4146 opera

2038 4147 2342 4200 ercormu
2374 4161 2406 4201 e
2451 4162 2673 4201 numero
2702 4147 3047 4200 cardinalium
3094 4148 3313 4200 aliorum
3366 4146 3417 4201 in
3462 4147 3589 4201 sede

2036 4216 2328 4284 apostolica
2378 4217 2690 4283 collocatus,
2720 4217 3068 4283 apostolicum
3119 4217 3360 4283 spiritum
3420 4218 3593 4269 luere-

2036 4289 2303 4348 ditaverit,
2354 4295 2513 4356 atque
2568 4286 2869 4356 imperatori
2929 4287 3199 4349 hmretico,
3243 4286 3584 4340 conciliabuli

2035 4355 2651 4423 Constantinopolitaui,’
2677 4357 2745 4410 de
2774 4372 2878 4424 quo
2909 4372 3090 4423 supra,
3123 4358 3584 4411 conﬁrmationem

2037 4426 2259 4495 petenti,
2286 4441 2616 4493 nequaquam
2650 4427 2992 4494 acquieverit.
3038 4427 3197 4481 Blauet
3224 4427 3383 4481 Lana.

2105 4494 2333 4567 Joannes
2389 4494 2519 4567 ιζιι.
2565 4498 2785 4551 Platone
2810 4498 3062 4567 Janidega
3094 4507 3239 4563 patre
3264 4507 3437 4560 natus,
3468 4496 3600 4567 Bos,-

2036 4566 2151 4618 sani
2182 4566 2381 4634 Magna:
2404 4566 2645 4630 Grarcir,
2697 4577 2748 4618 ιιι
2775 4565 3020 4620 Calabria
3053 4568 3204 4619 dictae
3229 4607 3243 4631 ,
3269 4580 3438 4630 ortus,
3482 4565 3595 4620 XIV

2038 4650 2170 4703 papa
2230 4636 2521 4704 regnicola,
2555 4638 2808 4691 diaconus
2837 4637 3120 4691 cardinalis
3176 4648 3372 4690 sancta:
3423 4636 3601 4690 Maria:

355 4705 399 4759 si
447 4705 555 4758 ﬁeri
591 4706 775 4773 possit,
811 4704 1106 4769 compleat;
1135 4718 1362 4775 cinoque
1408 4705 1578 4775 adhuc
1602 4704 1758 4775 desit
1808 4704 1924 4757 dies
1954 4706 1999 4767 C
2030 4704 2209 4760 Novae.
2243 4707 2382 4760 sedit
2409 4722 2576 4760 annos
2607 4723 2661 4770 ιι,
2693 4723 2901 4760 menses
2930 4722 3025 4775 vn,
3055 4708 3168 4759 dies
3189 4722 3285 4771 xu,
3309 4715 3521 4760 creatus
3549 4715 3603 4760 et

356 4791 479 4836 una,
531 4778 882 4828 emortualem
931 4776 1151 4827 Joannis
1185 4773 1245 4825 Vl
1310 4774 1483 4840 perire
1532 4774 1711 4841 jubet;
1764 4791 1922 4839 quam

356 4846 597 4909 profecto
620 4847 663 4897 si
696 4846 869 4913 perire
912 4844 1142 4908 iusserat
1176 4851 1294 4910 post
1339 4844 1601 4911 Sergium,
1636 4847 1919 4897 consensui

353 4913 611 4968 Codicum
638 4912 1079 4981 et’catalogorum
1110 4929 1229 4964 eum
1273 4912 1540 4967 adversari
1574 4928 1678 4967 non
1706 4922 1922 4980 oporte-

350 4984 441 5036 bat
471 5004 481 5036 :
517 4999 634 5036 nam
682 5000 711 5038 a
759 4986 846 5039 die
877 4988 908 5038 υ
938 4983 1266 5049 Septembris
1312 4999 1340 5036 ι.
1381 4982 1495 5036 dies
1526 4999 1832 5046 numerans,
1868 4984 1918 5035 in

349 5054 751 5122 interpontilicii
783 5063 1020 5109 extrema
1051 5053 1119 5105 ‘39
1159 5054 1431 5116 Octobris,
1463 5068 1582 5122 qua:
1612 5053 1829 5107 Joannis
1856 5052 1919 5106 Vl

347 5126 739 5179 ordinationem
790 5124 1116 5194 prmcessit,
1154 5123 1466 5187 desinebat;
1505 5127 1595 5194 “ita
1645 5134 1818 5176 tamen
1861 5132 1918 5176 ut

350 5195 703 5248 emortualem
750 5192 945 5262 ipsam,
974 5210 1069 5247 seu
1090 5193 1442 5261 depositionis
1483 5192 1625 5247 diem
1656 5193 1726 5245 ab
1756 5194 1918 5248 intor-

350 5264 626 5332 poutilicio
650 5265 978 5328 excluderet,
1003 5279 1230 5333 cumque
1257 5263 1427 5330 Sergii
1472 5265 1597 5316 sede
1640 5262 1919 5333 conjungi}.

342 5334 610 5400 ret.Quod
640 5337 683 5387 si
716 5342 893 5389 tantus
916 5332 1339 5388 Codd.omnium
1372 5348 1663 5386 consensus
1696 5332 1916 5403 Pagium

345 5405 609 5470 compulit
637 5404 702 5456 ad
734 5405 877 5459 diem
931 5404 1284 5457 ordinationis
1336 5416 1479 5456 recte
1539 5403 1914 5457 stabiliendum

343 5473 595 5545 Kalendis
620 5474 845 5538 Martiis,
866 5474 975 5545 pari
996 5475 1327 5545 earumdem
1342 5474 1649 5545 constantia
1669 5474 1718 5525 in
1742 5488 1914 5545 emor~
1944 5541 1951 5545 _

343 5541 475 5597 tuali
503 5544 591 5598 die
620 5545 922 5598 deﬁnienda
950 5543 1015 5597 18
1035 5543 1301 5607 Octobris,
1320 5544 1441 5598 hinc
1462 5542 1683 5596 Joannis
1704 5542 1908 5596 exitum

338 5610 604 5668 removeri
628 5629 733 5667 non
765 5622 921 5680 poSse
949 5612 1230 5679 evincitur,
1254 5613 1507 5683 quidquid
1523 5613 1653 5665 mira
1677 5612 1743 5667 de
1765 5608 1914 5670 sedis.

338 5684 619 5740 duratione
665 5685 930 5739 dissensio
958 5698 1115 5737 secus
1158 5685 1396 5737 suadeat.
1429 5684 1493 5737 Et
1542 5697 1671 5736 sane
1721 5698 1909 5736 omnes

337 5770 469 5823 quos
502 5754 609 5808 vidi
633 5753 1113 5821 Codd.etcalalogi
1143 5751 1589 5807 tribuuntJoanni
1617 5752 1700 5805 Vll
1730 5754 1907 5820 ponti-

345 5828 533 5883 Iicatus
567 5841 734 5881 annos
763 5843 795 5879 ιι
819 5842 831 5893 ;
857 5825 921 5881 ad
952 5839 1164 5879 incuses
1190 5832 1367 5877 autem
1399 5835 1449 5878 et
1479 5823 1594 5878 dies
1623 5823 1769 5891 quod
1790 5824 1911 5877 atti~

2035 4786 2380 4831 consectatus
2409 4778 2497 4830 die
2528 4777 2826 4839 Dominieo,
2875 4777 2991 4831 Kal.
3048 4777 3242 4830 Martii.
3295 4776 3594 4831 CIACONIUS.

2103 4845 2128 4882 lt
2159 4845 2301 4899 Fecit
2326 4863 2437 4900 vero
2459 4857 2506 4899 et
2535 4848 2775 4916 imagines
2808 4865 2897 4916 per
2917 4849 3139 4900 diversas
3169 4847 3403 4899 ecclesias
3423 4860 3598 4916 ,Aquas

2029 4917 2314 4985 quicunque
2343 4933 2490 4970 nosse
2525 4914 2776 4970 desidera!
2804 4914 2855 4969 in
2884 4919 2953 4969 eis
2986 4919 3096 4984 ejus
3126 4916 3317 4968 vultum
3348 4914 3600 4985 (lepictutit

2028 4982 2478 5052 reperiet.Statuze
2519 4996 2573 5041 et
2617 4987 2874 5054 imagines
2905 4982 3280 5050 impr-ratorum
3308 4982 3607 5054 adoraban-

2030 5064 2132 5121 tur,
2165 5067 2219 5110 et
2250 5057 2442 5120 passim
2476 5052 2808 5124 ponebantur
2858 5056 2906 5107 in
2965 5054 3172 5121 templis
3220 5061 3273 5106 et
3307 5052 3441 5107 foro.
3476 5056 3603 5108 Arn-

2027 5124 2196 5194 δῖοι,
2230 5127 2508 5180 Hexamer.
2536 5126 2629 5195 lib.
2660 5140 2742 5195 vr,
2766 5140 2813 5176 c.
2843 5124 2874 5177 9
2910 5142 2921 5175 :
2959 5124 3085 5177 Sola
3111 5140 3211 5177 aere
3251 5124 3367 5195 fusa
3413 5125 3603 5194 princi-

2026 5211 2148 5262 pum
2181 5192 2370 5263 capita,
2401 5207 2447 5247 et
2491 5194 2628 5247 ducti
2658 5192 2824 5263 vultus
2868 5195 2931 5246 de
2977 5211 3095 5256 rere,
3130 5196 3203 5248 rel
3234 5192 3504 5259 marmore,
3539 5197 3602 5247 ab

2026 5262 2314 5335 hominibus
2353 5264 2661 5335 adorantur.
2712 5262 2876 5328 Idem,
2908 5264 2976 5317 de
3028 5265 3295 5335 interpell.
3322 5306 3336 5327 ,
3371 5282 3486 5333 cap.
3518 5264 3550 5317 9
3585 5281 3598 5314 :

2031 5332 2159 5388 Vide
2187 5334 2613 5405 quemadmodum
2646 5334 2696 5386 in
2724 5335 3009 5405 civitatibus
3040 5332 3284 5389 bonorum
3311 5332 3599 5404 priubipum

2023 5405 2267 5475 imagines
2294 5412 2627 5475 perseverent,
2655 5404 2925 5475 rideantur
2951 5408 3195 5475 imagines
3235 5416 3595 5474 tyrannorum.
3624 5447 3629 5451 .

2021 5472 2304 5543 Corippus,
2336 5476 2398 5527 de
2428 5472 2627 5528 laudib.
2657 5474 2884 5545 Justin.,
2914 5478 3006 5531 lib.
3037 5472 3090 5529 ut
3123 5493 3137 5528 :

2645 5625 2661 5639 .
2700 5628 2712 5640 .
2756 5628 2764 5638 .
2803 5626 2814 5639 .
2857 5588 3051 5637 .Pictns
3071 5587 3257 5643 ubique

2227 5648 2523 5700 Justinianus
2546 5658 2674 5711 erat,
2698 5653 2905 5700 dominis
2928 5650 3108 5711 pictura
3139 5644 3378 5711 placebat,

2238 5711 2622 5775 Gaudebantque
2646 5708 2721 5763 sui
2746 5710 2984 5774 genitoris
3007 5709 3223 5768 imagine
3245 5708 3363 5755 visa.

3051 5797 3383 5852 ALnsstttu.
