  <div class='ocr_page' id='page_1' title='image "/cluster/home/n/w/nwhite01/storage/ocr_20150623/89/hvd.32044054758925/035.png"; bbox 0 0 4070 6182; ppageno 0'>
   <div class='ocr_carea' id='block_1_1' title="bbox 403 387 3665 451">
    <p class='ocr_par' dir='ltr' id='par_1_1' title="bbox 403 387 3665 451">
     <span class='ocr_line' id='line_1_1' title="bbox 403 387 3665 451; baseline 0 -5"><span class='ocrx_word' id='word_1_1' title='bbox 403 389 471 446; x_wconf 68' lang='grc'><strong>59</strong></span> <span class='ocrx_word' id='word_1_2' title='bbox 1697 387 1972 444; x_wconf 65' lang='grc' dir='ltr'><strong>,ΙΟΛΝΝΙΞ</strong></span> <span class='ocrx_word' id='word_1_3' title='bbox 2009 389 2208 446; x_wconf 59' lang='grc' dir='ltr'><strong>ΡΑΡἎΕ</strong></span> <span class='ocrx_word' id='word_1_4' title='bbox 2251 389 2335 445; x_wconf 84' lang='lat' dir='ltr'><strong>VII</strong></span> <span class='ocrx_word' id='word_1_5' title='bbox 3094 448 3095 451; x_wconf 31' lang='grc' dir='ltr'><strong>η</strong></span> <span class='ocrx_word' id='word_1_6' title='bbox 3597 387 3665 446; x_wconf 74' lang='lat'><strong>60</strong></span> 
     </span>
    </p>
   </div>
   <div class='ocr_carea' id='block_1_2' title="bbox 413 496 3663 568">
    <p class='ocr_par' dir='ltr' id='par_1_2' title="bbox 413 496 3663 568">
     <span class='ocr_line' id='line_1_2' title="bbox 413 496 3663 568; baseline 0.001 -15"><span class='ocrx_word' id='word_1_7' title='bbox 413 504 744 567; x_wconf 79' lang='lat' dir='ltr'><strong>aggregaret,</strong></span> <span class='ocrx_word' id='word_1_8' title='bbox 771 507 828 554; x_wconf 87' lang='lat' dir='ltr'><strong>et</strong></span> <span class='ocrx_word' id='word_1_9' title='bbox 873 511 1098 567; x_wconf 74' lang='lat' dir='ltr'><strong>quisque</strong></span> <span class='ocrx_word' id='word_1_10' title='bbox 1143 497 1191 551; x_wconf 86' lang='lat' dir='ltr'><strong>ei</strong></span> <span class='ocrx_word' id='word_1_11' title='bbox 1228 497 1334 549; x_wconf 48' lang='lat' dir='ltr'><strong>i‘isa</strong></span> <span class='ocrx_word' id='word_1_12' title='bbox 1383 505 1564 551; x_wconf 74' lang='lat' dir='ltr'><strong>essent</strong></span> <span class='ocrx_word' id='word_1_13' title='bbox 1612 497 1896 562; x_wconf 84' lang='lat' dir='ltr'><strong>stabiliret,</strong></span> <span class='ocrx_word' id='word_1_14' title='bbox 1931 510 1984 552; x_wconf 89' lang='lat' dir='ltr'><strong>et</strong></span> <span class='ocrx_word' id='word_1_15' title='bbox 2010 501 2060 557; x_wconf 80' lang='grc' dir='ltr'><strong>Δ</strong></span> <span class='ocrx_word' id='word_1_16' title='bbox 2089 508 2140 553; x_wconf 89' lang='lat' dir='ltr'><strong>et</strong></span> <span class='ocrx_word' id='word_1_17' title='bbox 2179 506 2320 553; x_wconf 90' lang='lat' dir='ltr'><strong>octo.</strong></span> <span class='ocrx_word' id='word_1_18' title='bbox 2351 497 2370 528; x_wconf 88' lang='grc'>³</span> <span class='ocrx_word' id='word_1_19' title='bbox 2407 496 2505 564; x_wconf 86' lang='lat' dir='ltr'><strong>Qui</strong></span> <span class='ocrx_word' id='word_1_20' title='bbox 2542 497 2700 552; x_wconf 89' lang='lat' dir='ltr'><strong>etiam</strong></span> <span class='ocrx_word' id='word_1_21' title='bbox 2733 499 2973 568; x_wconf 82' lang='lat' dir='ltr'><strong>sepultus</strong></span> <span class='ocrx_word' id='word_1_22' title='bbox 2997 507 3080 555; x_wconf 88' lang='lat' dir='ltr'><strong>est</strong></span> <span class='ocrx_word' id='word_1_23' title='bbox 3109 499 3174 554; x_wconf 88' lang='lat' dir='ltr'><strong>ad</strong></span> <span class='ocrx_word' id='word_1_24' title='bbox 3205 499 3416 564; x_wconf 79' lang='lat' dir='ltr'><strong>beatum</strong></span> <span class='ocrx_word' id='word_1_25' title='bbox 3450 498 3663 556; x_wconf 84' lang='lat' dir='ltr'><strong>Petrum</strong></span> 
     </span>
    </p>
   </div>
   <div class='ocr_carea' id='block_1_3' title="bbox 403 586 1985 657">
    <p class='ocr_par' dir='ltr' id='par_1_3' title="bbox 403 586 1985 657">
     <span class='ocr_line' id='line_1_3' title="bbox 403 586 1985 657; baseline 0 -15"><span class='ocrx_word' id='word_1_26' title='bbox 403 605 524 657; x_wconf 67' lang='lat' dir='ltr'><strong>quas</strong></span> <span class='ocrx_word' id='word_1_27' title='bbox 567 589 785 645; x_wconf 85' lang='lat' dir='ltr'><strong>adversa</strong></span> <span class='ocrx_word' id='word_1_28' title='bbox 826 587 1096 644; x_wconf 86' lang='lat' dir='ltr'><strong>renuendo</strong></span> <span class='ocrx_word' id='word_1_29' title='bbox 1125 597 1150 625; x_wconf 73' lang='grc' dir='ltr'>ἰ</span> <span class='ocrx_word' id='word_1_30' title='bbox 1191 586 1516 642; x_wconf 82' lang='lat' dir='ltr'><strong>excluderet.</strong></span> <span class='ocrx_word' id='word_1_31' title='bbox 1565 588 1582 618; x_wconf 79' lang='grc' dir='ltr'>ί</span> <span class='ocrx_word' id='word_1_32' title='bbox 1618 587 1723 642; x_wconf 86' lang='lat' dir='ltr'><strong>Sed</strong></span> <span class='ocrx_word' id='word_1_33' title='bbox 1775 588 1860 644; x_wconf 83' lang='lat' dir='ltr'><strong>liic</strong></span> <span class='ocrx_word' id='word_1_34' title='bbox 1886 591 1985 642; x_wconf 84' lang='lat' dir='ltr'><strong>liii-</strong></span> 
     </span>
    </p>
   </div>
   <div class='ocr_carea' id='block_1_4' title="bbox 405 675 1988 748">
    <p class='ocr_par' dir='ltr' id='par_1_4' title="bbox 405 675 1988 748">
     <span class='ocr_line' id='line_1_4' title="bbox 405 675 1988 748; baseline 0 -17"><span class='ocrx_word' id='word_1_35' title='bbox 405 693 560 732; x_wconf 88' lang='lat' dir='ltr'><strong>mana</strong></span> <span class='ocrx_word' id='word_1_36' title='bbox 612 678 895 748; x_wconf 80' lang='lat' dir='ltr'><strong>fragilitate</strong></span> <span class='ocrx_word' id='word_1_37' title='bbox 947 675 1202 740; x_wconf 86' lang='lat' dir='ltr'><strong>timidus,</strong></span> <span class='ocrx_word' id='word_1_38' title='bbox 1245 676 1341 729; x_wconf 87' lang='lat' dir='ltr'><strong>bos</strong></span> <span class='ocrx_word' id='word_1_39' title='bbox 1389 690 1722 744; x_wconf 78' lang='lat' dir='ltr'><strong>nequaquam</strong></span> <span class='ocrx_word' id='word_1_40' title='bbox 1754 678 1773 707; x_wconf 82' lang='grc'>¹</span> <span class='ocrx_word' id='word_1_41' title='bbox 1815 686 1988 731; x_wconf 90' lang='lat' dir='ltr'><strong>tomos</strong></span> 
     </span>
    </p>
   </div>
   <div class='ocr_carea' id='block_1_5' title="bbox 406 767 1978 836">
    <p class='ocr_par' dir='ltr' id='par_1_5' title="bbox 406 767 1978 836">
     <span class='ocr_line' id='line_1_5' title="bbox 406 767 1978 836; baseline 0.001 -15"><span class='ocrx_word' id='word_1_42' title='bbox 406 768 702 824; x_wconf 86' lang='lat' dir='ltr'><strong>emendans</strong></span> <span class='ocrx_word' id='word_1_43' title='bbox 757 782 851 836; x_wconf 87' lang='lat' dir='ltr'><strong>per</strong></span> <span class='ocrx_word' id='word_1_44' title='bbox 905 767 1208 835; x_wconf 76' lang='lat' dir='ltr'><strong>suprafatos</strong></span> <span class='ocrx_word' id='word_1_45' title='bbox 1266 767 1632 834; x_wconf 82' lang='lat' dir='ltr'><strong>metrOpolitas</strong></span> <span class='ocrx_word' id='word_1_46' title='bbox 1668 767 1863 822; x_wconf 79' lang='lat' dir='ltr'><strong>direxit</strong></span> <span class='ocrx_word' id='word_1_47' title='bbox 1910 769 1978 822; x_wconf 83' lang='lat' dir='ltr'><strong>ad</strong></span> 
     </span>
    </p>
   </div>
   <div class='ocr_carea' id='block_1_6' title="bbox 407 860 1966 934">
    <p class='ocr_par' dir='ltr' id='par_1_6' title="bbox 407 860 1966 934">
     <span class='ocr_line' id='line_1_6' title="bbox 407 860 1966 934; baseline 0.002 -20"><span class='ocrx_word' id='word_1_48' title='bbox 407 861 742 928; x_wconf 83' lang='lat' dir='ltr'><strong>Principem,</strong></span> <span class='ocrx_word' id='word_1_49' title='bbox 791 870 911 930; x_wconf 91' lang='lat' dir='ltr'><strong>post</strong></span> <span class='ocrx_word' id='word_1_50' title='bbox 953 875 1069 926; x_wconf 61' lang='lat' dir='ltr'><strong>quae</strong></span> <span class='ocrx_word' id='word_1_51' title='bbox 1114 876 1218 913; x_wconf 93' lang='lat' dir='ltr'><strong>non</strong></span> <span class='ocrx_word' id='word_1_52' title='bbox 1247 860 1339 914; x_wconf 90' lang='lat' dir='ltr'><strong>diu</strong></span> <span class='ocrx_word' id='word_1_53' title='bbox 1381 860 1433 934; x_wconf 75' lang='lat' dir='ltr'><strong>in</strong></span> <span class='ocrx_word' id='word_1_54' title='bbox 1460 861 1558 914; x_wconf 80' lang='lat' dir='ltr'><strong>hac</strong></span> <span class='ocrx_word' id='word_1_55' title='bbox 1596 862 1702 915; x_wconf 83' lang='lat' dir='ltr'><strong>vita</strong></span> <span class='ocrx_word' id='word_1_56' title='bbox 1731 861 1966 917; x_wconf 82' lang='lat' dir='ltr'><strong>duravit.</strong></span> 
     </span>
    </p>
   </div>
   <div class='ocr_carea' id='block_1_7' title="bbox 403 949 1979 1020">
    <p class='ocr_par' dir='ltr' id='par_1_7' title="bbox 403 949 1979 1020">
     <span class='ocr_line' id='line_1_7' title="bbox 403 949 1979 1020; baseline 0.002 -17"><span class='ocrx_word' id='word_1_57' title='bbox 403 950 504 1006; x_wconf 90' lang='lat' dir='ltr'><strong>llic</strong></span> <span class='ocrx_word' id='word_1_58' title='bbox 535 951 660 1007; x_wconf 79' lang='lat' dir='ltr'><strong>fecit</strong></span> <span class='ocrx_word' id='word_1_59' title='bbox 683 950 960 1020; x_wconf 86' lang='lat' dir='ltr'><strong>episcopos</strong></span> <span class='ocrx_word' id='word_1_60' title='bbox 992 965 1084 1020; x_wconf 90' lang='lat' dir='ltr'><strong>per</strong></span> <span class='ocrx_word' id='word_1_61' title='bbox 1110 949 1331 1004; x_wconf 78' lang='lat' dir='ltr'><strong>diversa</strong></span> <span class='ocrx_word' id='word_1_62' title='bbox 1374 949 1484 1004; x_wconf 84' lang='lat' dir='ltr'><strong>loca</strong></span> <span class='ocrx_word' id='word_1_63' title='bbox 1532 967 1754 1004; x_wconf 87' lang='lat' dir='ltr'><strong>numero</strong></span> <span class='ocrx_word' id='word_1_64' title='bbox 1795 952 1979 1007; x_wconf 84' lang='lat' dir='ltr'><strong>decem</strong></span> 
     </span>
    </p>
   </div>
   <div class='ocr_carea' id='block_1_8' title="bbox 2093 589 3665 662">
    <p class='ocr_par' dir='ltr' id='par_1_8' title="bbox 2093 589 3665 662">
     <span class='ocr_line' id='line_1_8' title="bbox 2093 589 3665 662; baseline 0.001 -20"><span class='ocrx_word' id='word_1_65' title='bbox 2093 589 2406 662; x_wconf 81' lang='lat' dir='ltr'><strong>Apostolum</strong></span> <span class='ocrx_word' id='word_1_66' title='bbox 2436 597 2559 643; x_wconf 92' lang='lat' dir='ltr'><strong>ante</strong></span> <span class='ocrx_word' id='word_1_67' title='bbox 2587 589 2753 642; x_wconf 87' lang='lat' dir='ltr'><strong>altare</strong></span> <span class='ocrx_word' id='word_1_68' title='bbox 2797 591 3014 644; x_wconf 90' lang='lat' dir='ltr'><strong>oratorii</strong></span> <span class='ocrx_word' id='word_1_69' title='bbox 3061 600 3258 645; x_wconf 77' lang='lat' dir='ltr'><strong>sancta:</strong></span> <span class='ocrx_word' id='word_1_70' title='bbox 3304 589 3398 644; x_wconf 88' lang='lat' dir='ltr'><strong>Dei</strong></span> <span class='ocrx_word' id='word_1_71' title='bbox 3425 589 3665 646; x_wconf 80' lang='lat' dir='ltr'><strong>Genitri-</strong></span> 
     </span>
    </p>
   </div>
   <div class='ocr_carea' id='block_1_9' title="bbox 2092 677 3668 749">
    <p class='ocr_par' dir='ltr' id='par_1_9' title="bbox 2092 677 3668 749">
     <span class='ocr_line' id='line_1_9' title="bbox 2092 677 3668 749; baseline 0.001 -17"><span class='ocrx_word' id='word_1_72' title='bbox 2092 680 2208 744; x_wconf 90' lang='lat' dir='ltr'><strong>cis,</strong></span> <span class='ocrx_word' id='word_1_73' title='bbox 2258 679 2396 749; x_wconf 82' lang='lat' dir='ltr'><strong>quod</strong></span> <span class='ocrx_word' id='word_1_74' title='bbox 2428 679 2541 749; x_wconf 88' lang='lat' dir='ltr'><strong>ipse</strong></span> <span class='ocrx_word' id='word_1_75' title='bbox 2577 681 2878 734; x_wconf 76' lang='lat' dir='ltr'><strong>construxit</strong></span> <span class='ocrx_word' id='word_1_76' title='bbox 2909 679 3007 734; x_wconf 85' lang='lat' dir='ltr'><strong>sub</strong></span> <span class='ocrx_word' id='word_1_77' title='bbox 3037 679 3123 734; x_wconf 86' lang='lat' dir='ltr'><strong>die</strong></span> <span class='ocrx_word' id='word_1_78' title='bbox 3177 680 3242 733; x_wconf 80' lang='grc'><strong>15</strong></span> <span class='ocrx_word' id='word_1_79' title='bbox 3291 677 3516 735; x_wconf 81' lang='lat' dir='ltr'><strong>Caleni].</strong></span> <span class='ocrx_word' id='word_1_80' title='bbox 3559 681 3668 734; x_wconf 78' lang='lat' dir='ltr'><strong>No-</strong></span> 
     </span>
    </p>
   </div>
   <div class='ocr_carea' id='block_1_10' title="bbox 2091 769 3693 836">
    <p class='ocr_par' dir='ltr' id='par_1_10' title="bbox 2091 769 3693 836">
     <span class='ocr_line' id='line_1_10' title="bbox 2091 769 3693 836; baseline 0.001 -14"><span class='ocrx_word' id='word_1_81' title='bbox 2091 770 2368 836; x_wconf 89' lang='lat' dir='ltr'><strong>vembris,</strong></span> <span class='ocrx_word' id='word_1_82' title='bbox 2411 769 2704 824; x_wconf 86' lang='lat' dir='ltr'><strong>indictione</strong></span> <span class='ocrx_word' id='word_1_83' title='bbox 2761 779 2954 836; x_wconf 76' lang='lat' dir='ltr'><strong>sexta,</strong></span> <span class='ocrx_word' id='word_1_84' title='bbox 3019 770 3314 824; x_wconf 85' lang='lat' dir='ltr'><strong>Justiniano</strong></span> <span class='ocrx_word' id='word_1_85' title='bbox 3369 770 3693 824; x_wconf 82' lang='lat' dir='ltr'><strong>Romanam</strong></span> 
     </span>
    </p>
   </div>
   <div class='ocr_carea' id='block_1_11' title="bbox 2091 861 3668 932">
    <p class='ocr_par' dir='ltr' id='par_1_11' title="bbox 2091 861 3668 932">
     <span class='ocr_line' id='line_1_11' title="bbox 2091 861 3668 932; baseline 0.001 -17"><span class='ocrx_word' id='word_1_86' title='bbox 2091 861 2490 932; x_wconf 76' lang='lat' dir='ltr'><strong>Rempublicam</strong></span> <span class='ocrx_word' id='word_1_87' title='bbox 2541 861 2902 931; x_wconf 77' lang='lat' dir='ltr'><strong>gubernante,</strong></span> <span class='ocrx_word' id='word_1_88' title='bbox 2952 869 3006 915; x_wconf 90' lang='lat' dir='ltr'><strong>et</strong></span> <span class='ocrx_word' id='word_1_89' title='bbox 3041 863 3266 914; x_wconf 79' lang='lat' dir='ltr'><strong>cessavit</strong></span> <span class='ocrx_word' id='word_1_90' title='bbox 3313 861 3668 932; x_wconf 87' lang='lat' dir='ltr'><strong>Episcopatus</strong></span> 
     </span>
    </p>
   </div>
   <div class='ocr_carea' id='block_1_12' title="bbox 2089 953 2958 1007">
    <p class='ocr_par' dir='ltr' id='par_1_12' title="bbox 2089 953 2958 1007">
     <span class='ocr_line' id='line_1_12' title="bbox 2089 953 2958 1007; baseline -0.003 0"><span class='ocrx_word' id='word_1_91' title='bbox 2089 968 2262 1007; x_wconf 84' lang='lat' dir='ltr'><strong>mens.</strong></span> <span class='ocrx_word' id='word_1_92' title='bbox 2282 953 2336 1005; x_wconf 82' lang='grc'><strong>5.</strong></span> <span class='ocrx_word' id='word_1_93' title='bbox 2946 968 2958 975; x_wconf 82' lang='grc'><em>’</em></span> 
     </span>
    </p>
   </div>
   <div class='ocr_carea' id='block_1_13' title="bbox 1618 1057 2458 1117">
    <p class='ocr_par' dir='ltr' id='par_1_13' title="bbox 1618 1057 2458 1117">
     <span class='ocr_line' id='line_1_13' title="bbox 1618 1057 2458 1117; baseline 0.001 -4"><span class='ocrx_word' id='word_1_94' title='bbox 1618 1059 2011 1115; x_wconf 72' lang='lat' dir='ltr'><strong>VARIAN&#39;I‘ES</strong></span> <span class='ocrx_word' id='word_1_95' title='bbox 2049 1057 2346 1117; x_wconf 71' lang='lat' dir='ltr'><strong>LECTION</strong></span> <span class='ocrx_word' id='word_1_96' title='bbox 2357 1061 2458 1117; x_wconf 85' lang='lat' dir='ltr'><strong>ES.</strong></span> 
     </span>
    </p>
   </div>
   <div class='ocr_carea' id='block_1_14' title="bbox 475 1155 918 1218">
    <p class='ocr_par' dir='ltr' id='par_1_14' title="bbox 475 1155 918 1218">
     <span class='ocr_line' id='line_1_14' title="bbox 475 1155 918 1218; baseline -0.005 -11"><span class='ocrx_word' id='word_1_97' title='bbox 475 1157 491 1187; x_wconf 80' lang='lat'><em>‘</em></span> <span class='ocrx_word' id='word_1_98' title='bbox 527 1155 634 1218; x_wconf 82' lang='lat' dir='ltr'><strong>AL,</strong></span> <span class='ocrx_word' id='word_1_99' title='bbox 684 1165 918 1209; x_wconf 78' lang='lat' dir='ltr'><strong>cessaret.</strong></span> 
     </span>
    </p>
   </div>
   <div class='ocr_carea' id='block_1_15' title="bbox 473 1225 950 1280">
    <p class='ocr_par' dir='ltr' id='par_1_15' title="bbox 473 1225 950 1280">
     <span class='ocr_line' id='line_1_15' title="bbox 473 1225 950 1280; baseline 0 -2"><span class='ocrx_word' id='word_1_100' title='bbox 473 1225 493 1256; x_wconf 81' lang='grc'>¹</span> <span class='ocrx_word' id='word_1_101' title='bbox 521 1225 605 1280; x_wconf 78' lang='lat' dir='ltr'><strong>Al.</strong></span> <span class='ocrx_word' id='word_1_102' title='bbox 631 1240 737 1280; x_wconf 90' lang='lat' dir='ltr'><strong>om.</strong></span> <span class='ocrx_word' id='word_1_103' title='bbox 772 1237 950 1278; x_wconf 77' lang='lat' dir='ltr'><strong>tomos.</strong></span> 
     </span>
    </p>
   </div>
   <div class='ocr_carea' id='block_1_16' title="bbox 2158 1149 3228 1221">
    <p class='ocr_par' dir='ltr' id='par_1_16' title="bbox 2158 1149 3228 1221">
     <span class='ocr_line' id='line_1_16' title="bbox 2158 1149 3228 1221; baseline -0.005 -14"><span class='ocrx_word' id='word_1_104' title='bbox 2158 1151 2178 1182; x_wconf 84' lang='grc'><em>³</em></span> <span class='ocrx_word' id='word_1_105' title='bbox 2205 1152 2290 1207; x_wconf 80' lang='lat' dir='ltr'><strong>Ai.</strong></span> <span class='ocrx_word' id='word_1_106' title='bbox 2314 1167 2421 1207; x_wconf 91' lang='lat' dir='ltr'><strong>om.</strong></span> <span class='ocrx_word' id='word_1_107' title='bbox 2449 1151 2550 1215; x_wconf 77' lang='lat' dir='ltr'><strong>Qui</strong></span> <span class='ocrx_word' id='word_1_108' title='bbox 2571 1152 2742 1204; x_wconf 84' lang='lat' dir='ltr'><strong>etiam.</strong></span> <span class='ocrx_word' id='word_1_109' title='bbox 2761 1188 2774 1202; x_wconf 93' lang='lat'><strong>.</strong></span> <span class='ocrx_word' id='word_1_110' title='bbox 2799 1190 2814 1206; x_wconf 91' lang='lat'><strong>.</strong></span> <span class='ocrx_word' id='word_1_111' title='bbox 2837 1193 2851 1217; x_wconf 92' lang='lat'><strong>,</strong></span> <span class='ocrx_word' id='word_1_112' title='bbox 2897 1149 3228 1221; x_wconf 72' lang='lat' dir='ltr'><strong>gubernante.</strong></span> 
     </span>
    </p>
   </div>
   <div class='ocr_carea' id='block_1_17' title="bbox 1719 1279 2344 1367">
    <p class='ocr_par' dir='ltr' id='par_1_17' title="bbox 1719 1279 2344 1367">
     <span class='ocr_line' id='line_1_17' title="bbox 1719 1279 2344 1367; baseline 0.003 -6"><span class='ocrx_word' id='word_1_113' title='bbox 1719 1307 2080 1367; x_wconf 64' lang='lat' dir='ltr'><strong>vsmonuu—</strong></span> <span class='ocrx_word' id='word_1_114' title='bbox 2115 1279 2344 1364; x_wconf 61' lang='lat' dir='ltr'><strong>nunc.</strong></span> 
     </span>
    </p>
   </div>
   <div class='ocr_carea' id='block_1_18' title="bbox 401 1397 1992 1471">
    <p class='ocr_par' dir='ltr' id='par_1_18' title="bbox 401 1397 1992 1471">
     <span class='ocr_line' id='line_1_18' title="bbox 401 1397 1992 1471; baseline -0.002 -15"><span class='ocrx_word' id='word_1_115' title='bbox 401 1417 503 1468; x_wconf 77' lang='lat' dir='ltr'><strong>me,</strong></span> <span class='ocrx_word' id='word_1_116' title='bbox 532 1399 957 1471; x_wconf 70' lang='lat' dir='ltr'><strong>seuquinisertze</strong></span> <span class='ocrx_word' id='word_1_117' title='bbox 986 1398 1172 1471; x_wconf 78' lang='lat' dir='ltr'><strong>synodi</strong></span> <span class='ocrx_word' id='word_1_118' title='bbox 1199 1398 1264 1452; x_wconf 83' lang='lat' dir='ltr'><strong>ad</strong></span> <span class='ocrx_word' id='word_1_119' title='bbox 1293 1397 1551 1452; x_wconf 88' lang='lat' dir='ltr'><strong>Joannem</strong></span> <span class='ocrx_word' id='word_1_120' title='bbox 1587 1397 1674 1452; x_wconf 73' lang='lat' dir='ltr'><strong>VII</strong></span> <span class='ocrx_word' id='word_1_121' title='bbox 1707 1400 1992 1471; x_wconf 77' lang='lat' dir='ltr'><strong>transmis-</strong></span> 
     </span>
    </p>
   </div>
   <div class='ocr_carea' id='block_1_19' title="bbox 401 1468 1986 1536">
    <p class='ocr_par' dir='ltr' id='par_1_19' title="bbox 401 1468 1986 1536">
     <span class='ocr_line' id='line_1_19' title="bbox 401 1468 1986 1536; baseline -0.003 -10"><span class='ocrx_word' id='word_1_122' title='bbox 401 1487 492 1527; x_wconf 88' lang='lat' dir='ltr'><strong>sos</strong></span> <span class='ocrx_word' id='word_1_123' title='bbox 520 1473 587 1524; x_wconf 69' lang='lat' dir='ltr'><strong>ab</strong></span> <span class='ocrx_word' id='word_1_124' title='bbox 617 1468 913 1526; x_wconf 82' lang='lat' dir='ltr'><strong>Justiniano</strong></span> <span class='ocrx_word' id='word_1_125' title='bbox 937 1468 1165 1536; x_wconf 87' lang='lat' dir='ltr'><strong>juniorc,</strong></span> <span class='ocrx_word' id='word_1_126' title='bbox 1202 1477 1260 1520; x_wconf 91' lang='lat' dir='ltr'><strong>ut</strong></span> <span class='ocrx_word' id='word_1_127' title='bbox 1315 1482 1499 1520; x_wconf 87' lang='lat' dir='ltr'><strong>eorum</strong></span> <span class='ocrx_word' id='word_1_128' title='bbox 1531 1481 1666 1534; x_wconf 87' lang='lat' dir='ltr'><strong>quos</strong></span> <span class='ocrx_word' id='word_1_129' title='bbox 1713 1468 1877 1520; x_wconf 88' lang='lat' dir='ltr'><strong>vellet</strong></span> <span class='ocrx_word' id='word_1_130' title='bbox 1901 1484 1986 1522; x_wconf 89' lang='lat' dir='ltr'><strong>re-</strong></span> 
     </span>
    </p>
   </div>
   <div class='ocr_carea' id='block_1_20' title="bbox 402 1536 1988 1617">
    <p class='ocr_par' dir='ltr' id='par_1_20' title="bbox 402 1536 1988 1617">
     <span class='ocr_line' id='line_1_20' title="bbox 402 1536 1988 1617; baseline -0.002 -22"><span class='ocrx_word' id='word_1_131' title='bbox 402 1537 1142 1617; x_wconf 52' lang='lat' dir='ltr'><strong>jiceretLprobgtisreliquis;</strong></span> <span class='ocrx_word' id='word_1_132' title='bbox 1167 1536 1492 1617; x_wconf 60' lang='lat' dir='ltr'><strong>eosdemque</strong></span> <span class='ocrx_word' id='word_1_133' title='bbox 1517 1536 1744 1617; x_wconf 84' lang='lat' dir='ltr'><strong>intactos</strong></span> <span class='ocrx_word' id='word_1_134' title='bbox 1768 1536 1918 1617; x_wconf 61' lang='lat' dir='ltr'><strong>gpoli</strong></span> <span class='ocrx_word' id='word_1_135' title='bbox 1938 1553 1988 1592; x_wconf 93' lang='lat' dir='ltr'><strong>m</strong></span> 
     </span>
    </p>
   </div>
   <div class='ocr_carea' id='block_1_21' title="bbox 408 1607 1973 1679">
    <p class='ocr_par' dir='ltr' id='par_1_21' title="bbox 408 1607 1973 1679">
     <span class='ocr_line' id='line_1_21' title="bbox 408 1607 1973 1679; baseline -0.004 -15"><span class='ocrx_word' id='word_1_136' title='bbox 408 1607 438 1664; x_wconf 63' lang='grc' dir='ltr'><strong>ἐι</strong></span> <span class='ocrx_word' id='word_1_137' title='bbox 469 1610 716 1679; x_wconf 88' lang='lat' dir='ltr'><strong>pontiﬁce</strong></span> <span class='ocrx_word' id='word_1_138' title='bbox 736 1608 913 1679; x_wconf 72' lang='lat' dir='ltr'><strong>afferri</strong></span> <span class='ocrx_word' id='word_1_139' title='bbox 929 1609 1132 1679; x_wconf 78' lang='lat' dir='ltr'><strong>iussos,</strong></span> <span class='ocrx_word' id='word_1_140' title='bbox 1165 1607 1293 1679; x_wconf 82' lang='lat' dir='ltr'><strong>satis</strong></span> <span class='ocrx_word' id='word_1_141' title='bbox 1320 1614 1502 1679; x_wconf 79' lang='lat' dir='ltr'><strong>aperte</strong></span> <span class='ocrx_word' id='word_1_142' title='bbox 1533 1607 1973 1679; x_wconf 27' lang='lat' dir='ltr'><strong>narratdl‘iiblio-</strong></span> 
     </span>
    </p>
   </div>
   <div class='ocr_carea' id='block_1_22' title="bbox 401 1675 1977 1744">
    <p class='ocr_par' dir='ltr' id='par_1_22' title="bbox 401 1675 1977 1744">
     <span class='ocr_line' id='line_1_22' title="bbox 401 1675 1977 1744; baseline -0.003 -9"><span class='ocrx_word' id='word_1_143' title='bbox 401 1675 690 1735; x_wconf 77' lang='lat' dir='ltr'><strong>tliecarius.</strong></span> <span class='ocrx_word' id='word_1_144' title='bbox 715 1678 864 1744; x_wconf 82' lang='lat' dir='ltr'><strong>Quod</strong></span> <span class='ocrx_word' id='word_1_145' title='bbox 880 1675 1005 1731; x_wconf 82' lang='lat' dir='ltr'><strong>vero</strong></span> <span class='ocrx_word' id='word_1_146' title='bbox 1023 1675 1548 1730; x_wconf 81' lang='lat' dir='ltr'><strong>animadvertemlnm</strong></span> <span class='ocrx_word' id='word_1_147' title='bbox 1569 1687 1667 1738; x_wconf 80' lang='lat' dir='ltr'><strong>est,</strong></span> <span class='ocrx_word' id='word_1_148' title='bbox 1692 1676 1777 1729; x_wconf 87' lang='lat' dir='ltr'><strong>alii</strong></span> <span class='ocrx_word' id='word_1_149' title='bbox 1803 1677 1977 1744; x_wconf 83' lang='lat' dir='ltr'><strong>ponti-</strong></span> 
     </span>
    </p>
   </div>
   <div class='ocr_carea' id='block_1_23' title="bbox 408 1744 1973 1816">
    <p class='ocr_par' dir='ltr' id='par_1_23' title="bbox 408 1744 1973 1816">
     <span class='ocr_line' id='line_1_23' title="bbox 408 1744 1973 1816; baseline -0.004 -12"><span class='ocrx_word' id='word_1_150' title='bbox 408 1753 561 1804; x_wconf 88' lang='lat' dir='ltr'><strong>licem</strong></span> <span class='ocrx_word' id='word_1_151' title='bbox 594 1747 892 1816; x_wconf 75' lang='lat' dir='ltr'><strong>fragilitatis</strong></span> <span class='ocrx_word' id='word_1_152' title='bbox 922 1762 982 1802; x_wconf 90' lang='lat' dir='ltr'><strong>ac</strong></span> <span class='ocrx_word' id='word_1_153' title='bbox 1007 1745 1304 1799; x_wconf 83' lang='lat' dir='ltr'><strong>timiditatis</strong></span> <span class='ocrx_word' id='word_1_154' title='bbox 1331 1744 1705 1816; x_wconf 83' lang='lat' dir='ltr'><strong>ea_occasione</strong></span> <span class='ocrx_word' id='word_1_155' title='bbox 1755 1747 1973 1816; x_wconf 85' lang='lat' dir='ltr'><strong>insimu-</strong></span> 
     </span>
    </p>
   </div>
   <div class='ocr_carea' id='block_1_24' title="bbox 403 1814 1970 1885">
    <p class='ocr_par' dir='ltr' id='par_1_24' title="bbox 403 1814 1970 1885">
     <span class='ocr_line' id='line_1_24' title="bbox 403 1814 1970 1885; baseline -0.003 -11"><span class='ocrx_word' id='word_1_156' title='bbox 403 1821 538 1885; x_wconf 70' lang='lat' dir='ltr'><strong>lant;</strong></span> <span class='ocrx_word' id='word_1_157' title='bbox 573 1819 659 1872; x_wconf 89' lang='lat' dir='ltr'><strong>alii</strong></span> <span class='ocrx_word' id='word_1_158' title='bbox 681 1814 872 1871; x_wconf 51' lang='lat' dir='ltr'><strong>&#39;dicunt</strong></span> <span class='ocrx_word' id='word_1_159' title='bbox 901 1818 973 1871; x_wconf 90' lang='lat' dir='ltr'><strong>nil</strong></span> <span class='ocrx_word' id='word_1_160' title='bbox 1006 1819 1353 1884; x_wconf 78' lang='lat' dir='ltr'><strong>incongruum</strong></span> <span class='ocrx_word' id='word_1_161' title='bbox 1387 1814 1836 1885; x_wconf 70' lang='lat' dir='ltr'><strong>futurumiuisse,</strong></span> <span class='ocrx_word' id='word_1_162' title='bbox 1873 1815 1970 1869; x_wconf 80' lang='lat' dir='ltr'><strong>uti-</strong></span> 
     </span>
    </p>
   </div>
   <div class='ocr_carea' id='block_1_25' title="bbox 402 1884 1976 1956">
    <p class='ocr_par' dir='ltr' id='par_1_25' title="bbox 402 1884 1976 1956">
     <span class='ocr_line' id='line_1_25' title="bbox 402 1884 1976 1956; baseline -0.003 -14"><span class='ocrx_word' id='word_1_163' title='bbox 402 1891 469 1943; x_wconf 87' lang='lat' dir='ltr'><strong>lia</strong></span> <span class='ocrx_word' id='word_1_164' title='bbox 499 1884 617 1956; x_wconf 66' lang='lat' dir='ltr'><strong>qtae</strong></span> <span class='ocrx_word' id='word_1_165' title='bbox 669 1891 829 1940; x_wconf 82' lang='lat' dir='ltr'><strong>multa</strong></span> <span class='ocrx_word' id='word_1_166' title='bbox 881 1898 1058 1940; x_wconf 88' lang='lat' dir='ltr'><strong>sunta</strong></span> <span class='ocrx_word' id='word_1_167' title='bbox 1115 1886 1280 1938; x_wconf 90' lang='lat' dir='ltr'><strong>multo</strong></span> <span class='ocrx_word' id='word_1_168' title='bbox 1320 1884 1654 1949; x_wconf 72' lang='lat' dir='ltr'><strong>paucioribus</strong></span> <span class='ocrx_word' id='word_1_169' title='bbox 1701 1885 1976 1956; x_wconf 73' lang='lat' dir='ltr'><strong>inutilibus</strong></span> 
     </span>
    </p>
   </div>
   <div class='ocr_carea' id='block_1_26' title="bbox 401 1954 1971 2028">
    <p class='ocr_par' dir='ltr' id='par_1_26' title="bbox 401 1954 1971 2028">
     <span class='ocr_line' id='line_1_26' title="bbox 401 1954 1971 2028; baseline -0.003 -16"><span class='ocrx_word' id='word_1_170' title='bbox 401 1954 649 2025; x_wconf 77' lang='lat' dir='ltr'><strong>separare</strong></span> <span class='ocrx_word' id='word_1_171' title='bbox 671 1958 880 2028; x_wconf 80' lang='lat' dir='ltr'><strong>(Christ.</strong></span> <span class='ocrx_word' id='word_1_172' title='bbox 906 1956 1064 2026; x_wconf 83' lang='lat' dir='ltr'><strong>Lup.,</strong></span> <span class='ocrx_word' id='word_1_173' title='bbox 1081 1957 1131 2008; x_wconf 89' lang='lat' dir='ltr'><strong>in</strong></span> <span class='ocrx_word' id='word_1_174' title='bbox 1152 1966 1258 2007; x_wconf 90' lang='lat' dir='ltr'><strong>not.</strong></span> <span class='ocrx_word' id='word_1_175' title='bbox 1277 1964 1322 2008; x_wconf 86' lang='lat' dir='ltr'><strong>et</strong></span> <span class='ocrx_word' id='word_1_176' title='bbox 1351 1956 1594 2007; x_wconf 78' lang='lat' dir='ltr'><strong>schol.aJ</strong></span> <span class='ocrx_word' id='word_1_177' title='bbox 1618 1972 1735 2008; x_wconf 86' lang='lat' dir='ltr'><strong>can.</strong></span> <span class='ocrx_word' id='word_1_178' title='bbox 1759 1954 1971 2024; x_wconf 83' lang='lat' dir='ltr'><strong>Trull.).</strong></span> 
     </span>
    </p>
   </div>
   <div class='ocr_carea' id='block_1_27' title="bbox 401 2028 1982 2096">
    <p class='ocr_par' dir='ltr' id='par_1_27' title="bbox 401 2028 1982 2096">
     <span class='ocr_line' id='line_1_27' title="bbox 401 2028 1982 2096; baseline -0.003 -14"><span class='ocrx_word' id='word_1_179' title='bbox 401 2030 668 2083; x_wconf 65' lang='lat' dir='ltr'><strong>Caeterum</strong></span> <span class='ocrx_word' id='word_1_180' title='bbox 696 2028 952 2096; x_wconf 76' lang='lat' dir='ltr'><strong>pontifex,</strong></span> <span class='ocrx_word' id='word_1_181' title='bbox 981 2029 1023 2079; x_wconf 89' lang='lat' dir='ltr'><strong>si</strong></span> <span class='ocrx_word' id='word_1_182' title='bbox 1047 2030 1111 2096; x_wconf 82' lang='lat' dir='ltr'><strong>ad</strong></span> <span class='ocrx_word' id='word_1_183' title='bbox 1158 2040 1364 2092; x_wconf 62' lang='lat' dir='ltr'><strong>acquum</strong></span> <span class='ocrx_word' id='word_1_184' title='bbox 1391 2039 1613 2096; x_wconf 60' lang='lat' dir='ltr'><strong>examen</strong></span> <span class='ocrx_word' id='word_1_185' title='bbox 1647 2039 1734 2077; x_wconf 91' lang='lat' dir='ltr'><strong>res</strong></span> <span class='ocrx_word' id='word_1_186' title='bbox 1762 2039 1982 2096; x_wconf 87' lang='lat' dir='ltr'><strong>revoce-</strong></span> 
     </span>
    </p>
   </div>
   <div class='ocr_carea' id='block_1_28' title="bbox 2101 1397 3664 1470">
    <p class='ocr_par' dir='ltr' id='par_1_28' title="bbox 2101 1397 3664 1470">
     <span class='ocr_line' id='line_1_28' title="bbox 2101 1397 3664 1470; baseline 0.002 -16"><span class='ocrx_word' id='word_1_187' title='bbox 2101 1409 2158 1454; x_wconf 91' lang='lat' dir='ltr'><strong>nt</strong></span> <span class='ocrx_word' id='word_1_188' title='bbox 2188 1399 2431 1468; x_wconf 84' lang='lat' dir='ltr'><strong>superius</strong></span> <span class='ocrx_word' id='word_1_189' title='bbox 2462 1397 2659 1470; x_wconf 81' lang='lat' dir='ltr'><strong>dictum</strong></span> <span class='ocrx_word' id='word_1_190' title='bbox 2690 1407 2789 1463; x_wconf 87' lang='lat' dir='ltr'><strong>est,</strong></span> <span class='ocrx_word' id='word_1_191' title='bbox 2825 1397 3286 1470; x_wconf 78' lang='lat' dir='ltr'><strong>confirmationem</strong></span> <span class='ocrx_word' id='word_1_192' title='bbox 3311 1401 3498 1470; x_wconf 86' lang='lat' dir='ltr'><strong>synodi</strong></span> <span class='ocrx_word' id='word_1_193' title='bbox 3537 1403 3664 1470; x_wconf 83' lang='lat' dir='ltr'><strong>Qni-</strong></span> 
     </span>
    </p>
   </div>
   <div class='ocr_carea' id='block_1_29' title="bbox 2101 1468 3666 1544">
    <p class='ocr_par' dir='ltr' id='par_1_29' title="bbox 2101 1468 3666 1544">
     <span class='ocr_line' id='line_1_29' title="bbox 2101 1468 3666 1544; baseline 0.003 -21"><span class='ocrx_word' id='word_1_194' title='bbox 2101 1469 2657 1544; x_wconf 62' lang='lat' dir='ltr'><strong>nisextaepostulavit,</strong></span> <span class='ocrx_word' id='word_1_195' title='bbox 2684 1477 2738 1522; x_wconf 89' lang='lat' dir='ltr'><strong>et</strong></span> <span class='ocrx_word' id='word_1_196' title='bbox 2763 1468 3030 1544; x_wconf 80' lang='lat' dir='ltr'><strong>repulsam</strong></span> <span class='ocrx_word' id='word_1_197' title='bbox 3050 1471 3178 1544; x_wconf 71' lang='lat' dir='ltr'><strong>tulit</strong></span> <span class='ocrx_word' id='word_1_198' title='bbox 3204 1468 3479 1544; x_wconf 33' lang='lat' dir='ltr'><strong>{sedeam</strong></span> <span class='ocrx_word' id='word_1_199' title='bbox 3500 1468 3666 1544; x_wconf 82' lang='lat' dir='ltr'><strong>etiam</strong></span> 
     </span>
    </p>
   </div>
   <div class='ocr_carea' id='block_1_30' title="bbox 2101 1538 3667 1608">
    <p class='ocr_par' dir='ltr' id='par_1_30' title="bbox 2101 1538 3667 1608">
     <span class='ocr_line' id='line_1_30' title="bbox 2101 1538 3667 1608; baseline 0.003 -16"><span class='ocrx_word' id='word_1_200' title='bbox 2101 1539 2250 1608; x_wconf 85' lang='lat' dir='ltr'><strong>petiit</strong></span> <span class='ocrx_word' id='word_1_201' title='bbox 2278 1553 2307 1591; x_wconf 87' lang='lat' dir='ltr'><strong>a</strong></span> <span class='ocrx_word' id='word_1_202' title='bbox 2328 1538 2533 1592; x_wconf 81' lang='lat' dir='ltr'><strong>Joanne</strong></span> <span class='ocrx_word' id='word_1_203' title='bbox 2559 1538 2667 1601; x_wconf 70' lang='lat' dir='ltr'><strong>\‘Il,</strong></span> <span class='ocrx_word' id='word_1_204' title='bbox 2698 1539 2812 1605; x_wconf 92' lang='lat' dir='ltr'><strong>qui,</strong></span> <span class='ocrx_word' id='word_1_205' title='bbox 2845 1548 2902 1590; x_wconf 92' lang='lat' dir='ltr'><strong>ut</strong></span> <span class='ocrx_word' id='word_1_206' title='bbox 2929 1538 3110 1592; x_wconf 87' lang='lat' dir='ltr'><strong>subdit</strong></span> <span class='ocrx_word' id='word_1_207' title='bbox 3133 1538 3465 1604; x_wconf 70' lang='lat' dir='ltr'><strong>Anastasius,</strong></span> <span class='ocrx_word' id='word_1_208' title='bbox 3487 1542 3667 1597; x_wconf 85' lang='lat' dir='ltr'><strong>huma-</strong></span> 
     </span>
    </p>
   </div>
   <div class='ocr_carea' id='block_1_31' title="bbox 2086 1608 3662 1678">
    <p class='ocr_par' dir='ltr' id='par_1_31' title="bbox 2086 1608 3662 1678">
     <span class='ocr_line' id='line_1_31' title="bbox 2086 1608 3662 1678; baseline 0.003 -17"><span class='ocrx_word' id='word_1_209' title='bbox 2086 1625 2151 1662; x_wconf 86' lang='lat' dir='ltr'><strong>na</strong></span> <span class='ocrx_word' id='word_1_210' title='bbox 2179 1609 2456 1676; x_wconf 57' lang='lat' dir='ltr'><strong>fragilitate</strong></span> <span class='ocrx_word' id='word_1_211' title='bbox 2479 1608 2704 1670; x_wconf 76' lang='lat' dir='ltr'><strong>timidus,</strong></span> <span class='ocrx_word' id='word_1_212' title='bbox 2731 1610 2823 1661; x_wconf 81' lang='lat' dir='ltr'><strong>hos</strong></span> <span class='ocrx_word' id='word_1_213' title='bbox 2845 1624 3158 1678; x_wconf 83' lang='lat' dir='ltr'><strong>nequaquam</strong></span> <span class='ocrx_word' id='word_1_214' title='bbox 3187 1619 3346 1662; x_wconf 84' lang='lat' dir='ltr'><strong>tomos</strong></span> <span class='ocrx_word' id='word_1_215' title='bbox 3370 1613 3662 1677; x_wconf 68' lang='lat' dir='ltr'><strong>emendanti,</strong></span> 
     </span>
    </p>
   </div>
   <div class='ocr_carea' id='block_1_32' title="bbox 2087 1678 3644 1758">
    <p class='ocr_par' dir='ltr' id='par_1_32' title="bbox 2087 1678 3644 1758">
     <span class='ocr_line' id='line_1_32' title="bbox 2087 1678 3644 1758; baseline 0.002 -28"><span class='ocrx_word' id='word_1_216' title='bbox 2087 1696 2175 1747; x_wconf 87' lang='lat' dir='ltr'><strong>per</strong></span> <span class='ocrx_word' id='word_1_217' title='bbox 2195 1678 2862 1758; x_wconf 49' lang='lat' dir='ltr'><strong>suprafgosmetropolitas</strong></span> <span class='ocrx_word' id='word_1_218' title='bbox 2887 1680 3169 1758; x_wconf 39' lang='lat' dir='ltr'><strong>direfrihad</strong></span> <span class='ocrx_word' id='word_1_219' title='bbox 3199 1679 3480 1758; x_wconf 77' lang='lat' dir='ltr'><strong>principem</strong></span> <span class='ocrx_word' id='word_1_220' title='bbox 3513 1721 3528 1746; x_wconf 93' lang='lat'><strong>,</strong></span> <span class='ocrx_word' id='word_1_221' title='bbox 3558 1699 3644 1758; x_wconf 62' lang='lat' dir='ltr'><strong>pos</strong></span> 
     </span>
    </p>
   </div>
   <div class='ocr_carea' id='block_1_33' title="bbox 2083 1746 3666 1818">
    <p class='ocr_par' dir='ltr' id='par_1_33' title="bbox 2083 1746 3666 1818">
     <span class='ocr_line' id='line_1_33' title="bbox 2083 1746 3666 1818; baseline 0.003 -16"><span class='ocrx_word' id='word_1_222' title='bbox 2083 1746 2197 1818; x_wconf 75' lang='lat' dir='ltr'><strong>qua:</strong></span> <span class='ocrx_word' id='word_1_223' title='bbox 2228 1746 2330 1800; x_wconf 80' lang='lat' dir='ltr'><strong>aen</strong></span> <span class='ocrx_word' id='word_1_224' title='bbox 2363 1749 2452 1800; x_wconf 85' lang='lat' dir='ltr'><strong>diu</strong></span> <span class='ocrx_word' id='word_1_225' title='bbox 2482 1749 2533 1818; x_wconf 79' lang='lat' dir='ltr'><strong>in</strong></span> <span class='ocrx_word' id='word_1_226' title='bbox 2561 1749 2654 1800; x_wconf 88' lang='lat' dir='ltr'><strong>hac</strong></span> <span class='ocrx_word' id='word_1_227' title='bbox 2677 1746 2793 1800; x_wconf 71' lang='lat' dir='ltr'><strong>rita</strong></span> <span class='ocrx_word' id='word_1_228' title='bbox 2825 1749 3043 1801; x_wconf 83' lang='lat' dir='ltr'><strong>duravit.</strong></span> <span class='ocrx_word' id='word_1_229' title='bbox 3075 1746 3332 1801; x_wconf 74' lang='lat' dir='ltr'><strong>Joannem</strong></span> <span class='ocrx_word' id='word_1_230' title='bbox 3365 1746 3666 1816; x_wconf 54' lang='lat' dir='ltr'><strong>itaque&#39;Vlt</strong></span> 
     </span>
    </p>
   </div>
   <div class='ocr_carea' id='block_1_34' title="bbox 2086 1817 3662 1890">
    <p class='ocr_par' dir='ltr' id='par_1_34' title="bbox 2086 1817 3662 1890">
     <span class='ocr_line' id='line_1_34' title="bbox 2086 1817 3662 1890; baseline 0.003 -20"><span class='ocrx_word' id='word_1_231' title='bbox 2086 1817 2256 1888; x_wconf 81' lang='lat' dir='ltr'><strong>arguit</strong></span> <span class='ocrx_word' id='word_1_232' title='bbox 2276 1817 2585 1890; x_wconf 80' lang='lat' dir='ltr'><strong>Anastasius</strong></span> <span class='ocrx_word' id='word_1_233' title='bbox 2606 1818 2990 1890; x_wconf 77' lang='lat' dir='ltr'><strong>quodno‘luerit</strong></span> <span class='ocrx_word' id='word_1_234' title='bbox 3016 1818 3252 1890; x_wconf 81' lang='lat' dir='ltr'><strong>cribrare</strong></span> <span class='ocrx_word' id='word_1_235' title='bbox 3273 1833 3506 1873; x_wconf 88' lang='lat' dir='ltr'><strong>canones</strong></span> <span class='ocrx_word' id='word_1_236' title='bbox 3535 1837 3662 1890; x_wconf 87' lang='lat' dir='ltr'><strong>syn-</strong></span> 
     </span>
    </p>
   </div>
   <div class='ocr_carea' id='block_1_35' title="bbox 2085 1888 3667 1957">
    <p class='ocr_par' dir='ltr' id='par_1_35' title="bbox 2085 1888 3667 1957">
     <span class='ocr_line' id='line_1_35' title="bbox 2085 1888 3667 1957; baseline 0.004 -18"><span class='ocrx_word' id='word_1_237' title='bbox 2085 1890 2170 1940; x_wconf 86' lang='lat' dir='ltr'><strong>odi</strong></span> <span class='ocrx_word' id='word_1_238' title='bbox 2222 1888 2572 1957; x_wconf 67' lang='lat' dir='ltr'><strong>qoiuisextm,</strong></span> <span class='ocrx_word' id='word_1_239' title='bbox 2615 1896 2668 1957; x_wconf 87' lang='lat' dir='ltr'><strong>ct</strong></span> <span class='ocrx_word' id='word_1_240' title='bbox 2693 1888 2924 1941; x_wconf 90' lang='lat' dir='ltr'><strong>triticum</strong></span> <span class='ocrx_word' id='word_1_241' title='bbox 2979 1903 3008 1941; x_wconf 90' lang='lat' dir='ltr'><strong>a</strong></span> <span class='ocrx_word' id='word_1_242' title='bbox 3068 1888 3216 1954; x_wconf 88' lang='lat' dir='ltr'><strong>palea</strong></span> <span class='ocrx_word' id='word_1_243' title='bbox 3259 1903 3526 1957; x_wconf 71' lang='lat' dir='ltr'><strong>separare.</strong></span> <span class='ocrx_word' id='word_1_244' title='bbox 3560 1888 3667 1946; x_wconf 52' lang='grc' dir='ltr'><strong>[ἵνα</strong></span> 
     </span>
    </p>
   </div>
   <div class='ocr_carea' id='block_1_36' title="bbox 2089 1956 3665 2024">
    <p class='ocr_par' dir='ltr' id='par_1_36' title="bbox 2089 1956 3665 2024">
     <span class='ocr_line' id='line_1_36' title="bbox 2089 1956 3665 2024; baseline 0.003 -14"><span class='ocrx_word' id='word_1_245' title='bbox 2089 1961 2204 2010; x_wconf 88' lang='lat' dir='ltr'><strong>sine</strong></span> <span class='ocrx_word' id='word_1_246' title='bbox 2234 1956 2598 2020; x_wconf 77' lang='lat' dir='ltr'><strong>fundamento,</strong></span> <span class='ocrx_word' id='word_1_247' title='bbox 2627 1956 2798 2021; x_wconf 86' lang='lat' dir='ltr'><strong>inquit</strong></span> <span class='ocrx_word' id='word_1_248' title='bbox 2829 1958 3004 2024; x_wconf 88' lang='lat' dir='ltr'><strong>Lupus</strong></span> <span class='ocrx_word' id='word_1_249' title='bbox 3060 1959 3112 2010; x_wconf 91' lang='lat' dir='ltr'><strong>in</strong></span> <span class='ocrx_word' id='word_1_250' title='bbox 3169 1956 3397 2011; x_wconf 15' lang='lat' dir='ltr'><strong>uotisret</strong></span> <span class='ocrx_word' id='word_1_251' title='bbox 3447 1960 3665 2014; x_wconf 87' lang='lat' dir='ltr'><strong>sclioliis</strong></span> 
     </span>
    </p>
   </div>
   <div class='ocr_carea' id='block_1_37' title="bbox 2087 2025 3664 2097">
    <p class='ocr_par' dir='ltr' id='par_1_37' title="bbox 2087 2025 3664 2097">
     <span class='ocr_line' id='line_1_37' title="bbox 2087 2025 3664 2097; baseline 0 -17"><span class='ocrx_word' id='word_1_252' title='bbox 2087 2028 2152 2080; x_wconf 83' lang='lat' dir='ltr'><strong>ad</strong></span> <span class='ocrx_word' id='word_1_253' title='bbox 2177 2042 2406 2080; x_wconf 75' lang='lat' dir='ltr'><strong>canones</strong></span> <span class='ocrx_word' id='word_1_254' title='bbox 2435 2026 2646 2078; x_wconf 75' lang='lat' dir='ltr'><strong>concilii</strong></span> <span class='ocrx_word' id='word_1_255' title='bbox 2677 2025 2932 2090; x_wconf 79' lang='lat' dir='ltr'><strong>Trullani,</strong></span> <span class='ocrx_word' id='word_1_256' title='bbox 2960 2043 3084 2081; x_wconf 84' lang='lat' dir='ltr'><strong>vere</strong></span> <span class='ocrx_word' id='word_1_257' title='bbox 3107 2028 3249 2080; x_wconf 86' lang='lat' dir='ltr'><strong>enim</strong></span> <span class='ocrx_word' id='word_1_258' title='bbox 3277 2027 3344 2081; x_wconf 89' lang='lat' dir='ltr'><strong>de</strong></span> <span class='ocrx_word' id='word_1_259' title='bbox 3373 2028 3470 2081; x_wconf 84' lang='lat' dir='ltr'><strong>hac</strong></span> <span class='ocrx_word' id='word_1_260' title='bbox 3501 2045 3664 2097; x_wconf 81' lang='lat' dir='ltr'><strong>syno-</strong></span> 
     </span>
    </p>
   </div>
   <div class='ocr_carea' id='block_1_38' title="bbox 407 2094 3670 2166">
    <p class='ocr_par' dir='ltr' id='par_1_38' title="bbox 407 2094 3670 2166">
     <span class='ocr_line' id='line_1_38' title="bbox 407 2094 3670 2166; baseline 0.001 -17"><span class='ocrx_word' id='word_1_261' title='bbox 407 2111 512 2164; x_wconf 89' lang='lat' dir='ltr'><strong>tur,</strong></span> <span class='ocrx_word' id='word_1_262' title='bbox 538 2094 726 2164; x_wconf 80' lang='lat' dir='ltr'><strong>majori</strong></span> <span class='ocrx_word' id='word_1_263' title='bbox 756 2097 830 2150; x_wconf 90' lang='lat' dir='ltr'><strong>uti</strong></span> <span class='ocrx_word' id='word_1_264' title='bbox 863 2094 1139 2164; x_wconf 83' lang='lat' dir='ltr'><strong>prudentia</strong></span> <span class='ocrx_word' id='word_1_265' title='bbox 1173 2108 1275 2146; x_wconf 90' lang='lat' dir='ltr'><strong>non</strong></span> <span class='ocrx_word' id='word_1_266' title='bbox 1313 2094 1481 2166; x_wconf 74' lang='lat' dir='ltr'><strong>potuit</strong></span> <span class='ocrx_word' id='word_1_267' title='bbox 1501 2108 1656 2159; x_wconf 91' lang='lat' dir='ltr'><strong>quam</strong></span> <span class='ocrx_word' id='word_1_268' title='bbox 1681 2109 1864 2146; x_wconf 90' lang='lat' dir='ltr'><strong>eorum</strong></span> <span class='ocrx_word' id='word_1_269' title='bbox 1899 2095 1977 2146; x_wconf 89' lang='lat' dir='ltr'><strong>ni-</strong></span> <span class='ocrx_word' id='word_1_270' title='bbox 2011 2108 2055 2164; x_wconf 82' lang='grc' dir='ltr'><strong>Β</strong></span> <span class='ocrx_word' id='word_1_271' title='bbox 2087 2098 2155 2149; x_wconf 85' lang='lat' dir='ltr'><strong>do</strong></span> <span class='ocrx_word' id='word_1_272' title='bbox 2208 2097 2282 2149; x_wconf 86' lang='lat' dir='ltr'><strong>ait</strong></span> <span class='ocrx_word' id='word_1_273' title='bbox 2333 2097 2542 2148; x_wconf 85' lang='lat' dir='ltr'><strong>libellus</strong></span> <span class='ocrx_word' id='word_1_274' title='bbox 2563 2097 2884 2166; x_wconf 76' lang='lat' dir='ltr'><strong>synodicus:</strong></span> <span class='ocrx_word' id='word_1_275' title='bbox 2942 2097 3152 2166; x_wconf 76' lang='lat' dir='ltr'><strong>omissos</strong></span> <span class='ocrx_word' id='word_1_276' title='bbox 3181 2099 3231 2148; x_wconf 86' lang='lat' dir='ltr'><strong>in</strong></span> <span class='ocrx_word' id='word_1_277' title='bbox 3259 2099 3435 2166; x_wconf 86' lang='lat' dir='ltr'><strong>quinta</strong></span> <span class='ocrx_word' id='word_1_278' title='bbox 3459 2109 3504 2151; x_wconf 88' lang='lat' dir='ltr'><strong>et</strong></span> <span class='ocrx_word' id='word_1_279' title='bbox 3525 2094 3670 2153; x_wconf 71' lang='lat' dir='ltr'><strong>sexta</strong></span> 
     </span>
    </p>
   </div>
   <div class='ocr_carea' id='block_1_39' title="bbox 404 2163 1978 2235">
    <p class='ocr_par' dir='ltr' id='par_1_39' title="bbox 404 2163 1978 2235">
     <span class='ocr_line' id='line_1_39' title="bbox 404 2163 1978 2235; baseline -0.002 -15"><span class='ocrx_word' id='word_1_280' title='bbox 404 2163 719 2221; x_wconf 29' lang='lat' dir='ltr'><strong>liil&#39;omn’ino</strong></span> <span class='ocrx_word' id='word_1_281' title='bbox 767 2163 1066 2235; x_wconf 80' lang='lat' dir='ltr'><strong>approiians</strong></span> <span class='ocrx_word' id='word_1_282' title='bbox 1095 2177 1211 2232; x_wconf 65' lang='lat' dir='ltr'><strong>quas</strong></span> <span class='ocrx_word' id='word_1_283' title='bbox 1263 2163 1490 2215; x_wconf 85' lang='lat' dir='ltr'><strong>conﬂata</strong></span> <span class='ocrx_word' id='word_1_284' title='bbox 1536 2170 1693 2235; x_wconf 81' lang='lat' dir='ltr'><strong>erant</strong></span> <span class='ocrx_word' id='word_1_285' title='bbox 1746 2177 1774 2214; x_wconf 90' lang='lat' dir='ltr'><strong>a</strong></span> <span class='ocrx_word' id='word_1_286' title='bbox 1837 2174 1978 2217; x_wconf 70' lang='lat' dir='ltr'><strong>cmtn</strong></span> 
     </span>
    </p>
   </div>
   <div class='ocr_carea' id='block_1_40' title="bbox 401 2233 1984 2297">
    <p class='ocr_par' dir='ltr' id='par_1_40' title="bbox 401 2233 1984 2297">
     <span class='ocr_line' id='line_1_40' title="bbox 401 2233 1984 2297; baseline -0.004 -4"><span class='ocrx_word' id='word_1_287' title='bbox 401 2237 718 2293; x_wconf 59' lang='lat' dir='ltr'><strong>«eromenici</strong></span> <span class='ocrx_word' id='word_1_288' title='bbox 747 2233 956 2290; x_wconf 48' lang='lat' dir='ltr'><strong>concilii</strong></span> <span class='ocrx_word' id='word_1_289' title='bbox 988 2249 1201 2297; x_wconf 85' lang='lat' dir='ltr'><strong>nomen,</strong></span> <span class='ocrx_word' id='word_1_290' title='bbox 1239 2235 1476 2284; x_wconf 86' lang='lat' dir='ltr'><strong>llomano</strong></span> <span class='ocrx_word' id='word_1_291' title='bbox 1507 2233 1754 2297; x_wconf 82' lang='lat' dir='ltr'><strong>pontiﬁce</strong></span> <span class='ocrx_word' id='word_1_292' title='bbox 1784 2247 1984 2287; x_wconf 76' lang='lat' dir='ltr'><strong>convo-</strong></span> 
     </span>
    </p>
   </div>
   <div class='ocr_carea' id='block_1_41' title="bbox 406 2302 1983 2371">
    <p class='ocr_par' dir='ltr' id='par_1_41' title="bbox 406 2302 1983 2371">
     <span class='ocr_line' id='line_1_41' title="bbox 406 2302 1983 2371; baseline -0.004 -9"><span class='ocrx_word' id='word_1_293' title='bbox 406 2309 632 2362; x_wconf 85' lang='lat' dir='ltr'><strong>cationis</strong></span> <span class='ocrx_word' id='word_1_294' title='bbox 658 2321 720 2359; x_wconf 89' lang='lat' dir='ltr'><strong>ac</strong></span> <span class='ocrx_word' id='word_1_295' title='bbox 745 2306 1120 2360; x_wconf 88' lang='lat' dir='ltr'><strong>celebrationis</strong></span> <span class='ocrx_word' id='word_1_296' title='bbox 1148 2317 1364 2370; x_wconf 69' lang='lat' dir='ltr'><strong>prorsus</strong></span> <span class='ocrx_word' id='word_1_297' title='bbox 1390 2303 1577 2364; x_wconf 82' lang='lat' dir='ltr'><strong>inscio,</strong></span> <span class='ocrx_word' id='word_1_298' title='bbox 1607 2302 1706 2356; x_wconf 85' lang='lat' dir='ltr'><strong>sibi</strong></span> <span class='ocrx_word' id='word_1_299' title='bbox 1729 2317 1983 2371; x_wconf 84' lang='lat' dir='ltr'><strong>arrogan-</strong></span> 
     </span>
    </p>
   </div>
   <div class='ocr_carea' id='block_1_42' title="bbox 401 2373 1980 2442">
    <p class='ocr_par' dir='ltr' id='par_1_42' title="bbox 401 2373 1980 2442">
     <span class='ocr_line' id='line_1_42' title="bbox 401 2373 1980 2442; baseline -0.002 -12"><span class='ocrx_word' id='word_1_300' title='bbox 401 2391 455 2432; x_wconf 88' lang='lat' dir='ltr'><strong>te</strong></span> <span class='ocrx_word' id='word_1_301' title='bbox 478 2394 491 2442; x_wconf 92' lang='lat'>;</span> <span class='ocrx_word' id='word_1_302' title='bbox 522 2392 641 2430; x_wconf 83' lang='lat' dir='ltr'><strong>cum</strong></span> <span class='ocrx_word' id='word_1_303' title='bbox 668 2374 962 2442; x_wconf 66' lang='lat' dir='ltr'><strong>prmscrtim</strong></span> <span class='ocrx_word' id='word_1_304' title='bbox 989 2377 1038 2426; x_wconf 91' lang='lat' dir='ltr'><strong>in</strong></span> <span class='ocrx_word' id='word_1_305' title='bbox 1064 2390 1127 2427; x_wconf 90' lang='lat' dir='ltr'><strong>eo</strong></span> <span class='ocrx_word' id='word_1_306' title='bbox 1154 2375 1448 2442; x_wconf 75' lang='lat' dir='ltr'><strong>regnaverit</strong></span> <span class='ocrx_word' id='word_1_307' title='bbox 1471 2373 1693 2441; x_wconf 81' lang='lat' dir='ltr'><strong>spiritus</strong></span> <span class='ocrx_word' id='word_1_308' title='bbox 1715 2374 1980 2440; x_wconf 68' lang='lat' dir='ltr'><strong>Superbia:</strong></span> 
     </span>
    </p>
   </div>
   <div class='ocr_carea' id='block_1_43' title="bbox 403 2442 1974 2512">
    <p class='ocr_par' dir='ltr' id='par_1_43' title="bbox 403 2442 1974 2512">
     <span class='ocr_line' id='line_1_43' title="bbox 403 2442 1974 2512; baseline -0.003 -11"><span class='ocrx_word' id='word_1_309' title='bbox 403 2459 457 2501; x_wconf 87' lang='lat' dir='ltr'><strong>et</strong></span> <span class='ocrx_word' id='word_1_310' title='bbox 479 2446 692 2500; x_wconf 77' lang='lat' dir='ltr'><strong>invidia:</strong></span> <span class='ocrx_word' id='word_1_311' title='bbox 721 2447 975 2500; x_wconf 61' lang='lat' dir='ltr'><strong>adversus</strong></span> <span class='ocrx_word' id='word_1_312' title='bbox 1004 2447 1346 2512; x_wconf 81' lang='lat' dir='ltr'><strong>apostolicam</strong></span> <span class='ocrx_word' id='word_1_313' title='bbox 1379 2443 1580 2496; x_wconf 88' lang='lat' dir='ltr'><strong>sedem.</strong></span> <span class='ocrx_word' id='word_1_314' title='bbox 1627 2442 1813 2496; x_wconf 75' lang='lat' dir='ltr'><strong>Nonne</strong></span> <span class='ocrx_word' id='word_1_315' title='bbox 1838 2458 1974 2511; x_wconf 89' lang='lat' dir='ltr'><strong>quo-</strong></span> 
     </span>
    </p>
   </div>
   <div class='ocr_carea' id='block_1_44' title="bbox 403 2513 1978 2579">
    <p class='ocr_par' dir='ltr' id='par_1_44' title="bbox 403 2513 1978 2579">
     <span class='ocr_line' id='line_1_44' title="bbox 403 2513 1978 2579; baseline -0.003 -9"><span class='ocrx_word' id='word_1_316' title='bbox 403 2518 533 2570; x_wconf 88' lang='lat' dir='ltr'><strong>tidie</strong></span> <span class='ocrx_word' id='word_1_317' title='bbox 556 2516 749 2570; x_wconf 89' lang='lat' dir='ltr'><strong>accidit</strong></span> <span class='ocrx_word' id='word_1_318' title='bbox 773 2528 828 2569; x_wconf 92' lang='lat' dir='ltr'><strong>ut</strong></span> <span class='ocrx_word' id='word_1_319' title='bbox 853 2526 1034 2569; x_wconf 85' lang='lat' dir='ltr'><strong>sancta</strong></span> <span class='ocrx_word' id='word_1_320' title='bbox 1083 2514 1268 2567; x_wconf 88' lang='lat' dir='ltr'><strong>eadem</strong></span> <span class='ocrx_word' id='word_1_321' title='bbox 1301 2514 1456 2568; x_wconf 87' lang='lat' dir='ltr'><strong>sedes</strong></span> <span class='ocrx_word' id='word_1_322' title='bbox 1485 2513 1691 2579; x_wconf 87' lang='lat' dir='ltr'><strong>rejiciat</strong></span> <span class='ocrx_word' id='word_1_323' title='bbox 1735 2513 1978 2567; x_wconf 81' lang='lat' dir='ltr'><strong>damnet-</strong></span> 
     </span>
    </p>
   </div>
   <div class='ocr_carea' id='block_1_45' title="bbox 402 2582 1981 2655">
    <p class='ocr_par' dir='ltr' id='par_1_45' title="bbox 402 2582 1981 2655">
     <span class='ocr_line' id='line_1_45' title="bbox 402 2582 1981 2655; baseline 0.001 -18"><span class='ocrx_word' id='word_1_324' title='bbox 402 2603 508 2655; x_wconf 81' lang='lat' dir='ltr'><strong>que</strong></span> <span class='ocrx_word' id='word_1_325' title='bbox 536 2589 772 2654; x_wconf 81' lang='lat' dir='ltr'><strong>integros</strong></span> <span class='ocrx_word' id='word_1_326' title='bbox 822 2587 982 2640; x_wconf 84' lang='lat' dir='ltr'><strong>libros</strong></span> <span class='ocrx_word' id='word_1_327' title='bbox 1034 2585 1104 2638; x_wconf 89' lang='lat' dir='ltr'><strong>ob</strong></span> <span class='ocrx_word' id='word_1_328' title='bbox 1135 2583 1301 2636; x_wconf 90' lang='lat' dir='ltr'><strong>malas</strong></span> <span class='ocrx_word' id='word_1_329' title='bbox 1330 2585 1548 2655; x_wconf 80' lang='lat' dir='ltr'><strong>aliquol._</strong></span> <span class='ocrx_word' id='word_1_330' title='bbox 1586 2582 1981 2655; x_wconf 70' lang='lat' dir='ltr'><strong>propositiones</strong></span> 
     </span>
    </p>
   </div>
   <div class='ocr_carea' id='block_1_46' title="bbox 403 2650 1981 2722">
    <p class='ocr_par' dir='ltr' id='par_1_46' title="bbox 403 2650 1981 2722">
     <span class='ocr_line' id='line_1_46' title="bbox 403 2650 1981 2722; baseline -0.003 -13"><span class='ocrx_word' id='word_1_331' title='bbox 403 2650 589 2710; x_wconf 79' lang='lat' dir='ltr'><strong>multis</strong></span> <span class='ocrx_word' id='word_1_332' title='bbox 618 2650 770 2708; x_wconf 76' lang='lat' dir='ltr'><strong>bonis</strong></span> <span class='ocrx_word' id='word_1_333' title='bbox 791 2657 1065 2719; x_wconf 82' lang='lat' dir='ltr'><strong>admistas,</strong></span> <span class='ocrx_word' id='word_1_334' title='bbox 1097 2667 1195 2706; x_wconf 90' lang='lat' dir='ltr'><strong>nec</strong></span> <span class='ocrx_word' id='word_1_335' title='bbox 1225 2650 1714 2722; x_wconf 72' lang='lat' dir='ltr'><strong>timencataIOgum</strong></span> <span class='ocrx_word' id='word_1_336' title='bbox 1742 2650 1981 2721; x_wconf 82' lang='lat' dir='ltr'><strong>singilla-</strong></span> 
     </span>
    </p>
   </div>
   <div class='ocr_carea' id='block_1_47' title="bbox 406 2722 1982 2792">
    <p class='ocr_par' dir='ltr' id='par_1_47' title="bbox 406 2722 1982 2792">
     <span class='ocr_line' id='line_1_47' title="bbox 406 2722 1982 2792; baseline 0 -15"><span class='ocrx_word' id='word_1_337' title='bbox 406 2729 498 2779; x_wconf 89' lang='lat' dir='ltr'><strong>tim</strong></span> <span class='ocrx_word' id='word_1_338' title='bbox 529 2726 775 2778; x_wconf 80' lang='lat' dir='ltr'><strong>conliciat</strong></span> <span class='ocrx_word' id='word_1_339' title='bbox 827 2739 1009 2779; x_wconf 87' lang='lat' dir='ltr'><strong>eorum</strong></span> <span class='ocrx_word' id='word_1_340' title='bbox 1049 2738 1166 2792; x_wconf 66' lang='lat' dir='ltr'><strong>quae</strong></span> <span class='ocrx_word' id='word_1_341' title='bbox 1197 2722 1341 2791; x_wconf 76' lang='lat' dir='ltr'><strong>rejici</strong></span> <span class='ocrx_word' id='word_1_342' title='bbox 1392 2723 1741 2791; x_wconf 82' lang='lat' dir='ltr'><strong>damnarique</strong></span> <span class='ocrx_word' id='word_1_343' title='bbox 1782 2723 1982 2778; x_wconf 87' lang='lat' dir='ltr'><strong>debue-</strong></span> 
     </span>
    </p>
   </div>
   <div class='ocr_carea' id='block_1_48' title="bbox 401 2796 850 2849">
    <p class='ocr_par' dir='ltr' id='par_1_48' title="bbox 401 2796 850 2849">
     <span class='ocr_line' id='line_1_48' title="bbox 401 2796 850 2849; baseline -0.004 -1"><span class='ocrx_word' id='word_1_344' title='bbox 401 2796 564 2848; x_wconf 81' lang='lat' dir='ltr'><strong>runt?</strong></span> <span class='ocrx_word' id='word_1_345' title='bbox 587 2796 850 2849; x_wconf 76' lang='lat' dir='ltr'><strong>Sonutsn.</strong></span> 
     </span>
    </p>
   </div>
   <div class='ocr_carea' id='block_1_49' title="bbox 471 2861 1978 2932">
    <p class='ocr_par' dir='ltr' id='par_1_49' title="bbox 471 2861 1978 2932">
     <span class='ocr_line' id='line_1_49' title="bbox 471 2861 1978 2932; baseline 0.001 -16"><span class='ocrx_word' id='word_1_346' title='bbox 471 2865 654 2917; x_wconf 81' lang='lat' dir='ltr'><strong>Tomos</strong></span> <span class='ocrx_word' id='word_1_347' title='bbox 682 2881 808 2932; x_wconf 82' lang='lat' dir='ltr'><strong>quos</strong></span> <span class='ocrx_word' id='word_1_348' title='bbox 837 2873 974 2930; x_wconf 86' lang='lat' dir='ltr'><strong>ante,</strong></span> <span class='ocrx_word' id='word_1_349' title='bbox 1025 2875 1130 2917; x_wconf 89' lang='lat' dir='ltr'><strong>etc.</strong></span> <span class='ocrx_word' id='word_1_350' title='bbox 1182 2862 1276 2916; x_wconf 92' lang='lat' dir='ltr'><strong>llic</strong></span> <span class='ocrx_word' id='word_1_351' title='bbox 1307 2871 1492 2916; x_wconf 90' lang='lat' dir='ltr'><strong>auctor</strong></span> <span class='ocrx_word' id='word_1_352' title='bbox 1523 2863 1744 2929; x_wconf 89' lang='lat' dir='ltr'><strong>loquens</strong></span> <span class='ocrx_word' id='word_1_353' title='bbox 1771 2861 1838 2916; x_wconf 90' lang='lat' dir='ltr'><strong>de</strong></span> <span class='ocrx_word' id='word_1_354' title='bbox 1865 2877 1978 2917; x_wconf 86' lang='lat' dir='ltr'><strong>res-</strong></span> 
     </span>
    </p>
   </div>
   <div class='ocr_carea' id='block_1_50' title="bbox 402 2933 1978 3001">
    <p class='ocr_par' dir='ltr' id='par_1_50' title="bbox 402 2933 1978 3001">
     <span class='ocr_line' id='line_1_50' title="bbox 402 2933 1978 3001; baseline -0.001 -14"><span class='ocrx_word' id='word_1_355' title='bbox 402 2935 649 2988; x_wconf 90' lang='lat' dir='ltr'><strong>titutione</strong></span> <span class='ocrx_word' id='word_1_356' title='bbox 669 2934 951 2987; x_wconf 86' lang='lat' dir='ltr'><strong>Justiniani</strong></span> <span class='ocrx_word' id='word_1_357' title='bbox 976 2935 1026 2987; x_wconf 91' lang='lat' dir='ltr'><strong>in</strong></span> <span class='ocrx_word' id='word_1_358' title='bbox 1057 2933 1356 3001; x_wconf 81' lang='lat' dir='ltr'><strong>imperium,</strong></span> <span class='ocrx_word' id='word_1_359' title='bbox 1383 2948 1524 2999; x_wconf 56' lang='lat' dir='ltr'><strong>quite,</strong></span> <span class='ocrx_word' id='word_1_360' title='bbox 1553 2941 1611 2986; x_wconf 90' lang='lat' dir='ltr'><strong>ut</strong></span> <span class='ocrx_word' id='word_1_361' title='bbox 1632 2947 1751 2986; x_wconf 75' lang='lat' dir='ltr'><strong>mox</strong></span> <span class='ocrx_word' id='word_1_362' title='bbox 1775 2933 1978 2986; x_wconf 87' lang='lat' dir='ltr'><strong>dictum</strong></span> 
     </span>
    </p>
   </div>
   <div class='ocr_carea' id='block_1_51' title="bbox 400 3001 1973 3074">
    <p class='ocr_par' dir='ltr' id='par_1_51' title="bbox 400 3001 1973 3074">
     <span class='ocr_line' id='line_1_51' title="bbox 400 3001 1973 3074; baseline -0.001 -18"><span class='ocrx_word' id='word_1_363' title='bbox 400 3015 480 3058; x_wconf 83' lang='lat' dir='ltr'><strong>est</strong></span> <span class='ocrx_word' id='word_1_364' title='bbox 507 3045 520 3069; x_wconf 95' lang='lat'><strong>,</strong></span> <span class='ocrx_word' id='word_1_365' title='bbox 555 3004 694 3057; x_wconf 85' lang='lat' dir='ltr'><strong>circa</strong></span> <span class='ocrx_word' id='word_1_366' title='bbox 727 3002 883 3074; x_wconf 88' lang='lat' dir='ltr'><strong>ﬁnem</strong></span> <span class='ocrx_word' id='word_1_367' title='bbox 916 3004 1152 3074; x_wconf 81' lang='lat' dir='ltr'><strong>ejusdem</strong></span> <span class='ocrx_word' id='word_1_368' title='bbox 1184 3005 1307 3056; x_wconf 86' lang='lat' dir='ltr'><strong>anui</strong></span> <span class='ocrx_word' id='word_1_369' title='bbox 1339 3001 1442 3056; x_wconf 76' lang='grc' dir='ltr'><strong>’ῖθὸ</strong></span> <span class='ocrx_word' id='word_1_370' title='bbox 1470 3003 1713 3071; x_wconf 79' lang='lat' dir='ltr'><strong>contigit,</strong></span> <span class='ocrx_word' id='word_1_371' title='bbox 1744 3003 1929 3056; x_wconf 86' lang='lat' dir='ltr'><strong>scribit</strong></span> <span class='ocrx_word' id='word_1_372' title='bbox 1961 3020 1973 3055; x_wconf 88' lang='lat'><strong>:</strong></span> 
     </span>
    </p>
   </div>
   <div class='ocr_carea' id='block_1_52' title="bbox 399 3073 1974 3144">
    <p class='ocr_par' dir='ltr' id='par_1_52' title="bbox 399 3073 1974 3144">
     <span class='ocr_line' id='line_1_52' title="bbox 399 3073 1974 3144; baseline -0.001 -17"><span class='ocrx_word' id='word_1_373' title='bbox 399 3074 554 3128; x_wconf 81' lang='lat' dir='ltr'><strong>Illico</strong></span> <span class='ocrx_word' id='word_1_374' title='bbox 579 3085 634 3127; x_wconf 83' lang='lat' dir='ltr'><strong>ut</strong></span> <span class='ocrx_word' id='word_1_375' title='bbox 660 3073 914 3143; x_wconf 65' lang='lat' dir='ltr'><strong>palatium</strong></span> <span class='ocrx_word' id='word_1_376' title='bbox 949 3073 1208 3144; x_wconf 71' lang='lat' dir='ltr'><strong>ingressus</strong></span> <span class='ocrx_word' id='word_1_377' title='bbox 1230 3081 1301 3125; x_wconf 88' lang='lat' dir='ltr'><strong>est</strong></span> <span class='ocrx_word' id='word_1_378' title='bbox 1331 3114 1345 3135; x_wconf 92' lang='lat'><strong>,</strong></span> <span class='ocrx_word' id='word_1_379' title='bbox 1375 3074 1734 3142; x_wconf 81' lang='lat' dir='ltr'><strong>propriumque</strong></span> <span class='ocrx_word' id='word_1_380' title='bbox 1758 3074 1974 3144; x_wconf 77' lang='lat' dir='ltr'><strong>adeptus</strong></span> 
     </span>
    </p>
   </div>
   <div class='ocr_carea' id='block_1_53' title="bbox 399 3142 1978 3214">
    <p class='ocr_par' dir='ltr' id='par_1_53' title="bbox 399 3142 1978 3214">
     <span class='ocr_line' id='line_1_53' title="bbox 399 3142 1978 3214; baseline -0.001 -18"><span class='ocrx_word' id='word_1_381' title='bbox 399 3153 472 3198; x_wconf 75' lang='lat' dir='ltr'><strong>est</strong></span> <span class='ocrx_word' id='word_1_382' title='bbox 500 3142 788 3214; x_wconf 83' lang='lat' dir='ltr'><strong>imperium,</strong></span> <span class='ocrx_word' id='word_1_383' title='bbox 820 3142 1024 3207; x_wconf 35' lang='lat' dir='ltr'><strong>toruos,‘</strong></span> <span class='ocrx_word' id='word_1_384' title='bbox 1049 3160 1174 3214; x_wconf 75' lang='lat' dir='ltr'><strong>quos</strong></span> <span class='ocrx_word' id='word_1_385' title='bbox 1206 3153 1378 3214; x_wconf 72' lang='lat' dir='ltr'><strong>antea</strong></span> <span class='ocrx_word' id='word_1_386' title='bbox 1404 3145 1496 3195; x_wconf 78' lang='lat' dir='ltr'><strong>sub</strong></span> <span class='ocrx_word' id='word_1_387' title='bbox 1545 3143 1747 3195; x_wconf 85' lang='lat' dir='ltr'><strong>domino</strong></span> <span class='ocrx_word' id='word_1_388' title='bbox 1795 3142 1978 3214; x_wconf 82' lang='lat' dir='ltr'><strong>Sergio</strong></span> 
     </span>
    </p>
   </div>
   <div class='ocr_carea' id='block_1_54' title="bbox 400 3212 1978 3284">
    <p class='ocr_par' dir='ltr' id='par_1_54' title="bbox 400 3212 1978 3284">
     <span class='ocr_line' id='line_1_54' title="bbox 400 3212 1978 3284; baseline -0.001 -17"><span class='ocrx_word' id='word_1_389' title='bbox 400 3212 694 3284; x_wconf 67' lang='lat' dir='ltr'><strong>apostolici:</strong></span> <span class='ocrx_word' id='word_1_390' title='bbox 721 3217 982 3269; x_wconf 67' lang='lat' dir='ltr'><strong>memoria</strong></span> <span class='ocrx_word' id='word_1_391' title='bbox 1039 3212 1276 3280; x_wconf 75' lang='lat' dir='ltr'><strong>pontifice</strong></span> <span class='ocrx_word' id='word_1_392' title='bbox 1335 3212 1554 3284; x_wconf 66' lang='lat' dir='ltr'><strong>[invitam</strong></span> <span class='ocrx_word' id='word_1_393' title='bbox 1597 3214 1874 3276; x_wconf 75' lang='lat' dir='ltr'><strong>direxerat,</strong></span> <span class='ocrx_word' id='word_1_394' title='bbox 1916 3213 1978 3265; x_wconf 83' lang='lat' dir='ltr'><strong>in</strong></span> 
     </span>
    </p>
   </div>
   <div class='ocr_carea' id='block_1_55' title="bbox 401 3282 1979 3354">
    <p class='ocr_par' dir='ltr' id='par_1_55' title="bbox 401 3282 1979 3354">
     <span class='ocr_line' id='line_1_55' title="bbox 401 3282 1979 3354; baseline -0.001 -17"><span class='ocrx_word' id='word_1_395' title='bbox 401 3282 585 3354; x_wconf 76' lang='lat' dir='ltr'><strong>quibus</strong></span> <span class='ocrx_word' id='word_1_396' title='bbox 613 3287 807 3340; x_wconf 76' lang='lat' dir='ltr'><strong>diversa</strong></span> <span class='ocrx_word' id='word_1_397' title='bbox 853 3285 1076 3354; x_wconf 80' lang='lat' dir='ltr'><strong>capitula</strong></span> <span class='ocrx_word' id='word_1_398' title='bbox 1131 3282 1669 3354; x_wconf 9' lang='lat' dir='ltr'><strong>IbimananEcclesia:</strong></span> <span class='ocrx_word' id='word_1_399' title='bbox 1719 3284 1979 3336; x_wconf 85' lang='lat' dir='ltr'><strong>contraria</strong></span> 
     </span>
    </p>
   </div>
   <div class='ocr_carea' id='block_1_56' title="bbox 399 3353 1978 3426">
    <p class='ocr_par' dir='ltr' id='par_1_56' title="bbox 399 3353 1978 3426">
     <span class='ocr_line' id='line_1_56' title="bbox 399 3353 1978 3426; baseline -0.001 -18"><span class='ocrx_word' id='word_1_400' title='bbox 399 3353 591 3423; x_wconf 71' lang='lat' dir='ltr'><strong>scripta</strong></span> <span class='ocrx_word' id='word_1_401' title='bbox 623 3357 822 3409; x_wconf 83' lang='lat' dir='ltr'><strong>inerant</strong></span> <span class='ocrx_word' id='word_1_402' title='bbox 853 3397 867 3419; x_wconf 91' lang='lat'><strong>,</strong></span> <span class='ocrx_word' id='word_1_403' title='bbox 891 3353 982 3426; x_wconf 81' lang='lat' dir='ltr'><strong>per</strong></span> <span class='ocrx_word' id='word_1_404' title='bbox 1004 3357 1132 3407; x_wconf 79' lang='lat' dir='ltr'><strong>duos</strong></span> <span class='ocrx_word' id='word_1_405' title='bbox 1160 3353 1567 3423; x_wconf 82' lang='lat' dir='ltr'><strong>metropolitanos</strong></span> <span class='ocrx_word' id='word_1_406' title='bbox 1591 3356 1852 3426; x_wconf 71' lang='lat' dir='ltr'><strong>episc0pos</strong></span> <span class='ocrx_word' id='word_1_407' title='bbox 1891 3355 1978 3406; x_wconf 85' lang='lat' dir='ltr'><strong>de-</strong></span> 
     </span>
    </p>
   </div>
   <div class='ocr_carea' id='block_1_57' title="bbox 399 3422 1976 3495">
    <p class='ocr_par' dir='ltr' id='par_1_57' title="bbox 399 3422 1976 3495">
     <span class='ocr_line' id='line_1_57' title="bbox 399 3422 1976 3495; baseline -0.001 -18"><span class='ocrx_word' id='word_1_408' title='bbox 399 3422 680 3495; x_wconf 72' lang='lat' dir='ltr'><strong>mandauit,</strong></span> <span class='ocrx_word' id='word_1_409' title='bbox 712 3422 934 3495; x_wconf 77' lang='lat' dir='ltr'><strong>dirigens</strong></span> <span class='ocrx_word' id='word_1_410' title='bbox 962 3441 1048 3493; x_wconf 78' lang='lat' dir='ltr'><strong>per</strong></span> <span class='ocrx_word' id='word_1_411' title='bbox 1077 3441 1160 3478; x_wconf 81' lang='lat' dir='ltr'><strong>eos</strong></span> <span class='ocrx_word' id='word_1_412' title='bbox 1188 3434 1234 3477; x_wconf 89' lang='lat' dir='ltr'><strong>et</strong></span> <span class='ocrx_word' id='word_1_413' title='bbox 1263 3422 1486 3488; x_wconf 74' lang='lat' dir='ltr'><strong>sacram,</strong></span> <span class='ocrx_word' id='word_1_414' title='bbox 1516 3441 1606 3495; x_wconf 85' lang='lat' dir='ltr'><strong>per</strong></span> <span class='ocrx_word' id='word_1_415' title='bbox 1634 3439 1788 3492; x_wconf 87' lang='lat' dir='ltr'><strong>quam</strong></span> <span class='ocrx_word' id='word_1_416' title='bbox 1809 3422 1976 3476; x_wconf 81' lang='lat' dir='ltr'><strong>Joan-</strong></span> 
     </span>
    </p>
   </div>
   <div class='ocr_carea' id='block_1_58' title="bbox 399 3494 1975 3564">
    <p class='ocr_par' dir='ltr' id='par_1_58' title="bbox 399 3494 1975 3564">
     <span class='ocr_line' id='line_1_58' title="bbox 399 3494 1975 3564; baseline -0.001 -16"><span class='ocrx_word' id='word_1_417' title='bbox 399 3511 512 3548; x_wconf 81' lang='lat' dir='ltr'><strong>nem</strong></span> <span class='ocrx_word' id='word_1_418' title='bbox 598 3494 706 3550; x_wconf 82' lang='lat' dir='ltr'><strong>VII</strong></span> <span class='ocrx_word' id='word_1_419' title='bbox 754 3494 1041 3564; x_wconf 82' lang='lat' dir='ltr'><strong>pontiﬁcem</strong></span> <span class='ocrx_word' id='word_1_420' title='bbox 1071 3496 1354 3563; x_wconf 85' lang='lat' dir='ltr'><strong>conjuravit</strong></span> <span class='ocrx_word' id='word_1_421' title='bbox 1401 3511 1462 3546; x_wconf 89' lang='lat' dir='ltr'><strong>ac</strong></span> <span class='ocrx_word' id='word_1_422' title='bbox 1499 3494 1801 3547; x_wconf 78' lang='lat' dir='ltr'><strong>adhortatus</strong></span> <span class='ocrx_word' id='word_1_423' title='bbox 1827 3503 1898 3547; x_wconf 83' lang='lat' dir='ltr'><strong>est</strong></span> <span class='ocrx_word' id='word_1_424' title='bbox 1922 3503 1975 3546; x_wconf 86' lang='lat' dir='ltr'><strong>ut</strong></span> 
     </span>
    </p>
   </div>
   <div class='ocr_carea' id='block_1_59' title="bbox 401 3565 1974 3635">
    <p class='ocr_par' dir='ltr' id='par_1_59' title="bbox 401 3565 1974 3635">
     <span class='ocr_line' id='line_1_59' title="bbox 401 3565 1974 3635; baseline 0 -19"><span class='ocrx_word' id='word_1_425' title='bbox 401 3567 691 3635; x_wconf 75' lang='lat' dir='ltr'><strong>apostolica:</strong></span> <span class='ocrx_word' id='word_1_426' title='bbox 743 3567 981 3620; x_wconf 75' lang='lat' dir='ltr'><strong>Ecclesia:</strong></span> <span class='ocrx_word' id='word_1_427' title='bbox 1029 3567 1303 3620; x_wconf 80' lang='lat' dir='ltr'><strong>concilium</strong></span> <span class='ocrx_word' id='word_1_428' title='bbox 1352 3573 1671 3634; x_wconf 86' lang='lat' dir='ltr'><strong>aggregaret,</strong></span> <span class='ocrx_word' id='word_1_429' title='bbox 1699 3574 1749 3616; x_wconf 91' lang='lat' dir='ltr'><strong>et</strong></span> <span class='ocrx_word' id='word_1_430' title='bbox 1780 3565 1974 3635; x_wconf 74' lang='lat' dir='ltr'><strong>quteei</strong></span> 
     </span>
    </p>
   </div>
   <div class='ocr_carea' id='block_1_60' title="bbox 399 3633 1969 3704">
    <p class='ocr_par' dir='ltr' id='par_1_60' title="bbox 399 3633 1969 3704">
     <span class='ocr_line' id='line_1_60' title="bbox 399 3633 1969 3704; baseline -0.002 -16"><span class='ocrx_word' id='word_1_431' title='bbox 399 3633 508 3689; x_wconf 72' lang='lat' dir='ltr'><strong>visa</strong></span> <span class='ocrx_word' id='word_1_432' title='bbox 530 3645 691 3690; x_wconf 76' lang='lat' dir='ltr'><strong>essent</strong></span> <span class='ocrx_word' id='word_1_433' title='bbox 717 3636 997 3701; x_wconf 51' lang='lat' dir='ltr'><strong>stabiliret&quot;</strong></span> <span class='ocrx_word' id='word_1_434' title='bbox 1029 3645 1076 3688; x_wconf 83' lang='lat' dir='ltr'><strong>et</strong></span> <span class='ocrx_word' id='word_1_435' title='bbox 1115 3651 1226 3704; x_wconf 71' lang='lat' dir='ltr'><strong>qua:</strong></span> <span class='ocrx_word' id='word_1_436' title='bbox 1269 3633 1483 3688; x_wconf 73' lang='lat' dir='ltr'><strong>adversa</strong></span> <span class='ocrx_word' id='word_1_437' title='bbox 1507 3633 1766 3688; x_wconf 77' lang='lat' dir='ltr'><strong>renuendo</strong></span> <span class='ocrx_word' id='word_1_438' title='bbox 1794 3633 1969 3686; x_wconf 69' lang='lat' dir='ltr'><strong>exclu-</strong></span> 
     </span>
    </p>
   </div>
   <div class='ocr_carea' id='block_1_61' title="bbox 398 3705 1966 3775">
    <p class='ocr_par' dir='ltr' id='par_1_61' title="bbox 398 3705 1966 3775">
     <span class='ocr_line' id='line_1_61' title="bbox 398 3705 1966 3775; baseline -0.001 -17"><span class='ocrx_word' id='word_1_439' title='bbox 398 3706 554 3760; x_wconf 80' lang='lat' dir='ltr'><strong>deret.</strong></span> <span class='ocrx_word' id='word_1_440' title='bbox 605 3705 935 3760; x_wconf 90' lang='lat' dir='ltr'><strong>Justinianus</strong></span> <span class='ocrx_word' id='word_1_441' title='bbox 959 3708 1135 3775; x_wconf 84' lang='lat' dir='ltr'><strong>itaque</strong></span> <span class='ocrx_word' id='word_1_442' title='bbox 1162 3720 1264 3760; x_wconf 91' lang='lat' dir='ltr'><strong>non</strong></span> <span class='ocrx_word' id='word_1_443' title='bbox 1294 3709 1466 3761; x_wconf 87' lang='lat' dir='ltr'><strong>solum</strong></span> <span class='ocrx_word' id='word_1_444' title='bbox 1497 3721 1525 3758; x_wconf 89' lang='lat' dir='ltr'><strong>a</strong></span> <span class='ocrx_word' id='word_1_445' title='bbox 1577 3708 1764 3772; x_wconf 79' lang='lat' dir='ltr'><strong>Sergio</strong></span> <span class='ocrx_word' id='word_1_446' title='bbox 1791 3719 1920 3772; x_wconf 74' lang='lat' dir='ltr'><strong>papa</strong></span> <span class='ocrx_word' id='word_1_447' title='bbox 1951 3746 1966 3770; x_wconf 92' lang='lat'><strong>,</strong></span> 
     </span>
    </p>
   </div>
   <div class='ocr_carea' id='block_1_62' title="bbox 2007 3470 2055 3531">
    <p class='ocr_par' dir='ltr' id='par_1_62' title="bbox 2007 3470 2055 3531">
     <span class='ocr_line' id='line_1_62' title="bbox 2007 3470 2055 3531; baseline 0 0"><span class='ocrx_word' id='word_1_448' title='bbox 2007 3470 2055 3531; x_wconf 86' lang='lat' dir='ltr'><strong>C</strong></span> 
     </span>
    </p>
   </div>
   <div class='ocr_carea' id='block_1_63' title="bbox 2087 2165 3664 2238">
    <p class='ocr_par' dir='ltr' id='par_1_63' title="bbox 2087 2165 3664 2238">
     <span class='ocr_line' id='line_1_63' title="bbox 2087 2165 3664 2238; baseline 0.003 -20"><span class='ocrx_word' id='word_1_449' title='bbox 2087 2166 2282 2238; x_wconf 77' lang='lat' dir='ltr'><strong>synodo</strong></span> <span class='ocrx_word' id='word_1_450' title='bbox 2311 2181 2527 2238; x_wconf 75' lang='lat' dir='ltr'><strong>canones</strong></span> <span class='ocrx_word' id='word_1_451' title='bbox 2552 2165 2736 2238; x_wconf 76' lang='lat' dir='ltr'><strong>edidit,</strong></span> <span class='ocrx_word' id='word_1_452' title='bbox 2764 2177 2814 2219; x_wconf 86' lang='lat' dir='ltr'><strong>et</strong></span> <span class='ocrx_word' id='word_1_453' title='bbox 2839 2167 2899 2238; x_wconf 80' lang='lat' dir='ltr'><strong>ab</strong></span> <span class='ocrx_word' id='word_1_454' title='bbox 2931 2168 3072 2238; x_wconf 86' lang='lat' dir='ltr'><strong>omni</strong></span> <span class='ocrx_word' id='word_1_455' title='bbox 3095 2165 3298 2228; x_wconf 73' lang='lat' dir='ltr'><strong>Grmca,</strong></span> <span class='ocrx_word' id='word_1_456' title='bbox 3332 2169 3383 2219; x_wconf 92' lang='lat' dir='ltr'><strong>id</strong></span> <span class='ocrx_word' id='word_1_457' title='bbox 3415 2177 3518 2231; x_wconf 40' lang='lat' dir='ltr'><strong>est,</strong></span> <span class='ocrx_word' id='word_1_458' title='bbox 3537 2186 3664 2238; x_wconf 87' lang='lat' dir='ltr'><strong>gen-</strong></span> 
     </span>
    </p>
   </div>
   <div class='ocr_carea' id='block_1_64' title="bbox 2088 2235 3666 2304">
    <p class='ocr_par' dir='ltr' id='par_1_64' title="bbox 2088 2235 3666 2304">
     <span class='ocr_line' id='line_1_64' title="bbox 2088 2235 3666 2304; baseline 0.003 -16"><span class='ocrx_word' id='word_1_459' title='bbox 2088 2237 2188 2296; x_wconf 85' lang='lat' dir='ltr'><strong>tili,</strong></span> <span class='ocrx_word' id='word_1_460' title='bbox 2207 2245 2354 2304; x_wconf 86' lang='lat' dir='ltr'><strong>atque</strong></span> <span class='ocrx_word' id='word_1_461' title='bbox 2381 2235 2623 2298; x_wconf 74' lang='lat' dir='ltr'><strong>Iudaica,</strong></span> <span class='ocrx_word' id='word_1_462' title='bbox 2653 2237 2772 2303; x_wconf 80' lang='lat' dir='ltr'><strong>quin</strong></span> <span class='ocrx_word' id='word_1_463' title='bbox 2793 2245 2839 2289; x_wconf 81' lang='lat' dir='ltr'><strong>et</strong></span> <span class='ocrx_word' id='word_1_464' title='bbox 2859 2236 3096 2288; x_wconf 77' lang='lat' dir='ltr'><strong>hwrctica</strong></span> <span class='ocrx_word' id='word_1_465' title='bbox 3119 2238 3392 2290; x_wconf 84' lang='lat' dir='ltr'><strong>traditione</strong></span> <span class='ocrx_word' id='word_1_466' title='bbox 3413 2235 3666 2293; x_wconf 77' lang='lat' dir='ltr'><strong>Ecclésius</strong></span> 
     </span>
    </p>
   </div>
   <div class='ocr_carea' id='block_1_65' title="bbox 2086 2305 3669 2375">
    <p class='ocr_par' dir='ltr' id='par_1_65' title="bbox 2086 2305 3669 2375">
     <span class='ocr_line' id='line_1_65' title="bbox 2086 2305 3669 2375; baseline 0.004 -19"><span class='ocrx_word' id='word_1_467' title='bbox 2086 2307 2336 2374; x_wconf 81' lang='lat' dir='ltr'><strong>purgavit.</strong></span> <span class='ocrx_word' id='word_1_468' title='bbox 2368 2305 2538 2359; x_wconf 74' lang='lat' dir='ltr'><strong>liabet</strong></span> <span class='ocrx_word' id='word_1_469' title='bbox 2563 2307 2676 2358; x_wconf 70' lang='lat' dir='ltr'><strong>ha&#39;c</strong></span> <span class='ocrx_word' id='word_1_470' title='bbox 2697 2313 2930 2375; x_wconf 79' lang='lat' dir='ltr'><strong>synolus</strong></span> <span class='ocrx_word' id='word_1_471' title='bbox 2961 2307 3095 2359; x_wconf 84' lang='lat' dir='ltr'><strong>bona</strong></span> <span class='ocrx_word' id='word_1_472' title='bbox 3117 2309 3265 2360; x_wconf 83' lang='lat' dir='ltr'><strong>mulis</strong></span> <span class='ocrx_word' id='word_1_473' title='bbox 3288 2309 3462 2372; x_wconf 79' lang='lat' dir='ltr'><strong>inista,</strong></span> <span class='ocrx_word' id='word_1_474' title='bbox 3484 2321 3534 2362; x_wconf 89' lang='lat' dir='ltr'><strong>et</strong></span> <span class='ocrx_word' id='word_1_475' title='bbox 3553 2311 3669 2363; x_wconf 88' lang='lat' dir='ltr'><strong>inu-</strong></span> 
     </span>
    </p>
   </div>
   <div class='ocr_carea' id='block_1_66' title="bbox 2087 2376 3657 2448">
    <p class='ocr_par' dir='ltr' id='par_1_66' title="bbox 2087 2376 3657 2448">
     <span class='ocr_line' id='line_1_66' title="bbox 2087 2376 3657 2448; baseline 0.002 -19"><span class='ocrx_word' id='word_1_476' title='bbox 2087 2377 2176 2448; x_wconf 84' lang='lat' dir='ltr'><strong>tile</strong></span> <span class='ocrx_word' id='word_1_477' title='bbox 2198 2377 2265 2448; x_wconf 84' lang='lat' dir='ltr'><strong>ab</strong></span> <span class='ocrx_word' id='word_1_478' title='bbox 2287 2376 2469 2448; x_wconf 78' lang='lat' dir='ltr'><strong>inutili-</strong></span> <span class='ocrx_word' id='word_1_479' title='bbox 2497 2390 2601 2428; x_wconf 89' lang='lat' dir='ltr'><strong>non</strong></span> <span class='ocrx_word' id='word_1_480' title='bbox 2636 2378 2850 2430; x_wconf 85' lang='lat' dir='ltr'><strong>vitiatur</strong></span> <span class='ocrx_word' id='word_1_481' title='bbox 2880 2393 2892 2441; x_wconf 92' lang='lat'><strong>;</strong></span> <span class='ocrx_word' id='word_1_482' title='bbox 2929 2392 3093 2447; x_wconf 79' lang='lat' dir='ltr'><strong>quare</strong></span> <span class='ocrx_word' id='word_1_483' title='bbox 3121 2385 3361 2445; x_wconf 84' lang='lat' dir='ltr'><strong>potuerat</strong></span> <span class='ocrx_word' id='word_1_484' title='bbox 3393 2382 3657 2448; x_wconf 86' lang='lat' dir='ltr'><strong>separari,</strong></span> 
     </span>
    </p>
   </div>
   <div class='ocr_carea' id='block_1_67' title="bbox 2086 2444 2652 2514">
    <p class='ocr_par' dir='ltr' id='par_1_67' title="bbox 2086 2444 2652 2514">
     <span class='ocr_line' id='line_1_67' title="bbox 2086 2444 2652 2514; baseline 0 -16"><span class='ocrx_word' id='word_1_485' title='bbox 2086 2446 2258 2511; x_wconf 85' lang='lat' dir='ltr'><strong>inquit</strong></span> <span class='ocrx_word' id='word_1_486' title='bbox 2283 2447 2422 2498; x_wconf 86' lang='lat' dir='ltr'><strong>idem</strong></span> <span class='ocrx_word' id='word_1_487' title='bbox 2453 2444 2652 2514; x_wconf 80' lang='lat' dir='ltr'><strong>Lupus.</strong></span> 
     </span>
    </p>
   </div>
   <div class='ocr_carea' id='block_1_68' title="bbox 2157 2515 3671 2583">
    <p class='ocr_par' dir='ltr' id='par_1_68' title="bbox 2157 2515 3671 2583">
     <span class='ocr_line' id='line_1_68' title="bbox 2157 2515 3671 2583; baseline 0.001 -13"><span class='ocrx_word' id='word_1_488' title='bbox 2157 2525 2180 2550; x_wconf 70' lang='grc' dir='ltr'><em>υ</em></span> <span class='ocrx_word' id='word_1_489' title='bbox 2210 2516 2313 2570; x_wconf 83' lang='lat' dir='ltr'><strong>Sed</strong></span> <span class='ocrx_word' id='word_1_490' title='bbox 2336 2515 2557 2568; x_wconf 80' lang='lat' dir='ltr'><strong>Joannes</strong></span> <span class='ocrx_word' id='word_1_491' title='bbox 2586 2516 2809 2568; x_wconf 81' lang='lat' dir='ltr'><strong>humana</strong></span> <span class='ocrx_word' id='word_1_492' title='bbox 2833 2516 3110 2583; x_wconf 69' lang='lat' dir='ltr'><strong>{raqiliiale</strong></span> <span class='ocrx_word' id='word_1_493' title='bbox 3139 2517 3365 2570; x_wconf 80' lang='lat' dir='ltr'><strong>timidus.</strong></span> <span class='ocrx_word' id='word_1_494' title='bbox 3407 2517 3671 2571; x_wconf 85' lang='lat' dir='ltr'><strong>Jttstinia-</strong></span> 
     </span>
    </p>
   </div>
   <div class='ocr_carea' id='block_1_69' title="bbox 2087 2584 3668 2655">
    <p class='ocr_par' dir='ltr' id='par_1_69' title="bbox 2087 2584 3668 2655">
     <span class='ocr_line' id='line_1_69' title="bbox 2087 2584 3668 2655; baseline 0.003 -17"><span class='ocrx_word' id='word_1_495' title='bbox 2087 2587 2402 2653; x_wconf 74' lang='lat' dir='ltr'><strong>nusjunior,</strong></span> <span class='ocrx_word' id='word_1_496' title='bbox 2436 2600 2529 2651; x_wconf 89' lang='lat' dir='ltr'><strong>per</strong></span> <span class='ocrx_word' id='word_1_497' title='bbox 2551 2584 2875 2640; x_wconf 81' lang='lat' dir='ltr'><strong>Trebellium</strong></span> <span class='ocrx_word' id='word_1_498' title='bbox 2907 2589 3248 2655; x_wconf 71' lang='lat' dir='ltr'><strong>ltulgaromm</strong></span> <span class='ocrx_word' id='word_1_499' title='bbox 3278 2603 3456 2652; x_wconf 77' lang='lat' dir='ltr'><strong>regem</strong></span> <span class='ocrx_word' id='word_1_500' title='bbox 3487 2591 3537 2641; x_wconf 91' lang='lat' dir='ltr'><strong>in</strong></span> <span class='ocrx_word' id='word_1_501' title='bbox 3570 2588 3668 2642; x_wconf 86' lang='lat' dir='ltr'><strong>iiii-</strong></span> 
     </span>
    </p>
   </div>
   <div class='ocr_carea' id='block_1_70' title="bbox 2085 2655 3672 2726">
    <p class='ocr_par' dir='ltr' id='par_1_70' title="bbox 2085 2655 3672 2726">
     <span class='ocr_line' id='line_1_70' title="bbox 2085 2655 3672 2726; baseline 0.006 -21"><span class='ocrx_word' id='word_1_502' title='bbox 2085 2655 2612 2726; x_wconf 19' lang='lat' dir='ltr'><strong>periumlrestitutus,</strong></span> <span class='ocrx_word' id='word_1_503' title='bbox 2634 2656 2793 2723; x_wconf 87' lang='lat' dir='ltr'><strong>jussit</strong></span> <span class='ocrx_word' id='word_1_504' title='bbox 2828 2657 3096 2710; x_wconf 84' lang='lat' dir='ltr'><strong>Tiberium</strong></span> <span class='ocrx_word' id='word_1_505' title='bbox 3130 2657 3466 2711; x_wconf 79' lang='lat' dir='ltr'><strong>Absimarum</strong></span> <span class='ocrx_word' id='word_1_506' title='bbox 3498 2662 3672 2726; x_wconf 83' lang='lat' dir='ltr'><strong>capite</strong></span> 
     </span>
    </p>
   </div>
   <div class='ocr_carea' id='block_1_71' title="bbox 2085 2726 3669 2797">
    <p class='ocr_par' dir='ltr' id='par_1_71' title="bbox 2085 2726 3669 2797">
     <span class='ocr_line' id='line_1_71' title="bbox 2085 2726 3669 2797; baseline 0.006 -23"><span class='ocrx_word' id='word_1_507' title='bbox 2085 2726 2268 2797; x_wconf 75' lang='lat' dir='ltr'><strong>plecti,</strong></span> <span class='ocrx_word' id='word_1_508' title='bbox 2303 2727 2566 2797; x_wconf 82' lang='lat' dir='ltr'><strong>rebusque</strong></span> <span class='ocrx_word' id='word_1_509' title='bbox 2614 2727 2724 2780; x_wconf 91' lang='lat' dir='ltr'><strong>suis</strong></span> <span class='ocrx_word' id='word_1_510' title='bbox 2753 2741 2882 2780; x_wconf 85' lang='lat' dir='ltr'><strong>nece</strong></span> <span class='ocrx_word' id='word_1_511' title='bbox 2915 2726 3201 2780; x_wconf 89' lang='lat' dir='ltr'><strong>multorum</strong></span> <span class='ocrx_word' id='word_1_512' title='bbox 3235 2728 3284 2780; x_wconf 91' lang='lat' dir='ltr'><strong>in</strong></span> <span class='ocrx_word' id='word_1_513' title='bbox 3321 2737 3430 2781; x_wconf 91' lang='lat' dir='ltr'><strong>tuto</strong></span> <span class='ocrx_word' id='word_1_514' title='bbox 3462 2731 3669 2797; x_wconf 89' lang='lat' dir='ltr'><strong>positis,</strong></span> 
     </span>
    </p>
   </div>
   <div class='ocr_carea' id='block_1_72' title="bbox 2085 2795 3672 2865">
    <p class='ocr_par' dir='ltr' id='par_1_72' title="bbox 2085 2795 3672 2865">
     <span class='ocr_line' id='line_1_72' title="bbox 2085 2795 3672 2865; baseline 0.003 -19"><span class='ocrx_word' id='word_1_515' title='bbox 2085 2800 2149 2848; x_wconf 87' lang='lat' dir='ltr'><strong>ad</strong></span> <span class='ocrx_word' id='word_1_516' title='bbox 2175 2795 2433 2850; x_wconf 79' lang='lat' dir='ltr'><strong>Joannem</strong></span> <span class='ocrx_word' id='word_1_517' title='bbox 2463 2795 2548 2848; x_wconf 69' lang='lat' dir='ltr'><strong>\i’ll</strong></span> <span class='ocrx_word' id='word_1_518' title='bbox 2587 2797 2722 2850; x_wconf 88' lang='lat' dir='ltr'><strong>duos</strong></span> <span class='ocrx_word' id='word_1_519' title='bbox 2770 2797 3214 2862; x_wconf 88' lang='lat' dir='ltr'><strong>metropolitanos</strong></span> <span class='ocrx_word' id='word_1_520' title='bbox 3250 2795 3473 2865; x_wconf 65' lang='lat' dir='ltr'><strong>legavit,</strong></span> <span class='ocrx_word' id='word_1_521' title='bbox 3496 2809 3551 2852; x_wconf 91' lang='lat' dir='ltr'><strong>ut</strong></span> <span class='ocrx_word' id='word_1_522' title='bbox 3582 2813 3672 2851; x_wconf 84' lang='lat' dir='ltr'><strong>su-</strong></span> 
     </span>
    </p>
   </div>
   <div class='ocr_carea' id='block_1_73' title="bbox 2087 2866 3666 2937">
    <p class='ocr_par' dir='ltr' id='par_1_73' title="bbox 2087 2866 3666 2937">
     <span class='ocr_line' id='line_1_73' title="bbox 2087 2866 3666 2937; baseline 0.002 -22"><span class='ocrx_word' id='word_1_523' title='bbox 2087 2881 2268 2931; x_wconf 86' lang='lat' dir='ltr'><strong>premo</strong></span> <span class='ocrx_word' id='word_1_524' title='bbox 2292 2866 2492 2932; x_wconf 66' lang='lat' dir='ltr'><strong>judicio</strong></span> <span class='ocrx_word' id='word_1_525' title='bbox 2518 2867 2821 2937; x_wconf 68' lang='lat' dir='ltr'><strong>apostolica.-</strong></span> <span class='ocrx_word' id='word_1_526' title='bbox 2851 2868 2994 2920; x_wconf 87' lang='lat' dir='ltr'><strong>sedis</strong></span> <span class='ocrx_word' id='word_1_527' title='bbox 3023 2881 3254 2920; x_wconf 83' lang='lat' dir='ltr'><strong>canones</strong></span> <span class='ocrx_word' id='word_1_528' title='bbox 3278 2869 3489 2937; x_wconf 58' lang='lat' dir='ltr'><strong>synodi</strong></span> <span class='ocrx_word' id='word_1_529' title='bbox 3517 2883 3666 2920; x_wconf 88' lang='lat' dir='ltr'><strong>erra-</strong></span> 
     </span>
    </p>
   </div>
   <div class='ocr_carea' id='block_1_74' title="bbox 2083 2928 3668 3006">
    <p class='ocr_par' dir='ltr' id='par_1_74' title="bbox 2083 2928 3668 3006">
     <span class='ocr_line' id='line_1_74' title="bbox 2083 2928 3668 3006; baseline 0 -18"><span class='ocrx_word' id='word_1_530' title='bbox 2083 2928 2202 2989; x_wconf 74' lang='lat' dir='ltr'><strong>tica:</strong></span> <span class='ocrx_word' id='word_1_531' title='bbox 2223 2928 2626 3006; x_wconf 75' lang='lat' dir='ltr'><strong>subjicereutur.</strong></span> <span class='ocrx_word' id='word_1_532' title='bbox 2668 2935 2977 2989; x_wconf 85' lang='lat' dir='ltr'><strong>Postulabat</strong></span> <span class='ocrx_word' id='word_1_533' title='bbox 3025 2946 3081 2988; x_wconf 88' lang='lat' dir='ltr'><strong>ut</strong></span> <span class='ocrx_word' id='word_1_534' title='bbox 3133 2928 3463 3004; x_wconf 58' lang='lat' dir='ltr'><strong>quacunque</strong></span> <span class='ocrx_word' id='word_1_535' title='bbox 3511 2938 3562 2989; x_wconf 91' lang='lat' dir='ltr'><strong>in</strong></span> <span class='ocrx_word' id='word_1_536' title='bbox 3594 2937 3668 2989; x_wconf 82' lang='lat' dir='ltr'><strong>iis</strong></span> 
     </span>
    </p>
   </div>
   <div class='ocr_carea' id='block_1_75' title="bbox 2083 3006 3655 3074">
    <p class='ocr_par' dir='ltr' id='par_1_75' title="bbox 2083 3006 3655 3074">
     <span class='ocr_line' id='line_1_75' title="bbox 2083 3006 3655 3074; baseline 0 -15"><span class='ocrx_word' id='word_1_537' title='bbox 2083 3006 2318 3074; x_wconf 89' lang='lat' dir='ltr'><strong>pontiﬁci</strong></span> <span class='ocrx_word' id='word_1_538' title='bbox 2347 3007 2457 3060; x_wconf 90' lang='lat' dir='ltr'><strong>visa</strong></span> <span class='ocrx_word' id='word_1_539' title='bbox 2485 3016 2667 3060; x_wconf 91' lang='lat' dir='ltr'><strong>essent</strong></span> <span class='ocrx_word' id='word_1_540' title='bbox 2696 3006 2978 3071; x_wconf 71' lang='lat' dir='ltr'><strong>laudanda,</strong></span> <span class='ocrx_word' id='word_1_541' title='bbox 3010 3008 3121 3073; x_wconf 85' lang='lat' dir='ltr'><strong>ipse</strong></span> <span class='ocrx_word' id='word_1_542' title='bbox 3145 3006 3428 3070; x_wconf 87' lang='lat' dir='ltr'><strong>stabiliret,</strong></span> <span class='ocrx_word' id='word_1_543' title='bbox 3452 3015 3506 3060; x_wconf 89' lang='lat' dir='ltr'><strong>et</strong></span> <span class='ocrx_word' id='word_1_544' title='bbox 3535 3022 3655 3074; x_wconf 76' lang='lat' dir='ltr'><strong>qua:</strong></span> 
     </span>
    </p>
   </div>
   <div class='ocr_carea' id='block_1_76' title="bbox 2080 3074 3655 3146">
    <p class='ocr_par' dir='ltr' id='par_1_76' title="bbox 2080 3074 3655 3146">
     <span class='ocr_line' id='line_1_76' title="bbox 2080 3074 3655 3146; baseline -0.001 -17"><span class='ocrx_word' id='word_1_545' title='bbox 2080 3076 2413 3130; x_wconf 88' lang='lat' dir='ltr'><strong>cmeudanda</strong></span> <span class='ocrx_word' id='word_1_546' title='bbox 2441 3076 2752 3146; x_wconf 73' lang='lat' dir='ltr'><strong>corrigeret.</strong></span> <span class='ocrx_word' id='word_1_547' title='bbox 2781 3076 2882 3130; x_wconf 86' lang='lat' dir='ltr'><strong>Sed</strong></span> <span class='ocrx_word' id='word_1_548' title='bbox 2925 3074 3164 3144; x_wconf 86' lang='lat' dir='ltr'><strong>quamvis</strong></span> <span class='ocrx_word' id='word_1_549' title='bbox 3196 3076 3655 3146; x_wconf 13' lang='lat' dir='ltr'><strong>a-quarvidebstnr</strong></span> 
     </span>
    </p>
   </div>
   <div class='ocr_carea' id='block_1_77' title="bbox 2084 3145 3658 3216">
    <p class='ocr_par' dir='ltr' id='par_1_77' title="bbox 2084 3145 3658 3216">
     <span class='ocr_line' id='line_1_77' title="bbox 2084 3145 3658 3216; baseline -0.002 -17"><span class='ocrx_word' id='word_1_550' title='bbox 2084 3147 2199 3200; x_wconf 67' lang='lat' dir='ltr'><strong>haec</strong></span> <span class='ocrx_word' id='word_1_551' title='bbox 2227 3147 2562 3216; x_wconf 85' lang='lat' dir='ltr'><strong>imperatoris</strong></span> <span class='ocrx_word' id='word_1_552' title='bbox 2592 3145 2797 3214; x_wconf 88' lang='lat' dir='ltr'><strong>petitio,</strong></span> <span class='ocrx_word' id='word_1_553' title='bbox 2821 3147 3054 3200; x_wconf 78' lang='lat' dir='ltr'><strong>pontifex</strong></span> <span class='ocrx_word' id='word_1_554' title='bbox 3075 3156 3274 3210; x_wconf 87' lang='lat' dir='ltr'><strong>tamen,</strong></span> <span class='ocrx_word' id='word_1_555' title='bbox 3308 3145 3375 3200; x_wconf 86' lang='lat' dir='ltr'><strong>ad</strong></span> <span class='ocrx_word' id='word_1_556' title='bbox 3407 3147 3658 3214; x_wconf 84' lang='lat' dir='ltr'><strong>majesta-</strong></span> 
     </span>
    </p>
   </div>
   <div class='ocr_carea' id='block_1_78' title="bbox 2083 3215 3679 3286">
    <p class='ocr_par' dir='ltr' id='par_1_78' title="bbox 2083 3215 3679 3286">
     <span class='ocr_line' id='line_1_78' title="bbox 2083 3215 3679 3286; baseline -0.001 -16"><span class='ocrx_word' id='word_1_557' title='bbox 2083 3227 2186 3270; x_wconf 90' lang='lat' dir='ltr'><strong>tem</strong></span> <span class='ocrx_word' id='word_1_558' title='bbox 2215 3219 2483 3271; x_wconf 76' lang='lat' dir='ltr'><strong>cathedra:</strong></span> <span class='ocrx_word' id='word_1_559' title='bbox 2513 3216 2653 3270; x_wconf 81' lang='lat' dir='ltr'><strong>Petri</strong></span> <span class='ocrx_word' id='word_1_560' title='bbox 2683 3227 2831 3270; x_wconf 83' lang='lat' dir='ltr'><strong>ratus</strong></span> <span class='ocrx_word' id='word_1_561' title='bbox 2851 3225 3094 3286; x_wconf 81' lang='lat' dir='ltr'><strong>Spectare</strong></span> <span class='ocrx_word' id='word_1_562' title='bbox 3119 3217 3207 3269; x_wconf 87' lang='lat' dir='ltr'><strong>illa</strong></span> <span class='ocrx_word' id='word_1_563' title='bbox 3231 3231 3336 3269; x_wconf 87' lang='lat' dir='ltr'><strong>non</strong></span> <span class='ocrx_word' id='word_1_564' title='bbox 3384 3215 3679 3286; x_wconf 85' lang='lat' dir='ltr'><strong>approbari.</strong></span> 
     </span>
    </p>
   </div>
   <div class='ocr_carea' id='block_1_79' title="bbox 2081 3285 3662 3356">
    <p class='ocr_par' dir='ltr' id='par_1_79' title="bbox 2081 3285 3662 3356">
     <span class='ocr_line' id='line_1_79' title="bbox 2081 3285 3662 3356; baseline -0.002 -16"><span class='ocrx_word' id='word_1_565' title='bbox 2081 3303 2199 3356; x_wconf 69' lang='lat' dir='ltr'><strong>quae</strong></span> <span class='ocrx_word' id='word_1_566' title='bbox 2227 3301 2257 3340; x_wconf 91' lang='lat' dir='ltr'><strong>a</strong></span> <span class='ocrx_word' id='word_1_567' title='bbox 2285 3286 2635 3341; x_wconf 68' lang='lat' dir='ltr'><strong>conciliibulo</strong></span> <span class='ocrx_word' id='word_1_568' title='bbox 2675 3295 2858 3342; x_wconf 90' lang='lat' dir='ltr'><strong>essent</strong></span> <span class='ocrx_word' id='word_1_569' title='bbox 2883 3285 2888 3286; x_wconf 59' lang='grc'><strong><em>⁷</em></strong></span> <span class='ocrx_word' id='word_1_570' title='bbox 2913 3287 3151 3351; x_wconf 86' lang='lat' dir='ltr'><strong>decreta,</strong></span> <span class='ocrx_word' id='word_1_571' title='bbox 3210 3289 3431 3340; x_wconf 82' lang='lat' dir='ltr'><strong>eosdem</strong></span> <span class='ocrx_word' id='word_1_572' title='bbox 3472 3285 3662 3356; x_wconf 87' lang='lat' dir='ltr'><strong>synodi</strong></span> 
     </span>
    </p>
   </div>
   <div class='ocr_carea' id='block_1_80' title="bbox 2081 3356 3670 3425">
    <p class='ocr_par' dir='ltr' id='par_1_80' title="bbox 2081 3356 3670 3425">
     <span class='ocr_line' id='line_1_80' title="bbox 2081 3356 3670 3425; baseline -0.003 -13"><span class='ocrx_word' id='word_1_573' title='bbox 2081 3370 2337 3420; x_wconf 80' lang='lat' dir='ltr'><strong>cmones,</strong></span> <span class='ocrx_word' id='word_1_574' title='bbox 2365 3372 2461 3412; x_wconf 87' lang='lat' dir='ltr'><strong>nec</strong></span> <span class='ocrx_word' id='word_1_575' title='bbox 2488 3371 2550 3410; x_wconf 63' lang='lat' dir='ltr'><strong>ex</strong></span> <span class='ocrx_word' id='word_1_576' title='bbox 2580 3369 2730 3424; x_wconf 89' lang='lat' dir='ltr'><strong>parte</strong></span> <span class='ocrx_word' id='word_1_577' title='bbox 2753 3356 2966 3425; x_wconf 86' lang='lat' dir='ltr'><strong>quidem</strong></span> <span class='ocrx_word' id='word_1_578' title='bbox 2981 3356 3348 3423; x_wconf 87' lang='lat' dir='ltr'><strong>conﬁrmatos,</strong></span> <span class='ocrx_word' id='word_1_579' title='bbox 3377 3371 3469 3423; x_wconf 86' lang='lat' dir='ltr'><strong>per</strong></span> <span class='ocrx_word' id='word_1_580' title='bbox 3497 3357 3670 3409; x_wconf 85' lang='lat' dir='ltr'><strong>dictos</strong></span> 
     </span>
    </p>
   </div>
   <div class='ocr_carea' id='block_1_81' title="bbox 2084 3427 3666 3495">
    <p class='ocr_par' dir='ltr' id='par_1_81' title="bbox 2084 3427 3666 3495">
     <span class='ocr_line' id='line_1_81' title="bbox 2084 3427 3666 3495; baseline -0.002 -15"><span class='ocrx_word' id='word_1_581' title='bbox 2084 3430 2526 3495; x_wconf 88' lang='lat' dir='ltr'><strong>metropolitanos</strong></span> <span class='ocrx_word' id='word_1_582' title='bbox 2556 3431 2620 3480; x_wconf 85' lang='lat' dir='ltr'><strong>ad</strong></span> <span class='ocrx_word' id='word_1_583' title='bbox 2651 3429 3028 3494; x_wconf 88' lang='lat' dir='ltr'><strong>imperatorem</strong></span> <span class='ocrx_word' id='word_1_584' title='bbox 3082 3427 3305 3481; x_wconf 89' lang='lat' dir='ltr'><strong>remisit.</strong></span> <span class='ocrx_word' id='word_1_585' title='bbox 3342 3427 3465 3480; x_wconf 70' lang='lat' dir='ltr'><strong>llaec</strong></span> <span class='ocrx_word' id='word_1_586' title='bbox 3493 3435 3666 3478; x_wconf 88' lang='lat' dir='ltr'><strong>autem</strong></span> 
     </span>
    </p>
   </div>
   <div class='ocr_carea' id='block_1_82' title="bbox 2082 3495 3676 3566">
    <p class='ocr_par' dir='ltr' id='par_1_82' title="bbox 2082 3495 3676 3566">
     <span class='ocr_line' id='line_1_82' title="bbox 2082 3495 3676 3566; baseline -0.003 -14"><span class='ocrx_word' id='word_1_587' title='bbox 2082 3507 2166 3552; x_wconf 87' lang='lat' dir='ltr'><strong>est</strong></span> <span class='ocrx_word' id='word_1_588' title='bbox 2196 3512 2352 3551; x_wconf 88' lang='lat' dir='ltr'><strong>causa</strong></span> <span class='ocrx_word' id='word_1_589' title='bbox 2385 3513 2479 3551; x_wconf 89' lang='lat' dir='ltr'><strong>cur</strong></span> <span class='ocrx_word' id='word_1_590' title='bbox 2530 3508 2712 3551; x_wconf 87' lang='lat' dir='ltr'><strong>noster</strong></span> <span class='ocrx_word' id='word_1_591' title='bbox 2769 3499 2869 3552; x_wconf 88' lang='lat' dir='ltr'><strong>lioc</strong></span> <span class='ocrx_word' id='word_1_592' title='bbox 2899 3498 3015 3552; x_wconf 80' lang='lat' dir='ltr'><strong>loco</strong></span> <span class='ocrx_word' id='word_1_593' title='bbox 3068 3496 3311 3566; x_wconf 72' lang='lat' dir='ltr'><strong>humanae</strong></span> <span class='ocrx_word' id='word_1_594' title='bbox 3365 3495 3676 3566; x_wconf 60' lang='lat' dir='ltr'><strong>l&#39;ragilitatis</strong></span> 
     </span>
    </p>
   </div>
   <div class='ocr_carea' id='block_1_83' title="bbox 2081 3564 3668 3636">
    <p class='ocr_par' dir='ltr' id='par_1_83' title="bbox 2081 3564 3668 3636">
     <span class='ocr_line' id='line_1_83' title="bbox 2081 3564 3668 3636; baseline -0.003 -15"><span class='ocrx_word' id='word_1_595' title='bbox 2081 3567 2329 3636; x_wconf 83' lang='lat' dir='ltr'><strong>suggillat</strong></span> <span class='ocrx_word' id='word_1_596' title='bbox 2357 3566 2615 3622; x_wconf 85' lang='lat' dir='ltr'><strong>Joannem</strong></span> <span class='ocrx_word' id='word_1_597' title='bbox 2649 3608 2663 3632; x_wconf 96' lang='lat'><strong>,</strong></span> <span class='ocrx_word' id='word_1_598' title='bbox 2708 3568 2848 3636; x_wconf 82' lang='lat' dir='ltr'><strong>quod</strong></span> <span class='ocrx_word' id='word_1_599' title='bbox 2888 3581 2954 3620; x_wconf 88' lang='lat' dir='ltr'><strong>ne</strong></span> <span class='ocrx_word' id='word_1_600' title='bbox 3001 3581 3112 3619; x_wconf 88' lang='lat' dir='ltr'><strong>rem</strong></span> <span class='ocrx_word' id='word_1_601' title='bbox 3161 3564 3668 3636; x_wconf 70' lang='lat' dir='ltr'><strong>iugratam__&#39;tacerct</strong></span> 
     </span>
    </p>
   </div>
   <div class='ocr_carea' id='block_1_84' title="bbox 2083 3633 3678 3707">
    <p class='ocr_par' dir='ltr' id='par_1_84' title="bbox 2083 3633 3678 3707">
     <span class='ocr_line' id='line_1_84' title="bbox 2083 3633 3678 3707; baseline -0.003 -17"><span class='ocrx_word' id='word_1_602' title='bbox 2083 3633 2411 3707; x_wconf 72' lang='lat' dir='ltr'><strong>imperatori,</strong></span> <span class='ocrx_word' id='word_1_603' title='bbox 2429 3637 2662 3692; x_wconf 89' lang='lat' dir='ltr'><strong>triticum</strong></span> <span class='ocrx_word' id='word_1_604' title='bbox 2686 3633 2859 3707; x_wconf 83' lang='lat' dir='ltr'><strong>apale</strong></span> <span class='ocrx_word' id='word_1_605' title='bbox 2876 3655 2886 3688; x_wconf 87' lang='lat' dir='ltr'><strong>I</strong></span> <span class='ocrx_word' id='word_1_606' title='bbox 2908 3637 3080 3689; x_wconf 89' lang='lat' dir='ltr'><strong>timuit</strong></span> <span class='ocrx_word' id='word_1_607' title='bbox 3095 3650 3392 3704; x_wconf 83' lang='lat' dir='ltr'><strong>segregare.</strong></span> <span class='ocrx_word' id='word_1_608' title='bbox 3421 3633 3678 3688; x_wconf 61' lang='lat' dir='ltr'><strong>Marcus-</strong></span> 
     </span>
    </p>
   </div>
   <div class='ocr_carea' id='block_1_85' title="bbox 1049 3956 3048 4067">
    <p class='ocr_par' dir='ltr' id='par_1_85' title="bbox 1049 3956 3048 4067">
     <span class='ocr_line' id='line_1_85' title="bbox 1049 3956 3048 4067; baseline -0.001 -3"><span class='ocrx_word' id='word_1_609' title='bbox 1049 3958 1594 4067; x_wconf 84' lang='lat' dir='ltr'><strong>JOANNIS</strong></span> <span class='ocrx_word' id='word_1_610' title='bbox 1675 3961 2052 4064; x_wconf 63' lang='grc' dir='ltr'><strong>ΡΑΡΖΕ</strong></span> <span class='ocrx_word' id='word_1_611' title='bbox 2126 3962 2310 4067; x_wconf 89' lang='lat' dir='ltr'><strong>VII</strong></span> <span class='ocrx_word' id='word_1_612' title='bbox 2410 3956 3048 4066; x_wconf 87' lang='lat' dir='ltr'><strong>EPISTOLA</strong></span> 
     </span>
    </p>
   </div>
   <div class='ocr_carea' id='block_1_86' title="bbox 437 4141 3626 4216">
    <p class='ocr_par' dir='ltr' id='par_1_86' title="bbox 437 4141 3626 4216">
     <span class='ocr_line' id='line_1_86' title="bbox 437 4141 3626 4216; baseline -0.002 -5"><span class='ocrx_word' id='word_1_613' title='bbox 437 4150 545 4212; x_wconf 81' lang='lat' dir='ltr'><strong>AD</strong></span> <span class='ocrx_word' id='word_1_614' title='bbox 589 4145 1134 4210; x_wconf 71' lang='lat' dir='ltr'><strong>ETHELBEDUM</strong></span> <span class='ocrx_word' id='word_1_615' title='bbox 1178 4144 1455 4206; x_wconf 80' lang='lat' dir='ltr'><strong>REGEM</strong></span> <span class='ocrx_word' id='word_1_616' title='bbox 1499 4144 2000 4216; x_wconf 64' lang='lat' dir='ltr'><strong>MERCEORUM,</strong></span> <span class='ocrx_word' id='word_1_617' title='bbox 2051 4145 2149 4204; x_wconf 84' lang='lat' dir='ltr'><strong>ET</strong></span> <span class='ocrx_word' id='word_1_618' title='bbox 2192 4141 2600 4203; x_wconf 75' lang='lat' dir='ltr'><strong>ALFRIDUM</strong></span> <span class='ocrx_word' id='word_1_619' title='bbox 2647 4141 2923 4202; x_wconf 77' lang='lat' dir='ltr'><strong>REGEM</strong></span> <span class='ocrx_word' id='word_1_620' title='bbox 2969 4141 3384 4206; x_wconf 75' lang='lat' dir='ltr'><strong>DEIRORUM</strong></span> <span class='ocrx_word' id='word_1_621' title='bbox 3421 4189 3435 4216; x_wconf 87' lang='lat'><strong>,</strong></span> <span class='ocrx_word' id='word_1_622' title='bbox 3484 4164 3626 4207; x_wconf 70' lang='grc' dir='ltr'><strong>ιιι-ε.</strong></span> 
     </span>
    </p>
   </div>
   <div class='ocr_carea' id='block_1_87' title="bbox 419 4280 3658 4367">
    <p class='ocr_par' dir='ltr' id='par_1_87' title="bbox 419 4280 3658 4367">
     <span class='ocr_line' id='line_1_87' title="bbox 419 4280 3658 4367; baseline 0.001 -21"><span class='ocrx_word' id='word_1_623' title='bbox 419 4292 874 4367; x_wconf 68' lang='grc' dir='ltr'><strong>ΒενιΙιωάέίΙιιηι</strong></span> <span class='ocrx_word' id='word_1_624' title='bbox 905 4287 1431 4367; x_wconf 52' lang='lat' dir='ltr'><strong>archiepiscopum</strong></span> <span class='ocrx_word' id='word_1_625' title='bbox 1461 4285 1821 4346; x_wconf 65' lang='lat' dir='ltr'><strong>Cantuariis</strong></span> <span class='ocrx_word' id='word_1_626' title='bbox 1856 4293 2191 4367; x_wconf 78' lang='lat' dir='ltr'><strong>commonet</strong></span> <span class='ocrx_word' id='word_1_627' title='bbox 2240 4290 2309 4342; x_wconf 85' lang='lat' dir='ltr'><strong>ut</strong></span> <span class='ocrx_word' id='word_1_628' title='bbox 2355 4280 2660 4367; x_wconf 60' lang='lat' dir='ltr'><strong>synodum</strong></span> <span class='ocrx_word' id='word_1_629' title='bbox 2715 4289 3033 4350; x_wconf 67' lang='lat' dir='ltr'><strong>convocet;</strong></span> <span class='ocrx_word' id='word_1_630' title='bbox 3071 4282 3558 4367; x_wconf 81' lang='lat' dir='ltr'><strong>Wilfridumque</strong></span> <span class='ocrx_word' id='word_1_631' title='bbox 3601 4297 3658 4351; x_wconf 76' lang='lat' dir='ltr'><strong>et</strong></span> 
     </span>
    </p>
   </div>
   <div class='ocr_carea' id='block_1_88' title="bbox 422 4361 3081 4441">
    <p class='ocr_par' dir='ltr' id='par_1_88' title="bbox 422 4361 3081 4441">
     <span class='ocr_line' id='line_1_88' title="bbox 422 4361 3081 4441; baseline -0.004 -13"><span class='ocrx_word' id='word_1_632' title='bbox 422 4365 426 4370; x_wconf 79' lang='grc'><em>’</em></span> <span class='ocrx_word' id='word_1_633' title='bbox 963 4361 1350 4428; x_wconf 61' lang='grc' dir='ltr'><strong>αίιιτὸτεανίοε</strong></span> <span class='ocrx_word' id='word_1_634' title='bbox 1376 4383 1520 4424; x_wconf 75' lang='lat' dir='ltr'><strong>suos</strong></span> <span class='ocrx_word' id='word_1_635' title='bbox 1551 4372 1658 4423; x_wconf 86' lang='lat' dir='ltr'><strong>aut</strong></span> <span class='ocrx_word' id='word_1_636' title='bbox 1693 4367 2019 4424; x_wconf 83' lang='lat' dir='ltr'><strong>convenire</strong></span> <span class='ocrx_word' id='word_1_637' title='bbox 2042 4364 2261 4441; x_wconf 81' lang='lat' dir='ltr'><strong>faciat,</strong></span> <span class='ocrx_word' id='word_1_638' title='bbox 2299 4369 2412 4420; x_wconf 85' lang='lat' dir='ltr'><strong>aut</strong></span> <span class='ocrx_word' id='word_1_639' title='bbox 2446 4361 2700 4420; x_wconf 81' lang='lat' dir='ltr'><strong>Romam</strong></span> <span class='ocrx_word' id='word_1_640' title='bbox 2735 4376 3081 4420; x_wconf 82' lang='lat' dir='ltr'><strong>accurrere.</strong></span> 
     </span>
    </p>
   </div>
   <div class='ocr_carea' id='block_1_89' title="bbox 1646 4461 2425 4527">
    <p class='ocr_par' dir='ltr' id='par_1_89' title="bbox 1646 4461 2425 4527">
     <span class='ocr_line' id='line_1_89' title="bbox 1646 4461 2425 4527; baseline -0.006 -13"><span class='ocrx_word' id='word_1_641' title='bbox 1646 4465 1843 4527; x_wconf 80' lang='lat' dir='ltr'><strong>(Mansi,</strong></span> <span class='ocrx_word' id='word_1_642' title='bbox 1869 4464 1970 4514; x_wconf 91' lang='lat' dir='ltr'><strong>Col.</strong></span> <span class='ocrx_word' id='word_1_643' title='bbox 1991 4477 2129 4514; x_wconf 88' lang='lat' dir='ltr'><strong>conc.</strong></span> <span class='ocrx_word' id='word_1_644' title='bbox 2157 4471 2269 4511; x_wconf 88' lang='lat' dir='ltr'><strong>tom.</strong></span> <span class='ocrx_word' id='word_1_645' title='bbox 2295 4461 2425 4525; x_wconf 80' lang='lat' dir='ltr'><strong>XII.)</strong></span> 
     </span>
    </p>
   </div>
   <div class='ocr_carea' id='block_1_90' title="bbox 478 4554 1980 4638">
    <p class='ocr_par' dir='ltr' id='par_1_90' title="bbox 478 4554 1980 4638">
     <span class='ocr_line' id='line_1_90' title="bbox 478 4554 1980 4638; baseline -0.004 -10"><span class='ocrx_word' id='word_1_646' title='bbox 478 4572 718 4628; x_wconf 87' lang='lat' dir='ltr'><strong>Dominis</strong></span> <span class='ocrx_word' id='word_1_647' title='bbox 765 4554 1203 4626; x_wconf 80' lang='lat' dir='ltr'><strong>eminentissunis</strong></span> <span class='ocrx_word' id='word_1_648' title='bbox 1250 4568 1533 4624; x_wconf 85' lang='lat' dir='ltr'><strong>Etlieiredo</strong></span> <span class='ocrx_word' id='word_1_649' title='bbox 1588 4569 1698 4638; x_wconf 82' lang='lat' dir='ltr'><strong>regi</strong></span> <span class='ocrx_word' id='word_1_650' title='bbox 1752 4569 1980 4624; x_wconf 82' lang='lat' dir='ltr'><strong>Mercio-</strong></span> 
     </span>
    </p>
   </div>
   <div class='ocr_carea' id='block_1_91' title="bbox 404 4658 1975 4732">
    <p class='ocr_par' dir='ltr' id='par_1_91' title="bbox 404 4658 1975 4732">
     <span class='ocr_line' id='line_1_91' title="bbox 404 4658 1975 4732; baseline -0.005 -13"><span class='ocrx_word' id='word_1_651' title='bbox 404 4678 556 4732; x_wconf 88' lang='lat' dir='ltr'><strong>rum,</strong></span> <span class='ocrx_word' id='word_1_652' title='bbox 607 4670 662 4717; x_wconf 91' lang='lat' dir='ltr'><strong>et</strong></span> <span class='ocrx_word' id='word_1_653' title='bbox 709 4660 916 4717; x_wconf 79' lang='lat' dir='ltr'><strong>Alirido</strong></span> <span class='ocrx_word' id='word_1_654' title='bbox 957 4659 1066 4730; x_wconf 79' lang='lat' dir='ltr'><strong>regi</strong></span> <span class='ocrx_word' id='word_1_655' title='bbox 1118 4658 1419 4725; x_wconf 88' lang='lat' dir='ltr'><strong>Deirorum,</strong></span> <span class='ocrx_word' id='word_1_656' title='bbox 1469 4668 1523 4714; x_wconf 89' lang='lat' dir='ltr'><strong>et</strong></span> <span class='ocrx_word' id='word_1_657' title='bbox 1576 4658 1975 4723; x_wconf 87' lang='lat' dir='ltr'><strong>Berniciorum,</strong></span> 
     </span>
    </p>
   </div>
   <div class='ocr_carea' id='block_1_92' title="bbox 402 4755 821 4824">
    <p class='ocr_par' dir='ltr' id='par_1_92' title="bbox 402 4755 821 4824">
     <span class='ocr_line' id='line_1_92' title="bbox 402 4755 821 4824; baseline -0.01 -14"><span class='ocrx_word' id='word_1_658' title='bbox 402 4755 634 4810; x_wconf 86' lang='lat' dir='ltr'><strong>Joannes</strong></span> <span class='ocrx_word' id='word_1_659' title='bbox 665 4767 821 4824; x_wconf 90' lang='lat' dir='ltr'><strong>papa.</strong></span> 
     </span>
    </p>
   </div>
   <div class='ocr_carea' id='block_1_93' title="bbox 477 4839 1978 4915">
    <p class='ocr_par' dir='ltr' id='par_1_93' title="bbox 477 4839 1978 4915">
     <span class='ocr_line' id='line_1_93' title="bbox 477 4839 1978 4915; baseline -0.003 -16"><span class='ocrx_word' id='word_1_660' title='bbox 477 4844 556 4899; x_wconf 91' lang='lat' dir='ltr'><strong>De</strong></span> <span class='ocrx_word' id='word_1_661' title='bbox 585 4853 780 4899; x_wconf 72' lang='lat' dir='ltr'><strong>vestra:</strong></span> <span class='ocrx_word' id='word_1_662' title='bbox 807 4843 1020 4915; x_wconf 90' lang='lat' dir='ltr'><strong>quidem</strong></span> <span class='ocrx_word' id='word_1_663' title='bbox 1053 4841 1325 4912; x_wconf 83' lang='lat' dir='ltr'><strong>religionis</strong></span> <span class='ocrx_word' id='word_1_664' title='bbox 1351 4841 1654 4896; x_wconf 86' lang='lat' dir='ltr'><strong>accessibus</strong></span> <span class='ocrx_word' id='word_1_665' title='bbox 1677 4840 1845 4910; x_wconf 86' lang='lat' dir='ltr'><strong>gratia</strong></span> <span class='ocrx_word' id='word_1_666' title='bbox 1887 4839 1978 4895; x_wconf 89' lang='lat' dir='ltr'><strong>Dei</strong></span> 
     </span>
    </p>
   </div>
   <div class='ocr_carea' id='block_1_94' title="bbox 408 4931 1981 5006">
    <p class='ocr_par' dir='ltr' id='par_1_94' title="bbox 408 4931 1981 5006">
     <span class='ocr_line' id='line_1_94' title="bbox 408 4931 1981 5006; baseline -0.003 -15"><span class='ocrx_word' id='word_1_667' title='bbox 408 4946 732 5005; x_wconf 86' lang='lat' dir='ltr'><strong>cooperante</strong></span> <span class='ocrx_word' id='word_1_668' title='bbox 779 4935 1098 5006; x_wconf 80' lang='lat' dir='ltr'><strong>gaudemus,</strong></span> <span class='ocrx_word' id='word_1_669' title='bbox 1151 4932 1412 4987; x_wconf 81' lang='lat' dir='ltr'><strong>fervorem</strong></span> <span class='ocrx_word' id='word_1_670' title='bbox 1462 4931 1581 4985; x_wconf 88' lang='lat' dir='ltr'><strong>ﬁdei</strong></span> <span class='ocrx_word' id='word_1_671' title='bbox 1609 4940 1890 4986; x_wconf 88' lang='lat' dir='ltr'><strong>cernentes</strong></span> <span class='ocrx_word' id='word_1_672' title='bbox 1927 4931 1981 4986; x_wconf 91' lang='lat' dir='ltr'><strong>in</strong></span> 
     </span>
    </p>
   </div>
   <div class='ocr_carea' id='block_1_95' title="bbox 405 5020 1979 5095">
    <p class='ocr_par' dir='ltr' id='par_1_95' title="bbox 405 5020 1979 5095">
     <span class='ocr_line' id='line_1_95' title="bbox 405 5020 1979 5095; baseline -0.003 -16"><span class='ocrx_word' id='word_1_673' title='bbox 405 5025 580 5088; x_wconf 77' lang='lat' dir='ltr'><strong>vobis,</strong></span> <span class='ocrx_word' id='word_1_674' title='bbox 609 5040 766 5093; x_wconf 87' lang='lat' dir='ltr'><strong>quam</strong></span> <span class='ocrx_word' id='word_1_675' title='bbox 793 5039 856 5080; x_wconf 81' lang='lat' dir='ltr'><strong>ex</strong></span> <span class='ocrx_word' id='word_1_676' title='bbox 888 5023 1266 5095; x_wconf 67' lang='lat' dir='ltr'><strong>praedicatione</strong></span> <span class='ocrx_word' id='word_1_677' title='bbox 1314 5020 1569 5091; x_wconf 85' lang='lat' dir='ltr'><strong>principis</strong></span> <span class='ocrx_word' id='word_1_678' title='bbox 1596 5021 1979 5091; x_wconf 87' lang='lat' dir='ltr'><strong>apostolorum,</strong></span> 
     </span>
    </p>
   </div>
   <div class='ocr_carea' id='block_1_96' title="bbox 406 5110 1984 5182">
    <p class='ocr_par' dir='ltr' id='par_1_96' title="bbox 406 5110 1984 5182">
     <span class='ocr_line' id='line_1_96' title="bbox 406 5110 1984 5182; baseline -0.006 -8"><span class='ocrx_word' id='word_1_679' title='bbox 406 5119 517 5174; x_wconf 91' lang='lat' dir='ltr'><strong>Deo</strong></span> <span class='ocrx_word' id='word_1_680' title='bbox 541 5127 752 5172; x_wconf 88' lang='lat' dir='ltr'><strong>vestros</strong></span> <span class='ocrx_word' id='word_1_681' title='bbox 780 5119 988 5171; x_wconf 89' lang='lat' dir='ltr'><strong>animos</strong></span> <span class='ocrx_word' id='word_1_682' title='bbox 1015 5115 1367 5178; x_wconf 83' lang='lat' dir='ltr'><strong>illtnuimnte,</strong></span> <span class='ocrx_word' id='word_1_683' title='bbox 1396 5114 1791 5182; x_wconf 79' lang='lat' dir='ltr'><strong>percep:stis,et</strong></span> <span class='ocrx_word' id='word_1_684' title='bbox 1809 5110 1984 5166; x_wconf 79' lang='lat' dir='ltr'><strong>efﬁca-</strong></span> 
     </span>
    </p>
   </div>
   <div class='ocr_carea' id='block_1_97' title="bbox 403 5200 1978 5275">
    <p class='ocr_par' dir='ltr' id='par_1_97' title="bbox 403 5200 1978 5275">
     <span class='ocr_line' id='line_1_97' title="bbox 403 5200 1978 5275; baseline -0.007 -10"><span class='ocrx_word' id='word_1_685' title='bbox 403 5213 538 5264; x_wconf 87' lang='lat' dir='ltr'><strong>citer</strong></span> <span class='ocrx_word' id='word_1_686' title='bbox 566 5209 799 5274; x_wconf 89' lang='lat' dir='ltr'><strong>tenetis;</strong></span> <span class='ocrx_word' id='word_1_687' title='bbox 831 5217 886 5261; x_wconf 88' lang='lat' dir='ltr'><strong>et</strong></span> <span class='ocrx_word' id='word_1_688' title='bbox 917 5207 1114 5260; x_wconf 89' lang='lat' dir='ltr'><strong>utinam</strong></span> <span class='ocrx_word' id='word_1_689' title='bbox 1144 5207 1385 5275; x_wconf 83' lang='lat' dir='ltr'><strong>gaudium</strong></span> <span class='ocrx_word' id='word_1_690' title='bbox 1429 5211 1666 5256; x_wconf 91' lang='lat' dir='ltr'><strong>nostrum</strong></span> <span class='ocrx_word' id='word_1_691' title='bbox 1700 5200 1978 5255; x_wconf 86' lang='lat' dir='ltr'><strong>meliorum</strong></span> 
     </span>
    </p>
   </div>
   <div class='ocr_carea' id='block_1_98' title="bbox 400 5293 1978 5368">
    <p class='ocr_par' dir='ltr' id='par_1_98' title="bbox 400 5293 1978 5368">
     <span class='ocr_line' id='line_1_98' title="bbox 400 5293 1978 5368; baseline -0.008 -12"><span class='ocrx_word' id='word_1_692' title='bbox 400 5313 656 5356; x_wconf 79' lang='lat' dir='ltr'><strong>excessus</strong></span> <span class='ocrx_word' id='word_1_693' title='bbox 699 5297 1006 5368; x_wconf 85' lang='lat' dir='ltr'><strong>ampliﬁcet.</strong></span> <span class='ocrx_word' id='word_1_694' title='bbox 1055 5295 1438 5352; x_wconf 76' lang='lat' dir='ltr'><strong>lnextricabilis</strong></span> <span class='ocrx_word' id='word_1_695' title='bbox 1474 5308 1601 5348; x_wconf 90' lang='lat' dir='ltr'><strong>vero</strong></span> <span class='ocrx_word' id='word_1_696' title='bbox 1630 5293 1978 5361; x_wconf 84' lang='lat' dir='ltr'><strong>quorumdam</strong></span> 
     </span>
    </p>
   </div>
   <div class='ocr_carea' id='block_1_99' title="bbox 401 5380 1978 5452">
    <p class='ocr_par' dir='ltr' id='par_1_99' title="bbox 401 5380 1978 5452">
     <span class='ocr_line' id='line_1_99' title="bbox 401 5380 1978 5452; baseline -0.008 -7"><span class='ocrx_word' id='word_1_697' title='bbox 401 5389 670 5446; x_wconf 75' lang='lat' dir='ltr'><strong>dissensio</strong></span> <span class='ocrx_word' id='word_1_698' title='bbox 700 5398 914 5444; x_wconf 85' lang='lat' dir='ltr'><strong>nostros</strong></span> <span class='ocrx_word' id='word_1_699' title='bbox 944 5389 1152 5443; x_wconf 87' lang='lat' dir='ltr'><strong>animos</strong></span> <span class='ocrx_word' id='word_1_700' title='bbox 1183 5385 1368 5448; x_wconf 80' lang='lat' dir='ltr'><strong>afﬁcit,</strong></span> <span class='ocrx_word' id='word_1_701' title='bbox 1390 5398 1549 5452; x_wconf 92' lang='lat' dir='ltr'><strong>quam</strong></span> <span class='ocrx_word' id='word_1_702' title='bbox 1579 5393 1786 5452; x_wconf 79' lang='lat' dir='ltr'><strong>Oportet</strong></span> <span class='ocrx_word' id='word_1_703' title='bbox 1809 5380 1978 5436; x_wconf 90' lang='lat' dir='ltr'><strong>corri-</strong></span> 
     </span>
    </p>
   </div>
   <div class='ocr_carea' id='block_1_100' title="bbox 401 5477 1978 5552">
    <p class='ocr_par' dir='ltr' id='par_1_100' title="bbox 401 5477 1978 5552">
     <span class='ocr_line' id='line_1_100' title="bbox 401 5477 1978 5552; baseline -0.005 -16"><span class='ocrx_word' id='word_1_704' title='bbox 401 5481 477 5552; x_wconf 82' lang='lat' dir='ltr'><strong>gi,</strong></span> <span class='ocrx_word' id='word_1_705' title='bbox 528 5497 596 5538; x_wconf 91' lang='lat' dir='ltr'><strong>ne</strong></span> <span class='ocrx_word' id='word_1_706' title='bbox 640 5481 1056 5552; x_wconf 87' lang='lat' dir='ltr'><strong>apostolicorum</strong></span> <span class='ocrx_word' id='word_1_707' title='bbox 1102 5487 1485 5546; x_wconf 74' lang='lat' dir='ltr'><strong>praeceptorum</strong></span> <span class='ocrx_word' id='word_1_708' title='bbox 1524 5477 1978 5544; x_wconf 71' lang='lat' dir='ltr'><strong>prazraricatores,</strong></span> 
     </span>
    </p>
   </div>
   <div class='ocr_carea' id='block_1_101' title="bbox 403 5565 1981 5629">
    <p class='ocr_par' dir='ltr' id='par_1_101' title="bbox 403 5565 1981 5629">
     <span class='ocr_line' id='line_1_101' title="bbox 403 5565 1981 5629; baseline -0.003 -4"><span class='ocrx_word' id='word_1_709' title='bbox 403 5571 499 5626; x_wconf 83' lang='lat' dir='ltr'><strong>sed</strong></span> <span class='ocrx_word' id='word_1_710' title='bbox 551 5573 800 5629; x_wconf 87' lang='lat' dir='ltr'><strong>custodes</strong></span> <span class='ocrx_word' id='word_1_711' title='bbox 840 5584 962 5627; x_wconf 88' lang='lat' dir='ltr'><strong>esse</strong></span> <span class='ocrx_word' id='word_1_712' title='bbox 1013 5567 1377 5624; x_wconf 87' lang='lat' dir='ltr'><strong>inveniamini.</strong></span> <span class='ocrx_word' id='word_1_713' title='bbox 1429 5566 1635 5620; x_wconf 88' lang='lat' dir='ltr'><strong>Dudum</strong></span> <span class='ocrx_word' id='word_1_714' title='bbox 1688 5567 1828 5622; x_wconf 90' lang='lat' dir='ltr'><strong>enim</strong></span> <span class='ocrx_word' id='word_1_715' title='bbox 1883 5565 1981 5620; x_wconf 87' lang='lat' dir='ltr'><strong>sub</strong></span> 
     </span>
    </p>
   </div>
   <div class='ocr_carea' id='block_1_102' title="bbox 405 5659 1984 5734">
    <p class='ocr_par' dir='ltr' id='par_1_102' title="bbox 405 5659 1984 5734">
     <span class='ocr_line' id='line_1_102' title="bbox 405 5659 1984 5734; baseline -0.004 -15"><span class='ocrx_word' id='word_1_716' title='bbox 405 5665 710 5734; x_wconf 62' lang='lat' dir='ltr'><strong>apostolica</strong></span> <span class='ocrx_word' id='word_1_717' title='bbox 739 5664 1010 5721; x_wconf 72' lang='lat' dir='ltr'><strong>memoria:</strong></span> <span class='ocrx_word' id='word_1_718' title='bbox 1041 5661 1315 5732; x_wconf 80' lang='lat' dir='ltr'><strong>Agathone</strong></span> <span class='ocrx_word' id='word_1_719' title='bbox 1343 5674 1497 5729; x_wconf 87' lang='lat' dir='ltr'><strong>papa,</strong></span> <span class='ocrx_word' id='word_1_720' title='bbox 1541 5675 1661 5715; x_wconf 90' lang='lat' dir='ltr'><strong>eum</strong></span> <span class='ocrx_word' id='word_1_721' title='bbox 1707 5659 1984 5714; x_wconf 79' lang='lat' dir='ltr'><strong>Wilfridus‘</strong></span> 
     </span>
    </p>
   </div>
   <div class='ocr_carea' id='block_1_103' title="bbox 405 5749 1982 5823">
    <p class='ocr_par' dir='ltr' id='par_1_103' title="bbox 405 5749 1982 5823">
     <span class='ocr_line' id='line_1_103' title="bbox 405 5749 1982 5823; baseline -0.003 -15"><span class='ocrx_word' id='word_1_722' title='bbox 405 5755 692 5822; x_wconf 80' lang='lat' dir='ltr'><strong>episcopus</strong></span> <span class='ocrx_word' id='word_1_723' title='bbox 715 5770 814 5823; x_wconf 88' lang='lat' dir='ltr'><strong>pro</strong></span> <span class='ocrx_word' id='word_1_724' title='bbox 840 5768 936 5807; x_wconf 89' lang='lat' dir='ltr'><strong>sua</strong></span> <span class='ocrx_word' id='word_1_725' title='bbox 961 5767 1120 5807; x_wconf 89' lang='lat' dir='ltr'><strong>causa</strong></span> <span class='ocrx_word' id='word_1_726' title='bbox 1162 5749 1342 5807; x_wconf 80' lang='lat' dir='ltr'><strong>sedem</strong></span> <span class='ocrx_word' id='word_1_727' title='bbox 1388 5751 1523 5804; x_wconf 89' lang='lat' dir='ltr'><strong>hanc</strong></span> <span class='ocrx_word' id='word_1_728' title='bbox 1551 5749 1898 5818; x_wconf 87' lang='lat' dir='ltr'><strong>appellasset;</strong></span> <span class='ocrx_word' id='word_1_729' title='bbox 1928 5757 1982 5804; x_wconf 90' lang='lat' dir='ltr'><strong>et</strong></span> 
     </span>
    </p>
   </div>
   <div class='ocr_carea' id='block_1_104' title="bbox 407 5840 1977 5910">
    <p class='ocr_par' dir='ltr' id='par_1_104' title="bbox 407 5840 1977 5910">
     <span class='ocr_line' id='line_1_104' title="bbox 407 5840 1977 5910; baseline -0.001 -13"><span class='ocrx_word' id='word_1_730' title='bbox 407 5853 742 5900; x_wconf 84' lang='lat' dir='ltr'><strong>accusatores</strong></span> <span class='ocrx_word' id='word_1_731' title='bbox 773 5859 802 5898; x_wconf 85' lang='lat' dir='ltr'><strong>a</strong></span> <span class='ocrx_word' id='word_1_732' title='bbox 849 5842 1156 5910; x_wconf 83' lang='lat' dir='ltr'><strong>Theodoro,</strong></span> <span class='ocrx_word' id='word_1_733' title='bbox 1207 5853 1406 5899; x_wconf 83' lang='lat' dir='ltr'><strong>sanct.c</strong></span> <span class='ocrx_word' id='word_1_734' title='bbox 1434 5841 1838 5898; x_wconf 75' lang='lat' dir='ltr'><strong>Cantuariorum</strong></span> <span class='ocrx_word' id='word_1_735' title='bbox 1882 5840 1977 5896; x_wconf 88' lang='lat' dir='ltr'><strong>Ec-</strong></span> 
     </span>
    </p>
   </div>
   <div class='ocr_carea' id='block_1_105' title="bbox 2086 4565 3674 4634">
    <p class='ocr_par' dir='ltr' id='par_1_105' title="bbox 2086 4565 3674 4634">
     <span class='ocr_line' id='line_1_105' title="bbox 2086 4565 3674 4634; baseline 0.004 -14"><span class='ocrx_word' id='word_1_736' title='bbox 2086 4568 2263 4621; x_wconf 68' lang='lat' dir='ltr'><strong>clesia:</strong></span> <span class='ocrx_word' id='word_1_737' title='bbox 2291 4565 2714 4634; x_wconf 84' lang='lat' dir='ltr'><strong>arcliiepiscOpo,</strong></span> <span class='ocrx_word' id='word_1_738' title='bbox 2748 4565 2870 4620; x_wconf 87' lang='lat' dir='ltr'><strong>hinc</strong></span> <span class='ocrx_word' id='word_1_739' title='bbox 2915 4565 3038 4620; x_wconf 92' lang='lat' dir='ltr'><strong>illuc</strong></span> <span class='ocrx_word' id='word_1_740' title='bbox 3071 4566 3339 4632; x_wconf 87' lang='lat' dir='ltr'><strong>mandato,</strong></span> <span class='ocrx_word' id='word_1_741' title='bbox 3365 4576 3419 4622; x_wconf 93' lang='lat' dir='ltr'><strong>et</strong></span> <span class='ocrx_word' id='word_1_742' title='bbox 3449 4569 3517 4624; x_wconf 89' lang='lat' dir='ltr'><strong>ab</strong></span> <span class='ocrx_word' id='word_1_743' title='bbox 3555 4572 3674 4626; x_wconf 77' lang='lat' dir='ltr'><strong>Hil-.</strong></span> 
     </span>
    </p>
   </div>
   <div class='ocr_carea' id='block_1_106' title="bbox 2087 4656 3662 4728">
    <p class='ocr_par' dir='ltr' id='par_1_106' title="bbox 2087 4656 3662 4728">
     <span class='ocr_line' id='line_1_106' title="bbox 2087 4656 3662 4728; baseline 0.003 -17"><span class='ocrx_word' id='word_1_744' title='bbox 2087 4659 2151 4711; x_wconf 87' lang='lat' dir='ltr'><strong>da</strong></span> <span class='ocrx_word' id='word_1_745' title='bbox 2202 4657 2464 4727; x_wconf 76' lang='lat' dir='ltr'><strong>religiosa:</strong></span> <span class='ocrx_word' id='word_1_746' title='bbox 2510 4658 2783 4710; x_wconf 63' lang='lat' dir='ltr'><strong>memoriae</strong></span> <span class='ocrx_word' id='word_1_747' title='bbox 2825 4656 3091 4710; x_wconf 81' lang='lat' dir='ltr'><strong>abbatissa</strong></span> <span class='ocrx_word' id='word_1_748' title='bbox 3146 4657 3314 4722; x_wconf 90' lang='lat' dir='ltr'><strong>missi,</strong></span> <span class='ocrx_word' id='word_1_749' title='bbox 3371 4661 3662 4728; x_wconf 84' lang='lat' dir='ltr'><strong>venissent,</strong></span> 
     </span>
    </p>
   </div>
   <div class='ocr_carea' id='block_1_107' title="bbox 2086 4747 3668 4820">
    <p class='ocr_par' dir='ltr' id='par_1_107' title="bbox 2086 4747 3668 4820">
     <span class='ocr_line' id='line_1_107' title="bbox 2086 4747 3668 4820; baseline 0.003 -16"><span class='ocrx_word' id='word_1_750' title='bbox 2086 4749 2318 4819; x_wconf 87' lang='lat' dir='ltr'><strong>episcopi</strong></span> <span class='ocrx_word' id='word_1_751' title='bbox 2346 4760 2470 4802; x_wconf 91' lang='lat' dir='ltr'><strong>tunc</strong></span> <span class='ocrx_word' id='word_1_752' title='bbox 2500 4748 2585 4802; x_wconf 85' lang='lat' dir='ltr'><strong>hic</strong></span> <span class='ocrx_word' id='word_1_753' title='bbox 2612 4749 2678 4803; x_wconf 92' lang='lat' dir='ltr'><strong>de</strong></span> <span class='ocrx_word' id='word_1_754' title='bbox 2704 4747 2930 4802; x_wconf 88' lang='lat' dir='ltr'><strong>diversis</strong></span> <span class='ocrx_word' id='word_1_755' title='bbox 2955 4747 3190 4816; x_wconf 84' lang='lat' dir='ltr'><strong>partibus</strong></span> <span class='ocrx_word' id='word_1_756' title='bbox 3218 4752 3520 4820; x_wconf 79' lang='lat' dir='ltr'><strong>congregati</strong></span> <span class='ocrx_word' id='word_1_757' title='bbox 3552 4768 3668 4808; x_wconf 87' lang='lat' dir='ltr'><strong>rem</strong></span> 
     </span>
    </p>
   </div>
   <div class='ocr_carea' id='block_1_108' title="bbox 2087 4838 3671 4912">
    <p class='ocr_par' dir='ltr' id='par_1_108' title="bbox 2087 4838 3671 4912">
     <span class='ocr_line' id='line_1_108' title="bbox 2087 4838 3671 4912; baseline 0.006 -20"><span class='ocrx_word' id='word_1_758' title='bbox 2087 4840 2402 4908; x_wconf 85' lang='lat' dir='ltr'><strong>regulariter</strong></span> <span class='ocrx_word' id='word_1_759' title='bbox 2447 4838 2776 4909; x_wconf 64' lang='lat' dir='ltr'><strong>quarsierunt</strong></span> <span class='ocrx_word' id='word_1_760' title='bbox 2824 4849 2877 4894; x_wconf 86' lang='lat' dir='ltr'><strong>et</strong></span> <span class='ocrx_word' id='word_1_761' title='bbox 2918 4838 3267 4905; x_wconf 83' lang='lat' dir='ltr'><strong>deﬁnierunt,</strong></span> <span class='ocrx_word' id='word_1_762' title='bbox 3319 4843 3671 4912; x_wconf 83' lang='lat' dir='ltr'><strong>eamdemque</strong></span> 
     </span>
    </p>
   </div>
   <div class='ocr_carea' id='block_1_109' title="bbox 2087 4931 3665 5002">
    <p class='ocr_par' dir='ltr' id='par_1_109' title="bbox 2087 4931 3665 5002">
     <span class='ocr_line' id='line_1_109' title="bbox 2087 4931 3665 5002; baseline 0.003 -16"><span class='ocrx_word' id='word_1_763' title='bbox 2087 4932 2404 4986; x_wconf 86' lang='lat' dir='ltr'><strong>sententiam</strong></span> <span class='ocrx_word' id='word_1_764' title='bbox 2435 4945 2777 4985; x_wconf 86' lang='lat' dir='ltr'><strong>successores</strong></span> <span class='ocrx_word' id='word_1_765' title='bbox 2802 4931 3042 5000; x_wconf 85' lang='lat' dir='ltr'><strong>ejusdem</strong></span> <span class='ocrx_word' id='word_1_766' title='bbox 3077 4931 3334 4999; x_wconf 85' lang='lat' dir='ltr'><strong>pontiﬁcis</strong></span> <span class='ocrx_word' id='word_1_767' title='bbox 3365 4935 3665 5002; x_wconf 62' lang='lat' dir='ltr'><strong>praedeces-</strong></span> 
     </span>
    </p>
   </div>
   <div class='ocr_carea' id='block_1_110' title="bbox 2088 5021 3668 5089">
    <p class='ocr_par' dir='ltr' id='par_1_110' title="bbox 2088 5021 3668 5089">
     <span class='ocr_line' id='line_1_110' title="bbox 2088 5021 3668 5089; baseline 0.001 -12"><span class='ocrx_word' id='word_1_768' title='bbox 2088 5037 2238 5078; x_wconf 86' lang='lat' dir='ltr'><strong>sores</strong></span> <span class='ocrx_word' id='word_1_769' title='bbox 2285 5021 2453 5075; x_wconf 88' lang='lat' dir='ltr'><strong>nostri</strong></span> <span class='ocrx_word' id='word_1_770' title='bbox 2503 5030 2823 5085; x_wconf 84' lang='lat' dir='ltr'><strong>tenuerunt;</strong></span> <span class='ocrx_word' id='word_1_771' title='bbox 2876 5021 2970 5075; x_wconf 84' lang='lat' dir='ltr'><strong>sed</strong></span> <span class='ocrx_word' id='word_1_772' title='bbox 3021 5037 3192 5089; x_wconf 88' lang='lat' dir='ltr'><strong>neque</strong></span> <span class='ocrx_word' id='word_1_773' title='bbox 3240 5023 3555 5080; x_wconf 87' lang='lat' dir='ltr'><strong>Theodorus</strong></span> <span class='ocrx_word' id='word_1_774' title='bbox 3583 5042 3668 5079; x_wconf 63' lang='lat' dir='ltr'><strong>aro</strong></span> 
     </span>
    </p>
   </div>
   <div class='ocr_carea' id='block_1_111' title="bbox 2088 5105 3666 5185">
    <p class='ocr_par' dir='ltr' id='par_1_111' title="bbox 2088 5105 3666 5185">
     <span class='ocr_line' id='line_1_111' title="bbox 2088 5105 3666 5185; baseline 0.003 -18"><span class='ocrx_word' id='word_1_775' title='bbox 2088 5113 2462 5180; x_wconf 86' lang='lat' dir='ltr'><strong>cliiepiscopus</strong></span> <span class='ocrx_word' id='word_1_776' title='bbox 2518 5112 2764 5167; x_wconf 80' lang='lat' dir='ltr'><strong>obriasse</strong></span> <span class='ocrx_word' id='word_1_777' title='bbox 2828 5114 3203 5180; x_wconf 82' lang='lat' dir='ltr'><strong>cognoscitur,</strong></span> <span class='ocrx_word' id='word_1_778' title='bbox 3260 5105 3348 5184; x_wconf 79' lang='lat' dir='ltr'><strong>qui</strong></span> <span class='ocrx_word' id='word_1_779' title='bbox 3401 5132 3666 5185; x_wconf 88' lang='lat' dir='ltr'><strong>nunquam</strong></span> 
     </span>
    </p>
   </div>
   <div class='ocr_carea' id='block_1_112' title="bbox 2088 5201 3664 5272">
    <p class='ocr_par' dir='ltr' id='par_1_112' title="bbox 2088 5201 3664 5272">
     <span class='ocr_line' id='line_1_112' title="bbox 2088 5201 3664 5272; baseline 0.003 -15"><span class='ocrx_word' id='word_1_780' title='bbox 2088 5202 2427 5272; x_wconf 79' lang='lat' dir='ltr'><strong>postmodum</strong></span> <span class='ocrx_word' id='word_1_781' title='bbox 2456 5201 2686 5270; x_wconf 88' lang='lat' dir='ltr'><strong>aliquam</strong></span> <span class='ocrx_word' id='word_1_782' title='bbox 2719 5202 2842 5255; x_wconf 89' lang='lat' dir='ltr'><strong>huic</strong></span> <span class='ocrx_word' id='word_1_783' title='bbox 2869 5204 3258 5258; x_wconf 86' lang='lat' dir='ltr'><strong>accusationem</strong></span> <span class='ocrx_word' id='word_1_784' title='bbox 3303 5205 3664 5262; x_wconf 83' lang='lat' dir='ltr'><strong>demandavit.</strong></span> 
     </span>
    </p>
   </div>
   <div class='ocr_carea' id='block_1_113' title="bbox 2087 5295 3668 5363">
    <p class='ocr_par' dir='ltr' id='par_1_113' title="bbox 2087 5295 3668 5363">
     <span class='ocr_line' id='line_1_113' title="bbox 2087 5295 3668 5363; baseline 0.001 -14"><span class='ocrx_word' id='word_1_785' title='bbox 2087 5295 2237 5349; x_wconf 82' lang='lat' dir='ltr'><strong>Nunc</strong></span> <span class='ocrx_word' id='word_1_786' title='bbox 2264 5308 2472 5362; x_wconf 88' lang='lat' dir='ltr'><strong>quoque</strong></span> <span class='ocrx_word' id='word_1_787' title='bbox 2521 5307 2703 5346; x_wconf 90' lang='lat' dir='ltr'><strong>eorum</strong></span> <span class='ocrx_word' id='word_1_788' title='bbox 2751 5295 3137 5360; x_wconf 88' lang='lat' dir='ltr'><strong>accusationes,</strong></span> <span class='ocrx_word' id='word_1_789' title='bbox 3169 5295 3256 5363; x_wconf 92' lang='lat' dir='ltr'><strong>qui</strong></span> <span class='ocrx_word' id='word_1_790' title='bbox 3306 5304 3488 5350; x_wconf 83' lang='lat' dir='ltr'><strong>contra</strong></span> <span class='ocrx_word' id='word_1_791' title='bbox 3529 5295 3668 5351; x_wconf 83' lang='lat' dir='ltr'><strong>Wil-</strong></span> 
     </span>
    </p>
   </div>
   <div class='ocr_carea' id='block_1_114' title="bbox 2089 5384 3670 5453">
    <p class='ocr_par' dir='ltr' id='par_1_114' title="bbox 2089 5384 3670 5453">
     <span class='ocr_line' id='line_1_114' title="bbox 2089 5384 3670 5453; baseline 0.002 -13"><span class='ocrx_word' id='word_1_792' title='bbox 2089 5384 2123 5440; x_wconf 71' lang='lat' dir='ltr'><strong>fi</strong></span> <span class='ocrx_word' id='word_1_793' title='bbox 2141 5385 2284 5442; x_wconf 85' lang='lat' dir='ltr'><strong>idum</strong></span> <span class='ocrx_word' id='word_1_794' title='bbox 2318 5384 2624 5453; x_wconf 83' lang='lat' dir='ltr'><strong>episcopum</strong></span> <span class='ocrx_word' id='word_1_795' title='bbox 2679 5384 2781 5438; x_wconf 85' lang='lat' dir='ltr'><strong>huc</strong></span> <span class='ocrx_word' id='word_1_796' title='bbox 2819 5385 2884 5439; x_wconf 90' lang='lat' dir='ltr'><strong>dc</strong></span> <span class='ocrx_word' id='word_1_797' title='bbox 2935 5385 3205 5438; x_wconf 89' lang='lat' dir='ltr'><strong>Britannia</strong></span> <span class='ocrx_word' id='word_1_798' title='bbox 3237 5385 3589 5452; x_wconf 78' lang='lat' dir='ltr'><strong>advenerunt,</strong></span> <span class='ocrx_word' id='word_1_799' title='bbox 3615 5397 3670 5443; x_wconf 89' lang='lat' dir='ltr'><strong>ct</strong></span> 
     </span>
    </p>
   </div>
   <div class='ocr_carea' id='block_1_115' title="bbox 2087 5475 3666 5547">
    <p class='ocr_par' dir='ltr' id='par_1_115' title="bbox 2087 5475 3666 5547">
     <span class='ocr_line' id='line_1_115' title="bbox 2087 5475 3666 5547; baseline -0.001 -15"><span class='ocrx_word' id='word_1_800' title='bbox 2087 5477 2204 5547; x_wconf 83' lang='lat' dir='ltr'><strong>ejus</strong></span> <span class='ocrx_word' id='word_1_801' title='bbox 2241 5477 2608 5531; x_wconf 81' lang='lat' dir='ltr'><strong>excusationes</strong></span> <span class='ocrx_word' id='word_1_802' title='bbox 2645 5475 2784 5544; x_wconf 89' lang='lat' dir='ltr'><strong>apud</strong></span> <span class='ocrx_word' id='word_1_803' title='bbox 2829 5487 3148 5530; x_wconf 88' lang='lat' dir='ltr'><strong>conventum</strong></span> <span class='ocrx_word' id='word_1_804' title='bbox 3193 5476 3666 5531; x_wconf 80' lang='lat' dir='ltr'><strong>rercrcndissimo-</strong></span> 
     </span>
    </p>
   </div>
   <div class='ocr_carea' id='block_1_116' title="bbox 2087 5564 3667 5636">
    <p class='ocr_par' dir='ltr' id='par_1_116' title="bbox 2087 5564 3667 5636">
     <span class='ocr_line' id='line_1_116' title="bbox 2087 5564 3667 5636; baseline -0.001 -15"><span class='ocrx_word' id='word_1_805' title='bbox 2087 5581 2203 5622; x_wconf 86' lang='lat' dir='ltr'><strong>rum</strong></span> <span class='ocrx_word' id='word_1_806' title='bbox 2236 5566 2604 5636; x_wconf 81' lang='lat' dir='ltr'><strong>cpiscOporum</strong></span> <span class='ocrx_word' id='word_1_807' title='bbox 2635 5567 2724 5634; x_wconf 82' lang='lat' dir='ltr'><strong>qui</strong></span> <span class='ocrx_word' id='word_1_808' title='bbox 2773 5564 2858 5620; x_wconf 87' lang='lat' dir='ltr'><strong>hic</strong></span> <span class='ocrx_word' id='word_1_809' title='bbox 2903 5565 3104 5622; x_wconf 87' lang='lat' dir='ltr'><strong>inventi</strong></span> <span class='ocrx_word' id='word_1_810' title='bbox 3153 5573 3276 5620; x_wconf 86' lang='lat' dir='ltr'><strong>sunt</strong></span> <span class='ocrx_word' id='word_1_811' title='bbox 3303 5580 3400 5635; x_wconf 90' lang='lat' dir='ltr'><strong>per</strong></span> <span class='ocrx_word' id='word_1_812' title='bbox 3424 5567 3538 5622; x_wconf 87' lang='lat' dir='ltr'><strong>dies</strong></span> <span class='ocrx_word' id='word_1_813' title='bbox 3566 5567 3667 5620; x_wconf 87' lang='lat' dir='ltr'><strong>ali-</strong></span> 
     </span>
    </p>
   </div>
   <div class='ocr_carea' id='block_1_117' title="bbox 2086 5655 3664 5730">
    <p class='ocr_par' dir='ltr' id='par_1_117' title="bbox 2086 5655 3664 5730">
     <span class='ocr_line' id='line_1_117' title="bbox 2086 5655 3664 5730; baseline -0.001 -18"><span class='ocrx_word' id='word_1_814' title='bbox 2086 5669 2213 5730; x_wconf 89' lang='lat' dir='ltr'><strong>quot</strong></span> <span class='ocrx_word' id='word_1_815' title='bbox 2261 5658 2374 5713; x_wconf 88' lang='lat' dir='ltr'><strong>ﬁeri</strong></span> <span class='ocrx_word' id='word_1_816' title='bbox 2423 5658 2842 5728; x_wconf 76' lang='lat' dir='ltr'><strong>procurarimus,</strong></span> <span class='ocrx_word' id='word_1_817' title='bbox 2877 5664 2982 5711; x_wconf 90' lang='lat' dir='ltr'><strong>tam</strong></span> <span class='ocrx_word' id='word_1_818' title='bbox 3014 5656 3081 5711; x_wconf 90' lang='lat' dir='ltr'><strong>de</strong></span> <span class='ocrx_word' id='word_1_819' title='bbox 3108 5656 3351 5725; x_wconf 82' lang='lat' dir='ltr'><strong>epistolis</strong></span> <span class='ocrx_word' id='word_1_820' title='bbox 3377 5655 3664 5711; x_wconf 81' lang='lat' dir='ltr'><strong>anteriori-</strong></span> 
     </span>
    </p>
   </div>
   <div class='ocr_carea' id='block_1_118' title="bbox 2088 5747 3664 5818">
    <p class='ocr_par' dir='ltr' id='par_1_118' title="bbox 2088 5747 3664 5818">
     <span class='ocr_line' id='line_1_118' title="bbox 2088 5747 3664 5818; baseline -0.001 -15"><span class='ocrx_word' id='word_1_821' title='bbox 2088 5749 2186 5804; x_wconf 88' lang='lat' dir='ltr'><strong>bus</strong></span> <span class='ocrx_word' id='word_1_822' title='bbox 2218 5757 2272 5804; x_wconf 92' lang='lat' dir='ltr'><strong>et</strong></span> <span class='ocrx_word' id='word_1_823' title='bbox 2299 5749 2590 5816; x_wconf 84' lang='lat' dir='ltr'><strong>modernis,</strong></span> <span class='ocrx_word' id='word_1_824' title='bbox 2616 5764 2772 5818; x_wconf 88' lang='lat' dir='ltr'><strong>quam</strong></span> <span class='ocrx_word' id='word_1_825' title='bbox 2804 5764 2923 5818; x_wconf 62' lang='lat' dir='ltr'><strong>quae</strong></span> <span class='ocrx_word' id='word_1_826' title='bbox 2965 5747 3271 5802; x_wconf 82' lang='lat' dir='ltr'><strong>verbialiter</strong></span> <span class='ocrx_word' id='word_1_827' title='bbox 3301 5756 3476 5818; x_wconf 88' lang='lat' dir='ltr'><strong>partes</strong></span> <span class='ocrx_word' id='word_1_828' title='bbox 3514 5747 3664 5802; x_wconf 90' lang='lat' dir='ltr'><strong>detu-</strong></span> 
     </span>
    </p>
   </div>
   <div class='ocr_carea' id='block_1_119' title="bbox 2090 5837 3670 5912">
    <p class='ocr_par' dir='ltr' id='par_1_119' title="bbox 2090 5837 3670 5912">
     <span class='ocr_line' id='line_1_119' title="bbox 2090 5837 3670 5912; baseline -0.003 -16"><span class='ocrx_word' id='word_1_829' title='bbox 2090 5844 2291 5912; x_wconf 79' lang='lat' dir='ltr'><strong>lerunt,</strong></span> <span class='ocrx_word' id='word_1_830' title='bbox 2315 5842 2438 5898; x_wconf 81' lang='lat' dir='ltr'><strong>dum</strong></span> <span class='ocrx_word' id='word_1_831' title='bbox 2465 5841 2785 5912; x_wconf 79' lang='lat' dir='ltr'><strong>principales</strong></span> <span class='ocrx_word' id='word_1_832' title='bbox 2808 5852 3070 5912; x_wconf 63' lang='lat' dir='ltr'><strong>personat,</strong></span> <span class='ocrx_word' id='word_1_833' title='bbox 3095 5838 3160 5894; x_wconf 88' lang='lat' dir='ltr'><strong>de</strong></span> <span class='ocrx_word' id='word_1_834' title='bbox 3181 5837 3370 5910; x_wconf 85' lang='lat' dir='ltr'><strong>quibus</strong></span> <span class='ocrx_word' id='word_1_835' title='bbox 3397 5838 3670 5912; x_wconf 75' lang='lat' dir='ltr'><strong>contentio</strong></span> 
     </span>
    </p>
   </div>
  </div>
