  <div class='ocr_page' id='page_1' title='image "/cluster/home/n/w/nwhite01/storage/ocr_20150623/89/hvd.32044054758925/036.png"; bbox 0 0 4068 6182; ppageno 0'>
   <div class='ocr_carea' id='block_1_1' title="bbox 365 355 3627 421">
    <p class='ocr_par' dir='ltr' id='par_1_1' title="bbox 365 355 3627 421">
     <span class='ocr_line' id='line_1_1' title="bbox 365 355 3627 421; baseline 0.002 -9"><span class='ocrx_word' id='word_1_1' title='bbox 365 358 429 419; x_wconf 71' lang='grc' dir='ltr'><strong>σε</strong></span> <span class='ocrx_word' id='word_1_2' title='bbox 1370 355 1696 413; x_wconf 73' lang='lat' dir='ltr'><strong>EPISTULA</strong></span> <span class='ocrx_word' id='word_1_3' title='bbox 1735 356 1827 409; x_wconf 82' lang='lat' dir='ltr'><strong>AB</strong></span> <span class='ocrx_word' id='word_1_4' title='bbox 1865 356 2337 413; x_wconf 76' lang='lat' dir='ltr'><strong>ETHELREDUM</strong></span> <span class='ocrx_word' id='word_1_5' title='bbox 2375 357 2631 412; x_wconf 62' lang='lat' dir='ltr'><strong>REGE”.</strong></span> <span class='ocrx_word' id='word_1_6' title='bbox 3550 365 3627 421; x_wconf 69' lang='lat' dir='ltr'><strong>6i</strong></span> 
     </span>
    </p>
   </div>
   <div class='ocr_carea' id='block_1_2' title="bbox 365 468 1938 536">
    <p class='ocr_par' dir='ltr' id='par_1_2' title="bbox 365 468 1938 536">
     <span class='ocr_line' id='line_1_2' title="bbox 365 468 1938 536; baseline -0.003 -8"><span class='ocrx_word' id='word_1_7' title='bbox 365 476 539 529; x_wconf 85' lang='lat' dir='ltr'><strong>omnis</strong></span> <span class='ocrx_word' id='word_1_8' title='bbox 567 476 757 526; x_wconf 76' lang='lat' dir='ltr'><strong>exorta</strong></span> <span class='ocrx_word' id='word_1_9' title='bbox 786 478 889 533; x_wconf 89' lang='lat' dir='ltr'><strong>est,</strong></span> <span class='ocrx_word' id='word_1_10' title='bbox 935 468 1020 521; x_wconf 86' lang='lat' dir='ltr'><strong>ltie</strong></span> <span class='ocrx_word' id='word_1_11' title='bbox 1067 483 1171 522; x_wconf 79' lang='lat' dir='ltr'><strong>non</strong></span> <span class='ocrx_word' id='word_1_12' title='bbox 1218 468 1504 533; x_wconf 73' lang='lat' dir='ltr'><strong>adfuerint,</strong></span> <span class='ocrx_word' id='word_1_13' title='bbox 1535 483 1662 536; x_wconf 77' lang='lat' dir='ltr'><strong>quas</strong></span> <span class='ocrx_word' id='word_1_14' title='bbox 1719 483 1938 523; x_wconf 87' lang='lat' dir='ltr'><strong>necesse</strong></span> 
     </span>
    </p>
   </div>
   <div class='ocr_carea' id='block_1_3' title="bbox 363 557 1614 628">
    <p class='ocr_par' dir='ltr' id='par_1_3' title="bbox 363 557 1614 628">
     <span class='ocr_line' id='line_1_3' title="bbox 363 557 1614 628; baseline -0.006 -9"><span class='ocrx_word' id='word_1_15' title='bbox 363 574 466 628; x_wconf 89' lang='lat' dir='ltr'><strong>est,</strong></span> <span class='ocrx_word' id='word_1_16' title='bbox 500 572 554 615; x_wconf 91' lang='lat' dir='ltr'><strong>ut</strong></span> <span class='ocrx_word' id='word_1_17' title='bbox 583 560 857 616; x_wconf 74' lang='lat' dir='ltr'><strong>contentio</strong></span> <span class='ocrx_word' id='word_1_18' title='bbox 883 558 1042 612; x_wconf 88' lang='lat' dir='ltr'><strong>finem</strong></span> <span class='ocrx_word' id='word_1_19' title='bbox 1070 558 1315 626; x_wconf 86' lang='lat' dir='ltr'><strong>accipiat,</strong></span> <span class='ocrx_word' id='word_1_20' title='bbox 1345 557 1614 612; x_wconf 84' lang='lat' dir='ltr'><strong>advenire.</strong></span> 
     </span>
    </p>
   </div>
   <div class='ocr_carea' id='block_1_4' title="bbox 439 646 1938 715">
    <p class='ocr_par' dir='ltr' id='par_1_4' title="bbox 439 646 1938 715">
     <span class='ocr_line' id='line_1_4' title="bbox 439 646 1938 715; baseline -0.005 -8"><span class='ocrx_word' id='word_1_21' title='bbox 439 653 640 707; x_wconf 88' lang='lat' dir='ltr'><strong>Idcirco</strong></span> <span class='ocrx_word' id='word_1_22' title='bbox 687 663 1091 704; x_wconf 87' lang='lat' dir='ltr'><strong>commonemus</strong></span> <span class='ocrx_word' id='word_1_23' title='bbox 1139 648 1529 703; x_wconf 81' lang='lat' dir='ltr'><strong>Bertltwaldum</strong></span> <span class='ocrx_word' id='word_1_24' title='bbox 1583 646 1938 715; x_wconf 82' lang='lat' dir='ltr'><strong>archiepisco-</strong></span> 
     </span>
    </p>
   </div>
   <div class='ocr_carea' id='block_1_5' title="bbox 361 738 1939 812">
    <p class='ocr_par' dir='ltr' id='par_1_5' title="bbox 361 738 1939 812">
     <span class='ocr_line' id='line_1_5' title="bbox 361 738 1939 812; baseline -0.005 -14"><span class='ocrx_word' id='word_1_25' title='bbox 361 759 492 812; x_wconf 85' lang='lat' dir='ltr'><strong>pum</strong></span> <span class='ocrx_word' id='word_1_26' title='bbox 539 743 755 796; x_wconf 83' lang='lat' dir='ltr'><strong>fratrem</strong></span> <span class='ocrx_word' id='word_1_27' title='bbox 815 749 1058 794; x_wconf 80' lang='lat' dir='ltr'><strong>nostrum</strong></span> <span class='ocrx_word' id='word_1_28' title='bbox 1109 749 1166 793; x_wconf 91' lang='lat' dir='ltr'><strong>ut</strong></span> <span class='ocrx_word' id='word_1_29' title='bbox 1213 738 1472 807; x_wconf 82' lang='lat' dir='ltr'><strong>synodum</strong></span> <span class='ocrx_word' id='word_1_30' title='bbox 1526 746 1785 792; x_wconf 82' lang='lat' dir='ltr'><strong>convocet</strong></span> <span class='ocrx_word' id='word_1_31' title='bbox 1835 752 1939 791; x_wconf 90' lang='lat' dir='ltr'><strong>una</strong></span> 
     </span>
    </p>
   </div>
   <div class='ocr_carea' id='block_1_6' title="bbox 362 827 1935 897">
    <p class='ocr_par' dir='ltr' id='par_1_6' title="bbox 362 827 1935 897">
     <span class='ocr_line' id='line_1_6' title="bbox 362 827 1935 897; baseline -0.003 -12"><span class='ocrx_word' id='word_1_32' title='bbox 362 847 486 886; x_wconf 89' lang='lat' dir='ltr'><strong>eum</strong></span> <span class='ocrx_word' id='word_1_33' title='bbox 517 829 780 894; x_wconf 82' lang='lat' dir='ltr'><strong>Wilfrido,</strong></span> <span class='ocrx_word' id='word_1_34' title='bbox 813 838 867 883; x_wconf 90' lang='lat' dir='ltr'><strong>et</strong></span> <span class='ocrx_word' id='word_1_35' title='bbox 899 829 1090 882; x_wconf 86' lang='lat' dir='ltr'><strong>Bosam</strong></span> <span class='ocrx_word' id='word_1_36' title='bbox 1122 838 1277 897; x_wconf 89' lang='lat' dir='ltr'><strong>atque</strong></span> <span class='ocrx_word' id='word_1_37' title='bbox 1302 827 1562 881; x_wconf 83' lang='lat' dir='ltr'><strong>Joannem</strong></span> <span class='ocrx_word' id='word_1_38' title='bbox 1592 828 1644 880; x_wconf 89' lang='lat' dir='ltr'><strong>in</strong></span> <span class='ocrx_word' id='word_1_39' title='bbox 1674 828 1935 897; x_wconf 84' lang='lat' dir='ltr'><strong>synodum</strong></span> 
     </span>
    </p>
   </div>
   <div class='ocr_carea' id='block_1_7' title="bbox 2051 468 3622 542">
    <p class='ocr_par' dir='ltr' id='par_1_7' title="bbox 2051 468 3622 542">
     <span class='ocr_line' id='line_1_7' title="bbox 2051 468 3622 542; baseline 0.003 -18"><span class='ocrx_word' id='word_1_40' title='bbox 2051 469 2433 537; x_wconf 81' lang='lat' dir='ltr'><strong>(sacratissime</strong></span> <span class='ocrx_word' id='word_1_41' title='bbox 2462 468 2850 539; x_wconf 66' lang='lat' dir='ltr'><strong>arcltipraesul),</strong></span> <span class='ocrx_word' id='word_1_42' title='bbox 2872 469 3048 533; x_wconf 78' lang='lat' dir='ltr'><strong>statim</strong></span> <span class='ocrx_word' id='word_1_43' title='bbox 3077 478 3283 524; x_wconf 87' lang='lat' dir='ltr'><strong>certant</strong></span> <span class='ocrx_word' id='word_1_44' title='bbox 3313 472 3622 542; x_wconf 88' lang='lat' dir='ltr'><strong>obsequela,</strong></span> 
     </span>
    </p>
   </div>
   <div class='ocr_carea' id='block_1_8' title="bbox 2045 558 3646 637">
    <p class='ocr_par' dir='ltr' id='par_1_8' title="bbox 2045 558 3646 637">
     <span class='ocr_line' id='line_1_8' title="bbox 2045 558 3646 637; baseline 0.002 -22"><span class='ocrx_word' id='word_1_45' title='bbox 2045 560 2221 615; x_wconf 88' lang='lat' dir='ltr'><strong>omnis</strong></span> <span class='ocrx_word' id='word_1_46' title='bbox 2253 560 2303 614; x_wconf 95' lang='lat' dir='ltr'><strong>in</strong></span> <span class='ocrx_word' id='word_1_47' title='bbox 2335 570 2573 614; x_wconf 83' lang='lat' dir='ltr'><strong>nostrum</strong></span> <span class='ocrx_word' id='word_1_48' title='bbox 2605 572 2883 614; x_wconf 78' lang='lat' dir='ltr'><strong>assensum</strong></span> <span class='ocrx_word' id='word_1_49' title='bbox 2911 558 3137 615; x_wconf 87' lang='lat' dir='ltr'><strong>accurrit</strong></span> <span class='ocrx_word' id='word_1_50' title='bbox 3167 560 3453 627; x_wconf 80' lang='lat' dir='ltr'><strong>provincia.</strong></span> <span class='ocrx_word' id='word_1_51' title='bbox 3485 562 3646 637; x_wconf 32' lang='lat' dir='ltr'><strong>Puer,</strong></span> 
     </span>
    </p>
   </div>
   <div class='ocr_carea' id='block_1_9' title="bbox 2048 648 3621 721">
    <p class='ocr_par' dir='ltr' id='par_1_9' title="bbox 2048 648 3621 721">
     <span class='ocr_line' id='line_1_9' title="bbox 2048 648 3621 721; baseline 0.001 -16"><span class='ocrx_word' id='word_1_52' title='bbox 2048 652 2226 721; x_wconf 82' lang='lat' dir='ltr'><strong>regius</strong></span> <span class='ocrx_word' id='word_1_53' title='bbox 2273 650 2327 704; x_wconf 91' lang='lat' dir='ltr'><strong>in</strong></span> <span class='ocrx_word' id='word_1_54' title='bbox 2378 665 2555 718; x_wconf 83' lang='lat' dir='ltr'><strong>regem</strong></span> <span class='ocrx_word' id='word_1_55' title='bbox 2604 649 2828 713; x_wconf 88' lang='lat' dir='ltr'><strong>levatus,</strong></span> <span class='ocrx_word' id='word_1_56' title='bbox 2878 648 3047 703; x_wconf 84' lang='lat' dir='ltr'><strong>hostis</strong></span> <span class='ocrx_word' id='word_1_57' title='bbox 3096 649 3335 713; x_wconf 84' lang='lat' dir='ltr'><strong>abactus,</strong></span> <span class='ocrx_word' id='word_1_58' title='bbox 3369 659 3621 719; x_wconf 83' lang='lat' dir='ltr'><strong>tyrannus</strong></span> 
     </span>
    </p>
   </div>
   <div class='ocr_carea' id='block_1_10' title="bbox 2042 738 3614 810">
    <p class='ocr_par' dir='ltr' id='par_1_10' title="bbox 2042 738 3614 810">
     <span class='ocr_line' id='line_1_10' title="bbox 2042 738 3614 810; baseline 0.001 -16"><span class='ocrx_word' id='word_1_59' title='bbox 2042 741 2358 794; x_wconf 81' lang='lat' dir='ltr'><strong>exstinctus.</strong></span> <span class='ocrx_word' id='word_1_60' title='bbox 2407 740 2503 794; x_wconf 86' lang='lat' dir='ltr'><strong>Est</strong></span> <span class='ocrx_word' id='word_1_61' title='bbox 2550 740 2706 808; x_wconf 80' lang='lat' dir='ltr'><strong>igitur</strong></span> <span class='ocrx_word' id='word_1_62' title='bbox 2736 740 2897 808; x_wconf 73' lang='lat' dir='ltr'><strong>regiae</strong></span> <span class='ocrx_word' id='word_1_63' title='bbox 2923 738 3211 794; x_wconf 82' lang='lat' dir='ltr'><strong>voluntatis</strong></span> <span class='ocrx_word' id='word_1_64' title='bbox 3240 749 3297 793; x_wconf 93' lang='lat' dir='ltr'><strong>ut</strong></span> <span class='ocrx_word' id='word_1_65' title='bbox 3334 740 3614 810; x_wconf 77' lang='lat' dir='ltr'><strong>episcopus</strong></span> 
     </span>
    </p>
   </div>
   <div class='ocr_carea' id='block_1_11' title="bbox 2042 830 3615 886">
    <p class='ocr_par' dir='ltr' id='par_1_11' title="bbox 2042 830 3615 886">
     <span class='ocr_line' id='line_1_11' title="bbox 2042 830 3615 886; baseline -0.001 -2"><span class='ocrx_word' id='word_1_66' title='bbox 2042 831 2313 884; x_wconf 81' lang='lat' dir='ltr'><strong>Wilfridus</strong></span> <span class='ocrx_word' id='word_1_67' title='bbox 2341 832 2674 886; x_wconf 88' lang='lat' dir='ltr'><strong>revestiatur.</strong></span> <span class='ocrx_word' id='word_1_68' title='bbox 2721 831 2761 884; x_wconf 88' lang='lat' dir='ltr'><strong>ll</strong></span> <span class='ocrx_word' id='word_1_69' title='bbox 2772 832 2813 885; x_wconf 91' lang='lat' dir='ltr'><strong>is</strong></span> <span class='ocrx_word' id='word_1_70' title='bbox 2839 831 2995 885; x_wconf 90' lang='lat' dir='ltr'><strong>dictis</strong></span> <span class='ocrx_word' id='word_1_71' title='bbox 3016 839 3203 886; x_wconf 77' lang='lat' dir='ltr'><strong>emota:</strong></span> <span class='ocrx_word' id='word_1_72' title='bbox 3224 830 3615 884; x_wconf 85' lang='lat' dir='ltr'><strong>dissensionum</strong></span> 
     </span>
    </p>
   </div>
   <div class='ocr_carea' id='block_1_12' title="bbox 361 915 3617 991">
    <p class='ocr_par' dir='ltr' id='par_1_12' title="bbox 361 915 3617 991">
     <span class='ocr_line' id='line_1_12' title="bbox 361 915 3617 991; baseline 0 -16"><span class='ocrx_word' id='word_1_73' title='bbox 361 922 521 975; x_wconf 81' lang='lat' dir='ltr'><strong>faciat</strong></span> <span class='ocrx_word' id='word_1_74' title='bbox 547 919 858 983; x_wconf 90' lang='lat' dir='ltr'><strong>convenire,</strong></span> <span class='ocrx_word' id='word_1_75' title='bbox 893 932 1155 986; x_wconf 78' lang='lat' dir='ltr'><strong>vocesque</strong></span> <span class='ocrx_word' id='word_1_76' title='bbox 1184 915 1408 984; x_wconf 89' lang='lat' dir='ltr'><strong>partium</strong></span> <span class='ocrx_word' id='word_1_77' title='bbox 1459 916 1655 981; x_wconf 81' lang='lat' dir='ltr'><strong>audiat,</strong></span> <span class='ocrx_word' id='word_1_78' title='bbox 1681 925 1733 969; x_wconf 90' lang='lat' dir='ltr'><strong>et</strong></span> <span class='ocrx_word' id='word_1_79' title='bbox 1762 919 1939 970; x_wconf 85' lang='lat' dir='ltr'><strong>consi-</strong></span> <span class='ocrx_word' id='word_1_80' title='bbox 1965 919 2012 974; x_wconf 72' lang='grc' dir='ltr'><strong>Α</strong></span> <span class='ocrx_word' id='word_1_81' title='bbox 2043 923 2269 989; x_wconf 83' lang='lat' dir='ltr'><strong>nebulae,</strong></span> <span class='ocrx_word' id='word_1_82' title='bbox 2301 923 2561 978; x_wconf 80' lang='lat' dir='ltr'><strong>serenitas</strong></span> <span class='ocrx_word' id='word_1_83' title='bbox 2594 936 2736 991; x_wconf 89' lang='lat' dir='ltr'><strong>paets</strong></span> <span class='ocrx_word' id='word_1_84' title='bbox 2785 922 2953 975; x_wconf 85' lang='lat' dir='ltr'><strong>infusa</strong></span> <span class='ocrx_word' id='word_1_85' title='bbox 2984 940 2998 987; x_wconf 89' lang='lat'><strong>;</strong></span> <span class='ocrx_word' id='word_1_86' title='bbox 3038 921 3272 975; x_wconf 88' lang='lat' dir='ltr'><strong>cucurrit</strong></span> <span class='ocrx_word' id='word_1_87' title='bbox 3301 920 3617 990; x_wconf 83' lang='lat' dir='ltr'><strong>episcOpali‘s</strong></span> 
     </span>
    </p>
   </div>
   <div class='ocr_carea' id='block_1_13' title="bbox 361 1008 1937 1079">
    <p class='ocr_par' dir='ltr' id='par_1_13' title="bbox 361 1008 1937 1079">
     <span class='ocr_line' id='line_1_13' title="bbox 361 1008 1937 1079; baseline -0.003 -12"><span class='ocrx_word' id='word_1_88' title='bbox 361 1014 512 1067; x_wconf 83' lang='lat' dir='ltr'><strong>deret</strong></span> <span class='ocrx_word' id='word_1_89' title='bbox 541 1009 668 1079; x_wconf 87' lang='lat' dir='ltr'><strong>quid</strong></span> <span class='ocrx_word' id='word_1_90' title='bbox 696 1010 797 1063; x_wconf 85' lang='lat' dir='ltr'><strong>sibi</strong></span> <span class='ocrx_word' id='word_1_91' title='bbox 828 1010 1051 1063; x_wconf 88' lang='lat' dir='ltr'><strong>invicem</strong></span> <span class='ocrx_word' id='word_1_92' title='bbox 1082 1018 1257 1076; x_wconf 90' lang='lat' dir='ltr'><strong>partes</strong></span> <span class='ocrx_word' id='word_1_93' title='bbox 1285 1008 1496 1063; x_wconf 84' lang='lat' dir='ltr'><strong>valeant</strong></span> <span class='ocrx_word' id='word_1_94' title='bbox 1518 1009 1809 1075; x_wconf 77' lang='lat' dir='ltr'><strong>approbare</strong></span> <span class='ocrx_word' id='word_1_95' title='bbox 1838 1024 1852 1071; x_wconf 88' lang='lat'><strong>;</strong></span> <span class='ocrx_word' id='word_1_96' title='bbox 1884 1018 1937 1063; x_wconf 86' lang='lat' dir='ltr'><strong>et</strong></span> 
     </span>
    </p>
   </div>
   <div class='ocr_carea' id='block_1_14' title="bbox 360 1098 1941 1171">
    <p class='ocr_par' dir='ltr' id='par_1_14' title="bbox 360 1098 1941 1171">
     <span class='ocr_line' id='line_1_14' title="bbox 360 1098 1941 1171; baseline -0.002 -15"><span class='ocrx_word' id='word_1_97' title='bbox 360 1103 407 1156; x_wconf 92' lang='lat' dir='ltr'><strong>si</strong></span> <span class='ocrx_word' id='word_1_98' title='bbox 437 1101 649 1171; x_wconf 79' lang='lat' dir='ltr'><strong>quidem</strong></span> <span class='ocrx_word' id='word_1_99' title='bbox 696 1099 837 1167; x_wconf 85' lang='lat' dir='ltr'><strong>apud</strong></span> <span class='ocrx_word' id='word_1_100' title='bbox 886 1100 1025 1152; x_wconf 87' lang='lat' dir='ltr'><strong>illam</strong></span> <span class='ocrx_word' id='word_1_101' title='bbox 1069 1098 1329 1169; x_wconf 81' lang='lat' dir='ltr'><strong>synodum</strong></span> <span class='ocrx_word' id='word_1_102' title='bbox 1363 1098 1592 1166; x_wconf 90' lang='lat' dir='ltr'><strong>potuerit</strong></span> <span class='ocrx_word' id='word_1_103' title='bbox 1622 1114 1733 1152; x_wconf 87' lang='lat' dir='ltr'><strong>rem</strong></span> <span class='ocrx_word' id='word_1_104' title='bbox 1765 1099 1941 1154; x_wconf 87' lang='lat' dir='ltr'><strong>deter-</strong></span> 
     </span>
    </p>
   </div>
   <div class='ocr_carea' id='block_1_15' title="bbox 363 1189 1937 1259">
    <p class='ocr_par' dir='ltr' id='par_1_15' title="bbox 363 1189 1937 1259">
     <span class='ocr_line' id='line_1_15' title="bbox 363 1189 1937 1259; baseline -0.002 -12"><span class='ocrx_word' id='word_1_105' title='bbox 363 1192 591 1255; x_wconf 88' lang='lat' dir='ltr'><strong>minare,</strong></span> <span class='ocrx_word' id='word_1_106' title='bbox 622 1200 831 1259; x_wconf 86' lang='lat' dir='ltr'><strong>gratum</strong></span> <span class='ocrx_word' id='word_1_107' title='bbox 862 1189 962 1243; x_wconf 92' lang='lat' dir='ltr'><strong>erit</strong></span> <span class='ocrx_word' id='word_1_108' title='bbox 1009 1190 1184 1243; x_wconf 85' lang='lat' dir='ltr'><strong>nobis.</strong></span> <span class='ocrx_word' id='word_1_109' title='bbox 1220 1190 1315 1244; x_wconf 89' lang='lat' dir='ltr'><strong>Sin</strong></span> <span class='ocrx_word' id='word_1_110' title='bbox 1364 1198 1563 1257; x_wconf 88' lang='lat' dir='ltr'><strong>autem,</strong></span> <span class='ocrx_word' id='word_1_111' title='bbox 1594 1199 1807 1243; x_wconf 88' lang='lat' dir='ltr'><strong>moneat</strong></span> <span class='ocrx_word' id='word_1_112' title='bbox 1848 1204 1937 1245; x_wconf 84' lang='lat' dir='ltr'><strong>eos</strong></span> 
     </span>
    </p>
   </div>
   <div class='ocr_carea' id='block_1_16' title="bbox 360 1279 1942 1349">
    <p class='ocr_par' dir='ltr' id='par_1_16' title="bbox 360 1279 1942 1349">
     <span class='ocr_line' id='line_1_16' title="bbox 360 1279 1942 1349; baseline 0 -14"><span class='ocrx_word' id='word_1_113' title='bbox 360 1283 428 1335; x_wconf 90' lang='lat' dir='ltr'><strong>ad</strong></span> <span class='ocrx_word' id='word_1_114' title='bbox 478 1282 664 1336; x_wconf 85' lang='lat' dir='ltr'><strong>sedem</strong></span> <span class='ocrx_word' id='word_1_115' title='bbox 693 1279 1040 1349; x_wconf 83' lang='lat' dir='ltr'><strong>apostolicam</strong></span> <span class='ocrx_word' id='word_1_116' title='bbox 1070 1295 1369 1345; x_wconf 88' lang='lat' dir='ltr'><strong>accurrere,</strong></span> <span class='ocrx_word' id='word_1_117' title='bbox 1402 1292 1461 1332; x_wconf 89' lang='grc' dir='ltr'><strong>ιιι</strong></span> <span class='ocrx_word' id='word_1_118' title='bbox 1501 1282 1689 1349; x_wconf 86' lang='lat' dir='ltr'><strong>majori</strong></span> <span class='ocrx_word' id='word_1_119' title='bbox 1716 1282 1942 1335; x_wconf 90' lang='lat' dir='ltr'><strong>concilio</strong></span> 
     </span>
    </p>
   </div>
   <div class='ocr_carea' id='block_1_17' title="bbox 365 1370 1942 1440">
    <p class='ocr_par' dir='ltr' id='par_1_17' title="bbox 365 1370 1942 1440">
     <span class='ocr_line' id='line_1_17' title="bbox 365 1370 1942 1440; baseline 0.001 -15"><span class='ocrx_word' id='word_1_120' title='bbox 365 1372 650 1427; x_wconf 79' lang='lat' dir='ltr'><strong>decidatur</strong></span> <span class='ocrx_word' id='word_1_121' title='bbox 678 1370 817 1440; x_wconf 85' lang='lat' dir='ltr'><strong>quod</strong></span> <span class='ocrx_word' id='word_1_122' title='bbox 849 1370 1106 1426; x_wconf 84' lang='lat' dir='ltr'><strong>hactenus</strong></span> <span class='ocrx_word' id='word_1_123' title='bbox 1130 1372 1402 1426; x_wconf 87' lang='lat' dir='ltr'><strong>terminari</strong></span> <span class='ocrx_word' id='word_1_124' title='bbox 1435 1386 1538 1426; x_wconf 92' lang='lat' dir='ltr'><strong>non</strong></span> <span class='ocrx_word' id='word_1_125' title='bbox 1582 1373 1769 1439; x_wconf 91' lang='lat' dir='ltr'><strong>potuit.</strong></span> <span class='ocrx_word' id='word_1_126' title='bbox 1797 1373 1942 1427; x_wconf 83' lang='lat' dir='ltr'><strong>Sciat</strong></span> 
     </span>
    </p>
   </div>
   <div class='ocr_carea' id='block_1_18' title="bbox 366 1460 1937 1530">
    <p class='ocr_par' dir='ltr' id='par_1_18' title="bbox 366 1460 1937 1530">
     <span class='ocr_line' id='line_1_18' title="bbox 366 1460 1937 1530; baseline -0.001 -15"><span class='ocrx_word' id='word_1_127' title='bbox 366 1470 551 1515; x_wconf 86' lang='lat' dir='ltr'><strong>autem</strong></span> <span class='ocrx_word' id='word_1_128' title='bbox 575 1461 713 1530; x_wconf 87' lang='lat' dir='ltr'><strong>quod</strong></span> <span class='ocrx_word' id='word_1_129' title='bbox 744 1460 1043 1530; x_wconf 83' lang='lat' dir='ltr'><strong>quicunque</strong></span> <span class='ocrx_word' id='word_1_130' title='bbox 1067 1460 1249 1516; x_wconf 90' lang='lat' dir='ltr'><strong>venire</strong></span> <span class='ocrx_word' id='word_1_131' title='bbox 1277 1462 1674 1527; x_wconf 58' lang='lat' dir='ltr'><strong>contempserit,</strong></span> <span class='ocrx_word' id='word_1_132' title='bbox 1704 1462 1937 1529; x_wconf 87' lang='lat' dir='ltr'><strong>seipsum</strong></span> 
     </span>
    </p>
   </div>
   <div class='ocr_carea' id='block_1_19' title="bbox 364 1550 1943 1619">
    <p class='ocr_par' dir='ltr' id='par_1_19' title="bbox 364 1550 1943 1619">
     <span class='ocr_line' id='line_1_19' title="bbox 364 1550 1943 1619; baseline 0 -15"><span class='ocrx_word' id='word_1_133' title='bbox 364 1550 657 1619; x_wconf 82' lang='lat' dir='ltr'><strong>dejectioni</strong></span> <span class='ocrx_word' id='word_1_134' title='bbox 700 1550 982 1614; x_wconf 76' lang='lat' dir='ltr'><strong>submittit,</strong></span> <span class='ocrx_word' id='word_1_135' title='bbox 1032 1565 1132 1605; x_wconf 90' lang='lat' dir='ltr'><strong>nec</strong></span> <span class='ocrx_word' id='word_1_136' title='bbox 1174 1551 1281 1617; x_wconf 86' lang='lat' dir='ltr'><strong>hic,</strong></span> <span class='ocrx_word' id='word_1_137' title='bbox 1313 1566 1412 1605; x_wconf 90' lang='lat' dir='ltr'><strong>nec</strong></span> <span class='ocrx_word' id='word_1_138' title='bbox 1458 1551 1529 1605; x_wconf 91' lang='lat' dir='ltr'><strong>ibi</strong></span> <span class='ocrx_word' id='word_1_139' title='bbox 1559 1565 1653 1619; x_wconf 86' lang='lat' dir='ltr'><strong>pro</strong></span> <span class='ocrx_word' id='word_1_140' title='bbox 1691 1552 1943 1618; x_wconf 90' lang='lat' dir='ltr'><strong>episcopo</strong></span> 
     </span>
    </p>
   </div>
   <div class='ocr_carea' id='block_1_20' title="bbox 362 1642 1941 1711">
    <p class='ocr_par' dir='ltr' id='par_1_20' title="bbox 362 1642 1941 1711">
     <span class='ocr_line' id='line_1_20' title="bbox 362 1642 1941 1711; baseline 0 -17"><span class='ocrx_word' id='word_1_141' title='bbox 362 1642 592 1710; x_wconf 86' lang='lat' dir='ltr'><strong>amplius</strong></span> <span class='ocrx_word' id='word_1_142' title='bbox 619 1642 1029 1709; x_wconf 84' lang='lat' dir='ltr'><strong>suscipiendus;</strong></span> <span class='ocrx_word' id='word_1_143' title='bbox 1057 1652 1234 1697; x_wconf 88' lang='lat' dir='ltr'><strong>vestra</strong></span> <span class='ocrx_word' id='word_1_144' title='bbox 1265 1642 1485 1710; x_wconf 89' lang='lat' dir='ltr'><strong>proinde</strong></span> <span class='ocrx_word' id='word_1_145' title='bbox 1535 1643 1728 1711; x_wconf 77' lang='lat' dir='ltr'><strong>regalis</strong></span> <span class='ocrx_word' id='word_1_146' title='bbox 1777 1644 1941 1697; x_wconf 84' lang='lat' dir='ltr'><strong>subli-</strong></span> 
     </span>
    </p>
   </div>
   <div class='ocr_carea' id='block_1_21' title="bbox 361 1730 1940 1801">
    <p class='ocr_par' dir='ltr' id='par_1_21' title="bbox 361 1730 1940 1801">
     <span class='ocr_line' id='line_1_21' title="bbox 361 1730 1940 1801; baseline 0.003 -18"><span class='ocrx_word' id='word_1_147' title='bbox 361 1732 522 1783; x_wconf 84' lang='lat' dir='ltr'><strong>mitas</strong></span> <span class='ocrx_word' id='word_1_148' title='bbox 548 1730 706 1784; x_wconf 78' lang='lat' dir='ltr'><strong>faciat</strong></span> <span class='ocrx_word' id='word_1_149' title='bbox 730 1746 1071 1796; x_wconf 84' lang='lat' dir='ltr'><strong>concursum,</strong></span> <span class='ocrx_word' id='word_1_150' title='bbox 1103 1741 1159 1785; x_wconf 93' lang='lat' dir='ltr'><strong>ut</strong></span> <span class='ocrx_word' id='word_1_151' title='bbox 1189 1747 1249 1786; x_wconf 90' lang='lat' dir='ltr'><strong>ea</strong></span> <span class='ocrx_word' id='word_1_152' title='bbox 1281 1749 1396 1800; x_wconf 77' lang='lat' dir='ltr'><strong>qua:</strong></span> <span class='ocrx_word' id='word_1_153' title='bbox 1423 1734 1635 1788; x_wconf 86' lang='lat' dir='ltr'><strong>Christo</strong></span> <span class='ocrx_word' id='word_1_154' title='bbox 1672 1734 1940 1801; x_wconf 90' lang='lat' dir='ltr'><strong>aspirante</strong></span> 
     </span>
    </p>
   </div>
   <div class='ocr_carea' id='block_1_22' title="bbox 366 1821 1943 1891">
    <p class='ocr_par' dir='ltr' id='par_1_22' title="bbox 366 1821 1943 1891">
     <span class='ocr_line' id='line_1_22' title="bbox 366 1821 1943 1891; baseline 0.001 -18"><span class='ocrx_word' id='word_1_155' title='bbox 366 1821 743 1889; x_wconf 71' lang='lat' dir='ltr'><strong>perspeximus</strong></span> <span class='ocrx_word' id='word_1_156' title='bbox 772 1823 1081 1888; x_wconf 81' lang='lat' dir='ltr'><strong>perveniant</strong></span> <span class='ocrx_word' id='word_1_157' title='bbox 1126 1821 1191 1875; x_wconf 89' lang='lat' dir='ltr'><strong>ad</strong></span> <span class='ocrx_word' id='word_1_158' title='bbox 1220 1822 1493 1885; x_wconf 75' lang='lat' dir='ltr'><strong>effectum;</strong></span> <span class='ocrx_word' id='word_1_159' title='bbox 1526 1825 1821 1891; x_wconf 84' lang='lat' dir='ltr'><strong>quicunque</strong></span> <span class='ocrx_word' id='word_1_160' title='bbox 1850 1839 1943 1875; x_wconf 89' lang='lat' dir='ltr'><strong>au-</strong></span> 
     </span>
    </p>
   </div>
   <div class='ocr_carea' id='block_1_23' title="bbox 360 1910 1947 1979">
    <p class='ocr_par' dir='ltr' id='par_1_23' title="bbox 360 1910 1947 1979">
     <span class='ocr_line' id='line_1_23' title="bbox 360 1910 1947 1979; baseline 0.003 -18"><span class='ocrx_word' id='word_1_161' title='bbox 360 1919 466 1964; x_wconf 86' lang='lat' dir='ltr'><strong>tem</strong></span> <span class='ocrx_word' id='word_1_162' title='bbox 517 1910 799 1979; x_wconf 72' lang='lat' dir='ltr'><strong>cujuslibet</strong></span> <span class='ocrx_word' id='word_1_163' title='bbox 848 1926 1085 1979; x_wconf 70' lang='lat' dir='ltr'><strong>persona:</strong></span> <span class='ocrx_word' id='word_1_164' title='bbox 1132 1911 1317 1966; x_wconf 87' lang='lat' dir='ltr'><strong>audaci</strong></span> <span class='ocrx_word' id='word_1_165' title='bbox 1374 1913 1668 1967; x_wconf 67' lang='lat' dir='ltr'><strong>temeritate</strong></span> <span class='ocrx_word' id='word_1_166' title='bbox 1706 1919 1947 1966; x_wconf 82' lang='lat' dir='ltr'><strong>cantent-</strong></span> 
     </span>
    </p>
   </div>
   <div class='ocr_carea' id='block_1_24' title="bbox 364 2004 1943 2074">
    <p class='ocr_par' dir='ltr' id='par_1_24' title="bbox 364 2004 1943 2074">
     <span class='ocr_line' id='line_1_24' title="bbox 364 2004 1943 2074; baseline 0.003 -19"><span class='ocrx_word' id='word_1_167' title='bbox 364 2005 551 2074; x_wconf 88' lang='lat' dir='ltr'><strong>pserit,</strong></span> <span class='ocrx_word' id='word_1_168' title='bbox 584 2020 688 2057; x_wconf 91' lang='lat' dir='ltr'><strong>non</strong></span> <span class='ocrx_word' id='word_1_169' title='bbox 721 2005 822 2058; x_wconf 91' lang='lat' dir='ltr'><strong>erit</strong></span> <span class='ocrx_word' id='word_1_170' title='bbox 848 2019 877 2057; x_wconf 82' lang='lat' dir='ltr'><strong>a</strong></span> <span class='ocrx_word' id='word_1_171' title='bbox 910 2006 1019 2059; x_wconf 87' lang='lat' dir='ltr'><strong>Deo</strong></span> <span class='ocrx_word' id='word_1_172' title='bbox 1050 2006 1361 2074; x_wconf 90' lang='lat' dir='ltr'><strong>impunitus,</strong></span> <span class='ocrx_word' id='word_1_173' title='bbox 1398 2020 1569 2074; x_wconf 90' lang='lat' dir='ltr'><strong>neque</strong></span> <span class='ocrx_word' id='word_1_174' title='bbox 1596 2004 1711 2061; x_wconf 87' lang='lat' dir='ltr'><strong>sine</strong></span> <span class='ocrx_word' id='word_1_175' title='bbox 1749 2004 1943 2059; x_wconf 85' lang='lat' dir='ltr'><strong>damno</strong></span> 
     </span>
    </p>
   </div>
   <div class='ocr_carea' id='block_1_25' title="bbox 361 2093 1080 2161">
    <p class='ocr_par' dir='ltr' id='par_1_25' title="bbox 361 2093 1080 2161">
     <span class='ocr_line' id='line_1_25' title="bbox 361 2093 1080 2161; baseline -0.003 -13"><span class='ocrx_word' id='word_1_176' title='bbox 361 2094 569 2148; x_wconf 69' lang='lat' dir='ltr'><strong>caelitus</strong></span> <span class='ocrx_word' id='word_1_177' title='bbox 596 2093 844 2161; x_wconf 87' lang='lat' dir='ltr'><strong>alligatus</strong></span> <span class='ocrx_word' id='word_1_178' title='bbox 873 2094 1080 2148; x_wconf 86' lang='lat' dir='ltr'><strong>evadet.</strong></span> 
     </span>
    </p>
   </div>
   <div class='ocr_carea' id='block_1_26' title="bbox 362 2203 1941 2278">
    <p class='ocr_par' dir='ltr' id='par_1_26' title="bbox 362 2203 1941 2278">
     <span class='ocr_line' id='line_1_26' title="bbox 362 2203 1941 2278; baseline -0.003 -18"><span class='ocrx_word' id='word_1_179' title='bbox 362 2206 518 2278; x_wconf 68' lang='grc' dir='ltr'><strong>ιραω</strong></span> <span class='ocrx_word' id='word_1_180' title='bbox 544 2207 675 2275; x_wconf 76' lang='lat' dir='ltr'><strong>infra</strong></span> <span class='ocrx_word' id='word_1_181' title='bbox 723 2214 1023 2268; x_wconf 82' lang='lat' dir='ltr'><strong>narrantur,</strong></span> <span class='ocrx_word' id='word_1_182' title='bbox 1058 2206 1303 2278; x_wconf 63' lang='lat' dir='ltr'><strong>Epistoltu</strong></span> <span class='ocrx_word' id='word_1_183' title='bbox 1332 2205 1547 2260; x_wconf 72' lang='lat' dir='ltr'><strong>Joannis</strong></span> <span class='ocrx_word' id='word_1_184' title='bbox 1570 2221 1600 2257; x_wconf 93' lang='lat' dir='ltr'><strong>a</strong></span> <span class='ocrx_word' id='word_1_185' title='bbox 1629 2203 1798 2258; x_wconf 68' lang='grc' dir='ltr'><strong>Μανιδὶ</strong></span> <span class='ocrx_word' id='word_1_186' title='bbox 1822 2203 1941 2258; x_wconf 78' lang='lat' dir='ltr'><strong>sub-</strong></span> 
     </span>
    </p>
   </div>
   <div class='ocr_carea' id='block_1_27' title="bbox 979 2274 1305 2346">
    <p class='ocr_par' dir='ltr' id='par_1_27' title="bbox 979 2274 1305 2346">
     <span class='ocr_line' id='line_1_27' title="bbox 979 2274 1305 2346; baseline 0 -18"><span class='ocrx_word' id='word_1_187' title='bbox 979 2274 1115 2346; x_wconf 81' lang='lat' dir='ltr'><strong>jecttt</strong></span> <span class='ocrx_word' id='word_1_188' title='bbox 1147 2274 1305 2344; x_wconf 61' lang='lat' dir='ltr'><strong>stum]</strong></span> 
     </span>
    </p>
   </div>
   <div class='ocr_carea' id='block_1_28' title="bbox 438 2363 1936 2434">
    <p class='ocr_par' dir='ltr' id='par_1_28' title="bbox 438 2363 1936 2434">
     <span class='ocr_line' id='line_1_28' title="bbox 438 2363 1936 2434; baseline -0.003 -13"><span class='ocrx_word' id='word_1_189' title='bbox 438 2366 696 2421; x_wconf 84' lang='lat' dir='ltr'><strong>Defuncto</strong></span> <span class='ocrx_word' id='word_1_190' title='bbox 723 2382 849 2433; x_wconf 76' lang='lat' dir='ltr'><strong>ergo</strong></span> <span class='ocrx_word' id='word_1_191' title='bbox 877 2366 1097 2425; x_wconf 72' lang='lat' dir='ltr'><strong>Alli-ida,</strong></span> <span class='ocrx_word' id='word_1_192' title='bbox 1117 2366 1335 2418; x_wconf 80' lang='lat' dir='ltr'><strong>Edulfus</strong></span> <span class='ocrx_word' id='word_1_193' title='bbox 1356 2363 1936 2434; x_wconf 86' lang='lat' dir='ltr'><strong>quidam,lyrannidcm</strong></span> 
     </span>
    </p>
   </div>
   <div class='ocr_carea' id='block_1_29' title="bbox 356 2452 1938 2525">
    <p class='ocr_par' dir='ltr' id='par_1_29' title="bbox 356 2452 1938 2525">
     <span class='ocr_line' id='line_1_29' title="bbox 356 2452 1938 2525; baseline -0.004 -14"><span class='ocrx_word' id='word_1_194' title='bbox 356 2456 667 2525; x_wconf 83' lang='lat' dir='ltr'><strong>meditatus,</strong></span> <span class='ocrx_word' id='word_1_195' title='bbox 700 2458 930 2511; x_wconf 84' lang='lat' dir='ltr'><strong>furorem</strong></span> <span class='ocrx_word' id='word_1_196' title='bbox 963 2472 1169 2525; x_wconf 88' lang='lat' dir='ltr'><strong>quoque</strong></span> <span class='ocrx_word' id='word_1_197' title='bbox 1193 2458 1477 2511; x_wconf 81' lang='lat' dir='ltr'><strong>malesame</strong></span> <span class='ocrx_word' id='word_1_198' title='bbox 1507 2455 1699 2509; x_wconf 87' lang='lat' dir='ltr'><strong>mentis</strong></span> <span class='ocrx_word' id='word_1_199' title='bbox 1728 2456 1776 2506; x_wconf 92' lang='lat' dir='ltr'><strong>in</strong></span> <span class='ocrx_word' id='word_1_200' title='bbox 1804 2452 1938 2507; x_wconf 84' lang='lat' dir='ltr'><strong>Wil-</strong></span> 
     </span>
    </p>
   </div>
   <div class='ocr_carea' id='block_1_30' title="bbox 358 2544 1940 2616">
    <p class='ocr_par' dir='ltr' id='par_1_30' title="bbox 358 2544 1940 2616">
     <span class='ocr_line' id='line_1_30' title="bbox 358 2544 1940 2616; baseline -0.002 -16"><span class='ocrx_word' id='word_1_201' title='bbox 358 2547 557 2601; x_wconf 89' lang='lat' dir='ltr'><strong>fridum</strong></span> <span class='ocrx_word' id='word_1_202' title='bbox 591 2548 847 2611; x_wconf 71' lang='lat' dir='ltr'><strong>evomuit,</strong></span> <span class='ocrx_word' id='word_1_203' title='bbox 887 2547 1036 2616; x_wconf 75' lang='lat' dir='ltr'><strong>quasi</strong></span> <span class='ocrx_word' id='word_1_204' title='bbox 1074 2548 1126 2600; x_wconf 92' lang='lat' dir='ltr'><strong>in</strong></span> <span class='ocrx_word' id='word_1_205' title='bbox 1168 2546 1471 2600; x_wconf 86' lang='lat' dir='ltr'><strong>vecordiam</strong></span> <span class='ocrx_word' id='word_1_206' title='bbox 1511 2545 1698 2598; x_wconf 72' lang='lat' dir='ltr'><strong>Alfridi</strong></span> <span class='ocrx_word' id='word_1_207' title='bbox 1734 2544 1940 2611; x_wconf 76' lang='lat' dir='ltr'><strong>juratus</strong></span> 
     </span>
    </p>
   </div>
   <div class='ocr_carea' id='block_1_31' title="bbox 359 2632 1939 2705">
    <p class='ocr_par' dir='ltr' id='par_1_31' title="bbox 359 2632 1939 2705">
     <span class='ocr_line' id='line_1_31' title="bbox 359 2632 1939 2705; baseline -0.002 -14"><span class='ocrx_word' id='word_1_208' title='bbox 359 2647 526 2691; x_wconf 89' lang='lat' dir='ltr'><strong>esset.</strong></span> <span class='ocrx_word' id='word_1_209' title='bbox 557 2635 686 2690; x_wconf 87' lang='lat' dir='ltr'><strong>Cum</strong></span> <span class='ocrx_word' id='word_1_210' title='bbox 715 2638 855 2689; x_wconf 84' lang='lat' dir='ltr'><strong>enim</strong></span> <span class='ocrx_word' id='word_1_211' title='bbox 880 2652 998 2695; x_wconf 89' lang='lat' dir='ltr'><strong>eum</strong></span> <span class='ocrx_word' id='word_1_212' title='bbox 1024 2636 1282 2705; x_wconf 77' lang='lat' dir='ltr'><strong>pontifex,</strong></span> <span class='ocrx_word' id='word_1_213' title='bbox 1311 2634 1598 2704; x_wconf 85' lang='lat' dir='ltr'><strong>quondam,</strong></span> <span class='ocrx_word' id='word_1_214' title='bbox 1632 2632 1939 2689; x_wconf 82' lang='lat' dir='ltr'><strong>recordatus</strong></span> 
     </span>
    </p>
   </div>
   <div class='ocr_carea' id='block_1_32' title="bbox 360 2724 1940 2792">
    <p class='ocr_par' dir='ltr' id='par_1_32' title="bbox 360 2724 1940 2792">
     <span class='ocr_line' id='line_1_32' title="bbox 360 2724 1940 2792; baseline -0.002 -11"><span class='ocrx_word' id='word_1_215' title='bbox 360 2730 595 2781; x_wconf 86' lang='lat' dir='ltr'><strong>amicum</strong></span> <span class='ocrx_word' id='word_1_216' title='bbox 618 2742 752 2792; x_wconf 87' lang='lat' dir='ltr'><strong>esse,</strong></span> <span class='ocrx_word' id='word_1_217' title='bbox 785 2740 887 2781; x_wconf 89' lang='lat' dir='ltr'><strong>non</strong></span> <span class='ocrx_word' id='word_1_218' title='bbox 920 2727 1274 2781; x_wconf 83' lang='lat' dir='ltr'><strong>inconsultum</strong></span> <span class='ocrx_word' id='word_1_219' title='bbox 1302 2726 1589 2779; x_wconf 66' lang='lat' dir='ltr'><strong>azsznnaret</strong></span> <span class='ocrx_word' id='word_1_220' title='bbox 1618 2724 1783 2786; x_wconf 88' lang='lat' dir='ltr'><strong>adire.</strong></span> <span class='ocrx_word' id='word_1_221' title='bbox 1804 2724 1940 2778; x_wconf 86' lang='lat' dir='ltr'><strong>adeo</strong></span> 
     </span>
    </p>
   </div>
   <div class='ocr_carea' id='block_1_33' title="bbox 358 2814 1938 2884">
    <p class='ocr_par' dir='ltr' id='par_1_33' title="bbox 358 2814 1938 2884">
     <span class='ocr_line' id='line_1_33' title="bbox 358 2814 1938 2884; baseline -0.004 -9"><span class='ocrx_word' id='word_1_222' title='bbox 358 2819 559 2875; x_wconf 72' lang='lat' dir='ltr'><strong>stultus</strong></span> <span class='ocrx_word' id='word_1_223' title='bbox 589 2818 845 2883; x_wconf 77' lang='lat' dir='ltr'><strong>efferbuit,</strong></span> <span class='ocrx_word' id='word_1_224' title='bbox 872 2828 929 2871; x_wconf 92' lang='lat' dir='ltr'><strong>ut</strong></span> <span class='ocrx_word' id='word_1_225' title='bbox 958 2833 1078 2872; x_wconf 87' lang='lat' dir='ltr'><strong>eum</strong></span> <span class='ocrx_word' id='word_1_226' title='bbox 1102 2819 1353 2871; x_wconf 87' lang='lat' dir='ltr'><strong>continuo</strong></span> <span class='ocrx_word' id='word_1_227' title='bbox 1382 2816 1449 2869; x_wconf 94' lang='lat' dir='ltr'><strong>de</strong></span> <span class='ocrx_word' id='word_1_228' title='bbox 1478 2830 1641 2884; x_wconf 88' lang='lat' dir='ltr'><strong>regno</strong></span> <span class='ocrx_word' id='word_1_229' title='bbox 1665 2829 1763 2868; x_wconf 92' lang='lat' dir='ltr'><strong>suo</strong></span> <span class='ocrx_word' id='word_1_230' title='bbox 1790 2814 1938 2869; x_wconf 90' lang='lat' dir='ltr'><strong>exire</strong></span> 
     </span>
    </p>
   </div>
   <div class='ocr_carea' id='block_1_34' title="bbox 360 2907 1939 2981">
    <p class='ocr_par' dir='ltr' id='par_1_34' title="bbox 360 2907 1939 2981">
     <span class='ocr_line' id='line_1_34' title="bbox 360 2907 1939 2981; baseline -0.003 -17"><span class='ocrx_word' id='word_1_231' title='bbox 360 2912 595 2981; x_wconf 77' lang='lat' dir='ltr'><strong>iuberet,</strong></span> <span class='ocrx_word' id='word_1_232' title='bbox 636 2913 687 2964; x_wconf 88' lang='lat' dir='ltr'><strong>ni</strong></span> <span class='ocrx_word' id='word_1_233' title='bbox 721 2914 963 2965; x_wconf 90' lang='lat' dir='ltr'><strong>omnibus</strong></span> <span class='ocrx_word' id='word_1_234' title='bbox 1012 2911 1123 2964; x_wconf 89' lang='lat' dir='ltr'><strong>suis</strong></span> <span class='ocrx_word' id='word_1_235' title='bbox 1152 2910 1479 2978; x_wconf 80' lang='lat' dir='ltr'><strong>exspoliatus</strong></span> <span class='ocrx_word' id='word_1_236' title='bbox 1509 2924 1628 2962; x_wconf 92' lang='lat' dir='ltr'><strong>eum</strong></span> <span class='ocrx_word' id='word_1_237' title='bbox 1678 2907 1939 2962; x_wconf 89' lang='lat' dir='ltr'><strong>dedecore</strong></span> 
     </span>
    </p>
   </div>
   <div class='ocr_carea' id='block_1_35' title="bbox 356 3001 1941 3074">
    <p class='ocr_par' dir='ltr' id='par_1_35' title="bbox 356 3001 1941 3074">
     <span class='ocr_line' id='line_1_35' title="bbox 356 3001 1941 3074; baseline -0.005 -13"><span class='ocrx_word' id='word_1_238' title='bbox 356 3005 478 3074; x_wconf 87' lang='lat' dir='ltr'><strong>ejici</strong></span> <span class='ocrx_word' id='word_1_239' title='bbox 508 3005 687 3059; x_wconf 88' lang='lat' dir='ltr'><strong>vellet.</strong></span> <span class='ocrx_word' id='word_1_240' title='bbox 716 3004 821 3059; x_wconf 90' lang='lat' dir='ltr'><strong>Sed</strong></span> <span class='ocrx_word' id='word_1_241' title='bbox 853 3005 993 3057; x_wconf 90' lang='lat' dir='ltr'><strong>enim</strong></span> <span class='ocrx_word' id='word_1_242' title='bbox 1021 3011 1137 3071; x_wconf 89' lang='lat' dir='ltr'><strong>post</strong></span> <span class='ocrx_word' id='word_1_243' title='bbox 1163 3004 1295 3056; x_wconf 91' lang='lat' dir='ltr'><strong>duos</strong></span> <span class='ocrx_word' id='word_1_244' title='bbox 1323 3016 1533 3055; x_wconf 90' lang='lat' dir='ltr'><strong>menses</strong></span> <span class='ocrx_word' id='word_1_245' title='bbox 1558 3001 1664 3053; x_wconf 83' lang='lat' dir='ltr'><strong>vita</strong></span> <span class='ocrx_word' id='word_1_246' title='bbox 1697 3010 1750 3054; x_wconf 90' lang='lat' dir='ltr'><strong>ct</strong></span> <span class='ocrx_word' id='word_1_247' title='bbox 1773 3013 1941 3068; x_wconf 84' lang='lat' dir='ltr'><strong>regno</strong></span> 
     </span>
    </p>
   </div>
   <div class='ocr_carea' id='block_1_36' title="bbox 360 3090 1936 3165">
    <p class='ocr_par' dir='ltr' id='par_1_36' title="bbox 360 3090 1936 3165">
     <span class='ocr_line' id='line_1_36' title="bbox 360 3090 1936 3165; baseline -0.003 -18"><span class='ocrx_word' id='word_1_248' title='bbox 360 3096 640 3165; x_wconf 87' lang='lat' dir='ltr'><strong>privatus,</strong></span> <span class='ocrx_word' id='word_1_249' title='bbox 694 3095 903 3162; x_wconf 89' lang='lat' dir='ltr'><strong>captivo</strong></span> <span class='ocrx_word' id='word_1_250' title='bbox 952 3093 1254 3148; x_wconf 69' lang='lat' dir='ltr'><strong>diademate</strong></span> <span class='ocrx_word' id='word_1_251' title='bbox 1311 3091 1659 3145; x_wconf 88' lang='lat' dir='ltr'><strong>moribundus</strong></span> <span class='ocrx_word' id='word_1_252' title='bbox 1717 3090 1936 3144; x_wconf 84' lang='lat' dir='ltr'><strong>humum</strong></span> 
     </span>
    </p>
   </div>
   <div class='ocr_carea' id='block_1_37' title="bbox 354 3180 1943 3256">
    <p class='ocr_par' dir='ltr' id='par_1_37' title="bbox 354 3180 1943 3256">
     <span class='ocr_line' id='line_1_37' title="bbox 354 3180 1943 3256; baseline -0.004 -17"><span class='ocrx_word' id='word_1_253' title='bbox 354 3185 601 3256; x_wconf 82' lang='lat' dir='ltr'><strong>pulsavit,</strong></span> <span class='ocrx_word' id='word_1_254' title='bbox 636 3185 941 3253; x_wconf 88' lang='lat' dir='ltr'><strong>proceribus</strong></span> <span class='ocrx_word' id='word_1_255' title='bbox 967 3183 1113 3255; x_wconf 82' lang='lat' dir='ltr'><strong>regni</strong></span> <span class='ocrx_word' id='word_1_256' title='bbox 1142 3183 1301 3236; x_wconf 90' lang='lat' dir='ltr'><strong>lilium</strong></span> <span class='ocrx_word' id='word_1_257' title='bbox 1332 3180 1535 3236; x_wconf 88' lang='lat' dir='ltr'><strong>Alfredi</strong></span> <span class='ocrx_word' id='word_1_258' title='bbox 1567 3180 1822 3235; x_wconf 90' lang='lat' dir='ltr'><strong>Osredum</strong></span> <span class='ocrx_word' id='word_1_259' title='bbox 1850 3196 1943 3234; x_wconf 75' lang='lat' dir='ltr'><strong>so-</strong></span> 
     </span>
    </p>
   </div>
   <div class='ocr_carea' id='block_1_38' title="bbox 353 3258 1933 3347">
    <p class='ocr_par' dir='ltr' id='par_1_38' title="bbox 353 3258 1933 3347">
     <span class='ocr_line' id='line_1_38' title="bbox 353 3258 1933 3347; baseline -0.003 -14"><span class='ocrx_word' id='word_1_260' title='bbox 353 3280 427 3334; x_wconf 94' lang='lat' dir='ltr'><strong>lio</strong></span> <span class='ocrx_word' id='word_1_261' title='bbox 455 3280 898 3334; x_wconf 82' lang='lat' dir='ltr'><strong>restituentibus:</strong></span> <span class='ocrx_word' id='word_1_262' title='bbox 931 3293 1155 3347; x_wconf 80' lang='lat' dir='ltr'><strong>quorum</strong></span> <span class='ocrx_word' id='word_1_263' title='bbox 1201 3288 1256 3333; x_wconf 93' lang='lat' dir='ltr'><strong>et</strong></span> <span class='ocrx_word' id='word_1_264' title='bbox 1303 3277 1565 3331; x_wconf 84' lang='lat' dir='ltr'><strong>maximus</strong></span> <span class='ocrx_word' id='word_1_265' title='bbox 1611 3258 1715 3331; x_wconf 86' lang='lat' dir='ltr'><strong>fide</strong></span> <span class='ocrx_word' id='word_1_266' title='bbox 1752 3286 1807 3330; x_wconf 93' lang='lat' dir='ltr'><strong>et</strong></span> <span class='ocrx_word' id='word_1_267' title='bbox 1836 3290 1933 3329; x_wconf 59' lang='lat' dir='ltr'><strong>au.</strong></span> 
     </span>
    </p>
   </div>
   <div class='ocr_carea' id='block_1_39' title="bbox 353 3364 1939 3422">
    <p class='ocr_par' dir='ltr' id='par_1_39' title="bbox 353 3364 1939 3422">
     <span class='ocr_line' id='line_1_39' title="bbox 353 3364 1939 3422; baseline -0.003 -1"><span class='ocrx_word' id='word_1_268' title='bbox 353 3369 599 3422; x_wconf 89' lang='lat' dir='ltr'><strong>ctoritate</strong></span> <span class='ocrx_word' id='word_1_269' title='bbox 650 3367 979 3421; x_wconf 79' lang='lat' dir='ltr'><strong>Bertlifridus</strong></span> <span class='ocrx_word' id='word_1_270' title='bbox 1029 3367 1361 3421; x_wconf 89' lang='lat' dir='ltr'><strong>submonitus</strong></span> <span class='ocrx_word' id='word_1_271' title='bbox 1413 3380 1443 3418; x_wconf 89' lang='lat' dir='ltr'><strong>a</strong></span> <span class='ocrx_word' id='word_1_272' title='bbox 1485 3364 1823 3420; x_wconf 80' lang='lat' dir='ltr'><strong>Bertbwaldo</strong></span> <span class='ocrx_word' id='word_1_273' title='bbox 1852 3380 1939 3418; x_wconf 86' lang='lat' dir='ltr'><strong>ar-</strong></span> 
     </span>
    </p>
   </div>
   <div class='ocr_carea' id='block_1_40' title="bbox 352 3456 1937 3526">
    <p class='ocr_par' dir='ltr' id='par_1_40' title="bbox 352 3456 1937 3526">
     <span class='ocr_line' id='line_1_40' title="bbox 352 3456 1937 3526; baseline -0.003 -14"><span class='ocrx_word' id='word_1_274' title='bbox 352 3457 693 3526; x_wconf 88' lang='lat' dir='ltr'><strong>chiepiscopo</strong></span> <span class='ocrx_word' id='word_1_275' title='bbox 732 3458 1010 3512; x_wconf 90' lang='lat' dir='ltr'><strong>concilium</strong></span> <span class='ocrx_word' id='word_1_276' title='bbox 1058 3457 1109 3510; x_wconf 92' lang='lat' dir='ltr'><strong>in</strong></span> <span class='ocrx_word' id='word_1_277' title='bbox 1155 3456 1582 3510; x_wconf 83' lang='lat' dir='ltr'><strong>Nortbanimbria</strong></span> <span class='ocrx_word' id='word_1_278' title='bbox 1643 3456 1754 3508; x_wconf 85' lang='lat' dir='ltr'><strong>fieri</strong></span> <span class='ocrx_word' id='word_1_279' title='bbox 1810 3470 1937 3508; x_wconf 86' lang='lat' dir='ltr'><strong>con-</strong></span> 
     </span>
    </p>
   </div>
   <div class='ocr_carea' id='block_1_41' title="bbox 353 3545 1932 3616">
    <p class='ocr_par' dir='ltr' id='par_1_41' title="bbox 353 3545 1932 3616">
     <span class='ocr_line' id='line_1_41' title="bbox 353 3545 1932 3616; baseline -0.003 -14"><span class='ocrx_word' id='word_1_280' title='bbox 353 3550 538 3613; x_wconf 82' lang='lat' dir='ltr'><strong>sentit,</strong></span> <span class='ocrx_word' id='word_1_281' title='bbox 583 3559 639 3604; x_wconf 92' lang='lat' dir='ltr'><strong>ut</strong></span> <span class='ocrx_word' id='word_1_282' title='bbox 687 3548 897 3602; x_wconf 83' lang='lat' dir='ltr'><strong>tandem</strong></span> <span class='ocrx_word' id='word_1_283' title='bbox 947 3548 1088 3616; x_wconf 90' lang='lat' dir='ltr'><strong>justa</strong></span> <span class='ocrx_word' id='word_1_284' title='bbox 1138 3546 1370 3601; x_wconf 86' lang='lat' dir='ltr'><strong>Wilfridi</strong></span> <span class='ocrx_word' id='word_1_285' title='bbox 1419 3561 1575 3599; x_wconf 87' lang='lat' dir='ltr'><strong>causa</strong></span> <span class='ocrx_word' id='word_1_286' title='bbox 1624 3545 1932 3613; x_wconf 79' lang='lat' dir='ltr'><strong>placabilem</strong></span> 
     </span>
    </p>
   </div>
   <div class='ocr_carea' id='block_1_42' title="bbox 352 3637 1930 3709">
    <p class='ocr_par' dir='ltr' id='par_1_42' title="bbox 352 3637 1930 3709">
     <span class='ocr_line' id='line_1_42' title="bbox 352 3637 1930 3709; baseline -0.003 -16"><span class='ocrx_word' id='word_1_287' title='bbox 352 3643 640 3695; x_wconf 89' lang='lat' dir='ltr'><strong>terminum</strong></span> <span class='ocrx_word' id='word_1_288' title='bbox 672 3642 968 3709; x_wconf 81' lang='lat' dir='ltr'><strong>acciperet;</strong></span> <span class='ocrx_word' id='word_1_289' title='bbox 995 3641 1065 3694; x_wconf 89' lang='lat' dir='ltr'><strong>ibi</strong></span> <span class='ocrx_word' id='word_1_290' title='bbox 1088 3655 1150 3695; x_wconf 84' lang='lat' dir='ltr'><strong>ex</strong></span> <span class='ocrx_word' id='word_1_291' title='bbox 1176 3640 1453 3709; x_wconf 68' lang='lat' dir='ltr'><strong>prmcepiis</strong></span> <span class='ocrx_word' id='word_1_292' title='bbox 1480 3638 1784 3707; x_wconf 88' lang='lat' dir='ltr'><strong>apostolicis</strong></span> <span class='ocrx_word' id='word_1_293' title='bbox 1813 3637 1930 3691; x_wconf 88' lang='lat' dir='ltr'><strong>data</strong></span> 
     </span>
    </p>
   </div>
   <div class='ocr_carea' id='block_1_43' title="bbox 349 3732 1933 3801">
    <p class='ocr_par' dir='ltr' id='par_1_43' title="bbox 349 3732 1933 3801">
     <span class='ocr_line' id='line_1_43' title="bbox 349 3732 1933 3801; baseline -0.001 -15"><span class='ocrx_word' id='word_1_294' title='bbox 349 3742 436 3787; x_wconf 87' lang='lat' dir='ltr'><strong>est</strong></span> <span class='ocrx_word' id='word_1_295' title='bbox 462 3737 611 3801; x_wconf 89' lang='lat' dir='ltr'><strong>optio</strong></span> <span class='ocrx_word' id='word_1_296' title='bbox 640 3733 927 3801; x_wconf 80' lang='lat' dir='ltr'><strong>episcOpis,</strong></span> <span class='ocrx_word' id='word_1_297' title='bbox 959 3745 1014 3787; x_wconf 93' lang='lat' dir='ltr'><strong>ut</strong></span> <span class='ocrx_word' id='word_1_298' title='bbox 1046 3742 1137 3787; x_wconf 91' lang='lat' dir='ltr'><strong>aut</strong></span> <span class='ocrx_word' id='word_1_299' title='bbox 1164 3733 1414 3790; x_wconf 83' lang='lat' dir='ltr'><strong>Wilfrido</strong></span> <span class='ocrx_word' id='word_1_300' title='bbox 1444 3735 1497 3787; x_wconf 92' lang='lat' dir='ltr'><strong>in</strong></span> <span class='ocrx_word' id='word_1_301' title='bbox 1526 3748 1619 3787; x_wconf 90' lang='lat' dir='ltr'><strong>sua</strong></span> <span class='ocrx_word' id='word_1_302' title='bbox 1658 3732 1933 3801; x_wconf 76' lang='lat' dir='ltr'><strong>episcopa—</strong></span> 
     </span>
    </p>
   </div>
   <div class='ocr_carea' id='block_1_44' title="bbox 346 3823 1931 3892">
    <p class='ocr_par' dir='ltr' id='par_1_44' title="bbox 346 3823 1931 3892">
     <span class='ocr_line' id='line_1_44' title="bbox 346 3823 1931 3892; baseline 0.001 -16"><span class='ocrx_word' id='word_1_303' title='bbox 346 3833 439 3877; x_wconf 87' lang='lat' dir='ltr'><strong>tus</strong></span> <span class='ocrx_word' id='word_1_304' title='bbox 469 3826 597 3877; x_wconf 89' lang='lat' dir='ltr'><strong>sede</strong></span> <span class='ocrx_word' id='word_1_305' title='bbox 643 3823 917 3884; x_wconf 87' lang='lat' dir='ltr'><strong>cederent,</strong></span> <span class='ocrx_word' id='word_1_306' title='bbox 947 3832 1039 3876; x_wconf 91' lang='lat' dir='ltr'><strong>aut</strong></span> <span class='ocrx_word' id='word_1_307' title='bbox 1086 3824 1304 3877; x_wconf 79' lang='lat' dir='ltr'><strong>Romam</strong></span> <span class='ocrx_word' id='word_1_308' title='bbox 1337 3840 1433 3892; x_wconf 92' lang='lat' dir='ltr'><strong>pro</strong></span> <span class='ocrx_word' id='word_1_309' title='bbox 1469 3839 1562 3878; x_wconf 89' lang='lat' dir='ltr'><strong>sua</strong></span> <span class='ocrx_word' id='word_1_310' title='bbox 1610 3824 1931 3878; x_wconf 85' lang='lat' dir='ltr'><strong>defensanda</strong></span> 
     </span>
    </p>
   </div>
   <div class='ocr_carea' id='block_1_45' title="bbox 349 3912 1929 3980">
    <p class='ocr_par' dir='ltr' id='par_1_45' title="bbox 349 3912 1929 3980">
     <span class='ocr_line' id='line_1_45' title="bbox 349 3912 1929 3980; baseline 0.002 -17"><span class='ocrx_word' id='word_1_311' title='bbox 349 3925 517 3964; x_wconf 89' lang='lat' dir='ltr'><strong>causa</strong></span> <span class='ocrx_word' id='word_1_312' title='bbox 547 3922 847 3976; x_wconf 82' lang='lat' dir='ltr'><strong>pergerent;</strong></span> <span class='ocrx_word' id='word_1_313' title='bbox 867 3912 953 3979; x_wconf 87' lang='lat' dir='ltr'><strong>qui</strong></span> <span class='ocrx_word' id='word_1_314' title='bbox 983 3913 1067 3964; x_wconf 91' lang='lat' dir='ltr'><strong>bis</strong></span> <span class='ocrx_word' id='word_1_315' title='bbox 1088 3912 1446 3965; x_wconf 88' lang='lat' dir='ltr'><strong>resultandum</strong></span> <span class='ocrx_word' id='word_1_316' title='bbox 1472 3921 1677 3980; x_wconf 85' lang='lat' dir='ltr'><strong>putaret</strong></span> <span class='ocrx_word' id='word_1_317' title='bbox 1695 3927 1878 3966; x_wconf 81' lang='lat' dir='ltr'><strong>exsors</strong></span> <span class='ocrx_word' id='word_1_318' title='bbox 1898 3928 1929 3966; x_wconf 92' lang='lat' dir='ltr'><strong>a</strong></span> 
     </span>
    </p>
   </div>
   <div class='ocr_carea' id='block_1_46' title="bbox 346 3999 1926 4071">
    <p class='ocr_par' dir='ltr' id='par_1_46' title="bbox 346 3999 1926 4071">
     <span class='ocr_line' id='line_1_46' title="bbox 346 3999 1926 4071; baseline -0.001 -16"><span class='ocrx_word' id='word_1_319' title='bbox 346 3999 734 4055; x_wconf 88' lang='lat' dir='ltr'><strong>communione</strong></span> <span class='ocrx_word' id='word_1_320' title='bbox 758 4001 929 4056; x_wconf 73' lang='lat' dir='ltr'><strong>fieret.</strong></span> <span class='ocrx_word' id='word_1_321' title='bbox 957 4001 1233 4067; x_wconf 83' lang='lat' dir='ltr'><strong>Episcopis</strong></span> <span class='ocrx_word' id='word_1_322' title='bbox 1254 4015 1351 4053; x_wconf 89' lang='lat' dir='ltr'><strong>suo</strong></span> <span class='ocrx_word' id='word_1_323' title='bbox 1378 4016 1524 4053; x_wconf 76' lang='lat' dir='ltr'><strong>more</strong></span> <span class='ocrx_word' id='word_1_324' title='bbox 1546 4001 1926 4071; x_wconf 72' lang='lat' dir='ltr'><strong>obniti-ntibus,</strong></span> 
     </span>
    </p>
   </div>
   <div class='ocr_carea' id='block_1_47' title="bbox 346 4089 1926 4159">
    <p class='ocr_par' dir='ltr' id='par_1_47' title="bbox 346 4089 1926 4159">
     <span class='ocr_line' id='line_1_47' title="bbox 346 4089 1926 4159; baseline 0.004 -19"><span class='ocrx_word' id='word_1_325' title='bbox 346 4089 661 4147; x_wconf 81' lang='lat' dir='ltr'><strong>beatissima</strong></span> <span class='ocrx_word' id='word_1_326' title='bbox 717 4090 863 4157; x_wconf 79' lang='lat' dir='ltr'><strong>virgo</strong></span> <span class='ocrx_word' id='word_1_327' title='bbox 911 4089 1132 4155; x_wconf 78' lang='lat' dir='ltr'><strong>Elfleda,</strong></span> <span class='ocrx_word' id='word_1_328' title='bbox 1178 4103 1332 4142; x_wconf 91' lang='lat' dir='ltr'><strong>soror</strong></span> <span class='ocrx_word' id='word_1_329' title='bbox 1379 4089 1591 4154; x_wconf 82' lang='lat' dir='ltr'><strong>Alfridi,</strong></span> <span class='ocrx_word' id='word_1_330' title='bbox 1642 4091 1926 4159; x_wconf 78' lang='lat' dir='ltr'><strong>abbatissa,</strong></span> 
     </span>
    </p>
   </div>
   <div class='ocr_carea' id='block_1_48' title="bbox 346 4178 1924 4249">
    <p class='ocr_par' dir='ltr' id='par_1_48' title="bbox 346 4178 1924 4249">
     <span class='ocr_line' id='line_1_48' title="bbox 346 4178 1924 4249; baseline 0.001 -17"><span class='ocrx_word' id='word_1_331' title='bbox 346 4189 466 4249; x_wconf 88' lang='lat' dir='ltr'><strong>post</strong></span> <span class='ocrx_word' id='word_1_332' title='bbox 498 4178 707 4232; x_wconf 83' lang='lat' dir='ltr'><strong>llildam</strong></span> <span class='ocrx_word' id='word_1_333' title='bbox 738 4179 803 4231; x_wconf 93' lang='lat' dir='ltr'><strong>de</strong></span> <span class='ocrx_word' id='word_1_334' title='bbox 833 4178 1199 4242; x_wconf 76' lang='lat' dir='ltr'><strong>Sirene-bald,</strong></span> <span class='ocrx_word' id='word_1_335' title='bbox 1231 4181 1511 4231; x_wconf 87' lang='lat' dir='ltr'><strong>terminum</strong></span> <span class='ocrx_word' id='word_1_336' title='bbox 1557 4182 1768 4249; x_wconf 68' lang='lat' dir='ltr'><strong>negotio</strong></span> <span class='ocrx_word' id='word_1_337' title='bbox 1792 4184 1924 4248; x_wconf 92' lang='lat' dir='ltr'><strong>fixit,</strong></span> 
     </span>
    </p>
   </div>
   <div class='ocr_carea' id='block_1_49' title="bbox 350 4270 1921 4340">
    <p class='ocr_par' dir='ltr' id='par_1_49' title="bbox 350 4270 1921 4340">
     <span class='ocr_line' id='line_1_49' title="bbox 350 4270 1921 4340; baseline 0.003 -15"><span class='ocrx_word' id='word_1_338' title='bbox 350 4272 571 4326; x_wconf 89' lang='lat' dir='ltr'><strong>dicens:</strong></span> <span class='ocrx_word' id='word_1_339' title='bbox 603 4289 624 4325; x_wconf 85' lang='lat' dir='ltr'><strong>t</strong></span> <span class='ocrx_word' id='word_1_340' title='bbox 655 4270 894 4324; x_wconf 86' lang='lat' dir='ltr'><strong>Dimissis</strong></span> <span class='ocrx_word' id='word_1_341' title='bbox 938 4271 1269 4340; x_wconf 82' lang='lat' dir='ltr'><strong>ambagibus,</strong></span> <span class='ocrx_word' id='word_1_342' title='bbox 1320 4280 1692 4325; x_wconf 88' lang='lat' dir='ltr'><strong>testamentum</strong></span> <span class='ocrx_word' id='word_1_343' title='bbox 1744 4276 1921 4329; x_wconf 86' lang='lat' dir='ltr'><strong>fratris</strong></span> 
     </span>
    </p>
   </div>
   <div class='ocr_carea' id='block_1_50' title="bbox 348 4360 1927 4429">
    <p class='ocr_par' dir='ltr' id='par_1_50' title="bbox 348 4360 1927 4429">
     <span class='ocr_line' id='line_1_50' title="bbox 348 4360 1927 4429; baseline 0.002 -15"><span class='ocrx_word' id='word_1_344' title='bbox 348 4362 474 4422; x_wconf 90' lang='lat' dir='ltr'><strong>mei,</strong></span> <span class='ocrx_word' id='word_1_345' title='bbox 519 4361 603 4415; x_wconf 91' lang='lat' dir='ltr'><strong>cui</strong></span> <span class='ocrx_word' id='word_1_346' title='bbox 653 4375 889 4428; x_wconf 63' lang='lat' dir='ltr'><strong>praisens</strong></span> <span class='ocrx_word' id='word_1_347' title='bbox 936 4360 1172 4427; x_wconf 86' lang='lat' dir='ltr'><strong>interfui,</strong></span> <span class='ocrx_word' id='word_1_348' title='bbox 1206 4360 1441 4428; x_wconf 88' lang='lat' dir='ltr'><strong>profero,</strong></span> <span class='ocrx_word' id='word_1_349' title='bbox 1472 4362 1613 4429; x_wconf 92' lang='lat' dir='ltr'><strong>quod</strong></span> <span class='ocrx_word' id='word_1_350' title='bbox 1659 4364 1703 4416; x_wconf 89' lang='lat' dir='ltr'><strong>si</strong></span> <span class='ocrx_word' id='word_1_351' title='bbox 1732 4378 1927 4418; x_wconf 87' lang='lat' dir='ltr'><strong>conva-</strong></span> 
     </span>
    </p>
   </div>
   <div class='ocr_carea' id='block_1_51' title="bbox 347 4452 1927 4521">
    <p class='ocr_par' dir='ltr' id='par_1_51' title="bbox 347 4452 1927 4521">
     <span class='ocr_line' id='line_1_51' title="bbox 347 4452 1927 4521; baseline 0.002 -14"><span class='ocrx_word' id='word_1_352' title='bbox 347 4454 594 4515; x_wconf 83' lang='lat' dir='ltr'><strong>lesceret,</strong></span> <span class='ocrx_word' id='word_1_353' title='bbox 619 4452 766 4521; x_wconf 85' lang='lat' dir='ltr'><strong>jussa</strong></span> <span class='ocrx_word' id='word_1_354' title='bbox 799 4469 857 4507; x_wconf 87' lang='lat' dir='ltr'><strong>se</strong></span> <span class='ocrx_word' id='word_1_355' title='bbox 903 4454 1209 4521; x_wconf 64' lang='lat' dir='ltr'><strong>apostolicae</strong></span> <span class='ocrx_word' id='word_1_356' title='bbox 1258 4453 1400 4507; x_wconf 90' lang='lat' dir='ltr'><strong>sedis</strong></span> <span class='ocrx_word' id='word_1_357' title='bbox 1448 4456 1809 4509; x_wconf 86' lang='lat' dir='ltr'><strong>incunctanter</strong></span> <span class='ocrx_word' id='word_1_358' title='bbox 1848 4457 1927 4511; x_wconf 75' lang='lat' dir='ltr'><strong>fa~</strong></span> 
     </span>
    </p>
   </div>
   <div class='ocr_carea' id='block_1_52' title="bbox 346 4543 1924 4613">
    <p class='ocr_par' dir='ltr' id='par_1_52' title="bbox 346 4543 1924 4613">
     <span class='ocr_line' id='line_1_52' title="bbox 346 4543 1924 4613; baseline 0.003 -16"><span class='ocrx_word' id='word_1_359' title='bbox 346 4554 554 4598; x_wconf 87' lang='lat' dir='ltr'><strong>cturunt</strong></span> <span class='ocrx_word' id='word_1_360' title='bbox 606 4545 955 4613; x_wconf 81' lang='lat' dir='ltr'><strong>promisisse,</strong></span> <span class='ocrx_word' id='word_1_361' title='bbox 1009 4544 1089 4596; x_wconf 88' lang='lat' dir='ltr'><strong>vel</strong></span> <span class='ocrx_word' id='word_1_362' title='bbox 1138 4543 1277 4611; x_wconf 91' lang='lat' dir='ltr'><strong>quod</strong></span> <span class='ocrx_word' id='word_1_363' title='bbox 1329 4554 1499 4598; x_wconf 90' lang='lat' dir='ltr'><strong>morte</strong></span> <span class='ocrx_word' id='word_1_364' title='bbox 1539 4546 1924 4601; x_wconf 89' lang='lat' dir='ltr'><strong>interveniente</strong></span> 
     </span>
    </p>
   </div>
   <div class='ocr_carea' id='block_1_53' title="bbox 344 4634 1925 4704">
    <p class='ocr_par' dir='ltr' id='par_1_53' title="bbox 344 4634 1925 4704">
     <span class='ocr_line' id='line_1_53' title="bbox 344 4634 1925 4704; baseline 0.003 -17"><span class='ocrx_word' id='word_1_365' title='bbox 344 4634 520 4691; x_wconf 87' lang='lat' dir='ltr'><strong>facere</strong></span> <span class='ocrx_word' id='word_1_366' title='bbox 565 4636 831 4704; x_wconf 87' lang='lat' dir='ltr'><strong>nequiret,</strong></span> <span class='ocrx_word' id='word_1_367' title='bbox 868 4635 1065 4689; x_wconf 67' lang='lat' dir='ltr'><strong>barredi</strong></span> <span class='ocrx_word' id='word_1_368' title='bbox 1113 4648 1208 4690; x_wconf 86' lang='lat' dir='ltr'><strong>suo</strong></span> <span class='ocrx_word' id='word_1_369' title='bbox 1239 4634 1536 4689; x_wconf 88' lang='lat' dir='ltr'><strong>faciendum</strong></span> <span class='ocrx_word' id='word_1_370' title='bbox 1569 4637 1925 4691; x_wconf 88' lang='lat' dir='ltr'><strong>transmisisse</strong></span> 
     </span>
    </p>
   </div>
   <div class='ocr_carea' id='block_1_54' title="bbox 342 4724 1921 4796">
    <p class='ocr_par' dir='ltr' id='par_1_54' title="bbox 342 4724 1921 4796">
     <span class='ocr_line' id='line_1_54' title="bbox 342 4724 1921 4796; baseline 0.003 -17"><span class='ocrx_word' id='word_1_371' title='bbox 342 4727 742 4796; x_wconf 66' lang='lat' dir='ltr'><strong>cognoscitur.»</strong></span> <span class='ocrx_word' id='word_1_372' title='bbox 798 4726 930 4781; x_wconf 90' lang='lat' dir='ltr'><strong>Tum</strong></span> <span class='ocrx_word' id='word_1_373' title='bbox 961 4725 1233 4780; x_wconf 87' lang='lat' dir='ltr'><strong>Berfritlus</strong></span> <span class='ocrx_word' id='word_1_374' title='bbox 1258 4724 1275 4796; x_wconf 83' lang='lat'><strong>[</strong></span> <span class='ocrx_word' id='word_1_375' title='bbox 1300 4724 1692 4795; x_wconf 77' lang='lat' dir='ltr'><strong>Ilertltfrithus]</strong></span> <span class='ocrx_word' id='word_1_376' title='bbox 1750 4728 1921 4783; x_wconf 78' lang='lat' dir='ltr'><strong>verbis“</strong></span> 
     </span>
    </p>
   </div>
   <div class='ocr_carea' id='block_1_55' title="bbox 341 4814 1920 4886">
    <p class='ocr_par' dir='ltr' id='par_1_55' title="bbox 341 4814 1920 4886">
     <span class='ocr_line' id='line_1_55' title="bbox 341 4814 1920 4886; baseline 0.002 -19"><span class='ocrx_word' id='word_1_377' title='bbox 341 4815 558 4883; x_wconf 86' lang='lat' dir='ltr'><strong>virginis</strong></span> <span class='ocrx_word' id='word_1_378' title='bbox 600 4816 974 4886; x_wconf 89' lang='lat' dir='ltr'><strong>conglutinans</strong></span> <span class='ocrx_word' id='word_1_379' title='bbox 1020 4830 1115 4870; x_wconf 89' lang='lat' dir='ltr'><strong>sua</strong></span> <span class='ocrx_word' id='word_1_380' title='bbox 1150 4832 1162 4866; x_wconf 94' lang='lat'><strong>:</strong></span> <span class='ocrx_word' id='word_1_381' title='bbox 1198 4833 1216 4865; x_wconf 82' lang='lat' dir='ltr'><strong>t</strong></span> <span class='ocrx_word' id='word_1_382' title='bbox 1246 4814 1357 4882; x_wconf 82' lang='lat' dir='ltr'><strong>Ego</strong></span> <span class='ocrx_word' id='word_1_383' title='bbox 1397 4814 1721 4881; x_wconf 78' lang='lat' dir='ltr'><strong>jussionibus</strong></span> <span class='ocrx_word' id='word_1_384' title='bbox 1770 4832 1920 4885; x_wconf 73' lang='lat' dir='ltr'><strong>papa:</strong></span> 
     </span>
    </p>
   </div>
   <div class='ocr_carea' id='block_1_56' title="bbox 343 4904 1916 4975">
    <p class='ocr_par' dir='ltr' id='par_1_56' title="bbox 343 4904 1916 4975">
     <span class='ocr_line' id='line_1_56' title="bbox 343 4904 1916 4975; baseline 0.003 -18"><span class='ocrx_word' id='word_1_385' title='bbox 343 4904 696 4959; x_wconf 84' lang='lat' dir='ltr'><strong>obedieudum</strong></span> <span class='ocrx_word' id='word_1_386' title='bbox 742 4921 961 4971; x_wconf 87' lang='lat' dir='ltr'><strong>censeo,</strong></span> <span class='ocrx_word' id='word_1_387' title='bbox 1011 4905 1202 4975; x_wconf 88' lang='lat' dir='ltr'><strong>inquit,</strong></span> <span class='ocrx_word' id='word_1_388' title='bbox 1234 4907 1527 4975; x_wconf 68' lang='lat' dir='ltr'><strong>praesertim</strong></span> <span class='ocrx_word' id='word_1_389' title='bbox 1573 4922 1691 4960; x_wconf 90' lang='lat' dir='ltr'><strong>cum</strong></span> <span class='ocrx_word' id='word_1_390' title='bbox 1732 4922 1916 4962; x_wconf 90' lang='lat' dir='ltr'><strong>eorum</strong></span> 
     </span>
    </p>
   </div>
   <div class='ocr_carea' id='block_1_57' title="bbox 339 4984 1918 5066">
    <p class='ocr_par' dir='ltr' id='par_1_57' title="bbox 339 4984 1918 5066">
     <span class='ocr_line' id='line_1_57' title="bbox 339 4984 1918 5066; baseline 0.003 -18"><span class='ocrx_word' id='word_1_391' title='bbox 339 4994 524 5049; x_wconf 82' lang='lat' dir='ltr'><strong>robori</strong></span> <span class='ocrx_word' id='word_1_392' title='bbox 571 4997 789 5051; x_wconf 86' lang='lat' dir='ltr'><strong>accedat</strong></span> <span class='ocrx_word' id='word_1_393' title='bbox 835 5004 890 5051; x_wconf 91' lang='lat' dir='ltr'><strong>et</strong></span> <span class='ocrx_word' id='word_1_394' title='bbox 936 4984 1078 5065; x_wconf 83' lang='lat' dir='ltr'><strong>regis</strong></span> <span class='ocrx_word' id='word_1_395' title='bbox 1107 4999 1270 5051; x_wconf 83' lang='lat' dir='ltr'><strong>nostri</strong></span> <span class='ocrx_word' id='word_1_396' title='bbox 1297 4996 1489 5066; x_wconf 88' lang='lat' dir='ltr'><strong>jussio,</strong></span> <span class='ocrx_word' id='word_1_397' title='bbox 1519 5006 1573 5051; x_wconf 90' lang='lat' dir='ltr'><strong>et</strong></span> <span class='ocrx_word' id='word_1_398' title='bbox 1600 5006 1793 5053; x_wconf 66' lang='lat' dir='ltr'><strong>nostra:</strong></span> <span class='ocrx_word' id='word_1_399' title='bbox 1822 5014 1918 5053; x_wconf 87' lang='lat' dir='ltr'><strong>ne-</strong></span> 
     </span>
    </p>
   </div>
   <div class='ocr_carea' id='block_1_58' title="bbox 338 5087 1915 5159">
    <p class='ocr_par' dir='ltr' id='par_1_58' title="bbox 338 5087 1915 5159">
     <span class='ocr_line' id='line_1_58' title="bbox 338 5087 1915 5159; baseline 0.004 -18"><span class='ocrx_word' id='word_1_400' title='bbox 338 5087 602 5142; x_wconf 77' lang='lat' dir='ltr'><strong>cessitatis</strong></span> <span class='ocrx_word' id='word_1_401' title='bbox 648 5090 899 5158; x_wconf 86' lang='lat' dir='ltr'><strong>sponsio;</strong></span> <span class='ocrx_word' id='word_1_402' title='bbox 952 5105 1179 5159; x_wconf 79' lang='lat' dir='ltr'><strong>namque</strong></span> <span class='ocrx_word' id='word_1_403' title='bbox 1224 5090 1349 5144; x_wconf 93' lang='lat' dir='ltr'><strong>dum</strong></span> <span class='ocrx_word' id='word_1_404' title='bbox 1398 5106 1496 5146; x_wconf 85' lang='lat' dir='ltr'><strong>nos</strong></span> <span class='ocrx_word' id='word_1_405' title='bbox 1540 5101 1653 5158; x_wconf 86' lang='lat' dir='ltr'><strong>post</strong></span> <span class='ocrx_word' id='word_1_406' title='bbox 1693 5103 1915 5147; x_wconf 90' lang='lat' dir='ltr'><strong>mortem</strong></span> 
     </span>
    </p>
   </div>
   <div class='ocr_carea' id='block_1_59' title="bbox 338 5178 1916 5251">
    <p class='ocr_par' dir='ltr' id='par_1_59' title="bbox 338 5178 1916 5251">
     <span class='ocr_line' id='line_1_59' title="bbox 338 5178 1916 5251; baseline 0.003 -18"><span class='ocrx_word' id='word_1_407' title='bbox 338 5178 457 5250; x_wconf 77' lang='lat' dir='ltr'><strong>ejus</strong></span> <span class='ocrx_word' id='word_1_408' title='bbox 482 5179 711 5235; x_wconf 91' lang='lat' dir='ltr'><strong>inimicis</strong></span> <span class='ocrx_word' id='word_1_409' title='bbox 738 5181 1043 5251; x_wconf 85' lang='lat' dir='ltr'><strong>urgentibus</strong></span> <span class='ocrx_word' id='word_1_410' title='bbox 1072 5184 1123 5236; x_wconf 90' lang='lat' dir='ltr'><strong>in</strong></span> <span class='ocrx_word' id='word_1_411' title='bbox 1176 5182 1491 5238; x_wconf 88' lang='lat' dir='ltr'><strong>Bebbaburb</strong></span> <span class='ocrx_word' id='word_1_412' title='bbox 1536 5183 1724 5238; x_wconf 89' lang='lat' dir='ltr'><strong>inclusi</strong></span> <span class='ocrx_word' id='word_1_413' title='bbox 1773 5198 1916 5238; x_wconf 49' lang='lat' dir='ltr'><strong>esse.</strong></span> 
     </span>
    </p>
   </div>
   <div class='ocr_carea' id='block_1_60' title="bbox 338 5271 1917 5342">
    <p class='ocr_par' dir='ltr' id='par_1_60' title="bbox 338 5271 1917 5342">
     <span class='ocr_line' id='line_1_60' title="bbox 338 5271 1917 5342; baseline 0.003 -18"><span class='ocrx_word' id='word_1_414' title='bbox 338 5283 479 5336; x_wconf 86' lang='lat' dir='ltr'><strong>mus,</strong></span> <span class='ocrx_word' id='word_1_415' title='bbox 510 5271 563 5324; x_wconf 88' lang='lat' dir='ltr'><strong>in</strong></span> <span class='ocrx_word' id='word_1_416' title='bbox 594 5271 921 5327; x_wconf 85' lang='lat' dir='ltr'><strong>obsessionis</strong></span> <span class='ocrx_word' id='word_1_417' title='bbox 948 5283 1194 5342; x_wconf 87' lang='lat' dir='ltr'><strong>angusto,</strong></span> <span class='ocrx_word' id='word_1_418' title='bbox 1228 5274 1280 5326; x_wconf 94' lang='lat' dir='ltr'><strong>in</strong></span> <span class='ocrx_word' id='word_1_419' title='bbox 1313 5274 1434 5327; x_wconf 70' lang='lat' dir='ltr'><strong>vitte</strong></span> <span class='ocrx_word' id='word_1_420' title='bbox 1478 5274 1733 5342; x_wconf 88' lang='lat' dir='ltr'><strong>periculo,</strong></span> <span class='ocrx_word' id='word_1_421' title='bbox 1772 5276 1917 5328; x_wconf 85' lang='lat' dir='ltr'><strong>vovi-</strong></span> 
     </span>
    </p>
   </div>
   <div class='ocr_carea' id='block_1_61' title="bbox 337 5360 1919 5434">
    <p class='ocr_par' dir='ltr' id='par_1_61' title="bbox 337 5360 1919 5434">
     <span class='ocr_line' id='line_1_61' title="bbox 337 5360 1919 5434; baseline 0.003 -21"><span class='ocrx_word' id='word_1_422' title='bbox 337 5372 461 5414; x_wconf 79' lang='lat' dir='ltr'><strong>mus</strong></span> <span class='ocrx_word' id='word_1_423' title='bbox 491 5360 598 5416; x_wconf 90' lang='lat' dir='ltr'><strong>Deo</strong></span> <span class='ocrx_word' id='word_1_424' title='bbox 627 5363 938 5432; x_wconf 81' lang='lat' dir='ltr'><strong>impleturos</strong></span> <span class='ocrx_word' id='word_1_425' title='bbox 966 5380 1062 5420; x_wconf 89' lang='lat' dir='ltr'><strong>nos</strong></span> <span class='ocrx_word' id='word_1_426' title='bbox 1106 5364 1400 5434; x_wconf 83' lang='lat' dir='ltr'><strong>jussionem</strong></span> <span class='ocrx_word' id='word_1_427' title='bbox 1434 5380 1602 5433; x_wconf 68' lang='lat' dir='ltr'><strong>papae,</strong></span> <span class='ocrx_word' id='word_1_428' title='bbox 1634 5364 1679 5417; x_wconf 80' lang='lat' dir='ltr'><strong>si</strong></span> <span class='ocrx_word' id='word_1_429' title='bbox 1720 5366 1919 5433; x_wconf 90' lang='lat' dir='ltr'><strong>potuis-</strong></span> 
     </span>
    </p>
   </div>
   <div class='ocr_carea' id='block_1_62' title="bbox 334 5453 1917 5524">
    <p class='ocr_par' dir='ltr' id='par_1_62' title="bbox 334 5453 1917 5524">
     <span class='ocr_line' id='line_1_62' title="bbox 334 5453 1917 5524; baseline 0.003 -19"><span class='ocrx_word' id='word_1_430' title='bbox 334 5462 522 5507; x_wconf 85' lang='lat' dir='ltr'><strong>semus</strong></span> <span class='ocrx_word' id='word_1_431' title='bbox 560 5453 806 5511; x_wconf 87' lang='lat' dir='ltr'><strong>evadere.</strong></span> <span class='ocrx_word' id='word_1_432' title='bbox 861 5454 958 5509; x_wconf 78' lang='lat' dir='ltr'><strong>Vix</strong></span> <span class='ocrx_word' id='word_1_433' title='bbox 1017 5466 1193 5511; x_wconf 86' lang='lat' dir='ltr'><strong>votum</strong></span> <span class='ocrx_word' id='word_1_434' title='bbox 1250 5455 1594 5524; x_wconf 86' lang='lat' dir='ltr'><strong>finieramus,</strong></span> <span class='ocrx_word' id='word_1_435' title='bbox 1644 5461 1699 5510; x_wconf 89' lang='lat' dir='ltr'><strong>et</strong></span> <span class='ocrx_word' id='word_1_436' title='bbox 1747 5454 1917 5510; x_wconf 87' lang='lat' dir='ltr'><strong>fateor</strong></span> 
     </span>
    </p>
   </div>
   <div class='ocr_carea' id='block_1_63' title="bbox 2041 1011 3619 1084">
    <p class='ocr_par' dir='ltr' id='par_1_63' title="bbox 2041 1011 3619 1084">
     <span class='ocr_line' id='line_1_63' title="bbox 2041 1011 3619 1084; baseline -0.003 -15"><span class='ocrx_word' id='word_1_437' title='bbox 2041 1017 2275 1084; x_wconf 73' lang='lat' dir='ltr'><strong>gravitas</strong></span> <span class='ocrx_word' id='word_1_438' title='bbox 2306 1016 2357 1067; x_wconf 82' lang='lat' dir='ltr'><strong>in</strong></span> <span class='ocrx_word' id='word_1_439' title='bbox 2401 1014 2728 1082; x_wconf 89' lang='lat' dir='ltr'><strong>amplexum,</strong></span> <span class='ocrx_word' id='word_1_440' title='bbox 2760 1021 2815 1067; x_wconf 94' lang='lat' dir='ltr'><strong>et</strong></span> <span class='ocrx_word' id='word_1_441' title='bbox 2844 1012 3195 1067; x_wconf 91' lang='lat' dir='ltr'><strong>concordibus</strong></span> <span class='ocrx_word' id='word_1_442' title='bbox 3234 1011 3425 1065; x_wconf 85' lang='lat' dir='ltr'><strong>animis</strong></span> <span class='ocrx_word' id='word_1_443' title='bbox 3449 1026 3619 1081; x_wconf 90' lang='lat' dir='ltr'><strong>quan-</strong></span> 
     </span>
    </p>
   </div>
   <div class='ocr_carea' id='block_1_64' title="bbox 2043 1104 2794 1174">
    <p class='ocr_par' dir='ltr' id='par_1_64' title="bbox 2043 1104 2794 1174">
     <span class='ocr_line' id='line_1_64' title="bbox 2043 1104 2794 1174; baseline -0.003 -14"><span class='ocrx_word' id='word_1_444' title='bbox 2043 1117 2152 1161; x_wconf 91' lang='lat' dir='ltr'><strong>tum</strong></span> <span class='ocrx_word' id='word_1_445' title='bbox 2180 1105 2442 1174; x_wconf 89' lang='lat' dir='ltr'><strong>superfuit</strong></span> <span class='ocrx_word' id='word_1_446' title='bbox 2473 1104 2570 1158; x_wconf 68' lang='lat' dir='ltr'><strong>aevi</strong></span> <span class='ocrx_word' id='word_1_447' title='bbox 2600 1104 2794 1173; x_wconf 82' lang='lat' dir='ltr'><strong>exegit.</strong></span> 
     </span>
    </p>
   </div>
   <div class='ocr_carea' id='block_1_65' title="bbox 2119 1190 3625 1261">
    <p class='ocr_par' dir='ltr' id='par_1_65' title="bbox 2119 1190 3625 1261">
     <span class='ocr_line' id='line_1_65' title="bbox 2119 1190 3625 1261; baseline -0.001 -13"><span class='ocrx_word' id='word_1_448' title='bbox 2119 1195 2362 1250; x_wconf 87' lang='lat' dir='ltr'><strong>Dimissis</strong></span> <span class='ocrx_word' id='word_1_449' title='bbox 2393 1195 2639 1249; x_wconf 88' lang='lat' dir='ltr'><strong>Wilfrido</strong></span> <span class='ocrx_word' id='word_1_450' title='bbox 2666 1194 2874 1249; x_wconf 90' lang='lat' dir='ltr'><strong>duobus</strong></span> <span class='ocrx_word' id='word_1_451' title='bbox 2900 1193 3183 1259; x_wconf 70' lang='lat' dir='ltr'><strong>emnobiis,</strong></span> <span class='ocrx_word' id='word_1_452' title='bbox 3215 1191 3365 1261; x_wconf 82' lang='lat' dir='ltr'><strong>Ripis</strong></span> <span class='ocrx_word' id='word_1_453' title='bbox 3394 1201 3448 1249; x_wconf 89' lang='lat' dir='ltr'><strong>et</strong></span> <span class='ocrx_word' id='word_1_454' title='bbox 3485 1190 3625 1247; x_wconf 81' lang='lat' dir='ltr'><strong>lien-</strong></span> 
     </span>
    </p>
   </div>
   <div class='ocr_carea' id='block_1_66' title="bbox 2045 1283 3625 1353">
    <p class='ocr_par' dir='ltr' id='par_1_66' title="bbox 2045 1283 3625 1353">
     <span class='ocr_line' id='line_1_66' title="bbox 2045 1283 3625 1353; baseline -0.001 -16"><span class='ocrx_word' id='word_1_455' title='bbox 2045 1283 2362 1352; x_wconf 90' lang='lat' dir='ltr'><strong>gesteldein,</strong></span> <span class='ocrx_word' id='word_1_456' title='bbox 2395 1284 2483 1337; x_wconf 91' lang='lat' dir='ltr'><strong>ille</strong></span> <span class='ocrx_word' id='word_1_457' title='bbox 2518 1285 2827 1337; x_wconf 90' lang='lat' dir='ltr'><strong>inconcussa</strong></span> <span class='ocrx_word' id='word_1_458' title='bbox 2853 1298 2982 1351; x_wconf 91' lang='lat' dir='ltr'><strong>pace</strong></span> <span class='ocrx_word' id='word_1_459' title='bbox 3008 1284 3227 1353; x_wconf 90' lang='lat' dir='ltr'><strong>potitus,</strong></span> <span class='ocrx_word' id='word_1_460' title='bbox 3254 1292 3372 1352; x_wconf 90' lang='lat' dir='ltr'><strong>post</strong></span> <span class='ocrx_word' id='word_1_461' title='bbox 3398 1291 3625 1352; x_wconf 87' lang='lat' dir='ltr'><strong>quatuor</strong></span> 
     </span>
    </p>
   </div>
   <div class='ocr_carea' id='block_1_67' title="bbox 2044 1371 3617 1441">
    <p class='ocr_par' dir='ltr' id='par_1_67' title="bbox 2044 1371 3617 1441">
     <span class='ocr_line' id='line_1_67' title="bbox 2044 1371 3617 1441; baseline -0.003 -12"><span class='ocrx_word' id='word_1_462' title='bbox 2044 1375 2248 1429; x_wconf 87' lang='lat' dir='ltr'><strong>reditus</strong></span> <span class='ocrx_word' id='word_1_463' title='bbox 2293 1388 2485 1436; x_wconf 89' lang='lat' dir='ltr'><strong>annos,</strong></span> <span class='ocrx_word' id='word_1_464' title='bbox 2533 1382 2593 1427; x_wconf 91' lang='lat' dir='ltr'><strong>ut</strong></span> <span class='ocrx_word' id='word_1_465' title='bbox 2633 1371 2856 1428; x_wconf 77' lang='lat' dir='ltr'><strong>Michael</strong></span> <span class='ocrx_word' id='word_1_466' title='bbox 2899 1372 3246 1441; x_wconf 84' lang='lat' dir='ltr'><strong>arebangelus</strong></span> <span class='ocrx_word' id='word_1_467' title='bbox 3278 1371 3617 1439; x_wconf 84' lang='lat' dir='ltr'><strong>praedixerat,</strong></span> 
     </span>
    </p>
   </div>
   <div class='ocr_carea' id='block_1_68' title="bbox 2043 1462 3625 1532">
    <p class='ocr_par' dir='ltr' id='par_1_68' title="bbox 2043 1462 3625 1532">
     <span class='ocr_line' id='line_1_68' title="bbox 2043 1462 3625 1532; baseline -0.002 -13"><span class='ocrx_word' id='word_1_468' title='bbox 2043 1474 2277 1527; x_wconf 80' lang='lat' dir='ltr'><strong>tentatus</strong></span> <span class='ocrx_word' id='word_1_469' title='bbox 2305 1473 2387 1519; x_wconf 90' lang='lat' dir='ltr'><strong>est</strong></span> <span class='ocrx_word' id='word_1_470' title='bbox 2410 1465 2595 1519; x_wconf 85' lang='lat' dir='ltr'><strong>eadem</strong></span> <span class='ocrx_word' id='word_1_471' title='bbox 2628 1464 2953 1527; x_wconf 89' lang='lat' dir='ltr'><strong>infirmitate,</strong></span> <span class='ocrx_word' id='word_1_472' title='bbox 2986 1478 3088 1532; x_wconf 90' lang='lat' dir='ltr'><strong>qua</strong></span> <span class='ocrx_word' id='word_1_473' title='bbox 3118 1462 3387 1532; x_wconf 90' lang='lat' dir='ltr'><strong>quondam</strong></span> <span class='ocrx_word' id='word_1_474' title='bbox 3415 1462 3465 1516; x_wconf 92' lang='lat' dir='ltr'><strong>in</strong></span> <span class='ocrx_word' id='word_1_475' title='bbox 3496 1462 3625 1517; x_wconf 79' lang='lat' dir='ltr'><strong>Mel-</strong></span> 
     </span>
    </p>
   </div>
   <div class='ocr_carea' id='block_1_69' title="bbox 2043 1555 3623 1622">
    <p class='ocr_par' dir='ltr' id='par_1_69' title="bbox 2043 1555 3623 1622">
     <span class='ocr_line' id='line_1_69' title="bbox 2043 1555 3623 1622; baseline -0.002 -12"><span class='ocrx_word' id='word_1_476' title='bbox 2043 1557 2146 1620; x_wconf 87' lang='lat' dir='ltr'><strong>dis,</strong></span> <span class='ocrx_word' id='word_1_477' title='bbox 2181 1566 2284 1609; x_wconf 89' lang='lat' dir='ltr'><strong>tatu</strong></span> <span class='ocrx_word' id='word_1_478' title='bbox 2318 1556 2512 1622; x_wconf 82' lang='lat' dir='ltr'><strong>valide,</strong></span> <span class='ocrx_word' id='word_1_479' title='bbox 2545 1566 2600 1608; x_wconf 90' lang='lat' dir='ltr'><strong>ut</strong></span> <span class='ocrx_word' id='word_1_480' title='bbox 2627 1556 2805 1610; x_wconf 90' lang='lat' dir='ltr'><strong>subito</strong></span> <span class='ocrx_word' id='word_1_481' title='bbox 2832 1570 2993 1609; x_wconf 87' lang='lat' dir='ltr'><strong>sensu</strong></span> <span class='ocrx_word' id='word_1_482' title='bbox 3020 1567 3075 1610; x_wconf 89' lang='lat' dir='ltr'><strong>et</strong></span> <span class='ocrx_word' id='word_1_483' title='bbox 3105 1570 3233 1610; x_wconf 89' lang='lat' dir='ltr'><strong>voce</strong></span> <span class='ocrx_word' id='word_1_484' title='bbox 3260 1564 3487 1609; x_wconf 87' lang='lat' dir='ltr'><strong>careret.</strong></span> <span class='ocrx_word' id='word_1_485' title='bbox 3520 1555 3623 1609; x_wconf 85' lang='lat' dir='ltr'><strong>Sed</strong></span> 
     </span>
    </p>
   </div>
   <div class='ocr_carea' id='block_1_70' title="bbox 2041 1644 3623 1701">
    <p class='ocr_par' dir='ltr' id='par_1_70' title="bbox 2041 1644 3623 1701">
     <span class='ocr_line' id='line_1_70' title="bbox 2041 1644 3623 1701; baseline -0.001 0"><span class='ocrx_word' id='word_1_486' title='bbox 2041 1646 2154 1701; x_wconf 86' lang='lat' dir='ltr'><strong>suis</strong></span> <span class='ocrx_word' id='word_1_487' title='bbox 2175 1647 2238 1700; x_wconf 90' lang='lat' dir='ltr'><strong>ad</strong></span> <span class='ocrx_word' id='word_1_488' title='bbox 2271 1661 2390 1699; x_wconf 92' lang='lat' dir='ltr'><strong>eum</strong></span> <span class='ocrx_word' id='word_1_489' title='bbox 2422 1644 2700 1697; x_wconf 88' lang='lat' dir='ltr'><strong>orantibus</strong></span> <span class='ocrx_word' id='word_1_490' title='bbox 2728 1653 2786 1697; x_wconf 93' lang='lat' dir='ltr'><strong>ut</strong></span> <span class='ocrx_word' id='word_1_491' title='bbox 2809 1645 2997 1699; x_wconf 87' lang='lat' dir='ltr'><strong>saltem</strong></span> <span class='ocrx_word' id='word_1_492' title='bbox 3018 1645 3085 1698; x_wconf 91' lang='lat' dir='ltr'><strong>ad</strong></span> <span class='ocrx_word' id='word_1_493' title='bbox 3109 1644 3418 1699; x_wconf 83' lang='lat' dir='ltr'><strong>divisionem</strong></span> <span class='ocrx_word' id='word_1_494' title='bbox 3448 1659 3623 1699; x_wconf 89' lang='lat' dir='ltr'><strong>rerum</strong></span> 
     </span>
    </p>
   </div>
   <div class='ocr_carea' id='block_1_71' title="bbox 2042 1733 3628 1803">
    <p class='ocr_par' dir='ltr' id='par_1_71' title="bbox 2042 1733 3628 1803">
     <span class='ocr_line' id='line_1_71' title="bbox 2042 1733 3628 1803; baseline 0 -16"><span class='ocrx_word' id='word_1_495' title='bbox 2042 1748 2255 1788; x_wconf 89' lang='lat' dir='ltr'><strong>suarum</strong></span> <span class='ocrx_word' id='word_1_496' title='bbox 2292 1733 2555 1802; x_wconf 85' lang='lat' dir='ltr'><strong>loquelam</strong></span> <span class='ocrx_word' id='word_1_497' title='bbox 2604 1743 2920 1797; x_wconf 88' lang='lat' dir='ltr'><strong>mereretur,</strong></span> <span class='ocrx_word' id='word_1_498' title='bbox 2955 1737 3243 1802; x_wconf 89' lang='lat' dir='ltr'><strong>resumpsit</strong></span> <span class='ocrx_word' id='word_1_499' title='bbox 3292 1734 3537 1803; x_wconf 90' lang='lat' dir='ltr'><strong>ingenue,</strong></span> <span class='ocrx_word' id='word_1_500' title='bbox 3569 1742 3628 1787; x_wconf 91' lang='lat' dir='ltr'><strong>ut</strong></span> 
     </span>
    </p>
   </div>
   <div class='ocr_carea' id='block_1_72' title="bbox 2041 1822 3626 1897">
    <p class='ocr_par' dir='ltr' id='par_1_72' title="bbox 2041 1822 3626 1897">
     <span class='ocr_line' id='line_1_72' title="bbox 2041 1822 3626 1897; baseline -0.001 -18"><span class='ocrx_word' id='word_1_501' title='bbox 2041 1834 2115 1897; x_wconf 50' lang='lat' dir='ltr'><strong>et.</strong></span> <span class='ocrx_word' id='word_1_502' title='bbox 2136 1825 2443 1892; x_wconf 70' lang='lat' dir='ltr'><strong>loqueretur</strong></span> <span class='ocrx_word' id='word_1_503' title='bbox 2472 1822 2746 1890; x_wconf 87' lang='lat' dir='ltr'><strong>continuo,</strong></span> <span class='ocrx_word' id='word_1_504' title='bbox 2779 1832 2831 1875; x_wconf 88' lang='lat' dir='ltr'><strong>et</strong></span> <span class='ocrx_word' id='word_1_505' title='bbox 2875 1832 2993 1890; x_wconf 91' lang='lat' dir='ltr'><strong>post</strong></span> <span class='ocrx_word' id='word_1_506' title='bbox 3038 1822 3151 1876; x_wconf 91' lang='lat' dir='ltr'><strong>dies</strong></span> <span class='ocrx_word' id='word_1_507' title='bbox 3199 1823 3405 1888; x_wconf 86' lang='lat' dir='ltr'><strong>salutis,</strong></span> <span class='ocrx_word' id='word_1_508' title='bbox 3446 1824 3626 1891; x_wconf 82' lang='lat' dir='ltr'><strong>vigore</strong></span> 
     </span>
    </p>
   </div>
   <div class='ocr_carea' id='block_1_73' title="bbox 2041 1912 3621 1985">
    <p class='ocr_par' dir='ltr' id='par_1_73' title="bbox 2041 1912 3621 1985">
     <span class='ocr_line' id='line_1_73' title="bbox 2041 1912 3621 1985; baseline -0.001 -17"><span class='ocrx_word' id='word_1_509' title='bbox 2041 1914 2245 1977; x_wconf 87' lang='lat' dir='ltr'><strong>refuso,</strong></span> <span class='ocrx_word' id='word_1_510' title='bbox 2277 1923 2463 1967; x_wconf 88' lang='lat' dir='ltr'><strong>cuneta</strong></span> <span class='ocrx_word' id='word_1_511' title='bbox 2495 1914 2605 1967; x_wconf 89' lang='lat' dir='ltr'><strong>loca</strong></span> <span class='ocrx_word' id='word_1_512' title='bbox 2652 1927 2746 1966; x_wconf 90' lang='lat' dir='ltr'><strong>sua</strong></span> <span class='ocrx_word' id='word_1_513' title='bbox 2796 1912 2969 1967; x_wconf 87' lang='lat' dir='ltr'><strong>obiret</strong></span> <span class='ocrx_word' id='word_1_514' title='bbox 3001 1912 3134 1985; x_wconf 82' lang='grc' dir='ltr'><strong>[Αι.,</strong></span> <span class='ocrx_word' id='word_1_515' title='bbox 3185 1912 3461 1984; x_wconf 88' lang='lat' dir='ltr'><strong>ambiret];</strong></span> <span class='ocrx_word' id='word_1_516' title='bbox 3491 1923 3621 1976; x_wconf 90' lang='lat' dir='ltr'><strong>tum,</strong></span> 
     </span>
    </p>
   </div>
   <div class='ocr_carea' id='block_1_74' title="bbox 2043 2003 3622 2074">
    <p class='ocr_par' dir='ltr' id='par_1_74' title="bbox 2043 2003 3622 2074">
     <span class='ocr_line' id='line_1_74' title="bbox 2043 2003 3622 2074; baseline -0.002 -16"><span class='ocrx_word' id='word_1_517' title='bbox 2043 2020 2140 2074; x_wconf 92' lang='lat' dir='ltr'><strong>pro</strong></span> <span class='ocrx_word' id='word_1_518' title='bbox 2169 2003 2531 2072; x_wconf 77' lang='lat' dir='ltr'><strong>frequentibus</strong></span> <span class='ocrx_word' id='word_1_519' title='bbox 2560 2004 2786 2068; x_wconf 89' lang='lat' dir='ltr'><strong>morbis,</strong></span> <span class='ocrx_word' id='word_1_520' title='bbox 2813 2004 2999 2058; x_wconf 70' lang='lat' dir='ltr'><strong>vicina:</strong></span> <span class='ocrx_word' id='word_1_521' title='bbox 3045 2004 3231 2057; x_wconf 91' lang='lat' dir='ltr'><strong>mortis</strong></span> <span class='ocrx_word' id='word_1_522' title='bbox 3272 2018 3375 2057; x_wconf 92' lang='lat' dir='ltr'><strong>non</strong></span> <span class='ocrx_word' id='word_1_523' title='bbox 3408 2003 3622 2068; x_wconf 85' lang='lat' dir='ltr'><strong>dubius,</strong></span> 
     </span>
    </p>
   </div>
   <div class='ocr_carea' id='block_1_75' title="bbox 2044 2092 3625 2162">
    <p class='ocr_par' dir='ltr' id='par_1_75' title="bbox 2044 2092 3625 2162">
     <span class='ocr_line' id='line_1_75' title="bbox 2044 2092 3625 2162; baseline 0.001 -16"><span class='ocrx_word' id='word_1_524' title='bbox 2044 2093 2303 2162; x_wconf 77' lang='lat' dir='ltr'><strong>quidquid</strong></span> <span class='ocrx_word' id='word_1_525' title='bbox 2330 2104 2453 2146; x_wconf 86' lang='lat' dir='ltr'><strong>ante</strong></span> <span class='ocrx_word' id='word_1_526' title='bbox 2499 2094 2552 2145; x_wconf 91' lang='lat' dir='ltr'><strong>in</strong></span> <span class='ocrx_word' id='word_1_527' title='bbox 2583 2092 2844 2160; x_wconf 88' lang='lat' dir='ltr'><strong>aliquibus</strong></span> <span class='ocrx_word' id='word_1_528' title='bbox 2882 2093 3036 2146; x_wconf 86' lang='lat' dir='ltr'><strong>bonis</strong></span> <span class='ocrx_word' id='word_1_529' title='bbox 3076 2094 3303 2159; x_wconf 87' lang='lat' dir='ltr'><strong>lepidius</strong></span> <span class='ocrx_word' id='word_1_530' title='bbox 3329 2094 3521 2148; x_wconf 80' lang='lat' dir='ltr'><strong>fecisse</strong></span> <span class='ocrx_word' id='word_1_531' title='bbox 3548 2093 3625 2147; x_wconf 79' lang='lat' dir='ltr'><strong>vi-</strong></span> 
     </span>
    </p>
   </div>
   <div class='ocr_carea' id='block_1_76' title="bbox 2045 2182 3624 2251">
    <p class='ocr_par' dir='ltr' id='par_1_76' title="bbox 2045 2182 3624 2251">
     <span class='ocr_line' id='line_1_76' title="bbox 2045 2182 3624 2251; baseline 0.001 -16"><span class='ocrx_word' id='word_1_532' title='bbox 2045 2182 2267 2237; x_wconf 86' lang='lat' dir='ltr'><strong>debatur</strong></span> <span class='ocrx_word' id='word_1_533' title='bbox 2320 2182 2636 2251; x_wconf 89' lang='lat' dir='ltr'><strong>supplevit,</strong></span> <span class='ocrx_word' id='word_1_534' title='bbox 2698 2184 3010 2251; x_wconf 68' lang='lat' dir='ltr'><strong>prmpositos</strong></span> <span class='ocrx_word' id='word_1_535' title='bbox 3065 2184 3311 2238; x_wconf 89' lang='lat' dir='ltr'><strong>omnibus</strong></span> <span class='ocrx_word' id='word_1_536' title='bbox 3366 2184 3624 2239; x_wconf 64' lang='lat' dir='ltr'><strong>coenobiis</strong></span> 
     </span>
    </p>
   </div>
   <div class='ocr_carea' id='block_1_77' title="bbox 1970 2256 3621 2342">
    <p class='ocr_par' dir='ltr' id='par_1_77' title="bbox 1970 2256 3621 2342">
     <span class='ocr_line' id='line_1_77' title="bbox 1970 2256 3621 2342; baseline 0.001 -16"><span class='ocrx_word' id='word_1_537' title='bbox 1970 2256 2017 2315; x_wconf 81' lang='grc' dir='ltr'><strong>Β</strong></span> <span class='ocrx_word' id='word_1_538' title='bbox 2044 2271 2339 2337; x_wconf 89' lang='lat' dir='ltr'><strong>ordinavit,</strong></span> <span class='ocrx_word' id='word_1_539' title='bbox 2389 2286 2543 2342; x_wconf 84' lang='lat' dir='ltr'><strong>gazas</strong></span> <span class='ocrx_word' id='word_1_540' title='bbox 2588 2272 2640 2325; x_wconf 91' lang='lat' dir='ltr'><strong>in</strong></span> <span class='ocrx_word' id='word_1_541' title='bbox 2686 2281 2909 2339; x_wconf 89' lang='lat' dir='ltr'><strong>quatuor</strong></span> <span class='ocrx_word' id='word_1_542' title='bbox 2938 2272 3152 2340; x_wconf 87' lang='lat' dir='ltr'><strong>divisit,</strong></span> <span class='ocrx_word' id='word_1_543' title='bbox 3200 2288 3379 2335; x_wconf 86' lang='lat' dir='ltr'><strong>unam,</strong></span> <span class='ocrx_word' id='word_1_544' title='bbox 3411 2288 3464 2327; x_wconf 88' lang='lat' dir='ltr'><strong>et</strong></span> <span class='ocrx_word' id='word_1_545' title='bbox 3504 2288 3621 2328; x_wconf 90' lang='lat' dir='ltr'><strong>eam</strong></span> 
     </span>
    </p>
   </div>
   <div class='ocr_carea' id='block_1_78' title="bbox 2040 2364 3623 2434">
    <p class='ocr_par' dir='ltr' id='par_1_78' title="bbox 2040 2364 3623 2434">
     <span class='ocr_line' id='line_1_78' title="bbox 2040 2364 3623 2434; baseline 0.001 -16"><span class='ocrx_word' id='word_1_546' title='bbox 2040 2364 2316 2432; x_wconf 81' lang='lat' dir='ltr'><strong>Optimam,</strong></span> <span class='ocrx_word' id='word_1_547' title='bbox 2344 2365 2639 2433; x_wconf 90' lang='lat' dir='ltr'><strong>portionem</strong></span> <span class='ocrx_word' id='word_1_548' title='bbox 2658 2364 2909 2417; x_wconf 76' lang='lat' dir='ltr'><strong>Romana:</strong></span> <span class='ocrx_word' id='word_1_549' title='bbox 2934 2364 3160 2419; x_wconf 86' lang='lat' dir='ltr'><strong>dandam</strong></span> <span class='ocrx_word' id='word_1_550' title='bbox 3184 2365 3452 2431; x_wconf 61' lang='lat' dir='ltr'><strong>Ecclesiae,</strong></span> <span class='ocrx_word' id='word_1_551' title='bbox 3472 2368 3623 2434; x_wconf 84' lang='lat' dir='ltr'><strong>cujus</strong></span> 
     </span>
    </p>
   </div>
   <div class='ocr_carea' id='block_1_79' title="bbox 2039 2454 3623 2524">
    <p class='ocr_par' dir='ltr' id='par_1_79' title="bbox 2039 2454 3623 2524">
     <span class='ocr_line' id='line_1_79' title="bbox 2039 2454 3623 2524; baseline 0.001 -17"><span class='ocrx_word' id='word_1_552' title='bbox 2039 2455 2352 2515; x_wconf 79' lang='lat' dir='ltr'><strong>auctoritate</strong></span> <span class='ocrx_word' id='word_1_553' title='bbox 2380 2454 2587 2507; x_wconf 91' lang='lat' dir='ltr'><strong>cunctis</strong></span> <span class='ocrx_word' id='word_1_554' title='bbox 2616 2469 2829 2522; x_wconf 88' lang='lat' dir='ltr'><strong>semper</strong></span> <span class='ocrx_word' id='word_1_555' title='bbox 2878 2455 3082 2522; x_wconf 88' lang='lat' dir='ltr'><strong>injuriis</strong></span> <span class='ocrx_word' id='word_1_556' title='bbox 3129 2466 3406 2524; x_wconf 77' lang='lat' dir='ltr'><strong>exemptus</strong></span> <span class='ocrx_word' id='word_1_557' title='bbox 3448 2467 3499 2510; x_wconf 91' lang='lat' dir='ltr'><strong>et</strong></span> <span class='ocrx_word' id='word_1_558' title='bbox 3529 2457 3623 2509; x_wconf 86' lang='lat' dir='ltr'><strong>lto-</strong></span> 
     </span>
    </p>
   </div>
   <div class='ocr_carea' id='block_1_80' title="bbox 2040 2544 3624 2614">
    <p class='ocr_par' dir='ltr' id='par_1_80' title="bbox 2040 2544 3624 2614">
     <span class='ocr_line' id='line_1_80' title="bbox 2040 2544 3624 2614; baseline 0 -15"><span class='ocrx_word' id='word_1_559' title='bbox 2040 2544 2265 2599; x_wconf 86' lang='lat' dir='ltr'><strong>noribus</strong></span> <span class='ocrx_word' id='word_1_560' title='bbox 2317 2544 2592 2598; x_wconf 73' lang='lat' dir='ltr'><strong>resututus</strong></span> <span class='ocrx_word' id='word_1_561' title='bbox 2642 2544 2820 2606; x_wconf 87' lang='lat' dir='ltr'><strong>fuerit,</strong></span> <span class='ocrx_word' id='word_1_562' title='bbox 2873 2545 3010 2612; x_wconf 88' lang='lat' dir='ltr'><strong>quod</strong></span> <span class='ocrx_word' id='word_1_563' title='bbox 3062 2556 3116 2600; x_wconf 91' lang='lat' dir='ltr'><strong>et</strong></span> <span class='ocrx_word' id='word_1_564' title='bbox 3156 2560 3253 2614; x_wconf 90' lang='lat' dir='ltr'><strong>per</strong></span> <span class='ocrx_word' id='word_1_565' title='bbox 3302 2560 3360 2599; x_wconf 88' lang='lat' dir='ltr'><strong>se</strong></span> <span class='ocrx_word' id='word_1_566' title='bbox 3405 2546 3624 2612; x_wconf 88' lang='lat' dir='ltr'><strong>implere</strong></span> 
     </span>
    </p>
   </div>
   <div class='ocr_carea' id='block_1_81' title="bbox 2038 2635 3618 2708">
    <p class='ocr_par' dir='ltr' id='par_1_81' title="bbox 2038 2635 3618 2708">
     <span class='ocr_line' id='line_1_81' title="bbox 2038 2635 3618 2708; baseline 0.003 -20"><span class='ocrx_word' id='word_1_567' title='bbox 2038 2635 2280 2706; x_wconf 84' lang='lat' dir='ltr'><strong>quamvis</strong></span> <span class='ocrx_word' id='word_1_568' title='bbox 2308 2637 2459 2689; x_wconf 84' lang='lat' dir='ltr'><strong>annis</strong></span> <span class='ocrx_word' id='word_1_569' title='bbox 2487 2636 2665 2703; x_wconf 87' lang='lat' dir='ltr'><strong>gravis</strong></span> <span class='ocrx_word' id='word_1_570' title='bbox 2708 2636 3076 2702; x_wconf 90' lang='lat' dir='ltr'><strong>meditaretur,</strong></span> <span class='ocrx_word' id='word_1_571' title='bbox 3134 2637 3233 2692; x_wconf 85' lang='lat' dir='ltr'><strong>nisi</strong></span> <span class='ocrx_word' id='word_1_572' title='bbox 3268 2638 3433 2692; x_wconf 86' lang='lat' dir='ltr'><strong>ferrea</strong></span> <span class='ocrx_word' id='word_1_573' title='bbox 3468 2640 3618 2708; x_wconf 88' lang='lat' dir='ltr'><strong>quies</strong></span> 
     </span>
    </p>
   </div>
   <div class='ocr_carea' id='block_1_82' title="bbox 2037 2724 3622 2796">
    <p class='ocr_par' dir='ltr' id='par_1_82' title="bbox 2037 2724 3622 2796">
     <span class='ocr_line' id='line_1_82' title="bbox 2037 2724 3622 2796; baseline 0 -16"><span class='ocrx_word' id='word_1_574' title='bbox 2037 2726 2359 2794; x_wconf 77' lang='lat' dir='ltr'><strong>cogitantem</strong></span> <span class='ocrx_word' id='word_1_575' title='bbox 2389 2724 2743 2793; x_wconf 83' lang='lat' dir='ltr'><strong>atiticlparet;</strong></span> <span class='ocrx_word' id='word_1_576' title='bbox 2772 2727 3061 2783; x_wconf 74' lang='lat' dir='ltr'><strong>secundam</strong></span> <span class='ocrx_word' id='word_1_577' title='bbox 3102 2729 3421 2796; x_wconf 86' lang='lat' dir='ltr'><strong>pauperibus</strong></span> <span class='ocrx_word' id='word_1_578' title='bbox 3450 2769 3465 2791; x_wconf 95' lang='lat'><strong>,</strong></span> <span class='ocrx_word' id='word_1_579' title='bbox 3518 2738 3622 2782; x_wconf 84' lang='lat' dir='ltr'><strong>ter-</strong></span> 
     </span>
    </p>
   </div>
   <div class='ocr_carea' id='block_1_83' title="bbox 2042 2815 3625 2886">
    <p class='ocr_par' dir='ltr' id='par_1_83' title="bbox 2042 2815 3625 2886">
     <span class='ocr_line' id='line_1_83' title="bbox 2042 2815 3625 2886; baseline 0.003 -19"><span class='ocrx_word' id='word_1_580' title='bbox 2042 2817 2165 2869; x_wconf 86' lang='lat' dir='ltr'><strong>tiam</strong></span> <span class='ocrx_word' id='word_1_581' title='bbox 2195 2815 2561 2870; x_wconf 65' lang='lat' dir='ltr'><strong>coenobiorum</strong></span> <span class='ocrx_word' id='word_1_582' title='bbox 2596 2817 2897 2883; x_wconf 54' lang='lat' dir='ltr'><strong>praepositis</strong></span> <span class='ocrx_word' id='word_1_583' title='bbox 2924 2816 3204 2886; x_wconf 86' lang='lat' dir='ltr'><strong>delegavit,</strong></span> <span class='ocrx_word' id='word_1_584' title='bbox 3233 2833 3335 2886; x_wconf 88' lang='lat' dir='ltr'><strong>qua</strong></span> <span class='ocrx_word' id='word_1_585' title='bbox 3361 2818 3625 2883; x_wconf 84' lang='lat' dir='ltr'><strong>potentio-</strong></span> 
     </span>
    </p>
   </div>
   <div class='ocr_carea' id='block_1_84' title="bbox 2040 2907 3622 2978">
    <p class='ocr_par' dir='ltr' id='par_1_84' title="bbox 2040 2907 3622 2978">
     <span class='ocr_line' id='line_1_84' title="bbox 2040 2907 3622 2978; baseline 0.002 -18"><span class='ocrx_word' id='word_1_586' title='bbox 2040 2922 2155 2961; x_wconf 84' lang='lat' dir='ltr'><strong>rum</strong></span> <span class='ocrx_word' id='word_1_587' title='bbox 2184 2907 2473 2962; x_wconf 86' lang='lat' dir='ltr'><strong>amicitiam</strong></span> <span class='ocrx_word' id='word_1_588' title='bbox 2504 2907 2849 2970; x_wconf 89' lang='lat' dir='ltr'><strong>redimereut,</strong></span> <span class='ocrx_word' id='word_1_589' title='bbox 2882 2922 2983 2975; x_wconf 90' lang='lat' dir='ltr'><strong>qua</strong></span> <span class='ocrx_word' id='word_1_590' title='bbox 3024 2908 3416 2961; x_wconf 89' lang='lat' dir='ltr'><strong>contrariorum</strong></span> <span class='ocrx_word' id='word_1_591' title='bbox 3456 2908 3622 2978; x_wconf 88' lang='lat' dir='ltr'><strong>impe-</strong></span> 
     </span>
    </p>
   </div>
   <div class='ocr_carea' id='block_1_85' title="bbox 2041 2998 3620 3069">
    <p class='ocr_par' dir='ltr' id='par_1_85' title="bbox 2041 2998 3620 3069">
     <span class='ocr_line' id='line_1_85' title="bbox 2041 2998 3620 3069; baseline -0.003 -13"><span class='ocrx_word' id='word_1_592' title='bbox 2041 3012 2147 3056; x_wconf 89' lang='lat' dir='ltr'><strong>tum</strong></span> <span class='ocrx_word' id='word_1_593' title='bbox 2173 3000 2560 3069; x_wconf 69' lang='lat' dir='ltr'><strong>refringi-rent;</strong></span> <span class='ocrx_word' id='word_1_594' title='bbox 2594 3008 2836 3067; x_wconf 89' lang='lat' dir='ltr'><strong>quartam</strong></span> <span class='ocrx_word' id='word_1_595' title='bbox 2866 2999 2971 3052; x_wconf 89' lang='lat' dir='ltr'><strong>illis</strong></span> <span class='ocrx_word' id='word_1_596' title='bbox 2995 3000 3107 3067; x_wconf 87' lang='lat' dir='ltr'><strong>qui,</strong></span> <span class='ocrx_word' id='word_1_597' title='bbox 3137 2998 3378 3053; x_wconf 83' lang='lat' dir='ltr'><strong>laborum</strong></span> <span class='ocrx_word' id='word_1_598' title='bbox 3406 3014 3620 3053; x_wconf 90' lang='lat' dir='ltr'><strong>suorum</strong></span> 
     </span>
    </p>
   </div>
   <div class='ocr_carea' id='block_1_86' title="bbox 2040 3088 3622 3159">
    <p class='ocr_par' dir='ltr' id='par_1_86' title="bbox 2040 3088 3622 3159">
     <span class='ocr_line' id='line_1_86' title="bbox 2040 3088 3622 3159; baseline -0.004 -12"><span class='ocrx_word' id='word_1_599' title='bbox 2040 3092 2297 3148; x_wconf 85' lang='lat' dir='ltr'><strong>individui</strong></span> <span class='ocrx_word' id='word_1_600' title='bbox 2320 3093 2567 3153; x_wconf 85' lang='lat' dir='ltr'><strong>comites.</strong></span> <span class='ocrx_word' id='word_1_601' title='bbox 2599 3090 2823 3149; x_wconf 87' lang='lat' dir='ltr'><strong>necdum</strong></span> <span class='ocrx_word' id='word_1_602' title='bbox 2859 3100 3029 3145; x_wconf 87' lang='lat' dir='ltr'><strong>terras</strong></span> <span class='ocrx_word' id='word_1_603' title='bbox 3056 3088 3246 3159; x_wconf 87' lang='lat' dir='ltr'><strong>quibus</strong></span> <span class='ocrx_word' id='word_1_604' title='bbox 3276 3104 3335 3144; x_wconf 89' lang='lat' dir='ltr'><strong>se</strong></span> <span class='ocrx_word' id='word_1_605' title='bbox 3360 3098 3622 3144; x_wconf 84' lang='lat' dir='ltr'><strong>sustenta-</strong></span> 
     </span>
    </p>
   </div>
   <div class='ocr_carea' id='block_1_87' title="bbox 2039 3180 3617 3253">
    <p class='ocr_par' dir='ltr' id='par_1_87' title="bbox 2039 3180 3617 3253">
     <span class='ocr_line' id='line_1_87' title="bbox 2039 3180 3617 3253; baseline -0.005 -14"><span class='ocrx_word' id='word_1_606' title='bbox 2039 3194 2157 3239; x_wconf 73' lang='lat' dir='ltr'><strong>rent</strong></span> <span class='ocrx_word' id='word_1_607' title='bbox 2202 3192 2535 3253; x_wconf 72' lang='lat' dir='ltr'><strong>acceperant.</strong></span> <span class='ocrx_word' id='word_1_608' title='bbox 2589 3182 2678 3236; x_wconf 90' lang='lat' dir='ltr'><strong>Sic</strong></span> <span class='ocrx_word' id='word_1_609' title='bbox 2721 3192 2939 3248; x_wconf 86' lang='lat' dir='ltr'><strong>accepta</strong></span> <span class='ocrx_word' id='word_1_610' title='bbox 2967 3181 3180 3235; x_wconf 86' lang='lat' dir='ltr'><strong>licentia</strong></span> <span class='ocrx_word' id='word_1_611' title='bbox 3223 3196 3252 3233; x_wconf 92' lang='lat' dir='ltr'><strong>a</strong></span> <span class='ocrx_word' id='word_1_612' title='bbox 3283 3180 3617 3249; x_wconf 80' lang='lat' dir='ltr'><strong>Ripensibus,</strong></span> 
     </span>
    </p>
   </div>
   <div class='ocr_carea' id='block_1_88' title="bbox 2038 3272 3620 3345">
    <p class='ocr_par' dir='ltr' id='par_1_88' title="bbox 2038 3272 3620 3345">
     <span class='ocr_line' id='line_1_88' title="bbox 2038 3272 3620 3345; baseline -0.004 -16"><span class='ocrx_word' id='word_1_613' title='bbox 2038 3290 2171 3345; x_wconf 87' lang='lat' dir='ltr'><strong>quos</strong></span> <span class='ocrx_word' id='word_1_614' title='bbox 2216 3277 2483 3344; x_wconf 82' lang='lat' dir='ltr'><strong>prtecipuo</strong></span> <span class='ocrx_word' id='word_1_615' title='bbox 2538 3289 2751 3342; x_wconf 86' lang='lat' dir='ltr'><strong>semper</strong></span> <span class='ocrx_word' id='word_1_616' title='bbox 2801 3289 2984 3327; x_wconf 85' lang='lat' dir='ltr'><strong>amore</strong></span> <span class='ocrx_word' id='word_1_617' title='bbox 3029 3275 3284 3338; x_wconf 90' lang='lat' dir='ltr'><strong>coluerat,</strong></span> <span class='ocrx_word' id='word_1_618' title='bbox 3317 3284 3367 3327; x_wconf 89' lang='lat' dir='ltr'><strong>et</strong></span> <span class='ocrx_word' id='word_1_619' title='bbox 3415 3272 3620 3327; x_wconf 75' lang='lat' dir='ltr'><strong>cteteris</strong></span> 
     </span>
    </p>
   </div>
   <div class='ocr_carea' id='block_1_89' title="bbox 2037 3362 3615 3433">
    <p class='ocr_par' dir='ltr' id='par_1_89' title="bbox 2037 3362 3615 3433">
     <span class='ocr_line' id='line_1_89' title="bbox 2037 3362 3615 3433; baseline -0.003 -14"><span class='ocrx_word' id='word_1_620' title='bbox 2037 3365 2489 3430; x_wconf 76' lang='lat' dir='ltr'><strong>Nortlianlmbris,</strong></span> <span class='ocrx_word' id='word_1_621' title='bbox 2520 3364 2585 3418; x_wconf 89' lang='lat' dir='ltr'><strong>ad</strong></span> <span class='ocrx_word' id='word_1_622' title='bbox 2615 3365 2935 3433; x_wconf 86' lang='lat' dir='ltr'><strong>colloquium</strong></span> <span class='ocrx_word' id='word_1_623' title='bbox 2965 3364 3172 3418; x_wconf 87' lang='lat' dir='ltr'><strong>Celredi</strong></span> <span class='ocrx_word' id='word_1_624' title='bbox 3199 3366 3338 3432; x_wconf 83' lang='lat' dir='ltr'><strong>regis</strong></span> <span class='ocrx_word' id='word_1_625' title='bbox 3393 3362 3615 3417; x_wconf 85' lang='lat' dir='ltr'><strong>Mercio-</strong></span> 
     </span>
    </p>
   </div>
   <div class='ocr_carea' id='block_1_90' title="bbox 2038 3455 3617 3526">
    <p class='ocr_par' dir='ltr' id='par_1_90' title="bbox 2038 3455 3617 3526">
     <span class='ocr_line' id='line_1_90' title="bbox 2038 3455 3617 3526; baseline -0.003 -17"><span class='ocrx_word' id='word_1_626' title='bbox 2038 3471 2153 3510; x_wconf 89' lang='lat' dir='ltr'><strong>rum</strong></span> <span class='ocrx_word' id='word_1_627' title='bbox 2179 3471 2285 3526; x_wconf 89' lang='lat' dir='ltr'><strong>quo</strong></span> <span class='ocrx_word' id='word_1_628' title='bbox 2311 3456 2650 3521; x_wconf 87' lang='lat' dir='ltr'><strong>invitabatur,</strong></span> <span class='ocrx_word' id='word_1_629' title='bbox 2680 3455 2833 3509; x_wconf 92' lang='lat' dir='ltr'><strong>simul</strong></span> <span class='ocrx_word' id='word_1_630' title='bbox 2866 3465 2920 3508; x_wconf 92' lang='lat' dir='ltr'><strong>ut</strong></span> <span class='ocrx_word' id='word_1_631' title='bbox 2947 3464 2999 3509; x_wconf 87' lang='lat' dir='ltr'><strong>et</strong></span> <span class='ocrx_word' id='word_1_632' title='bbox 3028 3455 3464 3508; x_wconf 82' lang='lat' dir='ltr'><strong>niniiasteriorum</strong></span> <span class='ocrx_word' id='word_1_633' title='bbox 3495 3467 3617 3507; x_wconf 83' lang='lat' dir='ltr'><strong>suo-</strong></span> 
     </span>
    </p>
   </div>
   <div class='ocr_carea' id='block_1_91' title="bbox 2039 3544 3612 3618">
    <p class='ocr_par' dir='ltr' id='par_1_91' title="bbox 2039 3544 3612 3618">
     <span class='ocr_line' id='line_1_91' title="bbox 2039 3544 3612 3618; baseline -0.005 -15"><span class='ocrx_word' id='word_1_634' title='bbox 2039 3563 2178 3616; x_wconf 85' lang='lat' dir='ltr'><strong>rum,</strong></span> <span class='ocrx_word' id='word_1_635' title='bbox 2210 3563 2326 3618; x_wconf 74' lang='lat' dir='ltr'><strong>qua:</strong></span> <span class='ocrx_word' id='word_1_636' title='bbox 2366 3546 2418 3601; x_wconf 92' lang='lat' dir='ltr'><strong>in</strong></span> <span class='ocrx_word' id='word_1_637' title='bbox 2449 3547 2534 3601; x_wconf 91' lang='lat' dir='ltr'><strong>illa</strong></span> <span class='ocrx_word' id='word_1_638' title='bbox 2580 3546 2791 3615; x_wconf 81' lang='lat' dir='ltr'><strong>regione</strong></span> <span class='ocrx_word' id='word_1_639' title='bbox 2820 3546 3043 3614; x_wconf 89' lang='lat' dir='ltr'><strong>plurima</strong></span> <span class='ocrx_word' id='word_1_640' title='bbox 3094 3559 3186 3612; x_wconf 91' lang='lat' dir='ltr'><strong>per</strong></span> <span class='ocrx_word' id='word_1_641' title='bbox 3233 3544 3612 3613; x_wconf 87' lang='lat' dir='ltr'><strong>indulgentiam</strong></span> 
     </span>
    </p>
   </div>
   <div class='ocr_carea' id='block_1_92' title="bbox 2038 3639 3615 3711">
    <p class='ocr_par' dir='ltr' id='par_1_92' title="bbox 2038 3639 3615 3711">
     <span class='ocr_line' id='line_1_92' title="bbox 2038 3639 3615 3711; baseline -0.004 -16"><span class='ocrx_word' id='word_1_642' title='bbox 2038 3657 2221 3711; x_wconf 83' lang='lat' dir='ltr'><strong>regum</strong></span> <span class='ocrx_word' id='word_1_643' title='bbox 2253 3641 2575 3704; x_wconf 88' lang='lat' dir='ltr'><strong>instituerat,</strong></span> <span class='ocrx_word' id='word_1_644' title='bbox 2606 3640 2836 3707; x_wconf 87' lang='lat' dir='ltr'><strong>quietem</strong></span> <span class='ocrx_word' id='word_1_645' title='bbox 2870 3647 3197 3709; x_wconf 86' lang='lat' dir='ltr'><strong>procuraret,</strong></span> <span class='ocrx_word' id='word_1_646' title='bbox 3228 3639 3493 3706; x_wconf 90' lang='lat' dir='ltr'><strong>profectus</strong></span> <span class='ocrx_word' id='word_1_647' title='bbox 3512 3645 3615 3691; x_wconf 88' lang='lat' dir='ltr'><strong>est.</strong></span> 
     </span>
    </p>
   </div>
   <div class='ocr_carea' id='block_1_93' title="bbox 2034 3728 3615 3801">
    <p class='ocr_par' dir='ltr' id='par_1_93' title="bbox 2034 3728 3615 3801">
     <span class='ocr_line' id='line_1_93' title="bbox 2034 3728 3615 3801; baseline -0.003 -18"><span class='ocrx_word' id='word_1_648' title='bbox 2034 3729 2107 3784; x_wconf 91' lang='lat' dir='ltr'><strong>lbi</strong></span> <span class='ocrx_word' id='word_1_649' title='bbox 2136 3745 2264 3801; x_wconf 89' lang='lat' dir='ltr'><strong>ergo</strong></span> <span class='ocrx_word' id='word_1_650' title='bbox 2310 3729 2513 3783; x_wconf 91' lang='lat' dir='ltr'><strong>cunctis</strong></span> <span class='ocrx_word' id='word_1_651' title='bbox 2560 3728 2796 3782; x_wconf 74' lang='lat' dir='ltr'><strong>cirtuitis</strong></span> <span class='ocrx_word' id='word_1_652' title='bbox 2837 3729 3116 3790; x_wconf 40' lang='lat' dir='ltr'><strong>et&#39;auetis,</strong></span> <span class='ocrx_word' id='word_1_653' title='bbox 3149 3736 3334 3779; x_wconf 82' lang='lat' dir='ltr'><strong>exacto</strong></span> <span class='ocrx_word' id='word_1_654' title='bbox 3382 3741 3523 3780; x_wconf 91' lang='lat' dir='ltr'><strong>anno</strong></span> <span class='ocrx_word' id='word_1_655' title='bbox 3559 3736 3615 3779; x_wconf 91' lang='lat' dir='ltr'><strong>et</strong></span> 
     </span>
    </p>
   </div>
   <div class='ocr_carea' id='block_1_94' title="bbox 2033 3814 3606 3890">
    <p class='ocr_par' dir='ltr' id='par_1_94' title="bbox 2033 3814 3606 3890">
     <span class='ocr_line' id='line_1_94' title="bbox 2033 3814 3606 3890; baseline -0.008 -13"><span class='ocrx_word' id='word_1_656' title='bbox 2033 3824 2195 3878; x_wconf 90' lang='lat' dir='ltr'><strong>semis</strong></span> <span class='ocrx_word' id='word_1_657' title='bbox 2239 3830 2519 3890; x_wconf 90' lang='lat' dir='ltr'><strong>postquam</strong></span> <span class='ocrx_word' id='word_1_658' title='bbox 2569 3819 2806 3873; x_wconf 89' lang='lat' dir='ltr'><strong>secundo</strong></span> <span class='ocrx_word' id='word_1_659' title='bbox 2854 3816 3077 3886; x_wconf 74' lang='lat' dir='ltr'><strong>proximi</strong></span> <span class='ocrx_word' id='word_1_660' title='bbox 3110 3815 3286 3868; x_wconf 92' lang='lat' dir='ltr'><strong>obitus</strong></span> <span class='ocrx_word' id='word_1_661' title='bbox 3316 3814 3488 3867; x_wconf 91' lang='lat' dir='ltr'><strong>fuerat</strong></span> <span class='ocrx_word' id='word_1_662' title='bbox 3516 3814 3606 3867; x_wconf 89' lang='lat' dir='ltr'><strong>ad-</strong></span> 
     </span>
    </p>
   </div>
   <div class='ocr_carea' id='block_1_95' title="bbox 2033 3905 3613 3979">
    <p class='ocr_par' dir='ltr' id='par_1_95' title="bbox 2033 3905 3613 3979">
     <span class='ocr_line' id='line_1_95' title="bbox 2033 3905 3613 3979; baseline -0.006 -10"><span class='ocrx_word' id='word_1_663' title='bbox 2033 3914 2283 3977; x_wconf 88' lang='lat' dir='ltr'><strong>monitus,</strong></span> <span class='ocrx_word' id='word_1_664' title='bbox 2308 3912 2444 3979; x_wconf 91' lang='lat' dir='ltr'><strong>apud</strong></span> <span class='ocrx_word' id='word_1_665' title='bbox 2476 3911 2702 3965; x_wconf 89' lang='lat' dir='ltr'><strong>insulam</strong></span> <span class='ocrx_word' id='word_1_666' title='bbox 2733 3907 3070 3969; x_wconf 86' lang='lat' dir='ltr'><strong>Inundalum,</strong></span> <span class='ocrx_word' id='word_1_667' title='bbox 3097 3906 3346 3975; x_wconf 88' lang='lat' dir='ltr'><strong>languore</strong></span> <span class='ocrx_word' id='word_1_668' title='bbox 3376 3905 3613 3961; x_wconf 88' lang='lat' dir='ltr'><strong>irruente</strong></span> 
     </span>
    </p>
   </div>
   <div class='ocr_carea' id='block_1_96' title="bbox 2031 3997 3613 4074">
    <p class='ocr_par' dir='ltr' id='par_1_96' title="bbox 2031 3997 3613 4074">
     <span class='ocr_line' id='line_1_96' title="bbox 2031 3997 3613 4074; baseline -0.005 -16"><span class='ocrx_word' id='word_1_669' title='bbox 2031 4006 2293 4074; x_wconf 87' lang='lat' dir='ltr'><strong>agitatus,</strong></span> <span class='ocrx_word' id='word_1_670' title='bbox 2339 4010 2637 4057; x_wconf 89' lang='lat' dir='ltr'><strong>extremum</strong></span> <span class='ocrx_word' id='word_1_671' title='bbox 2686 4000 2826 4054; x_wconf 90' lang='lat' dir='ltr'><strong>diem</strong></span> <span class='ocrx_word' id='word_1_672' title='bbox 2878 3998 2980 4053; x_wconf 87' lang='lat' dir='ltr'><strong>sibi</strong></span> <span class='ocrx_word' id='word_1_673' title='bbox 3025 3998 3191 4052; x_wconf 86' lang='lat' dir='ltr'><strong>sensit</strong></span> <span class='ocrx_word' id='word_1_674' title='bbox 3234 3997 3443 4063; x_wconf 90' lang='lat' dir='ltr'><strong>adesse,</strong></span> <span class='ocrx_word' id='word_1_675' title='bbox 3477 4011 3613 4065; x_wconf 84' lang='lat' dir='ltr'><strong>pau-</strong></span> 
     </span>
    </p>
   </div>
   <div class='ocr_carea' id='block_1_97' title="bbox 2031 4083 3607 4164">
    <p class='ocr_par' dir='ltr' id='par_1_97' title="bbox 2031 4083 3607 4164">
     <span class='ocr_line' id='line_1_97' title="bbox 2031 4083 3607 4164; baseline -0.006 -13"><span class='ocrx_word' id='word_1_676' title='bbox 2031 4098 2233 4164; x_wconf 89' lang='lat' dir='ltr'><strong>cisque,</strong></span> <span class='ocrx_word' id='word_1_677' title='bbox 2262 4103 2516 4164; x_wconf 90' lang='lat' dir='ltr'><strong>quantum</strong></span> <span class='ocrx_word' id='word_1_678' title='bbox 2563 4093 2701 4147; x_wconf 87' lang='lat' dir='ltr'><strong>vires</strong></span> <span class='ocrx_word' id='word_1_679' title='bbox 2734 4091 3101 4160; x_wconf 76' lang='lat' dir='ltr'><strong>Suppetebant,</strong></span> <span class='ocrx_word' id='word_1_680' title='bbox 3137 4083 3394 4142; x_wconf 82' lang='lat' dir='ltr'><strong>allocutus</strong></span> <span class='ocrx_word' id='word_1_681' title='bbox 3445 4088 3607 4152; x_wconf 81' lang='lat' dir='ltr'><strong>ﬁlios,</strong></span> 
     </span>
    </p>
   </div>
   <div class='ocr_carea' id='block_1_98' title="bbox 2031 4178 3608 4255">
    <p class='ocr_par' dir='ltr' id='par_1_98' title="bbox 2031 4178 3608 4255">
     <span class='ocr_line' id='line_1_98' title="bbox 2031 4178 3608 4255; baseline -0.005 -15"><span class='ocrx_word' id='word_1_682' title='bbox 2031 4201 2341 4255; x_wconf 90' lang='lat' dir='ltr'><strong>sacramque</strong></span> <span class='ocrx_word' id='word_1_683' title='bbox 2389 4183 2810 4239; x_wconf 85' lang='lat' dir='ltr'><strong>benedictionem</strong></span> <span class='ocrx_word' id='word_1_684' title='bbox 2860 4182 3203 4251; x_wconf 88' lang='lat' dir='ltr'><strong>impertiens,</strong></span> <span class='ocrx_word' id='word_1_685' title='bbox 3278 4178 3490 4249; x_wconf 86' lang='lat' dir='ltr'><strong>omnis,</strong></span> <span class='ocrx_word' id='word_1_686' title='bbox 3551 4190 3608 4233; x_wconf 93' lang='lat' dir='ltr'><strong>ut</strong></span> 
     </span>
    </p>
   </div>
   <div class='ocr_carea' id='block_1_99' title="bbox 2029 4269 3607 4343">
    <p class='ocr_par' dir='ltr' id='par_1_99' title="bbox 2029 4269 3607 4343">
     <span class='ocr_line' id='line_1_99' title="bbox 2029 4269 3607 4343; baseline -0.003 -15"><span class='ocrx_word' id='word_1_687' title='bbox 2029 4275 2325 4339; x_wconf 87' lang='lat' dir='ltr'><strong>videbatur,</strong></span> <span class='ocrx_word' id='word_1_688' title='bbox 2348 4290 2540 4343; x_wconf 79' lang='lat' dir='ltr'><strong>expers</strong></span> <span class='ocrx_word' id='word_1_689' title='bbox 2567 4273 2802 4342; x_wconf 87' lang='lat' dir='ltr'><strong>angoris,</strong></span> <span class='ocrx_word' id='word_1_690' title='bbox 2830 4275 2987 4326; x_wconf 89' lang='lat' dir='ltr'><strong>linem</strong></span> <span class='ocrx_word' id='word_1_691' title='bbox 3020 4272 3188 4336; x_wconf 88' lang='lat' dir='ltr'><strong>inivit,</strong></span> <span class='ocrx_word' id='word_1_692' title='bbox 3212 4271 3475 4325; x_wconf 90' lang='lat' dir='ltr'><strong>recensito</strong></span> <span class='ocrx_word' id='word_1_693' title='bbox 3496 4269 3607 4339; x_wconf 91' lang='lat' dir='ltr'><strong>jam</strong></span> 
     </span>
    </p>
   </div>
   <div class='ocr_carea' id='block_1_100' title="bbox 2029 4357 3609 4433">
    <p class='ocr_par' dir='ltr' id='par_1_100' title="bbox 2029 4357 3609 4433">
     <span class='ocr_line' id='line_1_100' title="bbox 2029 4357 3609 4433; baseline -0.005 -15"><span class='ocrx_word' id='word_1_694' title='bbox 2029 4381 2058 4418; x_wconf 93' lang='lat' dir='ltr'><strong>a</strong></span> <span class='ocrx_word' id='word_1_695' title='bbox 2090 4365 2366 4420; x_wconf 83' lang='lat' dir='ltr'><strong>monachis</strong></span> <span class='ocrx_word' id='word_1_696' title='bbox 2386 4364 2634 4433; x_wconf 89' lang='lat' dir='ltr'><strong>psalterio</strong></span> <span class='ocrx_word' id='word_1_697' title='bbox 2668 4377 2835 4431; x_wconf 91' lang='lat' dir='ltr'><strong>usque</strong></span> <span class='ocrx_word' id='word_1_698' title='bbox 2856 4361 2920 4415; x_wconf 93' lang='lat' dir='ltr'><strong>ad</strong></span> <span class='ocrx_word' id='word_1_699' title='bbox 2945 4362 3091 4415; x_wconf 92' lang='lat' dir='ltr'><strong>illum</strong></span> <span class='ocrx_word' id='word_1_700' title='bbox 3125 4374 3339 4414; x_wconf 91' lang='lat' dir='ltr'><strong>versum</strong></span> <span class='ocrx_word' id='word_1_701' title='bbox 3374 4377 3384 4411; x_wconf 90' lang='lat'>:</span> <span class='ocrx_word' id='word_1_702' title='bbox 3418 4357 3609 4411; x_wconf 80' lang='lat' dir='ltr'><strong>Emitte</strong></span> 
     </span>
    </p>
   </div>
   <div class='ocr_carea' id='block_1_101' title="bbox 2028 4454 3605 4527">
    <p class='ocr_par' dir='ltr' id='par_1_101' title="bbox 2028 4454 3605 4527">
     <span class='ocr_line' id='line_1_101' title="bbox 2028 4454 3605 4527; baseline -0.003 -16"><span class='ocrx_word' id='word_1_703' title='bbox 2028 4459 2261 4527; x_wconf 84' lang='lat' dir='ltr'><strong>spiritum</strong></span> <span class='ocrx_word' id='word_1_704' title='bbox 2291 4466 2457 4523; x_wconf 88' lang='lat' dir='ltr'><strong>tuum,</strong></span> <span class='ocrx_word' id='word_1_705' title='bbox 2484 4465 2528 4510; x_wconf 87' lang='lat' dir='ltr'><strong>et</strong></span> <span class='ocrx_word' id='word_1_706' title='bbox 2557 4458 2859 4510; x_wconf 86' lang='lat' dir='ltr'><strong>creabuntur</strong></span> <span class='ocrx_word' id='word_1_707' title='bbox 2891 4454 3062 4524; x_wconf 81' lang='lat' dir='ltr'><strong>(Psal.</strong></span> <span class='ocrx_word' id='word_1_708' title='bbox 3114 4455 3247 4524; x_wconf 82' lang='lat' dir='ltr'><strong>Clit),</strong></span> <span class='ocrx_word' id='word_1_709' title='bbox 3274 4464 3379 4509; x_wconf 89' lang='lat' dir='ltr'><strong>etc.</strong></span> <span class='ocrx_word' id='word_1_710' title='bbox 3413 4454 3605 4508; x_wconf 81' lang='lat' dir='ltr'><strong>Exces-</strong></span> 
     </span>
    </p>
   </div>
   <div class='ocr_carea' id='block_1_102' title="bbox 2026 4542 3606 4616">
    <p class='ocr_par' dir='ltr' id='par_1_102' title="bbox 2026 4542 3606 4616">
     <span class='ocr_line' id='line_1_102' title="bbox 2026 4542 3606 4616; baseline -0.004 -13"><span class='ocrx_word' id='word_1_711' title='bbox 2026 4551 2096 4603; x_wconf 91' lang='lat' dir='ltr'><strong>sit</strong></span> <span class='ocrx_word' id='word_1_712' title='bbox 2121 4562 2261 4602; x_wconf 92' lang='lat' dir='ltr'><strong>anno</strong></span> <span class='ocrx_word' id='word_1_713' title='bbox 2286 4549 2456 4601; x_wconf 71' lang='lat' dir='ltr'><strong>aetatis</strong></span> <span class='ocrx_word' id='word_1_714' title='bbox 2482 4545 2576 4613; x_wconf 83' lang='grc'><strong>76,</strong></span> <span class='ocrx_word' id='word_1_715' title='bbox 2610 4547 2945 4616; x_wconf 86' lang='lat' dir='ltr'><strong>episcopatus</strong></span> <span class='ocrx_word' id='word_1_716' title='bbox 2971 4543 3038 4598; x_wconf 68' lang='grc'><strong>46</strong></span> <span class='ocrx_word' id='word_1_717' title='bbox 3069 4562 3082 4599; x_wconf 90' lang='lat'><strong>:</strong></span> <span class='ocrx_word' id='word_1_718' title='bbox 3115 4547 3195 4599; x_wconf 87' lang='lat' dir='ltr'><strong>vir</strong></span> <span class='ocrx_word' id='word_1_719' title='bbox 3249 4560 3343 4614; x_wconf 92' lang='lat' dir='ltr'><strong>pro</strong></span> <span class='ocrx_word' id='word_1_720' title='bbox 3382 4542 3606 4613; x_wconf 50' lang='lat' dir='ltr'><strong>justiti»</strong></span> 
     </span>
    </p>
   </div>
   <div class='ocr_carea' id='block_1_103' title="bbox 2028 4634 3601 4708">
    <p class='ocr_par' dir='ltr' id='par_1_103' title="bbox 2028 4634 3601 4708">
     <span class='ocr_line' id='line_1_103' title="bbox 2028 4634 3601 4708; baseline -0.006 -14"><span class='ocrx_word' id='word_1_721' title='bbox 2028 4643 2217 4695; x_wconf 90' lang='lat' dir='ltr'><strong>merito</strong></span> <span class='ocrx_word' id='word_1_722' title='bbox 2244 4640 2425 4693; x_wconf 90' lang='lat' dir='ltr'><strong>multis</strong></span> <span class='ocrx_word' id='word_1_723' title='bbox 2448 4638 2677 4708; x_wconf 89' lang='lat' dir='ltr'><strong>jactatus</strong></span> <span class='ocrx_word' id='word_1_724' title='bbox 2705 4637 2972 4707; x_wconf 84' lang='lat' dir='ltr'><strong>periculis,</strong></span> <span class='ocrx_word' id='word_1_725' title='bbox 3008 4637 3198 4705; x_wconf 78' lang='lat' dir='ltr'><strong>quique</strong></span> <span class='ocrx_word' id='word_1_726' title='bbox 3248 4635 3300 4689; x_wconf 92' lang='lat' dir='ltr'><strong>in</strong></span> <span class='ocrx_word' id='word_1_727' title='bbox 3350 4634 3479 4702; x_wconf 89' lang='lat' dir='ltr'><strong>ipsis</strong></span> <span class='ocrx_word' id='word_1_728' title='bbox 3505 4648 3601 4687; x_wconf 42' lang='lat' dir='ltr'><strong>exs</strong></span> 
     </span>
    </p>
   </div>
   <div class='ocr_carea' id='block_1_104' title="bbox 2027 4723 3600 4795">
    <p class='ocr_par' dir='ltr' id='par_1_104' title="bbox 2027 4723 3600 4795">
     <span class='ocr_line' id='line_1_104' title="bbox 2027 4723 3600 4795; baseline -0.006 -9"><span class='ocrx_word' id='word_1_729' title='bbox 2027 4732 2161 4787; x_wconf 90' lang='lat' dir='ltr'><strong>siliis</strong></span> <span class='ocrx_word' id='word_1_730' title='bbox 2191 4748 2295 4787; x_wconf 90' lang='lat' dir='ltr'><strong>non</strong></span> <span class='ocrx_word' id='word_1_731' title='bbox 2330 4733 2442 4787; x_wconf 92' lang='lat' dir='ltr'><strong>otio</strong></span> <span class='ocrx_word' id='word_1_732' title='bbox 2473 4731 2703 4795; x_wconf 90' lang='lat' dir='ltr'><strong>deditus,</strong></span> <span class='ocrx_word' id='word_1_733' title='bbox 2735 4730 2830 4785; x_wconf 89' lang='lat' dir='ltr'><strong>sed</strong></span> <span class='ocrx_word' id='word_1_734' title='bbox 2865 4728 3125 4784; x_wconf 71' lang='lat' dir='ltr'><strong>emnobiis</strong></span> <span class='ocrx_word' id='word_1_735' title='bbox 3175 4736 3229 4781; x_wconf 93' lang='lat' dir='ltr'><strong>et</strong></span> <span class='ocrx_word' id='word_1_736' title='bbox 3280 4723 3600 4795; x_wconf 80' lang='lat' dir='ltr'><strong>episcopali-</strong></span> 
     </span>
    </p>
   </div>
   <div class='ocr_carea' id='block_1_105' title="bbox 2026 4814 3595 4895">
    <p class='ocr_par' dir='ltr' id='par_1_105' title="bbox 2026 4814 3595 4895">
     <span class='ocr_line' id='line_1_105' title="bbox 2026 4814 3595 4895; baseline -0.008 -18"><span class='ocrx_word' id='word_1_737' title='bbox 2026 4824 2123 4879; x_wconf 87' lang='lat' dir='ltr'><strong>bus</strong></span> <span class='ocrx_word' id='word_1_738' title='bbox 2175 4821 2794 4895; x_wconf 17' lang='lat' dir='ltr'><strong>l&#39;undandiskindustrius</strong></span> <span class='ocrx_word' id='word_1_739' title='bbox 2842 4827 3021 4885; x_wconf 90' lang='lat' dir='ltr'><strong>esset;</strong></span> <span class='ocrx_word' id='word_1_740' title='bbox 3071 4818 3279 4887; x_wconf 87' lang='lat' dir='ltr'><strong>egregie</strong></span> <span class='ocrx_word' id='word_1_741' title='bbox 3330 4815 3502 4869; x_wconf 89' lang='lat' dir='ltr'><strong>factus</strong></span> <span class='ocrx_word' id='word_1_742' title='bbox 3529 4814 3595 4866; x_wconf 86' lang='lat' dir='ltr'><strong>ad</strong></span> 
     </span>
    </p>
   </div>
   <div class='ocr_carea' id='block_1_106' title="bbox 2026 4908 3601 4986">
    <p class='ocr_par' dir='ltr' id='par_1_106' title="bbox 2026 4908 3601 4986">
     <span class='ocr_line' id='line_1_106' title="bbox 2026 4908 3601 4986; baseline -0.011 -14"><span class='ocrx_word' id='word_1_743' title='bbox 2026 4914 2434 4986; x_wconf 89' lang='lat' dir='ltr'><strong>promerendam</strong></span> <span class='ocrx_word' id='word_1_744' title='bbox 2462 4913 2686 4985; x_wconf 88' lang='lat' dir='ltr'><strong>gratiam</strong></span> <span class='ocrx_word' id='word_1_745' title='bbox 2719 4910 3016 4981; x_wconf 88' lang='lat' dir='ltr'><strong>principum</strong></span> <span class='ocrx_word' id='word_1_746' title='bbox 3074 4908 3209 4975; x_wconf 91' lang='lat' dir='ltr'><strong>apud</strong></span> <span class='ocrx_word' id='word_1_747' title='bbox 3262 4919 3393 4973; x_wconf 90' lang='lat' dir='ltr'><strong>quos</strong></span> <span class='ocrx_word' id='word_1_748' title='bbox 3443 4916 3601 4956; x_wconf 82' lang='lat' dir='ltr'><strong>exsu-</strong></span> 
     </span>
    </p>
   </div>
   <div class='ocr_carea' id='block_1_107' title="bbox 2024 4990 3599 5075">
    <p class='ocr_par' dir='ltr' id='par_1_107' title="bbox 2024 4990 3599 5075">
     <span class='ocr_line' id='line_1_107' title="bbox 2024 4990 3599 5075; baseline -0.011 -14"><span class='ocrx_word' id='word_1_749' title='bbox 2024 5007 2179 5075; x_wconf 91' lang='lat' dir='ltr'><strong>laret,</strong></span> <span class='ocrx_word' id='word_1_750' title='bbox 2212 5007 2458 5075; x_wconf 86' lang='lat' dir='ltr'><strong>idemque</strong></span> <span class='ocrx_word' id='word_1_751' title='bbox 2490 5019 2585 5074; x_wconf 91' lang='lat' dir='ltr'><strong>pro</strong></span> <span class='ocrx_word' id='word_1_752' title='bbox 2616 5004 2794 5072; x_wconf 86' lang='lat' dir='ltr'><strong>rigore</strong></span> <span class='ocrx_word' id='word_1_753' title='bbox 2814 4998 3035 5067; x_wconf 74' lang='lat' dir='ltr'><strong>justitiae</strong></span> <span class='ocrx_word' id='word_1_754' title='bbox 3066 4992 3425 5061; x_wconf 89' lang='lat' dir='ltr'><strong>compatriotis</strong></span> <span class='ocrx_word' id='word_1_755' title='bbox 3452 4990 3599 5063; x_wconf 89' lang='lat' dir='ltr'><strong>regi-</strong></span> 
     </span>
    </p>
   </div>
   <div class='ocr_carea' id='block_1_108' title="bbox 2021 5082 3597 5162">
    <p class='ocr_par' dir='ltr' id='par_1_108' title="bbox 2021 5082 3597 5162">
     <span class='ocr_line' id='line_1_108' title="bbox 2021 5082 3597 5162; baseline -0.01 -10"><span class='ocrx_word' id='word_1_756' title='bbox 2021 5097 2120 5152; x_wconf 88' lang='lat' dir='ltr'><strong>bus</strong></span> <span class='ocrx_word' id='word_1_757' title='bbox 2146 5096 2379 5153; x_wconf 86' lang='lat' dir='ltr'><strong>odiosus.</strong></span> <span class='ocrx_word' id='word_1_758' title='bbox 2408 5092 2639 5162; x_wconf 80' lang='lat' dir='ltr'><strong>Reliquit</strong></span> <span class='ocrx_word' id='word_1_759' title='bbox 2662 5086 2905 5148; x_wconf 78' lang='lat' dir='ltr'><strong>cmuobia</strong></span> <span class='ocrx_word' id='word_1_760' title='bbox 2929 5092 3056 5155; x_wconf 89' lang='lat' dir='ltr'><strong>quot</strong></span> <span class='ocrx_word' id='word_1_761' title='bbox 3082 5082 3277 5151; x_wconf 91' lang='lat' dir='ltr'><strong>nullus,</strong></span> <span class='ocrx_word' id='word_1_762' title='bbox 3300 5096 3417 5152; x_wconf 67' lang='lat' dir='ltr'><strong>qua:</strong></span> <span class='ocrx_word' id='word_1_763' title='bbox 3450 5082 3597 5137; x_wconf 89' lang='lat' dir='ltr'><strong>solus</strong></span> 
     </span>
    </p>
   </div>
   <div class='ocr_carea' id='block_1_109' title="bbox 2020 5176 3597 5258">
    <p class='ocr_par' dir='ltr' id='par_1_109' title="bbox 2020 5176 3597 5258">
     <span class='ocr_line' id='line_1_109' title="bbox 2020 5176 3597 5258; baseline -0.007 -18"><span class='ocrx_word' id='word_1_764' title='bbox 2020 5196 2397 5258; x_wconf 76' lang='lat' dir='ltr'><strong>aggregaverat</strong></span> <span class='ocrx_word' id='word_1_765' title='bbox 2428 5226 2444 5253; x_wconf 93' lang='lat'><strong>,</strong></span> <span class='ocrx_word' id='word_1_766' title='bbox 2501 5183 2683 5237; x_wconf 90' lang='lat' dir='ltr'><strong>multis</strong></span> <span class='ocrx_word' id='word_1_767' title='bbox 2725 5179 2968 5235; x_wconf 90' lang='lat' dir='ltr'><strong>dividens</strong></span> <span class='ocrx_word' id='word_1_768' title='bbox 3022 5178 3342 5235; x_wconf 58' lang='lat' dir='ltr'><strong>heredibus.</strong></span> <span class='ocrx_word' id='word_1_769' title='bbox 3391 5176 3597 5245; x_wconf 82' lang='lat' dir='ltr'><strong>Corpus</strong></span> 
     </span>
    </p>
   </div>
   <div class='ocr_carea' id='block_1_110' title="bbox 2020 5267 3594 5349">
    <p class='ocr_par' dir='ltr' id='par_1_110' title="bbox 2020 5267 3594 5349">
     <span class='ocr_line' id='line_1_110' title="bbox 2020 5267 3594 5349; baseline -0.01 -14"><span class='ocrx_word' id='word_1_770' title='bbox 2020 5282 2134 5349; x_wconf 87' lang='lat' dir='ltr'><strong>ejus</strong></span> <span class='ocrx_word' id='word_1_771' title='bbox 2164 5279 2217 5333; x_wconf 91' lang='lat' dir='ltr'><strong>itt</strong></span> <span class='ocrx_word' id='word_1_772' title='bbox 2251 5278 2399 5348; x_wconf 81' lang='lat' dir='ltr'><strong>Ripis</strong></span> <span class='ocrx_word' id='word_1_773' title='bbox 2445 5282 2735 5347; x_wconf 88' lang='lat' dir='ltr'><strong>portatum,</strong></span> <span class='ocrx_word' id='word_1_774' title='bbox 2767 5282 2822 5331; x_wconf 89' lang='lat' dir='ltr'><strong>et</strong></span> <span class='ocrx_word' id='word_1_775' title='bbox 2870 5274 3037 5329; x_wconf 86' lang='lat' dir='ltr'><strong>multa</strong></span> <span class='ocrx_word' id='word_1_776' title='bbox 3086 5270 3389 5329; x_wconf 88' lang='lat' dir='ltr'><strong>reverentia</strong></span> <span class='ocrx_word' id='word_1_777' title='bbox 3412 5267 3594 5325; x_wconf 62' lang='lat' dir='ltr'><strong>condio</strong></span> 
     </span>
    </p>
   </div>
   <div class='ocr_carea' id='block_1_111' title="bbox 2021 5368 3119 5441">
    <p class='ocr_par' dir='ltr' id='par_1_111' title="bbox 2021 5368 3119 5441">
     <span class='ocr_line' id='line_1_111' title="bbox 2021 5368 3119 5441; baseline -0.004 -13"><span class='ocrx_word' id='word_1_778' title='bbox 2021 5382 2153 5428; x_wconf 92' lang='lat' dir='ltr'><strong>tum.</strong></span> <span class='ocrx_word' id='word_1_779' title='bbox 2187 5372 2315 5429; x_wconf 69' lang='grc' dir='ltr'><strong>Παῖς</strong></span> <span class='ocrx_word' id='word_1_780' title='bbox 2344 5381 2389 5429; x_wconf 80' lang='lat' dir='ltr'><strong>et</strong></span> <span class='ocrx_word' id='word_1_781' title='bbox 2413 5370 2671 5441; x_wconf 74' lang='lat' dir='ltr'><strong>hucusque</strong></span> <span class='ocrx_word' id='word_1_782' title='bbox 2706 5368 3119 5425; x_wconf 76' lang='lat' dir='ltr'><strong>Malmesburins.</strong></span> 
     </span>
    </p>
   </div>
  </div>
