4070 6182
415 342 485 396 ss
526 413 534 420 ι
1216 349 1269 402 s.
1315 349 1764 415 ALDllELAtUS,
1806 351 2426 410 StilllR-EBURNENSIS
2468 354 2850 414 EPISCOPL‘S.
3192 312 3199 313 ί
3276 314 3279 317 ’
3592 360 3668 414 δι

917 546 1505 662 JOANNIS
1594 549 1996 663 ΡΑΡΖΕ

2081 551 2290 668 VII
2364 548 2395 587 ³
2480 552 3164 667 EPISTOLA

1504 726 1608 788 AD
1654 724 2074 787 EPISCOPOS
2117 725 2572 787 ΒιιιΤΑΝΝιίΕ

1919 829 2110 840 ———_

1645 892 1838 956 (Κιτιεῖ,
1866 894 1984 944 Coll.
2008 894 2151 945 Cone.
2179 903 2279 945 tom
2325 892 2456 955 XI-l.)

487 1084 716 1139 Joannes
746 1086 1022 1157 cpiscopus
1070 1088 1516 1157 archiepiscopis,
1556 1090 1877 1158 presbyteris
1897 1131 1912 1156 ,
1935 1100 1993 1144 et
2018 1098 2067 1152 Α
2094 1090 2265 1144 sancti
2299 1086 2537 1154 Gregorii
2567 1086 2807 1140 laicalem
2840 1096 2893 1139 et
2921 1085 3218 1147 sinuosum,
3272 1085 3366 1138 sed
3416 1094 3471 1139 et
3507 1101 3670 1141 eune-

419 1176 747 1242 diaconib’us,
779 1188 835 1232 et
859 1179 1120 1233 universis
1174 1181 1382 1233 clericis
1430 1195 1524 1248 per
1565 1180 1850 1248 Anglorum
1900 1196 1990 1248 pa-

420 1268 572 1320 triam
595 1270 915 1321 constitutis.

485 1357 828 1425 Congregatis
876 1358 1122 1413 omnibus
1167 1359 1461 1428 Anglorum
1512 1359 1846 1429 proceribus,
1898 1361 1989 1428 qtti

417 1453 540 1498 tunc
571 1444 637 1498 ad
668 1446 879 1500 beatum
931 1448 1145 1502 Petrum
1194 1449 1458 1519 degebant
1504 1454 1827 1519 apostolum,
1869 1461 1990 1519 post

417 1535 787 1588 alterutrarum
828 1539 1052 1603 partium
1092 1554 1353 1606 congruas
1376 1540 1832 1607 ratiocinationes,
1856 1557 1988 1613 apo-

416 1624 616 1678 stolica:
644 1627 900 1679 sententia
932 1641 1099 1692 usque
1116 1630 1251 1683 adeo
1279 1630 1422 1684 sedis
1450 1633 1747 1700 praevaluit,
1779 1643 1837 1686 ut
1886 1648 1984 1687 vo-

416 1715 648 1771 luntarie
671 1731 855 1772 omnes
898 1720 1186 1788 Anglorum
1236 1721 1418 1776 clerici
1469 1723 1568 1778 sub
1613 1724 1742 1793 ipsis
1796 1724 1989 1794 vigiliis

484 1856 512 1884 ⁸
543 1852 621 1922 Att
649 1852 869 1918 epistola
901 1853 1292 1922 haec,quamex
1318 1856 1555 1920 Baluzio,
1589 1856 1811 1910 Miscell.
1843 1868 1881 1911 t.
1916 1856 1984 1918 V.

417 1931 535 1984 pag.
579 1918 702 1981 478.
757 1924 996 1987 profero,
1039 1918 1101 1976 ad
1143 1926 1397 1980 JOannem
1444 1918 1562 1985 νη,
1596 1942 1689 1978 seu
1720 1928 1891 1987 potius
1919 1928 1985 1978 ad

416 1987 670 2043 Joannem
698 1992 783 2054 Vl,
816 1995 1091 2058 pertineat,
1120 1996 1328 2061 ambigo
1348 2035 1362 2055 ,
1389 2009 1509 2047 eum
1530 1996 1680 2061 Angli
1706 1995 1984 2048 illiRomaa

414 2062 715 2129 congregati
749 2077 851 2114 non
884 2063 971 2114 alii
997 2063 1220 2116 habendi
1269 2065 1561 2129 videantur,
1622 2080 1780 2133 quam
1841 2079 1988 2135 quos.

2099 1186 2209 1231 tum
2242 1177 2474 1230 habitum
2504 1176 2853 1241 deponentes,
2889 1175 3082 1228 talares
3131 1175 3334 1228 tunicas
3381 1174 3670 1228 secundum

2100 1268 2394 1322 Romanum
2428 1280 2626 1318 morem
2656 1265 2953 1317 induerent.
3002 1264 3168 1332 Hujus
3192 1264 3269 1317 rei
3297 1267 3488 1332 gratia,
3547 1265 3667 1334 quia

2096 1366 2152 1413 et
2176 1372 2268 1411 vos
2298 1357 2407 1425 pari
2438 1355 2597 1409 modo
2627 1353 2679 1407 in
2711 1364 2907 1407 sanctae
2933 1353 3186 1408 Ecclesiae
3214 1363 3411 1408 nostra:
3443 1368 3669 1420 corpore

2097 1450 2259 1505 veluti
2284 1448 2496 1519 propria
2530 1446 2769 1501 membra
2793 1446 3183 1512 amplectimur,
3217 1426 3313 1513 pro
3341 1445 3667 1512 deponendis

2098 1541 2369 1596 laicalibus
2398 1539 2726 1593 vestimentis
2752 1546 2806 1591 et
2855 1535 3126 1589 sumendis
3171 1536 3509 1590 clcricalibus
3532 1536 3667 1590 int‘u-

2093 1635 2158 1689 lis
2188 1632 2479 1687 secundum
2508 1632 2763 1685 Romanae
2797 1626 3046 1682 Ecclesia:
3103 1641 3305 1680 morem
3353 1627 3669 1682 auctoritate

2092 1724 2379 1795 apostolica
2412 1737 2713 1777 monemus.

2099 1870 2313 1914 sanctus
2338 1858 2615 1913 Wilfridus
2650 1872 2834 1911 secum
2882 1871 2950 1913 eo
2993 1855 3288 1907 adduxerat
3330 1853 3393 1905 ad
3452 1866 3667 1905 causam

2094 1944 2243 1982 suam
2270 1930 2678 1983 defendendam.
2720 1928 2848 1993 Quae
2877 1927 2922 1979 si
2957 1925 3183 1978 valuerit
3227 1923 3529 1990 conjectura
3553 1966 3567 1990 ,
3596 1923 3663 1976 ad

2091 1997 2349 2054 Joannem
2382 1999 2438 2053 Vl
2466 1999 2639 2067 potius
2667 1996 2944 2053 referenda
2971 2004 3069 2050 est.
3096 1995 3291 2049 MANSI.

435 2202 2615 2218 Mmhm—

421 2199 3675 2260 Μ

1698 2355 1862 2398 ANNO
1907 2355 2143 2397 DOMINI'
2181 2354 2398 2398 DCCIX.

827 2533 1067 2754 s.
1213 2459 3230 2804 ALDHELMUS,

1432 2880 2148 2947 SCHIREBURNENSIS
2189 2885 2627 2948 EPISCOPUS.

1232 3071 1328 3135 (Ex
1352 3071 1578 3123 Editione
1601 3086 1629 3124 a
1652 3073 1865 3125 Ductore
1887 3075 1936 3125 J.
1958 3074 2017 3124 A.
2040 3075 2176 3127 Glles
2196 3082 2429 3127 recenter
2454 3075 2655 3124 Londini
2681 3076 2849 3137 data.)

1849 3183 2152 3202 ..υ--ο

764 3257 1078 3371 VITA
1157 3264 1265 3368 s.
1335 3205 1996 3371 AL‘DHELMI
2050 3268 2559 3372 FARICIO
2630 3264 3277 3370 AUCTORE.

1856 3439 2194 3451 —-———-

414 3498 561 3552 υαησ
583 3536 600 3561 ,
645 3496 1040 3573 inqttitnDoctor
1080 3495 1542 3573 Cileshlrgenaept
1565 3506 1701 3573 inter
1722 3498 1856 3573 ficta
1878 3497 2189 3573 Sanctorum
2217 3499 2407 3573 editam
2437 3498 2633 3573 contuli
2680 3498 2743 3573 de
2778 3515 2912 3573 novo
2949 3514 3062 3552 cum
3092 3502 3441 3573 manuscripto
3479 3506 3565 3573 qui
3606 3506 3657 3560 in

638 3565 773 3620 Mus.
808 3564 942 3619 Brit.
967 3577 1192 3620 servatur
1217 3565 1429 3636 (Faust.
1460 3564 1523 3618 Β.
1552 3564 1681 3637 1V).
1713 3565 1852 3636 Opus
1874 3569 1923 3621 in
1946 3570 2039 3622 ista
2069 3570 2243 3621 codice
2274 3569 2347 3622 bri
2360 3570 2499 3622 viora
2523 3569 2746 3639 capitula
2768 3569 2913 3623 liabet
2935 3586 3085 3637 quant
3112 3572 3235 3625 edit.
3270 3564 3423 3640 impr.

997 3724 1376 3781 PROLOGUS.

475 3820 787 3875 Sanctorum
835 3819 1046 3873 Patrum
1094 3820 1175 3888 pia
1203 3819 1489 3874 certamina
1540 3821 1775 3876 studiose
1820 3835 1975 3876 reco-

407 3910 597 3973 lentes,
632 3910 820 3977 triplici
854 3911 1060 3962 ratione
1091 3911 1283 3961 tactum
1312 3925 1430 3962 esse
1459 3910 1802 3975 arbitramur,
1834 3911 1973 3980 quod

405 4002 691 4069 scriptores
720 4014 923 4064 eorum,
953 4000 1384 4067 subsequentium
1418 4001 1626 4053 utilitati
1656 4003 1971 4068 servientes,

403 4108 466 4147 ea
496 4108 833 4159 summopere
859 4092 1056 4144 chartis
1078 4091 1535 4145 commendarunt.
1569 4093 1738 4147 Prima
1762 4095 1972 4165 quidem

402 4193 458 4239 et
505 4183 819 4237 laudabilior
866 4182 1070 4236 exstitit
1108 4180 1337 4245 caeteris,
1382 4191 1441 4233 ut
1480 4180 1635 4246 Deus,
1668 4188 1753 4253 qui
1788 4200 1973 4254 poenas

405 4273 649 4328 ﬁdelibus
689 4287 1006 4343 quocunque
1047 4270 1202 4323 modo
1249 4286 1342 4338 pro
1381 4286 1438 4324 se
1477 4272 1649 4327 illatas
1691 4276 1742 4328 in
1787 4290 1973 4330 eorum

403 4364 713 4430 corporibus
788 4362 1022 4431 patitur,
1078 4364 1271 4429 quique
1326 4362 1571 4416 virtutem
1628 4365 1973 4421 tolerantibus

406 4462 648 4521 prtestat,
694 4468 788 4506 sua
820 4454 872 4505 in
918 4451 1194 4522 majestate
1242 4451 1501 4506 laudetur.
1546 4454 1787 4509 Secunda
1823 4472 1968 4524 vero,

401 4554 661 4612 quatenus
690 4543 878 4608 sancti,
908 4546 992 4611 qui
1023 4552 1101 4597 tot
1120 4536 1358 4607 sudores,
1384 4543 1602 4613 jt-junia,
1623 4546 1850 4616 vigilias,
1879 4562 1973 4615 op-

409 4635 643 4703 probria,
691 4644 849 4702 atque
894 4632 1098 4701 algores
1136 4641 1425 4700 spontanee
1458 4648 1485 4683 a
1518 4634 1817 4703 semetipsis
1858 4637 1973 4689 sive

404 4726 471 4778 ab
502 4724 728 4778 inimicis
758 4723 991 4791 perpessi
1031 4732 1171 4787 sunt,
1217 4739 1244 4776 a
1279 4726 1503 4792 posteris
1533 4740 1675 4781 vera:
1707 4728 1828 4781 tidei
1858 4730 1971 4783 cul-

400 4818 602 4871 toribus
655 4816 931 4885 magniticc
962 4816 1316 4870 celebrentur.
1363 4815 1539 4870 Tertia
1570 4829 1745 4872 autem
1777 4820 1969 4875 subse-

396 4912 595 4981 quitur,
630 4921 682 4964 ut
712 4925 809 4964 nos
835 4910 1043 4962 illorum
1071 4908 1327 4963 instrenui
1356 4918 1512 4978 atque
1536 4910 1824 4965 imbecilles
1850 4928 1973 4967 suc-

398 4988 661 5069 Cessorcs,
696 5013 838 5055 tanta
863 5015 1050 5055 eorum
1079 5000 1297 5067 legendo
1323 5000 1401 5054 vel
1426 4999 1687 5053 audiendo
1719 5001 1971 5055 victorio-

2006 3731 2054 3795 ρ
2084 3727 2168 3792 lia,
2203 3727 2295 3781 sed
2323 3736 2376 3781 et
2405 3742 2522 3796 qum
2551 3727 2759 3781 curiose
2797 3728 3129 3797 indagando',
3160 3729 3212 3783 in
3243 3731 3423 3786 multis
3452 3736 3654 3802 reperi-

2038 3852 2041 3853 ν
2082 3833 2200 3872 mus
2228 3818 2503 3873 barbarice
2533 3828 2690 3887 atque
2736 3819 2921 3872 Latine
2952 3820 3156 3888 paginis
3183 3822 3482 3888 assignata;
3521 3840 3653 3891 quo-

2079 3922 2194 3961 rum
2218 3909 2443 3975 aliquam
2469 3918 2669 3976 partem
2715 3907 2953 3963 Romana
2987 3911 3262 3979 privilegia
3300 3911 3648 3969 diversorum:

2078 4012 2182 4065 que
2213 4013 2391 4066 regqu
2419 3999 2734 4052 traditiones
2753 4042 2767 4065 ,
2802 4002 2899 4053 sub
2928 4002 3217 4055 multorum
3254 4004 3535 4066 prtesulum
3563 4006 3651 4057 ab-

2079 4086 2327 4139 hatumve
2346 4087 2661 4139 testimoniis
2685 4090 2953 4155 inscripta,
2974 4091 3167 4141 nostris
3190 4091 3361 4144 adhuc
3394 4101 3653 4147 testantur

2078 4177 2401 4243 temporibus
2427 4192 2443 4229 :
2468 4190 2672 4229 necnon
2703 4192 2764 4231 ea
2792 4194 2908 4244 qua:
2931 4194 2957 4229 a
2983 4180 3227 4233 veridicis
3253 4192 3309 4235 et
3340 4185 3653 4251 regulariter

2076 4267 2364 4321 monasueo
2377 4266 2561 4320 ordine
2589 4266 2902 4335 degentibus
2927 4268 3088 4321 velab
3101 4269 3215 4322 aliis
3232 4271 3652 4330 diverso'ordine

2075 4358 2333 4413 catholice
2368 4358 2832 4421 conversantibus,
2879 4374 3021 4428 saepe
3064 4360 3359 4414 audivimus
3387 4362 3523 4417 facta
3558 4380 3650 4432 per

2075 4452 2261 4505 merita
2287 4450 2423 4503 servi
2451 4450 2552 4514 sui,
2579 4465 2698 4518 quae
2745 4450 2845 4519 ipsi
2874 4457 2966 4503 aut
2994 4453 3266 4521 corporeis
3294 4453 3463 4505 oculis
3494 4456 3645 4509 vide-

2076 4547 2218 4604 runt,
2244 4550 2334 4593 aut
2362 4555 2389 4591 a
2434 4539 2755 4608 primoribus
2795 4542 2940 4602 suis,
2982 4542 3088 4603 iam
3122 4542 3173 4594 in
3222 4544 3424 4598 cmlesti
3457 4545 3650 4613 gaudio

2074 4639 2195 4684 ante
2225 4631 2417 4684 divinat
2448 4639 2791 4697 conspectum
2821 4630 3124 4683 clementiae
3164 4632 3645 4699 congaudentibus,

2076 4720 2376 4790 frequenter
2398 4720 2718 4784 audierunt;
2763 4721 2849 4788 qui
2890 4734 2944 4773 se
2978 4718 3218 4774 volumen
3258 4735 3321 4773 ex
3363 4723 3649 4777 virtutibus

2073 4810 2186 4877 ejus
2243 4810 2418 4863 lucido
2473 4811 2611 4878 ston
2656 4808 2904 4863 dicebant
2952 4809 3176 4878 legisse,
3229 4811 3321 4865 sed
3380 4811 3645 4865 Danorum

2077 4909 2335 4969 tempore,
2369 4915 2488 4953 eum
2517 4901 2689 4953 adhuc
2717 4900 2912 4954 Christi
2944 4900 3233 4953 Ecclesiam
3262 4916 3649 4971 persequeren-

2076 4998 2179 5055 tur,
2214 4989 2509 5056 perdidisse
2542 5005 2555 5041 :
2600 4989 2690 5056 qui
2720 4989 2896 5042 omnia
2929 4989 3039 5041 Deo
3069 5000 3270 5057 nostro,
3305 4990 3411 5044 illis
3444 4992 3647 5060 ignoto,

394 5094 604 5147 sissima
633 5102 800 5156 gesta,
843 5092 1034 5144 mentis
1060 5100 1256 5144 nostra:
1286 5090 1468 5144 oculos
1496 5089 1846 5157 sublevando,
1877 5106 1965 5147 se-
2000 5081 2007 5137 Ῑ

2077 5081 2332 5142 dedicata,
2382 5087 2473 5131 aut
2512 5079 2733 5147 pedibus
2766 5079 3174 5141 conculcabant,
3220 5092 3334 5147 aut,
3390 5084 3465 5136 ira
3494 5097 3648 5150 supe-

395 5199 621 5253 quamur
654 5185 838 5235 horum
872 5181 1123 5235 inollcnsa
1152 5181 1394 5250 vestigia.

469 5274 621 5330 Unde
669 5292 765 5330 nos
822 5274 1033 5345 fragiles
1075 5274 1270 5338 idiotac,
1302 5274 1389 5341 qui
1435 5288 1763 5342 nequaquam
1803 5287 1964 5343 opera

393 5368 669 5432 monachi,
724 5365 817 5420 sed
875 5376 1077 5419 tantum
1122 5364 1334 5431 indigne
1387 5373 1659 5430 portamus
1706 5365 1916 5419 nomina
1946 5405 1963 5432 ,

392 5458 710 5513 sanctissimi
741 5456 1007 5512 Aldhelmi
1037 5452 1276 5523 prmsulis
1300 5460 1476 5505 ortum
1508 5465 1562 5506 et
1591 5456 1775 5517 vitam,
1806 5456 1966 5510 mira-

394 5548 514 5603 cula
540 5558 697 5616 atque
726 5546 1045 5605 doctrinam,
1082 5552 1347 5609 utcunque
1372 5540 1694 5609 describere,
1738 5544 1966 5599 fideliter

393 5648 569 5694 tamen
600 5636 957 5709 aggredimur.
990 5634 1364 5688 Verumtamen
1396 5647 1500 5685 non
1528 5649 1586 5687 ea
1618 5643 1815 5689 tantum
1843 5652 1961 5706 qua:

393 5744 482 5795 per
512 5744 655 5787 eum,
691 5738 901 5777 summo
929 5724 1128 5791 Opiﬁcc
1162 5730 1466 5790 prtcstattte,
1500 5722 1721 5777 vidimus
1746 5741 1958 5793 magna-

2074 5182 2226 5226 rante
2248 5170 2525 5234 rationem,
2573 5171 2694 5236 igne
2730 5171 3166 5235 concremahant,
3198 5188 3291 5226 seu
3330 5188 3647 5241 quocunque

2074 5261 2232 5315 modo
2285 5268 2528 5329 poterant
2578 5258 2942 5313 annullahant.
3008 5262 3166 5316 Multa
3220 5264 3378 5315 etiam
3428 5278 3645 5315 suorum

2075 5353 2329 5408 factorum
2370 5350 2421 5405 in
2471 5349 2691 5414 scrinio,
2737 5365 2840 5404 non
2874 5351 3098 5405 multum
3132 5362 3250 5423 post
3283 5353 3483 5406 obitum
3525 5354 3647 5422 ejus

2074 5444 2234 5509 facto,
2267 5446 2317 5499 in
2348 5459 2451 5512 quo
2482 5443 2634 5497 beata
2680 5441 2796 5511 ejus
2820 5456 2940 5496 ossa
2968 5446 3340 5506 servabantur,
3371 5444 3643 5514 antiquio-

2072 5554 2158 5594 res
2212 5540 2393 5592 Patres
2444 5535 2610 5590 nostri
2657 5536 2922 5604 argenteis
2963 5536 3171 5589 laminis
3223 5536 3286 5588 ad
3334 5538 3641 5590 memoriam

2070 5641 2397 5701 posterorum
2425 5646 2451 5683 a
2483 5630 2667 5698 primis
2698 5628 2934 5696 patribus
2970 5629 3232 5697 assignata
3263 5628 3540 5691 viderunt;
3590 5637 3642 5681 et

2067 5724 2187 5792 quia
2212 5723 2349 5779 istud
2373 5731 2480 5776 erat
2514 5719 2834 5790 negligentia
2860 5730 2911 5771 et
2939 5727 3199 5773 vetustate
3220 5717 3333 5785 jam
3362 5732 3493 5785 pene
3516 5732 3641 5770 con-
