4068 6182
388 275 455 331 63
1172 348 1179 351 ν
1358 276 1509 335 νιτΑ
1547 278 1605 333 S.
1646 277 1995 334 ALDIIELMI
2039 280 2306 339 FABICIO
2336 286 2669 345 AUCTORR.
3552 298 3623 355 66

390 397 681 459 sumptum,
718 390 911 459 prasul
940 389 1153 460 quidam
1172 348 1301 446 eum
1342 392 1459 447 aliis
1505 393 1611 447 Deo
1652 392 1954 446 famulanti-
1986 389 2032 448 Δ
2065 393 2366 457 parentibus
2403 396 2608 465 legitur,
2664 398 2802 453 hunc
2847 400 2945 455 sibi
2989 401 3133 458 dedit
3174 405 3357 469 illium.
3409 410 3621 479 qualem

395 481 492 533 bus
522 479 570 531 in
602 477 768 543 aliud,
794 479 1039 533 novitatis
1062 494 1242 548 causa,
1264 482 1328 535 ad
1355 497 1719 537 successorum
1746 498 1953 537 memo-

390 570 546 633 riam,
576 570 630 622 in
658 585 764 637 quo
792 569 965 624 adhuc
996 571 1262 638 videntur,
1290 575 1471 643 eadem
1488 578 1892 632 transtulerunt.

463 660 695 715 Fuerunt
730 677 941 730 quoque
961 702 976 726 ,
1005 674 1127 731 post
1155 665 1320 732 prima
1367 666 1599 720 instituta
1628 672 1797 723 sancti
1831 671 1951 736 viri,

388 752 470 804 sui
502 751 599 805 loci
623 751 907 804 familiares
928 762 1194 809 amatores
1214 794 1231 821 ,
1261 757 1397 809 sicut
1434 757 1777 826 archiprtesul
1805 760 1952 815 Dun~

384 851 591 909 stanus,
642 841 711 895 de
755 838 909 910 cujus
956 846 1230 899 sanctitate
1272 860 1377 900 non
1419 847 1707 911 dubitatur,
1760 860 1813 903 et
1862 851 1951 903 alii

383 932 725 998 quamplures
755 930 1042 998 praesules,
1087 948 1307 1000 quorum
1342 950 1489 990 sacra
1521 952 1639 990 ossa
1668 939 1719 991 in
1767 938 1949 993 eadem

381 1020 727 1089 requiescunt
753 1019 966 1074 basilica
990 1038 1004 1084 ;
1032 1022 1116 1087 qui
1146 1023 1191 1075 si
1220 1023 1335 1078 haec
1365 1025 1597 1093 priorum
1630 1029 1803 1082 relatu
1829 1044 1949 1084 vera

383 1122 494 1161 non
522 1107 834 1172 crederent,
868 1108 1027 1162 ilicesa
1073 1126 1238 1179 usque
1266 1113 1331 1166 ad
1361 1124 1594 1169 nostram
1640 1122 1947 1174 memoriam

383 1196 585 1267 absque
623 1200 789 1255 dubio
831 1216 935 1255 non
969 1203 1344 1273 relinquerent.
1400 1209 1474 1263 De
1496 1210 1681 1278 quibus
1703 1214 1948 1270 ‘studiose

381 1290 533 1355 plura
560 1290 875 1356 dimisimus,
900 1303 952 1346 et
981 1308 1166 1347 eorum
1196 1312 1312 1364 qua:
1340 1298 1651 1355 videbantur
1677 1302 1837 1373 digna
1866 1320 1951 1359 re-

376 1373 517 1444 latu,
551 1395 649 1448 pro
679 1380 1019 1436 referentium
1060 1388 1409 1453 auctoritate,
1443 1400 1643 1458 partem
1672 1393 1943 1462 decerpsi-

378 1486 506 1525 mus
536 1488 550 1523 :
578 1487 637 1525 ea
666 1488 885 1542 namque
913 1491 1030 1542 qua:
1058 1492 1154 1531 nos
1180 1478 1277 1546 ipsi
1308 1481 1356 1532 in
1391 1484 1668 1548 praesentia
1701 1498 1843 1551 same
1871 1486 1947 1538 vi-

383 1561 577 1624 dimus,
610 1578 787 1617 veram
818 1564 974 1619 fidem
1008 1569 1390 1634 pra-.teritorum
1419 1570 1633 1625 faciunt.
1666 1572 1777 1639 Qua
1806 1576 1856 1627 in
1887 1590 1945 1629 re

380 1649 649 1703 neminem
681 1667 778 1705 nos
816 1668 1065 1709 accusare
1111 1655 1309 1711 debere
1338 1659 1577 1714 videmus
1609 1679 1620 1711 :
1660 1664 1778 1727 quia
1810 1664 1938 1718 bea-

2062 481 2219 551 hujus
2268 490 2430 541 nostri
2492 490 2727 559 opusculi
2783 490 2933 546 vobis
2982 496 3296 550 monstrabit
3349 498 3618 567 intentio;

2056 588 2213 640 quem
2238 584 2473 643 tempore
2500 594 2733 651 congruo
2776 582 3006 638 (idalium
3050 587 3392 642 assuetudine
3422 589 3530 645 Deo
3562 594 3614 647 in

2057 666 2278 720 ecclesia
2318 685 2410 738 per
2454 673 2786 727 sacerdotum
2826 690 3011 730 manus
3056 677 3245 732 devote
3290 681 3498 747 obtulit,
3523 697 3618 737 ca-

2059 757 2533 829 techumenumque
2566 763 2677 817 fieri
2702 765 2981 831 postulavit
3010 783 3023 819 :
3055 768 3135 820 cui
3169 785 3270 820 non
3309 773 3510 839 absque
3532 773 3609 826 di-

2055 845 2180 898 vino
2207 856 2336 900 nutu
2380 851 2715 904 Aldhelmum
2749 868 2943 909 nomen
2988 856 3263 924 imposuit.
3294 861 3414 915 Ald.
3444 863 3613 926 cnim.

2054 945 2109 988 ut
2135 937 2280 989 aiunt
2315 939 2610 1005 barbarico,
2655 943 2837 998 Latine
2863 961 3016 999 senex
3045 946 3449 1017 interptctatur;
3497 952 3620 1023 inde

2053 1027 2362 1082 Aldhelmus
2390 1031 2536 1099 quasi
2577 1049 2727 1085 aenea:
2752 1035 2936 1089 almus.
2986 1036 3124 1092 Vere
3152 1040 3313 1106 enim,
3342 1044 3439 1094 etsi
3463 1040 3614 1110 juvc~

2054 1117 2135 1168 nis
2157 1132 2397 1184 corpore,
2433 1121 2606 1173 animo
2634 1123 2785 1175 senili
2807 1124 3011 1177 vivebat
3040 1136 3093 1179 et
3120 1127 3365 1184 laudabili
3390 1145 3573 1199 Opere.

2125 1203 2245 1256 Post
2277 1205 2387 1258 hac
2415 1208 2567 1259 annis
2604 1210 3009 1267 succedentibus
3056 1230 3187 1281 puer
3218 1219 3532 1287 ablactatur,
3563 1232 3617 1277 ot

2052 1295 2219 1343 sacris
2249 1293 2538 1347 litterarum
2569 1298 2760 1351 studiis
2808 1314 2835 1349 a
2883 1302 3123 1367 genitore
3164 1304 3616 1377 Christianissiin

2052 1381 2300 1433 traditur.
2332 1382 2443 1448 Qua
2493 1385 2541 1435 in
2585 1399 2642 1453 ro
2674 1386 2970 1441 futurorum
3005 1392 3254 1455 praescius
3286 1394 3424 1448 Deus
3479 1397 3615 1451 illius

2051 1477 2325 1538 tantopere
2353 1476 2561 1537 aperuit
2608 1474 2899 1543 ingenium,
2950 1487 3004 1530 ut
3030 1480 3261 1535 doctoris
3305 1486 3510 1539 animus
3564 1488 3616 1541 in

2047 1558 2223 1627 seipso
2248 1574 2387 1629 smpe
2419 1562 2701 1617 miraretur
2730 1566 2970 1633 nimium,
3004 1569 3141 1636 quod
3194 1581 3297 1625 tam
3338 1573 3493 1629 facile
3520 1592 3611 1631 ca-

2048 1659 2218 1715 peret,
2248 1660 2352 1703 tam
2394 1660 2545 1704 acute
2595 1655 2867 1719 retinerem
2895 1661 3222 1723 memoriter,
3254 1678 3369 1730 qua:
3399 1666 3494 1718 sibi
3526 1682 3615 1721 os-

378 1747 491 1792 tum
537 1737 849 1810 Gregorium
874 1744 937 1811 ,in
972 1741 1303 1815 Dialogorum
1340 1748 1489 1803 libris
1524 1751 1702 1806 itidem
1751 1754 1935 1809 fecisse

2047 1739 2297 1794 tendebat
2344 1754 2436 1809 per
2461 1740 2698 1811 singulos
2727 1745 2861 1800 dies.
2895 1746 3040 1801 Mens
3067 1721 3296 1819 namque
3325 1753 3459 1822 ejus,
3506 1772 3614 1812 eu:-

377 1832 734 1899 conspicimus
774 1853 788 1886 :
839 1845 995 1903 atque
1050 1839 1207 1908 (sicut
1265 1841 1486 1909 ipsemet
1530 1845 1728 1914 retulit)
1777 1846 1944 1903 Lucas

379 1935 588 1990 quoque
620 1923 887 1989 medicus,
932 1927 1080 1995 cujus
1112 1929 1224 1982 laus
1252 1947 1345 1998 per
1366 1948 1550 1987 omnes
1572 1935 1836 1992 Ecclesias
1866 1940 1946 2009 (ut

380 2011 612 2075 gentium
662 2011 856 2068 Doctor
903 2018 997 2085 ait)
1044 2028 1124 2071 est
1172 2021 1223 2073 in
1273 2022 1587 2091 Evangelio;
1620 2035 1671 2080 el
1715 2029 1941 2093 Marcus,

378 2097 767 2156 Alexandrinus
817 2106 1115 2171 patriarcha
1143 2119 1195 2161 et
1238 2109 1377 2163 Petri
1409 2112 1711 2181 discipulus,
1750 2132 1943 2184 nequa-

378 2200 539 2255 quam
570 2190 826 2259 scripsere
854 2194 965 2246 visa
988 2238 1003 2263 ,
1037 2196 1127 2249 sed
1162 2205 1357 2251 tantum
1390 2202 1587 2266 audita,
1623 2205 1671 2256 in
1707 2204 1943 2275 Evange-

379 2277 567 2332 liorum
592 2282 970 2338 voluminibus.
1004 2287 1147 2354 Non,
1182 2290 1319 2356 quod
1352 2293 1509 2356 absit,
1539 2304 1591 2346 ttt
1621 2310 1717 2350 nos
1753 2298 1804 2350 in
1844 2299 1942 2352 mi-

378 2364 523 2421 nimo
553 2369 654 2423 illis
678 2386 886 2441 quoque
915 2373 1321 2444 mquiparemus,
1351 2381 1432 2434 vel
1464 2391 1673 2438 nostros
1705 2386 1940 2441 illorum-

376 2469 481 2522 que
527 2459 787 2515 relatores
837 2463 885 2516 in
942 2466 1119 2520 animo
1161 2480 1414 2523 conemur
1444 2473 1666 2527 reddere
1703 2476 1939 2544 similes;

377 2556 750 2603 verumtamen
772 2594 787 2616 ,
821 2554 962 2622 quod
995 2556 1281 2624 majoribus
1312 2560 1363 2614 in
1389 2570 1491 2614 tam
1524 2566 1752 2619 maximo
1782 2584 1943 2637 opt-re

377 2637 554 2706 licuit,
585 2639 637 2693 in
661 2643 879 2697 minimo
907 2642 1059 2700 nobis
1096 2647 1292 2702 inlimis
1319 2660 1371 2704 et
1404 2661 1574 2707 tamen
1608 2656 1850 2712 fidelibus
1881 2660 1942 2712 li—

382 2727 559 2781 cuisse
585 2728 804 2785 ﬁdeliter
831 2734 1132 2803 Opinamur.
1185 2739 1328 2793 Alios
1350 2758 1559 2812 quoque
1589 2746 1781 2799 multos
1809 2748 1941 2801 divi-

383 2815 469 2869 nis
498 2819 696 2888 paginis
720 2832 769 2875 et
797 2823 1083 2893 Scripturis
1108 2828 1246 2882 idem
1278 2832 1377 2887 hoc
1403 2836 1576 2900 egisse
1603 2839 1894 2903 reperimus
1922 2856 1937 2892 :

383 2916 490 2961 tres
520 2923 641 2964 vero
672 2920 873 2967 tantum
897 2953 914 2981 ,
945 2932 1075 2985 quos
1100 2932 1257 2987 supra
1299 2925 1568 2989 posuimus
1592 2966 1606 2987 ,
1652 2927 1769 2981 lidci
1805 2930 1942 2983 inte-

375 2998 565 3064 gritate
606 3003 895 3058 catholicos
923 3044 937 3067 ,
984 3008 1219 3062 moribus
1258 3021 1309 3064 et
1345 3027 1505 3079 opere
1550 3018 1935 3082 sanctissimos,

374 3086 569 3143 imitari
617 3092 713 3145 hac
764 3093 815 3146 in
863 3110 939 3161 re,
989 3099 1226 3166 quamvis
1268 3100 1421 3171 longe
1471 3105 1785 3174 incedendo,
1839 3125 1934 3179 pro

373 3189 529 3244 posse
555 3191 735 3236 nostro
761 3184 1022 3252 cupimus.

883 3276 1104 3332 CAPUT
1144 3278 1426 3337 PRIMUM.

371 3356 601 3415 Familia
630 3366 790 3435 regia,
819 3369 1010 3435 studia,
1044 3375 1392 3438 monachatus,
1432 3387 1477 3430 et
1505 3378 1696 3433 abbatis
1733 3397 1935 3436 munus.

442 3450 522 3504 Ad
555 3455 723 3506 sancti
765 3455 923 3525 igitur
954 3460 1217 3514 Aldhelmi
1261 3467 1621 3536 genealogiam
1663 3469 1939 3528 ﬂectamus

371 3541 661 3610 ingenium,
694 3554 749 3599 et
771 3562 866 3614 pro
896 3562 1050 3615 posse
1085 3553 1235 3606 nobis
1261 3569 1291 3606 a
1333 3558 1437 3610 Deo
1467 3562 1618 3621 dato,
1647 3575 1708 3612 ex
1738 3576 1838 3628 qua
1866 3564 1939 3615 sit

369 3643 519 3686 ortus
554 3640 862 3706 propagine,
897 3642 1242 3707 explicemus.
1293 3645 1385 3699 llic
1416 3648 1572 3715 igitur
1601 3666 1739 3718 regia
1773 3652 1937 3720 stirpe

368 3723 665 3791 descendit,
698 3743 726 3779 a
761 3729 1070 3785 clarissimis
1102 3744 1256 3789 natus
1284 3740 1723 3806 progenitoribus,
1755 3746 1937 3796 ortho-

371 3814 646 3882 doxa‘que
682 3819 952 3887 religionis
984 3823 1273 3877 verissimis
1315 3827 1675 3885 indesinenter
1719 3834 1935 3888 cultori—

375 3902 480 3955 bus
527 3920 541 3954 :
589 3907 776 3972 quibus
803 3918 949 3962 tanto
974 3915 1174 3964 exstitit
1202 3915 1251 3966 in
1285 3914 1385 3970 fide
1426 3919 1646 3974 lucidior
1681 3934 1731 3977 et
1778 3942 1935 3994 opere

370 3992 546 4047 divini
570 3995 739 4048 cultus
763 3999 980 4063 pretiosi
1020 4016 1065 4067 r,
1101 4014 1352 4071 quantum
1377 4022 1490 4060 rosa
1525 4024 1588 4063 ex
1618 4013 1804 4080 quibus
1830 4019 1934 4070 ori-

368 4090 457 4134 tur
486 4083 674 4152 Spinis,
705 4097 757 4139 et
781 4087 880 4141 llos
911 4089 1002 4142 lilii
1032 4092 1169 4144 unde
1199 4097 1449 4162 turgescit
1477 4103 1674 4167 ceSpite
1698 4109 1929 4174 pr0prio.

364 4171 528 4241 llujus
562 4175 823 4241 siquidem
857 4180 1120 4244 praeclara:
1154 4182 1351 4238 sobolis
1388 4186 1678 4257 Anglorum
1714 4171 1806 4249 res
1845 4196 1931 4251 ina

363 4272 801 4340 sapientissimus,
843 4274 1047 4344 fulgens
1072 4278 1175 4331 vita
1213 4289 1266 4335 et
1310 4285 1564 4350 moribus,
1600 4288 1751 4343 bellis
1790 4300 1929 4346 stre-

2046 1830 2163 1884 lesti
2202 1846 2323 1886 rore
2370 1833 2600 1901 perfusa,
2644 1835 2799 1903 hujus
2848 1838 2923 1891 rei
2969 1837 3141 1893 fuerat
3186 1857 3341 1896 causa
3377 1861 3391 1898 :
3423 1848 3615 1917 quippo

2044 1923 2207 1988 gratia
2240 1922 2328 1975 Dei
2356 1934 2471 1976 erat
2511 1940 2631 1978 cum
2657 1926 2765 1990 illo,
2800 1926 2940 1981 illius
2968 1931 3191 1996 scilicet,
3222 1933 3311 2002 qui
3357 1951 3448 2005 per
3487 1954 3604 2006 pro-

2047 2011 2313 2077 pheticum
2354 2009 2483 2064 dixit
2528 2014 2793 2080 eloquium
2824 2014 2941 2082 (Ps.
2976 2034 3110 2072 Lxxx
3137 2063 3151 2086 ,
3199 2023 3287 2092 Η)
3325 2041 3336 2074 :
3369 2026 3526 2093 Aperi
3551 2045 3606 2080 os

2046 2109 2209 2161 tuum,
2239 2107 2286 2151 et
2327 2116 2415 2169 rgo
2458 2101 2750 2169 adimplebo
2792 2103 2924 2157 illud
2967 2108 3199 2176 dogmate
3248 2129 3377 2169 meo.
3425 2116 3609 2172 Trium

2043 2188 2236 2257 quippe
2268 2190 2588 2257 proprietate
2617 2190 2934 2259 linguarum,
2961 2210 3064 2250 non
3090 2200 3262 2254 solum
3296 2205 3605 2272 vulgaritate

2044 2291 2243 2342 rerum,
2269 2292 2450 2331 verum
2495 2278 2651 2332 etiam
2683 2278 2973 2335 litterarum
3022 2284 3289 2352 dogmate,
3339 2294 3610 2348 sanctissi-

2044 2383 2162 2421 mus
2193 2368 2289 2422 iste
2320 2369 2518 2435 peritus
2546 2372 2769 2424 exstitit.
2798 2373 2931 2427 Miro
2974 2375 3198 2445 denique
3243 2381 3609 2451 modogratim

2044 2457 2303 2511 facundiae
2332 2460 2507 2512 omnia
2551 2461 2798 2515 idiomata
2839 2465 3061 2532 sciebat,
3106 2478 3161 2523 et
3199 2472 3348 2539 quasi
3394 2473 3610 2531 Grazcus

2042 2551 2255 2605 natione
2288 2590 2303 2614 ,
2360 2551 2574 2619 scriptis
2628 2565 2681 2607 ct
2739 2556 2916 2610 verbis
2971 2563 3364 2626 pronuntiabat.
3418 2565 3603 2620 Mirum

2042 2657 2269 2711 namque
2299 2658 2402 2695 non
2430 2641 2618 2711 fuerat,
2648 2646 2770 2714 quia
2794 2656 2847 2701 et
2873 2652 3037 2704 sancti
3066 2651 3294 2719 Spiritus
3316 2658 3479 2722 gratia
3506 2659 3606 2712 sibi

2042 2731 2093 2785 in
2140 2748 2205 2786 eo
2257 2732 2611 2787 habitaculum
2663 2735 2894 2803 fecerat,
2929 2748 2983 2793 et
3032 2741 3168 2795 illius
3215 2743 3402 2812 lingtue
3458 2748 3608 2801 binos

2039 2823 2283 2879 doctmes
2329 2829 2568 2896 apprime
2614 2831 2812 2897 petitos
2866 2834 3297 2899 prteclarissimus
3349 2840 3434 2894 lna
3487 2857 3604 2908 rex.

2040 2930 2194 2984 quem
2225 2932 2382 2985 supra
2416 2920 2706 2986 posuimus,
2740 2921 2803 2974 ad
2850 2911 3265 2980 confirmandam
3298 2927 3435 2982 illius
3462 2929 3605 2985 litte-

2042 3009 2204 3061 ralem
2254 3011 2560 3077 scientiam,
2615 3014 2681 3065 ab
2730 3014 2952 3068 Athenis
3000 3018 3345 3073 conduxerat.
3404 3020 3605 3078 Latinae

2043 3114 2249 3168 quoque
2278 3101 2514 3155 scientiae
2537 3104 2685 3158 valde
2709 3116 2914 3171 potatus
2946 3109 3149 3172 rivulis,
3178 3110 3333 3165 etiam
3363 3115 3603 3182 prepric-

2045 3199 2152 3244 tate
2180 3192 2402 3259 partium
2430 3193 2619 3261 aliquis
2648 3211 2712 3250 eo
2748 3199 2934 3252 melius
2976 3215 3302 3269 nequaquam
3352 3220 3475 3259 usus
3523 3217 3607 3261 est

2044 3290 2163 3349 post
2208 3282 2481 3352 Virgilium
2516 3302 2527 3336 :
2557 3284 2625 3339 ita
2658 3289 2800 3341 enim
2848 3289 2898 3342 in
2931 3291 3242 3358 antiquariis
3271 3309 3380 3349 suae
3410 3298 3602 3367 lingua:

2044 3369 2249 3439 legitur.
2276 3371 2657 3441 Prophetarum
2699 3378 2959 3446 exempla,
2994 3381 3202 3434 Davidis
3226 3385 3475 3453 psalmos,
3507 3390 3605 3444 Sa-

2044 3459 2267 3515 lomonis
2297 3462 2395 3516 tria
2421 3465 2703 3531 volumina,
2743 3466 3012 3525 Hebraicis
3041 3470 3227 3524 litteris
3268 3474 3402 3529 bene
3431 3477 3601 3542 novit,

2041 3561 2094 3605 et
2140 3552 2307 3621 legem
2338 3553 2639 3610 Mosaicam.
2685 3557 2891 3613 lllusica:
2929 3570 3102 3614 autem
3135 3565 3263 3617 artis
3294 3567 3467 3619 omnia
3522 3569 3604 3621 in-

2042 3652 2350 3708 strumenta,
2374 3662 2490 3713 qua:
2521 3647 2711 3701 ﬁdibus
2733 3651 2813 3703 vel
2836 3651 3021 3705 fistulis
3050 3664 3140 3705 aut
3168 3654 3284 3707 aliis
3318 3659 3596 3713 varietati-

2041 3732 2137 3785 bus
2168 3735 2409 3788 melodim
2453 3737 2564 3789 fieri
2597 3749 2831 3804 possunt,
2876 3752 2927 3793 et
2961 3745 3211 3795 memoria
3258 3746 3423 3798 tenuit
3462 3757 3515 3800 et
3543 3751 3596 3803 in

2038 3826 2342 3890 quotidiano
2366 3840 2461 3877 usu
2494 3824 2787 3879 habuit.‘Et
2812 3838 2867 3880 ut
2895 3831 3073 3895 paucis
3103 3830 3261 3883 multa
3293 3841 3344 3885 et
3374 3836 3590 3901 grandia

2040 3914 2213 3982 parvis
2240 3914 2685 3983 constringamus,
2726 3932 2794 3971 ne
2833 3933 2893 3972 ea
2943 3934 3060 3987 qua:
3102 3920 3322 3977 dicimus
3366 3925 3601 3982 trediosis

2038 4002 2308 4064 vilescunt,
2343 4012 2399 4056 ut
2451 4004 2528 4056 vir
2575 4004 2919 4076 undecunque
2965 4008 3373 4081 eruditissimus,
3415 4016 3602 4085 plenus

2038 4090 2133 4146 fuit
2160 4094 2376 4148 scientia
2406 4095 2637 4150 omnium
2668 4112 2865 4155 rerum.

2107 4184 2208 4259 sed
2237 4186 2361 4255 quid
2408 4202 2677 4241 moramur
2721 4192 2771 4243 itt
2820 4191 3030 4259 parvis?
3058 4192 3133 4246 Ad
3165 4194 3349 4250 altiora
3400 4198 3593 4267 stylum

2037 4285 2328 4343 vertamus,
2357 4287 2414 4331 ut
2436 4281 2698 4349 quomodo
2721 4282 2818 4335 iste
2842 4293 3052 4337 sanctus
3085 4287 3161 4339 vir
3192 4301 3221 4338 a
3253 4288 3473 4357 pueritia
3499 4292 3595 4347 de-

361 4362 647 4415 nuissimus
668 4372 719 4417 et
740 4365 914 4419 clarus
938 4366 1234 4434 virtutibus,
1257 4384 1512 4441 quantum
1539 4381 1726 4433 attinet
1753 4383 1816 4433 ad
1844 4399 1927 4437 rc-

2040 4370 2147 4439 guit
2188 4372 2469 4425 ostendere
2509 4374 2803 4448 valeamus;
2848 4386 2901 4429 et
2930 4376 3157 4444 qualiter
3208 4380 3259 4433 in
3304 4384 3596 4438 monastico

361 4450 497 4519 giam
546 4453 950 4521 sublimitatem,
1011 4459 1104 4512 fuit
1150 4463 1486 4532 principium.
1540 4470 1690 4523 Istius
1728 4489 1920 4528 nomen

360 4540 607 4597 Primatis
652 4548 877 4601 multum
933 4549 1206 4617 eximium,
1258 4558 1491 4612 secundo
1543 4561 1657 4616 locri
1705 4564 1926 4621 fratrem

361 4630 521 4685 fuisse
576 4633 813 4701 Kentcn,
874 4640 1044 4691 virum
1092 4643 1335 4710 probum,
1388 4651 1667 4704 sanctitate
1698 4653 1921 4719 lautmn,

359 4719 633 4779 honestate
676 4728 1033 4794 magnificum,
1071 4734 1447 4802 antiquissimis
1478 4742 1781 4809 Anglicum:
1824 4749 1928 4800 litt-

360 4826 474 4877 gnte
502 4814 767 4868 sebedulis
808 4816 1002 4884 sapius
1044 4835 1105 4871 ex
1150 4820 1434 4893 interprete
1466 4826 1691 4897 legendo
1722 4836 1926 4889 audivi-

360 4912 497 4955 mus.
521 4901 619 4969 Qui
648 4906 872 4975 apostoli
903 4920 1160 4980 praecepta
1188 4913 1330 4969 l’auli
1361 4917 1653 4990 adimplere
1680 4926 1921 4994 studens,

356 4994 553 5050 virtute
586 5012 686 5051 non
717 4999 920 5055 modica
948 4999 1113 5056 Deum
1157 5021 1264 5074 pra:
1292 5012 1538 5064 omnibus
1577 5023 1840 5081 metuens,
1872 5018 1922 5072 in

355 5085 535 5139 uxoris
565 5097 722 5142 easne
745 5089 956 5144 vivebat
984 5094 1189 5161 copula.
1232 5095 1279 5148 ls
1309 5097 1551 5166 equidem
1585 5118 1687 5155 non
1728 5103 1923 5158 ideirco

354 5176 535 5229 tueris
570 5177 799 5232 intrabat
840 5181 1157 5250 cubiculum,
1190 5202 1297 5253 quo
1331 5194 1527 5257 carnis,
1562 5202 1617 5246 ut
1657 5196 1816 5250 moris
1834 5208 1923 5269 est

353 5270 733 5336 quorumdam,
781 5289 1029 5328 exercere
1059 5288 1276 5345 cuperet
1302 5280 1656 5350 desiderium;
1700 5286 1793 5341 sed
1843 5298 1918 5355 ut,

356 5360 797 5425 quemadmodum
850 5362 1147 5436 Samuelem
1204 5370 1377 5432 Anna,
1433 5372 1590 5426 talem
1638 5390 1921 5440 generaret

356 5448 546 5516 lilium,
594 5456 702 5522 qui,
752 5467 806 5510 ut
853 5458 1120 5526 Scriptura
1172 5463 1347 5528 docet,
1384 5474 1488 5519 tota
1520 5470 1681 5524 animi
1730 5472 1920 5528 virtute

354 5540 593 5610 diligeret
623 5544 925 5602 Dominum.
973 5549 1103 5602 Vota
1133 5550 1360 5622 denique
1387 5557 1501 5624 ejus
1551 5557 1685 5613 Deus
1710 5576 1771 5614 ex
1810 5562 1919 5618 alto

353 5634 702 5703 prospiciens.
744 5636 875 5693 sicut
918 5637 984 5693 de
1032 5638 1320 5697 beatissimi
1366 5645 1562 5702 Nicolai
1615 5652 1919 5708 rcvereudis

2035 4462 2214 4515 habitu
2239 4462 2374 4515 inter
2398 4464 2635 4519 homines
2658 4469 3097 4532 conversando,et
3122 4471 3337 4525 Paulum
3354 4488 3474 4528 cum
3493 4476 3598 4530 An~

2034 4554 2534 4617 tonio,etemitarum
2556 4556 2776 4625 primos,
2803 4560 3055 4613 imitando
3085 4564 3297 4628 vixerit,
3319 4581 3412 4634 pro
3427 4570 3592 4621 nostri

2032 4650 2283 4716 parvitate
2313 4653 2507 4722 ingenii
2537 4656 2897 4709 ostendamus.
2927 4654 3216 4711 Monachus
3249 4660 3507 4728 siquidem
3540 4664 3594 4716 in

2030 4741 2355 4797 Meldunensi
2385 4745 2610 4799 ecclesia
2652 4748 2891 4811 effectus,
2922 4765 3077 4816 quam
3127 4751 3465 4807 Eleutherius
3513 4755 3593 4808 vir

2028 4831 2293 4899 perfectus
2334 4837 2663 4903 gubernabat
2707 4854 2805 4893 suo
2843 4841 3059 4893 studio:
3093 4842 3163 4893 ita
3204 4842 3341 4895 inter
3371 4852 3595 4899 caeteros

2027 4919 2119 4973 Dei
2151 4921 2371 4977 famulos
2420 4928 2502 4979 vir
2550 4928 2650 4981 iste
2693 4928 3152 4994 commorabatur;
3192 4938 3247 4981 ut
3291 4944 3589 4998 quanquam

2028 5012 2299 5068 ltom'num
2329 5025 2565 5071 uteretur
2580 5018 2904 5084 aspectibus,
2929 5032 3139 5085 semper
3165 5030 3341 5074 mente
3365 5020 3592 5078 interes-

2025 5112 2107 5157 set
2152 5105 2355 5158 civibns
2382 5108 2707 5175 angelorum.
2752 5107 2848 5159 llic
2887 5116 3061 5161 autem
3112 5122 3372 5179 prmcepta
3419 5123 3591 5171 trans-

2024 5194 2257 5247 cendens
2306 5197 2563 5263 regularia
2599 5235 2613 5257 ,
2676 5196 2761 5248 tali
2816 5196 3029 5253 modulo
3082 5204 3358 5269 pra-sentis
3406 5205 3587 5258 saeculi

2024 5284 2336 5357 fungebatur
2363 5288 2491 5351 vita,
2522 5288 2659 5355 quod
2707 5291 2882 5343 omnia
2914 5291 3105 5347 decora
3151 5295 3267 5348 visu
3315 5305 3368 5348 et
3406 5295 3588 5347 auditu

2022 5374 2195 5429 dulcia
2227 5374 2385 5428 corde
2432 5377 2734 5433 castissime
2779 5382 3143 5450 vilipenderet,
3183 5383 3342 5437 veluti
3392 5382 3589 5448 peritu-

2021 5481 2109 5520 ras
2138 5465 2242 5519 feni
2284 5466 2611 5539 quisquilias.
2667 5473 2972 5528 imitabatur
3024 5474 3110 5527 hic
3163 5472 3589 5541 religiosissimus

2021 5555 2343 5613 Testamenti
2375 5560 2579 5617 Veteris
2602 5564 2921 5633 jttslissimos
2950 5565 3150 5628 Patres,
3174 5564 3225 5617 in
3265 5578 3358 5618 sua
3391 5579 3587 5621 unum-

2020 5664 2282 5719 quemque
2310 5652 2467 5708 animi
2499 5665 2681 5710 sancta
2710 5658 2901 5711 virtute
2929 5671 2940 5706 :
2978 5653 3241 5710 Abraham
3272 5655 3499 5725 scilicet,
3532 5657 3593 5751 in
