  <div class='ocr_page' id='page_1' title='image "/cluster/home/n/w/nwhite01/storage/ocr_20150623/89/hvd.32044054758925/039.png"; bbox 0 0 4070 6182; ppageno 0'>
   <div class='ocr_carea' id='block_1_1' title="bbox 446 295 3698 389">
    <p class='ocr_par' dir='ltr' id='par_1_1' title="bbox 446 295 3698 389">
     <span class='ocr_line' id='line_1_1' title="bbox 446 295 3698 389; baseline -0.006 -1"><span class='ocrx_word' id='word_1_1' title='bbox 446 323 512 388; x_wconf 76' lang='lat' dir='ltr'><strong>tn</strong></span> <span class='ocrx_word' id='word_1_2' title='bbox 1251 329 1306 384; x_wconf 91' lang='lat' dir='ltr'><strong>s.</strong></span> <span class='ocrx_word' id='word_1_3' title='bbox 1351 321 1786 389; x_wconf 77' lang='lat' dir='ltr'><strong>ALDHELMUS,</strong></span> <span class='ocrx_word' id='word_1_4' title='bbox 1831 311 2472 376; x_wconf 66' lang='lat' dir='ltr'><strong>scumeuunusums</strong></span> <span class='ocrx_word' id='word_1_5' title='bbox 2513 295 2902 373; x_wconf 72' lang='lat' dir='ltr'><strong>Episcopus.</strong></span> <span class='ocrx_word' id='word_1_6' title='bbox 3633 305 3698 378; x_wconf 64' lang='grc' dir='ltr'><strong>ει</strong></span> 
     </span>
    </p>
   </div>
   <div class='ocr_carea' id='block_1_2' title="bbox 440 424 3696 514">
    <p class='ocr_par' dir='ltr' id='par_1_2' title="bbox 440 424 3696 514">
     <span class='ocr_line' id='line_1_2' title="bbox 440 424 3696 514; baseline -0.004 -12"><span class='ocrx_word' id='word_1_7' title='bbox 440 443 821 514; x_wconf 82' lang='lat' dir='ltr'><strong>hospitalitatis</strong></span> <span class='ocrx_word' id='word_1_8' title='bbox 842 443 1135 498; x_wconf 82' lang='lat' dir='ltr'><strong>rcverendo</strong></span> <span class='ocrx_word' id='word_1_9' title='bbox 1156 443 1354 507; x_wconf 87' lang='lat' dir='ltr'><strong>studio,</strong></span> <span class='ocrx_word' id='word_1_10' title='bbox 1373 453 1531 514; x_wconf 89' lang='lat' dir='ltr'><strong>atque</strong></span> <span class='ocrx_word' id='word_1_11' title='bbox 1550 445 1601 498; x_wconf 92' lang='lat' dir='ltr'><strong>in</strong></span> <span class='ocrx_word' id='word_1_12' title='bbox 1621 435 2017 508; x_wconf 79' lang='lat' dir='ltr'><strong>perseverantia</strong></span> <span class='ocrx_word' id='word_1_13' title='bbox 2047 434 2097 493; x_wconf 84' lang='grc' dir='ltr'>Λ</span> <span class='ocrx_word' id='word_1_14' title='bbox 2125 441 2304 501; x_wconf 82' lang='lat' dir='ltr'><strong>pastor</strong></span> <span class='ocrx_word' id='word_1_15' title='bbox 2353 447 2517 502; x_wconf 89' lang='lat' dir='ltr'><strong>opere</strong></span> <span class='ocrx_word' id='word_1_16' title='bbox 2562 433 2885 501; x_wconf 84' lang='lat' dir='ltr'><strong>competenti</strong></span> <span class='ocrx_word' id='word_1_17' title='bbox 2942 432 3005 487; x_wconf 86' lang='lat' dir='ltr'><strong>ad</strong></span> <span class='ocrx_word' id='word_1_18' title='bbox 3051 429 3301 488; x_wconf 79' lang='lat' dir='ltr'><strong>effectum</strong></span> <span class='ocrx_word' id='word_1_19' title='bbox 3348 424 3696 505; x_wconf 77' lang='lat' dir='ltr'><strong>perducebat,</strong></span> 
     </span>
    </p>
   </div>
   <div class='ocr_carea' id='block_1_3' title="bbox 451 527 2016 604">
    <p class='ocr_par' dir='ltr' id='par_1_3' title="bbox 451 527 2016 604">
     <span class='ocr_line' id='line_1_3' title="bbox 451 527 2016 604; baseline -0.01 -9"><span class='ocrx_word' id='word_1_20' title='bbox 451 535 784 599; x_wconf 78' lang='lat' dir='ltr'><strong>cbodientiae,</strong></span> <span class='ocrx_word' id='word_1_21' title='bbox 812 548 929 603; x_wconf 66' lang='lat' dir='ltr'><strong>qua:</strong></span> <span class='ocrx_word' id='word_1_22' title='bbox 959 533 1217 588; x_wconf 90' lang='lat' dir='ltr'><strong>bonorum</strong></span> <span class='ocrx_word' id='word_1_23' title='bbox 1241 549 1460 604; x_wconf 89' lang='lat' dir='ltr'><strong>operum</strong></span> <span class='ocrx_word' id='word_1_24' title='bbox 1481 534 1717 590; x_wconf 90' lang='lat' dir='ltr'><strong>creditur</strong></span> <span class='ocrx_word' id='word_1_25' title='bbox 1733 527 2016 600; x_wconf 81' lang='lat' dir='ltr'><strong>perfectio;</strong></span> 
     </span>
    </p>
   </div>
   <div class='ocr_carea' id='block_1_4' title="bbox 448 616 2018 694">
    <p class='ocr_par' dir='ltr' id='par_1_4' title="bbox 448 616 2018 694">
     <span class='ocr_line' id='line_1_4' title="bbox 448 616 2018 694; baseline -0.01 -10"><span class='ocrx_word' id='word_1_26' title='bbox 448 625 728 684; x_wconf 74' lang='lat' dir='ltr'><strong>Jeremiam</strong></span> <span class='ocrx_word' id='word_1_27' title='bbox 759 638 988 693; x_wconf 88' lang='lat' dir='ltr'><strong>quoque,</strong></span> <span class='ocrx_word' id='word_1_28' title='bbox 1022 624 1075 678; x_wconf 93' lang='lat' dir='ltr'><strong>in</strong></span> <span class='ocrx_word' id='word_1_29' title='bbox 1119 624 1370 679; x_wconf 86' lang='lat' dir='ltr'><strong>solitariis</strong></span> <span class='ocrx_word' id='word_1_30' title='bbox 1401 623 1681 694; x_wconf 76' lang='lat' dir='ltr'><strong>degentem</strong></span> <span class='ocrx_word' id='word_1_31' title='bbox 1722 616 2018 680; x_wconf 83' lang='lat' dir='ltr'><strong>scrobibus,</strong></span> 
     </span>
    </p>
   </div>
   <div class='ocr_carea' id='block_1_5' title="bbox 450 713 2018 787">
    <p class='ocr_par' dir='ltr' id='par_1_5' title="bbox 450 713 2018 787">
     <span class='ocr_line' id='line_1_5' title="bbox 450 713 2018 787; baseline -0.008 -13"><span class='ocrx_word' id='word_1_32' title='bbox 450 730 608 787; x_wconf 80' lang='lat' dir='ltr'><strong>atque</strong></span> <span class='ocrx_word' id='word_1_33' title='bbox 645 715 893 772; x_wconf 91' lang='lat' dir='ltr'><strong>laudabili</strong></span> <span class='ocrx_word' id='word_1_34' title='bbox 949 716 1242 772; x_wconf 87' lang='lat' dir='ltr'><strong>remotione</strong></span> <span class='ocrx_word' id='word_1_35' title='bbox 1281 731 1310 772; x_wconf 90' lang='lat' dir='ltr'><strong>a</strong></span> <span class='ocrx_word' id='word_1_36' title='bbox 1367 725 1656 785; x_wconf 90' lang='lat' dir='ltr'><strong>conspectu</strong></span> <span class='ocrx_word' id='word_1_37' title='bbox 1708 713 2018 773; x_wconf 88' lang='lat' dir='ltr'><strong>hominum;</strong></span> 
     </span>
    </p>
   </div>
   <div class='ocr_carea' id='block_1_6' title="bbox 455 789 2023 878">
    <p class='ocr_par' dir='ltr' id='par_1_6' title="bbox 455 789 2023 878">
     <span class='ocr_line' id='line_1_6' title="bbox 455 789 2023 878; baseline -0.011 -10"><span class='ocrx_word' id='word_1_38' title='bbox 455 810 550 868; x_wconf 80' lang='lat' dir='ltr'><strong>Job</strong></span> <span class='ocrx_word' id='word_1_39' title='bbox 576 823 788 878; x_wconf 82' lang='lat' dir='ltr'><strong>quoque</strong></span> <span class='ocrx_word' id='word_1_40' title='bbox 816 808 986 861; x_wconf 86' lang='lat' dir='ltr'><strong>virum</strong></span> <span class='ocrx_word' id='word_1_41' title='bbox 1020 821 1221 861; x_wconf 84' lang='lat' dir='ltr'><strong>summa</strong></span> <span class='ocrx_word' id='word_1_42' title='bbox 1253 806 1448 862; x_wconf 86' lang='lat' dir='ltr'><strong>virtute</strong></span> <span class='ocrx_word' id='word_1_43' title='bbox 1477 802 1822 866; x_wconf 84' lang='lat' dir='ltr'><strong>laudabilem,</strong></span> <span class='ocrx_word' id='word_1_44' title='bbox 1850 801 1902 854; x_wconf 91' lang='lat' dir='ltr'><strong>in</strong></span> <span class='ocrx_word' id='word_1_45' title='bbox 1930 789 2023 868; x_wconf 88' lang='lat' dir='ltr'><strong>pa-</strong></span> 
     </span>
    </p>
   </div>
   <div class='ocr_carea' id='block_1_7' title="bbox 450 892 2022 965">
    <p class='ocr_par' dir='ltr' id='par_1_7' title="bbox 450 892 2022 965">
     <span class='ocr_line' id='line_1_7' title="bbox 450 892 2022 965; baseline -0.01 -7"><span class='ocrx_word' id='word_1_46' title='bbox 450 901 647 958; x_wconf 70' lang='lat' dir='ltr'><strong>tientia</strong></span> <span class='ocrx_word' id='word_1_47' title='bbox 694 897 907 952; x_wconf 88' lang='lat' dir='ltr'><strong>fervore</strong></span> <span class='ocrx_word' id='word_1_48' title='bbox 955 897 1318 952; x_wconf 79' lang='lat' dir='ltr'><strong>indesinenter</strong></span> <span class='ocrx_word' id='word_1_49' title='bbox 1363 897 1696 965; x_wconf 85' lang='lat' dir='ltr'><strong>assequitur,</strong></span> <span class='ocrx_word' id='word_1_50' title='bbox 1745 907 1812 948; x_wconf 89' lang='lat' dir='ltr'><strong>ne</strong></span> <span class='ocrx_word' id='word_1_51' title='bbox 1857 892 1909 944; x_wconf 93' lang='lat' dir='ltr'><strong>in</strong></span> <span class='ocrx_word' id='word_1_52' title='bbox 1956 903 2022 944; x_wconf 92' lang='lat' dir='ltr'><strong>eo</strong></span> 
     </span>
    </p>
   </div>
   <div class='ocr_carea' id='block_1_8' title="bbox 448 981 2026 1059">
    <p class='ocr_par' dir='ltr' id='par_1_8' title="bbox 448 981 2026 1059">
     <span class='ocr_line' id='line_1_8' title="bbox 448 981 2026 1059; baseline -0.005 -18"><span class='ocrx_word' id='word_1_53' title='bbox 448 988 610 1059; x_wconf 88' lang='lat' dir='ltr'><strong>(quod</strong></span> <span class='ocrx_word' id='word_1_54' title='bbox 635 988 798 1056; x_wconf 84' lang='lat' dir='ltr'><strong>absit)</strong></span> <span class='ocrx_word' id='word_1_55' title='bbox 826 986 938 1043; x_wconf 81' lang='lat' dir='ltr'><strong>fieri</strong></span> <span class='ocrx_word' id='word_1_56' title='bbox 971 995 1152 1056; x_wconf 79' lang='lat' dir='ltr'><strong>posset</strong></span> <span class='ocrx_word' id='word_1_57' title='bbox 1181 986 1323 1059; x_wconf 91' lang='lat' dir='ltr'><strong>quod</strong></span> <span class='ocrx_word' id='word_1_58' title='bbox 1353 986 1548 1042; x_wconf 88' lang='lat' dir='ltr'><strong>alicubi</strong></span> <span class='ocrx_word' id='word_1_59' title='bbox 1580 985 1771 1055; x_wconf 80' lang='lat' dir='ltr'><strong>legitur</strong></span> <span class='ocrx_word' id='word_1_60' title='bbox 1806 1002 1818 1036; x_wconf 90' lang='lat'><strong>:</strong></span> <span class='ocrx_word' id='word_1_61' title='bbox 1851 999 1869 1033; x_wconf 84' lang='lat' dir='ltr'><strong>t</strong></span> <span class='ocrx_word' id='word_1_62' title='bbox 1897 981 2026 1036; x_wconf 90' lang='lat' dir='ltr'><strong>0m-</strong></span> 
     </span>
    </p>
   </div>
   <div class='ocr_carea' id='block_1_9' title="bbox 447 1073 2021 1148">
    <p class='ocr_par' dir='ltr' id='par_1_9' title="bbox 447 1073 2021 1148">
     <span class='ocr_line' id='line_1_9' title="bbox 447 1073 2021 1148; baseline -0.006 -15"><span class='ocrx_word' id='word_1_63' title='bbox 447 1081 531 1134; x_wconf 86' lang='lat' dir='ltr'><strong>nis</strong></span> <span class='ocrx_word' id='word_1_64' title='bbox 558 1079 726 1132; x_wconf 86' lang='lat' dir='ltr'><strong>virtus</strong></span> <span class='ocrx_word' id='word_1_65' title='bbox 752 1086 834 1133; x_wconf 84' lang='lat' dir='ltr'><strong>est</strong></span> <span class='ocrx_word' id='word_1_66' title='bbox 859 1077 1037 1144; x_wconf 75' lang='lat' dir='ltr'><strong>vidua,</strong></span> <span class='ocrx_word' id='word_1_67' title='bbox 1068 1093 1227 1148; x_wconf 89' lang='lat' dir='ltr'><strong>quam</strong></span> <span class='ocrx_word' id='word_1_68' title='bbox 1267 1078 1420 1133; x_wconf 87' lang='lat' dir='ltr'><strong>fortis</strong></span> <span class='ocrx_word' id='word_1_69' title='bbox 1471 1093 1576 1132; x_wconf 92' lang='lat' dir='ltr'><strong>non</strong></span> <span class='ocrx_word' id='word_1_70' title='bbox 1610 1076 1782 1129; x_wconf 86' lang='lat' dir='ltr'><strong>firmat</strong></span> <span class='ocrx_word' id='word_1_71' title='bbox 1815 1073 2021 1144; x_wconf 89' lang='lat' dir='ltr'><strong>patien-</strong></span> 
     </span>
    </p>
   </div>
   <div class='ocr_carea' id='block_1_10' title="bbox 443 1160 2020 1235">
    <p class='ocr_par' dir='ltr' id='par_1_10' title="bbox 443 1160 2020 1235">
     <span class='ocr_line' id='line_1_10' title="bbox 443 1160 2020 1235; baseline -0.007 -11"><span class='ocrx_word' id='word_1_72' title='bbox 443 1171 551 1234; x_wconf 86' lang='lat' dir='ltr'><strong>tia;</strong></span> <span class='ocrx_word' id='word_1_73' title='bbox 581 1187 601 1220; x_wconf 68' lang='grc' dir='ltr'><strong><em>ι</em></strong></span> <span class='ocrx_word' id='word_1_74' title='bbox 638 1170 690 1222; x_wconf 92' lang='lat' dir='ltr'><strong>in</strong></span> <span class='ocrx_word' id='word_1_75' title='bbox 726 1169 1006 1223; x_wconf 87' lang='lat' dir='ltr'><strong>charitatis</strong></span> <span class='ocrx_word' id='word_1_76' title='bbox 1056 1170 1268 1224; x_wconf 78' lang='lat' dir='ltr'><strong>fervore</strong></span> <span class='ocrx_word' id='word_1_77' title='bbox 1323 1169 1510 1234; x_wconf 81' lang='lat' dir='ltr'><strong>David,</strong></span> <span class='ocrx_word' id='word_1_78' title='bbox 1539 1166 1778 1235; x_wconf 81' lang='lat' dir='ltr'><strong>belligeri</strong></span> <span class='ocrx_word' id='word_1_79' title='bbox 1811 1160 2020 1218; x_wconf 88' lang='lat' dir='ltr'><strong>Goliath</strong></span> 
     </span>
    </p>
   </div>
   <div class='ocr_carea' id='block_1_11' title="bbox 446 1252 2024 1325">
    <p class='ocr_par' dir='ltr' id='par_1_11' title="bbox 446 1252 2024 1325">
     <span class='ocr_line' id='line_1_11' title="bbox 446 1252 2024 1325; baseline -0.004 -15"><span class='ocrx_word' id='word_1_80' title='bbox 446 1267 528 1319; x_wconf 78' lang='lat' dir='ltr'><strong>(ut</strong></span> <span class='ocrx_word' id='word_1_81' title='bbox 559 1259 724 1314; x_wconf 80' lang='lat' dir='ltr'><strong>refert</strong></span> <span class='ocrx_word' id='word_1_82' title='bbox 751 1259 1047 1325; x_wconf 84' lang='lat' dir='ltr'><strong>Scriptura)</strong></span> <span class='ocrx_word' id='word_1_83' title='bbox 1081 1259 1335 1309; x_wconf 81' lang='lat' dir='ltr'><strong>victorem</strong></span> <span class='ocrx_word' id='word_1_84' title='bbox 1369 1257 1622 1325; x_wconf 85' lang='lat' dir='ltr'><strong>typicum,</strong></span> <span class='ocrx_word' id='word_1_85' title='bbox 1648 1269 1807 1323; x_wconf 82' lang='lat' dir='ltr'><strong>quem</strong></span> <span class='ocrx_word' id='word_1_86' title='bbox 1846 1252 2024 1320; x_wconf 87' lang='lat' dir='ltr'><strong>sequi-</strong></span> 
     </span>
    </p>
   </div>
   <div class='ocr_carea' id='block_1_12' title="bbox 440 1343 2023 1412">
    <p class='ocr_par' dir='ltr' id='par_1_12' title="bbox 440 1343 2023 1412">
     <span class='ocr_line' id='line_1_12' title="bbox 440 1343 2023 1412; baseline -0.004 -8"><span class='ocrx_word' id='word_1_87' title='bbox 440 1363 534 1404; x_wconf 87' lang='lat' dir='ltr'><strong>tur</strong></span> <span class='ocrx_word' id='word_1_88' title='bbox 586 1348 726 1412; x_wconf 89' lang='lat' dir='ltr'><strong>iste,</strong></span> <span class='ocrx_word' id='word_1_89' title='bbox 785 1347 995 1399; x_wconf 78' lang='lat' dir='ltr'><strong>invidia:</strong></span> <span class='ocrx_word' id='word_1_90' title='bbox 1051 1346 1352 1411; x_wconf 87' lang='lat' dir='ltr'><strong>superando</strong></span> <span class='ocrx_word' id='word_1_91' title='bbox 1401 1345 1589 1399; x_wconf 89' lang='lat' dir='ltr'><strong>vitium</strong></span> <span class='ocrx_word' id='word_1_92' title='bbox 1633 1362 1645 1398; x_wconf 93' lang='lat'><strong>:</strong></span> <span class='ocrx_word' id='word_1_93' title='bbox 1688 1345 1740 1398; x_wconf 92' lang='lat' dir='ltr'><strong>in</strong></span> <span class='ocrx_word' id='word_1_94' title='bbox 1783 1343 2023 1397; x_wconf 78' lang='lat' dir='ltr'><strong>castitate</strong></span> 
     </span>
    </p>
   </div>
   <div class='ocr_carea' id='block_1_13' title="bbox 443 1431 2025 1503">
    <p class='ocr_par' dir='ltr' id='par_1_13' title="bbox 443 1431 2025 1503">
     <span class='ocr_line' id='line_1_13' title="bbox 443 1431 2025 1503; baseline 0.001 -17"><span class='ocrx_word' id='word_1_95' title='bbox 443 1435 720 1503; x_wconf 86' lang='lat' dir='ltr'><strong>utriusque</strong></span> <span class='ocrx_word' id='word_1_96' title='bbox 749 1433 1062 1488; x_wconf 73' lang='lat' dir='ltr'><strong>substantia:</strong></span> <span class='ocrx_word' id='word_1_97' title='bbox 1089 1431 1371 1498; x_wconf 80' lang='lat' dir='ltr'><strong>Joannem,</strong></span> <span class='ocrx_word' id='word_1_98' title='bbox 1404 1435 1626 1489; x_wconf 89' lang='lat' dir='ltr'><strong>charum</strong></span> <span class='ocrx_word' id='word_1_99' title='bbox 1657 1433 1869 1490; x_wconf 88' lang='lat' dir='ltr'><strong>Christo</strong></span> <span class='ocrx_word' id='word_1_100' title='bbox 1897 1448 2025 1502; x_wconf 82' lang='lat' dir='ltr'><strong>apo-</strong></span> 
     </span>
    </p>
   </div>
   <div class='ocr_carea' id='block_1_14' title="bbox 444 1523 2019 1595">
    <p class='ocr_par' dir='ltr' id='par_1_14' title="bbox 444 1523 2019 1595">
     <span class='ocr_line' id='line_1_14' title="bbox 444 1523 2019 1595; baseline 0 -21"><span class='ocrx_word' id='word_1_101' title='bbox 444 1523 667 1591; x_wconf 87' lang='lat' dir='ltr'><strong>stolum,</strong></span> <span class='ocrx_word' id='word_1_102' title='bbox 709 1540 863 1592; x_wconf 88' lang='lat' dir='ltr'><strong>quem</strong></span> <span class='ocrx_word' id='word_1_103' title='bbox 910 1535 1236 1594; x_wconf 81' lang='lat' dir='ltr'><strong>cognoverat</strong></span> <span class='ocrx_word' id='word_1_104' title='bbox 1281 1525 1675 1595; x_wconf 85' lang='lat' dir='ltr'><strong>quodammodo</strong></span> <span class='ocrx_word' id='word_1_105' title='bbox 1719 1526 1818 1578; x_wconf 87' lang='lat' dir='ltr'><strong>hac</strong></span> <span class='ocrx_word' id='word_1_106' title='bbox 1863 1524 2019 1578; x_wconf 86' lang='lat' dir='ltr'><strong>etiam</strong></span> 
     </span>
    </p>
   </div>
   <div class='ocr_carea' id='block_1_15' title="bbox 445 1611 2023 1683">
    <p class='ocr_par' dir='ltr' id='par_1_15' title="bbox 445 1611 2023 1683">
     <span class='ocr_line' id='line_1_15' title="bbox 445 1611 2023 1683; baseline 0.001 -18"><span class='ocrx_word' id='word_1_107' title='bbox 445 1613 642 1680; x_wconf 84' lang='lat' dir='ltr'><strong>pietate</strong></span> <span class='ocrx_word' id='word_1_108' title='bbox 659 1613 776 1682; x_wconf 85' lang='lat' dir='ltr'><strong>plus</strong></span> <span class='ocrx_word' id='word_1_109' title='bbox 807 1614 924 1667; x_wconf 85' lang='lat' dir='ltr'><strong>aliis</strong></span> <span class='ocrx_word' id='word_1_110' title='bbox 955 1614 1128 1667; x_wconf 89' lang='lat' dir='ltr'><strong>eidem</strong></span> <span class='ocrx_word' id='word_1_111' title='bbox 1159 1615 1381 1668; x_wconf 88' lang='lat' dir='ltr'><strong>Domino</strong></span> <span class='ocrx_word' id='word_1_112' title='bbox 1411 1613 1824 1683; x_wconf 88' lang='lat' dir='ltr'><strong>complacuisse.</strong></span> <span class='ocrx_word' id='word_1_113' title='bbox 1854 1611 2023 1666; x_wconf 83' lang='lat' dir='ltr'><strong>Caete-</strong></span> 
     </span>
    </p>
   </div>
   <div class='ocr_carea' id='block_1_16' title="bbox 446 1703 2022 1776">
    <p class='ocr_par' dir='ltr' id='par_1_16' title="bbox 446 1703 2022 1776">
     <span class='ocr_line' id='line_1_16' title="bbox 446 1703 2022 1776; baseline -0.003 -16"><span class='ocrx_word' id='word_1_114' title='bbox 446 1719 564 1760; x_wconf 84' lang='lat' dir='ltr'><strong>rum</strong></span> <span class='ocrx_word' id='word_1_115' title='bbox 610 1706 660 1760; x_wconf 91' lang='lat' dir='ltr'><strong>in</strong></span> <span class='ocrx_word' id='word_1_116' title='bbox 705 1721 842 1760; x_wconf 73' lang='lat' dir='ltr'><strong>verte</strong></span> <span class='ocrx_word' id='word_1_117' title='bbox 874 1707 1259 1775; x_wconf 89' lang='lat' dir='ltr'><strong>compassionis</strong></span> <span class='ocrx_word' id='word_1_118' title='bbox 1290 1708 1583 1776; x_wconf 87' lang='lat' dir='ltr'><strong>proposito,</strong></span> <span class='ocrx_word' id='word_1_119' title='bbox 1625 1719 1782 1774; x_wconf 90' lang='lat' dir='ltr'><strong>quem</strong></span> <span class='ocrx_word' id='word_1_120' title='bbox 1812 1703 1894 1757; x_wconf 91' lang='lat' dir='ltr'><strong>vir</strong></span> <span class='ocrx_word' id='word_1_121' title='bbox 1923 1703 2022 1756; x_wconf 91' lang='lat' dir='ltr'><strong>iste</strong></span> 
     </span>
    </p>
   </div>
   <div class='ocr_carea' id='block_1_17' title="bbox 449 1773 2103 1866">
    <p class='ocr_par' dir='ltr' id='par_1_17' title="bbox 449 1773 2103 1866">
     <span class='ocr_line' id='line_1_17' title="bbox 449 1773 2103 1866; baseline -0.005 -14"><span class='ocrx_word' id='word_1_122' title='bbox 449 1797 815 1852; x_wconf 84' lang='lat' dir='ltr'><strong>sanctissimus</strong></span> <span class='ocrx_word' id='word_1_123' title='bbox 853 1798 1193 1866; x_wconf 84' lang='lat' dir='ltr'><strong>sequebatur,</strong></span> <span class='ocrx_word' id='word_1_124' title='bbox 1230 1797 1328 1850; x_wconf 89' lang='lat' dir='ltr'><strong>nisi</strong></span> <span class='ocrx_word' id='word_1_125' title='bbox 1361 1796 1531 1865; x_wconf 90' lang='lat' dir='ltr'><strong>ipsum</strong></span> <span class='ocrx_word' id='word_1_126' title='bbox 1563 1811 1740 1849; x_wconf 89' lang='lat' dir='ltr'><strong>rerum</strong></span> <span class='ocrx_word' id='word_1_127' title='bbox 1789 1793 2024 1848; x_wconf 86' lang='lat' dir='ltr'><strong>omnium</strong></span> <span class='ocrx_word' id='word_1_128' title='bbox 2060 1773 2103 1831; x_wconf 70' lang='grc' dir='ltr'><strong>Β</strong></span> 
     </span>
    </p>
   </div>
   <div class='ocr_carea' id='block_1_18' title="bbox 445 1887 2022 1958">
    <p class='ocr_par' dir='ltr' id='par_1_18' title="bbox 445 1887 2022 1958">
     <span class='ocr_line' id='line_1_18' title="bbox 445 1887 2022 1958; baseline -0.001 -18"><span class='ocrx_word' id='word_1_129' title='bbox 445 1889 723 1953; x_wconf 87' lang='lat' dir='ltr'><strong>factorem,</strong></span> <span class='ocrx_word' id='word_1_130' title='bbox 754 1888 841 1958; x_wconf 88' lang='lat' dir='ltr'><strong>qui</strong></span> <span class='ocrx_word' id='word_1_131' title='bbox 900 1902 994 1957; x_wconf 90' lang='lat' dir='ltr'><strong>pro</strong></span> <span class='ocrx_word' id='word_1_132' title='bbox 1048 1889 1205 1943; x_wconf 89' lang='lat' dir='ltr'><strong>totius</strong></span> <span class='ocrx_word' id='word_1_133' title='bbox 1260 1889 1472 1958; x_wconf 80' lang='lat' dir='ltr'><strong>generis</strong></span> <span class='ocrx_word' id='word_1_134' title='bbox 1527 1888 1743 1942; x_wconf 85' lang='lat' dir='ltr'><strong>humani</strong></span> <span class='ocrx_word' id='word_1_135' title='bbox 1804 1887 2022 1952; x_wconf 85' lang='lat' dir='ltr'><strong>delicto,</strong></span> 
     </span>
    </p>
   </div>
   <div class='ocr_carea' id='block_1_19' title="bbox 445 1975 2028 2048">
    <p class='ocr_par' dir='ltr' id='par_1_19' title="bbox 445 1975 2028 2048">
     <span class='ocr_line' id='line_1_19' title="bbox 445 1975 2028 2048; baseline -0.002 -16"><span class='ocrx_word' id='word_1_136' title='bbox 445 1993 640 2032; x_wconf 70' lang='lat' dir='ltr'><strong>amarae</strong></span> <span class='ocrx_word' id='word_1_137' title='bbox 669 1979 853 2032; x_wconf 88' lang='lat' dir='ltr'><strong>mortis</strong></span> <span class='ocrx_word' id='word_1_138' title='bbox 883 1978 1114 2048; x_wconf 76' lang='lat' dir='ltr'><strong>gustavit</strong></span> <span class='ocrx_word' id='word_1_139' title='bbox 1148 1978 1390 2045; x_wconf 90' lang='lat' dir='ltr'><strong>poculum</strong></span> <span class='ocrx_word' id='word_1_140' title='bbox 1433 1976 1497 2030; x_wconf 90' lang='lat' dir='ltr'><strong>ad</strong></span> <span class='ocrx_word' id='word_1_141' title='bbox 1531 1975 1897 2045; x_wconf 68' lang='lat' dir='ltr'><strong>tempusilsta</strong></span> <span class='ocrx_word' id='word_1_142' title='bbox 1929 1977 2028 2029; x_wconf 91' lang='lat' dir='ltr'><strong>sub</strong></span> 
     </span>
    </p>
   </div>
   <div class='ocr_carea' id='block_1_20' title="bbox 447 2067 2028 2136">
    <p class='ocr_par' dir='ltr' id='par_1_20' title="bbox 447 2067 2028 2136">
     <span class='ocr_line' id='line_1_20' title="bbox 447 2067 2028 2136; baseline -0.004 -12"><span class='ocrx_word' id='word_1_143' title='bbox 447 2069 727 2134; x_wconf 85' lang='lat' dir='ltr'><strong>brevitate,</strong></span> <span class='ocrx_word' id='word_1_144' title='bbox 760 2085 863 2124; x_wconf 93' lang='lat' dir='ltr'><strong>non</strong></span> <span class='ocrx_word' id='word_1_145' title='bbox 895 2070 958 2124; x_wconf 89' lang='lat' dir='ltr'><strong>ad</strong></span> <span class='ocrx_word' id='word_1_146' title='bbox 993 2069 1260 2123; x_wconf 88' lang='lat' dir='ltr'><strong>fastidiutn</strong></span> <span class='ocrx_word' id='word_1_147' title='bbox 1291 2067 1550 2136; x_wconf 86' lang='lat' dir='ltr'><strong>alicujus,</strong></span> <span class='ocrx_word' id='word_1_148' title='bbox 1582 2067 1676 2121; x_wconf 91' lang='lat' dir='ltr'><strong>sed</strong></span> <span class='ocrx_word' id='word_1_149' title='bbox 1702 2067 1767 2120; x_wconf 89' lang='lat' dir='ltr'><strong>ad</strong></span> <span class='ocrx_word' id='word_1_150' title='bbox 1795 2067 2028 2120; x_wconf 65' lang='lat' dir='ltr'><strong>aediﬁca-</strong></span> 
     </span>
    </p>
   </div>
   <div class='ocr_carea' id='block_1_21' title="bbox 449 2155 2028 2225">
    <p class='ocr_par' dir='ltr' id='par_1_21' title="bbox 449 2155 2028 2225">
     <span class='ocr_line' id='line_1_21' title="bbox 449 2155 2028 2225; baseline -0.003 -11"><span class='ocrx_word' id='word_1_151' title='bbox 449 2161 647 2215; x_wconf 90' lang='lat' dir='ltr'><strong>tionem</strong></span> <span class='ocrx_word' id='word_1_152' title='bbox 678 2159 797 2215; x_wconf 91' lang='lat' dir='ltr'><strong>ideo</strong></span> <span class='ocrx_word' id='word_1_153' title='bbox 829 2160 898 2212; x_wconf 89' lang='lat' dir='ltr'><strong>ita</strong></span> <span class='ocrx_word' id='word_1_154' title='bbox 941 2159 1374 2220; x_wconf 84' lang='lat' dir='ltr'><strong>transcurrimus,</strong></span> <span class='ocrx_word' id='word_1_155' title='bbox 1417 2159 1563 2225; x_wconf 89' lang='lat' dir='ltr'><strong>quia,</strong></span> <span class='ocrx_word' id='word_1_156' title='bbox 1600 2167 1786 2210; x_wconf 88' lang='lat' dir='ltr'><strong>sancto</strong></span> <span class='ocrx_word' id='word_1_157' title='bbox 1813 2155 2028 2223; x_wconf 87' lang='lat' dir='ltr'><strong>juvante</strong></span> 
     </span>
    </p>
   </div>
   <div class='ocr_carea' id='block_1_22' title="bbox 449 2247 2025 2324">
    <p class='ocr_par' dir='ltr' id='par_1_22' title="bbox 449 2247 2025 2324">
     <span class='ocr_line' id='line_1_22' title="bbox 449 2247 2025 2324; baseline -0.006 -15"><span class='ocrx_word' id='word_1_158' title='bbox 449 2252 669 2324; x_wconf 87' lang='lat' dir='ltr'><strong>Spiritu,</strong></span> <span class='ocrx_word' id='word_1_159' title='bbox 711 2249 778 2306; x_wconf 89' lang='lat' dir='ltr'><strong>ad</strong></span> <span class='ocrx_word' id='word_1_160' title='bbox 812 2251 914 2304; x_wconf 90' lang='lat' dir='ltr'><strong>alia</strong></span> <span class='ocrx_word' id='word_1_161' title='bbox 945 2250 1132 2317; x_wconf 87' lang='lat' dir='ltr'><strong>multa,</strong></span> <span class='ocrx_word' id='word_1_162' title='bbox 1166 2250 1260 2305; x_wconf 90' lang='lat' dir='ltr'><strong>sed</strong></span> <span class='ocrx_word' id='word_1_163' title='bbox 1287 2259 1461 2304; x_wconf 88' lang='lat' dir='ltr'><strong>tamen</strong></span> <span class='ocrx_word' id='word_1_164' title='bbox 1494 2248 1731 2319; x_wconf 89' lang='lat' dir='ltr'><strong>ejusdem</strong></span> <span class='ocrx_word' id='word_1_165' title='bbox 1763 2247 1861 2302; x_wconf 84' lang='lat' dir='ltr'><strong>viri</strong></span> <span class='ocrx_word' id='word_1_166' title='bbox 1893 2247 2025 2301; x_wconf 86' lang='lat' dir='ltr'><strong>facta</strong></span> 
     </span>
    </p>
   </div>
   <div class='ocr_carea' id='block_1_23' title="bbox 447 2341 1292 2410">
    <p class='ocr_par' dir='ltr' id='par_1_23' title="bbox 447 2341 1292 2410">
     <span class='ocr_line' id='line_1_23' title="bbox 447 2341 1292 2410; baseline -0.006 -11"><span class='ocrx_word' id='word_1_167' title='bbox 447 2343 707 2399; x_wconf 89' lang='lat' dir='ltr'><strong>narranda</strong></span> <span class='ocrx_word' id='word_1_168' title='bbox 733 2342 913 2397; x_wconf 90' lang='lat' dir='ltr'><strong>venire</strong></span> <span class='ocrx_word' id='word_1_169' title='bbox 938 2341 1292 2410; x_wconf 87' lang='lat' dir='ltr'><strong>disponimus.</strong></span> 
     </span>
    </p>
   </div>
   <div class='ocr_carea' id='block_1_24' title="bbox 519 2430 2025 2505">
    <p class='ocr_par' dir='ltr' id='par_1_24' title="bbox 519 2430 2025 2505">
     <span class='ocr_line' id='line_1_24' title="bbox 519 2430 2025 2505; baseline -0.003 -14"><span class='ocrx_word' id='word_1_170' title='bbox 519 2437 610 2491; x_wconf 79' lang='lat' dir='ltr'><strong>Vir</strong></span> <span class='ocrx_word' id='word_1_171' title='bbox 634 2450 860 2505; x_wconf 85' lang='lat' dir='ltr'><strong>namque</strong></span> <span class='ocrx_word' id='word_1_172' title='bbox 886 2436 1106 2490; x_wconf 92' lang='lat' dir='ltr'><strong>omnino</strong></span> <span class='ocrx_word' id='word_1_173' title='bbox 1136 2432 1349 2490; x_wconf 86' lang='lat' dir='ltr'><strong>Christo</strong></span> <span class='ocrx_word' id='word_1_174' title='bbox 1381 2432 1611 2495; x_wconf 90' lang='lat' dir='ltr'><strong>deditus,</strong></span> <span class='ocrx_word' id='word_1_175' title='bbox 1647 2431 1747 2486; x_wconf 91' lang='lat' dir='ltr'><strong>hoc</strong></span> <span class='ocrx_word' id='word_1_176' title='bbox 1777 2430 1878 2486; x_wconf 91' lang='lat' dir='ltr'><strong>sibi</strong></span> <span class='ocrx_word' id='word_1_177' title='bbox 1905 2447 2025 2486; x_wconf 89' lang='lat' dir='ltr'><strong>cum</strong></span> 
     </span>
    </p>
   </div>
   <div class='ocr_carea' id='block_1_25' title="bbox 444 2523 2028 2596">
    <p class='ocr_par' dir='ltr' id='par_1_25' title="bbox 444 2523 2028 2596">
     <span class='ocr_line' id='line_1_25' title="bbox 444 2523 2028 2596; baseline -0.003 -13"><span class='ocrx_word' id='word_1_178' title='bbox 444 2529 652 2584; x_wconf 66' lang='lat' dir='ltr'><strong>caeteris</strong></span> <span class='ocrx_word' id='word_1_179' title='bbox 682 2535 1036 2596; x_wconf 83' lang='lat' dir='ltr'><strong>spontaneum</strong></span> <span class='ocrx_word' id='word_1_180' title='bbox 1070 2525 1333 2580; x_wconf 78' lang='lat' dir='ltr'><strong>inferebat</strong></span> <span class='ocrx_word' id='word_1_181' title='bbox 1382 2523 1713 2593; x_wconf 85' lang='lat' dir='ltr'><strong>martyrium,</strong></span> <span class='ocrx_word' id='word_1_182' title='bbox 1768 2534 2028 2592; x_wconf 85' lang='lat' dir='ltr'><strong>quatenus</strong></span> 
     </span>
    </p>
   </div>
   <div class='ocr_carea' id='block_1_26' title="bbox 444 2615 2028 2687">
    <p class='ocr_par' dir='ltr' id='par_1_26' title="bbox 444 2615 2028 2687">
     <span class='ocr_line' id='line_1_26' title="bbox 444 2615 2028 2687; baseline -0.002 -13"><span class='ocrx_word' id='word_1_183' title='bbox 444 2622 765 2675; x_wconf 89' lang='lat' dir='ltr'><strong>immensum</strong></span> <span class='ocrx_word' id='word_1_184' title='bbox 799 2618 1124 2687; x_wconf 85' lang='lat' dir='ltr'><strong>triumphum</strong></span> <span class='ocrx_word' id='word_1_185' title='bbox 1157 2617 1259 2671; x_wconf 89' lang='lat' dir='ltr'><strong>sibi</strong></span> <span class='ocrx_word' id='word_1_186' title='bbox 1293 2616 1590 2686; x_wconf 87' lang='lat' dir='ltr'><strong>acquireret</strong></span> <span class='ocrx_word' id='word_1_187' title='bbox 1631 2631 1695 2670; x_wconf 76' lang='lat' dir='ltr'><strong>ex</strong></span> <span class='ocrx_word' id='word_1_188' title='bbox 1748 2615 1902 2671; x_wconf 89' lang='lat' dir='ltr'><strong>hoste</strong></span> <span class='ocrx_word' id='word_1_189' title='bbox 1931 2630 2028 2671; x_wconf 85' lang='lat' dir='ltr'><strong>ne-</strong></span> 
     </span>
    </p>
   </div>
   <div class='ocr_carea' id='block_1_27' title="bbox 445 2708 2030 2782">
    <p class='ocr_par' dir='ltr' id='par_1_27' title="bbox 445 2708 2030 2782">
     <span class='ocr_line' id='line_1_27' title="bbox 445 2708 2030 2782; baseline -0.004 -15"><span class='ocrx_word' id='word_1_190' title='bbox 445 2712 752 2782; x_wconf 90' lang='lat' dir='ltr'><strong>quissimo;</strong></span> <span class='ocrx_word' id='word_1_191' title='bbox 797 2711 838 2764; x_wconf 90' lang='lat' dir='ltr'><strong>si</strong></span> <span class='ocrx_word' id='word_1_192' title='bbox 896 2712 1104 2780; x_wconf 86' lang='lat' dir='ltr'><strong>quando</strong></span> <span class='ocrx_word' id='word_1_193' title='bbox 1157 2709 1434 2764; x_wconf 70' lang='lat' dir='ltr'><strong>mstuantis</strong></span> <span class='ocrx_word' id='word_1_194' title='bbox 1492 2708 1758 2763; x_wconf 90' lang='lat' dir='ltr'><strong>incentiva</strong></span> <span class='ocrx_word' id='word_1_195' title='bbox 1807 2709 2030 2763; x_wconf 87' lang='lat' dir='ltr'><strong>sentiret</strong></span> 
     </span>
    </p>
   </div>
   <div class='ocr_carea' id='block_1_28' title="bbox 446 2799 2025 2871">
    <p class='ocr_par' dir='ltr' id='par_1_28' title="bbox 446 2799 2025 2871">
     <span class='ocr_line' id='line_1_28' title="bbox 446 2799 2025 2871; baseline -0.004 -13"><span class='ocrx_word' id='word_1_196' title='bbox 446 2803 703 2868; x_wconf 89' lang='lat' dir='ltr'><strong>libidinis,</strong></span> <span class='ocrx_word' id='word_1_197' title='bbox 733 2812 968 2856; x_wconf 90' lang='lat' dir='ltr'><strong>armatus</strong></span> <span class='ocrx_word' id='word_1_198' title='bbox 1014 2811 1125 2856; x_wconf 91' lang='lat' dir='ltr'><strong>toto</strong></span> <span class='ocrx_word' id='word_1_199' title='bbox 1165 2815 1390 2871; x_wconf 89' lang='lat' dir='ltr'><strong>corpore</strong></span> <span class='ocrx_word' id='word_1_200' title='bbox 1426 2799 1822 2870; x_wconf 74' lang='lat' dir='ltr'><strong>inexpugnabili</strong></span> <span class='ocrx_word' id='word_1_201' title='bbox 1865 2799 2025 2854; x_wconf 90' lang='lat' dir='ltr'><strong>lorica</strong></span> 
     </span>
    </p>
   </div>
   <div class='ocr_carea' id='block_1_29' title="bbox 449 2891 2027 2965">
    <p class='ocr_par' dir='ltr' id='par_1_29' title="bbox 449 2891 2027 2965">
     <span class='ocr_line' id='line_1_29' title="bbox 449 2891 2027 2965; baseline -0.004 -14"><span class='ocrx_word' id='word_1_202' title='bbox 449 2895 593 2961; x_wconf 83' lang='lat' dir='ltr'><strong>fidei,</strong></span> <span class='ocrx_word' id='word_1_203' title='bbox 623 2903 676 2951; x_wconf 89' lang='lat' dir='ltr'><strong>et</strong></span> <span class='ocrx_word' id='word_1_204' title='bbox 696 2905 854 2965; x_wconf 90' lang='lat' dir='ltr'><strong>caput</strong></span> <span class='ocrx_word' id='word_1_205' title='bbox 883 2904 1098 2949; x_wconf 91' lang='lat' dir='ltr'><strong>ornatus</strong></span> <span class='ocrx_word' id='word_1_206' title='bbox 1119 2893 1271 2964; x_wconf 88' lang='lat' dir='ltr'><strong>galea</strong></span> <span class='ocrx_word' id='word_1_207' title='bbox 1292 2893 1536 2962; x_wconf 66' lang='lat' dir='ltr'><strong>justitiar,</strong></span> <span class='ocrx_word' id='word_1_208' title='bbox 1558 2907 1707 2960; x_wconf 90' lang='lat' dir='ltr'><strong>spem</strong></span> <span class='ocrx_word' id='word_1_209' title='bbox 1732 2891 2027 2946; x_wconf 84' lang='lat' dir='ltr'><strong>accendens</strong></span> 
     </span>
    </p>
   </div>
   <div class='ocr_carea' id='block_1_30' title="bbox 449 2981 2028 3053">
    <p class='ocr_par' dir='ltr' id='par_1_30' title="bbox 449 2981 2028 3053">
     <span class='ocr_line' id='line_1_30' title="bbox 449 2981 2028 3053; baseline -0.004 -13"><span class='ocrx_word' id='word_1_210' title='bbox 449 2990 656 3044; x_wconf 78' lang='lat' dir='ltr'><strong>fervore</strong></span> <span class='ocrx_word' id='word_1_211' title='bbox 693 2983 932 3041; x_wconf 61' lang='lat' dir='ltr'><strong>caelestis</strong></span> <span class='ocrx_word' id='word_1_212' title='bbox 980 2984 1185 3053; x_wconf 72' lang='lat' dir='ltr'><strong>glorize,</strong></span> <span class='ocrx_word' id='word_1_213' title='bbox 1235 2984 1392 3038; x_wconf 90' lang='lat' dir='ltr'><strong>talem</strong></span> <span class='ocrx_word' id='word_1_214' title='bbox 1430 2981 1737 3052; x_wconf 88' lang='lat' dir='ltr'><strong>imponebat</strong></span> <span class='ocrx_word' id='word_1_215' title='bbox 1775 2996 2028 3036; x_wconf 86' lang='lat' dir='ltr'><strong>verecun-</strong></span> 
     </span>
    </p>
   </div>
   <div class='ocr_carea' id='block_1_31' title="bbox 445 3071 2028 3147">
    <p class='ocr_par' dir='ltr' id='par_1_31' title="bbox 445 3071 2028 3147">
     <span class='ocr_line' id='line_1_31' title="bbox 445 3071 2028 3147; baseline -0.008 -12"><span class='ocrx_word' id='word_1_216' title='bbox 445 3073 586 3135; x_wconf 82' lang='lat' dir='ltr'><strong>diam</strong></span> <span class='ocrx_word' id='word_1_217' title='bbox 614 3078 846 3147; x_wconf 79' lang='lat' dir='ltr'><strong>Spiritui,</strong></span> <span class='ocrx_word' id='word_1_218' title='bbox 881 3077 1110 3131; x_wconf 86' lang='lat' dir='ltr'><strong>carnalis</strong></span> <span class='ocrx_word' id='word_1_219' title='bbox 1151 3075 1401 3145; x_wconf 69' lang='lat' dir='ltr'><strong>nequitiae</strong></span> <span class='ocrx_word' id='word_1_220' title='bbox 1432 3073 1875 3128; x_wconf 88' lang='lat' dir='ltr'><strong>administratori.</strong></span> <span class='ocrx_word' id='word_1_221' title='bbox 1912 3071 2028 3124; x_wconf 84' lang='lat' dir='ltr'><strong>Vir-</strong></span> 
     </span>
    </p>
   </div>
   <div class='ocr_carea' id='block_1_32' title="bbox 447 3158 2018 3240">
    <p class='ocr_par' dir='ltr' id='par_1_32' title="bbox 447 3158 2018 3240">
     <span class='ocr_line' id='line_1_32' title="bbox 447 3158 2018 3240; baseline -0.006 -18"><span class='ocrx_word' id='word_1_222' title='bbox 447 3171 622 3240; x_wconf 87' lang='lat' dir='ltr'><strong>ginem</strong></span> <span class='ocrx_word' id='word_1_223' title='bbox 656 3167 936 3236; x_wconf 79' lang='lat' dir='ltr'><strong>siquidem,</strong></span> <span class='ocrx_word' id='word_1_224' title='bbox 986 3164 1278 3220; x_wconf 89' lang='lat' dir='ltr'><strong>secundum</strong></span> <span class='ocrx_word' id='word_1_225' title='bbox 1319 3163 1565 3232; x_wconf 76' lang='lat' dir='ltr'><strong>peritura:</strong></span> <span class='ocrx_word' id='word_1_226' title='bbox 1610 3160 1787 3215; x_wconf 89' lang='lat' dir='ltr'><strong>carnis</strong></span> <span class='ocrx_word' id='word_1_227' title='bbox 1816 3158 2018 3230; x_wconf 87' lang='lat' dir='ltr'><strong>spurci-</strong></span> 
     </span>
    </p>
   </div>
   <div class='ocr_carea' id='block_1_33' title="bbox 451 3249 2031 3324">
    <p class='ocr_par' dir='ltr' id='par_1_33' title="bbox 451 3249 2031 3324">
     <span class='ocr_line' id='line_1_33' title="bbox 451 3249 2031 3324; baseline -0.006 -15"><span class='ocrx_word' id='word_1_228' title='bbox 451 3263 577 3314; x_wconf 79' lang='lat' dir='ltr'><strong>tiam</strong></span> <span class='ocrx_word' id='word_1_229' title='bbox 627 3257 911 3312; x_wconf 88' lang='lat' dir='ltr'><strong>admodutn</strong></span> <span class='ocrx_word' id='word_1_230' title='bbox 962 3255 1236 3324; x_wconf 88' lang='lat' dir='ltr'><strong>pulchram</strong></span> <span class='ocrx_word' id='word_1_231' title='bbox 1264 3298 1278 3322; x_wconf 90' lang='lat'><strong>,</strong></span> <span class='ocrx_word' id='word_1_232' title='bbox 1327 3255 1377 3306; x_wconf 92' lang='lat' dir='ltr'><strong>in</strong></span> <span class='ocrx_word' id='word_1_233' title='bbox 1421 3266 1521 3306; x_wconf 89' lang='lat' dir='ltr'><strong>suo</strong></span> <span class='ocrx_word' id='word_1_234' title='bbox 1568 3251 1691 3305; x_wconf 85' lang='lat' dir='ltr'><strong>fecit</strong></span> <span class='ocrx_word' id='word_1_235' title='bbox 1731 3249 2031 3304; x_wconf 73' lang='lat' dir='ltr'><strong>castissima</strong></span> 
     </span>
    </p>
   </div>
   <div class='ocr_carea' id='block_1_34' title="bbox 449 3339 2031 3415">
    <p class='ocr_par' dir='ltr' id='par_1_34' title="bbox 449 3339 2031 3415">
     <span class='ocr_line' id='line_1_34' title="bbox 449 3339 2031 3415; baseline -0.009 -9"><span class='ocrx_word' id='word_1_236' title='bbox 449 3362 615 3406; x_wconf 84' lang='lat' dir='ltr'><strong>stram</strong></span> <span class='ocrx_word' id='word_1_237' title='bbox 649 3348 830 3402; x_wconf 88' lang='lat' dir='ltr'><strong>tandiu</strong></span> <span class='ocrx_word' id='word_1_238' title='bbox 856 3361 1034 3402; x_wconf 91' lang='lat' dir='ltr'><strong>secum</strong></span> <span class='ocrx_word' id='word_1_239' title='bbox 1067 3345 1364 3415; x_wconf 86' lang='lat' dir='ltr'><strong>quiescere,</strong></span> <span class='ocrx_word' id='word_1_240' title='bbox 1390 3342 1562 3397; x_wconf 90' lang='lat' dir='ltr'><strong>donec</strong></span> <span class='ocrx_word' id='word_1_241' title='bbox 1593 3342 1643 3393; x_wconf 90' lang='lat' dir='ltr'><strong>in</strong></span> <span class='ocrx_word' id='word_1_242' title='bbox 1688 3339 1881 3394; x_wconf 66' lang='lat' dir='ltr'><strong>caelum</strong></span> <span class='ocrx_word' id='word_1_243' title='bbox 1923 3339 2031 3408; x_wconf 90' lang='lat' dir='ltr'><strong>spi-</strong></span> 
     </span>
    </p>
   </div>
   <div class='ocr_carea' id='block_1_35' title="bbox 452 3431 2036 3498">
    <p class='ocr_par' dir='ltr' id='par_1_35' title="bbox 452 3431 2036 3498">
     <span class='ocr_line' id='line_1_35' title="bbox 452 3431 2036 3498; baseline -0.008 0"><span class='ocrx_word' id='word_1_244' title='bbox 452 3444 554 3498; x_wconf 91' lang='lat' dir='ltr'><strong>ritu</strong></span> <span class='ocrx_word' id='word_1_245' title='bbox 579 3444 780 3496; x_wconf 89' lang='lat' dir='ltr'><strong>inteuto</strong></span> <span class='ocrx_word' id='word_1_246' title='bbox 811 3449 975 3494; x_wconf 88' lang='lat' dir='ltr'><strong>totum</strong></span> <span class='ocrx_word' id='word_1_247' title='bbox 1010 3437 1327 3492; x_wconf 86' lang='lat' dir='ltr'><strong>Psalterium</strong></span> <span class='ocrx_word' id='word_1_248' title='bbox 1353 3433 1556 3488; x_wconf 88' lang='lat' dir='ltr'><strong>diceret</strong></span> <span class='ocrx_word' id='word_1_249' title='bbox 1585 3447 1650 3488; x_wconf 83' lang='lat' dir='ltr'><strong>ex</strong></span> <span class='ocrx_word' id='word_1_250' title='bbox 1681 3431 1906 3497; x_wconf 89' lang='lat' dir='ltr'><strong>ordine;</strong></span> <span class='ocrx_word' id='word_1_251' title='bbox 1939 3445 2036 3486; x_wconf 88' lang='lat' dir='ltr'><strong>nec</strong></span> 
     </span>
    </p>
   </div>
   <div class='ocr_carea' id='block_1_36' title="bbox 451 3522 2032 3600">
    <p class='ocr_par' dir='ltr' id='par_1_36' title="bbox 451 3522 2032 3600">
     <span class='ocr_line' id='line_1_36' title="bbox 451 3522 2032 3600; baseline -0.008 -11"><span class='ocrx_word' id='word_1_252' title='bbox 451 3535 529 3589; x_wconf 84' lang='lat' dir='ltr'><strong>sic</strong></span> <span class='ocrx_word' id='word_1_253' title='bbox 555 3535 601 3589; x_wconf 89' lang='lat' dir='ltr'><strong>ei</strong></span> <span class='ocrx_word' id='word_1_254' title='bbox 634 3529 684 3586; x_wconf 87' lang='lat' dir='ltr'><strong>iu</strong></span> <span class='ocrx_word' id='word_1_255' title='bbox 731 3531 907 3600; x_wconf 87' lang='lat' dir='ltr'><strong>aliquo</strong></span> <span class='ocrx_word' id='word_1_256' title='bbox 938 3536 1146 3598; x_wconf 89' lang='lat' dir='ltr'><strong>poterat</strong></span> <span class='ocrx_word' id='word_1_257' title='bbox 1186 3526 1448 3595; x_wconf 82' lang='lat' dir='ltr'><strong>malignus</strong></span> <span class='ocrx_word' id='word_1_258' title='bbox 1487 3524 1707 3593; x_wconf 83' lang='lat' dir='ltr'><strong>spiritus</strong></span> <span class='ocrx_word' id='word_1_259' title='bbox 1753 3522 2032 3578; x_wconf 65' lang='lat' dir='ltr'><strong>obsistere.</strong></span> 
     </span>
    </p>
   </div>
   <div class='ocr_carea' id='block_1_37' title="bbox 455 3613 2037 3694">
    <p class='ocr_par' dir='ltr' id='par_1_37' title="bbox 455 3613 2037 3694">
     <span class='ocr_line' id='line_1_37' title="bbox 455 3613 2037 3694; baseline -0.009 -13"><span class='ocrx_word' id='word_1_260' title='bbox 455 3624 500 3681; x_wconf 90' lang='grc' dir='ltr'><strong>Ο</strong></span> <span class='ocrx_word' id='word_1_261' title='bbox 529 3625 897 3694; x_wconf 70' lang='lat' dir='ltr'><strong>virum_longe</strong></span> <span class='ocrx_word' id='word_1_262' title='bbox 927 3619 1269 3684; x_wconf 81' lang='lat' dir='ltr'><strong>laudabilem,</strong></span> <span class='ocrx_word' id='word_1_263' title='bbox 1320 3619 1408 3686; x_wconf 88' lang='lat' dir='ltr'><strong>qui</strong></span> <span class='ocrx_word' id='word_1_264' title='bbox 1457 3617 1730 3670; x_wconf 79' lang='lat' dir='ltr'><strong>:esmantis</strong></span> <span class='ocrx_word' id='word_1_265' title='bbox 1777 3613 2037 3680; x_wconf 86' lang='lat' dir='ltr'><strong>barathri,</strong></span> 
     </span>
    </p>
   </div>
   <div class='ocr_carea' id='block_1_38' title="bbox 453 3705 2039 3779">
    <p class='ocr_par' dir='ltr' id='par_1_38' title="bbox 453 3705 2039 3779">
     <span class='ocr_line' id='line_1_38' title="bbox 453 3705 2039 3779; baseline -0.008 -7"><span class='ocrx_word' id='word_1_266' title='bbox 453 3719 552 3772; x_wconf 87' lang='lat' dir='ltr'><strong>etsi</strong></span> <span class='ocrx_word' id='word_1_267' title='bbox 601 3718 900 3779; x_wconf 68' lang='grc' dir='ltr'><strong>ῑιιιετθδεει,</strong></span> <span class='ocrx_word' id='word_1_268' title='bbox 959 3713 1258 3766; x_wconf 88' lang='lat' dir='ltr'><strong>nullatenus</strong></span> <span class='ocrx_word' id='word_1_269' title='bbox 1313 3709 1481 3764; x_wconf 87' lang='lat' dir='ltr'><strong>sensit</strong></span> <span class='ocrx_word' id='word_1_270' title='bbox 1529 3706 1881 3777; x_wconf 79' lang='lat' dir='ltr'><strong>voraginem!</strong></span> <span class='ocrx_word' id='word_1_271' title='bbox 1944 3705 2039 3760; x_wconf 87' lang='lat' dir='ltr'><strong>llic</strong></span> 
     </span>
    </p>
   </div>
   <div class='ocr_carea' id='block_1_39' title="bbox 457 3795 2036 3879">
    <p class='ocr_par' dir='ltr' id='par_1_39' title="bbox 457 3795 2036 3879">
     <span class='ocr_line' id='line_1_39' title="bbox 457 3795 2036 3879; baseline -0.008 -16"><span class='ocrx_word' id='word_1_272' title='bbox 457 3823 685 3879; x_wconf 81' lang='lat' dir='ltr'><strong>namque</strong></span> <span class='ocrx_word' id='word_1_273' title='bbox 712 3807 845 3862; x_wconf 89' lang='lat' dir='ltr'><strong>illud</strong></span> <span class='ocrx_word' id='word_1_274' title='bbox 876 3813 955 3861; x_wconf 90' lang='lat' dir='ltr'><strong>est</strong></span> <span class='ocrx_word' id='word_1_275' title='bbox 986 3801 1299 3859; x_wconf 89' lang='lat' dir='ltr'><strong>honorabile</strong></span> <span class='ocrx_word' id='word_1_276' title='bbox 1323 3799 1544 3870; x_wconf 88' lang='lat' dir='ltr'><strong>lignum,</strong></span> <span class='ocrx_word' id='word_1_277' title='bbox 1575 3798 1640 3852; x_wconf 90' lang='lat' dir='ltr'><strong>de</strong></span> <span class='ocrx_word' id='word_1_278' title='bbox 1669 3812 1774 3867; x_wconf 90' lang='lat' dir='ltr'><strong>quo</strong></span> <span class='ocrx_word' id='word_1_279' title='bbox 1804 3795 2036 3852; x_wconf 79' lang='lat' dir='ltr'><strong>Salomo-</strong></span> 
     </span>
    </p>
   </div>
   <div class='ocr_carea' id='block_1_40' title="bbox 457 3891 2043 3969">
    <p class='ocr_par' dir='ltr' id='par_1_40' title="bbox 457 3891 2043 3969">
     <span class='ocr_line' id='line_1_40' title="bbox 457 3891 2043 3969; baseline -0.01 -10"><span class='ocrx_word' id='word_1_280' title='bbox 457 3907 540 3959; x_wconf 84' lang='lat' dir='ltr'><strong>nis</strong></span> <span class='ocrx_word' id='word_1_281' title='bbox 559 3906 718 3958; x_wconf 86' lang='lat' dir='ltr'><strong>verba</strong></span> <span class='ocrx_word' id='word_1_282' title='bbox 741 3912 1029 3964; x_wconf 88' lang='lat' dir='ltr'><strong>testantur,</strong></span> <span class='ocrx_word' id='word_1_283' title='bbox 1047 3899 1189 3969; x_wconf 87' lang='lat' dir='ltr'><strong>quia,</strong></span> <span class='ocrx_word' id='word_1_284' title='bbox 1216 3910 1370 3952; x_wconf 87' lang='lat' dir='ltr'><strong>secus</strong></span> <span class='ocrx_word' id='word_1_285' title='bbox 1394 3909 1648 3966; x_wconf 85' lang='lat' dir='ltr'><strong>aquarum</strong></span> <span class='ocrx_word' id='word_1_286' title='bbox 1671 3891 1865 3949; x_wconf 82' lang='lat' dir='ltr'><strong>fluenta</strong></span> <span class='ocrx_word' id='word_1_287' title='bbox 1893 3892 2043 3959; x_wconf 77' lang='lat' dir='ltr'><strong>plau—</strong></span> 
     </span>
    </p>
   </div>
   <div class='ocr_carea' id='block_1_41' title="bbox 460 3981 2043 4057">
    <p class='ocr_par' dir='ltr' id='par_1_41' title="bbox 460 3981 2043 4057">
     <span class='ocr_line' id='line_1_41' title="bbox 460 3981 2043 4057; baseline -0.008 -9"><span class='ocrx_word' id='word_1_288' title='bbox 460 4004 649 4056; x_wconf 90' lang='lat' dir='ltr'><strong>tatum,</strong></span> <span class='ocrx_word' id='word_1_289' title='bbox 668 3990 732 4044; x_wconf 86' lang='lat' dir='ltr'><strong>ad</strong></span> <span class='ocrx_word' id='word_1_290' title='bbox 756 3990 926 4044; x_wconf 90' lang='lat' dir='ltr'><strong>sancti</strong></span> <span class='ocrx_word' id='word_1_291' title='bbox 948 3988 1175 4057; x_wconf 85' lang='lat' dir='ltr'><strong>Spiritus</strong></span> <span class='ocrx_word' id='word_1_292' title='bbox 1191 3987 1468 4048; x_wconf 81' lang='lat' dir='ltr'><strong>humorem</strong></span> <span class='ocrx_word' id='word_1_293' title='bbox 1493 3984 1711 4056; x_wconf 89' lang='lat' dir='ltr'><strong>protulit</strong></span> <span class='ocrx_word' id='word_1_294' title='bbox 1734 3981 2043 4037; x_wconf 88' lang='lat' dir='ltr'><strong>indelicien-</strong></span> 
     </span>
    </p>
   </div>
   <div class='ocr_carea' id='block_1_42' title="bbox 461 4073 2038 4148">
    <p class='ocr_par' dir='ltr' id='par_1_42' title="bbox 461 4073 2038 4148">
     <span class='ocr_line' id='line_1_42' title="bbox 461 4073 2038 4148; baseline -0.01 -9"><span class='ocrx_word' id='word_1_295' title='bbox 461 4096 565 4139; x_wconf 86' lang='lat' dir='ltr'><strong>tem</strong></span> <span class='ocrx_word' id='word_1_296' title='bbox 595 4081 848 4148; x_wconf 87' lang='lat' dir='ltr'><strong>radicem,</strong></span> <span class='ocrx_word' id='word_1_297' title='bbox 874 4080 1154 4133; x_wconf 88' lang='lat' dir='ltr'><strong>concivem</strong></span> <span class='ocrx_word' id='word_1_298' title='bbox 1183 4077 1392 4132; x_wconf 90' lang='lat' dir='ltr'><strong>scilicet</strong></span> <span class='ocrx_word' id='word_1_299' title='bbox 1418 4075 1728 4146; x_wconf 87' lang='lat' dir='ltr'><strong>angelorum</strong></span> <span class='ocrx_word' id='word_1_300' title='bbox 1761 4073 2038 4143; x_wconf 81' lang='lat' dir='ltr'><strong>virginita-</strong></span> 
     </span>
    </p>
   </div>
   <div class='ocr_carea' id='block_1_43' title="bbox 459 4161 2043 4240">
    <p class='ocr_par' dir='ltr' id='par_1_43' title="bbox 459 4161 2043 4240">
     <span class='ocr_line' id='line_1_43' title="bbox 459 4161 2043 4240; baseline -0.011 -10"><span class='ocrx_word' id='word_1_301' title='bbox 459 4186 588 4240; x_wconf 90' lang='lat' dir='ltr'><strong>tem,</strong></span> <span class='ocrx_word' id='word_1_302' title='bbox 619 4182 672 4234; x_wconf 91' lang='lat' dir='ltr'><strong>et</strong></span> <span class='ocrx_word' id='word_1_303' title='bbox 714 4187 821 4226; x_wconf 79' lang='lat' dir='ltr'><strong>non</strong></span> <span class='ocrx_word' id='word_1_304' title='bbox 868 4169 1058 4225; x_wconf 89' lang='lat' dir='ltr'><strong>metuit</strong></span> <span class='ocrx_word' id='word_1_305' title='bbox 1091 4165 1325 4223; x_wconf 78' lang='lat' dir='ltr'><strong>exterius</strong></span> <span class='ocrx_word' id='word_1_306' title='bbox 1364 4177 1549 4222; x_wconf 67' lang='lat' dir='ltr'><strong>aestum</strong></span> <span class='ocrx_word' id='word_1_307' title='bbox 1581 4165 1649 4219; x_wconf 90' lang='lat' dir='ltr'><strong>ab</strong></span> <span class='ocrx_word' id='word_1_308' title='bbox 1691 4164 1903 4219; x_wconf 89' lang='lat' dir='ltr'><strong>inimico</strong></span> <span class='ocrx_word' id='word_1_309' title='bbox 1944 4161 2043 4215; x_wconf 88' lang='lat' dir='ltr'><strong>sibi</strong></span> 
     </span>
    </p>
   </div>
   <div class='ocr_carea' id='block_1_44' title="bbox 460 4253 2045 4333">
    <p class='ocr_par' dir='ltr' id='par_1_44' title="bbox 460 4253 2045 4333">
     <span class='ocr_line' id='line_1_44' title="bbox 460 4253 2045 4333; baseline -0.011 -12"><span class='ocrx_word' id='word_1_310' title='bbox 460 4267 684 4330; x_wconf 90' lang='lat' dir='ltr'><strong>illatum,</strong></span> <span class='ocrx_word' id='word_1_311' title='bbox 724 4265 846 4333; x_wconf 90' lang='lat' dir='ltr'><strong>quia</strong></span> <span class='ocrx_word' id='word_1_312' title='bbox 878 4257 1201 4316; x_wconf 88' lang='lat' dir='ltr'><strong>intrinsecus</strong></span> <span class='ocrx_word' id='word_1_313' title='bbox 1229 4258 1410 4313; x_wconf 87' lang='lat' dir='ltr'><strong>divino</strong></span> <span class='ocrx_word' id='word_1_314' title='bbox 1442 4272 1563 4313; x_wconf 91' lang='lat' dir='ltr'><strong>rore</strong></span> <span class='ocrx_word' id='word_1_315' title='bbox 1609 4253 1781 4310; x_wconf 82' lang='lat' dir='ltr'><strong>fuerat</strong></span> <span class='ocrx_word' id='word_1_316' title='bbox 1809 4253 2045 4323; x_wconf 80' lang='lat' dir='ltr'><strong>plenarie</strong></span> 
     </span>
    </p>
   </div>
   <div class='ocr_carea' id='block_1_45' title="bbox 461 4344 2046 4429">
    <p class='ocr_par' dir='ltr' id='par_1_45' title="bbox 461 4344 2046 4429">
     <span class='ocr_line' id='line_1_45' title="bbox 461 4344 2046 4429; baseline -0.011 -15"><span class='ocrx_word' id='word_1_317' title='bbox 461 4347 754 4429; x_wconf 84' lang='lat' dir='ltr'><strong>irrigatum.</strong></span> <span class='ocrx_word' id='word_1_318' title='bbox 785 4353 886 4410; x_wconf 81' lang='lat' dir='ltr'><strong>llic</strong></span> <span class='ocrx_word' id='word_1_319' title='bbox 912 4353 1068 4408; x_wconf 88' lang='lat' dir='ltr'><strong>etiam</strong></span> <span class='ocrx_word' id='word_1_320' title='bbox 1113 4361 1197 4406; x_wconf 90' lang='lat' dir='ltr'><strong>est</strong></span> <span class='ocrx_word' id='word_1_321' title='bbox 1240 4349 1321 4404; x_wconf 87' lang='lat' dir='ltr'><strong>vir</strong></span> <span class='ocrx_word' id='word_1_322' title='bbox 1364 4349 1453 4405; x_wconf 88' lang='lat' dir='ltr'><strong>ille</strong></span> <span class='ocrx_word' id='word_1_323' title='bbox 1493 4347 1822 4418; x_wconf 86' lang='lat' dir='ltr'><strong>magnificus,</strong></span> <span class='ocrx_word' id='word_1_324' title='bbox 1853 4344 1919 4400; x_wconf 77' lang='lat' dir='ltr'><strong>(it:</strong></span> <span class='ocrx_word' id='word_1_325' title='bbox 1942 4359 2046 4414; x_wconf 91' lang='lat' dir='ltr'><strong>quo</strong></span> 
     </span>
    </p>
   </div>
   <div class='ocr_carea' id='block_1_46' title="bbox 2124 521 3700 593">
    <p class='ocr_par' dir='ltr' id='par_1_46' title="bbox 2124 521 3700 593">
     <span class='ocr_line' id='line_1_46' title="bbox 2124 521 3700 593; baseline 0.003 -17"><span class='ocrx_word' id='word_1_326' title='bbox 2124 521 2311 577; x_wconf 85' lang='lat' dir='ltr'><strong>sedulo</strong></span> <span class='ocrx_word' id='word_1_327' title='bbox 2340 523 2566 593; x_wconf 90' lang='lat' dir='ltr'><strong>cupiens</strong></span> <span class='ocrx_word' id='word_1_328' title='bbox 2594 521 2797 577; x_wconf 90' lang='lat' dir='ltr'><strong>referre</strong></span> <span class='ocrx_word' id='word_1_329' title='bbox 2823 524 3027 577; x_wconf 84' lang='lat' dir='ltr'><strong>lucrum</strong></span> <span class='ocrx_word' id='word_1_330' title='bbox 3059 523 3125 578; x_wconf 82' lang='lat' dir='ltr'><strong>tle</strong></span> <span class='ocrx_word' id='word_1_331' title='bbox 3158 523 3355 579; x_wconf 86' lang='lat' dir='ltr'><strong>talento</strong></span> <span class='ocrx_word' id='word_1_332' title='bbox 3400 527 3498 581; x_wconf 90' lang='lat' dir='ltr'><strong>sibi</strong></span> <span class='ocrx_word' id='word_1_333' title='bbox 3529 541 3559 582; x_wconf 89' lang='lat' dir='ltr'><strong>a</strong></span> <span class='ocrx_word' id='word_1_334' title='bbox 3593 527 3700 584; x_wconf 89' lang='lat' dir='ltr'><strong>Deo</strong></span> 
     </span>
    </p>
   </div>
   <div class='ocr_carea' id='block_1_47' title="bbox 2125 612 3700 687">
    <p class='ocr_par' dir='ltr' id='par_1_47' title="bbox 2125 612 3700 687">
     <span class='ocr_line' id='line_1_47' title="bbox 2125 612 3700 687; baseline 0.003 -19"><span class='ocrx_word' id='word_1_335' title='bbox 2125 612 2432 670; x_wconf 82' lang='lat' dir='ltr'><strong>commisso.</strong></span> <span class='ocrx_word' id='word_1_336' title='bbox 2467 613 2545 669; x_wconf 85' lang='lat' dir='ltr'><strong>Eo</strong></span> <span class='ocrx_word' id='word_1_337' title='bbox 2569 623 2808 683; x_wconf 90' lang='lat' dir='ltr'><strong>tempore</strong></span> <span class='ocrx_word' id='word_1_338' title='bbox 2830 613 2974 668; x_wconf 88' lang='lat' dir='ltr'><strong>illius</strong></span> <span class='ocrx_word' id='word_1_339' title='bbox 2996 616 3282 685; x_wconf 80' lang='lat' dir='ltr'><strong>provincia:</strong></span> <span class='ocrx_word' id='word_1_340' title='bbox 3307 618 3551 686; x_wconf 87' lang='lat' dir='ltr'><strong>populus,</strong></span> <span class='ocrx_word' id='word_1_341' title='bbox 3576 634 3700 687; x_wconf 83' lang='lat' dir='ltr'><strong>per—</strong></span> 
     </span>
    </p>
   </div>
   <div class='ocr_carea' id='block_1_48' title="bbox 2124 701 3703 772">
    <p class='ocr_par' dir='ltr' id='par_1_48' title="bbox 2124 701 3703 772">
     <span class='ocr_line' id='line_1_48' title="bbox 2124 701 3703 772; baseline 0.003 -17"><span class='ocrx_word' id='word_1_342' title='bbox 2124 711 2310 756; x_wconf 76' lang='lat' dir='ltr'><strong>verSus</strong></span> <span class='ocrx_word' id='word_1_343' title='bbox 2339 717 2522 771; x_wconf 88' lang='lat' dir='ltr'><strong>opere,</strong></span> <span class='ocrx_word' id='word_1_344' title='bbox 2571 702 2812 772; x_wconf 81' lang='lat' dir='ltr'><strong>quamvis</strong></span> <span class='ocrx_word' id='word_1_345' title='bbox 2836 701 3078 758; x_wconf 87' lang='lat' dir='ltr'><strong>subditus</strong></span> <span class='ocrx_word' id='word_1_346' title='bbox 3109 704 3227 759; x_wconf 79' lang='lat' dir='ltr'><strong>fidei</strong></span> <span class='ocrx_word' id='word_1_347' title='bbox 3259 714 3476 772; x_wconf 67' lang='lat' dir='ltr'><strong>nostrae,</strong></span> <span class='ocrx_word' id='word_1_348' title='bbox 3522 708 3703 760; x_wconf 55' lang='lat' dir='ltr'><strong>eccle-</strong></span> 
     </span>
    </p>
   </div>
   <div class='ocr_carea' id='block_1_49' title="bbox 2125 784 3703 864">
    <p class='ocr_par' dir='ltr' id='par_1_49' title="bbox 2125 784 3703 864">
     <span class='ocr_line' id='line_1_49' title="bbox 2125 784 3703 864; baseline 0.003 -17"><span class='ocrx_word' id='word_1_349' title='bbox 2125 793 2256 848; x_wconf 89' lang='lat' dir='ltr'><strong>siam</strong></span> <span class='ocrx_word' id='word_1_350' title='bbox 2289 809 2394 848; x_wconf 90' lang='lat' dir='ltr'><strong>non</strong></span> <span class='ocrx_word' id='word_1_351' title='bbox 2417 793 2808 864; x_wconf 83' lang='lat' dir='ltr'><strong>frequentabat,</strong></span> <span class='ocrx_word' id='word_1_352' title='bbox 2835 807 2934 848; x_wconf 88' lang='lat' dir='ltr'><strong>nec</strong></span> <span class='ocrx_word' id='word_1_353' title='bbox 2962 784 3294 849; x_wconf 88' lang='lat' dir='ltr'><strong>sacerdotum</strong></span> <span class='ocrx_word' id='word_1_354' title='bbox 3328 796 3458 852; x_wconf 91' lang='lat' dir='ltr'><strong>satis</strong></span> <span class='ocrx_word' id='word_1_355' title='bbox 3483 797 3703 852; x_wconf 85' lang='lat' dir='ltr'><strong>curabat</strong></span> 
     </span>
    </p>
   </div>
   <div class='ocr_carea' id='block_1_50' title="bbox 2126 871 3703 952">
    <p class='ocr_par' dir='ltr' id='par_1_50' title="bbox 2126 871 3703 952">
     <span class='ocr_line' id='line_1_50' title="bbox 2126 871 3703 952; baseline 0.001 -16"><span class='ocrx_word' id='word_1_356' title='bbox 2126 883 2407 952; x_wconf 87' lang='lat' dir='ltr'><strong>imperium</strong></span> <span class='ocrx_word' id='word_1_357' title='bbox 2442 901 2454 935; x_wconf 94' lang='lat'>:</span> <span class='ocrx_word' id='word_1_358' title='bbox 2486 886 2644 952; x_wconf 85' lang='lat' dir='ltr'><strong>quem</strong></span> <span class='ocrx_word' id='word_1_359' title='bbox 2677 871 2772 938; x_wconf 46' lang='lat' dir='ltr'><strong>vir.</strong></span> <span class='ocrx_word' id='word_1_360' title='bbox 2791 881 3020 938; x_wconf 87' lang='lat' dir='ltr'><strong>blandus</strong></span> <span class='ocrx_word' id='word_1_361' title='bbox 3051 884 3231 938; x_wconf 87' lang='lat' dir='ltr'><strong>verbis</strong></span> <span class='ocrx_word' id='word_1_362' title='bbox 3275 900 3498 941; x_wconf 87' lang='lat' dir='ltr'><strong>monens</strong></span> <span class='ocrx_word' id='word_1_363' title='bbox 3527 885 3703 941; x_wconf 86' lang='lat' dir='ltr'><strong>suavi-</strong></span> 
     </span>
    </p>
   </div>
   <div class='ocr_carea' id='block_1_51' title="bbox 2125 972 3772 1046">
    <p class='ocr_par' dir='ltr' id='par_1_51' title="bbox 2125 972 3772 1046">
     <span class='ocr_line' id='line_1_51' title="bbox 2125 972 3772 1046; baseline 0.002 -20"><span class='ocrx_word' id='word_1_364' title='bbox 2125 973 2246 1040; x_wconf 86' lang='lat' dir='ltr'><strong>bus,</strong></span> <span class='ocrx_word' id='word_1_365' title='bbox 2278 984 2331 1027; x_wconf 90' lang='lat' dir='ltr'><strong>et</strong></span> <span class='ocrx_word' id='word_1_366' title='bbox 2361 973 2538 1028; x_wconf 85' lang='lat' dir='ltr'><strong>divina</strong></span> <span class='ocrx_word' id='word_1_367' title='bbox 2585 987 2730 1043; x_wconf 67' lang='lat' dir='ltr'><strong>smpe</strong></span> <span class='ocrx_word' id='word_1_368' title='bbox 2788 972 2870 1043; x_wconf 85' lang='lat' dir='ltr'><strong>(ut</strong></span> <span class='ocrx_word' id='word_1_369' title='bbox 2919 973 3068 1028; x_wconf 84' lang='lat' dir='ltr'><strong>locus</strong></span> <span class='ocrx_word' id='word_1_370' title='bbox 3120 974 3314 1043; x_wconf 88' lang='lat' dir='ltr'><strong>inerat)</strong></span> <span class='ocrx_word' id='word_1_371' title='bbox 3363 975 3570 1046; x_wconf 86' lang='lat' dir='ltr'><strong>eloquia</strong></span> <span class='ocrx_word' id='word_1_372' title='bbox 3618 992 3700 1029; x_wconf 62' lang='grc' dir='ltr'><strong>τρες</strong></span> <span class='ocrx_word' id='word_1_373' title='bbox 3763 988 3772 1044; x_wconf 74' lang='lat' dir='ltr'><strong>t</strong></span> 
     </span>
    </p>
   </div>
   <div class='ocr_carea' id='block_1_52' title="bbox 2127 1047 3769 1132">
    <p class='ocr_par' dir='ltr' id='par_1_52' title="bbox 2127 1047 3769 1132">
     <span class='ocr_line' id='line_1_52' title="bbox 2127 1047 3769 1132; baseline 0.003 -15"><span class='ocrx_word' id='word_1_374' title='bbox 2127 1072 2310 1122; x_wconf 79' lang='lat' dir='ltr'><strong>texens</strong></span> <span class='ocrx_word' id='word_1_375' title='bbox 2335 1108 2350 1132; x_wconf 96' lang='lat'><strong>,</strong></span> <span class='ocrx_word' id='word_1_376' title='bbox 2403 1066 2749 1121; x_wconf 84' lang='lat' dir='ltr'><strong>saecularibus</strong></span> <span class='ocrx_word' id='word_1_377' title='bbox 2771 1065 2837 1120; x_wconf 89' lang='lat' dir='ltr'><strong>ad</strong></span> <span class='ocrx_word' id='word_1_378' title='bbox 2867 1066 3147 1121; x_wconf 80' lang='lat' dir='ltr'><strong>ecclesiam</strong></span> <span class='ocrx_word' id='word_1_379' title='bbox 3179 1067 3418 1122; x_wconf 80' lang='lat' dir='ltr'><strong>modeste</strong></span> <span class='ocrx_word' id='word_1_380' title='bbox 3442 1081 3702 1122; x_wconf 86' lang='lat' dir='ltr'><strong>convoca-</strong></span> <span class='ocrx_word' id='word_1_381' title='bbox 3768 1047 3769 1061; x_wconf 31' lang='lat'>‘</span> 
     </span>
    </p>
   </div>
   <div class='ocr_carea' id='block_1_53' title="bbox 2128 1147 3768 1228">
    <p class='ocr_par' dir='ltr' id='par_1_53' title="bbox 2128 1147 3768 1228">
     <span class='ocr_line' id='line_1_53' title="bbox 2128 1147 3768 1228; baseline 0.003 -19"><span class='ocrx_word' id='word_1_382' title='bbox 2128 1157 2216 1220; x_wconf 88' lang='lat' dir='ltr'><strong>tis,</strong></span> <span class='ocrx_word' id='word_1_383' title='bbox 2262 1159 2542 1228; x_wconf 87' lang='lat' dir='ltr'><strong>praeceptis</strong></span> <span class='ocrx_word' id='word_1_384' title='bbox 2571 1173 2664 1214; x_wconf 90' lang='lat' dir='ltr'><strong>eos</strong></span> <span class='ocrx_word' id='word_1_385' title='bbox 2696 1157 3012 1214; x_wconf 84' lang='lat' dir='ltr'><strong>fecundabat</strong></span> <span class='ocrx_word' id='word_1_386' title='bbox 3043 1159 3386 1213; x_wconf 86' lang='lat' dir='ltr'><strong>salutaribus.</strong></span> <span class='ocrx_word' id='word_1_387' title='bbox 3423 1161 3535 1226; x_wconf 89' lang='lat' dir='ltr'><strong>Qua</strong></span> <span class='ocrx_word' id='word_1_388' title='bbox 3564 1161 3616 1214; x_wconf 92' lang='lat' dir='ltr'><strong>in</strong></span> <span class='ocrx_word' id='word_1_389' title='bbox 3645 1175 3703 1214; x_wconf 90' lang='lat' dir='ltr'><strong>re</strong></span> <span class='ocrx_word' id='word_1_390' title='bbox 3763 1147 3768 1152; x_wconf 67' lang='grc'><strong>’</strong></span> 
     </span>
    </p>
   </div>
   <div class='ocr_carea' id='block_1_54' title="bbox 2129 1247 3698 1318">
    <p class='ocr_par' dir='ltr' id='par_1_54' title="bbox 2129 1247 3698 1318">
     <span class='ocr_line' id='line_1_54' title="bbox 2129 1247 3698 1318; baseline 0.001 -19"><span class='ocrx_word' id='word_1_391' title='bbox 2129 1247 2406 1302; x_wconf 83' lang='lat' dir='ltr'><strong>Ductorem</strong></span> <span class='ocrx_word' id='word_1_392' title='bbox 2438 1249 2675 1318; x_wconf 85' lang='lat' dir='ltr'><strong>gentium</strong></span> <span class='ocrx_word' id='word_1_393' title='bbox 2707 1249 3033 1314; x_wconf 80' lang='lat' dir='ltr'><strong>imitabatur,</strong></span> <span class='ocrx_word' id='word_1_394' title='bbox 3086 1250 3176 1316; x_wconf 86' lang='lat' dir='ltr'><strong>qui</strong></span> <span class='ocrx_word' id='word_1_395' title='bbox 3219 1249 3443 1304; x_wconf 90' lang='lat' dir='ltr'><strong>rudibus</strong></span> <span class='ocrx_word' id='word_1_396' title='bbox 3472 1250 3551 1303; x_wconf 92' lang='lat' dir='ltr'><strong>lac</strong></span> <span class='ocrx_word' id='word_1_397' title='bbox 3589 1249 3698 1318; x_wconf 76' lang='lat' dir='ltr'><strong>pri-</strong></span> 
     </span>
    </p>
   </div>
   <div class='ocr_carea' id='block_1_55' title="bbox 2128 1339 3699 1417">
    <p class='ocr_par' dir='ltr' id='par_1_55' title="bbox 2128 1339 3699 1417">
     <span class='ocr_line' id='line_1_55' title="bbox 2128 1339 3699 1417; baseline 0 -25"><span class='ocrx_word' id='word_1_398' title='bbox 2128 1354 2270 1392; x_wconf 89' lang='lat' dir='ltr'><strong>mum</strong></span> <span class='ocrx_word' id='word_1_399' title='bbox 2299 1339 2546 1417; x_wconf 65' lang='lat' dir='ltr'><strong>praebuit,</strong></span> <span class='ocrx_word' id='word_1_400' title='bbox 2576 1349 2629 1394; x_wconf 93' lang='lat' dir='ltr'><strong>et</strong></span> <span class='ocrx_word' id='word_1_401' title='bbox 2656 1347 2840 1408; x_wconf 90' lang='lat' dir='ltr'><strong>postea</strong></span> <span class='ocrx_word' id='word_1_402' title='bbox 2866 1339 3028 1393; x_wconf 89' lang='lat' dir='ltr'><strong>fortes</strong></span> <span class='ocrx_word' id='word_1_403' title='bbox 3054 1339 3175 1394; x_wconf 92' lang='lat' dir='ltr'><strong>cibo</strong></span> <span class='ocrx_word' id='word_1_404' title='bbox 3197 1340 3369 1394; x_wconf 88' lang='lat' dir='ltr'><strong>solido</strong></span> <span class='ocrx_word' id='word_1_405' title='bbox 3390 1340 3552 1408; x_wconf 85' lang='lat' dir='ltr'><strong>pavit.</strong></span> <span class='ocrx_word' id='word_1_406' title='bbox 3585 1339 3699 1395; x_wconf 89' lang='lat' dir='ltr'><strong>Una</strong></span> 
     </span>
    </p>
   </div>
   <div class='ocr_carea' id='block_1_56' title="bbox 2130 1429 3699 1501">
    <p class='ocr_par' dir='ltr' id='par_1_56' title="bbox 2130 1429 3699 1501">
     <span class='ocr_line' id='line_1_56' title="bbox 2130 1429 3699 1501; baseline -0.001 -17"><span class='ocrx_word' id='word_1_407' title='bbox 2130 1445 2358 1501; x_wconf 88' lang='lat' dir='ltr'><strong>namque</strong></span> <span class='ocrx_word' id='word_1_408' title='bbox 2384 1430 2590 1485; x_wconf 89' lang='lat' dir='ltr'><strong>sabbati</strong></span> <span class='ocrx_word' id='word_1_409' title='bbox 2614 1432 2680 1486; x_wconf 90' lang='lat' dir='ltr'><strong>ad</strong></span> <span class='ocrx_word' id='word_1_410' title='bbox 2719 1429 2960 1486; x_wconf 87' lang='lat' dir='ltr'><strong>eamdem</strong></span> <span class='ocrx_word' id='word_1_411' title='bbox 2992 1431 3200 1494; x_wconf 89' lang='lat' dir='ltr'><strong>urbem,</strong></span> <span class='ocrx_word' id='word_1_412' title='bbox 3233 1440 3584 1485; x_wconf 87' lang='lat' dir='ltr'><strong>mercatorum</strong></span> <span class='ocrx_word' id='word_1_413' title='bbox 3636 1445 3699 1486; x_wconf 77' lang='lat' dir='ltr'><strong>ex</strong></span> 
     </span>
    </p>
   </div>
   <div class='ocr_carea' id='block_1_57' title="bbox 2126 1522 3697 1594">
    <p class='ocr_par' dir='ltr' id='par_1_57' title="bbox 2126 1522 3697 1594">
     <span class='ocr_line' id='line_1_57' title="bbox 2126 1522 3697 1594; baseline -0.003 -17"><span class='ocrx_word' id='word_1_414' title='bbox 2126 1525 2357 1578; x_wconf 88' lang='lat' dir='ltr'><strong>diversis</strong></span> <span class='ocrx_word' id='word_1_415' title='bbox 2397 1524 2633 1594; x_wconf 83' lang='lat' dir='ltr'><strong>partibus</strong></span> <span class='ocrx_word' id='word_1_416' title='bbox 2663 1523 2947 1578; x_wconf 89' lang='lat' dir='ltr'><strong>multitudo</strong></span> <span class='ocrx_word' id='word_1_417' title='bbox 2971 1522 3394 1593; x_wconf 85' lang='lat' dir='ltr'><strong>congregabatur</strong></span> <span class='ocrx_word' id='word_1_418' title='bbox 3423 1523 3650 1576; x_wconf 81' lang='lat' dir='ltr'><strong>maxima</strong></span> <span class='ocrx_word' id='word_1_419' title='bbox 3677 1536 3697 1572; x_wconf 77' lang='grc' dir='ltr'><em>τ</em></span> 
     </span>
    </p>
   </div>
   <div class='ocr_carea' id='block_1_58' title="bbox 2128 1611 3700 1683">
    <p class='ocr_par' dir='ltr' id='par_1_58' title="bbox 2128 1611 3700 1683">
     <span class='ocr_line' id='line_1_58' title="bbox 2128 1611 3700 1683; baseline -0.001 -16"><span class='ocrx_word' id='word_1_420' title='bbox 2128 1615 2212 1668; x_wconf 88' lang='lat' dir='ltr'><strong>cui</strong></span> <span class='ocrx_word' id='word_1_421' title='bbox 2259 1625 2411 1682; x_wconf 90' lang='lat' dir='ltr'><strong>pater</strong></span> <span class='ocrx_word' id='word_1_422' title='bbox 2460 1614 2580 1678; x_wconf 92' lang='lat' dir='ltr'><strong>iste,</strong></span> <span class='ocrx_word' id='word_1_423' title='bbox 2631 1614 2991 1683; x_wconf 88' lang='lat' dir='ltr'><strong>apostolorum</strong></span> <span class='ocrx_word' id='word_1_424' title='bbox 3041 1613 3293 1677; x_wconf 88' lang='lat' dir='ltr'><strong>imitator,</strong></span> <span class='ocrx_word' id='word_1_425' title='bbox 3336 1623 3483 1667; x_wconf 82' lang='lat' dir='ltr'><strong>extra</strong></span> <span class='ocrx_word' id='word_1_426' title='bbox 3513 1611 3700 1666; x_wconf 87' lang='lat' dir='ltr'><strong>urbem</strong></span> 
     </span>
    </p>
   </div>
   <div class='ocr_carea' id='block_1_59' title="bbox 2129 1703 3702 1775">
    <p class='ocr_par' dir='ltr' id='par_1_59' title="bbox 2129 1703 3702 1775">
     <span class='ocr_line' id='line_1_59' title="bbox 2129 1703 3702 1775; baseline -0.002 -17"><span class='ocrx_word' id='word_1_427' title='bbox 2129 1705 2639 1771; x_wconf 88' lang='lat' dir='ltr'><strong>veniebatobviam;</strong></span> <span class='ocrx_word' id='word_1_428' title='bbox 2671 1719 2732 1760; x_wconf 89' lang='lat' dir='ltr'><strong>ac</strong></span> <span class='ocrx_word' id='word_1_429' title='bbox 2755 1721 2914 1775; x_wconf 90' lang='lat' dir='ltr'><strong>super</strong></span> <span class='ocrx_word' id='word_1_430' title='bbox 2947 1717 3159 1775; x_wconf 77' lang='lat' dir='ltr'><strong>pootem</strong></span> <span class='ocrx_word' id='word_1_431' title='bbox 3191 1705 3383 1759; x_wconf 88' lang='lat' dir='ltr'><strong>stando</strong></span> <span class='ocrx_word' id='word_1_432' title='bbox 3412 1703 3590 1759; x_wconf 89' lang='lat' dir='ltr'><strong>tandiu</strong></span> <span class='ocrx_word' id='word_1_433' title='bbox 3620 1703 3702 1756; x_wconf 83' lang='lat' dir='ltr'><strong>di-</strong></span> 
     </span>
    </p>
   </div>
   <div class='ocr_carea' id='block_1_60' title="bbox 2133 1795 3704 1866">
    <p class='ocr_par' dir='ltr' id='par_1_60' title="bbox 2133 1795 3704 1866">
     <span class='ocr_line' id='line_1_60' title="bbox 2133 1795 3704 1866; baseline -0.002 -15"><span class='ocrx_word' id='word_1_434' title='bbox 2133 1798 2254 1851; x_wconf 86' lang='lat' dir='ltr'><strong>vina</strong></span> <span class='ocrx_word' id='word_1_435' title='bbox 2283 1797 2723 1852; x_wconf 88' lang='lat' dir='ltr'><strong>subministrabat</strong></span> <span class='ocrx_word' id='word_1_436' title='bbox 2764 1797 2976 1866; x_wconf 88' lang='lat' dir='ltr'><strong>pabula,</strong></span> <span class='ocrx_word' id='word_1_437' title='bbox 3004 1810 3111 1866; x_wconf 89' lang='lat' dir='ltr'><strong>quo</strong></span> <span class='ocrx_word' id='word_1_438' title='bbox 3142 1795 3354 1865; x_wconf 91' lang='lat' dir='ltr'><strong>quidam</strong></span> <span class='ocrx_word' id='word_1_439' title='bbox 3379 1809 3583 1860; x_wconf 88' lang='lat' dir='ltr'><strong>eorum,</strong></span> <span class='ocrx_word' id='word_1_440' title='bbox 3611 1805 3704 1860; x_wconf 84' lang='lat' dir='ltr'><strong>per</strong></span> 
     </span>
    </p>
   </div>
   <div class='ocr_carea' id='block_1_61' title="bbox 2131 1882 3704 1955">
    <p class='ocr_par' dir='ltr' id='par_1_61' title="bbox 2131 1882 3704 1955">
     <span class='ocr_line' id='line_1_61' title="bbox 2131 1882 3704 1955; baseline -0.003 -15"><span class='ocrx_word' id='word_1_441' title='bbox 2131 1887 2268 1941; x_wconf 85' lang='lat' dir='ltr'><strong>servi</strong></span> <span class='ocrx_word' id='word_1_442' title='bbox 2312 1889 2393 1941; x_wconf 90' lang='lat' dir='ltr'><strong>sui</strong></span> <span class='ocrx_word' id='word_1_443' title='bbox 2438 1902 2572 1955; x_wconf 90' lang='lat' dir='ltr'><strong>opus</strong></span> <span class='ocrx_word' id='word_1_444' title='bbox 2615 1885 2794 1940; x_wconf 89' lang='lat' dir='ltr'><strong>divina</strong></span> <span class='ocrx_word' id='word_1_445' title='bbox 2823 1885 3147 1942; x_wconf 88' lang='lat' dir='ltr'><strong>concedente</strong></span> <span class='ocrx_word' id='word_1_446' title='bbox 3172 1887 3358 1955; x_wconf 88' lang='lat' dir='ltr'><strong>gratia,</strong></span> <span class='ocrx_word' id='word_1_447' title='bbox 3389 1899 3482 1954; x_wconf 91' lang='lat' dir='ltr'><strong>pro</strong></span> <span class='ocrx_word' id='word_1_448' title='bbox 3514 1882 3704 1954; x_wconf 88' lang='lat' dir='ltr'><strong>quibus</strong></span> 
     </span>
    </p>
   </div>
   <div class='ocr_carea' id='block_1_62' title="bbox 2131 1973 3703 2046">
    <p class='ocr_par' dir='ltr' id='par_1_62' title="bbox 2131 1973 3703 2046">
     <span class='ocr_line' id='line_1_62' title="bbox 2131 1973 3703 2046; baseline -0.003 -18"><span class='ocrx_word' id='word_1_449' title='bbox 2131 1988 2387 2034; x_wconf 87' lang='lat' dir='ltr'><strong>venerant</strong></span> <span class='ocrx_word' id='word_1_450' title='bbox 2437 1979 2800 2046; x_wconf 84' lang='lat' dir='ltr'><strong>relinquentes</strong></span> <span class='ocrx_word' id='word_1_451' title='bbox 2845 1977 2911 2032; x_wconf 89' lang='lat' dir='ltr'><strong>ad</strong></span> <span class='ocrx_word' id='word_1_452' title='bbox 2964 1987 3168 2042; x_wconf 86' lang='lat' dir='ltr'><strong>tempus</strong></span> <span class='ocrx_word' id='word_1_453' title='bbox 3217 1975 3582 2038; x_wconf 82' lang='lat' dir='ltr'><strong>mercimonio,</strong></span> <span class='ocrx_word' id='word_1_454' title='bbox 3636 1973 3703 2025; x_wconf 91' lang='lat' dir='ltr'><strong>ad</strong></span> 
     </span>
    </p>
   </div>
   <div class='ocr_carea' id='block_1_63' title="bbox 2130 2061 3703 2136">
    <p class='ocr_par' dir='ltr' id='par_1_63' title="bbox 2130 2061 3703 2136">
     <span class='ocr_line' id='line_1_63' title="bbox 2130 2061 3703 2136; baseline -0.003 -15"><span class='ocrx_word' id='word_1_455' title='bbox 2130 2076 2435 2122; x_wconf 89' lang='lat' dir='ltr'><strong>sanctorum</strong></span> <span class='ocrx_word' id='word_1_456' title='bbox 2483 2068 2626 2122; x_wconf 87' lang='lat' dir='ltr'><strong>hunc</strong></span> <span class='ocrx_word' id='word_1_457' title='bbox 2681 2079 2871 2135; x_wconf 90' lang='lat' dir='ltr'><strong>sponte</strong></span> <span class='ocrx_word' id='word_1_458' title='bbox 2918 2067 3276 2136; x_wconf 70' lang='lat' dir='ltr'><strong>sequebantur</strong></span> <span class='ocrx_word' id='word_1_459' title='bbox 3301 2074 3482 2120; x_wconf 87' lang='lat' dir='ltr'><strong>sancta</strong></span> <span class='ocrx_word' id='word_1_460' title='bbox 3511 2061 3703 2127; x_wconf 87' lang='lat' dir='ltr'><strong>ovilia;</strong></span> 
     </span>
    </p>
   </div>
   <div class='ocr_carea' id='block_1_64' title="bbox 2131 2151 3698 2228">
    <p class='ocr_par' dir='ltr' id='par_1_64' title="bbox 2131 2151 3698 2228">
     <span class='ocr_line' id='line_1_64' title="bbox 2131 2151 3698 2228; baseline -0.003 -16"><span class='ocrx_word' id='word_1_461' title='bbox 2131 2159 2316 2227; x_wconf 86' lang='lat' dir='ltr'><strong>sicque</strong></span> <span class='ocrx_word' id='word_1_462' title='bbox 2343 2159 2393 2212; x_wconf 90' lang='lat' dir='ltr'><strong>in</strong></span> <span class='ocrx_word' id='word_1_463' title='bbox 2423 2157 2646 2213; x_wconf 88' lang='lat' dir='ltr'><strong>ecclesia</strong></span> <span class='ocrx_word' id='word_1_464' title='bbox 2675 2158 3032 2228; x_wconf 87' lang='lat' dir='ltr'><strong>persistendo,</strong></span> <span class='ocrx_word' id='word_1_465' title='bbox 3065 2169 3246 2212; x_wconf 90' lang='lat' dir='ltr'><strong>sancta</strong></span> <span class='ocrx_word' id='word_1_466' title='bbox 3277 2163 3586 2211; x_wconf 86' lang='lat' dir='ltr'><strong>reverenter</strong></span> <span class='ocrx_word' id='word_1_467' title='bbox 3612 2151 3698 2207; x_wconf 87' lang='lat' dir='ltr'><strong>au-</strong></span> 
     </span>
    </p>
   </div>
   <div class='ocr_carea' id='block_1_65' title="bbox 2131 2247 3705 2317">
    <p class='ocr_par' dir='ltr' id='par_1_65' title="bbox 2131 2247 3705 2317">
     <span class='ocr_line' id='line_1_65' title="bbox 2131 2247 3705 2317; baseline -0.003 -14"><span class='ocrx_word' id='word_1_468' title='bbox 2131 2248 2434 2304; x_wconf 88' lang='lat' dir='ltr'><strong>scultabant</strong></span> <span class='ocrx_word' id='word_1_469' title='bbox 2461 2247 2634 2303; x_wconf 89' lang='lat' dir='ltr'><strong>officia</strong></span> <span class='ocrx_word' id='word_1_470' title='bbox 2662 2266 2674 2300; x_wconf 85' lang='lat'><strong>:</strong></span> <span class='ocrx_word' id='word_1_471' title='bbox 2719 2259 2838 2317; x_wconf 90' lang='lat' dir='ltr'><strong>post</strong></span> <span class='ocrx_word' id='word_1_472' title='bbox 2885 2249 3020 2313; x_wconf 54' lang='lat' dir='ltr'><strong>hate,</strong></span> <span class='ocrx_word' id='word_1_473' title='bbox 3046 2256 3261 2315; x_wconf 87' lang='lat' dir='ltr'><strong>peracto</strong></span> <span class='ocrx_word' id='word_1_474' title='bbox 3288 2262 3381 2316; x_wconf 87' lang='lat' dir='ltr'><strong>pro</strong></span> <span class='ocrx_word' id='word_1_475' title='bbox 3411 2261 3514 2311; x_wconf 86' lang='lat' dir='ltr'><strong>quo</strong></span> <span class='ocrx_word' id='word_1_476' title='bbox 3543 2259 3705 2298; x_wconf 84' lang='lat' dir='ltr'><strong>vene-</strong></span> 
     </span>
    </p>
   </div>
   <div class='ocr_carea' id='block_1_66' title="bbox 2131 2333 3706 2408">
    <p class='ocr_par' dir='ltr' id='par_1_66' title="bbox 2131 2333 3706 2408">
     <span class='ocr_line' id='line_1_66' title="bbox 2131 2333 3706 2408; baseline -0.004 -15"><span class='ocrx_word' id='word_1_477' title='bbox 2131 2348 2251 2393; x_wconf 91' lang='lat' dir='ltr'><strong>rant</strong></span> <span class='ocrx_word' id='word_1_478' title='bbox 2290 2339 2520 2407; x_wconf 85' lang='lat' dir='ltr'><strong>negotio,</strong></span> <span class='ocrx_word' id='word_1_479' title='bbox 2556 2339 2884 2408; x_wconf 87' lang='lat' dir='ltr'><strong>repedabant</strong></span> <span class='ocrx_word' id='word_1_480' title='bbox 2912 2337 2980 2393; x_wconf 89' lang='lat' dir='ltr'><strong>ad</strong></span> <span class='ocrx_word' id='word_1_481' title='bbox 3009 2337 3247 2408; x_wconf 86' lang='lat' dir='ltr'><strong>propria,</strong></span> <span class='ocrx_word' id='word_1_482' title='bbox 3276 2335 3550 2390; x_wconf 78' lang='lat' dir='ltr'><strong>attintabus</strong></span> <span class='ocrx_word' id='word_1_483' title='bbox 3595 2333 3706 2388; x_wconf 84' lang='lat' dir='ltr'><strong>suis</strong></span> 
     </span>
    </p>
   </div>
   <div class='ocr_carea' id='block_1_67' title="bbox 2130 2413 3718 2501">
    <p class='ocr_par' dir='ltr' id='par_1_67' title="bbox 2130 2413 3718 2501">
     <span class='ocr_line' id='line_1_67' title="bbox 2130 2413 3718 2501; baseline 0.003 -18"><span class='ocrx_word' id='word_1_484' title='bbox 2130 2430 2306 2486; x_wconf 92' lang='lat' dir='ltr'><strong>divino</strong></span> <span class='ocrx_word' id='word_1_485' title='bbox 2334 2431 2481 2501; x_wconf 88' lang='lat' dir='ltr'><strong>prius</strong></span> <span class='ocrx_word' id='word_1_486' title='bbox 2504 2430 2686 2485; x_wconf 81' lang='lat' dir='ltr'><strong>officio</strong></span> <span class='ocrx_word' id='word_1_487' title='bbox 2709 2430 2989 2500; x_wconf 87' lang='lat' dir='ltr'><strong>saginatis.</strong></span> <span class='ocrx_word' id='word_1_488' title='bbox 3036 2482 3040 2486; x_wconf 91' lang='lat'><strong>.</strong></span> <span class='ocrx_word' id='word_1_489' title='bbox 3683 2495 3688 2500; x_wconf 40' lang='grc'>,</span> <span class='ocrx_word' id='word_1_490' title='bbox 3715 2413 3718 2416; x_wconf 29' lang='grc'><strong>’</strong></span> 
     </span>
    </p>
   </div>
   <div class='ocr_carea' id='block_1_68' title="bbox 2751 2519 3082 2576">
    <p class='ocr_par' dir='ltr' id='par_1_68' title="bbox 2751 2519 3082 2576">
     <span class='ocr_line' id='line_1_68' title="bbox 2751 2519 3082 2576; baseline 0 -2"><span class='ocrx_word' id='word_1_491' title='bbox 2751 2519 2978 2576; x_wconf 86' lang='lat' dir='ltr'><strong>CAPUT</strong></span> <span class='ocrx_word' id='word_1_492' title='bbox 3018 2519 3082 2574; x_wconf 89' lang='lat' dir='ltr'><strong>ll.</strong></span> 
     </span>
    </p>
   </div>
   <div class='ocr_carea' id='block_1_69' title="bbox 2329 2609 3511 2676">
    <p class='ocr_par' dir='ltr' id='par_1_69' title="bbox 2329 2609 3511 2676">
     <span class='ocr_line' id='line_1_69' title="bbox 2329 2609 3511 2676; baseline -0.006 -7"><span class='ocrx_word' id='word_1_493' title='bbox 2329 2618 2454 2669; x_wconf 84' lang='lat' dir='ltr'><strong>Acta</strong></span> <span class='ocrx_word' id='word_1_494' title='bbox 2492 2613 2668 2668; x_wconf 74' lang='lat' dir='ltr'><strong>Romtz</strong></span> <span class='ocrx_word' id='word_1_495' title='bbox 2698 2629 2718 2668; x_wconf 90' lang='lat'><strong><em>:</em></strong></span> <span class='ocrx_word' id='word_1_496' title='bbox 2758 2613 2872 2666; x_wconf 81' lang='lat' dir='ltr'><strong>libri</strong></span> <span class='ocrx_word' id='word_1_497' title='bbox 2909 2611 2971 2665; x_wconf 87' lang='lat' dir='ltr'><strong>ab</strong></span> <span class='ocrx_word' id='word_1_498' title='bbox 3009 2611 3281 2665; x_wconf 79' lang='lat' dir='ltr'><strong>Aldhelmo</strong></span> <span class='ocrx_word' id='word_1_499' title='bbox 3319 2609 3511 2676; x_wconf 75' lang='lat' dir='ltr'><strong>scripti.</strong></span> 
     </span>
    </p>
   </div>
   <div class='ocr_carea' id='block_1_70' title="bbox 2203 2698 3709 2773">
    <p class='ocr_par' dir='ltr' id='par_1_70' title="bbox 2203 2698 3709 2773">
     <span class='ocr_line' id='line_1_70' title="bbox 2203 2698 3709 2773; baseline -0.006 -14"><span class='ocrx_word' id='word_1_500' title='bbox 2203 2706 2353 2760; x_wconf 90' lang='lat' dir='ltr'><strong>llune</strong></span> <span class='ocrx_word' id='word_1_501' title='bbox 2379 2716 2554 2759; x_wconf 89' lang='lat' dir='ltr'><strong>autem</strong></span> <span class='ocrx_word' id='word_1_502' title='bbox 2583 2705 2636 2758; x_wconf 91' lang='lat' dir='ltr'><strong>in</strong></span> <span class='ocrx_word' id='word_1_503' title='bbox 2667 2713 2810 2758; x_wconf 88' lang='lat' dir='ltr'><strong>tanta</strong></span> <span class='ocrx_word' id='word_1_504' title='bbox 2841 2701 3216 2773; x_wconf 89' lang='lat' dir='ltr'><strong>persistentem</strong></span> <span class='ocrx_word' id='word_1_505' title='bbox 3238 2699 3362 2753; x_wconf 90' lang='lat' dir='ltr'><strong>boni</strong></span> <span class='ocrx_word' id='word_1_506' title='bbox 3385 2698 3557 2767; x_wconf 81' lang='lat' dir='ltr'><strong>Operis</strong></span> <span class='ocrx_word' id='word_1_507' title='bbox 3588 2711 3709 2773; x_wconf 9' lang='lat' dir='ltr'><strong>per,-</strong></span> 
     </span>
    </p>
   </div>
   <div class='ocr_carea' id='block_1_71' title="bbox 2130 2771 3711 2863">
    <p class='ocr_par' dir='ltr' id='par_1_71' title="bbox 2130 2771 3711 2863">
     <span class='ocr_line' id='line_1_71' title="bbox 2130 2771 3711 2863; baseline -0.005 -15"><span class='ocrx_word' id='word_1_508' title='bbox 2130 2795 2452 2863; x_wconf 89' lang='lat' dir='ltr'><strong>severantia,</strong></span> <span class='ocrx_word' id='word_1_509' title='bbox 2494 2793 2803 2860; x_wconf 76' lang='lat' dir='ltr'><strong>apostolicae</strong></span> <span class='ocrx_word' id='word_1_510' title='bbox 2835 2771 2980 2846; x_wconf 81' lang='lat' dir='ltr'><strong>sedis</strong></span> <span class='ocrx_word' id='word_1_511' title='bbox 3019 2804 3258 2846; x_wconf 88' lang='lat' dir='ltr'><strong>summus</strong></span> <span class='ocrx_word' id='word_1_512' title='bbox 3287 2787 3545 2857; x_wconf 80' lang='lat' dir='ltr'><strong>pontifex,</strong></span> <span class='ocrx_word' id='word_1_513' title='bbox 3595 2771 3711 2840; x_wconf 50' lang='lat' dir='ltr'><strong>ma;</strong></span> 
     </span>
    </p>
   </div>
   <div class='ocr_carea' id='block_1_72' title="bbox 2130 2879 3709 2957">
    <p class='ocr_par' dir='ltr' id='par_1_72' title="bbox 2130 2879 3709 2957">
     <span class='ocr_line' id='line_1_72' title="bbox 2130 2879 3709 2957; baseline -0.007 -16"><span class='ocrx_word' id='word_1_514' title='bbox 2130 2901 2249 2957; x_wconf 72' lang='lat' dir='ltr'><strong>gare</strong></span> <span class='ocrx_word' id='word_1_515' title='bbox 2279 2886 2576 2941; x_wconf 90' lang='lat' dir='ltr'><strong>sanctitatis</strong></span> <span class='ocrx_word' id='word_1_516' title='bbox 2593 2885 2672 2940; x_wconf 90' lang='lat' dir='ltr'><strong>vir</strong></span> <span class='ocrx_word' id='word_1_517' title='bbox 2693 2885 2932 2954; x_wconf 91' lang='lat' dir='ltr'><strong>Sergius,</strong></span> <span class='ocrx_word' id='word_1_518' title='bbox 2959 2883 3249 2947; x_wconf 87' lang='lat' dir='ltr'><strong>asciverat;</strong></span> <span class='ocrx_word' id='word_1_519' title='bbox 3279 2881 3401 2950; x_wconf 91' lang='lat' dir='ltr'><strong>quia</strong></span> <span class='ocrx_word' id='word_1_520' title='bbox 3429 2879 3525 2933; x_wconf 89' lang='lat' dir='ltr'><strong>etsi</strong></span> <span class='ocrx_word' id='word_1_521' title='bbox 3556 2879 3709 2948; x_wconf 93' lang='lat' dir='ltr'><strong>longe</strong></span> 
     </span>
    </p>
   </div>
   <div class='ocr_carea' id='block_1_73' title="bbox 2131 2969 3706 3045">
    <p class='ocr_par' dir='ltr' id='par_1_73' title="bbox 2131 2969 3706 3045">
     <span class='ocr_line' id='line_1_73' title="bbox 2131 2969 3706 3045; baseline -0.008 -14"><span class='ocrx_word' id='word_1_522' title='bbox 2131 2978 2360 3045; x_wconf 60' lang='lat' dir='ltr'><strong>positum</strong></span> <span class='ocrx_word' id='word_1_523' title='bbox 2397 2977 2570 3044; x_wconf 82' lang='lat' dir='ltr'><strong>ampla</strong></span> <span class='ocrx_word' id='word_1_524' title='bbox 2615 2983 2879 3030; x_wconf 86' lang='lat' dir='ltr'><strong>terrarum</strong></span> <span class='ocrx_word' id='word_1_525' title='bbox 2924 2974 3116 3044; x_wconf 89' lang='lat' dir='ltr'><strong>spatia,</strong></span> <span class='ocrx_word' id='word_1_526' title='bbox 3158 2969 3419 3041; x_wconf 91' lang='lat' dir='ltr'><strong>scopulosi</strong></span> <span class='ocrx_word' id='word_1_527' title='bbox 3468 2974 3706 3040; x_wconf 80' lang='lat' dir='ltr'><strong>montes,</strong></span> 
     </span>
    </p>
   </div>
   <div class='ocr_carea' id='block_1_74' title="bbox 2131 3061 3707 3137">
    <p class='ocr_par' dir='ltr' id='par_1_74' title="bbox 2131 3061 3707 3137">
     <span class='ocr_line' id='line_1_74' title="bbox 2131 3061 3707 3137; baseline -0.008 -13"><span class='ocrx_word' id='word_1_528' title='bbox 2131 3069 2394 3124; x_wconf 73' lang='lat' dir='ltr'><strong>scabrosa:</strong></span> <span class='ocrx_word' id='word_1_529' title='bbox 2421 3068 2585 3122; x_wconf 84' lang='lat' dir='ltr'><strong>valles</strong></span> <span class='ocrx_word' id='word_1_530' title='bbox 2611 3075 2926 3137; x_wconf 89' lang='lat' dir='ltr'><strong>separarent</strong></span> <span class='ocrx_word' id='word_1_531' title='bbox 2975 3076 3030 3121; x_wconf 91' lang='lat' dir='ltr'><strong>et</strong></span> <span class='ocrx_word' id='word_1_532' title='bbox 3074 3078 3308 3134; x_wconf 63' lang='lat' dir='ltr'><strong>aequora,</strong></span> <span class='ocrx_word' id='word_1_533' title='bbox 3362 3061 3476 3116; x_wconf 68' lang='lat' dir='ltr'><strong>hate</strong></span> <span class='ocrx_word' id='word_1_534' title='bbox 3533 3069 3707 3113; x_wconf 85' lang='lat' dir='ltr'><strong>tamen</strong></span> 
     </span>
    </p>
   </div>
   <div class='ocr_carea' id='block_1_75' title="bbox 2131 3152 3712 3230">
    <p class='ocr_par' dir='ltr' id='par_1_75' title="bbox 2131 3152 3712 3230">
     <span class='ocr_line' id='line_1_75' title="bbox 2131 3152 3712 3230; baseline -0.006 -16"><span class='ocrx_word' id='word_1_535' title='bbox 2131 3175 2250 3230; x_wconf 61' lang='lat' dir='ltr'><strong>quas</strong></span> <span class='ocrx_word' id='word_1_536' title='bbox 2275 3159 2515 3225; x_wconf 90' lang='lat' dir='ltr'><strong>dicimus,</strong></span> <span class='ocrx_word' id='word_1_537' title='bbox 2546 3169 2600 3214; x_wconf 92' lang='lat' dir='ltr'><strong>et</strong></span> <span class='ocrx_word' id='word_1_538' title='bbox 2634 3159 2801 3214; x_wconf 89' lang='lat' dir='ltr'><strong>multa</strong></span> <span class='ocrx_word' id='word_1_539' title='bbox 2829 3173 2944 3228; x_wconf 68' lang='lat' dir='ltr'><strong>qua:</strong></span> <span class='ocrx_word' id='word_1_540' title='bbox 2973 3158 3120 3225; x_wconf 87' lang='lat' dir='ltr'><strong>lapsa</strong></span> <span class='ocrx_word' id='word_1_541' title='bbox 3168 3170 3198 3208; x_wconf 91' lang='lat' dir='ltr'><strong>a</strong></span> <span class='ocrx_word' id='word_1_542' title='bbox 3245 3152 3496 3208; x_wconf 79' lang='lat' dir='ltr'><strong>memoria</strong></span> <span class='ocrx_word' id='word_1_543' title='bbox 3542 3152 3712 3222; x_wconf 74' lang='lat' dir='ltr'><strong>stylus</strong></span> 
     </span>
    </p>
   </div>
   <div class='ocr_carea' id='block_1_76' title="bbox 2133 3241 3714 3318">
    <p class='ocr_par' dir='ltr' id='par_1_76' title="bbox 2133 3241 3714 3318">
     <span class='ocr_line' id='line_1_76' title="bbox 2133 3241 3714 3318; baseline -0.008 -14"><span class='ocrx_word' id='word_1_544' title='bbox 2133 3265 2237 3304; x_wconf 91' lang='lat' dir='ltr'><strong>non</strong></span> <span class='ocrx_word' id='word_1_545' title='bbox 2289 3249 2578 3318; x_wconf 86' lang='lat' dir='ltr'><strong>perarabit,</strong></span> <span class='ocrx_word' id='word_1_546' title='bbox 2609 3248 2678 3303; x_wconf 90' lang='lat' dir='ltr'><strong>de</strong></span> <span class='ocrx_word' id='word_1_547' title='bbox 2729 3261 2795 3303; x_wconf 90' lang='lat' dir='ltr'><strong>eo</strong></span> <span class='ocrx_word' id='word_1_548' title='bbox 2835 3260 3072 3316; x_wconf 71' lang='lat' dir='ltr'><strong>persaepe</strong></span> <span class='ocrx_word' id='word_1_549' title='bbox 3106 3243 3370 3298; x_wconf 89' lang='lat' dir='ltr'><strong>audierat.</strong></span> <span class='ocrx_word' id='word_1_550' title='bbox 3425 3241 3541 3296; x_wconf 76' lang='lat' dir='ltr'><strong>Mox</strong></span> <span class='ocrx_word' id='word_1_551' title='bbox 3585 3253 3714 3295; x_wconf 83' lang='lat' dir='ltr'><strong>vero</strong></span> 
     </span>
    </p>
   </div>
   <div class='ocr_carea' id='block_1_77' title="bbox 2135 3332 3714 3408">
    <p class='ocr_par' dir='ltr' id='par_1_77' title="bbox 2135 3332 3714 3408">
     <span class='ocr_line' id='line_1_77' title="bbox 2135 3332 3714 3408; baseline -0.008 -12"><span class='ocrx_word' id='word_1_552' title='bbox 2135 3352 2188 3396; x_wconf 89' lang='lat' dir='ltr'><strong>ut</strong></span> <span class='ocrx_word' id='word_1_553' title='bbox 2208 3340 2436 3397; x_wconf 89' lang='lat' dir='ltr'><strong>Sanctus</strong></span> <span class='ocrx_word' id='word_1_554' title='bbox 2467 3343 2597 3394; x_wconf 91' lang='lat' dir='ltr'><strong>tanti</strong></span> <span class='ocrx_word' id='word_1_555' title='bbox 2626 3339 2790 3408; x_wconf 85' lang='lat' dir='ltr'><strong>patris</strong></span> <span class='ocrx_word' id='word_1_556' title='bbox 2814 3337 3171 3404; x_wconf 83' lang='lat' dir='ltr'><strong>Romanaeque</strong></span> <span class='ocrx_word' id='word_1_557' title='bbox 3199 3333 3360 3389; x_wconf 79' lang='lat' dir='ltr'><strong>curia:</strong></span> <span class='ocrx_word' id='word_1_558' title='bbox 3391 3332 3588 3386; x_wconf 88' lang='lat' dir='ltr'><strong>monita</strong></span> <span class='ocrx_word' id='word_1_559' title='bbox 3620 3344 3714 3384; x_wconf 87' lang='lat' dir='ltr'><strong>au-</strong></span> 
     </span>
    </p>
   </div>
   <div class='ocr_carea' id='block_1_78' title="bbox 2137 3420 3715 3499">
    <p class='ocr_par' dir='ltr' id='par_1_78' title="bbox 2137 3420 3715 3499">
     <span class='ocr_line' id='line_1_78' title="bbox 2137 3420 3715 3499; baseline -0.009 -13"><span class='ocrx_word' id='word_1_560' title='bbox 2137 3431 2287 3497; x_wconf 81' lang='lat' dir='ltr'><strong>divit,</strong></span> <span class='ocrx_word' id='word_1_561' title='bbox 2323 3430 2425 3486; x_wconf 87' lang='lat' dir='ltr'><strong>iter</strong></span> <span class='ocrx_word' id='word_1_562' title='bbox 2445 3429 2690 3499; x_wconf 86' lang='lat' dir='ltr'><strong>arripuit,</strong></span> <span class='ocrx_word' id='word_1_563' title='bbox 2722 3427 2964 3498; x_wconf 83' lang='lat' dir='ltr'><strong>quamvis</strong></span> <span class='ocrx_word' id='word_1_564' title='bbox 2988 3425 3236 3490; x_wconf 88' lang='lat' dir='ltr'><strong>arduum,</strong></span> <span class='ocrx_word' id='word_1_565' title='bbox 3271 3424 3468 3492; x_wconf 84' lang='lat' dir='ltr'><strong>ingenti</strong></span> <span class='ocrx_word' id='word_1_566' title='bbox 3500 3420 3715 3489; x_wconf 89' lang='lat' dir='ltr'><strong>quidem</strong></span> 
     </span>
    </p>
   </div>
   <div class='ocr_carea' id='block_1_79' title="bbox 2137 3507 3716 3590">
    <p class='ocr_par' dir='ltr' id='par_1_79' title="bbox 2137 3507 3716 3590">
     <span class='ocr_line' id='line_1_79' title="bbox 2137 3507 3716 3590; baseline -0.009 -12"><span class='ocrx_word' id='word_1_567' title='bbox 2137 3523 2366 3578; x_wconf 88' lang='lat' dir='ltr'><strong>refertus</strong></span> <span class='ocrx_word' id='word_1_568' title='bbox 2411 3521 2617 3587; x_wconf 72' lang='lat' dir='ltr'><strong>laetitia,</strong></span> <span class='ocrx_word' id='word_1_569' title='bbox 2666 3519 2789 3590; x_wconf 92' lang='lat' dir='ltr'><strong>quia</strong></span> <span class='ocrx_word' id='word_1_570' title='bbox 2819 3517 3082 3573; x_wconf 88' lang='lat' dir='ltr'><strong>successit</strong></span> <span class='ocrx_word' id='word_1_571' title='bbox 3124 3513 3172 3570; x_wconf 90' lang='lat' dir='ltr'><strong>ei</strong></span> <span class='ocrx_word' id='word_1_572' title='bbox 3215 3527 3373 3568; x_wconf 89' lang='lat' dir='ltr'><strong>causa</strong></span> <span class='ocrx_word' id='word_1_573' title='bbox 3420 3507 3716 3581; x_wconf 84' lang='lat' dir='ltr'><strong>principum</strong></span> 
     </span>
    </p>
   </div>
   <div class='ocr_carea' id='block_1_80' title="bbox 2140 3601 3720 3683">
    <p class='ocr_par' dir='ltr' id='par_1_80' title="bbox 2140 3601 3720 3683">
     <span class='ocr_line' id='line_1_80' title="bbox 2140 3601 3720 3683; baseline -0.009 -14"><span class='ocrx_word' id='word_1_574' title='bbox 2140 3614 2516 3683; x_wconf 88' lang='lat' dir='ltr'><strong>Apostolorum</strong></span> <span class='ocrx_word' id='word_1_575' title='bbox 2561 3611 2741 3666; x_wconf 89' lang='lat' dir='ltr'><strong>videre</strong></span> <span class='ocrx_word' id='word_1_576' title='bbox 2784 3609 2874 3664; x_wconf 82' lang='lat' dir='ltr'><strong>diu</strong></span> <span class='ocrx_word' id='word_1_577' title='bbox 2921 3606 3221 3661; x_wconf 88' lang='lat' dir='ltr'><strong>desiderata</strong></span> <span class='ocrx_word' id='word_1_578' title='bbox 3254 3601 3480 3668; x_wconf 90' lang='lat' dir='ltr'><strong>limina;</strong></span> <span class='ocrx_word' id='word_1_579' title='bbox 3533 3601 3720 3677; x_wconf 80' lang='lat' dir='ltr'><strong>dolens</strong></span> 
     </span>
    </p>
   </div>
   <div class='ocr_carea' id='block_1_81' title="bbox 2143 3693 3719 3774">
    <p class='ocr_par' dir='ltr' id='par_1_81' title="bbox 2143 3693 3719 3774">
     <span class='ocr_line' id='line_1_81' title="bbox 2143 3693 3719 3774; baseline -0.008 -16"><span class='ocrx_word' id='word_1_580' title='bbox 2143 3720 2293 3768; x_wconf 81' lang='lat' dir='ltr'><strong>vero,</strong></span> <span class='ocrx_word' id='word_1_581' title='bbox 2343 3704 2485 3774; x_wconf 90' lang='lat' dir='ltr'><strong>quod</strong></span> <span class='ocrx_word' id='word_1_582' title='bbox 2517 3703 2600 3757; x_wconf 89' lang='lat' dir='ltr'><strong>vel</strong></span> <span class='ocrx_word' id='word_1_583' title='bbox 2632 3703 2697 3756; x_wconf 90' lang='lat' dir='ltr'><strong>ad</strong></span> <span class='ocrx_word' id='word_1_584' title='bbox 2744 3709 2952 3769; x_wconf 90' lang='lat' dir='ltr'><strong>tempus</strong></span> <span class='ocrx_word' id='word_1_585' title='bbox 2991 3711 3251 3768; x_wconf 89' lang='lat' dir='ltr'><strong>corporeo</strong></span> <span class='ocrx_word' id='word_1_586' title='bbox 3301 3693 3532 3750; x_wconf 89' lang='lat' dir='ltr'><strong>termino</strong></span> <span class='ocrx_word' id='word_1_587' title='bbox 3575 3701 3719 3746; x_wconf 87' lang='lat' dir='ltr'><strong>tanta</strong></span> 
     </span>
    </p>
   </div>
   <div class='ocr_carea' id='block_1_82' title="bbox 2143 3783 3721 3864">
    <p class='ocr_par' dir='ltr' id='par_1_82' title="bbox 2143 3783 3721 3864">
     <span class='ocr_line' id='line_1_82' title="bbox 2143 3783 3721 3864; baseline -0.008 -16"><span class='ocrx_word' id='word_1_588' title='bbox 2143 3795 2478 3864; x_wconf 81' lang='lat' dir='ltr'><strong>relinquebat</strong></span> <span class='ocrx_word' id='word_1_589' title='bbox 2505 3792 2731 3847; x_wconf 69' lang='lat' dir='ltr'><strong>fratrum</strong></span> <span class='ocrx_word' id='word_1_590' title='bbox 2775 3789 3064 3844; x_wconf 90' lang='lat' dir='ltr'><strong>consortia.</strong></span> <span class='ocrx_word' id='word_1_591' title='bbox 3114 3787 3182 3842; x_wconf 88' lang='lat' dir='ltr'><strong>Ut</strong></span> <span class='ocrx_word' id='word_1_592' title='bbox 3211 3797 3386 3840; x_wconf 75' lang='lat' dir='ltr'><strong>autem</strong></span> <span class='ocrx_word' id='word_1_593' title='bbox 3409 3786 3489 3839; x_wconf 88' lang='lat' dir='ltr'><strong>vir</strong></span> <span class='ocrx_word' id='word_1_594' title='bbox 3527 3783 3721 3853; x_wconf 84' lang='lat' dir='ltr'><strong>pretio-</strong></span> 
     </span>
    </p>
   </div>
   <div class='ocr_carea' id='block_1_83' title="bbox 2145 3873 3722 3947">
    <p class='ocr_par' dir='ltr' id='par_1_83' title="bbox 2145 3873 3722 3947">
     <span class='ocr_line' id='line_1_83' title="bbox 2145 3873 3722 3947; baseline -0.007 -8"><span class='ocrx_word' id='word_1_595' title='bbox 2145 3884 2389 3939; x_wconf 89' lang='lat' dir='ltr'><strong>sissimus</strong></span> <span class='ocrx_word' id='word_1_596' title='bbox 2414 3883 2638 3940; x_wconf 79' lang='lat' dir='ltr'><strong>Romam</strong></span> <span class='ocrx_word' id='word_1_597' title='bbox 2666 3882 2829 3947; x_wconf 83' lang='lat' dir='ltr'><strong>venit,</strong></span> <span class='ocrx_word' id='word_1_598' title='bbox 2860 3879 3195 3936; x_wconf 71' lang='lat' dir='ltr'><strong>laetabundus</strong></span> <span class='ocrx_word' id='word_1_599' title='bbox 3223 3891 3318 3947; x_wconf 90' lang='lat' dir='ltr'><strong>pro</strong></span> <span class='ocrx_word' id='word_1_600' title='bbox 3349 3885 3562 3946; x_wconf 89' lang='lat' dir='ltr'><strong>peracta</strong></span> <span class='ocrx_word' id='word_1_601' title='bbox 3596 3873 3722 3928; x_wconf 84' lang='lat' dir='ltr'><strong>obe-</strong></span> 
     </span>
    </p>
   </div>
   <div class='ocr_carea' id='block_1_84' title="bbox 2147 3965 3721 4045">
    <p class='ocr_par' dir='ltr' id='par_1_84' title="bbox 2147 3965 3721 4045">
     <span class='ocr_line' id='line_1_84' title="bbox 2147 3965 3721 4045; baseline -0.008 -17"><span class='ocrx_word' id='word_1_602' title='bbox 2147 3976 2364 4045; x_wconf 86' lang='lat' dir='ltr'><strong>dientia,</strong></span> <span class='ocrx_word' id='word_1_603' title='bbox 2423 3977 2538 4030; x_wconf 91' lang='lat' dir='ltr'><strong>sine</strong></span> <span class='ocrx_word' id='word_1_604' title='bbox 2578 3991 2677 4045; x_wconf 89' lang='lat' dir='ltr'><strong>qua</strong></span> <span class='ocrx_word' id='word_1_605' title='bbox 2721 3972 3055 4043; x_wconf 84' lang='lat' dir='ltr'><strong>impossibile</strong></span> <span class='ocrx_word' id='word_1_606' title='bbox 3095 3978 3180 4025; x_wconf 91' lang='lat' dir='ltr'><strong>est</strong></span> <span class='ocrx_word' id='word_1_607' title='bbox 3225 3966 3449 4036; x_wconf 84' lang='lat' dir='ltr'><strong>alicujus</strong></span> <span class='ocrx_word' id='word_1_608' title='bbox 3494 3965 3721 4018; x_wconf 89' lang='lat' dir='ltr'><strong>animam</strong></span> 
     </span>
    </p>
   </div>
   <div class='ocr_carea' id='block_1_85' title="bbox 2148 4053 3722 4133">
    <p class='ocr_par' dir='ltr' id='par_1_85' title="bbox 2148 4053 3722 4133">
     <span class='ocr_line' id='line_1_85' title="bbox 2148 4053 3722 4133; baseline -0.011 -12"><span class='ocrx_word' id='word_1_609' title='bbox 2148 4079 2374 4133; x_wconf 89' lang='lat' dir='ltr'><strong>unquam</strong></span> <span class='ocrx_word' id='word_1_610' title='bbox 2407 4078 2566 4131; x_wconf 89' lang='lat' dir='ltr'><strong>posse</strong></span> <span class='ocrx_word' id='word_1_611' title='bbox 2610 4061 2824 4129; x_wconf 88' lang='lat' dir='ltr'><strong>salvari,</strong></span> <span class='ocrx_word' id='word_1_612' title='bbox 2857 4059 3143 4129; x_wconf 88' lang='lat' dir='ltr'><strong>apostolici</strong></span> <span class='ocrx_word' id='word_1_613' title='bbox 3176 4057 3276 4111; x_wconf 88' lang='lat' dir='ltr'><strong>viri</strong></span> <span class='ocrx_word' id='word_1_614' title='bbox 3308 4053 3596 4110; x_wconf 84' lang='lat' dir='ltr'><strong>honorifice</strong></span> <span class='ocrx_word' id='word_1_615' title='bbox 3641 4066 3722 4105; x_wconf 83' lang='lat' dir='ltr'><strong>re-</strong></span> 
     </span>
    </p>
   </div>
   <div class='ocr_carea' id='block_1_86' title="bbox 2147 4142 3725 4225">
    <p class='ocr_par' dir='ltr' id='par_1_86' title="bbox 2147 4142 3725 4225">
     <span class='ocr_line' id='line_1_86' title="bbox 2147 4142 3725 4225; baseline -0.01 -15"><span class='ocrx_word' id='word_1_616' title='bbox 2147 4164 2332 4225; x_wconf 86' lang='lat' dir='ltr'><strong>ceptus</strong></span> <span class='ocrx_word' id='word_1_617' title='bbox 2359 4151 2645 4221; x_wconf 88' lang='lat' dir='ltr'><strong>colloquio,</strong></span> <span class='ocrx_word' id='word_1_618' title='bbox 2679 4159 2734 4205; x_wconf 88' lang='lat' dir='ltr'><strong>et</strong></span> <span class='ocrx_word' id='word_1_619' title='bbox 2763 4165 2859 4219; x_wconf 85' lang='lat' dir='ltr'><strong>pro</strong></span> <span class='ocrx_word' id='word_1_620' title='bbox 2889 4149 3029 4204; x_wconf 85' lang='lat' dir='ltr'><strong>velle</strong></span> <span class='ocrx_word' id='word_1_621' title='bbox 3058 4149 3110 4201; x_wconf 92' lang='lat' dir='ltr'><strong>in</strong></span> <span class='ocrx_word' id='word_1_622' title='bbox 3151 4147 3400 4201; x_wconf 92' lang='lat' dir='ltr'><strong>omnibus</strong></span> <span class='ocrx_word' id='word_1_623' title='bbox 3429 4142 3572 4198; x_wconf 90' lang='lat' dir='ltr'><strong>illius</strong></span> <span class='ocrx_word' id='word_1_624' title='bbox 3602 4155 3725 4212; x_wconf 89' lang='lat' dir='ltr'><strong>pro-</strong></span> 
     </span>
    </p>
   </div>
   <div class='ocr_carea' id='block_1_87' title="bbox 2149 4234 3728 4316">
    <p class='ocr_par' dir='ltr' id='par_1_87' title="bbox 2149 4234 3728 4316">
     <span class='ocr_line' id='line_1_87' title="bbox 2149 4234 3728 4316; baseline -0.01 -14"><span class='ocrx_word' id='word_1_625' title='bbox 2149 4256 2263 4316; x_wconf 85' lang='lat' dir='ltr'><strong>pter</strong></span> <span class='ocrx_word' id='word_1_626' title='bbox 2313 4245 2696 4300; x_wconf 90' lang='lat' dir='ltr'><strong>inhabitantem</strong></span> <span class='ocrx_word' id='word_1_627' title='bbox 2751 4241 2974 4312; x_wconf 87' lang='lat' dir='ltr'><strong>gratiam</strong></span> <span class='ocrx_word' id='word_1_628' title='bbox 3025 4238 3116 4293; x_wconf 92' lang='lat' dir='ltr'><strong>Dei</strong></span> <span class='ocrx_word' id='word_1_629' title='bbox 3175 4251 3300 4291; x_wconf 88' lang='lat' dir='ltr'><strong>usus</strong></span> <span class='ocrx_word' id='word_1_630' title='bbox 3355 4234 3728 4298; x_wconf 89' lang='lat' dir='ltr'><strong>contubernio,</strong></span> 
     </span>
    </p>
   </div>
   <div class='ocr_carea' id='block_1_88' title="bbox 2152 4327 3730 4403">
    <p class='ocr_par' dir='ltr' id='par_1_88' title="bbox 2152 4327 3730 4403">
     <span class='ocr_line' id='line_1_88' title="bbox 2152 4327 3730 4403; baseline -0.011 -5"><span class='ocrx_word' id='word_1_631' title='bbox 2152 4340 2414 4398; x_wconf 78' lang='lat' dir='ltr'><strong>beneficio</strong></span> <span class='ocrx_word' id='word_1_632' title='bbox 2472 4338 2669 4393; x_wconf 77' lang='lat' dir='ltr'><strong>nostris</strong></span> <span class='ocrx_word' id='word_1_633' title='bbox 2711 4334 3043 4403; x_wconf 88' lang='lat' dir='ltr'><strong>temporibus</strong></span> <span class='ocrx_word' id='word_1_634' title='bbox 3091 4329 3330 4386; x_wconf 88' lang='lat' dir='ltr'><strong>inaudito</strong></span> <span class='ocrx_word' id='word_1_635' title='bbox 3374 4327 3658 4381; x_wconf 90' lang='lat' dir='ltr'><strong>decoratur</strong></span> <span class='ocrx_word' id='word_1_636' title='bbox 3698 4341 3730 4380; x_wconf 88' lang='lat' dir='ltr'><strong>a</strong></span> 
     </span>
    </p>
   </div>
   <div class='ocr_carea' id='block_1_89' title="bbox 460 4419 3735 4522">
    <p class='ocr_par' dir='ltr' id='par_1_89' title="bbox 460 4419 3735 4522">
     <span class='ocr_line' id='line_1_89' title="bbox 460 4419 3735 4522; baseline -0.01 -16"><span class='ocrx_word' id='word_1_637' title='bbox 460 4419 730 4518; x_wconf 75' lang='lat' dir='ltr'><strong>Scriptura</strong></span> <span class='ocrx_word' id='word_1_638' title='bbox 760 4445 892 4501; x_wconf 90' lang='lat' dir='ltr'><strong>dicit</strong></span> <span class='ocrx_word' id='word_1_639' title='bbox 925 4461 940 4499; x_wconf 92' lang='lat'><strong>:</strong></span> <span class='ocrx_word' id='word_1_640' title='bbox 977 4442 1165 4498; x_wconf 82' lang='lat' dir='ltr'><strong>Beatus</strong></span> <span class='ocrx_word' id='word_1_641' title='bbox 1185 4441 1334 4494; x_wconf 85' lang='lat' dir='ltr'><strong>homo</strong></span> <span class='ocrx_word' id='word_1_642' title='bbox 1363 4439 1451 4510; x_wconf 84' lang='lat' dir='ltr'><strong>qui</strong></span> <span class='ocrx_word' id='word_1_643' title='bbox 1477 4455 1676 4508; x_wconf 80' lang='lat' dir='ltr'><strong>semper</strong></span> <span class='ocrx_word' id='word_1_644' title='bbox 1704 4447 1776 4492; x_wconf 80' lang='lat' dir='ltr'><strong>est</strong></span> <span class='ocrx_word' id='word_1_645' title='bbox 1802 4434 2036 4507; x_wconf 84' lang='lat' dir='ltr'><strong>pavidus.</strong></span> <span class='ocrx_word' id='word_1_646' title='bbox 2071 4459 2120 4522; x_wconf 66' lang='grc' dir='ltr'><strong>Β</strong></span> <span class='ocrx_word' id='word_1_647' title='bbox 2153 4433 2284 4498; x_wconf 88' lang='lat' dir='ltr'><strong>Deo,</strong></span> <span class='ocrx_word' id='word_1_648' title='bbox 2318 4432 2404 4488; x_wconf 91' lang='lat' dir='ltr'><strong>cui</strong></span> <span class='ocrx_word' id='word_1_649' title='bbox 2433 4445 2492 4486; x_wconf 87' lang='lat' dir='ltr'><strong>se</strong></span> <span class='ocrx_word' id='word_1_650' title='bbox 2530 4429 2720 4484; x_wconf 85' lang='lat' dir='ltr'><strong>devote</strong></span> <span class='ocrx_word' id='word_1_651' title='bbox 2751 4426 3009 4491; x_wconf 91' lang='lat' dir='ltr'><strong>dederat;</strong></span> <span class='ocrx_word' id='word_1_652' title='bbox 3037 4437 3144 4495; x_wconf 92' lang='lat' dir='ltr'><strong>quo</strong></span> <span class='ocrx_word' id='word_1_653' title='bbox 3171 4419 3340 4522; x_wconf 67' lang='lat' dir='ltr'><strong>magis</strong></span> <span class='ocrx_word' id='word_1_654' title='bbox 3361 4435 3390 4474; x_wconf 90' lang='lat' dir='ltr'><strong>a</strong></span> <span class='ocrx_word' id='word_1_655' title='bbox 3413 4428 3560 4522; x_wconf 71' lang='lat' dir='ltr'><strong>tanto</strong></span> <span class='ocrx_word' id='word_1_656' title='bbox 3600 4431 3735 4522; x_wconf 71' lang='lat' dir='ltr'><strong>pou-.-</strong></span> 
     </span>
    </p>
   </div>
   <div class='ocr_carea' id='block_1_90' title="bbox 463 4526 2043 4609">
    <p class='ocr_par' dir='ltr' id='par_1_90' title="bbox 463 4526 2043 4609">
     <span class='ocr_line' id='line_1_90' title="bbox 463 4526 2043 4609; baseline -0.013 -10"><span class='ocrx_word' id='word_1_657' title='bbox 463 4541 556 4599; x_wconf 87' lang='lat' dir='ltr'><strong>llle</strong></span> <span class='ocrx_word' id='word_1_658' title='bbox 575 4555 701 4595; x_wconf 89' lang='lat' dir='ltr'><strong>vero</strong></span> <span class='ocrx_word' id='word_1_659' title='bbox 729 4544 997 4609; x_wconf 63' lang='lat' dir='ltr'><strong>praecepta</strong></span> <span class='ocrx_word' id='word_1_660' title='bbox 1030 4543 1247 4590; x_wconf 88' lang='lat' dir='ltr'><strong>secutus</strong></span> <span class='ocrx_word' id='word_1_661' title='bbox 1269 4532 1467 4595; x_wconf 88' lang='lat' dir='ltr'><strong>divina,</strong></span> <span class='ocrx_word' id='word_1_662' title='bbox 1504 4530 1714 4584; x_wconf 91' lang='lat' dir='ltr'><strong>lumbos</strong></span> <span class='ocrx_word' id='word_1_663' title='bbox 1735 4543 1861 4582; x_wconf 89' lang='lat' dir='ltr'><strong>suos</strong></span> <span class='ocrx_word' id='word_1_664' title='bbox 1882 4526 2043 4580; x_wconf 88' lang='lat' dir='ltr'><strong>casti-</strong></span> 
     </span>
    </p>
   </div>
   <div class='ocr_carea' id='block_1_91' title="bbox 464 4619 2045 4700">
    <p class='ocr_par' dir='ltr' id='par_1_91' title="bbox 464 4619 2045 4700">
     <span class='ocr_line' id='line_1_91' title="bbox 464 4619 2045 4700; baseline -0.013 -9"><span class='ocrx_word' id='word_1_665' title='bbox 464 4644 572 4690; x_wconf 90' lang='lat' dir='ltr'><strong>tate</strong></span> <span class='ocrx_word' id='word_1_666' title='bbox 600 4629 987 4700; x_wconf 52' lang='lat' dir='ltr'><strong>circumliyvit</strong></span> <span class='ocrx_word' id='word_1_667' title='bbox 1015 4627 1229 4692; x_wconf 79' lang='lat' dir='ltr'><strong>eximia,</strong></span> <span class='ocrx_word' id='word_1_668' title='bbox 1265 4637 1449 4680; x_wconf 89' lang='lat' dir='ltr'><strong>tenens</strong></span> <span class='ocrx_word' id='word_1_669' title='bbox 1507 4623 1757 4676; x_wconf 88' lang='lat' dir='ltr'><strong>ardentes</strong></span> <span class='ocrx_word' id='word_1_670' title='bbox 1802 4619 2045 4674; x_wconf 89' lang='lat' dir='ltr'><strong>lucernas</strong></span> 
     </span>
    </p>
   </div>
   <div class='ocr_carea' id='block_1_92' title="bbox 464 4707 2046 4787">
    <p class='ocr_par' dir='ltr' id='par_1_92' title="bbox 464 4707 2046 4787">
     <span class='ocr_line' id='line_1_92' title="bbox 464 4707 2046 4787; baseline -0.012 -9"><span class='ocrx_word' id='word_1_671' title='bbox 464 4726 514 4778; x_wconf 84' lang='lat' dir='ltr'><strong>in</strong></span> <span class='ocrx_word' id='word_1_672' title='bbox 541 4724 808 4787; x_wconf 89' lang='lat' dir='ltr'><strong>manibus,</strong></span> <span class='ocrx_word' id='word_1_673' title='bbox 839 4720 1129 4773; x_wconf 90' lang='lat' dir='ltr'><strong>intraturus</strong></span> <span class='ocrx_word' id='word_1_674' title='bbox 1167 4732 1286 4770; x_wconf 91' lang='lat' dir='ltr'><strong>cum</strong></span> <span class='ocrx_word' id='word_1_675' title='bbox 1314 4714 1521 4784; x_wconf 88' lang='lat' dir='ltr'><strong>Spunso</strong></span> <span class='ocrx_word' id='word_1_676' title='bbox 1557 4711 1622 4765; x_wconf 89' lang='lat' dir='ltr'><strong>ad</strong></span> <span class='ocrx_word' id='word_1_677' title='bbox 1657 4710 1866 4778; x_wconf 86' lang='lat' dir='ltr'><strong>nuptias</strong></span> <span class='ocrx_word' id='word_1_678' title='bbox 1893 4707 2046 4776; x_wconf 86' lang='lat' dir='ltr'><strong>spiri-</strong></span> 
     </span>
    </p>
   </div>
   <div class='ocr_carea' id='block_1_93' title="bbox 461 4807 1117 4880">
    <p class='ocr_par' dir='ltr' id='par_1_93' title="bbox 461 4807 1117 4880">
     <span class='ocr_line' id='line_1_93' title="bbox 461 4807 1117 4880; baseline -0.015 -12"><span class='ocrx_word' id='word_1_679' title='bbox 461 4831 487 4870; x_wconf 73' lang='lat' dir='ltr'><strong>t.</strong></span> <span class='ocrx_word' id='word_1_680' title='bbox 505 4815 633 4866; x_wconf 84' lang='lat' dir='ltr'><strong>tales</strong></span> <span class='ocrx_word' id='word_1_681' title='bbox 660 4821 820 4880; x_wconf 90' lang='lat' dir='ltr'><strong>atque</strong></span> <span class='ocrx_word' id='word_1_682' title='bbox 849 4807 1117 4862; x_wconf 82' lang='lat' dir='ltr'><strong>caelestes.</strong></span> 
     </span>
    </p>
   </div>
   <div class='ocr_carea' id='block_1_94' title="bbox 536 4885 2051 4972">
    <p class='ocr_par' dir='ltr' id='par_1_94' title="bbox 536 4885 2051 4972">
     <span class='ocr_line' id='line_1_94' title="bbox 536 4885 2051 4972; baseline -0.014 -14"><span class='ocrx_word' id='word_1_683' title='bbox 536 4906 704 4972; x_wconf 87' lang='lat' dir='ltr'><strong>Quem</strong></span> <span class='ocrx_word' id='word_1_684' title='bbox 735 4897 1076 4956; x_wconf 83' lang='lat' dir='ltr'><strong>Eleutherius</strong></span> <span class='ocrx_word' id='word_1_685' title='bbox 1107 4895 1325 4948; x_wconf 90' lang='lat' dir='ltr'><strong>antistes</strong></span> <span class='ocrx_word' id='word_1_686' title='bbox 1366 4889 1647 4946; x_wconf 88' lang='lat' dir='ltr'><strong>laudabilis</strong></span> <span class='ocrx_word' id='word_1_687' title='bbox 1673 4888 1780 4941; x_wconf 88' lang='lat' dir='ltr'><strong>vita</strong></span> <span class='ocrx_word' id='word_1_688' title='bbox 1808 4895 1860 4940; x_wconf 89' lang='lat' dir='ltr'><strong>et</strong></span> <span class='ocrx_word' id='word_1_689' title='bbox 1890 4885 2051 4939; x_wconf 87' lang='lat' dir='ltr'><strong>mori-</strong></span> 
     </span>
    </p>
   </div>
   <div class='ocr_carea' id='block_1_95' title="bbox 465 4979 2048 5067">
    <p class='ocr_par' dir='ltr' id='par_1_95' title="bbox 465 4979 2048 5067">
     <span class='ocr_line' id='line_1_95' title="bbox 465 4979 2048 5067; baseline -0.014 -13"><span class='ocrx_word' id='word_1_690' title='bbox 465 5001 584 5067; x_wconf 89' lang='lat' dir='ltr'><strong>bus,</strong></span> <span class='ocrx_word' id='word_1_691' title='bbox 619 4996 769 5067; x_wconf 87' lang='lat' dir='ltr'><strong>cujus</strong></span> <span class='ocrx_word' id='word_1_692' title='bbox 794 4993 918 5049; x_wconf 88' lang='lat' dir='ltr'><strong>facit</strong></span> <span class='ocrx_word' id='word_1_693' title='bbox 950 4992 1276 5047; x_wconf 91' lang='lat' dir='ltr'><strong>meutionem</strong></span> <span class='ocrx_word' id='word_1_694' title='bbox 1309 4987 1449 5041; x_wconf 80' lang='lat' dir='ltr'><strong>Beda</strong></span> <span class='ocrx_word' id='word_1_695' title='bbox 1472 4982 1790 5039; x_wconf 90' lang='lat' dir='ltr'><strong>venerabilis</strong></span> <span class='ocrx_word' id='word_1_696' title='bbox 1834 4979 2048 5052; x_wconf 82' lang='lat' dir='ltr'><strong>presby-</strong></span> 
     </span>
    </p>
   </div>
   <div class='ocr_carea' id='block_1_96' title="bbox 467 5073 2044 5154">
    <p class='ocr_par' dir='ltr' id='par_1_96' title="bbox 467 5073 2044 5154">
     <span class='ocr_line' id='line_1_96' title="bbox 467 5073 2044 5154; baseline -0.014 -10"><span class='ocrx_word' id='word_1_697' title='bbox 467 5089 550 5144; x_wconf 77' lang='lat' dir='ltr'><strong>ter</strong></span> <span class='ocrx_word' id='word_1_698' title='bbox 591 5090 644 5141; x_wconf 89' lang='lat' dir='ltr'><strong>in</strong></span> <span class='ocrx_word' id='word_1_699' title='bbox 677 5087 967 5154; x_wconf 76' lang='lat' dir='ltr'><strong>Anglorum</strong></span> <span class='ocrx_word' id='word_1_700' title='bbox 1001 5081 1227 5136; x_wconf 82' lang='lat' dir='ltr'><strong>Historia</strong></span> <span class='ocrx_word' id='word_1_701' title='bbox 1256 5078 1640 5141; x_wconf 88' lang='lat' dir='ltr'><strong>ecclesiastica,</strong></span> <span class='ocrx_word' id='word_1_702' title='bbox 1677 5073 1893 5144; x_wconf 87' lang='lat' dir='ltr'><strong>dignum</strong></span> <span class='ocrx_word' id='word_1_703' title='bbox 1924 5085 2044 5124; x_wconf 87' lang='lat' dir='ltr'><strong>con-</strong></span> 
     </span>
    </p>
   </div>
   <div class='ocr_carea' id='block_1_97' title="bbox 468 5158 2054 5238">
    <p class='ocr_par' dir='ltr' id='par_1_97' title="bbox 468 5158 2054 5238">
     <span class='ocr_line' id='line_1_97' title="bbox 468 5158 2054 5238; baseline -0.012 -6"><span class='ocrx_word' id='word_1_704' title='bbox 468 5180 712 5233; x_wconf 87' lang='lat' dir='ltr'><strong>siderans</strong></span> <span class='ocrx_word' id='word_1_705' title='bbox 740 5173 1055 5230; x_wconf 87' lang='lat' dir='ltr'><strong>sacerdotali</strong></span> <span class='ocrx_word' id='word_1_706' title='bbox 1089 5170 1288 5232; x_wconf 84' lang='lat' dir='ltr'><strong>officio,</strong></span> <span class='ocrx_word' id='word_1_707' title='bbox 1315 5176 1370 5224; x_wconf 87' lang='lat' dir='ltr'><strong>et</strong></span> <span class='ocrx_word' id='word_1_708' title='bbox 1390 5183 1484 5238; x_wconf 91' lang='lat' dir='ltr'><strong>per</strong></span> <span class='ocrx_word' id='word_1_709' title='bbox 1508 5180 1567 5221; x_wconf 89' lang='lat' dir='ltr'><strong>se</strong></span> <span class='ocrx_word' id='word_1_710' title='bbox 1586 5163 1822 5234; x_wconf 84' lang='lat' dir='ltr'><strong>rogando</strong></span> <span class='ocrx_word' id='word_1_711' title='bbox 1845 5169 1898 5215; x_wconf 89' lang='lat' dir='ltr'><strong>et</strong></span> <span class='ocrx_word' id='word_1_712' title='bbox 1923 5158 2054 5214; x_wconf 88' lang='lat' dir='ltr'><strong>alios</strong></span> 
     </span>
    </p>
   </div>
   <div class='ocr_carea' id='block_1_98' title="bbox 469 5256 2057 5340">
    <p class='ocr_par' dir='ltr' id='par_1_98' title="bbox 469 5256 2057 5340">
     <span class='ocr_line' id='line_1_98' title="bbox 469 5256 2057 5340; baseline -0.013 -14"><span class='ocrx_word' id='word_1_713' title='bbox 469 5270 574 5340; x_wconf 74' lang='lat' dir='ltr'><strong>fide</strong></span> <span class='ocrx_word' id='word_1_714' title='bbox 602 5266 895 5323; x_wconf 89' lang='lat' dir='ltr'><strong>catholicos</strong></span> <span class='ocrx_word' id='word_1_715' title='bbox 931 5263 1212 5328; x_wconf 87' lang='lat' dir='ltr'><strong>hortando,</strong></span> <span class='ocrx_word' id='word_1_716' title='bbox 1245 5263 1311 5316; x_wconf 91' lang='lat' dir='ltr'><strong>ad</strong></span> <span class='ocrx_word' id='word_1_717' title='bbox 1348 5268 1549 5314; x_wconf 84' lang='lat' dir='ltr'><strong>tantum</strong></span> <span class='ocrx_word' id='word_1_718' title='bbox 1573 5256 1813 5311; x_wconf 90' lang='lat' dir='ltr'><strong>ordinem</strong></span> <span class='ocrx_word' id='word_1_719' title='bbox 1845 5268 2057 5324; x_wconf 61' lang='lat' dir='ltr'><strong>promoo</strong></span> 
     </span>
    </p>
   </div>
   <div class='ocr_carea' id='block_1_99' title="bbox 477 5343 2054 5426">
    <p class='ocr_par' dir='ltr' id='par_1_99' title="bbox 477 5343 2054 5426">
     <span class='ocr_line' id='line_1_99' title="bbox 477 5343 2054 5426; baseline -0.015 -8"><span class='ocrx_word' id='word_1_720' title='bbox 477 5363 569 5419; x_wconf 87' lang='lat' dir='ltr'><strong>vit.</strong></span> <span class='ocrx_word' id='word_1_721' title='bbox 599 5361 654 5414; x_wconf 91' lang='lat' dir='ltr'><strong>In</strong></span> <span class='ocrx_word' id='word_1_722' title='bbox 687 5373 794 5426; x_wconf 89' lang='lat' dir='ltr'><strong>quo</strong></span> <span class='ocrx_word' id='word_1_723' title='bbox 818 5358 898 5411; x_wconf 88' lang='lat' dir='ltr'><strong>vir</strong></span> <span class='ocrx_word' id='word_1_724' title='bbox 946 5356 1035 5410; x_wconf 89' lang='lat' dir='ltr'><strong>Dei</strong></span> <span class='ocrx_word' id='word_1_725' title='bbox 1086 5351 1393 5424; x_wconf 86' lang='lat' dir='ltr'><strong>aliquandiu</strong></span> <span class='ocrx_word' id='word_1_726' title='bbox 1423 5351 1674 5404; x_wconf 85' lang='lat' dir='ltr'><strong>victitans</strong></span> <span class='ocrx_word' id='word_1_727' title='bbox 1717 5343 2054 5415; x_wconf 86' lang='lat' dir='ltr'><strong>irreprehen-</strong></span> 
     </span>
    </p>
   </div>
   <div class='ocr_carea' id='block_1_100' title="bbox 480 5439 2058 5514">
    <p class='ocr_par' dir='ltr' id='par_1_100' title="bbox 480 5439 2058 5514">
     <span class='ocr_line' id='line_1_100' title="bbox 480 5439 2058 5514; baseline -0.013 -7"><span class='ocrx_word' id='word_1_728' title='bbox 480 5440 704 5510; x_wconf 86' lang='lat' dir='ltr'><strong>sibiliter</strong></span> <span class='ocrx_word' id='word_1_729' title='bbox 737 5449 1056 5514; x_wconf 91' lang='lat' dir='ltr'><strong>ministerio,</strong></span> <span class='ocrx_word' id='word_1_730' title='bbox 1088 5447 1156 5501; x_wconf 88' lang='lat' dir='ltr'><strong>ab</strong></span> <span class='ocrx_word' id='word_1_731' title='bbox 1185 5445 1372 5499; x_wconf 85' lang='lat' dir='ltr'><strong>eodem</strong></span> <span class='ocrx_word' id='word_1_732' title='bbox 1416 5439 1643 5510; x_wconf 67' lang='lat' dir='ltr'><strong>praesule</strong></span> <span class='ocrx_word' id='word_1_733' title='bbox 1691 5446 1841 5507; x_wconf 90' lang='lat' dir='ltr'><strong>pater</strong></span> <span class='ocrx_word' id='word_1_734' title='bbox 1877 5450 2058 5489; x_wconf 83' lang='lat' dir='ltr'><strong>mona-</strong></span> 
     </span>
    </p>
   </div>
   <div class='ocr_carea' id='block_1_101' title="bbox 481 5521 2058 5603">
    <p class='ocr_par' dir='ltr' id='par_1_101' title="bbox 481 5521 2058 5603">
     <span class='ocr_line' id='line_1_101' title="bbox 481 5521 2058 5603; baseline -0.008 -7"><span class='ocrx_word' id='word_1_735' title='bbox 481 5543 702 5599; x_wconf 87' lang='lat' dir='ltr'><strong>chorum</strong></span> <span class='ocrx_word' id='word_1_736' title='bbox 762 5542 957 5597; x_wconf 89' lang='lat' dir='ltr'><strong>meruit</strong></span> <span class='ocrx_word' id='word_1_737' title='bbox 1009 5521 1262 5594; x_wconf 76' lang='lat' dir='ltr'><strong>constitui</strong></span> <span class='ocrx_word' id='word_1_738' title='bbox 1320 5535 1373 5588; x_wconf 92' lang='lat' dir='ltr'><strong>in</strong></span> <span class='ocrx_word' id='word_1_739' title='bbox 1425 5531 1681 5603; x_wconf 62' lang='lat' dir='ltr'><strong>praedicto</strong></span> <span class='ocrx_word' id='word_1_740' title='bbox 1728 5526 2058 5586; x_wconf 78' lang='lat' dir='ltr'><strong>Meldunensi</strong></span> 
     </span>
    </p>
   </div>
   <div class='ocr_carea' id='block_1_102' title="bbox 479 5620 2058 5701">
    <p class='ocr_par' dir='ltr' id='par_1_102' title="bbox 479 5620 2058 5701">
     <span class='ocr_line' id='line_1_102' title="bbox 479 5620 2058 5701; baseline -0.006 -15"><span class='ocrx_word' id='word_1_741' title='bbox 479 5635 745 5689; x_wconf 76' lang='lat' dir='ltr'><strong>cmnobio.</strong></span> <span class='ocrx_word' id='word_1_742' title='bbox 789 5631 997 5701; x_wconf 84' lang='lat' dir='ltr'><strong>Quibus</strong></span> <span class='ocrx_word' id='word_1_743' title='bbox 1043 5645 1148 5688; x_wconf 90' lang='lat' dir='ltr'><strong>non</strong></span> <span class='ocrx_word' id='word_1_744' title='bbox 1188 5637 1378 5699; x_wconf 83' lang='lat' dir='ltr'><strong>sponte</strong></span> <span class='ocrx_word' id='word_1_745' title='bbox 1425 5624 1763 5696; x_wconf 68' lang='lat' dir='ltr'><strong>prmpositus,</strong></span> <span class='ocrx_word' id='word_1_746' title='bbox 1805 5620 2058 5694; x_wconf 89' lang='lat' dir='ltr'><strong>quidquid</strong></span> 
     </span>
    </p>
   </div>
   <div class='ocr_carea' id='block_1_103' title="bbox 483 5718 2060 5795">
    <p class='ocr_par' dir='ltr' id='par_1_103' title="bbox 483 5718 2060 5795">
     <span class='ocr_line' id='line_1_103' title="bbox 483 5718 2060 5795; baseline -0.005 -17"><span class='ocrx_word' id='word_1_747' title='bbox 483 5725 697 5782; x_wconf 83' lang='lat' dir='ltr'><strong>assidue</strong></span> <span class='ocrx_word' id='word_1_748' title='bbox 726 5725 952 5783; x_wconf 84' lang='lat' dir='ltr'><strong>docebat</strong></span> <span class='ocrx_word' id='word_1_749' title='bbox 983 5722 1204 5795; x_wconf 90' lang='lat' dir='ltr'><strong>pollenti</strong></span> <span class='ocrx_word' id='word_1_750' title='bbox 1233 5719 1466 5790; x_wconf 87' lang='lat' dir='ltr'><strong>eloquio,</strong></span> <span class='ocrx_word' id='word_1_751' title='bbox 1515 5727 1680 5774; x_wconf 86' lang='lat' dir='ltr'><strong>totum</strong></span> <span class='ocrx_word' id='word_1_752' title='bbox 1715 5719 1863 5784; x_wconf 82' lang='lat' dir='ltr'><strong>quasi</strong></span> <span class='ocrx_word' id='word_1_753' title='bbox 1893 5718 2060 5773; x_wconf 84' lang='lat' dir='ltr'><strong>bonus</strong></span> 
     </span>
    </p>
   </div>
   <div class='ocr_carea' id='block_1_104' title="bbox 2153 4506 3718 4591">
    <p class='ocr_par' dir='ltr' id='par_1_104' title="bbox 2153 4506 3718 4591">
     <span class='ocr_line' id='line_1_104' title="bbox 2153 4506 3718 4591; baseline -0.012 -13"><span class='ocrx_word' id='word_1_754' title='bbox 2153 4523 2292 4578; x_wconf 87' lang='lat' dir='ltr'><strong>tilice</strong></span> <span class='ocrx_word' id='word_1_755' title='bbox 2337 4523 2589 4591; x_wconf 90' lang='lat' dir='ltr'><strong>omnique</strong></span> <span class='ocrx_word' id='word_1_756' title='bbox 2620 4517 2814 4588; x_wconf 85' lang='lat' dir='ltr'><strong>pupulo</strong></span> <span class='ocrx_word' id='word_1_757' title='bbox 2842 4521 3209 4569; x_wconf 88' lang='lat' dir='ltr'><strong>veneraretur.</strong></span> <span class='ocrx_word' id='word_1_758' title='bbox 3241 4509 3336 4565; x_wconf 75' lang='lat' dir='ltr'><strong>Vir</strong></span> <span class='ocrx_word' id='word_1_759' title='bbox 3383 4509 3580 4579; x_wconf 90' lang='lat' dir='ltr'><strong>quippe</strong></span> <span class='ocrx_word' id='word_1_760' title='bbox 3619 4506 3718 4560; x_wconf 86' lang='lat' dir='ltr'><strong>lau-</strong></span> 
     </span>
    </p>
   </div>
   <div class='ocr_carea' id='block_1_105' title="bbox 2150 4599 3731 4680">
    <p class='ocr_par' dir='ltr' id='par_1_105' title="bbox 2150 4599 3731 4680">
     <span class='ocr_line' id='line_1_105' title="bbox 2150 4599 3731 4680; baseline -0.011 -10"><span class='ocrx_word' id='word_1_761' title='bbox 2150 4614 2340 4671; x_wconf 89' lang='lat' dir='ltr'><strong>dabilis</strong></span> <span class='ocrx_word' id='word_1_762' title='bbox 2387 4628 2592 4678; x_wconf 88' lang='lat' dir='ltr'><strong>secum,</strong></span> <span class='ocrx_word' id='word_1_763' title='bbox 2638 4621 2952 4680; x_wconf 89' lang='lat' dir='ltr'><strong>quocunque</strong></span> <span class='ocrx_word' id='word_1_764' title='bbox 3002 4606 3132 4671; x_wconf 84' lang='lat' dir='ltr'><strong>ibat,</strong></span> <span class='ocrx_word' id='word_1_765' title='bbox 3182 4614 3239 4659; x_wconf 93' lang='lat' dir='ltr'><strong>ut</strong></span> <span class='ocrx_word' id='word_1_766' title='bbox 3285 4601 3602 4672; x_wconf 86' lang='lat' dir='ltr'><strong>adimpleret</strong></span> <span class='ocrx_word' id='word_1_767' title='bbox 3630 4599 3731 4654; x_wconf 88' lang='lat' dir='ltr'><strong>sibi</strong></span> 
     </span>
    </p>
   </div>
   <div class='ocr_carea' id='block_1_106' title="bbox 2150 4693 3733 4768">
    <p class='ocr_par' dir='ltr' id='par_1_106' title="bbox 2150 4693 3733 4768">
     <span class='ocr_line' id='line_1_106' title="bbox 2150 4693 3733 4768; baseline -0.011 -6"><span class='ocrx_word' id='word_1_768' title='bbox 2150 4707 2434 4762; x_wconf 77' lang='lat' dir='ltr'><strong>coittmissa</strong></span> <span class='ocrx_word' id='word_1_769' title='bbox 2475 4705 2672 4768; x_wconf 86' lang='lat' dir='ltr'><strong>officia,</strong></span> <span class='ocrx_word' id='word_1_770' title='bbox 2703 4701 3013 4756; x_wconf 86' lang='lat' dir='ltr'><strong>vestimenta</strong></span> <span class='ocrx_word' id='word_1_771' title='bbox 3062 4696 3408 4753; x_wconf 86' lang='lat' dir='ltr'><strong>sacerdotalia</strong></span> <span class='ocrx_word' id='word_1_772' title='bbox 3437 4693 3733 4750; x_wconf 84' lang='lat' dir='ltr'><strong>deferebat.</strong></span> 
     </span>
    </p>
   </div>
   <div class='ocr_carea' id='block_1_107' title="bbox 2153 4783 3739 4864">
    <p class='ocr_par' dir='ltr' id='par_1_107' title="bbox 2153 4783 3739 4864">
     <span class='ocr_line' id='line_1_107' title="bbox 2153 4783 3739 4864; baseline -0.009 -12"><span class='ocrx_word' id='word_1_773' title='bbox 2153 4797 2356 4864; x_wconf 85' lang='lat' dir='ltr'><strong>Quibus</strong></span> <span class='ocrx_word' id='word_1_774' title='bbox 2387 4798 2439 4850; x_wconf 92' lang='lat' dir='ltr'><strong>in</strong></span> <span class='ocrx_word' id='word_1_775' title='bbox 2472 4791 2819 4849; x_wconf 90' lang='lat' dir='ltr'><strong>Lateranensi</strong></span> <span class='ocrx_word' id='word_1_776' title='bbox 2862 4798 2924 4843; x_wconf 90' lang='lat' dir='ltr'><strong>ut</strong></span> <span class='ocrx_word' id='word_1_777' title='bbox 2961 4795 3295 4843; x_wconf 88' lang='lat' dir='ltr'><strong>sacramenta</strong></span> <span class='ocrx_word' id='word_1_778' title='bbox 3326 4783 3542 4840; x_wconf 80' lang='lat' dir='ltr'><strong>offerret</strong></span> <span class='ocrx_word' id='word_1_779' title='bbox 3589 4799 3739 4852; x_wconf 85' lang='lat' dir='ltr'><strong>pres-</strong></span> 
     </span>
    </p>
   </div>
   <div class='ocr_carea' id='block_1_108' title="bbox 2153 4878 3739 4956">
    <p class='ocr_par' dir='ltr' id='par_1_108' title="bbox 2153 4878 3739 4956">
     <span class='ocr_line' id='line_1_108' title="bbox 2153 4878 3739 4956; baseline -0.009 -14"><span class='ocrx_word' id='word_1_780' title='bbox 2153 4886 2362 4956; x_wconf 87' lang='lat' dir='ltr'><strong>byterio</strong></span> <span class='ocrx_word' id='word_1_781' title='bbox 2385 4884 2624 4949; x_wconf 90' lang='lat' dir='ltr'><strong>indutus,</strong></span> <span class='ocrx_word' id='word_1_782' title='bbox 2667 4883 2994 4949; x_wconf 84' lang='lat' dir='ltr'><strong>subsequens</strong></span> <span class='ocrx_word' id='word_1_783' title='bbox 3022 4878 3332 4933; x_wconf 89' lang='lat' dir='ltr'><strong>miraculum</strong></span> <span class='ocrx_word' id='word_1_784' title='bbox 3361 4885 3635 4931; x_wconf 90' lang='lat' dir='ltr'><strong>ostensum</strong></span> <span class='ocrx_word' id='word_1_785' title='bbox 3659 4885 3739 4929; x_wconf 88' lang='lat' dir='ltr'><strong>est</strong></span> 
     </span>
    </p>
   </div>
   <div class='ocr_carea' id='block_1_109' title="bbox 2155 4965 3739 5041">
    <p class='ocr_par' dir='ltr' id='par_1_109' title="bbox 2155 4965 3739 5041">
     <span class='ocr_line' id='line_1_109' title="bbox 2155 4965 3739 5041; baseline -0.008 -10"><span class='ocrx_word' id='word_1_786' title='bbox 2155 4975 2422 5031; x_wconf 89' lang='lat' dir='ltr'><strong>omnibus.</strong></span> <span class='ocrx_word' id='word_1_787' title='bbox 2450 4973 2602 5029; x_wconf 84' lang='lat' dir='ltr'><strong>Juste</strong></span> <span class='ocrx_word' id='word_1_788' title='bbox 2629 4981 2682 5026; x_wconf 90' lang='lat' dir='ltr'><strong>et</strong></span> <span class='ocrx_word' id='word_1_789' title='bbox 2705 4973 2798 5041; x_wconf 85' lang='lat' dir='ltr'><strong>pie</strong></span> <span class='ocrx_word' id='word_1_790' title='bbox 2826 4979 3042 5040; x_wconf 87' lang='lat' dir='ltr'><strong>peracto</strong></span> <span class='ocrx_word' id='word_1_791' title='bbox 3071 4970 3249 5041; x_wconf 71' lang='lat' dir='ltr'><strong>missa:</strong></span> <span class='ocrx_word' id='word_1_792' title='bbox 3277 4967 3478 5031; x_wconf 76' lang='lat' dir='ltr'><strong>officio,</strong></span> <span class='ocrx_word' id='word_1_793' title='bbox 3523 4965 3739 5021; x_wconf 91' lang='lat' dir='ltr'><strong>eodem-</strong></span> 
     </span>
    </p>
   </div>
   <div class='ocr_carea' id='block_1_110' title="bbox 2155 5057 3730 5135">
    <p class='ocr_par' dir='ltr' id='par_1_110' title="bbox 2155 5057 3730 5135">
     <span class='ocr_line' id='line_1_110' title="bbox 2155 5057 3730 5135; baseline -0.006 -18"><span class='ocrx_word' id='word_1_794' title='bbox 2155 5081 2259 5135; x_wconf 87' lang='lat' dir='ltr'><strong>que</strong></span> <span class='ocrx_word' id='word_1_795' title='bbox 2289 5063 2550 5118; x_wconf 80' lang='lat' dir='ltr'><strong>ministris</strong></span> <span class='ocrx_word' id='word_1_796' title='bbox 2579 5065 2693 5116; x_wconf 91' lang='lat' dir='ltr'><strong>suis</strong></span> <span class='ocrx_word' id='word_1_797' title='bbox 2722 5061 3029 5129; x_wconf 87' lang='lat' dir='ltr'><strong>porrigente</strong></span> <span class='ocrx_word' id='word_1_798' title='bbox 3077 5060 3337 5125; x_wconf 88' lang='lat' dir='ltr'><strong>casulam,</strong></span> <span class='ocrx_word' id='word_1_799' title='bbox 3383 5057 3730 5113; x_wconf 79' lang='lat' dir='ltr'><strong>indubitanter</strong></span> 
     </span>
    </p>
   </div>
   <div class='ocr_carea' id='block_1_111' title="bbox 2157 5147 3741 5225">
    <p class='ocr_par' dir='ltr' id='par_1_111' title="bbox 2157 5147 3741 5225">
     <span class='ocr_line' id='line_1_111' title="bbox 2157 5147 3741 5225; baseline -0.008 -14"><span class='ocrx_word' id='word_1_800' title='bbox 2157 5157 2228 5211; x_wconf 90' lang='lat' dir='ltr'><strong>ibi</strong></span> <span class='ocrx_word' id='word_1_801' title='bbox 2255 5153 2572 5225; x_wconf 78' lang='lat' dir='ltr'><strong>praesidente</strong></span> <span class='ocrx_word' id='word_1_802' title='bbox 2596 5151 2790 5206; x_wconf 71' lang='lat' dir='ltr'><strong>divina-</strong></span> <span class='ocrx_word' id='word_1_803' title='bbox 2816 5150 3111 5220; x_wconf 87' lang='lat' dir='ltr'><strong>majestatis</strong></span> <span class='ocrx_word' id='word_1_804' title='bbox 3141 5149 3398 5221; x_wconf 82' lang='lat' dir='ltr'><strong>putentia,</strong></span> <span class='ocrx_word' id='word_1_805' title='bbox 3429 5148 3502 5201; x_wconf 91' lang='lat' dir='ltr'><strong>ita</strong></span> <span class='ocrx_word' id='word_1_806' title='bbox 3523 5147 3741 5200; x_wconf 83' lang='lat' dir='ltr'><strong>ﬁrmiter</strong></span> 
     </span>
    </p>
   </div>
   <div class='ocr_carea' id='block_1_112' title="bbox 2161 5233 3744 5312">
    <p class='ocr_par' dir='ltr' id='par_1_112' title="bbox 2161 5233 3744 5312">
     <span class='ocr_line' id='line_1_112' title="bbox 2161 5233 3744 5312; baseline -0.011 -9"><span class='ocrx_word' id='word_1_807' title='bbox 2161 5258 2213 5304; x_wconf 87' lang='lat' dir='ltr'><strong>et</strong></span> <span class='ocrx_word' id='word_1_808' title='bbox 2237 5255 2545 5301; x_wconf 89' lang='lat' dir='ltr'><strong>constanter</strong></span> <span class='ocrx_word' id='word_1_809' title='bbox 2565 5244 2699 5298; x_wconf 90' lang='lat' dir='ltr'><strong>solis</strong></span> <span class='ocrx_word' id='word_1_810' title='bbox 2725 5241 2878 5296; x_wconf 87' lang='lat' dir='ltr'><strong>radio</strong></span> <span class='ocrx_word' id='word_1_811' title='bbox 2908 5242 3180 5312; x_wconf 90' lang='lat' dir='ltr'><strong>pependit,</strong></span> <span class='ocrx_word' id='word_1_812' title='bbox 3208 5257 3270 5294; x_wconf 90' lang='lat' dir='ltr'><strong>ac</strong></span> <span class='ocrx_word' id='word_1_813' title='bbox 3291 5237 3347 5294; x_wconf 44' lang='lat' dir='ltr'><strong>&#39;si</strong></span> <span class='ocrx_word' id='word_1_814' title='bbox 3372 5237 3595 5305; x_wconf 82' lang='lat' dir='ltr'><strong>alicujus</strong></span> <span class='ocrx_word' id='word_1_815' title='bbox 3618 5233 3744 5288; x_wconf 82' lang='lat' dir='ltr'><strong>soli-</strong></span> 
     </span>
    </p>
   </div>
   <div class='ocr_carea' id='block_1_113' title="bbox 2159 5324 3741 5394">
    <p class='ocr_par' dir='ltr' id='par_1_113' title="bbox 2159 5324 3741 5394">
     <span class='ocr_line' id='line_1_113' title="bbox 2159 5324 3741 5394; baseline -0.011 0"><span class='ocrx_word' id='word_1_816' title='bbox 2159 5340 2242 5394; x_wconf 71' lang='lat' dir='ltr'><strong>da:</strong></span> <span class='ocrx_word' id='word_1_817' title='bbox 2271 5337 2512 5392; x_wconf 85' lang='lat' dir='ltr'><strong>materiei</strong></span> <span class='ocrx_word' id='word_1_818' title='bbox 2551 5343 2945 5390; x_wconf 90' lang='lat' dir='ltr'><strong>sustentaretur</strong></span> <span class='ocrx_word' id='word_1_819' title='bbox 2965 5331 3287 5386; x_wconf 79' lang='lat' dir='ltr'><strong>adminiculo</strong></span> <span class='ocrx_word' id='word_1_820' title='bbox 3312 5347 3322 5381; x_wconf 94' lang='lat'><strong>:</strong></span> <span class='ocrx_word' id='word_1_821' title='bbox 3348 5329 3461 5381; x_wconf 69' lang='lat' dir='ltr'><strong>hate</strong></span> <span class='ocrx_word' id='word_1_822' title='bbox 3488 5336 3665 5379; x_wconf 88' lang='lat' dir='ltr'><strong>autem</strong></span> <span class='ocrx_word' id='word_1_823' title='bbox 3690 5324 3741 5377; x_wconf 90' lang='lat' dir='ltr'><strong>in</strong></span> 
     </span>
    </p>
   </div>
   <div class='ocr_carea' id='block_1_114' title="bbox 2161 5415 3741 5498">
    <p class='ocr_par' dir='ltr' id='par_1_114' title="bbox 2161 5415 3741 5498">
     <span class='ocr_line' id='line_1_114' title="bbox 2161 5415 3741 5498; baseline -0.012 -11"><span class='ocrx_word' id='word_1_824' title='bbox 2161 5429 2493 5487; x_wconf 86' lang='lat' dir='ltr'><strong>Meldunensi</strong></span> <span class='ocrx_word' id='word_1_825' title='bbox 2521 5427 2778 5481; x_wconf 87' lang='lat' dir='ltr'><strong>hactenus</strong></span> <span class='ocrx_word' id='word_1_826' title='bbox 2809 5423 3033 5478; x_wconf 88' lang='lat' dir='ltr'><strong>habetur</strong></span> <span class='ocrx_word' id='word_1_827' title='bbox 3063 5421 3308 5498; x_wconf 79' lang='lat' dir='ltr'><strong>ecclesia,</strong></span> <span class='ocrx_word' id='word_1_828' title='bbox 3337 5419 3388 5470; x_wconf 87' lang='lat' dir='ltr'><strong>itt</strong></span> <span class='ocrx_word' id='word_1_829' title='bbox 3419 5415 3741 5473; x_wconf 90' lang='lat' dir='ltr'><strong>sanctitatis.</strong></span> 
     </span>
    </p>
   </div>
   <div class='ocr_carea' id='block_1_115' title="bbox 2163 5504 3744 5588">
    <p class='ocr_par' dir='ltr' id='par_1_115' title="bbox 2163 5504 3744 5588">
     <span class='ocr_line' id='line_1_115' title="bbox 2163 5504 3744 5588; baseline -0.014 -10"><span class='ocrx_word' id='word_1_830' title='bbox 2163 5531 2220 5578; x_wconf 87' lang='lat' dir='ltr'><strong>ut</strong></span> <span class='ocrx_word' id='word_1_831' title='bbox 2263 5523 2435 5584; x_wconf 86' lang='lat' dir='ltr'><strong>decet,</strong></span> <span class='ocrx_word' id='word_1_832' title='bbox 2489 5533 2674 5588; x_wconf 87' lang='lat' dir='ltr'><strong>magna</strong></span> <span class='ocrx_word' id='word_1_833' title='bbox 2728 5515 3046 5570; x_wconf 87' lang='lat' dir='ltr'><strong>reverentia.</strong></span> <span class='ocrx_word' id='word_1_834' title='bbox 3099 5513 3143 5566; x_wconf 90' lang='grc'><strong>0</strong></span> <span class='ocrx_word' id='word_1_835' title='bbox 3171 5526 3295 5566; x_wconf 90' lang='lat' dir='ltr'><strong>vere</strong></span> <span class='ocrx_word' id='word_1_836' title='bbox 3341 5515 3540 5563; x_wconf 76' lang='lat' dir='ltr'><strong>novum&quot;</strong></span> <span class='ocrx_word' id='word_1_837' title='bbox 3573 5504 3744 5574; x_wconf 85' lang='lat' dir='ltr'><strong>magni</strong></span> 
     </span>
    </p>
   </div>
   <div class='ocr_carea' id='block_1_116' title="bbox 2164 5598 3747 5685">
    <p class='ocr_par' dir='ltr' id='par_1_116' title="bbox 2164 5598 3747 5685">
     <span class='ocr_line' id='line_1_116' title="bbox 2164 5598 3747 5685; baseline -0.013 -14"><span class='ocrx_word' id='word_1_838' title='bbox 2164 5615 2296 5671; x_wconf 75' lang='lat' dir='ltr'><strong>Elite</strong></span> <span class='ocrx_word' id='word_1_839' title='bbox 2327 5611 2662 5685; x_wconf 87' lang='lat' dir='ltr'><strong>prodigium!</strong></span> <span class='ocrx_word' id='word_1_840' title='bbox 2717 5605 2892 5675; x_wconf 85' lang='lat' dir='ltr'><strong>Illum,</strong></span> <span class='ocrx_word' id='word_1_841' title='bbox 2932 5604 3195 5675; x_wconf 91' lang='lat' dir='ltr'><strong>discipulo</strong></span> <span class='ocrx_word' id='word_1_842' title='bbox 3221 5609 3498 5666; x_wconf 91' lang='lat' dir='ltr'><strong>cernente,</strong></span> <span class='ocrx_word' id='word_1_843' title='bbox 3543 5598 3607 5653; x_wconf 86' lang='lat' dir='ltr'><strong>ad</strong></span> <span class='ocrx_word' id='word_1_844' title='bbox 3638 5611 3747 5651; x_wconf 65' lang='lat' dir='ltr'><strong>ca:-</strong></span> 
     </span>
    </p>
   </div>
   <div class='ocr_carea' id='block_1_117' title="bbox 2171 5686 3745 5769">
    <p class='ocr_par' dir='ltr' id='par_1_117' title="bbox 2171 5686 3745 5769">
     <span class='ocr_line' id='line_1_117' title="bbox 2171 5686 3745 5769; baseline -0.016 -4"><span class='ocrx_word' id='word_1_845' title='bbox 2171 5709 2281 5765; x_wconf 89' lang='lat' dir='ltr'><strong>lum</strong></span> <span class='ocrx_word' id='word_1_846' title='bbox 2313 5718 2501 5762; x_wconf 87' lang='lat' dir='ltr'><strong>currus</strong></span> <span class='ocrx_word' id='word_1_847' title='bbox 2532 5700 2726 5758; x_wconf 87' lang='lat' dir='ltr'><strong>levavit</strong></span> <span class='ocrx_word' id='word_1_848' title='bbox 2755 5699 2972 5769; x_wconf 83' lang='lat' dir='ltr'><strong>igneus;</strong></span> <span class='ocrx_word' id='word_1_849' title='bbox 3027 5695 3172 5761; x_wconf 88' lang='lat' dir='ltr'><strong>huic,</strong></span> <span class='ocrx_word' id='word_1_850' title='bbox 3202 5693 3382 5750; x_wconf 87' lang='lat' dir='ltr'><strong>multis</strong></span> <span class='ocrx_word' id='word_1_851' title='bbox 3407 5686 3745 5750; x_wconf 84' lang='lat' dir='ltr'><strong>mirantibus,</strong></span> 
     </span>
    </p>
   </div>
  </div>
