4068 6182
323 288 390 352 ca
1160 284 1163 289 '
1310 298 1461 355 VITA
1505 300 1560 358 s.
1606 298 1957 356 ALDllel
2003 298 2275 359 FARICIO
2316 306 2664 364 AUCTORE.
3520 318 3587 379 πο

323 410 377 463 in
412 406 650 462 ﬂuuiana
682 409 817 463 urbe
842 407 969 463 solis
995 408 1211 464 servivit
1245 413 1452 477 radius;
1496 412 1585 467 ille
1615 412 1667 466 in
1699 422 1902 467 remota
1929 418 1974 475 Α
2008 414 2058 465 in
2114 414 2314 470 honore
2357 420 2524 472 sancti
2567 419 2786 472 Joannis
2834 422 3105 478 conditum
3159 439 3323 496 super
3367 430 3580 488 ﬂuvium

322 502 448 557 caeli
480 508 629 571 parte
672 500 823 554 claro
862 500 1115 556 devectus
1159 512 1241 557 est
1280 504 1511 570 lumine,
1553 504 1704 559 istius
1750 504 1905 557 indu-

321 600 501 646 menta
531 590 828 644 sacerdotis
857 590 908 643 in
938 590 1103 645 simili
1136 594 1434 661 pependere
1462 595 1746 647 elemento.
1800 592 1905 648 Sed

317 683 465 738 absit
512 689 570 735 ut
607 680 764 734 istum
796 689 987 735 sancto
1018 682 1404 752 :equiparemus
1433 683 1595 738 Elim!
1641 686 1728 739 ille
1762 685 1902 739 enim

321 777 585 844 prepheta
610 773 926 842 magniﬁcus
956 774 1129 829 adhuc
1158 776 1306 839 vivit,
1361 792 1465 845 quo
1502 787 1686 831 contra
1735 777 1900 831 lilium

315 864 613 933 iniquitatis
630 863 868 928 dimicet,
890 866 1015 931 quin
1035 866 1192 919 etiam
1216 868 1492 922 moriendo
1510 879 1559 921 et
1576 868 1902 938 resurgendo

259 948 263 951 ’
313 954 555 1008 divinum
579 954 849 1023 prrcccdat
867 954 1155 1022 judicium;
1194 958 1277 1010 hic
1295 972 1425 1012 vero
1447 969 1661 1013 sanctus
1691 961 1902 1015 confes-

311 1058 423 1109 sor,
458 1044 525 1098 de
555 1055 813 1114 percepto
846 1046 1063 1112 prtemio
1092 1057 1213 1100 ante
1241 1047 1329 1101 Dei
1363 1049 1592 1103 tribunal
1614 1060 1785 1104 exstat
1806 1051 1899 1105 la:-

314 1137 575 1199 tissimus,
606 1136 698 1189 ubi
740 1151 829 1189 sua
861 1138 1056 1204 pietate
1086 1137 1377 1192 intercedat
1405 1155 1499 1207 pro
1528 1140 1736 1195 cunctis
1766 1142 1898 1195 lide-

316 1226 454 1280 libus
483 1245 493 1277 :
526 1236 916 1289 verumtamen,
947 1241 1249 1294 quanquam
1284 1230 1480 1297 dispari
1504 1230 1718 1294 merito,
1747 1232 1792 1284 si
1821 1231 1897 1284 fas

310 1327 395 1371 cst
419 1318 602 1371 dicere
631 1332 839 1385 verum,
872 1316 1030 1370 ambo
1057 1320 1211 1373 valde
1240 1321 1485 1387 plaettere
1519 1322 1647 1375 Deo.

384 1408 515 1461 Post
548 1409 664 1462 hcce
690 1418 872 1462 sancto
898 1408 1011 1461 viro
1054 1411 1188 1475 apud
1237 1410 1544 1477 praedictum
1590 1427 1773 1480 papam
1805 1412 1893 1465 ditt

308 1510 583 1561 morante,
614 1498 789 1553 divino
814 1500 1086 1569 ingerente
1117 1500 1340 1567 Spiritu,
1370 1510 1585 1570 rogatus
1608 1510 1689 1555 est
1711 1501 1775 1553 ab
1804 1517 1887 1565 eo,

308 1600 366 1642 ut
396 1590 677 1655 quemdam
709 1590 999 1657 baptizaret
1030 1606 1248 1658 puerum
1278 1610 1291 1655 ;
1327 1592 1392 1646 de
1412 1593 1564 1660 cujus
1592 1592 1769 1661 utique
1796 1608 1889 1661 ge-

308 1678 483 1731 nitore
532 1679 582 1730 in
632 1680 825 1747 populo
863 1679 1061 1747 absque
1102 1680 1378 1734 evidenti-.9.
1420 1696 1576 1735 causa
1619 1684 1750 1735 satis
1791 1683 1887 1735 du-

2010 505 2097 571 qui
2125 505 2322 559 dicitur
2343 507 2525 574 From,
2551 510 2617 562 ab
2647 510 2789 563 omni
2821 513 3062 566 saeculari
3094 517 3310 569 servitio
3340 520 3585 576 redderet

2006 595 2245 650 absoluta
2266 635 2281 660 ,
2311 597 2787 671 episc0pornmque
2812 601 3080 658 cathedris
3099 646 3115 671 ,
3157 604 3377 671 ordine,
3422 610 3582 676 jussis

2005 694 2057 738 et
2084 688 2321 754 synodis.
2352 689 2436 755 Et,
2461 691 2504 743 si
2532 691 2744 758 quando
2769 693 2947 762 aliquo
2972 695 3162 750 ordine
3189 696 3579 768 ecclesiastico,

2004 777 2084 829 vel
2107 779 2263 831 etiam
2297 779 2594 850 indigerent
2626 785 2958 854 presbytero,
2983 802 3013 841 a
3035 803 3355 861 quocunque
3384 795 3579 850 vellent

2004 864 2147 917 illum
2193 865 2431 922 lacerent
2474 872 2733 935 ordinari,
2784 875 3050 931 catholico
3091 887 3269 934 tamen
3314 882 3579 939 existente

2001 955 2253 1023 episcOpo
2279 974 2293 1021 ;
2326 959 2564 1013 siautem
2596 964 2901 1032 religiosum
2928 967 3173 1022 abbatem
3204 971 3351 1025 obire
3369 976 3550 1027 cantiu

2000 1054 2168 1110 geret,
2195 1054 2252 1099 et
2277 1046 2339 1099 ad
2371 1048 2589 1103 alterius
2627 1055 2945 1109 electionem
2976 1066 3189 1112 ventum
3213 1071 3395 1128 esset,
3430 1062 3575 1117 illum

1998 1149 2156 1199 quem
2211 1137 2459 1207 religiosa
2511 1145 2853 1212 congregatio
2894 1161 3166 1201 servorum
3218 1148 3308 1204 Dei
3354 1152 3576 1221 eligeret

1999 1226 2232 1279 omnium
2264 1233 2530 1283 communi
2560 1236 2784 1287 consilio
2806 1280 2819 1302 ,
2864 1238 3003 1291 hunc
3042 1255 3071 1293 e
3103 1245 3324 1312 vestigio
3357 1260 3571 1312 promo-

2000 1316 2251 1369 vcndum.
2282 1318 2398 1372 Jan)
2428 1328 2552 1374 tunc
2582 1323 2721 1375 enim
2745 1325 2965 1379 ambitio
2987 1331 3367 1386 monachorum
3400 1336 3561 1389 inole-

1998 1414 2142 1457 verat
2174 1422 2184 1456 :
2215 1405 2317 1473 jam
2360 1423 2462 1461 non
2518 1419 2573 1461 ut
2621 1422 2801 1477 pastor
2839 1429 2932 1481 per
2975 1419 3188 1482 ostium,
3241 1422 3335 1473 sed
3384 1432 3444 1474 ut
3482 1425 3559 1478 l‘ut

1994 1494 2206 1548 aliunde
2231 1497 2439 1551 Volebat
2471 1505 2837 1556 mercenarius
2863 1505 3059 1559 intrare
3078 1547 3093 1570 ,
3127 1508 3352 1579 ideoque
3375 1512 3568 1569 divinat

1995 1584 2069 1637 rei
2103 1590 2345 1653 provisor
2371 1588 2467 1642 ista
2493 1594 2760 1659 poscebat.
2794 1594 2922 1659 Quae
2955 1604 3128 1652 tamen
3159 1599 3565 1660 inhabitantium

1993 1675 2130 1729 vitiis
2161 1687 2214 1730 et
2249 1681 2535 1735 ambitione
2565 1684 2911 1750 quorumdam
2950 1688 3125 1739 omnia
3158 1699 3355 1744 mutata
3386 1693 3560 1747 viden-

308 1768 452 1821 bium
495 1787 508 1822 :
541 1770 663 1837 quia
685 1811 700 1834 ,
748 1778 805 1821 ut
852 1772 1014 1823 moris
1061 1782 1139 1824 est
1190 1771 1300 1825 fere
1345 1773 1577 1825 omnium
1623 1772 1879 1841 gentium,
1915 1755 1962 1814 B
1996 1772 2115 1829 ιυτς
2142 1782 2260 1819 ml"l
2291 1767 2360 1821 ad
2392 1770 2612 1824 ηῖίιίιηηι
2644 1786 2779 1839 Pelle
2808 1773 3021 1828 redacta
3047 1777 3338 1845 religione.
3370 1784 3564 1850 εΡΓΘιίε

309 1862 459 1928 plebs
483 1860 829 1929 rumigerula,
857 1861 995 1914 hunc
1017 1863 1264 1930 genuisse
1285 1864 1633 1931 apostolicum
1656 1866 1883 1918 aestima-

308 1956 416 2009 hat.
450 1956 607 2009 Falso
645 1955 784 2008 enim
834 1971 962 2023 gens
1000 1958 1163 2010 inscia
1199 1960 1298 2012 huc
1340 1960 1407 2014 de
1456 1968 1603 2013 tanto
1649 1962 1883 2016 antistite

306 2047 652 2115 epinabatur,
694 2046 816 2114 quia
847 2061 940 2114 per
973 2048 1095 2099 vitae
1129 2050 1371 2101 meritum
1414 2051 1464 2102 itt
1501 2049 1739 2119 registris
1773 2050 1883 2105 suis

305 2139 530 2208 aliisque
567 2136 861 2204 Scripturae
904 2137 1036 2190 locis
1077 2139 1157 2191 vir
1205 2141 1523 2207 aposmlicus
1556 2140 1878 2195 declaratur.

303 2230 472 2299 Cujus
517 2233 680 2298 patris
719 2230 1081 2283 voluntatibus
1117 2240 1333 2285 sanctus
1376 2232 1686 2286 Aldhelmus
1715 2231 1881 2286 obse-

303 2324 563 2385 cundans,
599 2338 788 2390 puero,
828 2339 931 2375 non
956 2321 1057 2375 nisi
1090 2338 1276 2376 novem
1306 2323 1510 2376 dierum
1539 2324 1791 2389 Spatium,
1826 2331 1880 2375 ut

300 2414 615 2480 perhibetur
638 2454 654 2480 ,
696 2412 911 2482 gerente
936 2455 949 2477 ,
979 2411 1209 2467 ﬁdelium
1240 2430 1385 2468 more
1409 2415 1459 2467 in
1485 2414 1707 2468 ecclesia
1737 2424 1880 2468 cate—

299 2511 533 2575 chizato,
555 2524 735 2563 coram
767 2509 1066 2563 astantibus
1090 2510 1258 2565 turbis
1289 2511 1543 2579 prazcepit
1567 2510 1800 2571 edicere,
1831 2508 1877 2563 si

299 2612 455 2669 pater
482 2600 598 2670 ejus
625 2610 767 2654 esset
795 2600 837 2654 is
864 2602 950 2670 qui
982 2599 1138 2670 vulgo
1168 2600 1460 2655 dicebatur.
1499 2601 1639 2655 lllico
1665 2601 1835 2652 infans
1860 2641 1874 2661 ,

302 2702 611 2757 quanquam
636 2690 850 2743 nimium
876 2691 1148 2758 parvulus,
1180 2693 1395 2745 remotis
1421 2700 1604 2745 contra
1632 2702 1873 2743 naturam

303 2781 509 2849 lingua:
536 2781 957 2835 obstrusiouibus
982 2821 997 2846 ,
1030 2782 1155 2836 fecit
1182 2782 1321 2851 quod
1350 2783 1513 2838 abbas
1538 2784 1624 2838 ille
1649 2783 1879 2852 jusserat

296 2870 692 2925 sanctissimus.
725 2871 1017 2927 Locutione
1045 2874 1188 2926 enim
1212 2874 1309 2929 sibi
1337 2874 1583 2928 divinitus
1606 2875 1723 2928 data
1745 2916 1757 2939 ,
1792 2888 1877 2928 sa-

298 2963 475 3031 tisque
507 2964 846 3034 iutelligibili,
879 2963 1106 3018 ostendit
1137 2966 1385 3019 omnibus
1419 2982 1526 3019 non
1557 2980 1614 3019 se
1643 2981 1763 3019 esse
1786 2981 1876 3037 ge-

296 3056 469 3110 nitunt
497 3056 635 3111 illius
673 3072 833 3126 opere
853 3100 866 3121 ,
899 3074 1053 3127 quem
1080 3074 1245 3113 vanus
1280 3059 1329 3111 in
1359 3059 1460 3113 hoc
1490 3061 1751 3115 referebat
1782 3076 1874 3132 po-

297 3147 473 3212 pulus.
496 3146 684 3201 Mirum
709 3150 902 3217 quippe
925 3165 1256 3217 nequaquam
1280 3160 1381 3218 est,
1402 3152 1521 3219 quia
1540 3153 1771 3205 novitate
1798 3167 1876 3205 ca-

296 3247 379 3290 ret
405 3256 416 3289 :
440 3239 529 3293 ille
551 3255 776 3309 namque
798 3243 885 3311 qui
920 3243 1083 3297 asina:
1106 3244 1387 3299 ruditatem
1413 3246 1642 3299 humano
1668 3246 1876 3315 eloquio

292 3327 424 3383 fecit
455 3333 699 3397 peritant,
746 3333 884 3386 idem
924 3336 1036 3403 ipse
1077 3336 1229 3388 istius
1266 3336 1497 3406 linguam
1540 3334 1757 3391 infantis
1808 3337 1871 3390 ad

290 3422 684 3490 religiosissimi
724 3426 822 3479 viri
859 3428 1037 3493 jussus
1064 3427 1290 3481 reddidit
1320 3428 1601 3482 eruditam.
1631 3429 1674 3482 Ο
1704 3429 1871 3483 virum

291 3514 460 3565 multa
493 3513 645 3568 laude
676 3514 918 3585 dignum,
954 3517 1111 3568 uitnia
1147 3516 1396 3571 refertum
1421 3518 1735 3574 sanctitate!
1782 3519 1871 3588 qni

292 3605 386 3657 tali
420 3622 546 3660 usus
569 3607 907 3661 discretionis
931 3608 1136 3673 studio,
1163 3618 1218 3664 et
1249 3618 1447 3678 patrem
1471 3612 1539 3666 ab
1569 3612 1747 3681 ignoto
1771 3612 1870 3665 sibi

278 3697 602 3765 peccamine
632 3699 908 3765 liberavit,
941 3710 986 3754 ct
1013 3701 1246 3768 seipsum
1274 3743 1290 3767 ,
1332 3701 1484 3771 cujus
1519 3703 1693 3756 meriti
1729 3704 1868 3771 apud

283 3787 462 3842 Deum
493 3790 772 3854 existeret,
806 3800 965 3843 tanta:
998 3792 1141 3846 urbis
1167 3794 1361 3861 populo
1391 3794 1698 3848 declaravit.

373 3878 469 3929 νιν
495 3878 595 3931 iste
622 3879 914 3933 litteratum
938 3881 1154 3935 Sciettlia
1178 3885 1416 3952 apprime
1438 3894 1494 3938 et
1512 3886 1647 3939 inter
1669 3886 1870 3955 primos

283 3967 546 4023 eruditus
570 4007 584 4030 ,
619 3968 705 4021 die
737 3969 959 4037 quadam
987 3987 1106 4023 cum
1135 3973 1184 4023 in
1218 3973 1396 4039 regina
1421 3974 1628 4028 urbium
1658 3987 1869 4043 aposto-

282 4063 467 4115 lorum
502 4059 786 4113 ecclesiam
813 4060 1198 4128 ingrederetur,
1232 4062 1297 4116 ad
1322 4062 1527 4117 laudem
1551 4078 1730 4119 eorum
1762 4084 1869 4123 me-

286 4151 460 4206 moria
492 4150 705 4219 dignam
736 4152 829 4204 ltos
858 4151 1024 4206 edidit
1054 4167 1257 4206 versus.

610 4243 750 4316 [llic,
782 4253 885 4298 etc.
922 4243 1049 4297 Vide
1076 4243 1214 4313 infra
1242 4261 1420 4311 poema
1448 4244 1548 4314 Χ.)

368 4334 435 4394 Ut
475 4345 649 4392 autem
681 4338 1062 4392 monachorum
1110 4354 1294 4393 norma
1344 4338 1678 4409 Aldltelmns,
1728 4341 1863 4394 tanti

1987 1864 2347 1927 apostolorum
2387 1863 2848 1919 adhortationibus
2870 1908 2884 1932 ,
2917 1882 3037 1936 quae
3076 1870 3191 1937 ipso
3218 1874 3561 1929 continentur

1986 1952 2400 2020 privilegio,non
2419 1954 2589 2008 solum
2618 1957 2669 2008 in
2694 1956 2783 2009 illo
2806 1957 2943 2026 loco,
2962 1973 3144 2013 verum
3167 1963 3328 2015 etiam
3354 1964 3409 2018 in
3430 1966 3557 2018 tnui.

1985 2041 2053 2093 tis
2075 2043 2203 2094 locis
2225 2043 2452 2111 Auglim,
2469 2044 2789 2098 inhonestati
2810 2055 2867 2099 et
2887 2048 3126 2115 turpibus
3148 2050 3309 2105 lucris
3328 2054 3556 2109 servien-

1983 2137 2083 2193 tes,
2114 2130 2194 2183 sui
2222 2141 2273 2184 et
2306 2146 2521 2186 suarum
2557 2147 2731 2186 rerum
2765 2134 3058 2197 libertatem
3084 2139 3229 2207 justo
3251 2141 3343 2196 Dei
3363 2144 3560 2211 judicio

1981 2221 2291 2277 amiserunt.
2312 2222 2523 2277 Sanctis
2540 2226 2734 2278 ctenim
2753 2227 2878 2279 viris
2890 2239 2941 2281 et
2959 2232 3101 2283 ontni
3129 2233 3405 2288 honestate
3424 2252 3552 2304 prte-

1980 2316 2105 2369 ditis
2132 2356 2146 2379 ,
2180 2326 2238 2370 ut
2278 2317 2394 2386 ipse
2435 2320 2757 2387 apostolicus
2789 2321 2840 2374 in
2871 2332 3130 2376 contextu
3162 2339 3274 2378 suae
3298 2329 3559 2385 orationis

1980 2405 2085 2471 ait,
2112 2407 2228 2459 talis
2257 2407 2472 2462 libertas
2504 2410 2728 2463 debetur
2757 2420 2811 2465 et
2840 2412 3171 2466 conceditur.
3200 2413 3331 2469 Nam
3362 2417 3406 2471 si
3439 2432 3553 2486 pro-

1980 2496 2104 2564 prie
2137 2496 2394 2551 voluntati
2422 2500 2805 2563 servientibus,
2832 2509 2884 2553 et
2911 2502 3135 2555 terrenis
3160 2505 3455 2559 commodis
3475 2507 3556 2560 in-

1980 2589 2266 2654 hiantibus,
2302 2600 2445 2643 tanta
2477 2591 2736 2645 libertatis
2768 2594 2987 2646 facultas
3020 2595 3359 2665 tribueretur,
3393 2598 3550 2654 decor

1979 2680 2097 2731 vite
2125 2691 2177 2733 et
2208 2682 2506 2735 sanctitatis
2538 2681 2748 2734 habitus
2781 2698 2886 2736 non
2920 2685 3129 2738 modice
3155 2686 3551 2755 deturparetur.

2048 2770 2176 2835 Quae
2222 2770 2481 2824 libertatis
2518 2772 2715 2839 scripta
2763 2781 2979 2825 sanctus
3012 2776 3111 2828 iste
3140 2775 3206 2827 ad
3240 2779 3555 2843 praetitulata

1979 2863 2299 2914 monasteria
2328 2861 2550 2930 detulit,
2585 2872 2743 2932 atque
2771 2863 2977 2917 duobus
3011 2873 3136 2918 tunc
3165 2867 3217 2919 in
3252 2868 3442 2936 Anglia
3472 2884 3556 2922 re-

1977 2953 2131 3020 gibus
2195 2952 2465 3018 ostendit,
2519 2953 2624 3007 lnte
2676 2954 2883 3010 scilicet
2943 2970 3040 3009 stto
3102 2960 3393 3025 avunculo,
3443 2960 3554 3029 regi

1978 3044 2269 3109 Saxonum,
2302 3054 2355 3099 et
2384 3046 2691 3111 Ethelredo,
2726 3048 2838 3116 regi
2865 3048 3176 3103 Merciorum
3208 3068 3219 3102 :
3254 3065 3371 3119 qua:
3392 3053 3551 3106 etiam

1964 3135 2120 3190 iidem
2161 3137 2518 3191 strenuissimi
2559 3147 2613 3191 et
2656 3138 2745 3192 Dei
2785 3141 2899 3193 zelo
2946 3141 3129 3208 repleti
3161 3156 3312 3210 reges
3341 3157 3432 3195 sua
3461 3157 3553 3196 au-

1978 3234 2223 3286 ctoritate
2251 3235 2595 3287 sanciverunt
2617 3274 2631 3299 ,
2661 3235 2784 3303 quia
2820 3235 3207 3304 incorruptibili
3236 3238 3553 3292 auctoritate

1976 3324 2269 3390 apostolica
2320 3322 2526 3377 ﬁrmata
2586 3338 2946 3393 cognoverunt
3007 3343 3019 3377 :
3080 3334 3134 3380 ct
3184 3327 3546 3396 cujuscunque

1978 3416 2124 3468 modi
2161 3416 2514 3484 expeditionis
2556 3418 2668 3472 sive
2706 3418 2825 3472 belli
2870 3418 3100 3472 turbatio
3140 3420 3276 3473 inter
3315 3420 3549 3474 contines

1977 3504 2157 3570 ﬁeret,
2212 3506 2328 3559 loca
2379 3508 2667 3577 supradicti
2701 3507 2869 3561 Patris
2899 3510 3178 3562 Sanctitate
3227 3520 3279 3563 et
3317 3511 3544 3563 scientia

1981 3599 2278 3652 reverenda
2298 3639 2315 3666 ,
2350 3599 2514 3654 libera
2546 3601 2611 3653 ab
2641 3600 2787 3653 omni
2816 3606 3114 3653 statuerunt
3145 3600 3257 3652 fore
3287 3601 3503 3653 servitio
3530 3617 3543 3663 ;

1974 3698 2028 3743 et
2059 3692 2286 3757 posteris
2315 3691 2425 3743 suis
2456 3692 2637 3745 itl'dem
2684 3706 2744 3745 ea
2786 3692 3132 3745 custodienda
3175 3692 3390 3757 litteris,
3436 3693 3547 3745 suis

1975 3783 2216 3836 manibus
2265 3784 2571 3850 impressis,
2628 3784 2980 3849 reliquerunt.
3033 3782 3136 3837 Sed
3189 3784 3397 3833 occasio
3441 3798 3543 3834 non

1981 3875 2193 3927 tenendi
2236 3876 2539 3928 succrevit:
2586 3874 2705 3941 quia
2747 3874 2889 3924 enim
2932 3871 3104 3924 cereis
3132 3871 3325 3938 .llguris
3373 3879 3546 3924 tanto-

1979 3981 2094 4018 rum
2157 3965 2369 4017 Patrum
2435 3972 2630 4016 statuta
2702 3977 2805 4016 non
2870 3962 3187 4017 invenerunt
3238 3962 3543 4031 assignata,

1974 4054 2093 4108 ideo
2148 4070 2250 4108 non
2306 4054 2647 4109 custodienda
2708 4052 2815 4122 (ut
2842 4052 3171 4123 perhibent)
3203 4053 3542 4108 amiserunt:

1975 4148 2123 4217 quasi
2169 4149 2286 4215 plus
2320 4150 2522 4203 valeret
2563 4147 2628 4201 ad
2676 4146 3075 4216 probationem,
3123 4145 3369 4215 peritura:
3407 4160 3547 4200 cera:

1981 4240 2285 4308 impre5sio,
2316 4255 2472 4309 quam
2506 4239 2796 4307 apostolica
2820 4237 2904 4293 vel
2928 4248 3111 4306 regum
3136 4234 3257 4306 jure
3284 4233 3543 4290 servanda

1974 4330 2109 4383 iacta
2143 4331 2424 4384 institutio.
2456 4329 2697 4384 Nondum
2728 4329 2868 4383 enim
2902 4328 3253 4385 transmarina
3287 4341 3544 4397 quorum-

292 4430 427 4493 viri,
452 4444 675 4483 summa:
705 4430 849 4482 sedis
880 4430 1139 4492 rectoris,
1180 4429 1406 4498 benigne
1440 4430 1649 4485 iunctus
1679 4442 1865 4485 contu-
1895 4457 1941 4514 υ
1971 4419 2094 4473 dam
2133 4419 2381 4473 Liburnis
2411 4431 2557 4473 vecta
2595 4419 2766 4473 fuerat
2794 4418 3018 4514 astutia,
3049 4432 3219 4514 neque
3266 4426 3377 4472 toto
3417 4417 3545 4471 orbe

291 4522 497 4586 bernio;
524 4530 580 4577 et
603 4530 658 4573 ut
683 4520 816 4573 alter
840 4521 1079 4585 alterius,
1106 4521 1177 4573 uti
1200 4521 1527 4575 consuetudo
1554 4530 1636 4576 est
1662 4531 1867 4576 sancto-

291 4627 407 4666 rum
451 4611 664 4666 Patrum
687 4649 705 4677 ,
739 4611 874 4664 bene
915 4618 1031 4664 erat
1060 4611 1345 4663 instructus
1375 4610 1640 4677 colloquio
1664 4651 1679 4676 ,
1712 4626 1865 4679 repe-

290 4703 418 4759 dare
455 4703 521 4756 ad
564 4702 775 4770 propria
805 4741 820 4765 ,
849 4710 903 4757 et
930 4700 994 4755 ad
1028 4703 1172 4769 prius
1208 4702 1393 4755 statuit
1423 4702 1594 4756 redire
1625 4703 1865 4770 proposi-

294 4802 423 4845 tum.
453 4793 601 4846 Tunc
627 4807 655 4843 a
678 4801 861 4845 sancto
886 4805 1038 4858 papa,
1070 4790 1134 4843 ad
1162 4804 1378 4844 suorum
1403 4799 1736 4857 posterorum
1763 4795 1862 4845 uti-

292 4882 533 4951 litatem,
588 4885 661 4937 uti
708 4883 824 4937 sine
869 4881 1231 4949 inquietudine
1278 4882 1456 4938 debita
1508 4882 1597 4936 Dei
1646 4884 1861 4937 servitia

291 4975 562 5031 celebrare
589 4983 826 5044 possent,
860 4973 973 5026 haec
1009 4958 1126 5041 qum
1170 4972 1306 5027 infra
1345 4972 1590 5043 leguntur
1618 4974 1862 5041 quaesivit

284 5078 472 5133 sancta
517 5067 768 5132 donaria;
821 5081 924 5120 non
958 5065 1068 5120 auri
1108 5066 1189 5121 vel
1238 5067 1444 5138 argenti
1486 5077 1573 5121 aut
1605 5067 1861 5136 cujusque

291 5161 489 5215 metalli
536 5158 813 5230 pondera,
862 5156 982 5226 quia
1026 5172 1246 5212 securus
1290 5156 1356 5211 de
1399 5158 1631 5211 crastino
1666 5158 1861 5213 nullius

285 5247 392 5302 nisi
424 5252 517 5306 Dei
542 5253 812 5321 qurerebat
840 5250 1238 5305 adminiculum.
1267 5250 1422 5305 l’etiit
1442 5264 1570 5317 ergo
1598 5249 1855 5314 edictum,

289 5342 483 5396 summi
513 5342 684 5395 Patris
711 5341 1027 5395 auctoritate
1052 5342 1344 5407 sancitum,
1385 5350 1644 5410 quatenus
1671 5356 1857 5395 mona-

284 5432 473 5496 steria,
495 5447 610 5502 quze
642 5432 750 5487 Deo
774 5441 1039 5486 annuente
1062 5431 1284 5486 sollicita
1313 5439 1490 5486 mente
1510 5429 1856 5499 gubernabat,

287 5522 635 5579 Meldunense
658 5523 899 5588 scilicet,
940 5523 1029 5577 ubi
1055 5522 1442 5577 inthronizatus
1480 5522 1653 5577 fuerat
1680 5520 1857 5591 (quod

278 5613 496 5675 .ﬂeldun
527 5624 725 5671 sanctae
765 5614 1037 5679 memoriae
1063 5653 1079 5679 ,
1125 5614 1191 5669 de
1239 5614 1391 5685 cujus
1428 5613 1596 5682 stirpe
1646 5621 1860 5667 sanctus

289 5708 386 5759 iste
406 5706 703 5772 descendit,
732 5705 1065 5774 condiderat)
1089 5712 1243 5773 atque
1272 5704 1391 5759 huic
1416 5704 1685 5759 subditum
1719 5702 1857 5757 aliud

1969 4524 2268 4576 quanquam
2318 4508 2604 4561 transitura
2652 4517 2854 4560 tantum
2898 4505 3074 4560 adhuc
3121 4506 3544 4560 debaccltaverat

1971 4599 2234 4663 avaritia;
2280 4598 2453 4649 adhuc
2498 4597 2639 4650 enim
2687 4595 2739 4648 in
2786 4598 3051 4650 mentibus
3092 4596 3376 4649 multorum
3422 4586 3541 4649 fidei

1974 4690 2227 4750 regnabit!
2269 4691 2547 4758 integritas
2572 4729 2585 4752 ,
2635 4688 2868 4741 nondum
2902 4688 3011 4741 Deo
3041 4687 3214 4740 dedita
3255 4688 3303 4739 itt
3338 4696 3537 4738 tantum

1967 4781 2063 4832 sibi
2096 4780 2373 4833 allectabat
2407 4781 2633 4832 humana
2666 4777 2945 4844 cupiditas.

2043 4872 2164 4924 l‘ust
2197 4874 2343 4938 haec,
2377 4872 2620 4925 revoluto
2659 4870 2914 4939 aliquanti
2955 4867 3207 4936 temporis
3238 4866 3534 4931 curriculo,

1968 4965 2090 5017 dum
2120 4974 2340 5017 Sattt‘ltls
2370 4964 2448 5016 \ir
2477 4966 2526 5016 itt
2558 4961 2885 5016 Mcldunensi
2917 4960 3142 5013 ecclesia
3164 4997 3179 5021 ,
3223 4965 3277 5010 et
3319 4965 3530 5025 tempo-

1969 5058 2062 5110 rali
2098 5072 2256 5124 pace,
2289 5065 2343 5109 et
2373 5056 2681 5123 angelorum
2718 5052 2907 5105 solatio
2939 5052 3198 5103 frueretur
3226 5064 3240 5112 ;
3284 5060 3539 5117 regnante

1966 5152 2255 5220 Anglorum
2289 5164 2411 5215 rege
2442 5147 2676 5209 Osredo,
2707 5159 2848 5196 anno
2889 5142 3169 5196 dominicae
3211 5142 3536 5196 lncarnatio-

1968 5243 2050 5296 nis
2076 5240 2548 5310 septingentesimo
2575 5244 2746 5297 sexto,
2777 5237 2988 5305 quidam
3019 5236 3291 5291 Btitonum
3321 5236 3536 5291 neruine

1964 5345 2116 5388 tenus
2145 5336 2397 5403 praesules
2430 5330 2804 5386 hterctizabant
2843 5331 2909 5386 de
2953 5329 3183 5401 paschali
3228 5327 3452 5384 termino
3503 5343 3517 5373 ι

1964 5426 2030 5478 de
2059 5424 2178 5478 aliis
2210 5422 2440 5491 pluribus
2471 5421 2847 5477 ecclesiastica:
2878 5419 3293 5477 Orthodoxitatis
3321 5416 3531 5470 institu-

1966 5512 2212 5569 tionibus.
2235 5514 2407 5580 Quare
2432 5515 2699 5571 Saxttnunt
2719 5516 2991 5570 orientalis
3012 5514 3176 5582 plaga:
3194 5515 3371 5563 sancta
3401 5521 3531 5576 syn-

1964 5610 2129 5674 odus,
2169 5608 2522 5664 venerabilem
2564 5610 2901 5664 Aldhelmum
2950 5605 3191 5658 abbatem
3216 5643 3229 5666 ,
3276 5609 3327 5653 et
3357 5598 3533 5654 adhuc

1972 5711 2172 5754 tantum
2208 5701 2570 5771 presbyterum
2604 5700 2858 5770 (nondum
2892 5697 3031 5749 enim
3080 5703 3295 5749 sanctus
3334 5703 3386 5746 et
3429 5692 3531 5746 vita
