4070 6182
480 291 542 346 7i
971 292 974 296 ’
1284 286 1341 341 S.

1432 283 1830 350 LDltEl..\tUS,
1871 285 2502 340 scumesunsessrs
2542 264 2940 340 EPISCOPUS.
3267 313 3270 316 η
3649 278 3720 343 Ἰἂ

480 412 536 459 et
578 398 811 454 moribus
857 399 910 452 in
951 397 1140 454 ordine
1206 399 1501 468 ponebatur
1542 399 1911 468 pontificum),
1957 411 2051 462 pro
2084 397 2128 452 Α
2161 393 2462 460 fabricaret,
2495 395 2594 450 hoc
2617 408 2713 464 pro
2733 409 2796 450 eo
2826 395 3090 465 virgineus
3111 405 3286 462 natus,
3315 403 3381 450 ad
3403 398 3487 452 sui
3515 398 3721 457 laudem

481 489 786 546 sanctitatis
811 503 923 544 sua
965 491 1270 544 reverentia
1311 490 1550 559 rogavit,
1594 489 1788 542 librum
1831 500 2052 552 compo-

483 599 610 640 nere
638 582 947 651 egrcgium,
978 596 1083 650 quo
1112 581 1372 650 trialigna,
1417 597 1537 649 qua:
1573 591 1700 634 tunc
1739 593 1900 644 supra
1942 593 2054 630 mo-

482 677 610 730 dum
675 671 1000 741 pullulabat,
1057 671 1277 725 hatresis
1336 670 1608 723 Britonnm
1666 668 2049 721 destrueretur.

481 767 652 833 Quem
681 762 948 828 Sanetus,
992 771 1052 814 ut
1091 770 1206 815 erat
1243 775 1489 815 sermone
1529 759 1756 822 nitidus,
1797 755 2053 823 sapientia

487 856 720 911 refertus
741 895 756 919 ,
785 863 844 909 et,
869 854 1150 908 sanctitate
1186 852 1502 920 conspicuus
1523 890 1537 913 ,
1581 849 1904 917 argumentis
1944 848 2056 916 ple—

485 961 618 1011 nus,
667 954 722 998 et
768 943 1096 1013 syllogismis
1143 942 1429 1011 praeditus,
1482 941 1786 996 liberalibus
1838 938 2056 1006 insuper

487 1037 774 1105 scripturis
802 1044 854 1088 et
883 1033 1264 1089 ecclesiasticis
1303 1032 1586 1086 sententiis
1621 1029 2011 1084 eruditissimus
2035 1067 2052 1092 .

487 1137 573 1192 et,
623 1136 680 1180 ut
725 1125 865 1180 Beda
909 1137 1128 1188 narrat,
1178 1123 1230 1177 in
1277 1122 1530 1176 omnibus
1574 1122 2054 1188 prudentissimus,

485 1218 850 1271 lsraelitarum
883 1215 1118 1282 repletus
1159 1211 1609 1274 institutionibus,
1651 1209 2056 1278 Egyptiorum-

483 1323 587 1375 que
649 1307 716 1359 de
745 1305 849 1356 hoc
880 1302 1062 1355 multis
1091 1299 1487 1354 inventionibus
1527 1306 1582 1353 et
1621 1308 1925 1352 sanctorum
1959 1298 2058 1352 Pa-

485 1410 623 1450 trum
654 1394 980 1448 authenticis
1013 1391 1428 1452 traditionibus,
1460 1391 1552 1445 sed
1583 1401 1638 1445 et
1678 1392 1918 1446 carmine
1959 1391 2056 1451 Pas

483 1485 697 1541 chornio
726 1482 906 1536 abbati
948 1482 1016 1534 ab
1056 1482 1262 1548 angelis
1304 1480 1536 1545 tradito,
1578 1490 1633 1534 et
1671 1481 1895 1534 aliorum
1937 1482 2058 1535 reli-

491 1577 759 1644 giosurum
790 1574 1038 1640 dogmate
1067 1573 1199 1624 satis
1229 1580 1434 1637 aperto,
1459 1571 1782 1640 supradictis
1810 1572 2057 1627 ltereticis

489 1664 817 1726 transmisit,
851 1677 944 1731 per
971 1661 1226 1730 quosdam
1253 1661 1573 1716 domesticos
1601 1661 1724 1716 ﬁdei
1751 1670 1803 1716 et
1832 1663 1962 1717 satis
1990 1662 2055 1715 ad

2156 498 2372 553 srnrque
2391 485 2664 553 genitricis
2693 483 2951 539 honorem
2980 495 3140 555 atque
3183 487 3334 542 istius
3374 487 3566 543 famam
3587 530 3600 554 ,
3626 491 3724 547 de-

2157 574 2384 627 claravit
2413 573 2656 628 mirabile
2703 574 2916 626 factum.
2976 575 3210 645 Denique
3261 592 3382 631 cum
3427 579 3494 632 ad
3545 582 3728 650 templi

2159 661 2316 730 hujus
2341 663 2445 716 alta
2477 662 2684 732 fastigia
2724 662 2924 717 diversi
2948 666 3188 722 machina
3222 667 3562 722 instrumenti
3611 685 3728 725 ma-

2158 768 2276 820 gna:
2299 754 2474 809 trabes
2501 754 2822 820 levarentur,
2856 756 3094 824 quzedam
3126 772 3309 812 earum
3333 775 3362 813 a
3416 759 3726 831 bipennige-

2158 845 2232 896 ris
2261 845 2522 912 reperitur
2549 843 2769 899 minima
2790 886 2806 912 ,
2838 859 2958 915 qua:
3005 855 3177 900 tamen
3223 849 3289 902 ad
3341 849 3726 920 longitudinem

2157 934 2381 988 aliarum
2413 935 2648 991 studiose
2676 938 2742 991 ab
2767 936 2849 991 eis
2881 936 3056 990 fuerat
3099 947 3356 993 resecata.
3407 941 3514 996 Sed
3555 941 3728 996 omni-

2159 1032 2345 1088 potens
2374 1022 2510 1076 Deus
2539 1023 2661 1077 ideo
2693 1024 2860 1089 hanc,
2892 1033 2949 1078 ut
2993 1023 3093 1078 sibi
3143 1025 3372 1094 placuit,
3404 1029 3726 1093 decurtavit,

2160 1122 2424 1180 quatenus
2453 1113 2504 1167 in
2538 1114 2637 1169 hoc
2665 1115 2822 1169 etiam
2853 1117 2990 1170 servi
3021 1115 3103 1171 sui
3133 1117 3380 1171 meritum
3429 1119 3730 1173 hominibus

2161 1205 2476 1261 notiﬁcaret.
2526 1207 2676 1260 Tune
2716 1207 2934 1276 opiﬁces
2979 1209 3300 1277 pernimium
3354 1209 3556 1279 tristes,
3611 1212 3728 1279 quia

2163 1297 2276 1350 haec
2306 1298 2610 1366 participari
2638 1298 2870 1352 secundo
2901 1299 3016 1352 loco
3066 1299 3294 1354 debebat
3343 1300 3578 1366 initium,
3603 1285 3726 1368 quid

2161 1388 2397 1444 facerent
2446 1385 2625 1452 dubii,
2655 1389 2722 1443 ad
2767 1391 2933 1444 sancti
2985 1391 3154 1446 Patris
3211 1391 3367 1460 hujus
3413 1407 3730 1446 concurrunt

2162 1479 2464 1534 consilium.
2494 1481 2637 1547 Quos
2660 1479 2771 1543 ille,
2801 1481 2900 1536 etsi
2935 1491 3109 1535 mente
3158 1484 3344 1536 anxius
3399 1484 3727 1548 redderetur,

2163 1571 2232 1624 de
2276 1572 2638 1625 misericordia
2683 1571 2776 1626 Dei
2831 1574 3099 1637 conﬁsus,
3129 1573 3356 1643 benigne
3400 1574 3725 1643 alloquitur:

2171 1677 2190 1708 ι
2231 1659 2348 1726 Eia,
2393 1658 2603 1726 fratres,
2634 1661 2698 1712 ad
2743 1670 3054 1714 caeterarum
3097 1676 3394 1716 mensuram
3444 1662 3487 1715 si
3539 1663 3728 1717 liueata

487 1757 593 1809 hoc
625 1754 812 1808 ﬁdeles
843 1754 1137 1808 ministros.
1182 1752 1301 1820 ipse
1329 1767 1456 1806 vero
1493 1751 1641 1806 solus
1679 1753 1731 1807 in
1774 1751 2056 1806 afﬂictione
2092 1745 2135 1802 Β
2164 1749 2320 1802 fuerit
2372 1749 2594 1814 discite,
2625 1750 2796 1820 deque
2847 1751 3014 1805 beata:
3069 1751 3162 1805 Dei
3214 1752 3487 1820 genitricis
3536 1754 3731 1808 auxilio

492 1847 695 1913 positus
734 1843 922 1897 orabat
967 1841 1180 1896 aSsidue
1223 1851 1280 1894 ut
1325 1841 1463 1896 Deus
1502 1843 1570 1895 ab
1597 1850 1756 1895 tanta:
1797 1841 2063 1896 hmreseos

491 1937 849 2007 irnplicatione
877 1936 1077 1990 mentis
1106 1935 1224 1989 illos
1251 1935 1555 2002 dignaretur
1594 1933 1836 1999 eripere;
1881 1932 2064 2000 sicque

492 2035 558 2084 ad
587 2029 870 2084 dominicae
899 2043 1040 2082 verae
1068 2027 1189 2078 ﬁdei
1223 2026 1456 2091 regulam
1479 2062 1495 2088 ,
1524 2033 1577 2076 et
1609 2023 1751 2090 ipsos
1780 2021 2058 2089 prmsules,

495 2129 551 2175 et
577 2120 912 2174 innumeram
958 2115 1134 2185 populi
1182 2113 1450 2168 revocavit
1488 2110 1905 2166 multitudinem.
1948 2111 2064 2177 Qua

494 2209 547 2261 in
580 2224 640 2261 re
668 2204 1047 2272 omnipotentis
1077 2203 1170 2256 Dei
1212 2217 1455 2270 magnam
1501 2215 1780 2268 possumus
1819 2199 2053 2254 conside-

495 2310 617 2350 rare
647 2295 856 2363 pietatis
889 2291 1340 2357 misericordiam,
1375 2305 1491 2358 qua:
1530 2291 1606 2344 sic
1646 2299 1860 2345 sanctos
1901 2303 2061 2353 suos,

501 2385 624 2449 ubi,
648 2395 703 2438 et
726 2383 937 2453 quando
961 2393 1012 2438 et
1043 2382 1312 2452 quomodo
1341 2381 1475 2447 vult,
1506 2382 1660 2450 plene
1684 2383 1973 2450 justiﬁcat,
2007 2392 2064 2436 nt

501 2491 593 2544 per
617 2491 730 2540 eos,
755 2479 918 2530 etiam
949 2475 1198 2529 absentes
1226 2489 1472 2544 corpore,
1507 2485 1648 2529 tanta
1675 2485 1928 2542 Operetur
1954 2474 2064 2528 vir-

495 2578 664 2622 tutum
713 2567 962 2634 insignia.
1002 2564 1108 2620 Iste
1143 2566 1284 2620 enim
1327 2578 1542 2619 sanctus
1569 2566 1668 2619 iter
1697 2565 1820 2618 illuc
1847 2565 2066 2633 pedibus

496 2655 896 2726 haudquaquam
926 2655 1154 2717 fecerat,
1191 2655 1283 2709 sed
1309 2655 1525 2724 egregio
1550 2654 1920 2708 enchiridione
1950 2667 2063 2708 mo-

496 2746 670 2807 nitos,
721 2744 1010 2810 sedulaque
1057 2746 1296 2798 oratione
1345 2745 1680 2809 sublevatos,
1711 2744 1776 2797 ad
1823 2743 2066 2798 veritatis

495 2834 782 2888 reduxerat
810 2833 970 2886 viam.
1005 2833 1310 2887 lmilahatur
1329 2834 1428 2888 iste
1453 2834 1700 2889 nimirum
1722 2878 1735 2901 ,
1771 2836 1939 2906 gratia
1972 2833 2064 2888 Dei

495 2924 702 2990 plenus,
734 2934 785 2976 et
818 2927 866 2976 in
900 2924 998 2977 hoc
1032 2924 1167 2980 facto
1193 2927 1501 2994 Apostolum
1521 2967 1535 2991 ,
1560 2926 1650 2995 qui
1682 2928 1981 2982 Corinthios
2012 2936 2067 2982 et

493 3012 706 3068 Galatas
730 3057 746 3083 ,
777 3013 1120 3070 Colossenses
1155 3017 1312 3072 etiam
1343 3034 1371 3072 a
1406 3020 1887 3090 pseudo-apostolis
1931 3035 2066 3090 pra:-

2163 1839 2353 1893 devote
2381 1840 2667 1905 conﬁdite;
2711 1841 2832 1910 quia
2863 1858 2980 1911 qua:
3010 1843 3144 1897 lacte
3185 1844 3330 1912 virgo
3378 1846 3522 1912 pavit
3562 1845 3732 1900 homi.

2165 1948 2283 1984 nem
2311 1932 2494 1996 Deum,
2525 1933 2728 2001 absque
2757 1933 3062 1989 difﬁcultate
3084 1933 3236 2003 hujus
3261 1935 3456 1990 laboris
3485 1946 3729 1991 nostrum

2167 2030 2342 2088 potest
2362 2021 2653 2089 adimplere
2678 2023 3027 2078 desiderium.
3058 2043 3079 2076 ι
3111 2024 3260 2078 Tunc
3303 2026 3555 2080 audacter
3601 2041 3734 2094 per-

2164 2123 2295 2175 gens
2335 2111 2400 2163 ad
2447 2110 2681 2178 stipitem
2708 2152 2723 2176 ,
2750 2114 2997 2182 populum
3029 2113 3359 2178 hortabatur,
3391 2131 3497 2183 quo
3528 2132 3734 2169 summo

2165 2202 2446 2254 conamine
2476 2201 2679 2254 trabem
2709 2203 2758 2254 in
2785 2202 3056 2272 superiora
3092 2204 3381 2269 traherent,
3425 2220 3529 2259 non
3575 2203 3734 2260 haesi-

2166 2299 2340 2344 tantes
2366 2289 2433 2344 de
2462 2289 2789 2359 longitudine
2813 2291 2973 2344 illius.
3009 2292 3124 2345 Mox
3156 2292 3303 2361 plebs
3340 2293 3552 2348 suffulta
3603 2297 3731 2348 tanti

2121 2441 2125 2448 η
2171 2382 2344 2437 Patris
2391 2383 2609 2448 auxilio,
2634 2384 2792 2437 corde
2825 2383 3015 2437 devoto
3045 2384 3323 2438 Dominum
3364 2386 3732 2455 interpellans,

2164 2486 2320 2540 quam
2346 2480 2491 2540 pater
2505 2471 2665 2540 jussit
2687 2473 2938 2526 continuo
2963 2473 3163 2527 trabem
3191 2474 3345 2528 levat.
3377 2473 3530 2540 Tum,
3553 2475 3728 2531 divina

2166 2572 2484 2630 cooperante
2533 2561 2920 2627 misericordia,
2972 2578 3067 2631 pro
3119 2561 3371 2623 famulatu
3428 2565 3567 2618 servi
3623 2567 3730 2630 sui,

2167 2659 2480 2718 supportant
2508 2665 2626 2703 eam
2653 2652 2759 2718 jam
2807 2650 3094 2720 longiorem
3137 2654 3360 2716 cmteris,
3390 2654 3454 2707 ad
3511 2668 3732 2723 quarum

2169 2754 2471 2794 mensuram
2502 2741 2647 2808 prius
2679 2741 2848 2795 fuerat
2878 2743 3061 2796 incisa.
3101 2743 3152 2795 In
3178 2759 3282 2811 quo
3309 2760 3470 2813 opere
3500 2747 3730 2801 imitatds

2168 2840 2249 2883 est
2270 2830 2485 2884 beatum
2517 2827 2776 2885 Donatum
2796 2873 2814 2901 ,
2848 2831 3082 2887 Reatina:
3113 2835 3256 2887 urbis
3284 2839 3611 2903 episcopum,
3645 2837 3732 2905 qui

2168 2921 2386 2976 calicem
2413 2921 2662 2986 vitreum,
2695 2937 3015 2992 paganorum
3049 2925 3244 2991 impetu
3267 2927 3594 2980 confractum
3617 2928 3730 2980 sola

2167 3013 2409 3066 oratione
2441 3013 2791 3078 restauravit;
2825 3013 3032 3068 Patrem
3064 3029 3272 3084 quoque
3295 3028 3554 3081 nostrum,
3581 3017 3729 3069 mirae

498 3115 684 3158 ventos
725 3102 789 3158 ad
832 3120 970 3158 vera:
1010 3105 1130 3159 ﬁdei
1170 3116 1362 3160 statum
1396 3123 1488 3178 per
1515 3107 1778 3177 Epistolas
1811 3119 2062 3174 revocat;
2095 3089 2140 3150 C
2171 3103 2466 3157 sanctitatis
2515 3103 2684 3157 virum
2707 3144 2721 3168 ,
2753 3103 2999 3158 abbatem
3043 3105 3414 3171 Benedictum,
3440 3107 3529 3175 qui
3581 3108 3734 3176 longe

495 3196 767 3266 apostolus
797 3196 1059 3266 siquidem
1088 3207 1143 3252 et
1174 3198 1224 3252 in
1261 3201 1359 3253 hoc
1402 3201 1616 3268 negotio
1660 3207 1810 3268 pater
1842 3199 2059 3253 Aldhelo

497 3300 617 3339 mus
641 3287 870 3354 exsﬁtit,
902 3289 1020 3354 quia
1042 3328 1056 3352 ,
1086 3287 1221 3342 sicut
1247 3289 1433 3344 Petrus
1464 3305 1583 3343 cum
1612 3291 1843 3355 caneris,
1874 3301 2062 3346 sancto

497 3376 695 3446 Spiritu
729 3388 1008 3441 monente,
1049 3378 1268 3432 l’aulum
1301 3387 1353 3432 et
1383 3380 1675 3432 Barnabarn
1708 3380 1774 3432 ad
1809 3380 1900 3432 Dei
1929 3397 2063 3449 opus

496 3467 830 3535 segregavit,
857 3468 927 3520 ita
960 3478 1140 3521 sancta
1172 3469 1403 3538 synodus
1430 3469 1492 3522 ad
1523 3470 1820 3538 supradicta
1853 3472 2059 3538 negotia

495 3554 634 3608 hunc
672 3556 920 3625 eligendo
958 3556 1215 3610 admovit.

565 3646 794 3714 Scripsit
821 3662 949 3716 ergo
993 3645 1329 3716 Enigmata,
1376 3655 1429 3702 et
1469 3648 1535 3703 de
1577 3647 1759 3704 Laude
1802 3649 2062 3719 virginum

493 3741 770 3808 geminato
801 3754 962 3806 opere
984 3780 1000 3806 ,
1035 3754 1189 3808 prosa
1221 3740 1424 3794 scilicet
1464 3748 1518 3794 et
1553 3741 1827 3806 carmine,
1872 3741 2061 3794 librum

493 3831 767 3884 eximium.
834 3828 1124 3884 Contexuit
1184 3844 1311 3885 vero
1361 3831 1718 3900 septiformem
1775 3831 2058 3892 libellum,

502 3918 631 3972 Novi
665 3933 726 3972 ac
753 3918 964 3972 Veteris
995 3922 1317 3982 Testamenti
1349 3922 1593 3990 ﬁoribus,
1637 3931 1690 3976 et
1728 3924 1795 3978 de
1835 3922 2063 3992 Septena

499 4007 898 4075 supputatione,
925 4023 995 4081 ex
1025 4010 1322 4078 disciplinis
1351 4012 1568 4066 collecta
1601 4012 2059 4082 philoSOphornm,

506 4092 804 4162 pertinente
857 4096 927 4150 ad
983 4099 1296 4166 septiforme
1347 4101 1543 4155 donum
1593 4101 1822 4171 Spiritus
1870 4103 2058 4156 sancti.

493 4185 721 4255 Scripsit
749 4196 804 4240 et
830 4186 897 4241 de
928 4185 1304 4245 Admonitione
1343 4191 1586 4247 fraterna:
1615 4195 1884 4248 cbaritatis
1916 4197 2062 4249 volu-

498 4291 620 4332 men
671 4293 855 4331 unum.
908 4279 984 4332 De
1036 4279 1421 4336 insensibilium
1467 4300 1643 4339 rerum
1689 4297 1905 4349 natura,
1947 4304 2060 4355 qua:

495 4370 790 4422 secundum
819 4372 1182 4440 metaphoram
1209 4377 1552 4430 sermocinari
1582 4379 1891 4446 ﬁgurantur,
1915 4395 2063 4433 corn-

2176 3195 2376 3262 positus
2399 3209 2600 3264 magna:
2627 3194 2786 3248 molis
2817 3210 2997 3248 saxum
3025 3195 3104 3264 pia
3125 3211 3279 3264 prece
3299 3199 3496 3250 amovit
3521 3210 3553 3250 a
3599 3196 3722 3252 loco

2169 3286 2258 3339 ubi
2299 3285 2512 3354 quidam
2547 3286 2738 3342 fratres
2784 3287 3086 3342 cmnohium
3136 3288 3354 3344 fundare
3404 3291 3730 3360 satagebant.

2165 3375 2258 3429 lllo
2289 3375 2518 3444 denique
2547 3376 2706 3430 modo
2727 3391 2908 3431 rerum
2939 3379 3176 3446 Creator,
3202 3381 3294 3434 sed
3336 3389 3462 3450 typo
3509 3382 3730 3452 dispari,

2171 3467 2303 3520 hanc
2332 3466 2614 3537 elongavit,
2639 3483 2744 3537 quo
2785 3470 3026 3537 praesulis
3069 3467 3367 3526 Israeliticae
3410 3473 3580 3542 plebis
3627 3475 3734 3529 vir"-

2165 3570 2282 3624 gam
2315 3555 2489 3608 virere
2516 3556 2644 3609 fecit
2670 3565 2724 3610 et
2753 3556 3069 3611 fecundavit.
3106 3559 3196 3611 Illa
3230 3573 3355 3613 vero
3401 3569 3608 3629 partum
3655 3561 3734 3614 in.

2167 3655 2318 3700 taetre
2347 3647 2563 3715 virginis
2593 3647 2943 3716 praeﬁguravit
2989 3659 3003 3700 :
3048 3647 3164 3702 hac
3205 3661 3351 3704 certe
3395 3649 3730 3704 sanctitatem

2165 3737 2296 3790 tanti
2316 3738 2414 3791 viri
2442 3739 2495 3791 in
2527 3738 2842 3793 immensum
2866 3752 3104 3793 crescere
3125 3739 3315 3792 astanti
3331 3739 3568 3794 ecclesiae
3595 3755 3731 3809 pra:-

2166 3827 2394 3894 notavlt;
2429 3828 2514 3882 illa
2545 3829 2745 3884 fructus
2773 3829 2958 3884 detulit
2982 3837 3038 3884 et
3067 3829 3223 3896 folia,
3249 3829 3362 3883 haec
3412 3831 3576 3898 patris
3629 3830 3729 3884 Al-

2164 3919 2384 3984 dhelmi,
2415 3934 2533 3988 quas
2563 3919 2739 3974 futura
2777 3930 2957 3975 essent
3003 3936 3165 3990 opera
3215 3921 3618 3975 demonstravit.
3657 3921 3729 3974 De

2165 4011 2333 4066 isthac
2364 4021 2540 4064 autem
2573 4028 2631 4066 re
2661 4029 2801 4068 nunc
2857 4013 2954 4067 ista
3001 4011 3293 4078 sufﬁciant,
3330 4012 3450 4081 quia
3501 4011 3726 4064 transire

2164 4105 2368 4155 animus
2397 4105 2540 4168 cupit
2577 4103 2642 4156 ad
2672 4106 2906 4170 ejusdem
2936 4105 3057 4158 alia.

2233 4194 2353 4245 Post
2385 4193 2496 4245 hmc
2525 4207 2650 4246 vero
2673 4193 2899 4247 decurso
2931 4210 3034 4246 non
3068 4197 3218 4249 multi
3254 4199 3505 4264 temporis
3534 4198 3724 4265 spatio,

2163 4292 2308 4350 pater
2332 4282 2719 4349 Berthwaldus,
2743 4283 3147 4337 Cantuariorum
3181 4287 3434 4351 pontifex,
3463 4289 3540 4339 vir
3572 4303 3723 4340 reve-

2164 4376 2359 4428 rendus
2383 4373 2485 4426 vita
2508 4381 2560 4427 et
2587 4374 2844 4441 moribus,
2861 4373 3153 4428 litterarum
3171 4384 3223 4427 et
3243 4375 3721 4429 ecclesiasticarum

494 4459 668 4526 posuit
715 4437 981 4517 alterum;
1026 4463 1099 4516 De
1148 4465 1339 4530 pedum
1397 4437 1645 4536 regulis,-
1673 4470 2050 4536 metaplasmu,
2090 4437 2134 4493 υ
2162 4466 2386 4520 scientia
2417 4466 2570 4519 valde
2599 4465 2858 4529 eruditus,
2883 4480 2980 4533 pro
3030 4467 3328 4520 sanctitatis
3371 4477 3424 4520 et
3471 4465 3722 4520 virtutum

491 4547 802 4616 synalmplta
830 4590 846 4614 ,
877 4552 1185 4616 scansione,
1216 4565 1269 4607 et
1297 4557 1481 4625 eclipsi
1515 4574 1781 4612 versuum.
1825 4558 1900 4612 De
1942 4575 2053 4612 me-

493 4638 624 4693 trica
653 4640 854 4694 alterna
885 4643 1313 4712 interrogationis
1353 4658 1406 4702 et
1449 4648 1805 4712 reSponsionis
1846 4650 2052 4704 vicissi-

491 4728 674 4785 tudine
699 4769 714 4796 ,
745 4731 949 4783 duabus
979 4733 1166 4788 litteris
1194 4736 1441 4789 discreta.
1471 4737 1693 4805 Scripsit
1714 4747 1768 4793 et
1792 4737 1891 4790 alia
1919 4754 2049 4792 non-

493 4819 634 4872 nulla
658 4859 673 4886 ,
710 4828 890 4888 utpote
922 4820 1002 4874 vir
1029 4824 1378 4894 undecunque
1423 4827 1762 4881 doctissimus
1793 4848 1804 4882 :
1837 4845 1958 4882 nam
1999 4838 2053 4882 et

488 4923 739 4988 sermone,
768 4912 964 4966 nitidus
984 4953 1000 4979 ,
1031 4923 1085 4968 et
1113 4917 1494 4984 scripturarum
1530 4919 1622 4988 (ut
1651 4918 1912 4988 diximus)
1947 4929 2051 4974 tam

492 5002 795 5059 liberalium
847 5021 1004 5074 quam
1055 5009 1543 5064 ecclesiasticarum
1594 5021 1710 5066 erat
1757 5013 2053 5066 eruditione

489 5091 781 5146 mirandus.
819 5095 939 5148 [Lee
971 5097 1040 5152 de
1068 5099 1296 5168 quodam
1339 5099 1704 5169 antiquissimo
1742 5101 1957 5168 codice,
2001 5104 2050 5156 in

489 5179 726 5247 ejusdem
761 5185 1007 5240 ecclesiae
1035 5192 1265 5245 armario
1307 5201 1556 5260 reperto,
1599 5193 1649 5247 in
1693 5193 1848 5264 hujus
1886 5207 2051 5262 Opus-

486 5271 591 5325 culi
620 5271 887 5352 volumine
918 5291 1115 5344 ponere
1143 5279 1358 5346 dignum
1389 5283 1658 5338 duximus.

1104 5367 1326 5425 CAPUT
1347 5371 1433 5424 Ill.

580 5455 835 5510 Hiracula
856 5465 1080 5527 patrata,
1097 5461 1439 5532 episcopatus,
1467 5465 1656 5529 obitus,
1671 5464 1959 5537 sepultura.

559 5546 648 5599 γει·
669 5557 842 5602 autem
867 5550 1254 5622 sanctissimus,
1281 5552 1406 5610 dum
1431 5555 1558 5610 clari
1583 5556 1762 5624 operis
1788 5567 2057 5609 monaSte-

487 5636 619 5689 riuru
670 5641 934 5706 quoddam
967 5643 1176 5700 Mclduu
1233 5648 1297 5702 ad
1340 5650 1592 5703 honorem
1641 5650 1910 5718 genitricis
1961 5649 2053 5704 Dei

2163 4558 2317 4627 hujus
2349 4555 2445 4610 viri
2476 4555 2852 4625 magnitudine,
2893 4555 3293 4624 litterarumque
3329 4555 3624 4610 liberalium
3669 4567 3723 4610 et

2160 4650 2453 4703 dixinarum
2482 4647 2670 4701 studiis
2693 4657 2747 4701 et
2781 4645 3022 4709 scientia,
3052 4646 3191 4699 hunc
3214 4662 3419 4712 secum,
3450 4649 3495 4701 si
3525 4647 3721 4716 quiret,

2163 4741 2356 4807 saepius
2383 4737 2579 4793 habere
2601 4735 2870 4806 cupiebat;
2903 4749 3058 4804 quem
3103 4735 3317 4789 directis
3341 4735 3527 4803 legat-is
3570 4735 3634 4788 ad
3667 4748 3726 4789 se

2162 4845 2318 4884 causa
2350 4829 2664 4885 consiliandi
2695 4829 2760 4883 de
2785 4829 2944 4883 rebus
2972 4827 3345 4883 ecclesiasticis
3373 4831 3554 4883 venire
3574 4843 3728 4896 roga-

2163 4925 2254 4976 vit.
2299 4921 2392 4974 (Ζιιί
2425 4930 2660 4985 sanctus,
2712 4928 2770 4972 ut
2821 4927 2938 4978 erat
2983 4919 3145 4984 mitis,
3184 4918 3406 4971 libenter
3449 4918 3721 4982 obediens,

2161 5013 2305 5066 venit
2327 5013 2390 5063 ad
2421 5025 2563 5071 eum,
2592 5019 2941 5076 moratusque
2988 5017 3069 5062 est
3095 5009 3328 5076 quandiu
3379 5010 3493 5078 ipse
3537 5009 3720 5062 voluit.

2163 5103 2233 5156 Ex
2244 5099 2395 5170 pletis
2411 5115 2536 5169 ergo
2558 5101 2659 5153 rite
2683 5113 2778 5166 pro
2801 5099 2992 5166 quibus
3015 5099 3080 5151 ad
3102 5115 3220 5153 eum
3245 5110 3462 5155 venerat
3477 5101 3722 5169 negatiis,

2162 5193 2225 5246 ad
2254 5201 2484 5246 castrum
2529 5188 2792 5258 disposuit
2839 5189 2916 5242 ire
2964 5189 3301 5246 Dorobernite
3353 5209 3364 5243 :
3417 5192 3561 5258 quod
3607 5192 3726 5245 ideo

2163 5283 2302 5337 Deus
2329 5281 2471 5344 fecit,
2505 5289 2560 5334 ut
2589 5279 2890 5349 longinquis
2915 5295 3124 5349 quoque
3181 5293 3439 5336 terrarum
3488 5282 3725 5348 partibus

2163 5371 2319 5442 hujus
2347 5370 2515 5424 sancti
2544 5370 2794 5423 virtutum
2827 5370 3012 5422 merita
3045 5370 3372 5423 ostenderet.
3403 5369 3538 5422 Cum
3570 5383 3726 5424 secus

2163 5479 2370 5538 portum
2401 5463 2593 5521 sedens
2621 5479 2758 5531 equo
2811 5471 3074 5533 pergeret,
3106 5460 3389 5529 quamdam
3437 5477 3622 5516 navem
3653 5462 3720 5515 ad

2161 5560 2330 5629 ripam
2375 5557 2537 5613 maris
2571 5563 2894 5615 mercatores
2943 5553 3188 5608 volebant
3235 5552 3503 5622 appellere
3561 5569 3572 5602 :
3630 5552 3728 5603 sed

2166 5665 2497 5722 nequaquam
2545 5657 2863 5718 potuerunt,
2898 5650 3068 5700 donec
3121 5645 3220 5701 isto
3265 5647 3344 5701 vir
3401 5640 3725 5699 admirabilis
