4070 6182
279 269 352 324 73
1319 262 1470 319 Vl'l‘A
1513 262 1568 318 S.
1613 262 1966 318 ALDllELMI
2017 262 2287 320 PARICIO
2331 265 2652 323 AUCTORE
3486 280 3551 331 τι

278 377 618 456 praeciperet,
643 383 745 439 etsi
787 383 950 438 ternis
980 382 1183 436 vicibus
1214 383 1314 435 hoc
1338 381 1652 435 molirentur
1679 393 1872 449 magno
1903 383 1952 440 Α
1978 379 2129 448 cujus
2163 396 2317 434 unam
2353 391 2554 449 partem
2587 381 2771 436 Daniel
2804 384 3158 452 gubernavit,
3191 387 3272 444 vir
3313 391 3364 446 in
3407 394 3548 448 mul-

280 477 480 534 virium
510 475 813 530 conamine.
849 473 1003 526 Prius
1035 480 1213 524 tamen
1243 471 1362 525 illos
1385 469 1626 525 modeste
1651 468 1880 522 interro-

279 569 451 635 gavit,
484 567 528 620 si
564 563 688 633 quid
715 562 989 616 deferrent
1017 560 1159 630 quod
1207 559 1347 615 foret
1393 557 1524 612 utile
1571 555 1878 626 quotidiano

283 659 411 713 usui
434 655 703 717 ecclesia);
739 667 898 722 quem
931 651 1006 704 illi
1041 665 1191 704 more
1217 648 1566 718 superborum
1613 659 1877 714 spernen-

282 761 397 816 tes,
430 747 551 819 quia
582 746 667 800 vili
695 744 928 814 tegmine
950 739 1440 812 tegebatur,.ctiam
1487 751 1611 793 eum
1663 737 1878 804 conspi-

280 855 414 894 cere
443 836 889 907 dedignabantur.
919 833 1186 888 Cteterum
1239 830 1328 884 ille
1381 829 1546 894 Deus,
1578 841 1676 897 pro
1723 826 1878 897 cujus

285 943 476 982 amore
498 928 733 995 seipsum
761 926 830 978 ita
863 923 1025 977 vilem
1049 920 1231 974 habitu
1262 917 1591 982 reddiderat,
1623 914 1880 968 exaltavit

293 1021 444 1078 illum
496 1020 589 1087 (ut
610 1028 826 1081 semper
858 1012 982 1066 facit
1007 1009 1168 1078 suos)
1226 1011 1280 1064 in
1331 1023 1518 1063 eorum
1574 1004 1877 1076 praesentia.

294 1110 534 1178 Eaplelis
573 1107 714 1162 enim
748 1120 891 1175 saepe
934 1109 1198 1158 incassum
1254 1101 1434 1156 multis
1484 1098 1874 1164 conaminibus,

292 1204 472 1256 tristes
500 1201 714 1256 stabant
751 1207 806 1253 et
858 1197 1046 1261 timidi,
1081 1197 1135 1250 in
1181 1195 1343 1250 inane
1386 1193 1597 1248 lassatis
1651 1192 1877 1245 viribus.

290 1294 443 1346 Tune
473 1307 539 1346 ex
572 1293 635 1346 iis
661 1290 874 1360 quidam
901 1288 1182 1343 nauclerus
1211 1300 1338 1342 suos
1362 1285 1440 1341 sic
1471 1283 1647 1341 socios
1700 1281 1880 1339 flendo

292 1384 595 1451 alloquitur
625 1399 640 1436 :
679 1400 696 1434 ε
726 1381 892 1450 Spero
923 1380 1166 1449 equidem
1195 1377 1664 1444 iudubitanterque
1694 1375 1878 1440 credo,

289 1475 446 1528 illum
476 1488 632 1543 quem
664 1474 715 1526 in
745 1473 920 1526 littore
964 1470 1183 1526 cernitis
1229 1469 1423 1530 virum,
1452 1482 1570 1522 esse
1616 1465 1877 1520 Chr'stia-

295 1568 599 1630 nissimum,
629 1565 712 1618 cui
747 1579 843 1619 nos
870 1562 1036 1618 inﬂati
1088 1561 1356 1630 superbia,
1388 1573 1484 1614 nec
1537 1560 1698 1614 etiam
1752 1572 1877 1611 ver-

293 1660 415 1713 bum
439 1657 804 1720 fecimus;sic
837 1655 978 1709 illius
1005 1653 1307 1708 humilitate
1347 1660 1526 1705 nostra
1573 1648 1878 1703 retunditur

1980 470 2046 524 tis
2072 472 2474 526 strenuissimus
2505 489 2520 535 ;
2560 475 2623 525 ad
2676 474 2909 542 regimen
2941 490 3069 530 vero
3097 479 3316 533 alterius
3342 481 3549 538 disece-

1978 563 2088 628 sis,
2138 566 2424 632 primates,
2473 566 2600 620 cleri
2643 573 2699 619 et
2736 565 2950 634 copiosa
2997 568 3279 625 multitudo
3324 575 3551 641 populi,

1978 656 2129 721 quasi
2164 670 2264 709 uua
2308 670 2438 710 voce
2477 657 2800 721 concordes,
2843 658 2996 723 juxta
3035 672 3296 714 canonum
3339 663 3555 732 antiqua

1980 753 2269 812 praecepta,
2302 755 2543 800 sanctum
2589 746 2728 801 hunc
2767 747 3404 816 elegeruntAldhelmum
3432 770 3445 805 :
3470 755 3556 808 cui

1981 831 2084 887 hoc
2113 847 2454 902 summopere
2483 834 2894 904 suifragabatur,
2929 838 3068 906 quod
3099 849 3322 895 vocatus
3362 856 3558 898 renue-

1979 921 2100 986 bat,
2155 933 2413 978 attractus
2460 935 2714 994 quantum
2774 935 2985 993 poterat
3042 928 3342 983 resistebat.
3401 931 3559 987 Pater

1987 1011 2188 1080 quippe
2216 1012 2327 1067 Deo
2357 1014 2633 1080 amabilis,
2671 1029 2770 1069 nec
2811 1016 3102 1073 ambitione
3141 1027 3224 1074 est
3265 1029 3555 1086 attractus,

1982 1116 2080 1156 nec
2113 1103 2476 1159 inohedientia
2514 1108 2726 1160 tandem
2761 1117 3058 1176 retractus;
3103 1111 3196 1165 sed
3235 1112 3285 1166 in
3334 1121 3559 1182 utroque

1986 1193 2222 1247 servavit
2254 1195 2467 1249 modum
2489 1236 2505 1260 ,
2540 1196 2683 1250 nulla
2715 1196 2957 1254 bonitate
2985 1208 3208 1254 remota.
3245 1201 3385 1257 Vere
3409 1203 3462 1256 in
3493 1218 3559 1257 eo

1982 1285 2187 1355 fuerat,
2229 1288 2370 1356 quod
2411 1288 2701 1356 Apostolus
2743 1291 2980 1359 gentium
3021 1291 3310 1348 Timotheo
3349 1297 3558 1349 dixerat

1983 1378 2034 1431 in
2065 1377 2303 1446 Epistola
2337 1397 2348 1432 :
2385 1379 2594 1450 Oportet
2623 1381 2909 1452 episc0pum
2934 1384 3426 1450 irreprehensibilem
3452 1404 3558 1440 esse

1983 1470 2000 1536 (
2031 1468 2060 1522 1
2090 1469 2226 1522 Tim.
2261 1485 2348 1534 ιιι,
2376 1470 2409 1522 2
2432 1473 2473 1539 ).
2508 1472 2560 1526 ln
2592 1487 2695 1540 quo
2736 1488 2842 1527 uno
2881 1484 3150 1543 prtecepto
3190 1476 3258 1530 ab
3302 1479 3555 1543 Apostolo

1982 1559 2110 1614 dato
2138 1560 2317 1615 omnia
2349 1562 2730 1631 subsequentia
2760 1565 3126 1628 continentur,
3171 1567 3414 1634 quamvis
3456 1581 3551 1636 pro

1983 1650 2256 1708 intellccm
2284 1653 2492 1723 singula
2525 1667 2630 1706 non
2666 1655 3025 1708 nominentur.
3061 1654 3163 1709 lste
3207 1670 3462 1724 namque,
3496 1667 3554 1711 ut

293 1746 575 1815 superbia,
608 1745 752 1797 illius
796 1743 1063 1812 probitate
1091 1749 1271 1795 nostra
1305 1739 1600 1794 conteritur
1639 1738 1873 1806 pertina-
1907 1740 1954 1800 B
1981 1742 2048 1796 de
2086 1742 2244 1797 bonis
2285 1745 2517 1810 prmlatis
2547 1745 2620 1799 ait
2653 1753 2869 1799 sanctus
2899 1747 3215 1815 Gregorius,
3249 1747 3385 1801 sicut
3413 1763 3552 1816 pm-

293 1842 394 1893 cia.
426 1836 562 1902 Quid
597 1851 727 1890 vero
769 1848 910 1888 nunc
961 1848 1181 1902 agamus
1233 1832 1433 1896 nescio,
1462 1830 1562 1884 nisi
1609 1839 1669 1883 ut
1711 1829 1872 1882 corde

300 1943 433 1998 puro
488 1928 840 1996 deprecemur
896 1924 1060 1992 ipsius
1107 1923 1559 1987 misericordiam,
1611 1931 1874 1989 quatenus

301 2018 526 2074 devotus
545 2017 656 2072 suis
681 2016 927 2086 precibus
956 2015 1109 2069 nobis
1153 2015 1390 2083 placatus
1430 2013 1570 2068 Deus
1613 2009 1876 2065 concedat

297 2122 486 2179 portus
508 2117 563 2163 et
587 2110 783 2163 littora.
803 2127 820 2159 ι
854 2107 988 2160 Inito
1009 2122 1130 2161 mox
1153 2105 1400 2169 consilio,
1425 2111 1668 2157 sanctum
1700 2102 1875 2154 virum

296 2199 656 2256 consternatis
701 2198 969 2253 mentibus
1018 2195 1324 2265 suppliciter
1374 2201 1584 2262 rogant,
1615 2190 1752 2260 quod
1809 2189 1877 2242 ad

297 2307 397 2348 eos
429 2292 605 2346 venire
634 2291 819 2360 eisque
840 2304 996 2358 opem
1045 2287 1183 2344 ferre
1231 2287 1342 2341 suis
1393 2284 1725 2340 orationibus
1771 2297 1876 2336 non

300 2381 552 2448 diil‘erat,
605 2394 902 2448 eorumque
953 2379 1216 2447 inSpicere
1270 2376 1520 2444 scapham
1549 2414 1566 2442 ,
1597 2373 1880 2440 ofﬁcioque

296 2489 419 2542 suo,
450 2474 493 2528 si
517 2472 644 2543 quid
674 2472 800 2527 utile
821 2470 983 2524 fuerit
1004 2509 1020 2536 ,
1043 2469 1286 2536 accipere
1306 2481 1414 2521 non
1453 2472 1684 2521 recuset.
1730 2464 1880 2518 Tunc

302 2564 400 2620 Dei
429 2562 681 2627 famulus,
712 2575 819 2616 non
850 2559 1058 2614 illectus
1085 2556 1349 2627 promisso
1390 2555 1458 2610 ab
1514 2554 1578 2609 iis
1634 2568 1876 2616 munere,

301 2655 403 2710 sed
433 2654 552 2723 quia
583 2652 848 2706 charitate
875 2648 1163 2718 cogebatur
1208 2648 1272 2701 iis
1317 2654 1574 2715 praestare
1601 2644 1876 2708 auxilium,

304 2743 618 2814 sagenulam
647 2740 912 2808 ascendit,
937 2749 992 2796 et
1019 2753 1114 2794 eos
1138 2740 1392 2794 continuo
1421 2752 1528 2792 non
1564 2734 1881 2805 dedignatus

302 2834 513 2890 adivit:
546 2833 720 2888 statim
748 2839 924 2887 autem
970 2839 1027 2884 ut
1052 2839 1266 2884 sanctus
1296 2829 1386 2883 ille
1433 2826 1729 2882 naviculam
1786 2839 1882 2880 suo

303 2938 531 2994 corpore
547 2922 878 2993 ponderavit,
896 2921 1164 2976 turbatum
1186 2920 1330 2988 prius
1351 2932 1521 2984 mare,
1539 2916 1882 2986 tranquillum

304 3016 374 3076 ad
425 3013 785 3084 navigandum
837 3025 897 3067 se
955 3009 1202 3084 praebuit.
1264 3008 1355 3063 Sic
1408 3007 1574 3062 Deum
1619 3008 1674 3060 in
1726 3018 1882 3060 servo

1979 1842 2096 1888 erat
2123 1835 2177 1890 in
2212 1835 2432 1891 honoris
2463 1837 2730 1902 culmine,
2766 1837 2836 1891 ita
2866 1837 3206 1907 praecedebat
3234 1838 3334 1892 sibi
3367 1839 3552 1908 subje-

1979 1936 2099 1980 ctos
2148 1927 2200 1980 in
2250 1928 2490 1981 omnium
2541 1927 2836 1982 bonitatum
2879 1929 3247 1997 amplitudine.
3288 1929 3552 1998 Quidquid

1981 2021 2124 2073 enim
2157 2036 2250 2074 ore
2284 2021 2642 2088 praedicabat,
2677 2023 2823 2087 prius
2853 2037 3014 2090 opere
3043 2024 3159 2075 sine
3188 2024 3433 2078 elationis
3475 2035 3556 2077 tuo

1984 2121 2134 2161 more
2165 2107 2626 2175 praemonstrabat.
2660 2107 2758 2174 Qui
2789 2107 2914 2162 dum
2947 2110 3309 2180 episcopatum
3341 2127 3435 2182 per
3463 2129 3558 2166 an-

1985 2213 2085 2253 nos
2115 2207 2344 2268 quatuor
2373 2197 2817 2253 strenuosissime
2849 2200 3108 2263 rexisset,
3138 2202 3394 2270 episcopii
3436 2205 3555 2258 offi-

1983 2287 2070 2340 cio
2090 2325 2107 2353 ,
2139 2287 2487 2341 monasteriis
2508 2326 2522 2350 ,
2555 2301 2674 2356 qua:
2704 2287 3018 2355 providente
3063 2288 3238 2341 divina
3280 2290 3560 2346 clementia

1986 2384 2113 2432 ante
2144 2377 2196 2431 id
2227 2377 2386 2432 officii
2430 2379 2852 2446 gnbernaverat,
2899 2387 3077 2446 patres
3119 2393 3429 2448 praeponere
3471 2397 3563 2434 vo-

1987 2470 2104 2524 luit.
2145 2467 2411 2525 Caeterum
2457 2470 2545 2538 pia
2587 2470 3058 2541 congregationum
3102 2471 3416 2539 tnultizudo,
3463 2473 3562 2526 sub

1990 2559 2078 2627 pio
2127 2567 2276 2628 patre
2322 2559 2570 2615 victitans
2620 2560 2869 2626 feliciter,
2912 2561 3114 2629 respuit
3159 2575 3224 2614 eo
3273 2563 3563 2627 superstite

1986 2648 2151 2703 alium
2187 2658 2381 2718 przeter
2411 2664 2532 2705 eum
2566 2649 2762 2705 habere
2792 2660 3092 2719 patronum.
3128 2651 3275 2706 Tunc
3313 2652 3395 2705 vir
3434 2666 3565 2706 san-

1989 2747 2128 2809 ctus,
2158 2754 2344 2796 eorum
2377 2741 2809 2811 benignissimam
2829 2742 3180 2798 considerans
3209 2743 3565 2810 voluntatem.

1992 2831 2352 2902 pettenquue
2382 2833 2548 2888 alium
2569 2875 2583 2899 ,
2621 2835 2814 2889 timens
2841 2835 3044 2890 ordinis
3071 2835 3326 2891 collidere
3365 2838 3567 2891 stabili-

1995 2932 2190 2993 tatem,
2223 2925 2389 2980 abbas
2411 2966 2427 2992 ,
2457 2935 2518 2980 ut
2547 2929 2692 2996 prius
2723 2928 2925 2994 fuerat,
2959 2929 3022 2983 iis
3065 2931 3322 2984 remansit
3353 2948 3364 2982 :
3408 2941 3568 2999 atque

1994 3012 2086 3070 lna
2118 3029 2244 3085 rege
2271 3016 2642 3071 consentiente
2666 3057 2683 3083 ,
2728 3027 2781 3071 ct
2821 3018 3143 3087 coepiseOpo
3186 3018 3303 3088 ejus
3345 3019 3566 3075 Daniete

305 3105 576 3162 laudando
600 3105 811 3161 nautica
841 3102 1125 3159 multitudo
1154 3099 1374 3155 intravit
1404 3107 1614 3168 portum
1643 3112 1764 3154 cum
1795 3099 1884 3177 lue-

1996 3108 2350 3174 testiiieante,
2396 3124 2462 3163 ne
2510 3109 2704 3178 aliquis
2745 3085 3127 3164 ccclesiaSticae
3169 3085 3442 3179 dignitatis
3483 3111 3568 3166 vel

307 3199 440 3253 tilia.

379 3289 502 3344 Mox
527 3289 604 3345 illi
629 3287 863 3345 offerunt
887 3299 1076 3345 sancto
1105 3289 1350 3344 volumen
1372 3328 1385 3353 ,
1426 3287 1600 3342 Veteri
1632 3300 1695 3341 ac
1739 3286 1888 3340 Novo

308 3387 656 3444 Testamento
696 3391 1081 3452 compactum:
1126 3387 1344 3434 sanctus
1391 3393 1516 3433 vero
1562 3377 1886 3432 oblationem

309 3495 414 3534 non
464 3479 700 3550 respuit,
745 3486 800 3531 et
837 3490 1052 3531 suarum
1097 3488 1274 3529 rerum
1320 3471 1522 3541 majora
1562 3470 1628 3525 iis
1672 3483 1889 3524 munera

312 3569 540 3638 prmbuit
559 3614 573 3637 ,
612 3581 914 3640 quanquam
944 3566 1147 3620 nollent
1172 3581 1187 3630 ;
1219 3579 1285 3619 ue
1316 3563 1482 3633 (quod
1513 3561 1672 3632 absit)
1701 3561 1890 3631 aliquis

321 3660 640 3731 intelligeret
683 3667 860 3713 actum
902 3671 1023 3712 esse
1063 3656 1237 3726 pretio
1275 3656 1416 3724 quod
1447 3655 1510 3709 iis
1539 3668 1746 3708 summa
1773 3652 1889 3722 ejus

309 3755 611 3827 praebuerat
639 3753 878 3808 devotio.
903 3752 1019 3819 Quo
1049 3751 1186 3814 viso,
1215 3750 1331 3819 ejus
1362 3749 1612 3818 prostrati
1643 3747 1886 3816 pedibus,

309 3846 581 3914 rogabant
608 3853 668 3896 ut
692 3857 786 3897 eos
817 3843 926 3897 Deo
954 3841 1065 3896 suis
1097 3839 1345 3909 precibus
1382 3838 1806 3892 commendaret.
1847 3838 1890 3890 υ

311 3936 493 3991 virum
551 3934 816 3986 charitate
867 3933 1116 3986 refertum
1150 3971 1166 3998 ,
1225 3931 1426 4000 pietate
1483 3928 1743 3997 plenum!
1800 3927 1891 3996 qui

311 4029 454 4085 beati
499 4025 714 4081 Nicolai
759 4025 981 4095 vestigia
1023 4035 1233 4081 secutus
1262 4065 1278 4093 ,
1318 4035 1371 4079 et
1423 4032 1612 4076 nautas
1656 4013 1893 4089 periculo

312 4121 597 4184 liberavit,
638 4130 690 4174 et
725 4119 850 4188 quid
893 4121 1029 4174 Deus
1072 4128 1388 4189 operaretur
1425 4133 1519 4185 per
1561 4131 1690 4171 suos
1718 4115 1894 4170 adlmc

314 4214 373 4267 in
425 4227 585 4266 carne
634 4212 885 4281 degentes
939 4213 1160 4276 fideles,
1214 4210 1528 4278 alienigenis
1576 4207 1890 4262 declaravit.

315 4304 537 4359 Librum
575 4318 703 4358 vero
724 4343 741 4368 ,
773 4303 1028 4358 bonitatis
1056 4318 1158 4371 Ope
1188 4302 1506 4371 acquisitum
1528 4341 1542 4364 ,
1587 4299 1652 4352 ad
1696 4297 1895 4352 Meldu—

316 4411 480 4450 nense
505 4395 810 4450 coenobium
838 4395 1062 4461 detulit;
1093 4409 1248 4463 quem
1275 4393 1470 4447 ibidem
1501 4390 1696 4445 fratres
1720 4389 1894 4443 adhuc
1924 4427 1974 4485 Β

316 4490 576 4557 positum,
625 4487 695 4540 oh
743 4485 870 4540 tanti
923 4487 1019 4540 viri
1073 4486 1457 4549 reverentiam,
1509 4483 1671 4551 digne
1716 4490 1898 4535 custo-

317 4578 485 4632 diunt.
534 4577 592 4632 ln
643 4578 800 4647 hujus
852 4577 1113 4647 principio
1159 4576 1441 4631 anathema
1491 4577 1779 4642 scriptum,
1835 4586 1901 4625 ne

322 4673 432 4737 quis
459 4687 579 4727 eum
612 4671 740 4727 inde
769 4671 1030 4732 auferret.
1063 4671 1310 4725 vidimus.
1345 4670 1531 4740 ltaque
1561 4671 1640 4722 vir
1665 4668 1766 4722 iste
1791 4669 1900 4722 Deo

324 4761 508 4830 plenus
557 4763 610 4816 in
652 4762 844 4815 eodem
887 4763 1008 4816 loco
1047 4762 1178 4815 vixit
1217 4761 1382 4814 abbas
1418 4762 1680 4825 eximius,
1729 4760 1899 4813 donec

321 4869 418 4922 per
454 4854 777 4907 Berthwaldi
828 4869 1017 4907 manus
1061 4854 1494 4923 impositionem,
1535 4853 1792 4906 canonice
1834 4853 1899 4906 ad

317 4943 654 5012 a'piscOpatus
682 4943 923 4998 officium
974 4943 1168 4998 ductus
1221 4952 1344 5008 est,
1392 4943 1530 5011 quod
1575 4945 1675 4996 hoc
1713 4941 1901 4995 ordine

321 5033 401 5086 vel
434 5048 591 5087 causa
623 5043 837 5103 gestum
869 5043 972 5088 est.

390 5121 656 5190 Tempore
686 5121 914 5189 Osredi,
949 5125 1191 5192 prmclari
1225 5124 1516 5194 Anglorum
1549 5123 1717 5190 regis.
1760 5121 1903 5176 l‘led-

315 5212 424 5276 da,
472 5214 846 5269 sanctissimus
893 5215 1152 5282 antistes,
1195 5215 1347 5282 cujus
1383 5215 1542 5267 vitam
1580 5211 1903 5265 laudabilem

318 5302 466 5357 Beda
497 5305 821 5359 venerabilis
857 5306 1141 5374 presbyter
1169 5306 1220 5358 in
1251 5303 1476 5358 Historia
1511 5310 1692 5355 narrat
1728 5301 1903 5355 eccle-

313 5396 537 5450 siastica
562 5437 577 5460 ,
606 5395 894 5453 defunctus
925 5399 1063 5462 vita,
1099 5399 1377 5453 caelestem
1411 5393 1656 5463 migravit
1687 5393 1754 5446 ad
1787 5393 1900 5461 glo-

313 5487 483 5544 riam.
508 5488 670 5557 Cujus
690 5489 966 5557 parochia,
990 5505 1100 5559 pra:
1126 5491 1383 5544 circuitus
1411 5489 1490 5542 sui
1520 5487 1905 5554 magnitudine,

311 5581 444 5646 quia
492 5581 560 5634 ab
603 5595 710 5635 uno
752 5581 1036 5651 gubernari
1087 5598 1189 5635 non
1237 5589 1481 5649 poterat,
1512 5577 1909 5633 ecclesiastico-

312 5686 438 5724 rum
489 5684 696 5740 patrum
738 5689 1031 5746 regumque
1071 5674 1295 5730 consilio
1340 5673 1510 5728 divisa
1539 5680 1620 5726 est
1651 5671 1701 5725 in
1733 5670 1865 5728 duas
1894 5689 1905 5725 :

731 5769 1002 5830 PATROL.
1051 5766 1408 5830 LXXXIX.

1993 3201 2264 3256 saecularis
2291 3202 2536 3256 sublimis
2567 3203 2836 3270 potentiae,
2871 3202 3116 3258 abbatem
3136 3243 3151 3269 ,
3183 3212 3380 3272 praeter
3409 3220 3567 3274 quem

1992 3292 2077 3360 pia
2108 3295 2392 3348 conventio
2422 3291 2642 3348 fratrum
2665 3294 2916 3363 eligeret,
2944 3307 3142 3362 ponere
3172 3293 3419 3356 auderet,
3457 3295 3569 3362 pri.-

1992 3384 2242 3453 vilegium
2275 3387 2503 3440 sancivit
2542 3401 2661 3440 cum
2703 3387 3082 3450 anathemate,
3124 3385 3264 3454 quod
3307 3394 3489 3454 postea
3537 3403 3566 3439 ει

1995 3476 2157 3530 totius
2184 3477 2390 3545 Angliae
2439 3478 2642 3548 synodo
2663 3517 2679 3544 ,
2735 3492 2800 3532 eo
2830 3476 2880 3531 id
2926 3485 3139 3546 agente,
3174 3475 3480 3544 laudatum,
3513 3478 3564 3530 in

1992 3563 2350 3621 Meldunensis
2377 3568 2622 3623 ecclesiae
2651 3567 2885 3620 armario
2916 3566 3151 3634 reposuit
3180 3574 3387 3630 ratum;
3421 3566 3562 3634 quod

1992 3655 2153 3708 etiam
2182 3671 2352 3724 usque
2380 3655 2538 3710 hodie
2565 3658 2790 3710 habetur
2816 3673 2829 3719 ;
2854 3656 2947 3710 sed
2970 3696 2984 3719 ,
3017 3663 3074 3708 ut
3096 3655 3340 3721 superius
3367 3654 3564 3709 dictum

1993 3753 2071 3796 est
2091 3782 2104 3806 ,
2139 3745 2368 3812 peccatis
2399 3744 2856 3814 praepedientibus
2885 3753 2942 3797 et
2972 3743 3315 3810 prmlatorum
3357 3743 3567 3810 pigritia

1994 3839 2274 3908 ingruente
2299 3879 2312 3900 ,
2358 3836 2423 3888 ad
2471 3843 2683 3900 tempus
2721 3833 2876 3886 nobis
2916 3832 3124 3885 irritum
3156 3847 3276 3887 esse
3306 3832 3569 3888 noscitur.

1998 3929 2044 3981 Is
2075 3942 2205 3981 sane
2235 3925 2520 3994 impeditus
2553 3923 2714 3977 rebus
2757 3923 3134 3989 sarcularibus,
3166 3923 3218 3977 in
3251 3923 3525 3994 episcopio
3550 3966 3564 3988 ,

1998 4029 2055 4072 ut
2087 4032 2202 4072 mos
2232 4026 2314 4071 est
2341 4014 2578 4070 omnium
2614 4013 2711 4084 (uti
2740 4013 2807 4068 de
2837 4014 2897 4068 Β.
2929 4013 3154 4067 Martino
3177 4014 3570 4070 Turonensium

2002 4109 2229 4179 prtcsule
2258 4108 2524 4176 legitur),
2557 4106 2697 4159 haud
2731 4117 2918 4175 postea
2952 4113 3154 4159 tantum
3185 4107 3349 4160 valuit
3379 4107 3429 4159 in
3464 4108 3576 4160 vir—

1997 4200 2230 4264 tutibus,
2277 4207 2534 4267 quantum
2585 4196 2734 4264 prius
2775 4197 3005 4252 valebat.
3037 4195 3416 4251 Verumtamen
3462 4212 3576 4251 me.-

1999 4290 2100 4345 rito
2133 4291 2221 4344 ille
2252 4289 2629 4344 sanctissimus
2660 4297 2900 4354 vocatur,
2932 4302 3238 4356 quanquam
3266 4288 3441 4342 solitis
3472 4304 3578 4342 non

1999 4384 2234 4438 abundet
2273 4382 2596 4446 virtutibus;
2645 4380 2884 4450 quisquis
2927 4380 3116 4434 devote
3147 4381 3246 4434 sibi
3291 4395 3320 4433 a
3354 4381 3581 4435 Domino

2001 4476 2348 4529 commissum
2394 4472 2582 4540 implet
2625 4470 2858 4525 officium
2904 4469 2958 4523 in
3010 4469 3465 4539 omnibusgquud
3498 4469 3584 4522 hic

2002 4563 2130 4619 fecit
2160 4573 2310 4632 pater
2336 4561 2692 4630 justissimus.
2725 4559 2832 4614 Sed
2865 4560 2948 4614 his
2982 4559 3052 4614 ita
3097 4559 3280 4614 relatis
3305 4597 3321 4622 ,
3362 4560 3427 4613 ad
3467 4559 3584 4630 ejus

2000 4658 2290 4726 gloriosum
2319 4655 2521 4709 obitum
2553 4653 2889 4708 referendum
2919 4654 3222 4708 veniamus.
3386 4702 3439 4725 κη,

2076 4748 2132 4802 In
2173 4746 2444 4815 episcopio
2491 4745 2754 4815 siquidem
2796 4744 2878 4799 bis
2906 4745 3032 4799 bino
3069 4750 3290 4814 peracto
3320 4757 3578 4797 annorum

2003 4841 2227 4905 circulo,
2256 4839 2431 4894 carnis
2463 4839 2769 4892 inﬁrmitate
2789 4845 3060 4904 gravatus,
3087 4843 3342 4890 convocat
3365 4848 3578 4902 gregem

2007 4934 2410 4996 monachorum,
2443 4931 2762 4986 catholicum
2800 4929 3024 4992 clerum,
3070 4936 3124 4979 et
3167 4923 3337 4978 ferme
3366 4939 3582 4979 omnem

2009 5026 2264 5095 populum
2294 5041 2304 5076 :
2355 5023 2605 5093 pacisque
2648 5022 2903 5074 unitatem
2935 5029 2988 5072 et
3015 5017 3080 5069 ch
3101 5016 3287 5070 tritatis
3317 5015 3585 5087 vinculum

2011 5119 2330 5188 prmdicans,
2377 5116 2495 5170 sine
2533 5114 2721 5183 quibus
2752 5109 2890 5164 nulla
2935 5110 3047 5164 Deo
3096 5109 3265 5178 placet
3323 5111 3584 5178 Ecclesia,

2011 5210 2148 5263 sicut
2176 5209 2345 5261 bonus
2388 5213 2569 5273 pastor
2598 5214 2724 5255 oves
2751 5215 2874 5254 suas
2909 5200 3135 5255 Domino
3163 5201 3586 5257 commendavit.

2011 5299 2134 5353 Post
2163 5299 2276 5350 hanc
2302 5304 2450 5363 rogat
2499 5291 2782 5345 familiares
2829 5292 2930 5346 slbi
2984 5301 3036 5346 et
3086 5293 3189 5345 ﬁde
3243 5292 3585 5351 domesticos,

2010 5401 2272 5457 quatenus
2302 5387 2355 5438 iu
2385 5383 2630 5438 coenobio
2670 5382 3025 5448 alelduncosi,
3074 5383 3211 5451 quod
3243 5396 3349 5450 pra:
3379 5379 3587 5432 exteris

2013 5480 2293 5540 (illexerat,
2341 5476 2457 5544 ejus
2505 5478 2816 5530 humaretur
2861 5475 3255 5542 corpusculum.
3304 5471 3391 5526 Sic
3449 5467 3585 5521 facta

2018 5571 2125 5623 Deo
2154 5570 2308 5638 digna
2338 5567 2600 5631 oratione,
2631 5576 2684 5620 et
2712 5566 2907 5619 divinis
2938 5573 3174 5616 armatus
3211 5558 3585 5620 sacramentis,

2016 5665 2276 5735 gloriosus
2305 5663 2545 5732 migravit
2571 5675 2596 5712 a
2621 5659 2840 5718 saeculo:
2872 5670 3026 5727 quem
3050 5652 3269 5706 Michael
3299 5665 3414 5705 cum
3445 5659 3588 5714 ccetu

3107 5747 3143 5806 3
