4070 6182
488 309 556 367 ’15
1298 297 1355 352 S.
1400 289 1834 355 ALDHELMUS,
1879 285 2092 343 SClliRl

2197 282 2507 342 JRNENSIS
2547 279 2930 337 EPISCOPUQ.
3682 273 3750 329 76

480 416 722 485 suscepit
743 410 1003 480 angelico.
1032 408 1151 475 Quo
1174 406 1426 460 defuncto
1466 405 1521 456 in
1568 402 1796 470 Dunting
1825 399 1970 462 villa,
2002 396 2067 451 ad
2094 400 2145 457 Α
2173 409 2410 461 saurum,
2443 408 2637 462 corpus
2661 393 2864 446 scilicet
2888 390 3047 454 illius,
3072 398 3176 443 tam
3202 386 3409 457 magnis
3433 385 3750 442 adornatum

487 523 646 579 quam
675 518 772 573 pro
812 501 985 556 salute
1012 513 1198 554 eorum
1228 510 1371 564 quos
1398 496 1501 549 sub
1531 494 1624 548 Dei
1672 493 1839 547 tutela
1875 490 2066 560 guber-

474 600 651 657 nabat
686 600 1021 667 perrexerat,
1059 600 1116 645 ut
1165 592 1283 659 pius
1337 598 1518 657 pastor
1558 584 1875 655 parochiam
1918 597 2069 637 suam

472 686 817 746 circumiens
838 702 851 737 :
873 692 1097 751 utraque
1122 680 1466 748 congregatio
1487 678 1719 732 ﬁdelium
1734 676 1965 743 primum
1990 673 2073 727 in-

485 789 567 832 ter
605 789 666 829 se
698 773 948 829 modeste
978 778 1181 825 tantum
1228 769 1393 837 erepit
1422 768 1619 821 habere
1675 765 1916 831 ligitium,
1967 777 2072 830 quo

478 869 620 923 .tanti
652 865 864 936 patroni
892 876 1089 931 corpus
1114 860 1181 914 ad
1208 858 1576 930 sepeliendum
1600 865 1930 927 portaretur.
1966 852 2071 908 Sed

461 976 615 1028 mars
648 957 738 1013 illa
762 957 972 1012 ratione
1013 952 1289 1023 praevaluit
1314 952 1380 1005 ad
1408 965 1568 1019 quam
1599 949 1741 1003 idem
1773 962 1833 1000 se
1873 944 2075 1014 portari

464 1049 565 1103 ad
619 1046 992 1103 tumulandum
1037 1041 1315 1112 .prmcepit.
1366 1040 1422 1093 ln
1471 1039 1656 1093 eadem
1689 1035 1988 1103 verevilla,
2022 1036 2073 1087 in

492 1157 558 1196 eo
626 1141 832 1197 scilicet
896 1138 1016 1192 loco
1061 1151 1169 1205 quo
1225 1134 1346 1189 vitae
1396 1134 1555 1187 ﬁnem
1605 1133 1804 1187 fecerat
1839 1176 1853 1199 ,
1902 1132 2075 1200 lignea

494 1230 701 1299 capella
729 1235 1040 1283 constructa
1071 1227 1244 1278 fuerat
1266 1240 1280 1287 ;
1306 1224 1404 1278 sed
1443 1231 1565 1290 post
1592 1222 1711 1288 ejus
1741 1222 1946 1274 obitum
1975 1219 2077 1272 ibi-

456 1321 617 1375 «dum
646 1320 714 1373 de
736 1316 1007 1372 Glastonia
1049 1315 1266 1383 quidam
1310 1312 1594 1382 religiosus
1625 1310 1945 1374 monachus,
2000 1308 2077 1362 la-

462 1413 617 1480 ‘pide
638 1411 825 1475 inciso,
852 1407 1123 1478 quoddam
1163 1403 1292 1461 fecit
1325 1406 1619 1459 oratorium
1652 1422 1663 1455 :
1690 1402 1837 1472 quod
1868 1416 1987 1455 cum
2011 1400 2076 1455 ad

496 1501 636 1557 illius
664 1500 922 1557 honorem
958 1497 1191 1552 dedicari
1234 1495 1458 1561 faceret,
1488 1509 1622 1549 anus
1662 1495 1929 1563 quaedam,
1958 1507 2078 1562 quae

489 1589 665 1643 multo
694 1597 935 1655 tempore
964 1585 1180 1655 proprio
1208 1586 1410 1639 lumine
1438 1583 1622 1639 orbata
1673 1583 1868 1647 fuerat,
1922 1583 2079 1637 lumi-

494 1679 584 1734 nis
618 1678 817 1746 recepit
846 1677 1036 1740 visum,
1066 1685 1226 1744 atque
1268 1682 1326 1728 ttt
1364 1674 1647 1744 juvencnla
1678 1674 1840 1740 C(Bpil.
1870 1673 2071 1728 videre.

2170 487 2475 551 virtutibus,
2516 484 2679 538 levari
2723 481 2849 537 fecit
2877 482 2944 536 de
2989 479 3343 548 sarcophago,
3376 486 3429 531 et
3460 477 3512 530 in
3554 476 3746 531 locello

2172 576 2465 633 honoriﬁce
2504 573 2756 629 collocari
2805 580 3079 640 argenteo,
3129 569 3216 623 ubi
3246 576 3303 624 et
3335 568 3578 636 quaedam
3611 567 3753 621 illius

2172 681 2354 738 opera,
2384 667 2449 721 de
2487 665 2621 719 libro
2642 661 2869 725 scilicet,
2899 672 2949 715 et
2979 659 3147 722 trabe,
3174 666 3230 713 et
3250 670 3439 725 puero,
3469 666 3522 711 et
3551 657 3753 723 casula,

2174 759 2387 814 laminis
2413 754 2615 809 auratis
2646 754 2820 807 adhuc
2850 758 3106 818 apparent
3148 749 3444 817 inscttlpta..

2244 848 2577 917 Requievere
2624 854 2801 898 autem
2848 841 2990 894 illius
3034 841 3371 893 sanctissima
3420 852 3543 891 ossa
3576 836 3748 890 insu-

2177 941 2416 1011 pradicto
2463 939 2663 992 feretro
2719 948 2814 1003 per
2864 930 3125 1000 aliquanti
3192 928 3452 993 temporis
3499 928 3756 996 spatium,

2177 1043 2453 1101 quousque
2479 1036 2695 1082 sanctus
2718 1024 3051 1085 Dunstanus,
3075 1019 3262 1073 divina
3291 1014 3503 1071 favente
3525 1020 3754 1070 clemen-

2177 1123 2270 1186 tia,
2325 1117 2799 1186 archiprmsulatus
2834 1112 3273 1175 Cantuariorum,
3327 1110 3570 1176 suscepit
3620 1108 3760 1160 infu-

2180 1212 2309 1273 lam,
2342 1219 2395 1263 et
2422 1208 2693 1261 Danorum
2740 1218 2904 1272 super
2930 1203 3133 1271 Anglos
3171 1200 3352 1255 furere
3395 1199 3558 1265 C(Bpit
3602 1197 3760 1251 saevi-

2179 1302 2273 1354 tia.
2319 1298 2417 1364 Qui
2467 1295 2595 1350 tanti
2644 1294 2742 1348 viri
2790 1293 3013 1347 audiens
3060 1305 3222 1359 opera
3268 1297 3324 1342 et
3375 1287 3595 1356 perinde
3640 1287 3757 1354 ejus

2179 1389 2370 1443 crebra
2415 1398 2642 1441 cernens
2686 1383 2975 1447 miracula,
3032 1382 3196 1448 coepit
3237 1378 3395 1444 illud,
3443 1377 3758 1447 posthabitis

2179 1476 2412 1539 caeteris,
2455 1482 2679 1541 excepto
2706 1485 2804 1525 suo
2852 1472 2905 1524 in
2952 1483 3059 1538 quo
3106 1468 3512 1532 inthronisatns,
3541 1466 3760 1534 diligere

2179 1564 2505 1629 cmnobium,
2541 1562 2812 1629 multaque
2856 1557 3218 1614 ecclesiastico
3259 1570 3492 1624 congrua
3536 1556 3756 1608 servitio

2182 1658 2379 1714 ibidem
2410 1669 2608 1727 ponere
2637 1654 2705 1708 de
2747 1652 2907 1706 rebus
2935 1650 3192 1719 propriis,
3227 1663 3448 1717 quarum
3481 1647 3627 1717 plura
3664 1660 3757 1699 us-

504 1770 584 1827 Eo
612 1737 789 1824 autem
844 1737 1086 1836 tempore
1125 1737 1342 1820 sanctus
1364 1737 1668 1833 'nginus,
1712 1737 2080 1834 Vigorniensis
2110 1737 2158 1798 Β
2188 1765 2291 1822 que
2318 1748 2385 1803 ad
2416 1747 2467 1801 id
2497 1746 2751 1814 temporis
2784 1745 2838 1797 in
2869 1741 3116 1797 coenobio
3149 1740 3411 1794 habentur
3438 1755 3451 1789 ε
3486 1739 3537 1790 in
3565 1738 3757 1805 quibus

502 1857 754 1916 Ecclesia;
794 1856 1098 1926 episc0pns,
1132 1856 1213 1909 vir
1240 1853 1457 1922 quidem
1489 1863 1543 1908 et
1574 1854 1688 1923 ipse
1728 1854 1976 1909 doctrina
2023 1861 2079 1906 et

496 1963 664 2018 opere
720 1946 1146 2018 probatissimos,
1220 1945 1443 2000 Romam
1523 1959 1751 2014 pergens
1821 1942 2083 1997 orationis

503 2054 659 2094 causa
687 2054 807 2093 cum
840 2037 1155 2106 compedum
1185 2037 1420 2103 vinculo,
1446 2034 1632 2089 divino
1654 2033 1737 2104 (ut
1763 2034 1843 2087 fas
1864 2042 1952 2088 est
1973 2046 2084 2087 cre-

466 2131 654 2198 -dere)
685 2129 918 2183 monitus
945 2126 1204 2195 alloquio,
1240 2124 1549 2179 Heldunum
1582 2123 1778 2192 praesul
1822 2124 1988 2188 venit,
2028 2130 2083 2177 ut

501 2219 753 2274 defuncto
792 2214 1027 2287 pontifici
1053 2215 1296 2268 debitum
1324 2214 1570 2270 redderet
1597 2214 1935 2284 obsequium.
1968 2214 2087 2279 Quo

504 2307 798 2376 utdignnm
845 2305 1012 2360 fuerat
1062 2308 1344 2370 tumulato,
1402 2304 1500 2359 iter
1553 2306 1825 2372 inceptum
1879 2304 2088 2373 peregit

505 2398 726 2454 antistes
767 2398 857 2452 ille
897 2398 1285 2460 sanctissimus,
1338 2397 1628 2483 Romaeque
1674 2395 1853 2449 divina
1875 2397 2089 2450 virtute

504 2491 677 2543 soluta
710 2488 809 2542 fuit
837 2486 924 2542 illa
946 2496 1256 2542 catenarum
1287 2486 1692 2556 circnmligatio,
1728 2488 1867 2541 sicut
1896 2488 1949 2539 in
1973 2487 2088 2553 ejus

513 2582 640 2637 Vita:
670 2581 862 2652 legitur
887 2581 1175 2635 volumine.
1228 2580 1332 2635 lstc
1370 2594 1516 2643 vero,
1569 2576 1708 2646 apud
1759 2576 1923 2629 Deum
1974 2589 2087 2629 om-

482 2675 654 2728 nium
682 2673 1039 2728 invocantium
1069 2687 1127 2727 se
1155 2671 1467 2737 advocatus,
1504 2671 1707 2725 cretesti
1742 2670 1792 2723 in
1822 2668 1962 2722 solio
1990 2682 2085 2721 su-

478 2768 784 2833 «blitnatns,
834 2766 1083 2835 precibus
1109 2765 1339 2820 assithtis
1389 2764 1683 2833 supradicti
1729 2762 1829 2817 loci
1875 2774 2088 2831 gregem

480 2886 481 2889 η
511 2856 648 2926 regit
675 2853 775 2911 sibi
797 2855 989 2910 devoto
1016 2853 1284 2910 subditum
1308 2870 1322 2918 ;
1346 2852 1685 2923 plurimaque
1716 2865 1812 2920 per
1833 2865 1954 2903 eum
1988 2849 2090 2903 ibi-

502 2946 635 3002 dem
681 2954 1000 3015 prmstantnr
1051 2945 1331 3009 beneﬁcia,
1394 2944 1460 2997 ad
1508 2943 1651 2997 illius
1704 2940 1956 3007 tandem,
2006 2941 2092 2994 cui

2181 1845 2341 1900 etiam
2368 1840 2705 1896 anathemata
2730 1838 2893 1904 illius,
2930 1851 2997 1890 ne
3020 1836 3138 1903 quis
3161 1848 3223 1888 ea
3244 1830 3523 1887 elitninare
3554 1830 3619 1882 ad
3651 1831 3753 1882 Ec-

2182 1935 2362 1990 clesia:
2388 1933 2641 1988 damnum
2670 1930 2913 1991 auderet,
2945 1928 3164 1981 metrice
3202 1925 3455 1990 inscripta
3488 1922 3753 1973 videntur.

2185 2024 2243 2079 ln
2274 2021 2493 2091 organis
2536 2019 2763 2083 scilicet,
2789 2033 2906 2089 quat
2937 2018 3002 2070 ad
3035 2014 3167 2068 tanti
3197 2013 3359 2081 patris
3385 2012 3642 2063 honorent
3674 2024 3756 2061 ar-

2185 2114 2469 2184 chiprassnl
2496 2112 2747 2178 dederat,
2786 2114 2899 2163 haec
2918 2115 3050 2162 sunt
3076 2106 3238 2159 aeneis
3266 2102 3462 2157 litteris
3490 2100 3755 2169 assignata

2185 2206 2420 2265 carmina
2438 2227 2450 2261 ε

2248 2319 2443 2380 Organa
2466 2316 2527 2366 do
2545 2321 2711 2366 sancto
2734 2314 2907 2377 praesul
2930 2313 3210 2380 Dnnstanns
3230 2308 3450 2380 Adelmo,

2239 2374 2431 2432 Perdat
2446 2381 2528 2428 hic
2549 2374 2805 2437 aeternum,
2826 2380 2907 2439 qui
2934 2376 3035 2425 vult
3056 2377 3169 2422 hinc
3192 2374 3387 2432 toilere,
3413 2378 3634 2430 regnum.

2175 2482 2247 2537 'ln
2296 2481 2562 2552 hydriola,
2614 2494 2796 2549 quam,
2848 2489 2909 2533 ut
2954 2476 3215 2532 ministris
3263 2473 3448 2527 altaris
3493 2469 3761 2543 lympham

2190 2573 2471 2641 inrideret,
2519 2570 2764 2628 fabricari
2823 2570 3050 2629 fecerat.
3098 2568 3211 2623 haec
3246 2566 3489 2620 vidimus
3539 2562 3762 2618 metrica

2191 2667 2387 2735 scripta
2410 2683 2422 2717 :

2255 2778 2527 2839 Hydriolam
2551 2776 2671 2825 hanc
2692 2774 2821 2824 fundi
2846 2775 3061 2824 Dnnstan
3081 2774 3391 2839 mandaverat
3414 2771 3583 2821 archi-

2255 2833 2441 2890 l’rassul
2462 2848 2516 2889 ut
2538 2841 2587 2887 in
2612 2847 2709 2887 tem
2717 2840 2793 2898 pio
2806 2844 2995 2886 sanctos
3007 2838 3219 2885 serviret
3239 2833 3457 2883 Adi-tuto.

2197 2946 2251 3002 In
2310 2943 2649 3014 campattnla,
2701 2956 2821 3010 qua:
2873 2948 3057 2994 aurata
3116 2938 3167 2993 itt
3229 2935 3513 2992 refectorio
3576 2934 3765 3003 majori

512 3045 598 3094 est
628 3038 796 3092 honor
821 3047 873 3092 et
899 3036 1071 3107 gloria
1121 3050 1219 3105 per
1261 3034 1465 3088 inﬁnita
1506 3032 1700 3088 saecula
1746 3032 2084 3087 saeculorum.

2198 3052 2395 3092 mensae
2434 3035 2767 3103 prmeminet,
2801 3032 3029 3088 obriseis
3073 3032 3253 3102 ﬁguris
3294 3032 3393 3085 hoc
3444 3026 3764 3100 impressum

482 3134 704 3185 fAtucn.

1119 3222 1343 3278 CAPUT
1384 3221 1471 3276 IV.

490 3328 714 3410 ’Cnrpus
743 3332 904 3384 sancti
925 3331 1191 3410 ΔΑιιζιιρζηιὶ
1219 3333 1483 3410 elocutum,
1515 3343 1559 3386 et
1583 3342 1825 3410 (ιλςαηί-ιο
1860 3332 2086 3410 Πειραιῶ-

588 3416 655 3453 no
680 3402 731 3452 in
771 3402 966 3455 tumulo
1008 3402 1212 3469 lapiJeo
1240 3403 1565 3457 collocatum.
1599 3402 1894 3458 Pereuntia
1930 3403 2090 3457 Dani-

594 3487 676 3521 ra.
708 3470 761 3522 Μ
768 3470 961 3525 iracula
990 3472 1147 3542 facta.

566 3583 683 3640 "ilis
710 3584 869 3655 igitur
899 3586 998 3640 sub
1026 3587 1305 3653 brevitate,
1358 3587 1459 3641 etsi
1511 3585 1800 3651 rnsticiter,
1858 3598 1964 3639 non
2019 3594 2096 3638 ta-

524 3689 646 3729 men
690 3676 891 3744 absque
920 3675 996 3731 rei
1025 3676 1264 3739 vet'itate,
1295 3676 1362 3730 de
1402 3679 1507 3730 vita
1551 3675 1875 3731 sanctissimi
1932 3676 2097 3745 patris

516 3765 807 3835 Aldhelmi,
837 3766 1017 3837 inclyti
1057 3766 1384 3822 confessoris
1412 3777 1468 3822 et
1505 3768 1791 3822 orthodoxi
1826 3766 2095 3835 praesulis,

523 3857 815 3911 secundtun
845 3858 1015 3912 nostri
1058 3858 1313 3927 ingenioli
1356 3859 1667 3926 parvitatem
1696 3860 1794 3913 rite
1826 3869 2098 3911 transcur-

524 3944 622 4007 sis,
642 3944 725 3996 ad
748 3958 808 3997 ea
850 3957 972 4012 qute
1008 3960 1103 4012 per
1128 3961 1252 4000 eum
1297 3959 1416 4015 post
1456 3950 1595 4003 illius
1622 3949 1821 4004 obitum
1850 3949 2102 4002 Dominus

504 4033 580 4085 xin
611 4032 800 4087 eodem
825 4033 1072 4088 cmnobio
1101 4035 1350 4104 dignatus
1375 4045 1462 4090 est
1488 4038 1695 4105 operari
1727 4039 1981 4091 miracula
2011 4054 2103 4091 ve-

526 4124 756 4179 niamus.
790 4125 1103 4182 Tnmnlatus
1125 4128 1395 4197 siquidem
1441 4126 1492 4182 in
1532 4129 1759 4184 ecclesia
1794 4130 1958 4184 sancti
1990 4131 2101 4185 Mi-

528 4218 729 4273 chaelis
756 4219 1080 4289 archangeli,
1108 4220 1183 4273 illi
1209 4218 1449 4274 ecclesiae
1487 4235 1645 4288 quam
1695 4232 1848 4290 pater
1879 4220 2101 4275 fabrica~

529 4319 682 4365 verat
706 4311 975 4377 contigua,
1015 4311 1176 4380 jacuit
1209 4326 1377 4381 usque
1407 4312 1473 4366 ad
1516 4326 1727 4384 tempus
1756 4314 1947 4379 Edwii,
1993 4314 2105 4368 fra-

2200 3129 2427 3183 vidimns
2453 3145 2465 3181 :

2250 3244 2460 3307 Elysiam
2487 3243 2594 3307 ctuti
2622 3254 2873 3307 nunquam
2887 3239 3146 3307 contendat
3164 3240 3227 3285 ad
3241 3236 3431 3307 aulam,

2254 3299 2348 3366 QJi
2372 3308 2494 3355 ferat
2518 3305 2640 3352 hanc
2670 3299 2823 3352 nolam
2853 3300 3057 3349 Aldcluti
3081 3302 3144 3347 de
3166 3299 3286 3347 sede
3313 3299 3464 3347 beati.

2186 3390 2298 3445 Sed
2325 3398 2379 3443 et
2407 3389 2510 3442 alia
2539 3389 2609 3441 ibi
2642 3388 2810 3453 signa,
2848 3401 2965 3451 quae
2992 3399 3023 3436 a
3054 3385 3211 3436 beato
3234 3381 3509 3434 Dnnstano
3538 3378 3768 3448 quadra-

2195 3479 2347 3550 genis
2388 3477 2534 3532 libris
2574 3486 2752 3543 empta
2800 3473 2969 3527 fuere.
3014 3473 3169 3525 Plura
3208 3483 3420 3538 quoque
3456 3468 3602 3523 dedit
3642 3467 3767 3531 alia,

2197 3588 2314 3640 quin
2342 3585 2372 3625 a
2404 3568 2558 3626 nobis
2588 3568 2784 3621 idcirco
2807 3561 3417 3634 relinquunturintacta,
3455 3574 3522 3612 ne
3552 3557 3775 3610 audien-

2202 3663 2343 3718 tibus
2369 3671 2627 3730 generent
2656 3658 2884 3711 fastidia.

2272 3753 2536 3817 TempOre
2558 3764 2684 3805 vero
2706 3745 3038 3817 postmodum
3070 3743 3227 3811 hujus
3257 3737 3543 3795 reverendt
3566 3734 3776 3790 antisti-

2204 3845 2291 3910 tis,
2318 3858 2448 3915 geus
2494 3844 2760 3898 Danorunt
2793 3837 2991 3907 perﬁda
3021 3834 3239 3904 verique
3263 3832 3354 3886 Dei
3385 3831 3559 3884 adhuc
3586 3828 3776 3891 inscia,

2204 3954 2327 3993 cum
2377 3935 2711 3990 multitudine
2767 3934 3018 3987 classium
3065 3930 3295 3983 insulam
3337 3924 3531 3980 invasit
3561 3923 3776 3975 Britan-

2207 4032 2329 4085 nite.
2403 4028 2567 4094 Cujus
2608 4026 2815 4078 feritate
2865 4024 3021 4090 longe
3062 4019 3342 4088 perterrita
3382 4028 3513 4083 gens
3550 4011 3777 4079 Anglia,

2206 4122 2343 4175 sicut
2372 4116 2537 4171 moris
2564 4124 2646 4168 est
2680 4113 3004 4173 timentium,
3038 4124 3265 4162 summa:
3296 4104 3539 4160 'l‘rinitati
3569 4100 3781 4157 assidue

2202 4212 2398 4267 demta
2445 4216 2626 4261 mente
2674 4203 2942 4258 referebat
2990 4201 3366 4272 hyutnodiam,
3426 4208 3482 4251 ut
3528 4197 3782 4257 salvaret,

2209 4316 2341 4376 quos
2388 4300 2710 4363 redemerat,
2761 4297 3109 4366 persistentes
3150 4294 3200 4345 in
3251 4291 3354 4344 ﬁde
3400 4289 3683 4350 catholica,
3712 4285 3783 4340 de

531 4399 632 4453 "is
678 4398 874 4469 Edgari
906 4377 1067 4470 regis,
1114 4403 1201 4469 qui
1248 4377 1371 4457 ante
1403 4377 1666 4474 Edgarnm
1716 4377 1954 4460 infamias
1998 4419 2107 4458 sum
2138 4429 2190 4491 D
2216 4395 2375 4450 nimia
2403 4390 2721 4446 crudelitate
2750 4386 3131 4447 barbarorum;
3162 4387 3215 4434 et
3247 4388 3551 4435 sanctorum
3583 4377 3694 4430 suis
3727 4377 3779 4429 in

531 4489 742 4558 ignavia
773 4506 866 4560 per
887 4490 1043 4545 devia
1068 4507 1291 4561 qumque
1322 4492 1593 4562 incedens,
1622 4494 1929 4564 nullinsque
1953 4495 2105 4564 probi

533 4581 630 4635 viri
657 4582 881 4636 consilio
909 4582 1108 4650 fruens,
1142 4593 1193 4637 et
1222 4598 1445 4652 regnum
1476 4584 1785 4653 dissipando
1825 4587 2025 4652 divisit,
2054 4595 2110 4640 et

530 4672 881 4726 ecclesiarum
926 4673 1064 4727 bona
1110 4675 1376 4728 intestinis
1422 4676 1761 4743 prtedonibus
1810 4676 2106 4731 distribuit.

534 4759 639 4815 Iste
667 4775 874 4829 quoque
902 4763 1196 4817 cmtmbitas
1234 4763 1517 4834 religiosos
1563 4764 1842 4833 utriusque
1882 4779 2043 4820 sexus
2078 4778 2108 4817 a

528 4851 818 4907 dominicis
857 4853 1083 4913 ovilibus
1114 4857 1434 4924 segregavit,
1484 4866 1537 4909 et
1585 4855 1921 4909 lascivientes
1946 4854 2109 4923 gula:-

533 4955 637 5009 que
667 4940 933 4998 illecebris
982 4946 1297 5010 servientes,
1349 4944 1794 5015 pbilargyrimque
1838 4943 2108 4998 inhianter

537 5030 681 5083 lucra
710 5042 1001 5097 sectantes,
1030 5049 1134 5088 non
1162 5050 1341 5089 mores
1369 5037 1656 5091 canonicos
1692 5048 1747 5090 ut
1777 5039 1999 5090 decoret
2028 5036 2110 5088 di-

542 5123 786 5192 ligentes,
836 5125 929 5179 setl
956 5128 1235 5183 stecularia
1264 5128 1529 5184 desideria
1562 5131 1786 5198 turpiter
1832 5129 2115 5198 impuden-

538 5225 727 5284 terque
748 5216 1041 5285 cupientes,
1068 5222 1346 5291 utriusque
1370 5223 1585 5292 generis
1613 5222 1840 5277 clericos
1866 5224 1917 5275 iu
1944 5222 2114 5275 eccle-

538 5306 620 5367 sia
679 5307 983 5364 collocavit.
1041 5311 1286 5369 Misertus
1342 5325 1518 5369 tamen
1567 5315 1907 5384 omnipotens
1974 5314 2115 5369 Deus

540 5401 872 5458 Meldunensi
917 5406 1188 5475 coenobio,
1232 5408 1316 5476 qui
1373 5410 1643 5462 lucernam
1695 5422 1843 5462 suam
1889 5422 1993 5460 non
2024 5408 2115 5461 diu

538 5490 710 5547 latere
752 5493 852 5548 sub
882 5496 1084 5561 modio,
1131 5498 1224 5551 sed
1268 5507 1325 5551 ut
1369 5497 1571 5550 luceret
1614 5499 1883 5564 omnibus,
1911 5499 2117 5566 erigere

543 5583 713 5643 vetuit
731 5602 891 5657 super
914 5591 1317 5659 candelabrum;
1353 5607 1448 5662 per
1472 5590 1698 5648 clericos
1720 5602 1847 5648 tunc
1872 5592 1941 5648 ibi
1966 5608 2117 5649 com-

545 5692 837 5749 morantes,
868 5688 1179 5756 supradictis
1214 5699 1389 5743 tamen
1415 5686 1721 5755 dissimiles,
1752 5696 1954 5742 tantum
1998 5688 2112 5741 the-

2214 4487 2344 4543 locis
2375 4484 2590 4538 immota
2621 4488 2864 4534 servaret
2892 4478 3042 4531 beata
3073 4487 3318 4542 corpora,
3346 4486 3573 4540 quorum
3602 4469 3779 4537 preci-

2214 4579 2313 4633 bus
2352 4575 2504 4647 plebs
2549 4570 2731 4640 adjuta
2777 4567 2975 4629 fidelis,
3018 4565 3241 4633 eiusque
3288 4559 3508 4629 imperio
3542 4559 3783 4624 subdita,

2213 4669 2512 4725 crudelium
2545 4663 2772 4717 hostium
2804 4656 3122 4713 calamitatis
3149 4654 3414 4710 sarcinam
3446 4658 3627 4720 posset
3653 4664 3780 4704 eva.

2213 4760 2364 4814 dere.
2396 4756 2545 4811 Tunc
2573 4751 2905 4819 supradictus
2937 4745 3193 4815 pontifex,
3221 4743 3524 4812 iniquorum
3556 4742 3784 4796 hostium

2217 4862 2549 4919 cognoscens
2599 4842 3026 4914 perversitatem,
3073 4846 3130 4893 et
3172 4837 3225 4891 in
3272 4835 3537 4890 charioris
3586 4831 3785 4887 metaLli

2220 4940 2398 5010 Specie
2427 4951 2608 4993 eorum
2639 4948 2883 5004 spurcam
2916 4930 3156 4999 cogitans
3195 4926 3532 4990 aviditatem,
3567 4925 3785 4978 timens-

2219 5046 2323 5101 que
2368 5044 2436 5083 ne
2483 5030 2600 5081 auri
2647 5024 2923 5092 argentive
2960 5023 3010 5073 in
3060 5020 3255 5073 feretro
3301 5014 3581 5072 existentis
3624 5011 3787 5067 illecti

2221 5134 2423 5183 amore,
2449 5118 2578 5171 tanti
2608 5115 2774 5183 patris
2803 5111 3051 5181 reliquias
3074 5110 3290 5180 pollutis
3316 5106 3557 5163 manibus
3580 5104 3791 5158 contiu-

2221 5218 2428 5283 gereut.
2477 5220 2530 5263 et
2578 5214 2829 5262 tractatas
2881 5204 3021 5258 foede
3068 5202 3220 5270 pejus
3269 5201 3653 5266 relinquerent,
3707 5192 3787 5246 vel

2223 5302 2388 5374 (quod
2418 5299 2575 5370 absit)
2631 5299 2677 5352 si
2710 5297 2949 5352 ecclesiae
3002 5304 3224 5348 ornatus
3276 5292 3545 5353 tollerent,
3583 5295 3787 5341 tantum

2224 5400 2528 5450 thesaurum
2557 5391 2751 5447 alicubi
2804 5388 3150 5458 projicerent,
3180 5384 3571 5439 sanctissimum
3602 5393 3794 5451 corpus

2220 5498 2531 5547 reverenter
2565 5484 2724 5539 traxit
2762 5483 2832 5537 de
2876 5484 3096 5547 feretro,
3139 5488 3193 5534 et
3238 5478 3290 5533 in
3336 5480 3534 5533 tumulo
3578 5476 3785 5545 lapideo

2217 5589 2406 5645 sericis
2457 5578 2856 5639 linteaminibus
2920 5576 3212 5631 involutum
3276 5570 3577 5625 collocavit.
3648 5567 3794 5624 llanc

2223 5690 2397 5736 autem
2442 5673 2844 5731 translationem
2897 5680 2973 5737 et,
3026 5668 3284 5725 utvcrius
3330 5665 3526 5731 dicam,
3576 5664 3782 5719 ﬁdelem
