4068 6182
292 317 348 371 Π
962 258 965 261 Ι
1288 305 1441 363 VITA
1484 306 1540 360 S.
1574 291 1922 356 ALDllELMI
1968 291 2241 353 FARICIO
2272 297 2614 363 ACCTORE,
2854 338 2863 343 -
3488 308 3554 362 τε

286 433 701 491 absconsionem
756 428 926 483 sancti
984 427 1246 493 corporis,
1302 426 1425 482 fecit
1483 421 1641 477 tertio
1700 430 1869 474 nonas
1897 410 1946 467 Α
1976 413 2231 480 pra‘misit
2273 430 2365 484 per
2404 418 2652 473 civitates
2691 428 2811 474 ante
2859 424 3249 487 prasdicationls
3295 438 3405 483 suae
3452 430 3548 485 ad.

291 528 445 595 Maii,
479 534 532 578 ut
564 523 729 577 multa
765 527 1026 573 testantur
1056 516 1449 587 Martyrologia.
1486 514 1865 568 Verumtamen

284 617 433 672 Deus
463 624 645 670 custos
678 608 913 664 fidelium
940 608 1039 661 hoc
1069 608 1358 675 'peccatrici
1383 606 1527 675 genti
1559 602 1739 657 intulit
1773 601 1875 654 im-

284 706 617 783 properium,
662 715 759 769 per
804 698 884 751 sui
935 698 1076 752 servi
1120 697 1257 751 beati
1289 694 1555 751 Aldhelmi
1594 693 1869 748 meritum.

282 792 424 850 Cum
453 808 551 863 per
580 792 742 846 totius
768 788 975 858 Anglia:
1016 790 1284 858 regionem
1314 787 1583 841 exercitus
1614 783 1873 840 nefando-

288 902 408 942 rum
438 886 537 938 hac
566 883 793 951 illacque
822 880 1170 943 discurreret,
1197 876 1406 933 tandem
1434 878 1499 931 ad
1528 876 1874 933 Meldunense

282 976 597 1035 coenobium
654 969 922 1041 pervenit,
956 968 1042 1024 ubi
1089 968 1389 1038 indigenam
1422 969 1708 1038 populum,
1742 964 1873 1021 tanti

286 1067 556 1135 pontiﬁcis
585 1060 907 1119 defensiOne
951 1061 1329 1126 conﬁdentem,
1358 1062 1472 1115 auri
1502 1061 1711 1128 c0piam
1769 1059 1869 1113 de-

284 1158 473 1215 tulisse
501 1155 801 1209 audiverat.
840 1149 961 1216 Qui,
997 1159 1053 1207 ut
1082 1150 1333 1205 frendens
1360 1151 1447 1205 leo
1474 1165 1568 1219 per
1597 1150 1867 1203 desertum

283 1246 571 1313 discurrit,
606 1246 805 1301 nullius
840 1246 963 1301 ferte
992 1246 1183 1299 timens
1210 1258 1514 1308 occursum,
1544 1257 1720 1295 crocus
1749 1256 1871 1294 esu-

283 1340 385 1397 riei
442 1340 659 1402 ardore,
690 1347 894 1391 tantum
926 1336 1118 1407 quaerit
1146 1336 1272 1406 quid
1317 1335 1559 1401 devoret,
1590 1331 1871 1387 ecclesiam

285 1430 510 1500 irrupit,
561 1445 624 1484 ac
667 1444 831 1498 usque
868 1427 933 1482 ad
975 1436 1160 1482 sancta
1190 1436 1494 1481 sanctorum
1530 1437 1753 1478 vesanus
1779 1436 1872 1474 ac-

286 1525 478 1580 cessit.
520 1524 639 1578 Mox
685 1530 743 1576 ut
783 1521 992 1575 illorum
1023 1521 1263 1590 quidam,
1293 1529 1512 1587 accepto
1542 1530 1758 1578 arcano,
1793 1513 1871 1566 la-

290 1617 444 1685 pillos
474 1614 673 1683 cupivit
710 1613 979 1683 pretiosos
1011 1611 1223 1666 trahere
1250 1626 1280 1665 e
1312 1611 1529 1673 feretro,
1565 1605 1765 1660 amisso
1792 1604 1873 1657 lu-

288 1708 432 1763 mine
456 1708 636 1760 divina
666 1704 872 1760 ultione
900 1703 1156 1757 continuo
1185 1700 1380 1755 cecidit
1407 1699 1458 1753 in
1487 1698 1868 1767 pavimentum.

1980 513 2215 569 ventum,
2264 506 2384 573 quia
2415 514 2574 561 tanta:
2620 510 3008 577 persecutionis
3044 522 3207 570 aestus
3252 515 3547 589 ingruerat,

1981 598 2117 664 quod
2148 599 2272 653 nulli
2305 615 2490 654 eorum
2524 601 2670 655 licuit
2700 602 2898 657 chartis
2924 608 3301 661 commendare
3331 618 3547 665 actuum

1978 699 2162 744 eorum
2190 692 2485 755 sequentia.
2520 694 2669 762 Apud
2700 694 2863 749 Deum
2897 702 3073 749 tamen
3102 710 3288 753 eorum
3322 710 3426 754 non
3459 701 3555 758 mi-

1980 790 2080 833 nus
2120 789 2294 835 exstat
2322 784 2593 850 meritum,
2648 796 2737 839 aut
2768 787 2906 841 inter
2954 787 3199 844 homines
3240 792 3553 863 auctoritas,

1977 873 2098 938 quia
2126 875 2433 943 frequenter
2458 878 2642 933 vident
2694 893 2811 948 quae
2852 895 2945 948 per
2966 894 3060 935 eos
3105 879 3243 937 Dens
3269 885 3555 943 ostendere

1978 962 2226 1029 dignatur
2257 966 2396 1019 haud
2429 968 2646 1022 minima
2687 970 2848 1037 facta,
2895 986 2991 1041 pro
3034 973 3225 1042 quibus
3264 976 3409 1043 prius
3448 992 3554 1037 non

1977 1057 2173 1125 scripta
2207 1058 2348 1111 ﬁdeli
2380 1060 2542 1114 corde
2589 1063 2886 1117 retinentur
2913 1064 3029 1119 sine
3058 1065 3406 1138 ambiguitate
3437 1077 3551 1124 tra-

1977 1146 2107 1203 dita.
2156 1150 2219 1203 Et
2248 1152 2365 1219 quia
2412 1154 2771 1208 accedendum
2802 1165 2883 1209 est
2910 1156 2977 1210 ad
3007 1158 3157 1211 istius
3176 1159 3346 1213 sancti
3377 1159 3539 1229 facta,

1977 1239 2402 1305 supradictorum
2458 1245 2640 1312 utique
2693 1261 3022 1314 nequaquam
3071 1248 3328 1315 minima,
3378 1264 3551 1318 quan-

1976 1342 2133 1396 quam
2163 1344 2191 1379 a
2227 1329 2335 1384 Deo
2383 1343 2500 1398 post
2532 1334 2816 1387 multorum
2860 1335 2968 1389 sint
3023 1347 3235 1391 ostensa
3284 1355 3544 1396 annorum

1977 1421 2259 1485 curricula,
2301 1422 2367 1476 de
2392 1424 2561 1477 isthac
2594 1441 2650 1478 re
2702 1441 2837 1480 nunc
2890 1429 2987 1480 ista
3023 1428 3074 1481 in
3102 1431 3348 1497 prtesenti
3398 1430 3548 1487 sufﬁ-

1976 1510 2138 1565 ciant.

2051 1602 2317 1671 Tempore
2345 1605 2510 1659 multo
2547 1617 2823 1675 postquam
2849 1608 3115 1663 Danorum
3144 1618 3301 1676 atque
3322 1608 3538 1667 Norwa-

1977 1695 2217 1761 gensium
2248 1697 2607 1753 crudelissimi
2637 1714 2791 1768 reges
2826 1700 3173 1757 devastavere
3206 1702 3548 1773 Britanniam,

287 1796 439 1853 Tunc
466 1795 718 1851 emenlali
760 1794 944 1846 hostes
976 1792 1153 1846 c-‘Eleri
1177 1831 1191 1854 ν
1222 1790 1403 1844 0mnia
1438 1803 1555 1857 (ιυαθ
1599 1786 1650 1840 in
1682 1798 1864 1838 "Iona-
1900 1773 1951 1833 Β
1982 1791 2284 1854 nonnullas,
2324 1799 2378 1842 ut
2408 1791 2573 1845 moris
2605 1800 2687 1845 est
2736 1792 3085 1846 barbarorum
3140 1793 3394 1860 hostium,
3438 1794 3552 1862 pul-

290 1886 455 1941 Sterio
484 1892 659 1949 erant,
702 1895 1004 1951 quanquam
1050 1879 1318 1943 nolentes,
1366 1879 1605 1932 fecerunt
1641 1872 1874 1941 relinqui

293 1975 553 2047 (exceptis
580 1975 663 2028 his
691 1990 813 2042 qua:
855 1972 1006 2041 plebs
1039 1985 1274 2041 provaga
1300 1969 1409 2041 jam
1442 1969 1494 2022 in
1523 1967 1757 2022 ofﬁcinis
1784 1980 1873 2019 ac-

290 2069 559 2136 ceperat),
606 2074 766 2134 atque
808 2064 944 2118 viam
991 2063 1262 2117 inbianter
1309 2059 1517 2130 profugi
1566 2050 1871 2125 arripuere.

288 2160 379 2214 Sic
417 2158 609 2228 quippe
633 2157 775 2211 Deus
807 2158 985 2211 locum
1019 2155 1163 2209 illum
1195 2154 1441 2209 liberavit
1470 2169 1499 2206 a
1532 2151 1680 2206 rabie
1726 2149 1871 2205 frau-

291 2247 538 2302 datorum
568 2261 730 2316 prece
759 2246 840 2298 sui
872 2243 1055 2298 famuli
1091 2260 1105 2297 :
1134 2244 1312 2315 magni
1356 2243 1497 2295 enim
1532 2240 1675 2309 apud
1708 2240 1871 2294 Deum

290 2345 464 2392 exstat
492 2337 594 2390 iste
628 2344 845 2391 sanctus
874 2332 1073 2399 meriti,
1102 2334 1189 2402 qui
1225 2338 1303 2401 (ut
1333 2328 1588 2400 diximus)
1618 2328 1873 2397 populum

289 2425 393 2480 sibi
420 2426 647 2480 charum
678 2440 705 2477 a
741 2425 934 2479 timore
961 2424 1091 2478 tanti
1122 2421 1261 2478 eruit
1291 2421 1536 2490 periculi.
1574 2419 1724 2473 llunc
1746 2431 1875 2484 ergo

288 2527 346 2573 et
375 2533 473 2573 nos
511 2525 662 2573 casto
692 2517 857 2573 corde
879 2559 893 2584 ,
948 2515 1132 2585 pronis
1174 2527 1389 2584 quoque
1419 2523 1702 2567 exoremus
1726 2509 1872 2563 voci-

289 2610 416 2676 bus,
449 2619 713 2681 quatenus
742 2622 838 2661 nos
878 2607 1123 2677 indignos
1168 2606 1275 2659 vita
1305 2613 1358 2660 et
1386 2603 1644 2670 moribus,
1676 2616 1707 2656 a
1742 2613 1873 2669 pec-

288 2698 435 2753 catis
463 2708 806 2767 expurgatus,
839 2696 979 2766 apud
1019 2696 1186 2754 Deum
1221 2702 1400 2749 mente
1445 2693 1731 2756 exaltatos,
1762 2689 1875 2745 suis

291 2787 492 2843 reddat
521 2787 780 2857 precibus,
809 2802 914 2856 quo
943 2801 1066 2841 cum
1097 2799 1161 2840 eo
1191 2793 1312 2854 post
1340 2784 1476 2838 hanc
1504 2784 1666 2838 vitam
1700 2780 1872 2851 potia-

292 2896 421 2936 tnur
465 2880 669 2946 caelica,
702 2866 890 2934 Natum
938 2876 1169 2933 videndo
1212 2876 1401 2931 sedere
1449 2875 1622 2930 Patris
1652 2872 1718 2927 ad
1747 2870 1875 2927 dex-

288 2982 457 3037 tram,
490 2973 572 3027 cui
614 2972 683 3025 sit
715 2972 918 3037 virtus,
953 2971 1125 3023 honor
1153 2979 1207 3025 et
1235 2969 1400 3038 gloria
1429 2982 1549 3022 cum
1580 2965 1876 3021 Pneumate

287 3072 483 3119 sancto
512 3078 607 3133 per
636 3063 898 3117 immensa
932 3062 1148 3116 scecula.

1979 1881 2221 1935 chriores
2267 1881 2470 1936 duxere
2517 1883 2875 1949 virgunculas.
2932 1882 3074 1939 Inter
3124 1900 3258 1954 quas
3307 1886 3551 1955 qumdam

1980 1971 2138 2023 valde
2169 1970 2382 2034 nobilis,
2417 1971 2714 2039 ilclphildis
2739 1975 2974 2040 nomine,
3004 1990 3123 2029 cum
3153 1978 3362 2045 captiva
3389 1976 3553 2032 duce-

1984 2071 2154 2127 retur,
2203 2060 2414 2115 cuidam
2444 2064 2725 2129 primatum
2760 2065 3168 2131 pulchritudinis
3214 2082 3369 2121 causa
3399 2069 3555 2123 valde

1981 2150 2341 2216 Complacuit:
2386 2152 2475 2219 qui
2508 2151 2694 2220 legale,
2726 2153 2866 2222 quod
2914 2155 3058 2223 prius
3099 2156 3356 2211 habuerat
3406 2157 3550 2226 juxta

1982 2241 2157 2309 gentis
2186 2255 2298 2296 suae
2328 2255 2555 2308 morem,
2587 2241 2882 2297 destituens
2911 2244 3237 2315 conjugium,
3281 2247 3405 2302 dum
3450 2248 3557 2304 hac

1983 2331 2123 2386 forte
2151 2340 2391 2386 uteretur
2441 2332 2758 2399 concubina,
2810 2343 2982 2388 morte
3034 2337 3438 2403 superveniente
3464 2338 3561 2393 de-

1982 2421 2195 2477 functus
2225 2432 2329 2477 est.
2379 2421 2503 2477 Haec
2534 2437 2662 2478 vero
2688 2424 2872 2477 orbata
2903 2413 3045 2478 illius
3072 2424 3312 2486 consilio,
3346 2440 3556 2481 remane

1981 2512 2048 2566 sit
2077 2511 2216 2566 inter
2242 2512 2570 2582 alienigenas
2608 2513 2801 2575 media,
2852 2514 2931 2569 Ad
2970 2530 3126 2582 quam
3178 2516 3441 2570 Danorum
3469 2532 3554 2571 ar-

1982 2604 2360 2670 chimandrita,
2392 2604 2617 2674 cupiens
2639 2605 2777 2673 quod
2806 2605 3149 2674 subsequitur
3167 2604 3404 2671 efﬁcere,
3431 2608 3557 2676 quia

1980 2694 2196 2749 carebat
2224 2695 2430 2760 liberis,
2464 2694 2564 2749 etsi
2593 2709 2760 2748 uxore
2775 2695 3079 2762 superstite,
3109 2710 3213 2750 una
3241 2704 3446 2750 tantum
3473 2699 3556 2752 in-

1980 2797 2197 2856 gressus
2226 2793 2402 2850 nocte,
2453 2786 2638 2853 genuit
2670 2784 2857 2838 lilium.
2908 2783 3024 2851 Quo
3047 2784 3286 2855 cognito,
3331 2800 3421 2841 rex
3449 2785 3561 2854 pie-

1983 2884 2093 2929 tate
2142 2885 2336 2941 motus,
2387 2875 2509 2945 quia
2540 2874 2750 2929 advena
2790 2883 2907 2930 erat
2936 2916 2950 2939 ,
2992 2884 3046 2929 et
3074 2889 3257 2930 amore
3301 2876 3560 2945 genitura:

1982 2983 2141 3036 quam
2173 2967 2226 3021 in
2274 2980 2333 3021 ea
2366 2966 2562 3020 fecerat
2590 2966 2820 3031 illectus,
2867 2975 2924 3019 ut
2955 2979 3070 3021 eam
3102 2976 3356 3032 servaret,
3391 2975 3555 3036 utque

1984 3060 2285 3113 necessaria
2318 3060 2364 3113 ei
2400 3059 2675 3122 tribueret,
2702 3058 2881 3112 uxoris
2922 3057 3052 3111 iram
3105 3067 3262 3112 caute
3292 3070 3556 3123 metuens,

368 3151 493 3207 Post
514 3119 638 3206 'hzec
677 3151 948 3206 Danorum
977 3159 1289 3218 conventus,
1339 3149 1446 3203 Deo
1487 3148 1722 3214 odibilis,
1772 3147 1873 3201 int-
1903 3119 1950 3181 (ἶ
1990 3147 2200 3203 cuidam
2245 3150 2410 3203 Deum
2442 3150 2653 3205 timenti
2684 3148 3080 3204 commendavit
3109 3149 3379 3219 episcopo,
3413 3150 3500 3218 qui
3532 3164 3560 3202 a

292 3243 556 3299 manitate
585 3243 880 3308 scelerum,
912 3250 965 3295 et
992 3239 1312 3295 Christianae
1362 3240 1483 3295 fidei
1509 3241 1881 3305 evacuatione,

289 3340 419 3403 post
464 3333 638 3385 varios
666 3342 890 3387 eventus
918 3331 1183 3385 bellorum
1232 3332 1285 3384 in
1315 3330 1546 3385 diversis
1575 3332 1728 3395 locis,
1761 3340 1884 3399 post

287 3424 640 3479 castellorum
682 3422 1100 3477 destructionem
1134 3436 1197 3474 ac
1228 3420 1516 3475 multarum
1543 3421 1878 3475 eversionem

292 3513 533 3577 urbium,
594 3511 737 3565 omni
771 3511 1006 3580 undique
1040 3511 1176 3564 ultra
1225 3511 1441 3565 modum
1490 3512 1766 3566 devastata
1801 3526 1883 3567 re-

290 3605 479 3674 gione,
521 3603 783 3655 tolerante
822 3601 954 3667 Deo,
1004 3601 1069 3655 ad
1110 3610 1320 3671 tempus
1347 3616 1567 3670 regnum
1618 3602 1799 3656 habuit
1826 3602 1878 3656 in

290 3710 393 3750 sua
426 3708 677 3763 perversa
698 3693 919 3746 ditione.
970 3692 1082 3760 Qua
1114 3708 1173 3747 re
1217 3692 1413 3748 attritis
1454 3692 1879 3747 orthodoxitatis

288 3784 626 3847 cultoribus,
674 3783 1018 3837 mendicitate
1058 3798 1215 3852 opum
1256 3798 1649 3854 corporumque
1697 3784 1879 3839 multis

285 3872 758 3937 tribulationibus,
790 3872 988 3939 templa
1020 3887 1122 3925 non
1156 3873 1629 3940 frequentabantur
1654 3877 1881 3931 assuetis

288 3959 639 4031 ingressibus
667 3961 922 4023 ﬁdelium,
974 3975 1072 4014 nec
1114 3964 1496 4017 monachorum
1547 3965 1633 4018 vel
1685 3967 1883 4020 sancti-

288 4052 615 4109 monialium
670 4050 906 4104 ﬁdelium
958 4059 1128 4103 turma
1189 4051 1463 4105 nocturnis
1507 4053 1620 4107 sive
1673 4053 1879 4111 diurnis

293 4145 554 4201 utebatur
591 4142 900 4213 synaxibus.
938 4140 1088 4196 Unde
1118 4141 1340 4210 contigit
1370 4144 1537 4197 sancti
1568 4158 1761 4213 corpus
1790 4146 1880 4201 diu

298 4251 531 4309 pausare
562 4238 613 4290 in
643 4237 866 4300 tumulo,
896 4234 982 4289 ubi
1014 4250 1043 4289 a
1073 4245 1258 4291 sancto
1292 4235 1564 4291 Dunstano
1589 4240 1881 4307 repositum

299 4332 493 4396 fuerat,
528 4329 777 4399 pontifice
809 4329 1057 4382 virtutum
1089 4328 1341 4399 congerie
1371 4329 1705 4384 clarissimo:
1737 4332 1879 4400 quod

301 4422 644 4490 omnipotens
663 4420 824 4483 Deus,
852 4433 1152 4487 quanquam
1177 4418 1263 4472 vili
1293 4419 1481 4474 lateret
1501 4420 1603 4474 sub
1620 4423 1872 4490 tegmine,

302 4520 509 4586 magnis
539 4513 835 4568 adornabat
862 4511 1165 4567 virtutibus.
1218 4511 1374 4579 Saepe
1404 4512 1545 4566 enim
1575 4520 1632 4567 et
1652 4511 1881 4566 diversis

306 4605 635 4675 temporibus
671 4604 868 4657 multos
896 4603 1173 4671 utriusque
1202 4616 1383 4663 sexus.
1416 4602 1578 4656 variis
1611 4614 1889 4669 possessos

308 4695 670 4767 languoribus,
722 4694 987 4757 liberavit,
1036 4709 1178 4764 quae,
1230 4702 1288 4748 ut
1336 4692 1560 4748 facultas
1608 4694 1783 4760 fuerit,
1835 4706 1890 4749 et

306 4786 499 4842 exinde
551 4786 809 4842 memoria
863 4785 1217 4853 succreverit,
1268 4785 1321 4837 in
1369 4785 1480 4838 suis
1508 4785 1640 4839 locis
1664 4786 1885 4841 ordina-

312 4877 421 4932 tius
452 4876 655 4946 singula
684 4876 1058 4931 describentnr
1083 4892 1097 4941 ;
1150 4876 1233 4928 illa
1260 4875 1467 4930 scilicet
1492 4890 1610 4944 quae
1639 4890 1732 4944 per
1761 4892 1885 4935 eum

311 4966 452 5023 Deus
500 4966 621 5020 fecit
648 4974 769 5036 post
809 4966 1130 5021 destructam
1165 4979 1259 5033 per
1284 4964 1663 5034 prazdicatorcs
1709 4967 1886 5022 Dano,

309 5068 426 5110 rum
457 5056 737 5121 saevitiam,
768 5065 820 5110 et
853 5064 973 5124 post
1005 5055 1269 5109 devictam
1300 5068 1394 5123 per
1422 5054 1709 5110 bellatores
1740 5057 1884 5111 viros

311 5148 524 5201 illorum
551 5148 775 5202 invisam
803 5146 1099 5201 audaciam.
1131 5144 1207 5201 Ea
1237 5146 1378 5200 enim
1404 5146 1743 5213 antiquorum
1774 5162 1887 5203 mc-

311 5239 477 5292 moria
507 5239 647 5293 nulla
690 5238 877 5300 tenuit,
918 5237 1015 5292 etsi
1062 5250 1252 5307 magna
1296 5237 1472 5291 forent
1521 5251 1640 5303 quae
1686 5237 1888 5308 peregit

314 5327 582 5384 Danorum
614 5327 742 5382 inibi
773 5327 1058 5396 superstite
1088 5326 1329 5395 perﬁdia,
1384 5326 1507 5397 quia
1532 5338 1587 5382 et
1616 5329 1878 5384 bonorum

313 5420 549 5473 virorum
578 5432 644 5472 eo
674 5427 917 5486 tempore
946 5432 1133 5488 magna
1163 5418 1258 5473 fuit
1286 5419 1485 5487 inopia,
1515 5428 1570 5474 et
1599 5420 1884 5487 malorum,

310 5509 545 5577 peccatis
572 5508 927 5577 exigentibus,
973 5508 1381 5564 innumerabilis
1429 5510 1598 5577 copia.
1651 5510 1802 5578 Quod
1835 5519 1891 5565 et

312 5598 492 5652 multis
518 5598 738 5667 contigit
779 5597 1125 5667 martyribus,
1171 5598 1464 5666 quinetiam
1488 5608 1543 5654 et
1569 5600 1886 5668 quibusdam

311 5688 714 5766 discipulorum.
748 5705 877 5753 quos
925 5693 1041 5767 ipse
1069 5705 1309 5749 summus
1332 5692 1524 5753 Pastor
1553 5704 1605 5750 et
1631 5694 1886 5753 Dominus

1986 3242 2211 3296 Domino
2240 3255 2438 3309 capere
2470 3242 2875 3297 retributionem
2923 3242 3162 3297 ambiens
3185 3283 3198 3307 ,
3248 3242 3559 3313 dominique

1986 3332 2066 3387 sui
2100 3331 2525 3386 benevolentiam
2578 3330 2778 3387 habere
2812 3334 3054 3400 cupiens,
3107 3348 3381 3403 usquequo
3429 3349 3560 3401 puer

1988 3421 2368 3489 ablactaretur,
2407 3435 2523 3475 eam
2558 3421 2845 3475 liberaliter
2895 3421 3022 3476 fecit
3067 3423 3346 3477 custodiri.
3400 3424 3560 3478 Abla-

1987 3519 2131 3565 ctato
2173 3510 2405 3580 denique
2458 3509 2743 3579 iufantulo,
2789 3529 2883 3566 rex
2919 3513 3007 3568 ille
3048 3513 3215 3568 obiit:
3271 3514 3383 3569 hrcc
3432 3532 3560 3569 vero

1987 3611 2143 3657 nocte
2172 3603 2386 3671 rapiens
2412 3603 2594 3668 filium,
2646 3602 2779 3673 fuga:
2811 3618 2873 3671 pe
2901 3604 2960 3657 iit
3012 3604 3309 3671 latibulum,
3362 3605 3557 3674 reginae

1983 3693 2209 3749 viventis
2236 3694 2407 3749 adhuc
2433 3697 2705 3751 incurrere
2736 3696 2929 3749 timens
2961 3697 3277 3765 periculum.

2056 3787 2281 3842 Peracto
2304 3787 2425 3841 hinc
2450 3785 2730 3853 septennio
2759 3787 2993 3843 auditum
3026 3796 3105 3839 est
3134 3803 3162 3840 τι
3205 3787 3406 3853 multis,
3434 3803 3551 3842 eam

1986 3892 2091 3931 non
2124 3878 2307 3946 procul
2340 3892 2458 3932 esse
2500 3877 2551 3930 in
2596 3876 2813 3930 remotis
2864 3875 3139 3943 partibus;
3182 3887 3305 3931 tunc
3352 3894 3448 3945 pro
3493 3895 3555 3934 ea

1991 3968 2121 4022 Dani
2150 3969 2363 4029 misere.
2396 3981 2501 4035 quo
2531 3967 2695 4021 tilium
2725 3965 3003 4020 reduceret
3036 3974 3090 4019 ut
3112 3976 3331 4038 paterno
3356 3966 3557 4027 fruere-

1988 4070 2073 4115 tur
2104 4059 2259 4114 solio.
2293 4059 2443 4125 Quod
2472 4066 2526 4113 et
2555 4056 2749 4113 factum
2779 4067 2880 4122 est,
2908 4067 3277 4114 verumtamen
3307 4058 3443 4115 idem
3476 4078 3560 4116 re-

1987 4151 2161 4219 gulus,
2198 4164 2339 4204 anno
2360 4159 2412 4203 et
2442 4149 2603 4204 semis
2627 4149 2680 4202 in
2711 4146 2939 4202 culmine
2963 4148 3109 4215 regni
3138 4158 3422 4214 transacto,
3460 4154 3558 4205 hac

1997 4242 2114 4297 luce
2140 4242 2421 4298 defunctus
2468 4249 2570 4295 est.
2614 4240 2764 4295 Tunc
2824 4240 3141 4310 llclphildis,
3185 4240 3476 4297 desolatam
3505 4260 3565 4298 se

1989 4342 2162 4386 morte
2192 4331 2298 4384 nati
2325 4330 2695 4396 considerans,
2739 4338 2791 4383 et
2818 4328 3205 4398 praeteritorum
3237 4346 3554 4396 aerumnam,

1988 4434 2041 4479 et
2070 4424 2366 4477 futurorum
2394 4422 2611 4475 multam
2642 4419 2910 4476 miser-iam
2938 4421 3100 4479 corde
3128 4436 3269 4490 saepe
3292 4423 3563 4491 volutans,

1912 4491 1963 4551 Ῑ)
1990 4512 2253 4567 stabilivit
2282 4513 2326 4566 si
2358 4521 2537 4580 posset
2564 4513 2822 4580 repedare
2842 4506 2906 4565 ad
2940 4512 3172 4582 propria,
3206 4513 3292 4567 ubi
3325 4529 3417 4582 per
3443 4529 3565 4569 San-

1988 4616 2195 4658 ctorum
2232 4604 2342 4657 Deo
2381 4604 2541 4657 chara
2592 4604 2801 4671 merita,
2846 4601 2955 4671 jam
2987 4601 3202 4671 jamque
3227 4602 3291 4655 ad
3339 4600 3563 4660 nihilum

1990 4706 2197 4749 terrena
2219 4701 2492 4763 reputans,
2517 4694 2790 4748 cmlestem
2812 4703 2994 4762 posset
3016 4694 3292 4762 acquirere
3314 4693 3557 4762 gloriam.

1992 4785 2144 4841 Venit
2174 4784 2333 4853 igitur
2362 4785 2427 4839 ad
2469 4783 2758 4837 nativitatis
2786 4784 2980 4846 solum,
3014 4782 3365 4849 Britanniam,
3398 4790 3560 4852 atque

1992 4878 2149 4931 trium
2182 4877 2422 4931 villarum
2456 4877 2775 4933 beneﬁcium
2816 4888 2881 4928 ex
2910 4888 3073 4927 censu
3114 4874 3243 4928 emit
3266 4887 3425 4938 quem
3475 4888 3563 4924 se-

1990 4983 2109 5022 cum
2140 4966 2338 5023 attulit.
2384 4965 2493 5020 llae
2524 4980 2650 5032 ergo
2674 4966 2726 5017 in
2762 4964 2905 5030 pacis
2929 4960 3107 5027 quiete
3138 4959 3445 5028 longissime
3475 4959 3571 5013 de-

1992 5055 2121 5125 guit,
2157 5056 2355 5125 Deique
2385 5053 2631 5108 timorem
2663 5064 2785 5105 cum
2827 5056 3131 5103 sanctorum
3164 5047 3459 5103 reverentia
3514 5046 3567 5102 in

1993 5157 2189 5201 arcano
2211 5146 2387 5200 cordis
2418 5142 2778 5197 indesinenter
2807 5136 3008 5192 habuit.
3174 5200 3177 5201 ν

2066 5235 2469 5299 Verumtamen,
2498 5232 2687 5286 divino
2710 5238 2846 5285 tacta
2874 5228 3095 5285 verbere
3119 5232 3215 5300 (eo
3236 5230 3442 5286 scilicet
3465 5236 3571 5297 quo

1996 5344 2182 5385 servos
2208 5340 2354 5391 suos,
2387 5333 2443 5379 ut
2485 5323 2551 5378 ad
2608 5324 2828 5378 meliora
2887 5322 3185 5392 proﬁciant,
3244 5320 3560 5390 quandoque

1998 5419 2144 5476 novit
2168 5419 2432 5486 afﬂigere;
2464 5416 2539 5470 uti
2581 5416 3025 5480 patientissimum
3057 5414 3177 5478 Job,
3235 5421 3291 5465 ut
3337 5425 3456 5464 eum
3514 5412 3565 5463 in

1999 5512 2299 5578 exemplum
2330 5508 2556 5578 posteris
2581 5516 2821 5576 pcneret,
2874 5512 2932 5561 ut
2978 5514 3208 5572 seipsum
3260 5501 3379 5569 quis
3429 5496 3568 5554 foret

2000 5600 2172 5668 quiret
2195 5610 2505 5667 agnoscere,
2533 5594 2895 5651 misericordia
2934 5592 3109 5646 divina
3134 5589 3397 5657 quandam
3456 5604 3567 5643 car~

2004 5693 2190 5749 naliter
2229 5693 2476 5765 afflixit),
2522 5692 2879 5749 membrorum
2929 5685 3367 5753 cncrvationem,
3410 5699 3565 5762 quam
