4070 6182
492 270 549 323 i9
1282 259 1341 314 S.
1385 252 1822 313 Αιοιιειιιιιδ.
1865 251 2058 309 SCIIIR

2166 251 2501 309 URNENSIS
2540 251 2928 310 EPISCOPUS.
3078 241 3082 245 ’
3673 253 3738 310 so

481 384 671 437 Graeco
725 373 981 429 vocabulo
1050 369 1316 440 paralysin
1368 368 1574 433 dicunt,
1631 380 1724 436 per
1770 365 2057 421 triennium
2089 369 2142 426 Α
2167 363 2288 418 dem
2321 363 2730 433 circumquaque
2755 362 2820 416 ad
2845 379 2905 416 ea
2937 361 3052 416 loca
3075 359 3162 416 ubi
3185 361 3738 434 audierautquorum-

483 485 636 538 passa
668 477 769 522 est.
803 466 1009 519 initium
1039 476 1166 516 vero
1207 461 1364 530 hujus
1416 459 1679 528 passionis
1739 456 1913 511 taliter
1959 453 2058 510 sibi

483 559 726 616 evenisse
769 555 997 610 dicebat.
1053 552 1305 616 Voverat,
1357 551 1665 620 priusquam
1720 558 1982 603 remearet
2029 563 2058 600 a

487 649 672 710 [)auia,
707 663 766 702 se
795 659 1062 713 nunquam
1092 641 1269 697 carnis
1312 651 1672 696 eomesturam
1713 637 2018 693 alimoniam
2043 677 2058 701 ,

463 719 617 811 quod
646 740 848 795 illihale
866 737 1022 806 longe
1051 741 1376 790 servaverat.
1410 732 1702 798 Cancrum,
1722 728 2057 783 sacerdotum

477 830 834 900 quorumdam
858 827 1008 882 bona:
1031 823 1448 880 conversationis
1495 822 1787 891 supplicate
1834 819 2057 886 monitu,

478 942 597 979 eum
637 938 815 979 secum
841 921 1019 992 plures
1041 927 1222 974 essent
1254 919 1306 972 in
1331 917 1602 980 convivio,
1653 925 1709 970 ut
1731 915 1898 970 semel
1943 925 2059 968 tan-

481 1025 588 1068 tum
615 1021 878 1084 gustaret,
910 1025 1096 1066 eorum
1129 1009 1374 1079 precibus
1401 1009 1496 1062 vix
1542 1008 1706 1061 invita
1756 1006 2056 1074 acquievit,

481 1120 712 1174 iuuxque
740 1103 914 1157 divina
945 1116 1060 1155 eam
1114 1100 1375 1170 percussit
1423 1098 1554 1150 ultio
1598 1097 1915 1164 supradictae
1965 1095 2060 1148 sti-

482 1198 628 1251 mulo
661 1195 990 1265 paralyseos.
1050 1191 1182 1244 Miro
1232 1189 1477 1258 equidem
1523 1188 1683 1241 modo
1725 1186 2060 1254 omnipotens

480 1287 620 1338 Deus
647 1284 859 1337 diversa
885 1280 1078 1334 mentis
1111 1277 1407 1332 intentione
1455 1283 1743 1346 peccantes
1782 1275 2061 1330 dissimilis

483 1387 656 1443 poenae
679 1368 1123 1441 gravat-vinculo,
1153 1368 1292 1422 etin
1338 1365 1586 1421 omni-bus
1634 1365 1745 1421 suis
1799 1365 1950 1421 factis
2001 1381 2062 1423 se

477 1465 678 1532 justum
706 1461 1018 1531 judleemet
1045 1461 1183 1527 pium
1215 1472 1333 1513 esse
1379 1457 1661 1512 Dominum
1712 1457 2059 1513 demonstrat.

480 1553 741 1610 Ananiatn
773 1566 1003 1621 namque
1028 1559 1082 1604 et
1109 1548 1447 1619 Sapphiram,
1494 1549 1618 1618 quia
1673 1549 1852 1604 cordis
1897 1549 2060 1605 livida

484 1646 781 1701 intentione
811 1641 1073 1706 cecidere,
1108 1640 1445 1696 irrevocabili
1473 1641 1740 1696 sententia
1767 1641 1927 1697 ferire
1955 1658 2058 1698 non

2165 455 2286 507 dam
2315 463 2621 508 sanctorum
2649 469 2874 522 corpora
2903 453 3262 521 requiescere,
3297 462 3353 507 ut
3407 452 3581 508 fuerat
3627 455 3736 509 viu-

2163 544 2297 598 culis
2327 546 2598 610 astrictus,
2629 543 2804 597 festini
2831 550 3077 611 satagunt
3106 543 3414 610 perducere.
3463 543 3740 602 Verumta-

2164 650 2287 690 men
2316 633 2574 690 Conditor
2603 650 2801 700 rerum,
2833 633 2924 703 qui
2953 632 3190 702 quotidie
3219 648 3316 688 suo
3346 648 3498 689 more
3537 636 3740 690 exaltat

2164 728 2394 784 humiles
2440 737 2495 783 et
2536 729 2755 799 deponit
2783 729 3014 798 superbe
3044 738 3327 796 tumentes,
3355 731 3490 784 hanc
3518 729 3738 798 gloriam

2162 819 2360 875 famulo
2411 835 2508 875 suo
2560 820 2876 884 reservavit,
2910 817 3209 872 humillimo
3238 818 3384 872 Patri
3429 818 3739 874 Aldhel‘mo.

2163 911 2297 965 Cum
2327 911 2487 980 igitur
2513 910 2576 966 ad
2602 910 2723 981 ejus
2752 909 3142 965 monasterium
3165 907 3395 963 Melduui
3422 924 3544 964 cum
3585 923 3744 964 vesa-

2165 1019 2237 1058 no
2267 1006 2556 1068 venissent,
2585 1002 2880 1058 monachos
2905 1001 3138 1056 fraterna
3169 999 3426 1054 eharitate
3453 999 3585 1055 inibi
3633 1001 3742 1054 vic-

2161 1093 2377 1148 titantes
2398 1091 2619 1161 supplici
2643 1107 2774 1147 voce
2801 1092 3166 1161 alloquuntur,
3194 1099 3253 1144 ut
3299 1088 3397 1144 Del
3455 1103 3739 1158 precaren-

2163 1191 2248 1236 tur
2276 1181 2638 1246 elementiam,
2670 1191 2932 1248 quatenus
2953 1195 3114 1250 super
3135 1181 3276 1234 hunc
3297 1193 3736 1249 energumenutn,

2163 1285 2257 1340 per
2284 1271 2422 1326 servi
2450 1272 2531 1324 sui
2557 1270 2824 1325 Aldhblmi
2856 1273 3127 1336 meritum,
3175 1273 3482 1326 ostenderet
3529 1279 3739 1325 assueta

2164 1361 2440 1416 miracula.
2468 1361 2535 1416 At
2564 1359 2813 1416 monachi
2847 1361 2947 1414 hoc
2973 1360 3052 1416 eis
3073 1361 3285 1415 salubre
3307 1361 3503 1417 dedere
3520 1374 3742 1429 respou-

2164 1468 2281 1508 sum
2318 1471 2330 1506 :
2367 1471 2385 1504 ι
2413 1453 2583 1508 Hodie
2606 1451 2785 1522 vigilia
2814 1451 3160 1507 Ascensionis
3206 1452 3576 1521 Redemptoris
3622 1466 3737 1506 om-

2164 1547 2310 1600 nium
2336 1556 2437 1611 est,
2457 1560 2559 1614 qua
2584 1558 2822 1609 carnem,
2864 1544 2930 1598 de
2973 1543 3285 1598 intemerata
3337 1542 3550 1613 Virgine
3587 1555 3742 1596 acce-

2166 1646 2331 1705 ptam,
2383 1646 2439 1691 et
2476 1637 2662 1690 mortis
2719 1633 2965 1704 passione
3011 1633 3382 1704 gloritieatam,
3416 1632 3641 1703 portavit
3670 1633 3738 1687 ad

484 1737 688 1790 distulit
720 1753 733 1789 :
769 1737 905 1789 hanc
930 1748 1078 1800 vero,
1110 1731 1230 1802 quia
1263 1733 1426 1786 invita
1456 1740 1510 1786 et
1533 1733 1758 1801 quadam
1783 1733 2060 1790 eharitatis
2094 1736 2137 1796 Β
2167 1729 2388 1797 caelum,
2417 1729 2505 1782 ubi
2538 1727 2677 1783 Deus
2707 1736 2761 1782 et
2789 1727 2970 1792 homo,
3003 1740 3138 1779 unus
3164 1722 3426 1789 Christus,
3458 1725 3511 1780 in
3549 1723 3738 1780 dexte-

482 1827 664 1893 specie
697 1825 959 1892 peccavit,
991 1823 1056 1877 ad
1085 1831 1294 1892 tempus
1321 1821 1592 1892 corrigere
1620 1821 1806 1877 voluit.
1855 1824 2060 1890 Quibus

483 1914 742 1984 exemplis
769 1913 992 1984 quisque
1019 1928 1212 1968 cavere
1241 1912 1422 1977 debet,
1455 1920 1512 1967 ut
1541 1921 1630 1966 aut
1684 1928 1789 1968 non
1847 1925 2058 1980 voveat,

484 2017 577 2061 aut
600 2017 718 2077 post
745 2016 926 2062 votum
959 2007 1225 2075 promissa
1258 2003 1558 2072 persolvat,
1588 2012 1642 2059 et
1663 2019 1767 2072 qua
1813 2003 2063 2060 intentio.

484 2115 554 2155 ne
582 2097 910 2154 difﬁcultatis
934 2111 1053 2167 qua:
1083 2096 1191 2150 Deo
1212 2094 1408 2150 obtulit
1437 2103 1623 2164 postea
1674 2111 1780 2150 non
1829 2095 2058 2165 frangat.

487 2191 611 2246 llrec
641 2189 818 2260 igitur,
850 2186 1331 2243 sanctimonialium
1387 2186 1578 2240 amicta
1620 2185 1904 2251 velamine,
1951 2186 2062 2240 eir-

483 2295 819 2350 cunnquaque
848 2278 899 2333 in
923 2278 1106 2334 rhedre
1137 2277 1382 2332 vehiculo
1409 2291 1439 2331 a
1487 2276 1598 2332 suis
1628 2276 1942 2332 satellitibus
1995 2274 2060 2330 ad

476 2380 787 2426 sanctorum
821 2366 1113 2438 patrocinia
1141 2383 1201 2422 se
1230 2367 1496 2422 deducere
1538 2365 1788 2434 faciebat,
1844 2367 1916 2421 uti
1967 2381 2061 2435 per

479 2476 664 2516 eorum
693 2471 877 2515 sancta
927 2457 1178 2528 suffragia
1225 2458 1368 2512 illius
1416 2456 1799 2512 reviviscerent
1852 2468 2061 2510 nzortua

485 2552 746 2607 membra.
777 2553 1025 2606 Attamen
1061 2566 1167 2604 non
1200 2558 1255 2603 ut
1285 2563 1470 2604 eorum
1521 2534 1663 2603 Deus
1713 2546 2064 2616 Omnipotens

479 2657 612 2705 quos
658 2656 871 2711 semper
913 2640 1172 2711 glorificat
1229 2653 1446 2694 suorum
1498 2638 1735 2692 fidelium
1786 2647 2064 2707 sperneret

481 2734 803 2796 orationem,
828 2732 920 2787 sed
945 2747 1048 2802 quo
1081 2730 1274 2785 famam
1296 2729 1432 2785 servi
1465 2731 1546 2784 sui
1567 2729 1836 2785 Aldhelmi
1867 2729 2062 2798 sapius

483 2821 817 2877 ostendendo
841 2822 1096 2879 miracula
1125 2821 1328 2876 faceret
1378 2808 1770 2887 sublimiorem,
1814 2820 1958 2875 illam
2008 2822 2060 2876 in

479 2913 804 2968 infirmitatis
833 2912 1069 2982 periculo
1114 2912 1294 2967 tandiu
1351 2912 1773 2968 misericorditer
1811 2912 2059 2981 dctinuit,

476 3019 761 3074 quousque
783 3003 1127 3058 Meldunense
1149 3002 1452 3058 ccenobium
1487 3005 1688 3059 veniret
1717 3005 1856 3059 sicut
1874 3006 2062 3076 dispo-

2166 1835 2225 1875 ra
2255 1819 2348 1874 Dei
2379 1818 2572 1873 sedens
2601 1816 2874 1886 diiudicat,
2907 1823 3065 1884 atque
3116 1813 3411 1870 animarum
3454 1815 3740 1884 languores

2165 1917 2321 1964 sanat
2349 1920 2402 1964 et
2431 1922 2741 1977 corporum.
2786 1907 3139 1975 Quapropter,
3185 1905 3484 1960 eha’rissimi
3525 1905 3737 1972 fratres,

2164 2001 2216 2055 in
2240 1999 2468 2055 ecclesia
2498 2008 2831 2070 peruoctate,
2860 2014 2920 2054 ac
2941 1998 3144 2053 intento
3179 1998 3341 2053 corde
3368 2013 3548 2052 sacras
3576 2013 3737 2053 excu-

2163 2089 2276 2144 bias
2305 2090 2596 2156 celebrate,
2620 2100 2675 2143 et
2703 2091 2816 2144 sine
2841 2088 3182 2158 ambiguitate
3210 2088 3412 2143 credite
3458 2089 3598 2159 quod
3651 2089 3744 2144 ille

2164 2181 2254 2251 qui
2284 2197 2404 2236 eum
2436 2181 2488 2235 in
2518 2190 2720 2234 tantum
2753 2182 3055 2236 sublimavit
3084 2191 3142 2250 ut
3169 2196 3350 2236 secum
3373 2183 3424 2236 in
3450 2182 3589 2238 coelo
3617 2197 3737 2252 gra-

2164 2272 2319 2327 tulari
2344 2271 2566 2335 faceret,
2596 2272 2709 2341 ipse
2740 2271 2878 2325 idem
2907 2287 3000 2338 per
3050 2288 3172 2326 eum
3201 2272 3342 2342 quod
3365 2274 3598 2343 qumritis
3640 2276 3738 2330 de-

2162 2366 2498 2420 monstrabit.
2521 2382 2542 2417 ι
2581 2351 2890 2420 Ᾱειίιηιίὺιιε
2919 2380 3047 2436 ergo
3083 2366 3191 2421 illis
3217 2378 3341 2422 ante
3371 2368 3595 2423 icouiam
3639 2386 3736 2425 no-

2163 2458 2259 2512 stri
2292 2457 2663 2527 Redemptoris
2715 2467 2981 2514 nocturno
3011 2459 3214 2527 ofﬁcio,
3261 2460 3438 2515 divina
3469 2463 3736 2519 infirmum

2167 2549 2340 2620 tetigit
2369 2549 2754 2616 misericordia,
2787 2565 2884 2620 pro
2915 2551 3096 2606 famuli
3117 2551 3198 2607 sui
3231 2553 3441 2608 merito.
3465 2553 3592 2608 Nam
3617 2569 3744 2624 pos.

2162 2654 2433 2696 sessorem
2463 2655 2575 2695 sua:
2608 2639 2822 2695 fabrica:
2849 2656 2970 2696 cum
3012 2643 3334 2712 competenti
3388 2644 3492 2699 sibi
3539 2645 3742 2714 expulit

2163 2729 2484 2785 contumelia
2510 2747 2526 2796 ;
2551 2729 2622 2783 ita
2651 2744 2841 2785 sanum
2870 2731 3100 2787 reddens
3125 2733 3421 2800 infirmum,
3451 2748 3515 2790 ac
3541 2735 3586 2788 si
3637 2735 3733 2792 fce-

2161 2823 2216 2877 di
2244 2821 2469 2892 hospitis
2493 2822 2638 2877 nulla
2691 2838 2814 2878 eum
2873 2839 3106 2895 unquam
3164 2827 3425 2896 tetigisset
3476 2829 3738 2884 molestia.

2161 2912 2278 2979 Quo
2309 2912 2444 2978 viso,
2477 2927 2663 2968 omnes
2695 2913 2784 2984 qui
2815 2914 3060 2981 aderant,
3095 2917 3292 2986 quique
3328 2917 3520 2973 auditis
3543 2920 3740 2974 laetitia:

2161 3005 2382 3061 vocibus
2432 3005 2794 3072 advenerant,
2843 3007 3157 3062 sonantibus
3207 3008 3407 3078 signis,
3457 3009 3741 3066 devotione

481 3103 680 3150 suerat.
710 3094 948 3163 Denique
980 3108 1101 3148 eum
1132 3094 1329 3149 ibidem
1363 3094 1414 3147 in
1442 3097 1607 3150 sancti
1650 3095 1802 3150 istius
1853 3094 2055 3151 festivi.
2086 3079 2130 3140 (ἶ
2164 3098 2340 3154 cordis
2363 3107 2418 3154 et
2444 3112 2579 3154 sono
2604 3097 2770 3165 vocis,
2803 3099 3114 3170 sempiterni
3144 3100 3301 3172 Regis
3324 3101 3606 3159 laudarunt
3628 3119 3740 3159 ma-

485 3188 608 3242 tatis
634 3186 832 3256 vigilia,
865 3187 1052 3242 devota
1084 3195 1261 3241 mente
1292 3185 1382 3241 Dei
1411 3196 1724 3256 exspectans
1774 3203 1867 3257 per
1915 3189 2054 3243 servi

483 3280 564 3332 sui
589 3279 838 3332 meritum
889 3276 1335 3340 consolationem,
1390 3285 1679 3345 prostrata,
1734 3277 1855 3348 quia
1909 3288 2052 3333 stare

487 3370 760 3439 nequibat,
809 3368 1031 3438 jaceret,
1081 3367 1316 3436 dumque
1367 3366 1618 3435 religiosa
1674 3367 2054 3422 monachorum

482 3461 696 3524 cohors,
728 3469 846 3528 post
869 3457 1136 3512 svletnnes
1165 3455 1476 3522 matutinos,
1509 3465 1766 3511 consueto
1793 3473 1962 3524 more,
1990 3457 2056 3512 ad

483 3554 740 3607 honorem
769 3558 970 3606 saneta;
1016 3549 1196 3604 Mariae
1225 3548 1508 3604 Geuitricis
1542 3547 1914 3617 Redemptoris
1964 3564 2057 3602 no-

478 3645 574 3696 SIri
603 3643 855 3713 hymnum
887 3641 1213 3704 decantaret,
1253 3637 1432 3692 divino
1481 3653 1603 3692 mox
1636 3647 1771 3691 taeta
1820 3637 2057 3692 mediea-

485 3736 646 3799 mine,
701 3733 871 3788 sensit
922 3733 1157 3787 membra
1212 3734 1358 3799 prius
1412 3731 1560 3786 arida
1611 3731 1951 3795 reviviscere,
2006 3740 2062 3785 et

480 3838 706 3892 propere
746 3839 872 3877 sana
903 3823 1152 3888 surrexit,
1191 3833 1349 3891 atque
1397 3837 1563 3892 usque
1612 3822 1676 3876 ad
1733 3823 1904 3876 locum
1956 3838 2060 3892 quo

482 3913 876 3967 sanctissimum
908 3926 1102 3978 corpus
1134 3915 1303 3966 fuerat
1341 3913 1457 3966 sine
1505 3913 1726 3967 ductore
1787 3914 2057 3981 pervenit;

479 4016 598 4066 quae
623 3999 690 4052 ab
719 4000 833 4068 ipsa
863 3999 946 4053 die
984 3999 1239 4068 quidquid
1270 3999 1441 4069 potuit
1467 4003 1665 4056 habere
1687 4002 1830 4057 illius
1875 4005 2058 4058 saluti-

481 4093 578 4147 feri
608 4089 688 4147 sui
715 4092 953 4146 ecclesia:
984 4091 1232 4156 contulit,
1261 4100 1421 4159 atque
1447 4091 1576 4148 inibi
1607 4106 1767 4146 carne
1810 4092 2057 4148 defuncta

477 4189 528 4240 in
563 4201 689 4256 pace
718 4185 936 4255 quievit.

1095 4271 1320 4329 CAPUT
1363 4272 1423 4327 V.

476 4389 886 4457 Euergumenus,
917 4394 1225 4449 contractus,
1275 4394 1522 4467 ctocwcus
1554 4386 1746 4442 sanati.
1799 4386 2054 4442 Revelario

1145 4472 1395 4524 carpam.

549 4546 753 4602 Accidit
778 4555 956 4602 autem
989 4555 1195 4616 postea,
1224 4561 1344 4600 eum
1377 4545 1571 4600 ibidem
1594 4560 1776 4601 sacras
1807 4546 1859 4601 in
1895 4557 2052 4601 nocte

475 4642 820 4696 Ascensionis
845 4639 1050 4696 Domini
1072 4640 1408 4695 celebrarent
1463 4639 1689 4709 vigilias,
1749 4639 1903 4711 longe
1957 4641 2055 4694 ad-

443 4719 722 4788 ‘mirabile
772 4733 988 4786 factum.
1047 4730 1178 4785 Nam
1233 4729 1471 4800 ejusdem
1523 4731 1784 4799 paroehize
1836 4732 2052 4801 quidam

478 4825 728 4894 rusticus,
763 4823 993 4894 peccatis
1022 4823 1162 4876 illius
1194 4822 1549 4892 exigentibus,
1577 4820 1750 4875 fuerat
1777 4832 2055 4890 correptus

482 4933 510 4970 a
561 4918 842 4973 daemonio.
888 4915 1058 4982 Quetn
1095 4911 1553 4983 consanguinitate
1600 4914 1906 4983 propinqui,
1965 4915 2054 4983 qui

482 5011 775 5064 cernebant
796 5009 974 5062 furore
1003 5006 1212 5075 agitari,
1259 5017 1310 5060 et
1335 5005 1389 5058 in
1422 5005 1588 5060 Deum
1615 5003 1840 5074 ejusque
1871 5004 2058 5060 fideles

486 5097 847 5167 blaSphenlias
879 5097 1159 5151 nonnullas
1189 5096 1455 5165 spumanti
1479 5110 1572 5150 ore
1594 5094 1878 5164 projicere,
1898 5104 2058 5165 atque

479 5188 538 5244 in
564 5202 658 5242 eos
685 5200 976 5255 eorumque
1008 5186 1236 5252 vicinos,
1271 5201 1422 5252 saxa,
1464 5186 1663 5256 ignem,
1703 5201 1875 5252 arma,
1906 5187 2059 5241 deni-

484 5293 589 5350 que
615 5291 942 5346 quaecunque
970 5277 1115 5329 furor
1163 5276 1488 5330 ministraret
1541 5277 1781 5347 insanus,
1841 5292 2053 5345 capere,

484 5369 710 5427 vinculis
733 5369 943 5437 quidem
977 5369 1162 5427 ferreis
1187 5369 1580 5436 manciparunt,
1611 5385 1674 5426 ac
1701 5371 1778 5426 sic
1813 5353 1929 5426 sub
1976 5387 2065 5427 so-

481 5462 606 5518 leni
635 5476 784 5527 enra,
811 5461 862 5513 in
891 5469 1144 5529 quantum
1168 5460 1380 5514 illorum
1409 5460 1738 5515 inurbanitas
1786 5465 2063 5532 permitte-

479 5555 594 5617 bat,
644 5553 731 5610 die
781 5561 1047 5620 noctuque
1101 5548 1482 5619 aliquantisper
1537 5552 1855 5610 habuerunt.
1889 5555 2061 5620 Tunc,

479 5645 613 5700 inim
641 5645 883 5708 consilio,
915 5658 1007 5712 per
1034 5657 1169 5710 quos
1209 5651 1470 5704 noverant
1511 5644 1885 5717 sapientiorez,
1919 5663 2061 5705 eum-

2160 3190 2354 3262 gualia.

2232 3281 2348 3335 Alio
2386 3294 2596 3350 quoque
2636 3289 2876 3351 tempore
2906 3281 2986 3336 vir
3031 3281 3246 3352 quidam
3296 3298 3459 3354 aeger,
3515 3287 3740 3355 pedibus

2158 3380 2319 3439 atque
2369 3370 2516 3424 coxis
2553 3369 2782 3425 adhtesis
2831 3373 3095 3441 cruribus,
3148 3374 3410 3428 tantillunt
3457 3376 3557 3430 sibi
3603 3379 3742 3448 quod

2160 3471 2275 3516 erat
2321 3462 2526 3516 itineris
2574 3463 2661 3514 vix
2696 3463 2812 3516 solo
2839 3464 3094 3532 reptando
3123 3465 3366 3521 manibus
3407 3469 3689 3538 peragebat
3725 3489 3736 3522 :

2159 3553 2249 3622 qui
2284 3554 2520 3620 tandem,
2553 3555 2736 3610 labore
2783 3555 3028 3612 defectus
3068 3557 3307 3623 assiduo,
3337 3560 3606 3628 quomodo
3648 3559 3741 3613 Dei

2159 3645 2525 3712 clementiam,
2557 3654 2616 3699 ut
2663 3645 2746 3699 sui
2778 3644 3141 3713 misereretur,
3175 3645 3393 3715 cujusve
3423 3648 3592 3702 sancti
3640 3649 3741 3702 ad-

2161 3738 2490 3804 miniculum,
2537 3739 2846 3808 postularet,
2876 3740 3083 3794 curiosa
3116 3754 3292 3796 mente
3340 3743 3530 3797 sedulo
3557 3758 3737 3798 secum

2165 3828 2433 3884 volvebat.
2476 3831 2736 3894 Tandem,
2778 3845 2872 3899 per
2898 3816 3065 3885 totius
3095 3834 3380 3900 provinciae
3411 3834 3739 3889 latitudinem

2163 3919 2299 3974 fama
2349 3921 2577 3985 volante,
2615 3922 2869 3990 cognovit
2919 3929 3170 3992 quoniam
3218 3925 3271 3978 in
3321 3927 3555 3984 oratorio
3599 3927 3738 3993 quod

2161 4006 2355 4063 Christi
2388 4011 2615 4065 ecclesia
2667 4011 2889 4079 Anglice
2933 4023 3170 4080 vocatur,
3216 4016 3552 4083 omnipotens
3600 4017 3740 4070 Deus

2161 4102 2343 4155 solitas
2373 4111 2684 4168 operaretur
2716 4104 2958 4169 virtutes,
2991 4105 3199 4161 scilicet
3234 4106 3374 4176 quod
3401 4108 3736 4164 diversorum

2161 4190 2434 4259 oppressis
2497 4190 2811 4258 languorum
2858 4196 3186 4262 gravarnine,
3244 4206 3302 4250 ut
3349 4199 3466 4266 pius
3526 4201 3744 4256 humani

2162 4281 2372 4350 generis
2417 4290 2763 4349 restaurator,
2806 4284 3110 4341 innumeras
3164 4287 3412 4342 redderet
3463 4292 3744 4347 sanitates.

2167 4372 2261 4426 Illo
2314 4373 2472 4442 igitur
2501 4383 2790 4443 utcunque,
2819 4377 2970 4443 quasi
2999 4378 3116 4432 sine
3147 4377 3254 4432 ullo
3301 4379 3542 4448 vestigio,
3575 4383 3742 4452 erepit

2164 4463 2381 4519 tendere
2407 4479 2671 4532 gressum,
2700 4475 2755 4519 ut
2781 4465 2915 4520 sicut
2943 4468 3270 4522 credulitatis
3297 4469 3471 4526 fuerat
3497 4487 3741 4543 compos,

2160 4554 2231 4609 ita
2257 4555 2499 4610 sanitatis
2525 4555 2699 4625 quiret
2717 4571 2838 4612 esse
2859 4559 3142 4627 particeps.
3167 4560 3496 4630 Consumpto
3514 4562 3747 4632 denique

2158 4647 2361 4717 aliquot
2383 4649 2590 4703 dierqu
2620 4665 2867 4716 numero,
2897 4650 2998 4706 etsi
3026 4666 3190 4720 parvo
3221 4651 3430 4721 itinere,
3479 4656 3562 4709 vix
3593 4658 3747 4725 equi-

2159 4741 2280 4795 dem
2311 4740 2522 4796 tandem
2551 4739 2618 4794 ad
2651 4741 3013 4808 Meldunense,
3036 4743 3153 4810 quia
3185 4742 3239 4797 in
3270 4745 3386 4812 ipso
3411 4743 3526 4814 ejus
3557 4745 3749 4801 itinere

2160 4832 2317 4886 situm
2343 4842 2446 4898 est,
2475 4833 2690 4888 devenit
2713 4836 3040 4890 coenobium.
3075 4835 3192 4890 Mox
3220 4845 3278 4890 ut
3300 4845 3584 4892 veteranus
3607 4838 3746 4893 idem

2161 4925 2544 4989 monasterium
2575 4925 2847 4994 ingressus
2876 4935 2978 4992 est,
3011 4926 3179 4982 sensit
3206 4927 3383 4985 inesse
3407 4930 3506 4984 sibi
3535 4929 3745 4998 aliquod

2162 5013 2228 5068 de
2275 5015 2633 5068 membrorum
2665 5024 2880 5084 torpore
2927 5017 3077 5084 quasi
3127 5017 3366 5074 lenitatis
3417 5021 3739 5075 remedium.

2161 5103 2502 5158 l’eruoctavit
2550 5105 2727 5174 igitur,
2765 5119 2920 5160 mane
2960 5106 3046 5162 die
3070 5108 3243 5164 altero
3275 5125 3605 5173 recessurus,
3640 5125 3748 5179 quo

2162 5213 2283 5252 eum
2327 5198 2659 5264 compulerat
2692 5199 2940 5264 intentio,
2980 5201 3080 5254 nisi
3122 5201 3212 5256 hic
3257 5202 3415 5268 Deus,
3449 5217 3540 5267 per
3577 5202 3746 5256 sancti

2165 5286 2486 5340 conte-soris
2538 5289 2619 5340 sui
2673 5289 2947 5355 meritum,
3002 5304 3113 5344 sua:
3173 5291 3386 5358 pietatis
3441 5289 3751 5361 dignaretur

2168 5378 2407 5443 praebere
2451 5376 2774 5432 subsidium.
2809 5379 2936 5434 Erat
2961 5381 3104 5436 enim
3135 5381 3247 5436 dies
3299 5379 3516 5436 Sabbati
3565 5383 3619 5436 itt
3659 5397 3750 5437 ve-

2165 5469 2357 5536 aperis.
2383 5480 2436 5524 et
2489 5469 2624 5525 infra
2659 5474 2945 5540 supradicti
2981 5475 3153 5529 Patris
3178 5485 3394 5530 octavas
3425 5475 3748 5532 festivitatis.

2167 5561 2320 5634 Mane
2370 5572 2548 5616 autem
2589 5564 2698 5632 jam
2745 5563 2902 5631 facto,
2953 5576 3004 5619 et
3050 5566 3180 5621 solis
3228 5567 3435 5622 fervore
3477 5567 3748 5631 roborato,

2168 5654 2442 5724 priuisque
2479 5655 2604 5709 hora
2649 5654 2754 5711 diei
2783 5671 2811 5710 a
2841 5661 3253 5728 congregatione
3285 5660 3502 5715 fratrum
3554 5659 3748 5716 ibidem
