4068 6182
226 480 285 535 81
1201 474 1357 532 VITA
1393 473 1451 531 S.
1492 470 1844 529 ALDllELMl
1883 468 2153 533 FAl‘thlO
2191 475 2516 533 AUCTORE
3437 484 3505 537 83

225 588 673 648 commorandum
730 586 1032 652 decantata,
1084 604 1202 644 cum
1254 605 1365 659 jam
1421 594 1809 659 praepararetur
1836 588 1891 647 Δ
1918 588 2121 645 reddat.
2146 607 2166 643 ι
2204 590 2297 645 llis
2348 590 2612 661 siquidem
2643 588 3405 649 adltertatiunibus-nmltoties
3436 596 3509 650 ab

228 685 508 755 processio
539 683 593 737 in
621 682 871 749 chorum,
926 698 1044 738 cum
1078 685 1284 737 cmteris
1317 681 1603 750 procedere
1633 680 1815 734 volen-

228 776 401 841 tibus,
457 772 602 841 sequi
641 782 696 827 ut
736 773 931 841 potuit,
988 775 1134 827 venit
1175 774 1452 837 infirmus;
1498 771 1585 826 ubi
1636 771 1816 825 tandiu

230 866 434 923 orando
454 865 620 936 jacuit
640 907 655 931 ,
686 863 861 918 donec
890 880 1037 919 more
1065 865 1221 919 solito
1256 880 1348 934 per
1378 864 1668 918 claustrum
1698 863 1817 917 offi-

230 960 487 1027 cinasque
534 964 806 1025 pergeret,
842 970 907 1010 ac
941 956 1078 1011 unde
1108 957 1241 1010 ierat
1280 966 1546 1010 remearet
1594 954 1816 1009 fratrum

229 1048 600 1119 congregatio.
632 1048 893 1102 Cantante
930 1055 1104 1101 autem
1140 1045 1525 1100 monachorum
1581 1056 1816 1111 caterva,

228 1154 282 1198 et
332 1139 675 1195 multitudine
716 1138 889 1192 laicali
941 1146 1175 1203 astante,
1203 1136 1378 1192 divina
1425 1137 1647 1193 claudus
1696 1152 1818 1191 mox

229 1244 461 1290 attactus
484 1234 703 1304 pietate,
732 1240 954 1300 stupore
978 1244 1169 1300 magno
1193 1232 1343 1299 quasi
1372 1240 1519 1283 extra
1546 1246 1603 1283 se
1628 1228 1820 1293 factus,

236 1331 309 1384 de
355 1328 475 1382 loco
528 1326 582 1379 in
625 1340 730 1394 quo
759 1322 971 1393 jacebat
1018 1323 1218 1377 exsiliit
1259 1337 1443 1388 sanus,
1491 1336 1553 1376 ac
1596 1322 1639 1375 si
1682 1320 1823 1374 nulla

232 1432 470 1487 unquam
497 1414 739 1485 corporis
786 1414 867 1467 sui
912 1412 1169 1467 sensisset
1199 1412 1542 1474 detrimenta,
1574 1419 1734 1479 atque
1759 1408 1824 1462 ad

230 1504 570 1561 sanctissimi
610 1504 847 1573 corporis
879 1502 1117 1556 tumbam
1148 1502 1398 1569 accurrit,
1434 1511 1489 1554 ut
1517 1499 1826 1570 quantulas-

232 1612 450 1668 cunque
502 1605 683 1666 posset
732 1595 845 1649 Deo
884 1591 936 1647 in
988 1608 1148 1647 servo
1195 1608 1292 1648 suo
1337 1593 1536 1662 gratias
1582 1590 1822 1645 referret.

233 1692 350 1757 Quo
388 1688 527 1753 viso,
559 1701 748 1741 omnes
791 1685 881 1755 qui
930 1685 1239 1750 intererant,
1292 1684 1383 1739 Dei
1425 1682 1824 1749 omnipotentis,

234 1782 324 1851 qui
351 1778 523 1834 sancti
549 1778 632 1831 sui
673 1791 829 1845 prece
859 1777 983 1829 talia
1025 1773 1245 1839 fecerat,
1276 1775 1560 1829 laudarunt
1606 1787 1828 1845 magna-

240 1874 330 1926 lia.
363 1872 410 1925 ls
437 1884 563 1925 vero
585 1867 675 1937 qui
696 1867 942 1922 sanitatis
972 1869 1042 1918 ita
1075 1866 1267 1919 habita:
1292 1865 1540 1919 utebatur
1562 1865 1827 1929 remedio,

1916 685 2124 750 amicis,
2174 683 2419 755 quamvis
2464 682 2696 750 rusticis,
2743 686 3073 752 sapientibus
3118 694 3318 750 tamen,
3369 687 3505 743 bene

1920 782 2173 847 monitus,
2201 780 2266 833 ad
2296 780 2699 847 monasterium,
2731 779 2820 833 ubi
2845 778 3045 833 diversi
3075 779 3277 834 debiles
3308 795 3506 835 conve-

1921 880 2130 935 nerant,
2181 871 2454 940 perrexit;
2515 870 2605 941 qui
2657 880 2767 925 tres
2813 885 2983 927 annos
3038 870 3149 926 illic
3200 872 3505 927 inﬁrmitate

1922 962 2167 1017 laborans
2197 962 2399 1031 deguit.
2430 960 2537 1017 Sed
2567 961 2684 1031 pius
2716 970 2772 1016 et
2801 962 3107 1018 misericors
3127 964 3305 1029 Pater,
3332 963 3421 1031 qui
3453 963 3505 1018 itt

1922 1061 2194 1105 momento
2248 1051 2605 1120 quodcunque
2656 1051 2770 1105 vult
2819 1050 3005 1118 efficit,
3069 1053 3123 1107 in
3185 1062 3292 1107 tam
3351 1052 3510 1122 longo

1925 1150 2166 1208 tempore
2212 1140 2542 1196 desiderium
2596 1140 2765 1207 illius,
2815 1141 3236 1197 misericorditer
3283 1143 3336 1197 in
3385 1156 3509 1197 euut

1923 1248 2174 1303 operans,
2230 1233 2521 1302 adimplere
2588 1234 2780 1289 noluit.
2832 1233 3091 1287 Prtescius
3149 1232 3325 1299 itaque
3382 1232 3510 1301 quid

1926 1326 2160 1380 futurum
2210 1325 2301 1388 sit,
2344 1324 2431 1378 cui
2489 1324 2654 1379 etiam
2708 1331 3007 1378 reservaret
3063 1322 3285 1391 gloriam
3341 1322 3513 1376 laudis

1925 1432 2055 1479 sure.
2090 1417 2167 1471 sic
2193 1414 2353 1471 etiam
2384 1414 2707 1470 remorando
2736 1414 2978 1468 sanitatis
3028 1413 3226 1467 donum
3271 1410 3339 1467 de
3370 1410 3512 1464 malo

1927 1506 2159 1561 faciebat
2203 1504 2348 1572 prius
2390 1505 2615 1560 bonum.
2644 1504 2923 1559 Postremo
2951 1512 3107 1558 nocte
3136 1518 3241 1557 una
3268 1502 3320 1556 in
3349 1501 3513 1555 cubili

1927 1611 2028 1651 suo
2079 1603 2398 1665 prostratus,
2432 1609 2531 1663 per
2560 1593 2733 1648 visum
2765 1595 2817 1647 in
2846 1592 3047 1648 somnis
3080 1593 3383 1647 admonitus
3431 1602 3517 1646 est

1932 1688 2072 1756 quod
2103 1687 2167 1740 ad
2217 1684 2612 1740 Meldunensem
2661 1684 2962 1749 ecclesiam,
2992 1683 3082 1738 ubi
3111 1683 3253 1738 servi
3301 1682 3379 1736 sui
3423 1682 3514 1735 AI-

1930 1779 2133 1835 dhelmi
2205 1792 2401 1847 corpus
2474 1776 2867 1845 requiescebat,
2935 1789 3177 1845 gressum
3252 1773 3514 1837 tenderet,

1934 1868 2129 1938 ibique,
2157 1868 2265 1922 Deo
2286 1868 2524 1936 juvante,
2550 1881 2614 1921 ac
2634 1866 2804 1922 sancti
2828 1867 2908 1920 sui
2938 1880 3095 1935 prece
3120 1865 3220 1920 hoc
3242 1865 3513 1934 exigente,

239 1960 423 2016 multis
470 1958 803 2027 temporibus
832 1956 896 2009 ad
926 1954 1166 2026 ejusdem
1217 1956 1386 2011 sancti
1434 1955 1642 2010 laudem
1679 1957 1828 2009 ineo
1867 1933 1910 1991 Β
1938 1961 2191 2013 amissum
2245 1933 2430 2012 tandiu
2485 1958 2664 2012 lumen
2721 1933 3085 2027 recuperaret.
3138 1958 3229 2012 llis
3280 1933 3514 2021 dictis,a

238 2052 429 2122 deguit
466 2048 827 2113 monasterio;
871 2057 925 2102 et
965 2045 1141 2102 adhuc
1165 2046 1323 2101 isthic
1347 2058 1635 2116 supersunt
1676 2046 1829 2100 multi

239 2146 501 2214 degentes
526 2141 577 2196 in
608 2137 909 2194 monastico
932 2137 1112 2191 habitu
1140 2137 1374 2206 quicum
1403 2138 1548 2206 prius
1572 2146 1624 2192 et
1649 2146 1829 2205 postea

243 2238 382 2291 bene
405 2242 691 2296 noverunt,
708 2229 898 2299 quibus
914 2228 1229 2283 relatoribus
1255 2244 1351 2283 nos
1374 2228 1473 2283 ista
1516 2227 1833 2297 scripsimus

247 2328 317 2381 de
345 2341 431 2391 eo,
460 2325 526 2379 ad
557 2320 937 2393 Redemptoris
986 2320 1151 2375 nostri
1200 2320 1425 2389 gloriam
1470 2326 1629 2384 atque
1657 2316 1828 2373 sancti

246 2420 365 2489 ejus
396 2419 713 2473 laudabilem
743 2414 1075 2471 memoriam.

320 2513 463 2566 Inter
515 2511 615 2565 alia
668 2508 946 2573 nonnulla,
1002 2520 1121 2577 quae
1173 2519 1269 2574 pro
1315 2504 1456 2561 servi
1497 2502 1582 2559 sui
1632 2502 1838 2557 meritis

244 2603 591 2670 omnipotens
605 2600 747 2655 Deus
773 2595 1023 2669 patefecit
1046 2594 1337 2651 reverenda
1358 2609 1543 2665 opera,
1570 2591 1833 2663 quoddam

241 2691 567 2746 admirabile
608 2690 773 2756 dictu,
821 2688 961 2759 quod
1003 2685 1262 2757 sequitur,
1307 2686 1382 2740 ibi
1433 2695 1707 2741 ostensum
1757 2690 1838 2737 est

245 2780 593 2836 miraculum.
660 2774 922 2848 Tempore
986 2776 1144 2847 primi
1210 2774 1468 2830 Willelmi
1543 2773 1837 2843 Anglorum

241 2869 613 2929 strenuissimi
656 2871 814 2942 regis,
864 2877 1025 2940 atque
1057 2867 1293 2923 Warriui
1343 2866 1553 2922 abbatis
1594 2866 1838 2921 eamdem

246 2961 549 3017 Ecclesium
619 2960 849 3032 regulari
923 2955 1287 3015 moderamine
1348 2957 1708 3027 gubernantis,
1787 2956 1842 3010 in

243 3052 483 3121 quadam
556 3052 725 3106 insula
809 3066 927 3120 qua:
1002 3048 1289 3105 Wicltland
1352 3048 1571 3118 Anglice
1639 3059 1844 3101 nuncu-

244 3154 427 3212 patur,
494 3142 703 3211 quidam
778 3142 1009 3212 piscator
1074 3141 1401 3206 morabatur,
1446 3137 1559 3210 qui,
1610 3138 1844 3193 necessi-

247 3235 377 3289 tatis
438 3250 553 3287 su-c
615 3233 794 3301 inopia
855 3242 1108 3299 coactus,
1176 3230 1413 3300 quotidie
1474 3243 1571 3300 per
1629 3242 1841 3297 aequora

247 3326 511 3394 piscando
562 3324 871 3389 laborabat;
933 3333 988 3380 et
1044 3323 1262 3380 marinis
1307 3322 1558 3392 periculis
1600 3336 1745 3391 saepe
1784 3335 1843 3378 se

247 3416 565 3486 ingerendo,
598 3432 756 3471 manu
808 3426 862 3471 et
899 3426 1012 3471 arte
1042 3416 1237 3471 victum
1268 3417 1562 3487 qmcrebat.
1596 3415 1842 3482 Quadam

249 3526 382 3566 vero
414 3509 520 3572 die,
549 3525 616 3564 eo
649 3527 741 3577 per
769 3524 918 3565 mare
938 3519 1185 3581 vagante,
1208 3510 1495 3566 confestim
1525 3524 1593 3564 ex
1620 3509 1845 3564 adversa

247 3608 409 3668 parte
461 3600 651 3653 nebula
707 3599 935 3668 quadam
987 3601 1247 3669 irruente,
1295 3599 1494 3654 lumina
1545 3599 1843 3666 oculorum,

247 3690 489 3755 peccatis
520 3691 632 3744 suis
684 3690 907 3744 forsitan
947 3691 1023 3745 sic
1052 3690 1413 3763 exigentibus,
1448 3692 1540 3746 tali
1565 3688 1849 3746 occasione

246 3782 458 3835 amisit.
521 3780 627 3846 Qui
687 3782 777 3836 diu
824 3797 1008 3836 errans
1055 3798 1152 3850 per
1199 3783 1350 3838 devia
1398 3798 1696 3853 mquorum,
1746 3782 1865 3837 huc

244 3874 497 3940 illucque
523 3871 922 3924 alternantibus
956 3871 1135 3936 undis,
1160 3872 1370 3925 tandem
1400 3873 1665 3926 sociorum
1700 3872 1851 3926 auxi-

245 3969 352 4030 lio,
390 3963 483 4032 qui
517 3963 571 4015 in
603 3963 725 4016 aliis
772 3963 1034 4017 naviculis
1081 3973 1257 4027 erant,
1304 3964 1536 4032 adjutus,
1582 3964 1648 4016 ad
1677 3963 1854 4017 littora

246 4071 433 4125 usque
488 4055 752 4124 pervenit,
799 4062 983 4122 atque,
1016 4052 1254 4108 ductoris
1299 4054 1464 4107 fretus
1513 4052 1853 4119 adminiculo,

249 4151 320 4202 ad
378 4154 705 4201 consuetum
752 4146 913 4199 rediit
954 4144 1315 4214 hospitiolum.
1361 4144 1561 4201 Deinde
1603 4147 1856 4203 caecitatis

262 4238 430 4306 hujus
489 4234 630 4289 fama
694 4235 883 4288 volans
930 4234 1029 4288 hac
1087 4234 1313 4305 illucque
1362 4250 1456 4302 per
1506 4236 1854 4304 provinciam,

256 4330 557 4382 amicorum
619 4326 942 4396 frequentia,
1016 4341 1244 4395 quorum
1313 4327 1533 4382 auribus
1596 4325 1852 4395 insonuit,

261 4418 473 4473 curavit
533 4433 692 4486 quam
750 4418 912 4473 cilius
967 4419 1033 4472 ad
1092 4434 1213 4474 eum
1266 4420 1469 4483 venire,
1525 4420 1859 4488 interrogans

264 4510 501 4579 qualiter
553 4510 839 4578 insperatte
883 4509 1133 4564 orbitatis
1175 4508 1277 4564 sibi
1320 4511 1634 4581 contigisset
1669 4512 1860 4565 adver-

266 4602 419 4655 sitas.
453 4600 678 4667 Quibus,
724 4599 883 4654 flebili
934 4615 1065 4655 voce
1094 4615 1341 4670 exorsus,
1396 4616 1557 4656 omne
1588 4602 1729 4671 quod
1759 4600 1856 4657 sibi

269 4692 538 4745 acciderat
567 4690 758 4745 ordine
782 4691 1091 4745 declaravit.
1126 4691 1255 4745 Post
1283 4690 1397 4746 haec
1418 4691 1485 4746 ab
1509 4692 1589 4746 eis
1612 4705 1856 4760 qumrcre

270 4783 437 4851 cmpit
466 4781 601 4848 quid
625 4791 827 4850 ageret,
872 4780 1011 4851 apud
1041 4798 1199 4851 quem
1227 4792 1533 4836 sanctorum
1576 4791 1860 4851 sperarent

271 4888 399 4927 eum
433 4872 850 4927 misericordiam
881 4872 1242 4927 inventurum.
1295 4872 1405 4929 Sibi
1436 4881 1611 4927 autem
1644 4874 1859 4943 propin-

270 4977 509 5032 quorum
542 4973 727 5016 mtesta
759 4964 1105 5033 congregatio
1134 4964 1212 5018 sic
1261 4964 1599 5035 respondisse
1630 4963 1799 5020 fertur
1844 4981 1860 5019 :

277 5070 300 5106 σ
339 5054 527 5107 Melius
556 5052 670 5118 tibi,
704 5057 890 5118 frater,
914 5054 1195 5109 consilium
1227 5055 1385 5125 hujus
1409 5056 1486 5111 rei
1519 5056 1649 5111 dare
1689 5060 1864 5112 nesci-

276 5165 419 5211 mus,
448 5150 551 5203 nisi
584 5158 640 5202 ut
678 5166 834 5219 quam
864 5152 1023 5205 citius
1054 5152 1277 5206 festines
1302 5152 1367 5206 ad
1394 5150 1591 5207 Christi
1621 5153 1865 5209 ecclesiae

279 5242 463 5293 ltntina
524 5242 578 5295 in
631 5241 957 5295 Occidentali
1014 5253 1186 5311 parte,
1235 5244 1320 5297 ubi
1376 5244 1550 5298 divina
1610 5244 1865 5299 miracula

275 5332 477 5401 smpius
523 5332 686 5398 fiunt;
720 5335 855 5387 sicut
880 5335 1021 5389 enim
1050 5334 1295 5403 pOpul.tri
1322 5351 1541 5391 rumore
1575 5334 1764 5399 fertur,
1797 5336 1868 5390 ibi

275 5424 615 5477 diversarum
646 5424 1010 5478 infirmitatutu
1039 5441 1235 5496 genera
1265 5436 1631 5493 evacuantur;
1678 5442 1783 5498 quo
1816 5427 1868 5482 in

284 5516 411 5569 loco
476 5517 858 5585 omnipotentis
917 5518 1008 5571 Dei
1065 5521 1406 5573 clementiam
1468 5520 1568 5589 piis
1623 5522 1873 5591 precibus

279 5608 464 5663 tandiu
497 5607 779 5681 efﬂagitcs,
813 5613 1204 5680 prmteritornm
1257 5623 1597 5684 peccatorum
1633 5616 1873 5670 satisfac-

283 5703 481 5755 tionem
553 5703 812 5757 instantcr
879 5704 1181 5774 promittas,
1252 5705 1614 5777 eleetnosynis
1686 5710 1875 5777 quibus

285 5794 487 5861 poteris
517 5795 796 5851 malefacta
843 5806 927 5851 tua
960 5796 1215 5860 redimas.
1244 5798 1415 5853 donec
1446 5811 1497 5855 te
1539 5800 1734 5854 ditium
1781 5816 1873 5869 μου

288 5885 466 5941 tentia:
515 5888 662 5958 larga
695 5892 963 5947 miseratio
1014 5889 1249 5961 prirtina‘
1301 5894 1510 5948 sanitati
1556 5894 1873 5950 incolumem

1871 3277 1919 3340 C

1936 2050 2044 2103 Deo
2070 2049 2433 2116 prastuonitus,
2486 2049 2551 2102 ad
2578 2047 2974 2102 Meldunensem
2998 2048 3275 2102 ecclesiam
3321 2047 3518 2101 cernite

1934 2149 2224 2209 praeeunte,
2245 2148 2322 2192 est
2340 2137 2660 2192 adductusin
2682 2138 2936 2193 crastino.
2964 2137 3298 2207 lllicquidem
3313 2147 3517 2201 septem

1936 2230 2201 2284 continuis
2231 2230 2441 2293 diebus,
2472 2228 2665 2295 vigiliis
2691 2237 2743 2282 et
2774 2228 3133 2291 orationibus,
3167 2229 3257 2282 Dei
3308 2226 3518 2281 miseri-

1936 2321 2171 2378 cordiam
2189 2335 2307 2374 cunt
2331 2328 2637 2375 sanctorum
2662 2333 2881 2373 suorum
2894 2318 3160 2387 suffragiis
3176 2319 3514 2386 deprecatur,

1937 2417 2109 2486 utqui
2143 2425 2359 2470 venerztt
2391 2423 2699 2482 peccatores
2735 2414 2912 2469 salvos
2981 2413 3154 2468 facere
3211 2412 3276 2467 ad
3330 2413 3520 2482 prioris

1938 2506 2155 2561 luminis
2181 2516 2375 2561 statum
2405 2520 2528 2560 eum
2558 2506 2867 2575 dignaretur
2904 2505 3194 2560 adducere.
3236 2504 3517 2559 Sustenta—

1941 2596 2094 2652 batur
2142 2596 2352 2652 interim
2384 2595 2605 2652 fratrum
2657 2595 3034 2666 eleemosynis,
3064 2596 3152 2662 qui
3184 2595 3261 2649 sic
3314 2595 3522 2648 deside-

1942 2689 2093 2745 rabat
2148 2688 2371 2758 gratiam
2425 2688 2658 2743 Domini.
2721 2688 2961 2757 Septimo
3018 2698 3194 2742 autem
3249 2686 3523 2741 Dominito

1940 2781 2049 2850 die,
2094 2781 2450 2851 Redemptore
2477 2789 2660 2836 nostro
2715 2779 2786 2834 illi
2835 2779 3047 2835 volente
3102 2778 3522 2833 misericordiam

1944 2881 2220 2941 prmstare,
2250 2880 2425 2941 atque
2456 2870 2627 2927 fidelis
2655 2871 2740 2925 sui
2771 2868 2964 2925 famam
3008 2870 3171 2925 etiam
3204 2880 3256 2924 et
3307 2869 3359 2923 itt
3418 2868 3539 2922 huc

1944 2962 2222 3032 propalare
2261 2961 2581 3032 (utsitvera
2609 2959 2697 3015 illa
2726 2962 2988 3015 sententia
3024 2960 3202 3033 [Joan.
3234 2975 3340 3023 XIV,
3380 2958 3467 3029 l3]
3508 2976 3519 3011 :

1946 3054 2008 3109 Si
2045 3054 2168 3121 quid
2199 3052 2449 3121 petieritis
2477 3051 2685 3106 Patrem
2713 3052 2766 3104 in
2797 3054 2999 3106 nomine
3035 3068 3148 3105 meo
3218 3052 3303 3119 ﬁet
3336 3050 3537 3121 vobis),-

1947 3142 2100 3198 istius
2149 3142 2334 3198 sancti
2372 3141 2619 3210 precibus
2671 3150 2830 3209 atque
2878 3141 3145 3211 suﬂragiis
3190 3143 3528 3208 aliorumque

1947 3242 2271 3291 sanctorum.
2301 3233 2496 3288 ibidem
2524 3233 2939 3302 quiesccntium,
2966 3233 3136 3287 visum
3186 3248 3342 3303 quem
3387 3234 3522 3286 ami-

1948 3334 2093 3381 serat
2141 3325 2211 3379 ita
2262 3326 2486 3393 recepit.
2541 3324 2674 3379 Dum
2727 3326 2779 3379 itt
2834 3324 3103 3379 Dominica
3157 3323 3245 3379 die
3279 3322 3526 3378 monachi

1950 3431 2098 3473 more
2122 3416 2281 3472 solito
2325 3431 2420 3486 per
2445 3416 2672 3469 claustra
2702 3414 3007 3470 monasterii
3034 3414 3100 3469 ad
3130 3414 3525 3482 processionem

1950 3507 2117 3575 irent,
2146 3516 2303 3576 atque
2346 3506 2411 3560 ad
2461 3506 2732 3560 introitum
2765 3506 3012 3562 ecclesiae
3059 3507 3298 3561 canendo
3342 3504 3528 3559 rediis-

1951 3609 2091 3666 sent,
2163 3599 2256 3653 illo
2324 3599 2374 3653 itt
2439 3598 2616 3653 medio
2681 3598 2858 3670 templi
2919 3608 3041 3651 ante
3108 3596 3419 3652 crucifixum
3477 3596 3527 3647 in

1953 3690 2281 3746 orationibus
2350 3690 2581 3758 jaceute,
2646 3698 2787 3743 tanta
2853 3689 3084 3757 Spiritus
3148 3688 3315 3741 sancti
3363 3686 3529 3753 gratia

1953 3797 2117 3865 super
2134 3797 2255 3837 eum
2278 3780 2577 3845 descendit,
2596 3789 2676 3846 ut,
2703 3780 3044 3834 cernentibus
3066 3777 3291 3843 cunctis,
3317 3775 3547 3841 sanguis

1955 3889 2021 3929 ex
2076 3872 2245 3927 oculis
2291 3872 2407 3940 ejus
2458 3870 2697 3938 guttatim
2753 3867 3032 3931 deflueret,
3096 3876 3149 3921 et
3211 3864 3525 3921 cadentibus

1956 3965 2191 4037 squamis
2221 3978 2280 4019 se
2304 3964 2413 4033 jam
2459 3964 2637 4017 videre
2665 3962 2939 4017 clamaret.
2971 3960 3268 4030 Statimque
3295 3972 3525 4013 consur-

1959 4074 2115 4130 gens,
2170 4058 2262 4127 qui
2316 4067 2440 4111 ante
2491 4058 2608 4111 sine
2660 4055 2882 4109 ductore
2940 4054 3021 4107 ire
3074 4053 3408 4123 nequiverat,
3465 4054 3531 4104 ad

1959 4152 2260 4220 sepulcrum
2312 4149 2481 4204 sancti
2525 4151 2674 4203 solus
2704 4145 2889 4201 venire
2926 4146 3172 4208 festinat;
3224 4144 3317 4211 qui
3342 4143 3432 4197 diu.
3464 4144 3534 4196 ibi

1963 4256 2073 4310 prae
2123 4240 2318 4310 gaudio
2345 4238 2524 4295 flendo
2567 4246 2884 4308 prostratus,
2919 4235 3135 4291 tandem
3184 4250 3534 4310 consurgens.

1962 4307 2087 4384 illuc
2129 4307 2293 4385 Vuntlc
2361 4307 2581 4383 venerat
2642 4336 2737 4383 est~
2791 4342 3059 4382 reversus.
3120 4326 3244 4381 lltec
3299 4307 3544 4379 videntes

1963 4434 2152 4475 omnes
2193 4419 2281 4489 qui
2326 4418 2551 4475 aderant
2596 4420 2704 4475 Deo
2749 4418 2932 4473 laudes
2982 4418 3173 4472 devote
3218 4416 3541 4480 referebant,

1963 4511 2051 4566 cui
2083 4513 2254 4565 honor
2283 4521 2336 4566 ct
2360 4508 2619 4580 gloria-int
2640 4510 2833 4564 saecula
2862 4509 3200 4563 saeculorum.
3244 4514 3437 4563 Amen.
3471 4521 3484 4532 ‘

2036 4602 2289 4672 Superius
2310 4591 2450 4658 serie
2465 4601 2710 4659 lectionis
2727 4600 3025 4666 retulimus,
3050 4599 3407 4654 sacratissima
3423 4612 3542 4653 ossa

1968 4696 2141 4750 Patris
2173 4696 2342 4751 nostri
2373 4693 2663 4757 Aldhelmi,
2696 4702 2913 4763 propter
2942 4691 3212 4745 Danorum
3245 4689 3547 4759 perfidiam,

1963 4807 1990 4844 a
2034 4789 2339 4846 reverendo
2370 4788 2609 4844 antistite
2637 4787 2913 4841 Dunstano
2953 4782 3361 4857 Cantuariorum
3411 4781 3546 4855 infra

1966 4897 2323 4937 marmoream
2350 4880 2584 4935 tumbam
2615 4862 2929 4939 honorifice,
2970 4875 3157 4929 sericis
3201 4872 3546 4933 indumentis,

1968 4975 2156 5044 ligneis
2189 4973 2377 5036 thecis,
2402 4970 2566 5025 fuisse
2590 4970 2877 5031 collocata;
2912 4982 3050 5019 nunc
3074 4974 3249 5019 autem
3294 4969 3549 5031 quantum

1968 5064 2221 5131 temporis
2264 5064 2399 5117 inter
2431 5057 3002 5128 utrorumqueobitum
3037 5056 3320 5123 przcsulum
3366 5055 3549 5119 fuerit,

1969 5162 2290 5223 quantumve
2316 5162 2429 5220 post
2464 5148 2719 5205 Duustani
2750 5144 3127 5202 dormitionem
3148 5146 3389 5215 jacuere,
3418 5163 3554 5217 qua-

1971 5245 2160 5299 litcrve
2188 5252 2242 5298 et
2284 5258 2312 5295 a
2346 5241 2540 5311 quibus
2589 5239 2696 5292 sint
2732 5237 2964 5304 elevata,
3021 5237 3225 5295 referre
3280 5252 3550 5295 curamus.

1974 5338 2163 5393 Fuerat
2198 5337 2277 5390 vir
2298 5334 2398 5388 iste
2427 5347 2455 5385 a
2489 5332 2645 5386 beato
2677 5330 3008 5400 Eleutherio,
3052 5334 3323 5389 Saxonum
3355 5338 3548 5396 quarto

1972 5432 2252 5500 episcopo,
2285 5428 2537 5494 Melduni,
2570 5428 2621 5482 itt
2673 5428 2899 5484 ecclesia
2930 5426 3293 5496 apostolorum
3326 5418 3465 5475 Petri
3497 5428 3552 5470 et

1974 5523 2143 5591 Pauli,
2176 5524 2337 5577 abbas
2356 5520 2651 5586 ordinatus,
2694 5536 2836 5575 anno
2862 5517 3141 5573 dominica:
3167 5509 3552 5568 lncarnaliouig

1975 5615 2365 5669 sexcentesimo
2406 5614 2747 5681 sexagesimo
2771 5619 2825 5664 et
2852 5610 3069 5663 circiter
3098 5613 3257 5659 sexto
3278 5644 3292 5667 ,
3341 5601 3551 5669 episca-

1934 5719 2076 5775 ‘ptts
2096 5719 2245 5769 vero,
2272 5718 2413 5758 anno
2470 5702 2711 5772 ejusdem
2758 5697 2865 5753 veri
2922 5693 3217 5752 Salvatoris
3266 5694 3320 5748 in
3360 5694 3559 5749 mundo

1978 5798 2268 5852 secundum
2320 5811 2536 5851 carnem
2604 5790 2901 5847 nativitatis
2956 5787 3432 5857 septingentesimo
3502 5790 3550 5832 cl

1979 5890 2183 5961 quinto,
2219 5906 2241 5939 τι
2266 5885 2580 5944 D‘itltvvaltlo
2602 5898 2909 5940 succc~sore
2926 5880 3213 5948 Theodori,
3246 5877 3553 5933 Cantuario-
