4070 6182
501 415 729 481 83-

1350 417 1407 472 S.
1450 411 1887 483 ALDllELMUS,
1930 410 2563 473 SCHIREBUIKNENSIS
2598 414 2991 472 EPISCOPUS.
3696 413 3764 473 ει

505 544 623 586 rum
653 525 1049 593 archiprzesule,
1080 525 1195 579 viro
1237 523 1613 578 ecclesiasticis
1641 524 1800 579 rebus
1850 524 2080 590 valente,
2109 525 2163 584 Λ
2187 524 2353 578 sancti
2386 525 2625 594 corporis
2654 524 2812 579 ambo
2856 524 3078 579 abbates
3132 523 3325 582 timore
3382 527 3524 595 ple‘ni
3571 544 3765 587 venero

508 624 881 687 bonorumque
914 630 1119 671 morum
1142 615 1420 670 honestate
1442 615 1597 685 longe
1624 615 1876 685 praedito;
1899 614 2082 669 defun-

506 722 729 781 ctusqne
746 718 827 764 est
841 722 982 762 anno
998 707 1470 776 septingentesimo
1488 720 1657 771 nono;
1680 706 1768 776 qui
1790 705 2082 760 secundum

512 800 651 857 hanc
706 799 1131 870 supputationem
1190 799 1457 865 conjuncti
1513 798 1709 852 fuerint
1737 797 2083 866 quadraginta

504 904 560 951 et
583 906 710 959 tres,
745 908 808 949 ex
836 891 1028 961 quibus
1072 898 1299 959 quatuor
1324 889 1865 957 irreprelrensibiliter
1889 888 1941 943 in
1969 889 2084 956 epi‘

509 984 693 1053 scopio
710 983 860 1047 visit,
881 983 1019 1037 sicut
1038 996 1201 1050 supra
1221 980 1419 1034 dictum
1437 988 1546 1046 est;
1568 979 1781 1050 reliquis
1803 981 1854 1033 in
1877 978 2085 1033 abbatis

506 1080 711 1129 tantum
757 1072 964 1140 ordine,
995 1086 1101 1125 non
1160 1080 1335 1125 tamen
1382 1070 1538 1125 unius
1585 1078 1788 1124 tantum
1837 1070 2083 1135 abbatis»,

504 1164 600 1221 sed
632 1162 918 1217 multarum
971 1162 1223 1231 magister
1250 1163 1470 1215 exstitit.
1509 1160 1785 1214 Przecessit
1837 1159 2083 1228 equidem

507 1256 662 1313 istius
688 1254 739 1308 in
765 1253 980 1307 Christo
1005 1250 1408 1305 archiantistitis
1429 1250 1687 1303 Dunstani
1709 1249 1912 1303 obitum
1932 1248 2086 1302 annis

507 1346 749 1401 ducentis
772 1344 1101 1411 septuaginta
1126 1356 1339 1407 novem,
1373 1350 1428 1396 et
1454 1354 1749 1410 pausavere
1774 1340 1916 1395 illius
1936 1355 2089 1396 reve-

506 1434 690 1490 renda:
712 1433 946 1499 reliquiae
970 1434 1021 1486 in
1048 1434 1164 1487 loco
1190 1433 1276 1487 ubi
1300 1447 1329 1485 a
1349 1432 1619 1504 Dunstano
1637 1429 1850 1485 fuerant
1877 1430 2085 1499 positte,

503 1536 629 1592 rost
677 1524 917 1595 ejusdem
992 1524 1413 1590 arebipontificis
1470 1524 1840 1593 migrationem
1871 1566 1885 1589 ,
1937 1524 2088 1578 annis

501 1620 791 1688 nonaginta
821 1619 1045 1684 duobus,
1079 1618 1218 1673 unde
1244 1617 1468 1673 rele'vari
1504 1619 1603 1673 hoc
1645 1617 1877 1687 denique
1931 1618 2087 1673 modo

502 1714 753 1768 vidimus.

578 1802 812 1856 Praeerat
850 1804 900 1857 in
932 1804 1120 1857 eodem
1148 1800 1395 1858 cmuobio
1422 1803 1590 1858 abbas
1638 1800 1914 1867 War-inus,
1972 1803 2087 1871 plu-

2185 614 2462 668 tumulum.
2488 614 2617 668 Cum
2648 613 2838 683 quibus
2879 613 2985 667 duo
3013 612 3226 680 fratres,
3258 616 3347 685 qui
3370 616 3448 670 eis
3469 617 3533 670 ad
3579 618 3763 675 levan-

2184 704 2307 758 dum
2336 706 2560 773 lapidem
2592 705 2872 775 praebuere
2896 704 3149 759 auxilium
3178 722 3193 771 ς
3224 722 3450 776 quorum
3476 708 3615 762 alter
3653 711 3765 765 Hu-

2184 795 2367 849 bertus
2389 795 2626 861 nomine,
2652 796 2732 848 vir
2755 803 2809 848 et
2836 794 2923 848 ille
2946 795 3094 849 mira:
3123 796 3412 863 patientiae,
3445 800 3532 867 qui
3568 798 3648 869 (ut
3667 814 3767 855 no-

2184 884 2269 939 bis
2292 885 2488 954 saepius
2514 884 2655 938 idem
2684 882 2889 955 retulit)
2920 884 3197 955 cujusdam
3222 886 3546 942 infirmitatis
3573 904 3761 956 grava-

2184 974 2340 1028 batur
2388 974 2640 1042 pondere,
2669 974 2848 1028 statim
2895 982 2952 1028 ut
2976 975 3148 1029 sensit
3173 986 3477 1030 sanctarum
3508 978 3765 1047 reliquia-

2187 1077 2302 1117 rum
2331 1062 2699 1133 fragrantiam,
2725 1063 2778 1117 in
2819 1071 2959 1119 terra
2985 1080 3105 1119 cum
3139 1065 3351 1121 caeteris
3399 1065 3517 1121 lixis
3546 1068 3767 1137 genibus

2188 1151 2282 1206 Dei
2312 1152 2692 1221 omnipotentis
2716 1151 2946 1208 laudavit
2990 1154 3352 1221 clementiam,
3384 1171 3503 1225 quae
3533 1158 3611 1213 sic
3653 1172 3771 1215 san-

2185 1250 2301 1295 ctos
2326 1256 2451 1297 suos
2471 1242 2804 1311 glorificavit,
2824 1253 2881 1298 ιιι
2903 1252 2959 1299 et
2988 1246 3041 1300 in
3069 1249 3207 1302 ctelo
3231 1262 3259 1301 a
3283 1249 3586 1304 concivibus
3606 1265 3764 1321 ange-

2187 1330 2305 1387 licis
2330 1329 2706 1400 spiritibus,'et
2729 1331 2865 1388 inter
2878 1336 3133 1392 mortales
3165 1339 3496 1394 bonorentur
3520 1357 3763 1411 corpora.

2186 1420 2285 1487 Qui
2311 1430 2427 1490 post
2452 1421 2710 1476 orationis
2732 1422 3039 1478 instantiam
3064 1433 3122 1481 ut
3147 1431 3552 1497 surrexit,bene
3577 1448 3767 1491 sanum

2187 1526 2247 1566 se
2272 1512 2458 1576 sensit,
2508 1512 2644 1566 sicut
2674 1512 2828 1569 nobis
2858 1515 3055 1583 saepius
3085 1517 3241 1585 dixit,
3273 1528 3335 1579 et~
3381 1534 3478 1575 nos
3508 1523 3605 1591 ipsi
3650 1538 3769 1576 cum

2187 1605 2367 1660 multis
2397 1604 2769 1671 testificamur,
2802 1608 2893 1677 qui
2943 1622 3071 1663 eum
3114 1611 3244 1666 satis
3299 1611 3568 1667 infirmum
3625 1616 3770 1684 prius

2188 1712 2527 1753 noveramus.
2551 1699 2784 1753 Abbates
2803 1711 2978 1755 autem
3004 1702 3334 1757 recluserunt
3356 1705 3769 1777 sarcophagum,

2188 1795 2243 1841 et
2270 1788 2337 1842 ita
2366 1804 2532 1857 usque
2560 1789 2626 1843 ad
2670 1800 2914 1844 octavum
2944 1790 3106 1857 diem,
3136 1808 3239 1859 quo
3269 1796 3383 1862 ejus
3440 1794 3615 1850 futura
3651 1808 3767 1853 erat

502 1893 655 1947 ribus
683 1892 838 1946 rebus
861 1894 942 1946 vir
988 1892 1232 1947 eruditus
1262 1901 1316 1947 et
1362 1894 1673 1947 monasticat
1724 1870 2079 1960 religiositatis

2191 1876 2464 1943 festivitas,
2490 1877 2741 1933 dimisere
2777 1880 3049 1935 intactmu.
3106 1881 3161 1936 ln
3201 1882 3286 1937 die
3323 1892 3500 1938 autem
3539 1886 3655 1954 ejus
3684 1885 3766 1941 fe-

502 1985 743 2039 doctrina
773 1984 1042 2052 prwditus,
1060 1985 1149 2051 qui
1170 1982 1277 2037 vita
1307 1992 1362 2038 et
1384 1985 1618 2038 moribus
1644 1983 1935 2051 pollentem
1967 1998 2090 2053 gre-

504 2085 623 2142 gem
673 2072 772 2128 sibi
805 2072 1149 2127 commissum
1177 2072 1399 2140 regebat
1428 2073 1735 2126 monasticis
1787 2072 2085 2129 traditioni-

504 2164 626 2218 bus.
660 2163 760 2230 Qui
801 2162 1185 2233 aliquantisper
1212 2162 1278 2216 de
1308 2174 1533 2232 corpore
1582 2162 1833 2218 dubitans
1862 2165 2089 2218 sanetis-

501 2253 665 2317 simo,
717 2253 898 2307 indicit
955 2252 1098 2306 fideli
1142 2253 1539 2324 congregationi
1581 2253 1882 2308 triduanum
1930 2269 2087 2323 agere

503 2343 792 2411 jejunium,
851 2343 1087 2411 psalmos
1135 2342 1328 2397 devote
1394 2342 1525 2397 locis
1589 2342 1837 2411 congruis
1889 2346 2085 2397 decan-

500 2442 654 2499 tare,
686 2434 1039 2504 omnibusque
1096 2434 1267 2489 modis
1334 2444 1457 2488 ante
1503 2433 1696 2489 divinae
1744 2444 2085 2501 conspectum

500 2524 798 2578 clementia
866 2524 1165 2588 humiliari,
1222 2533 1480 2594 quatenus
1548 2524 1928 2593 omnipotentis
1993 2525 2085 2579 Dei

499 2614 861 2670 misericordia
892 2616 1024 2670 tanti
1055 2615 1297 2684 prmsulis
1328 2609 1579 2682 reliquias
1606 2616 1927 2684 reperirent.
1959 2614 2085 2670 Glo-

499 2706 853 2760 cestreusium
878 2707 1035 2760 etiam
1076 2705 1319 2774 religiosa
1367 2706 1731 2776 congregatio,
1791 2706 1915 2774 quia
1964 2705 2088 2760 huic

500 2791 775 2849 charitatis
811 2795 1091 2865 conjuncta
1121 2796 1291 2851 fuerat
1315 2796 1548 2863 vinculo,
1583 2797 1799 2866 iubente
1832 2795 1905 2849 illi
1931 2796 2086 2851 Patre

497 2880 746 2950 Serlone,
797 2885 1052 2957 religione
1096 2886 1387 2940 ntouastica
1418 2886 1735 2952 reverenda,
1790 2887 1888 2939 hoc
1944 2886 2085 2941 idem

497 2972 623 3029 fecit
660 2975 945 3042 jejunium,
978 2976 1030 3031 in
1059 2976 1245 3032 diebus
1296 2986 1540 3031 sanetum
1573 2977 1712 3031 diem
1746 2977 2088 3033 Pentecostes

496 3064 949 3130 praecedentibus.
981 3060 1163 3120 Tertia
1191 3081 1316 3121 vero
1365 3066 1451 3120 die
1482 3066 1804 3134 supradicta;
1832 3067 2087 3122 solemni-

499 3154 644 3219 tatis,
704 3155 842 3209 factu
890 3171 1009 3211 cum
1063 3156 1365 3212 reverentia
1420 3159 1713 3211 matutinali
1766 3157 1965 3223 officio,
2014 3160 2081 3214 ad

2189 1966 2454 2033 stivitatis,
2472 1969 2638 2023 ascito
2652 1970 2721 2024 ab
2742 1969 2932 2025 abbate
2945 1971 3043 2025 loci
3067 1971 3209 2027 illius
3240 1973 3483 2030 dioecesis
3498 1977 3770 2032 Osmundo

2190 2058 2489 2113 orthodoxe
2536 2060 2809 2129 episcopo,
2844 2060 2959 2115 viro
3000 2060 3298 2117 humilitate
3334 2103 3348 2127 ,
3403 2066 3663 2134 sapientia
3716 2074 3773 2122 et

2191 2148 2471 2203 sanctitate
2518 2148 2825 2205 honorando
2878 2161 3038 2221 atque
3092 2152 3362 2219 laudabili,
3422 2165 3476 2209 et
3524 2155 3773 2223 religioso

2191 2239 2383 2296 abbate
2439 2241 2800 2296 Glocestrensi
2860 2242 3203 2310 supradicto,
3264 2260 3384 2298 cum
3440 2246 3771 2306 multitudine

2190 2334 2321 2388 cleri
2354 2343 2406 2387 et
2436 2349 2627 2403 magno
2651 2333 2865 2403 pupuln,
2902 2335 3199 2403 principum
3249 2338 3397 2389 turba
3444 2348 3497 2392 et
3544 2339 3772 2394 catervis

2193 2425 2441 2490 militum,
2474 2424 2607 2478 facta
2639 2433 2722 2478 est
2746 2424 2863 2493 ejus
2892 2426 3120 2480 secunda
3150 2427 3431 2492 revelatio,
3460 2443 3524 2482 ex
3568 2429 3770 2483 tumulo

2190 2532 2296 2587 quo
2318 2518 2519 2586 positus
2550 2528 2629 2572 est
2660 2518 2727 2573 ab
2754 2518 3132 2588 archipraesule
3162 2519 3454 2583 Dunstano,
3488 2530 3541 2575 et
3584 2521 3636 2574 iu
3691 2518 3769 2575 fe-

2191 2618 2334 2665 retro
2364 2620 2551 2664 aurato
2597 2610 2905 2673 honoranda
2941 2626 3033 2680 per
3066 2612 3155 2666 Dei
3188 2627 3372 2667 servos
3404 2613 3598 2667 locatio
3631 2630 3643 2663 :
3679 2612 3769 2668 ubi

2190 2717 2250 2754 ea
2281 2701 2368 2756 die
2396 2710 2449 2755 et
2488 2701 2763 2771 deinceps,
2798 2702 3069 2759 beneficiis
3101 2703 3262 2771 illius,
3321 2712 3376 2758 et
3427 2704 3649 2759 aliorum
3700 2702 3771 2757 ibi

2190 2792 2632 2860 requiescentium
2680 2800 2985 2849 sanctorum
3019 2793 3241 2856 meritis,
3276 2802 3596 2861 prtestantur
3615 2793 3762 2847 sani-

2192 2892 2356 2937 latum
2378 2884 2514 2937 dona
2540 2883 2739 2949 multis,
2764 2884 2831 2937 ad.
2852 2883 3061 2939 laudem
3096 2895 3147 2937 et
3174 2884 3396 2956 gloriam
3432 2884 3643 2938 Domini
3673 2898 3772 2938 no~

2190 2975 2283 3028 stri
2307 2974 2430 3029 .lesu
2458 2974 2679 3041 Christi,
2706 2968 2794 3045 q’ui
2823 2976 3226 3053 vivitetreguat
3249 2991 3341 3045 per
3360 2977 3535 3031 omnia
3567 2974 3765 3031 saecula

2189 3065 2527 3119 saeculorum.
2562 3067 2755 3121 Amen.
2828 3053 2848 3081 '
2997 3053 3001 3057 ’

2637 3283 3760 3307 ...ε--μ--η--ῌ--ι-

1480 3394 1720 3469 κΑΙλΙΑ
1774 3393 2023 3469 VITA
2080 3394 2156 3470 S.
2222 3396 2783 3472 ALDHELMI.

1308 3543 1355 3601 Ε
1423 3544 1852 3604 Caranum
1927 3545 2313 3605 LEGSNDIS
2384 3564 2593 3607 novrs
2668 3553 3008 3608 ANGLHE.

574 3711 767 3764 Beatus
806 3707 1119 3762 Aldhelmus
1167 3707 1596 3775 splendidissimo
1648 3708 1935 3776 Anglorum
1984 3723 2075 3777 ge-
2102 3707 2149 3771 C
2180 3710 2293 3763 snla
2317 3711 2457 3764 enim
2491 3710 2581 3764 illa
2611 3752 2625 3776 ,
2669 3710 2735 3765 ad
2770 3711 3012 3765 miraculi
3062 3712 3370 3765 memoriam
3400 3756 3411 3780 ,
3457 3712 3773 3769 Meldunem

497 3814 628 3858 nere
654 3798 933 3866 oriundus,
964 3799 1133 3853 atavis
1161 3797 1329 3854 etiam
1354 3799 1566 3868 regibus
1598 3807 1675 3852 est
1699 3799 1891 3852 editus.
1923 3795 2078 3853 Pater

497 3892 761 3959 siquidem
792 3891 930 3957 ejus,
972 3892 1187 3945 nomine
1216 3890 1512 3958 Kentenns,
1556 3893 1637 3944 vir
1669 3892 1777 3945 Deo
1811 3890 2032 3945 devotus
2060 3934 2074 3957 ,

498 3983 607 4035 lore
634 3981 775 4049 regis
804 3980 1257 4035 West-Saxonum
1299 3980 1395 4033 fuit
1431 3995 1738 4049 germanus.
1782 3980 1880 4034 llic
1918 3982 2078 4049 igitur

498 4067 773 4125 Kentenus
807 4084 869 4123 ex
898 4054 1066 4123 uxore
1095 4083 1187 4121 sua
1214 4066 1376 4121 filium
1400 4071 1586 4136 genuit
1611 4070 1823 4123 nomine
1857 4071 2076 4125 Aldhel-

496 4176 663 4219 mum.
716 4160 1031 4215 Aldhelntus
1056 4160 1200 4213 enim
1232 4156 1455 4228 Anglice
1474 4198 1490 4223 ,
1534 4159 1718 4213 Latine
1746 4170 1895 4215 vetus
1922 4162 2075 4228 galea

494 4256 907 4323 interpretatur,
956 4253 1079 4320 quia
1122 4253 1273 4321 galea
1322 4253 1508 4306 salutis
1558 4261 1718 4321 caput
1759 4263 2070 4322 protectus,

491 4344 747 4412 Optimam
774 4346 843 4400 de
880 4348 1031 4398 hoste
1070 4346 1121 4398 in
1158 4345 1352 4399 caelum
1385 4346 1591 4398 revexit
1616 4344 1913 4399 victoriam.
1943 4346 2073 4401 Pue-

492 4437 681 4492 rilibus
702 4438 915 4504 elapsus
939 4437 1114 4502 annis,
1150 4437 1457 4491 liberalibus
1486 4436 1675 4490 studiis
1707 4437 1932 4491 traditus
1962 4446 2073 4503 est;

493 4528 579 4581 ubi
610 4528 743 4582 adeo
766 4527 821 4581 in
858 4528 1004 4582 brevi
1037 4527 1298 4591 refloruit,
1341 4540 1399 4581 ut
1429 4527 1735 4582 doctoribus
1763 4543 1898 4596 quos
1929 4528 2078 4582 Grae-

492 4633 584 4673 cos
605 4628 661 4674 et
696 4619 913 4673 Latinos
954 4618 1181 4673 habebat
1210 4617 1578 4688 praeferendus
1607 4622 1985 4675 aestimaretur.
2018 4620 2073 4674 In

490 4700 823 4771 Mpeldunensi
862 4710 1072 4764 demum
1118 4710 1465 4774 monaSterio,
1516 4711 1675 4764 modo
1716 4709 2073 4764 Malmesbiria

489 4810 699 4864 vocato,
728 4802 899 4871 primo
931 4802 1245 4866 monachus,
1276 4802 1472 4857 dehinc
1502 4803 1780 4873 presbyter
1812 4811 1867 4856 et
1909 4802 2074 4856 abbas

489 4892 731 4957 effectus,
759 4894 862 4949 cibi
893 4903 1151 4963 potusque
1173 4894 1446 4949 abstinens
1470 4934 1485 4960 ,
1517 4894 1710 4963 vigiliis
1740 4901 1796 4947 et
1816 4893 2074 4948 orationi—

489 4977 589 5040 bus
613 4986 853 5040 vacabat.
887 4985 1046 5039 Fama
1077 4986 1220 5039 enim
1262 4986 1375 5052 ejus
1416 4984 1600 5038 multis
1641 4983 1923 5052 praeconiis
1955 4983 2074 5036 illu-

2181 3813 2293 3853 sem
2324 3800 2579 3855 hactenus
2602 3801 2878 3855 decoratit
2906 3801 3214 3857 ecclesiam.
3245 3801 3345 3857 l’er
3385 3802 3527 3858 idem
3559 3812 3770 3873 tempus

2179 3892 2403 3960 contigit
2430 3891 2610 3945 Romae
2641 3903 2693 3947 ut
2728 3906 2859 3960 puer
2884 3906 2952 3945 ex
2996 3894 3202 3947 incesta
3248 3899 3421 3949 matre
3459 3895 3769 3964 incestoqne

2180 3989 2328 4047 patre
2354 3981 2526 4034 editus
2558 3982 2750 4034 famam
2781 3981 3057 4051 apostolici
3091 3982 3330 4049 laederet,
3361 3984 3480 4051 quia
3512 3984 3674 4049 enim,
3710 3995 3767 4038 ut

2181 4072 2292 4126 fieri
2325 4075 2459 4125 solet
2488 4115 2500 4136 ,
2529 4075 2759 4138 vulgaris
2793 4075 2974 4141 opinio
3001 4090 3063 4127 ex
3103 4076 3353 4141 pontifice
3381 4076 3615 4144 genitum
3648 4089 3765 4130 cle-

2178 4164 2348 4217 deret.
2378 4163 2582 4215 Anxins
2612 4161 2930 4215 Aldhelmus
2970 4164 3133 4217 multa
3175 4166 3407 4221 amicitia
3450 4166 3763 4221 fmderatnm

2176 4254 2277 4307 sibi
2303 4253 2583 4321 praesulem
2614 4253 2703 4305 tali
2740 4251 2986 4305 foederari
3017 4251 3252 4318 infamia,
3288 4269 3536 4323 puerum,
3573 4270 3762 4309 novem

2177 4344 2288 4397 dies
2314 4357 2341 4395 a
2376 4342 2650 4396 nativitate
2682 4341 2989 4406 habentem,
3020 4342 3256 4397 exhiberi
3286 4345 3558 4411 prmcepit,
3593 4346 3761 4414 impe-

2177 4442 2361 4499 ratque
2386 4432 2437 4485 in
2461 4434 2653 4485 virtute
2674 4440 2726 4485 et
2754 4431 2805 4485 in
2832 4430 3046 4485 nomine
3072 4429 3198 4486 Jesu
3222 4431 3419 4485 Christi
3445 4439 3502 4484 ut
3531 4431 3764 4486 fateatur

2176 4525 2218 4577 si
2252 4523 2465 4592 Sergius
2488 4522 2673 4577 incesti
2706 4519 2952 4575 conscius
2975 4520 3225 4574 habetur.
3264 4521 3555 4588 Respondit
3584 4519 3767 4575 infans

2176 4612 2567 4667 ab:olutissimo
2584 4625 2831 4665 sermone
2852 4610 3143 4665 antistitem
3162 4609 3375 4664 affinem
3392 4610 3633 4673 criminis
3658 4627 3763 4667 nun

2176 4719 2297 4760 esse
2322 4747 2334 4769 ,
2367 4704 2496 4760 nihil
2525 4705 2672 4759 illum
2709 4717 2992 4757 commune
3016 4717 3136 4757 cum
3169 4700 3407 4757 secundo
3430 4716 3567 4757 sexu
3600 4702 3767 4758 habe-

2178 4812 2254 4851 re.
2296 4796 2608 4851 Aldhelmus
2652 4797 2827 4863 itaque
2856 4804 2909 4848 et
2948 4792 3016 4847 ab
3054 4793 3223 4846 amico
3257 4792 3507 4860 pontifice
3542 4791 3749 4861 depulit

2178 4886 2449 4941 infamiam
2475 4929 2489 4951 ,
2522 4895 2577 4941 et
2604 4885 2703 4939 sibi
2748 4883 3100 4938 accumulavit
3132 4884 3377 4951 gratiam.
3412 4882 3546 4937 Cum
3576 4893 3749 4936 autem

2178 4977 2233 5031 in
2260 4976 2506 5031 coenobio
2534 4990 2630 5028 suo
2659 4974 2942 5029 ecclesiam
2972 4984 3167 5027 sancta:
3195 4974 3373 5027 Maria:
3396 4984 3753 5037 construeret,

490 5080 655 5137 sua“.
683 5074 792 5143 iam
824 5090 971 5129 mare
1000 5076 1304 5137 [ransierah
1336 5075 1498 5140 Alpes
1520 5082 1845 5135 excesserat,
1881 5082 1934 5126 ει
1965 5070 2073 5126 Ro.
2109 5054 2158 5113 D
2183 5066 2286 5120 ima
2340 5065 2568 5117 trabium
2616 5063 2916 5115 necessaria
2975 5060 3176 5115 Clll'liOl‘
3225 5063 3342 5117 aliis
3385 5063 3595 5117 inventa
3640 5062 3759 5116 filii.

490 5174 631 5217 mam
665 5174 1049 5230 penetraverat.
1082 5166 1194 5231 Qua
1226 5165 1475 5219 incitatus
1517 5178 1649 5233 papa
1687 5162 1904 5233 Sergius
1939 5165 2063 5218 scri-

489 5254 599 5326 ptis
636 5270 756 5311 eum
788 5257 973 5311 ascivit
1017 5268 1071 5311 et
1116 5256 1408 5311 honorifice
1448 5257 1703 5323 suscepit.
1751 5255 1881 5307 Dum
1929 5254 2069 5308 enim

488 5347 717 5414 quadam
750 5347 836 5401 die
860 5348 911 5401 in
940 5346 1286 5401 Lateranensi
1311 5347 1541 5400 ecclesia
1569 5346 1785 5400 misSam
1816 5344 2072 5398 celebras-

487 5446 591 5503 set,
613 5444 667 5493 ει
689 5438 924 5492 casulam
951 5437 1207 5499 exuisset,
1238 5436 1473 5503 porrexit
1499 5450 1617 5489 cam
1652 5444 1796 5489 retro
1823 5449 1902 5498 se,
1930 5444 2078 5488 tatus

489 5526 641 5580 alicui
686 5526 1056 5581 ministrorum
1088 5525 1229 5577 illam
1272 5521 1503 5577 tradere.
1546 5523 1651 5579 Sed
1676 5524 1797 5593 quia
1837 5523 2075 5578 servien-

489 5614 620 5667 tiutu
642 5614 813 5681 defuit
840 5614 1098 5671 industria
1121 5653 1138 5680 ,
1170 5612 1343 5665 divina
1377 5627 1495 5667 mox
1522 5609 1691 5667 adfuit
1717 5612 2070 5681 pravidcntia.

489 5702 787 5761 Confestim
812 5720 1042 5776 namque
1082 5702 1259 5757 radius
1299 5702 1492 5758 solaris
1532 5716 1624 5769 per
1665 5702 1955 5758 fenestram
1996 5705 2070 5758 ir-

492 5804 748 5865 rumpens
778 5798 1010 5853 casulam
1051 5796 1262 5864 excepit
1299 5806 1349 5850 et
1380 5810 1496 5851 eam
1538 5798 1625 5849 diu
1668 5796 1938 5851 sustinuit.
1972 5796 2073 5852 (la-

2178 5153 2490 5208 Aldhelmus
2522 5152 2703 5219 igitur,
2737 5150 2851 5205 fusa
2879 5150 2945 5204 ad
2991 5151 3155 5205 Deum
3186 5166 3364 5218 prece,
3400 5152 3602 5205 trabem
3634 5168 3756 5206 mox

2172 5246 2319 5315 juxta
2347 5253 2527 5299 votum
2558 5244 2858 5312 elongatam
2890 5242 3106 5297 invenit.
3135 5242 3205 5295 Ea
3241 5250 3553 5310 tempestate
3575 5256 3603 5294 a
3633 5241 3762 5297 Ber—

2178 5337 2409 5392 thwaldo
2452 5336 2851 5403 archiepiscopo
2899 5335 2963 5389 ad
3014 5334 3339 5404 colloquium
3390 5333 3641 5399 ascitum,
3690 5351 3755 5390 en

2178 5430 2323 5500 juxta
2359 5430 2505 5483 littus
2546 5427 2705 5482 maris
2737 5436 3051 5481 transeunte
3075 5469 3089 5493 ,
3124 5436 3299 5479 nauta:
3328 5425 3542 5494 quidam
3586 5425 3758 5493 ipsutn

2183 5524 2419 5578 vestibus
2450 5521 2725 5577 sordidum
2757 5529 3100 5573 contemnere
3126 5528 3178 5573 et
3206 5517 3448 5572 deridere
3477 5532 3580 5571 non
3610 5533 3758 5572 vere-

2183 5617 2391 5671 bantur.
2426 5615 2488 5668 Et
2514 5628 2641 5669 ecce
2666 5610 2940 5667 contrario
2964 5608 3129 5665 ﬂante
3153 5620 3309 5663 vento
3333 5624 3479 5665 mare
3511 5608 3753 5679 insurgit,

2184 5705 2355 5760 hiems
2380 5706 2552 5769 smvit,
2586 5712 2877 5771 tempestas
2909 5702 3200 5756 invalescit.
3238 5700 3600 5755 Peririilattles
3632 5715 3757 5769 ergo

2184 5806 2357 5851 nauta:
2389 5804 2440 5849 ct
2477 5794 2664 5849 mortis
2698 5794 2881 5850 horam
2916 5800 3286 5861 exspectantes
3312 5832 3327 5859 ,
3370 5799 3572 5845 reatum
3603 5804 3756 5843 suum
