4070 6182
503 384 571 440 87
1345 379 1400 434 S.
1444 375 1796 434 ALDIIELMI
1831 372 2119 432 OPERUM
2160 373 2339 432 PARS
2376 375 2509 430 |.—
2534 372 2890 430 EPISTOLIE
3681 385 3750 444 83

507 495 791 568 provinciae
839 494 982 551 illius
1005 491 1194 548 solitos
1222 489 1456 546 ablatum
1486 489 1611 545 inde
1651 490 1922 560 pulverem
1955 503 2079 559 pro-
2108 492 2161 555 Α
2186 501 2304 547 eam
2325 488 2580 544 dominici
2609 487 2826 543 Pascha
2866 487 3278 542 celebrationem
3311 485 3472 558 hujus
3519 487 3747 545 lectione

507 599 622 656 pter
649 587 959 658 languentes
980 586 1032 640 in
1055 597 1245 654 aquam
1269 583 1479 637 mittere
1504 590 1664 652 atque
1686 581 1842 652 hujus
1866 591 2078 652 gustum

505 680 623 735 site
645 678 1007 746 aspersionem
1031 674 1211 729 multis
1231 675 1512 728 sanitatem
1538 674 1755 743 aegrotis
1776 681 1832 729 et
1853 673 2080 727 homini-

505 769 608 826 bus
633 777 688 824 et
718 767 997 835 pecoribus
1021 765 1292 829 conferre;
1353 774 1572 834 propter
1619 764 1762 835 quod
1811 764 2077 835 frequenti

502 857 770 912 ablatione
816 855 1050 925 pulveris
1075 854 1212 910 sacri
1263 854 1401 910 iussa
1431 854 1501 910 sit
1553 854 1750 911 ibidem
1805 854 1941 912 facta
1971 873 2075 912 non

497 947 737 1001 tttinitna.
2050 1002 2052 1005 .

569 1038 686 1105 Quo
713 1036 986 1101 defuncto,
1015 1037 1349 1107 episcopatus
1389 1037 1674 1106 provincia:
1695 1038 1838 1092 illius
1869 1039 1919 1092 in
1944 1037 2076 1092 duas

497 1126 780 1197 parochias
801 1125 1000 1182 divisus
1021 1135 1105 1180 est
1137 1142 1151 1179 :
1182 1141 1282 1180 una
1304 1126 1426 1180 data
1469 1127 1694 1194 Danieli,
1719 1142 1876 1197 quam
1908 1141 2075 1196 usque

497 1218 658 1273 hodie
687 1217 844 1288 regit;
873 1216 1044 1273 altera
1069 1217 1372 1286 Aldhelmo,
1403 1221 1487 1274 cui
1519 1220 1674 1274 annis
1696 1229 1921 1289 quatuor
1939 1227 2074 1272 stre-

504 1308 758 1363 nuissime
778 1308 986 1376 pratfuit
1010 1326 1024 1362 :
1051 1309 1208 1364 ambo
1227 1319 1281 1364 et
1303 1312 1355 1364 in
1379 1311 1540 1367 rebus
1558 1310 1931 1366 ecclesiasticis
1951 1311 2072 1364 etin

498 1394 720 1450 scientia
749 1395 1146 1465 Scripturarum
1175 1397 1787 1454 sufficienterinstructi.
1809 1397 2070 1468 Denique,

494 1484 830 1551 Aldhelmus,
864 1501 984 1541 cum
1015 1485 1188 1540 adhuc
1213 1497 1357 1540 esset
1382 1486 1660 1555 presbyter
1684 1497 1739 1541 et
1767 1487 1933 1542 abbas
1959 1504 2074 1542 mo-

495 1575 715 1630 nasterii
735 1577 873 1644 quod
904 1575 1140 1630 Mailduﬁ
1169 1577 1354 1633 urbem
1403 1580 1702 1641 nominaut,
1722 1578 1954 1647 scripsit,
1982 1579 2071 1648 ju-

491 1661 654 1718 bente
669 1664 874 1734 synodo
898 1679 1011 1720 sua:
1037 1666 1210 1736 gentis
1239 1705 1255 1733 ,
1285 1667 1476 1722 librum
1506 1669 1778 1737 egregium
1814 1668 2071 1726 adversus

491 1766 728 1807 errorem
771 1753 1067 1819 Britonum,
1097 1771 1202 1825 quo
1230 1757 1316 1812 vel
1339 1759 1544 1814 Pascha
1567 1775 1674 1814 non
1702 1776 1802 1814 suo
1831 1771 2071 1831 tempore

2184 579 2447 650 perduxit.
2478 579 2779 648 Scripsitet
2817 579 2887 634 de
2917 579 3232 651 Virginitate
3259 580 3453 636 librum
3483 581 3747 637 eximium

2180 685 2336 738 quem
2369 670 2422 723 in
2451 670 2753 738 exemplum
2775 669 2999 734 Sedulii,
3025 672 3296 742 geminato
3325 686 3511 738 opere.
3538 682 3592 727 et
3619 687 3750 729 ver-

2176 761 2324 816 sibus
2353 761 2675 818 hexametris
2698 770 2755 817 et
2777 776 2956 832 prosa,
2987 763 3306 831 composuit.
3331 764 3558 833 Scripsit
3582 766 3754 820 etalia

2175 854 2426 908 nonnulla
2461 892 2478 920 ,
2509 863 2693 924 utpote
2721 853 2802 909 vir
2829 852 3179 944 undecunque
3217 856 3562 910 doctissimus
3590 875 3603 911 :
3631 873 3754 913 nam

2175 955 2229 999 et
2257 959 2504 1002 sermone
2531 946 2731 1002 nitidus
2759 954 2818 1002 et.
2851 945 3236 1015 scripturarum
3264 987 3279 1010 ,
3313 957 3370 1001 ut
3406 947 3535 1013 dixi,
3561 956 3666 1002 tam
3689 949 3726 1002 Ii
3754 983 3758 989 ι

2175 1033 2436 1089 beralium
2461 1049 2617 1103 quam
2649 1035 3138 1090 ecclesiasticarum
3166 1043 3283 1090 erat
3303 1035 3602 1093 eruditione
3637 1037 3756 1092 nti-

2174 1125 2390 1180 randus.
2431 1127 2547 1192 Quo
2574 1127 2830 1182 defuncto
2853 1167 2870 1193 ,
2894 1128 3270 1197 pontiﬁcatum
3301 1142 3398 1197 pro
3426 1143 3493 1183 eo
3517 1129 3756 1198 suscepit

2174 1213 2450 1280 Forthere,
2480 1216 2570 1284 qui
2624 1232 2793 1286 usque
2825 1217 2985 1272 hodie
3031 1227 3318 1286 superest;
3348 1217 3428 1273 vir
3476 1230 3534 1276 ct
3561 1220 3672 1290 ipse
3701 1220 3753 1275 in

2171 1305 2461 1377 Scripturis
2479 1307 2677 1362 sanctis
2705 1307 2932 1361 multum
2955 1309 3214 1364 eruditus.

2575 1401 2660 1455 Ea:
2687 1401 2843 1456 wm.
2868 1400 3081 1457 natm.
3109 1403 3185 1458 De
3213 1404 3376 1476 chg.

2242 1488 2390 1544 Fecit
2417 1489 2522 1545 duo
2551 1491 2906 1546 monasteria:
2932 1508 3094 1548 unum
3126 1496 3252 1564 sibi,
3279 1498 3510 1552 alterum
3554 1497 3750 1553 sorori.

2170 1579 2382 1638 Sororis
2431 1583 2735 1639 coenobium
2763 1586 3060 1654 appellatur
3101 1587 3455 1658 Berekingutn
3506 1589 3558 1644 in
3589 1591 3755 1646 latere

2170 1667 2458 1727 Londonia:
2483 1674 2550 1728 ad
2579 1682 2702 1730 octo
2719 1674 2962 1730 milliaria
3001 1676 3184 1732 situm.
3207 1677 3282 1732 lbi
3310 1679 3397 1732 illa
3426 1679 3749 1749 Ethelberg:

2167 1770 2356 1814 vocata
2427 1761 2612 1817 habuit
2661 1762 2996 1821 coluerentes
3022 1765 3120 1820 sibi
3142 1767 3440 1822 sanctitatis
3464 1777 3517 1824 et
3544 1769 3754 1838 pietatis

489 1841 785 1910 celebrant,
811 1844 895 1898 vel
935 1845 1037 1899 alia
1069 1847 1315 1916 perplura
1347 1851 1720 1904 ecclesiasticae
1749 1853 1981 1907 castitati
2007 1862 2063 1909 et
2098 1837 2139 1897 Β
2167 1851 2338 1905 socias
2356 1849 2671 1906 "ildelidam
2698 1854 2938 1923 υτοιὶωο
2960 1855 3076 1911 loco
3101 1837 3573 1925 successorem.“
3594 1875 3752 1928 αυεηη

491 1929 611 1996 paci
639 1933 904 1987 contraria
933 1943 1145 2003 gerunt,
1164 1935 1463 2004 multosque
1492 1953 1676 1992 eorum
1698 1939 1787 2009 qui
1804 1941 2065 1995 Occiden-

493 2019 688 2078 talibus
723 2022 1019 2079 Saxonibus
1038 2025 1236 2080 subditi
1264 2037 1416 2082 eraut
1462 2029 1705 2084 Britones
1745 2029 1812 2084 ad
1839 2031 2066 2086 catholi-

2166 1950 2340 1997 exstat
2405 1943 2634 2002 emissus
2685 1946 2977 2004 beatissimi
3043 1949 3312 2006 Aldhelmi
3362 1950 3432 2007 de
3487 1951 3752 2023 virginum

2170 2032 2326 2090 laude
2352 2033 2553 2092 Codex.

490 2208 3748 2255 mm

1260 2344 1937 2462 SANGTI
2013 2350 2978 2467 ALDHELMI

1667 2556 2244 2612 SCHIREBURNENSIS
2281 2561 2562 2616 EPISCOPI

1555 2725 2663 2922 EPISTOLZE,

2049 2935 2189 3014 srva

1402 3093 1640 3177 EJUS
1697 3102 2117 3184 OPERUM
2177 3110 2493 3190 PRIMA
2555 3117 2826 3194 PARS.

1050 3349 1378 3409 EPISTULA
1420 3349 1458 3408 l.

885 3482 1150 3522 ALDIIELIII
1194 3486 1259 3524 ΔΙ)
1298 3486 1622 3527 οειιυκτιυιι.

538 3577 684 3650 μίμεο
721 3580 923 3650 epistola
964 3581 1092 3650 inter
1133 3581 1362 3650 Bonifacii
1399 3583 1537 3635 Mart.
1565 3584 1738 3648 Epistt.
1765 3589 2012 3650 reperitur
2043 3603 2055 3638 :

474 3639 588 3691 inde
614 3641 706 3689 huc
729 3641 980 3692 translata.
1015 3641 1194 3704 Gutus]

548 3721 773 3775 Domino
809 3720 1216 3790 gloriosissimo,
1264 3724 1607 3782 occidentalis
1655 3731 1800 3800 regni
1843 3741 2057 3801 sceptra

472 3810 809 3880 gubernanti,
827 3827 982 3881 quem
1013 3828 1131 3884 ego,
1161 3825 1218 3871 ut
1247 3817 1373 3872 mihi
1398 3830 1662 3876 scrutator
1694 3823 1870 3878 cordis
1899 3832 1950 3878 et
1979 3839 2060 3878 re-

479 3916 595 3954 runi
629 3904 777 3955 testis
805 3913 908 3970 est,
936 3905 1167 3961 fraterna
1191 3909 1446 3967 cbaritate
1465 3913 1778 3983 amplector,
1800 3916 2059 3971 Gcruntio

477 3989 607 4060 regi,
627 3991 890 4062 simulque
915 3997 1118 4050 cunctis
1141 3997 1237 4052 Dei
1258 3999 1620 4056 sacerdotibus
1647 4018 1740 4070 per
1760 4005 2056 4060 Domnonia

475 4085 935 4150 conversantibus,
986 4087 1321 4155 Aldltcimus,
1353 4089 1470 4144 sine
1503 4092 1813 4147 meritorum
1849 4108 2054 4162 prtere-

475 4173 648 4243 gativa
693 4174 898 4230 abbatis
930 4174 1103 4232 ofﬁcio
1152 4177 1384 4247 functus,
1429 4179 1715 4250 optabilem
1744 4181 1796 4236 in
1829 4183 2056 4239 Domino

469 4263 718 4321 salutem.

550 4356 727 4424 Nuper
754 4370 874 4410 cum
899 4373 1068 4414 essent
1097 4360 1147 4414 in
1177 4356 1401 4416 concilio
1428 4363 1822 4433 episcoporum,
1852 4379 1915 4421 ex
1945 4372 2053 4421 tota

475 4455 610 4511 pene
657 4443 924 4501 Britannia
978 4446 1380 4504 innumerabilis
1434 4449 1527 4505 Dei
1577 4451 1916 4507 sacerdotqu
1965 4467 2056 4508 ca-

475 4548 623 4590 terva
657 4535 932 4605 conﬂuxit,
965 4537 1032 4592 ad
1062 4541 1162 4593 hoc
1188 4539 1483 4609 praesertim
1513 4551 1856 4612 congregata,
1877 4550 1938 4598 ut
1958 4557 2054 4613 pro

477 4625 836 4682 Ecclesiarum
881 4629 1240 4684 sollicitudine
1292 4639 1348 4684 et
1403 4629 1704 4685 animarum
1751 4631 1922 4686 salute
1984 4632 2054 4687 ab

2089 3362 2134 3424 ο
2167 3357 2271 3416 iam
2321 3361 2419 3415 sub
2457 3362 2732 3432 disciplina
2777 3366 3007 3422 cmuobii
3060 3368 3286 3426 solerter
3337 3384 3611 3436 exerceat,
3655 3377 3748 3430 aut

2166 3462 2333 3518 certe,
2376 3461 2686 3508 cunctorum
2727 3457 3030 3513 mortalium
3063 3461 3409 3517 contubernia
3441 3465 3741 3532 declinans,

2163 3535 2216 3596 in
2246 3541 2486 3612 squalida
2524 3541 2813 3600 solitudine
2838 3557 3076 3605 remotus
3102 3553 3570 3620 contemplativatn
3611 3571 3741 3608 ana-

2162 3629 2451 3685 choreseos
2482 3640 2700 3700 peragat
2729 3633 2889 3686 vitam
2911 3634 2934 3687 ?
2955 3633 3119 3704 Igitur
3153 3646 3209 3690 ut
3238 3639 3434 3692 certius
3458 3649 3632 3692 vestra
3659 3655 3744 3693 sa-

2161 3720 2361 3790 gacitas
2403 3721 2828 3777 animadvertere
2867 3733 3028 3792 queat
3071 3741 3167 3793 pro
3199 3727 3391 3795 quibus
3421 3729 3594 3782 «ausis
3625 3745 3740 3784 mea

2163 3811 2504 3868 mediocritas
2536 3815 2735 3884 scripta
2765 3811 3040 3881 dareserit,
3067 3818 3449 3886 compendiose
3478 3829 3532 3872 et
3557 3820 3740 3872 brevi-

2162 3909 2244 3990 ter
2285 3905 2600 3960 enueleabo.
2655 3906 2910 3961 Auditum
2961 3923 3188 3980 namque
3216 3919 3271 3964 et
3299 3910 3528 3966 diversis
3559 3923 3741 3965 rumo-

2160 4011 2276 4050 rum
2308 3996 2545 4052 rclativis
2573 4008 2907 4068 compertum
2954 4001 3110 4056 nobis
3140 4007 3220 4056 est
3258 4001 3400 4070 quod
3433 4002 3740 4056 sacerdotes

2160 4087 2320 4141 vestri
2347 4082 2400 4140 in
2429 4088 2706 4142 catholica:
2737 4090 2860 4144 fidei
2882 4091 3084 4158 regula,
3120 4092 3412 4147 secundum
3443 4091 3739 4161 Scriptura:

2158 4188 2503 4249 praeceptum,
2554 4178 2774 4234 minimc
2819 4182 3165 4247 concordent,
3197 4192 3251 4237 et
3297 4201 3392 4252 per
3434 4199 3618 4239 eorum
3669 4185 3741 4238 εἰσ

2157 4269 2408 4324 multates
2448 4270 2503 4324 et
2563 4283 2766 4338 pugnas
2815 4270 3120 4334 verborum,
3174 4271 3225 4326 in
3270 4273 3509 4328 Ecclesia
3543 4275 3738 4328 Christi

2157 4369 2318 4428 grave
2355 4355 2587 4414 schisma
2624 4367 2679 4414 ct
2706 4358 2926 4414 crudele
2953 4360 3266 4415 scandalum
3292 4373 3564 4430 nascatur,
3594 4364 3737 4433 quod

2160 4444 2557 4524 l‘salmographi
2588 4448 2851 4510 sententia
2887 4462 3112 4508 testatur
3141 4455 3324 4511 dicens
3357 4469 3372 4511 :
3416 4449 3531 4511 Pax
3578 4460 3739 4512 multa

2157 4541 2484 4610 diligentibus
2521 4559 2702 4596 nomen
2750 4546 2928 4608 tuum,
2962 4550 3010 4598 et
3050 4555 3152 4598 nan
3179 4555 3254 4599 est
3291 4548 3345 4600 in
3373 4545 3478 4601 illis
3515 4549 3736 4602 scanda-

2156 4628 2283 4685 lum.
2317 4631 2505 4688 Pacem
2535 4636 2730 4704 quippe
2769 4635 3040 4705 religionis
3067 4637 3152 4705 pia
3189 4637 3473 4693 concordia
3501 4640 3735 4710 copulat,

473 4717 719 4774 erunibus
748 4717 961 4774 decreta
999 4734 1263 4773 canonum
1293 4727 1347 4774 ct
1375 4718 1590 4774 Patrum
1620 4729 1818 4776 statuta
1847 4729 2045 4777 tracta-
2079 4730 2132 4792 ι)
2158 4725 2294 4778 sicut
2325 4724 2637 4780 charitatem
2668 4725 2782 4780 dira
2823 4729 3096 4782 contentio
3135 4725 3482 4784 contaminat.
3511 4727 3641 4785 Nam
3672 4735 3737 4785 ad

476 4819 681 4875 rentur,
693 4818 748 4864 et
765 4809 818 4864 in
833 4809 1357 4877 contmune,Christo
1370 4811 1722 4880 patrocinium
1739 4822 2044 4882 przestante,

478 4911 941 4958 conservarentur.
975 4900 1066 4955 llis
1090 4901 1247 4970 igitur
1276 4900 1378 4954 rite
1411 4903 1658 4967 precatis,
1689 4917 1848 4956 omne
1868 4917 2047 4959 sacer-

473 4993 648 5046 dotale
675 4993 954 5047 concilium
971 5031 987 5058 ,
1013 5005 1187 5047 meam
1213 4989 1527 5059 parvitatem
1552 4989 1666 5059 pari
1697 4995 1964 5058 prmceplo
1994 5001 2048 5045 et

471 5082 627 5136 simili
671 5085 932 5138 sententia
979 5085 1370 5154 compulerunt,
1401 5092 1458 5136 ut
1500 5082 1564 5136 ad
1609 5092 1800 5136 vestra:
1834 5083 2048 5151 pietatis

469 5171 808 5239 praesentiam
837 5173 1151 5240 epistulares
1189 5177 1485 5231 litterarum
1530 5174 1709 5242 apices
1741 5172 2045 5243 dirigerem,

471 5272 526 5318 ct
551 5277 736 5319 eorum
781 5271 1051 5333 paternam
1103 5268 1432 5334 petitionem,
1466 5269 1840 5336 salubremque
1863 5282 2050 5336 sugge-

473 5357 727 5423 stionem,
761 5371 855 5424 per
884 5357 1096 5422 scriptae
1123 5357 1317 5425 stylum
1348 5359 1673 5423 intimarcm,
1719 5358 1818 5411 hoc
1848 5368 1952 5421 est,
1982 5357 2049 5412 de

473 5447 728 5502 Ecclesia:
767 5445 1046 5502 catholica:
1085 5447 1287 5500 unitate
1331 5455 1385 5500 et
1419 5447 1738 5502 Clr'istianru
1779 5448 2046 5517 religionis

467 5539 773 5606 concordia,
821 5539 935 5595 sine
973 5537 1165 5608 quibus
1217 5536 1386 5591 etiosa
1433 5536 1704 5605 torpescit,
1743 5547 1797 5593 et
1842 5553 2049 5596 merces

472 5623 645 5680 futura
687 5628 900 5686 fatiscit.
934 5630 1070 5698 Quid
1105 5629 1246 5685 enim
1278 5636 1500 5694 prosuul
1529 5628 1788 5684 bonorum
1828 5639 2046 5698 o’pcrnm

468 5715 845 5790 cntoluntenta,
871 5721 914 5775 si
942 5732 1089 5776 extra
1113 5719 1431 5775 catholicam
1461 5729 1709 5789 gerantur
1733 5722 2045 5789 Ecclesium,

465 5821 625 5866 etiam
661 5814 703 5868 si
735 5815 921 5885 aliquis
951 5816 1213 5872 actualent
1249 5813 1429 5884 rigidae
1458 5815 1874 5871 conversationis
1901 5831 2048 5888 tegu-

2153 4815 2353 4869 unitate
2376 4831 2407 4868 ιι
2475 4816 2824 4873 fraternitatis
2872 4828 3034 4874 rectm
3092 4819 3213 4874 fidei
3253 4830 3548 4876 sectatores
3591 4822 3739 4876 Psal-

2153 4905 2306 4958 mista
2352 4906 2384 4958 lt
2426 4914 2614 4969 rtatur,
2676 4908 2922 4977 inquiens
2973 4924 2988 4961 :
3050 4907 3186 4961 Deus
3233 4911 3323 4978 qui
3355 4910 3587 4964 habitare
3615 4911 3738 4980 facit

2151 4996 2414 5049 unanimes
2466 4997 2519 5048 in
2567 4998 2740 5050 domo.
2802 4998 2998 5051 Domus
3053 5013 3180 5052 vero
3233 4999 3387 5065 haec,
3437 4999 3730 5055 secundum

2151 5084 2494 5154 allegoriam,
2539 5086 2775 5139 Ecc'esia
2807 5101 2901 5153 per
2941 5096 3081 5139 totos
3124 5089 3308 5144 mutuli
3348 5089 3590 5143 cardines
3635 5088 3738 5142 dif-

2153 5176 2269 5230 fusa
2301 5176 2634 5245 intelligitur.
2682 5175 2926 5232 llmrctici
2961 5193 3192 5250 namque
3222 5187 3276 5234 et
3314 5180 3637 5234 scitismatici
3669 5181 3737 5233 ab

2156 5268 2408 5325 Ecclesiae
2438 5269 2697 5323 societate
2724 5270 2991 5334 extranei,
3027 5287 3120 5338 per
3142 5271 3546 5326 contentionum
3578 5285 3735 5340 argu-

2153 5368 2351 5424 menta,
2402 5358 2456 5412 itt
2513 5359 2716 5412 mundo
2756 5359 3098 5428 pnllulanlcs,
3147 5370 3220 5425 et,
3268 5361 3434 5416 veluti
3467 5363 3732 5417 horrenda

2151 5449 2480 5504 zizaniorum
2511 5450 2714 5505 semina
2749 5452 2799 5504 in
2850 5455 3027 5506 medio
3077 5453 3318 5508 fecundat
3356 5456 3552 5524 segetis
3591 5461 3730 5518 sata,

2152 5542 2475 5597 dominicam
2517 5557 2744 5598 messem
2789 5545 3078 5600 maculant.
3117 5546 3220 5600 Sed
3259 5545 3625 5616 hujuscemodi
3655 5543 3733 5597 al-

2153 5631 2464 5686 tercationis
2507 5633 2852 5702 opprobrium
2916 5636 3203 5702 apostolica
3250 5637 3543 5705 compescit
3602 5637 3732 5690 huc.

2153 5723 2292 5777 cina.
2339 5724 2437 5790 Qui
2468 5726 2590 5785 ruit.
2625 5726 2812 5796 inquit,
2859 5729 3205 5781 contentiosa:
3251 5744 3379 5795 esse,
3430 5745 3522 5781 nos
3579 5726 3732 5779 talem

2151 5817 2562 5873 consuetudinem
2615 5831 2714 5870 non
2759 5818 3022 5888 habemus,
3071 5835 3158 5873 nrt:
3192 5818 3424 5874 Ecclesia
3458 5817 3570 5885 Dei,
3616 5833 3730 5884 qua
