4068 6182
387 392 460 448 so
1812 395 2145 455 EPISTOLA
2186 399 2226 454 t.
3593 414 3661 470 οο

393 524 492 563 non
528 504 680 562 habet
726 506 982 562 maculam
1024 519 1111 563 aut
1135 524 1336 582 rugam.
1366 507 1555 567 Pacem
1590 526 1840 580 namque,
1868 510 1971 565 Ca—
2004 510 2049 567 Α
2078 511 2213 565 cima
2235 523 2421 582 quarta
2460 515 2580 571 luna
2627 532 2795 589 usque
2825 517 2890 574 ad
2926 519 3235 591 vigesimam
3276 523 3499 593 primam
3527 543 3661 599 snp—
3690 506 3693 509 Α

390 600 713 655 tholicorum
736 610 966 656 matrem
986 641 1003 667 ,
1033 611 1086 656 et
1110 602 1338 657 filiorum
1372 604 1463 657 Dei
1490 604 1804 672 genitricem
1832 617 1975 668 esse,

388 691 697 761 evangelica
747 691 1090 760 promulgant
1133 693 1344 747 oracula
1377 711 1389 745 :
1424 691 1572 747 Beati
1600 694 1823 763 paciﬁci,
1854 704 1980 761 quo-

391 784 537 837 niam
564 782 659 849 [itii
688 780 781 834 Dei
810 783 1149 836 vocabuntur.
1182 782 1329 837 Unde
1355 783 1580 837 Domino
1606 795 1661 838 et
1692 784 1973 839 Salvatore

392 886 580 930 nostro
607 889 634 925 a
682 887 894 927 summo
943 874 1199 928 C(Blul'tlm
1249 875 1457 945 fastigio
1497 876 1885 939 descendente,
1916 884 1977 930 nt

390 958 810 1034 chirographum
845 964 1158 1034 protnplasti
1197 965 1434 1031 deleret,
1475 975 1529 1020 et
1558 967 1809 1020 mundum
1851 979 1978 1033 pace

388 1060 668 1127 sequestra
719 1056 1131 1123 reconciliaret,
1178 1057 1411 1125 angelica
1460 1058 1651 1113 cecinit
1701 1057 1975 1113 melodia:

392 1141 572 1200 Gloria
604 1146 655 1199 in
687 1144 901 1198 excelsis
929 1142 1035 1198 Deo
1060 1152 1105 1198 et
1129 1138 1183 1198 in
1214 1153 1348 1199 terra
1378 1162 1481 1215 prta:
1510 1147 1796 1200 hominibus
1829 1147 1976 1200 bona:

390 1236 686 1292 voluntatis.
739 1230 802 1290 Et
843 1234 1120 1289 Psalmista
1156 1253 1170 1288 :
1204 1229 1346 1301 Fiat,
1380 1238 1581 1306 inquit,
1631 1253 1736 1303 pax
1778 1238 1832 1291 in
1874 1240 1977 1290 vir-

388 1338 498 1383 tute
524 1338 637 1396 tua,
670 1337 713 1382 et
749 1325 1066 1381 abundantia
1095 1320 1147 1381 in
1177 1329 1402 1383 turribus
1431 1331 1549 1383 tuis.
1604 1328 1838 1400 Denique
1886 1345 1977 1383 rn-

392 1435 516 1473 rnor
546 1419 797 1473 Ecclesia:
829 1418 951 1473 lidei
980 1419 1280 1473 contrarius
1307 1420 1461 1490 longe
1505 1421 1713 1489 lateque
1754 1435 1973 1490 percre-

390 1510 524 1577 buit,
559 1508 701 1579 quod
728 1509 832 1563 sint
862 1509 915 1563 in
954 1510 1225 1579 provincia
1270 1520 1443 1564 vestra
1468 1512 1682 1580 quidam
1714 1511 1973 1565 sacerdo-

387 1610 469 1657 tes
516 1610 573 1656 et
600 1600 782 1656 clerici
850 1610 1124 1655 tonsuram
1186 1602 1355 1657 sancti
1409 1602 1551 1657 Petri
1607 1602 1969 1670 apostolorum

389 1692 647 1762 principis
679 1691 1025 1762 pertinaciter
1052 1692 1380 1759 refutantes,
1423 1707 1587 1763 seque
1617 1694 1705 1747 tali
1747 1708 1970 1749 excusa-

386 1783 547 1839 tionis
574 1783 817 1852 apologia
850 1784 1193 1853 pertinaciter
1222 1783 1571 1839 defendentes
1602 1785 1805 1852 vivunt,
1828 1784 1969 1855 quod

2080 604 2365 668 putationis
2392 608 2608 675 seriem,
2633 618 2689 664 et
2718 610 2979 678 paschalis
3009 613 3197 668 calculi
3231 616 3520 671 terminum
3548 627 3653 674 tra-

2078 692 2347 760 diderunt,
2399 713 2557 765 quem
2605 696 2900 769 anticipare
2942 710 2996 757 et
3027 705 3326 773 transgredi
3361 717 3544 760 contra
3570 708 3660 777 jus

2078 792 2131 835 et
2160 781 2239 837 fas
2263 785 2499 841 illicitum
2528 786 2642 844 fore
2671 801 3017 846 censuerunt.
3058 793 3224 847 Porro
3255 796 3339 849 isti
3364 798 3657 852 secundum

2078 871 2372 930 decennem
2408 892 2818 949 novennemque
2860 881 3090 937 Anatolii
3123 894 3486 953 compntatnm
3510 929 3526 954 ,
3569 902 3660 943 aut

2080 964 2250 1030 potius
2272 964 2420 1034 juxta
2448 968 2667 1036 Sulpicii
2695 969 2877 1024 Severi
2911 972 3171 1040 regulam,
3206 975 3294 1041 qui
3320 992 3516 1029 Lxxxrv
3553 992 3655 1031 an-

2078 1071 2265 1110 norum
2293 1072 2507 1113 cursum
2539 1060 2864 1131 descripsit,
2913 1062 3124 1117 decima
3149 1074 3334 1133 quarta
3372 1066 3493 1121 luna
3534 1083 3654 1123 cum

2076 1146 2276 1203 Iudaeis
2320 1151 2567 1219 paschale
2598 1164 2987 1209 sacramentum
3014 1156 3320 1223 celebrant,
3363 1174 3483 1213 cum
3521 1175 3657 1214 neu-

2078 1244 2214 1290 trum
2252 1239 2508 1295 Ecclesia:
2540 1240 2795 1297 Romana:
2823 1245 3100 1313 pontiﬁces
3128 1247 3194 1300 ad
3229 1251 3515 1316 perfectam
3550 1254 3658 1306 cal-

2075 1327 2179 1380 culi
2226 1330 2486 1385 rationem
2516 1344 2825 1402 sequantur.
2867 1335 2971 1390 Sed
3003 1352 3101 1391 nec
3142 1335 3363 1395 Victorii
3392 1344 3654 1410 paschalis

2078 1417 2316 1472 latercnli
2364 1421 2707 1488 curriculum,
2750 1423 2839 1491 qui
2892 1439 3072 1478 nxxxu
3120 1442 3383 1482 annorum
3438 1430 3654 1485 circulis

2074 1508 2397 1572 continetur,
2460 1512 2683 1578 posteris
2732 1513 3045 1567 sectandum
3094 1516 3469 1576 decreverunt.
3527 1520 3656 1575 Erat

2078 1612 2311 1667 namque
2334 1614 2503 1669 genus
2523 1600 2788 1670 quoddam
2816 1599 3193 1660 hazreticorum
3233 1608 3371 1676 apud
3413 1609 3657 1665 Orienta-

2072 1686 2173 1750 les,
2200 1690 2340 1756 quod
2368 1690 2942 1748 tessareskaidckatitai
2968 1705 3206 1762 vocatur,
3233 1698 3283 1751 id
3307 1708 3408 1767 est,
3441 1710 3658 1770 quarta-

2072 1777 2335 1834 decimani
2358 1820 2374 1847 ,
2425 1795 2490 1836 eo
2520 1781 2662 1851 quod
2692 1794 2883 1854 quarta
2921 1784 3127 1841 decima
3166 1787 3285 1841 luna
3316 1802 3438 1843 cum
3458 1789 3656 1846 Jndzcis

392 1884 672 1931 auctorum
703 1883 761 1929 et
788 1888 1176 1945 prtecessornm
1201 1889 1418 1930 suorum
1449 1883 1719 1930 tonsuram
1756 1876 1969 1931 imiten-
2003 1860 2053 1921 Β
2079 1871 2347 1927 Christum
2380 1875 2871 1944 blasphemantibus
2890 1919 2904 1945 ,
2938 1890 2993 1935 et
3036 1883 3350 1951 margaritas
3380 1882 3654 1955 Evangelii

387 1979 495 2033 tur,
524 1982 661 2036 quos
684 1966 866 2020 divina
892 1966 1191 2021 illustratus
1215 1967 1383 2037 gratia
1417 1966 1578 2022 fuisse
1599 1966 1971 2035 grandiloquis

382 2059 767 2116 assertionibus
806 2066 1196 2122 contestantur,
1243 2059 1333 2128 qui
1378 2058 1425 2112 si
1468 2073 1497 2110 a
1543 2059 1698 2113 nobis
1743 2058 1971 2113 sollicite

384 2150 727 2206 sciscitentur
749 2149 869 2219 quis
901 2150 1099 2218 primus
1124 2159 1314 2204 auctor
1345 2163 1547 2204 rasura:
1576 2148 1736 2217 hujus
1765 2158 1819 2205 et
1851 2158 1971 2203 ton-

382 2256 521 2298 sura:
564 2239 855 2305 exstiterit,
905 2241 1125 2296 omnino
1178 2249 1270 2295 ant
1317 2242 1595 2297 veritatem
1652 2241 1967 2310 ignorando,

382 2342 470 2387 aut
493 2333 781 2388 falsitatem
809 2331 1192 2387 dissimulando
1207 2332 1602 2387 obmutescunt.
1621 2330 1726 2385 Nos
1756 2340 1962 2396 autem,

380 2428 671 2484 secundum
701 2425 1049 2495 plurimorum
1072 2423 1403 2495 opinionem,
1435 2424 1711 2481 Simonem
1743 2424 1967 2494 magica:

380 2517 515 2572 artis
579 2517 909 2572 inventorem
963 2515 1120 2585 hujus
1182 2523 1413 2570 tonsurae
1458 2516 1750 2584 principem
1804 2514 1968 2570 fuisse

381 2608 761 2678 comperimus,
786 2606 908 2677 quia
935 2607 1147 2676 qualem
1179 2614 1549 2674 quantumque
1579 2606 1966 2659 necromantia:

385 2698 647 2752 fallaciam
691 2707 873 2753 contra
922 2696 1137 2753 beatum
1192 2695 1405 2751 Petrum
1448 2695 1819 2751 fraudulenter
1854 2708 1967 2749 ma-

386 2790 715 2857 chinaretnr,
758 2799 1029 2846 certamen
1081 2790 1448 2862 apostolorum
1497 2799 1553 2845 et
1600 2789 1787 2846 decem
1839 2787 1966 2847 libri

383 2880 677 2937 Clementis
730 2891 892 2937 testes
952 2889 1117 2947 sunt;
1186 2896 1323 2946 nos,
1376 2878 1630 2952 inquam,
1669 2881 1972 2942 scentulum

382 2984 781 3029 sacrosanctam
829 2973 1129 3042 Scriptura:
1171 2973 1581 3039 auctoritatem,
1629 2972 1697 3027 de
1742 2978 1963 3027 tonsura

379 3076 559 3120 nostra
592 3067 833 3122 veritatis
882 3064 1248 3121 testimonium
1295 3065 1671 3135 perhibentes,
1724 3064 1965 3121 diversas

376 3156 445 3212 ob
492 3171 680 3213 causas
747 3158 961 3214 Petrum
1016 3158 1317 3230 apostolum
1381 3159 1523 3212 hunc
1592 3158 1752 3212 ritum
1804 3174 1957 3212 sum—

377 3248 545 3316 psisse
572 3249 863 3304 asserimns
893 3250 1138 3319 primitus
1177 3259 1232 3302 nt
1280 3248 1504 3303 formam
1551 3256 1608 3303 et
1649 3248 1956 3302 similitudi-

375 3355 495 3394 nem
546 3338 745 3397 Christi
792 3340 846 3397 in
896 3343 1071 3411 capite
1101 3348 1357 3412 gestaret,
1402 3341 1550 3408 dum,
1598 3356 1696 3411 pro
1746 3341 1954 3395 redem-

374 3432 555 3499 ptione
584 3441 762 3488 nostra
791 3434 965 3488 crucis
994 3434 1290 3505 patibulum
1319 3435 1616 3501 subiturus,
1649 3448 1679 3488 a
1724 3433 1953 3489 nefanda

373 3522 680 3579 Jndzeorum
711 3534 871 3596 gente
901 3527 1069 3581 acutis
1113 3527 1386 3596 Spiuarum
1421 3526 1622 3580 aculeis
1662 3525 1957 3581 crudeliter

372 3627 755 3685 coronaretur;
797 3618 990 3675 deinde
1036 3630 1091 3674 ut
1135 3624 1444 3677 sacerdotes
1482 3620 1685 3675 Veteris
1726 3630 1780 3675 et
1824 3616 1956 3674 Novi

381 3708 712 3765 Testamenti
772 3711 823 3765 in
875 3722 1091 3765 tonsura
1138 3722 1190 3767 et
1239 3711 1421 3765 habitu
1472 3712 1953 3775 discernerentur;

372 3809 651 3868 postremo
694 3810 753 3854 ut
795 3800 937 3855 idem
978 3804 1248 3870 apostolus
1298 3804 1489 3872 suique
1534 3817 1873 3858 successores
1902 3812 1958 3856 et

373 3886 686 3954 sequipedas
725 3887 1067 3943 ridiculosum
1101 3901 1409 3959 gannaturtn
1464 3892 1748 3946 ludibrium
1778 3894 1831 3945 in
1864 3908 1957 3961 po-

372 3975 502 4042 pulo
546 3975 791 4030 Romano
833 3988 1146 4045 portarent,
1178 3979 1301 4048 quia
1350 3989 1405 4033 et
1434 3995 1617 4033 eorum
1646 3982 1872 4036 barones
1902 3986 1957 4038 et

371 4068 557 4123 hostes
585 4070 824 4124 exercitu
857 4080 1140 4140 superatos
1189 4072 1291 4124 sub
1320 4086 1519 4125 corona
1553 4071 1781 4126 vendere
1816 4073 1957 4127 sole-

370 4161 521 4216 bant.
572 4161 833 4216 Ca'terum
882 4163 935 4218 in
978 4163 1150 4217 \‘etcri
1203 4162 1547 4218 Testamento
1579 4173 1812 4219 tonsurae
1850 4166 1958 4233 sig-

373 4270 494 4309 num
524 4268 554 4305 a
585 4252 852 4320 Nazareis,
890 4254 940 4307 id
988 4263 1088 4320 est,
1134 4254 1354 4318 sanetis,
1412 4254 1465 4308 ni
1519 4255 1695 4319 fallor,
1726 4254 1956 4323 sumpsit

372 4347 673 4401 exordium.
710 4347 799 4400 Est
831 4347 976 4402 enim
1009 4346 1186 4415 regale
1211 4354 1265 4400 et
1290 4346 1624 4400 sacerdotale
1652 4346 1957 4400 stemmatis

372 4437 644 4493 indicium.
675 4437 804 4491 Nam
835 4438 966 4491 tiara
1011 4437 1148 4506 apud
1179 4444 1388 4491 veteres
1417 4437 1470 4490 in
1502 4438 1679 4506 capite
1702 4437 1955 4513 sacerdo-

2076 1961 2182 2016 ritn
2260 1978 2543 2032 porcorum
2605 1968 2935 2026 calcantibus
2987 1970 3207 2027 Pascha:
3261 1973 3653 2031 solemnitatem

2075 2064 2354 2123 peragunt,
2378 2065 2431 2111 et
2458 2057 2527 2110 ob
2558 2057 2659 2112 hoc
2687 2060 2850 2113 alieni
2879 2078 2907 2113 a
2942 2062 3097 2117 beata
3123 2064 3542 2120 orthodomrnm
3564 2081 3653 2121 so-

2073 2141 2292 2199 dalitate
2324 2145 2464 2200 inter
2493 2146 2958 2205 schismaticorum
2989 2153 3339 2209 conciliabula
3368 2156 3647 2212 infeliciter

2073 2246 2408 2305 repntantnr,
2455 2241 2595 2309 quod
2644 2240 2856 2297 beatum
2914 2244 3263 2312 Augustinum
3310 2248 3363 2300 in
3417 2248 3555 2302 libro
3583 2249 3652 2303 de

2072 2330 2356 2397 nonaginta
2385 2330 2674 2386 htercsibus
2702 2333 2904 2402 scripto
2932 2348 3384 2390 commemorasse
3406 2338 3651 2391 memini.

2070 2419 2201 2475 illud
2229 2436 2356 2477 vero
2384 2437 2541 2493 quam
2573 2424 2727 2479 valle
2766 2439 2795 2477 a
2846 2425 2952 2480 ﬁde
2979 2425 3239 2479 catholica
3282 2426 3571 2497 discrepat,
3595 2438 3650 2482 et

2069 2512 2138 2568 ab
2179 2515 2484 2583 evangelica
2528 2517 2809 2571 traditione
2852 2515 3145 2582 discordat,
3198 2517 3336 2585 quod
3383 2517 3518 2571 ultra
3547 2517 3647 2571 Sa-

2070 2604 2239 2660 brinte
2285 2606 2520 2661 ﬂuminis
2567 2607 2759 2661 fretum
2806 2607 3144 2663 Demetarnm
3201 2608 3537 2673 sacerdotes,
3582 2608 3650 2663 de

2071 2697 2276 2766 privata
2305 2697 2517 2767 propria
2563 2699 2989 2753 conversationis
3037 2697 3296 2753 munditia
3336 2699 3647 2767 gloriantes,

2071 2800 2304 2845 nostram
2333 2791 2762 2845 communionem
2791 2805 3115 2862 magnOpere
3156 2790 3556 2853 abominantur,
3594 2790 3646 2844 in

2070 2888 2294 2949 tantum,
2322 2889 2378 2935 ut
2416 2896 2513 2937 nec
2544 2882 2595 2935 in
2620 2880 2857 2937 Ecclesia
2890 2882 3165 2938 nobiscum
3189 2882 3489 2936 orationum
3522 2880 3646 2933 ofti-

2066 2971 2147 3025 cia
2176 2972 2470 3038 celebrare,
2503 2988 2603 3027 nec
2641 2974 2705 3027 ad
2738 2988 2977 3029 mensam
3020 2972 3263 3028 ciborum
3296 2970 3518 3039 fercula,
3551 2984 3651 3039 pro

2067 3064 2344 3119 charitalis
2388 3065 2580 3134 gratia,
2624 3065 2826 3133 pariter
2851 3067 3129 3134 percipere
3160 3063 3445 3132 dignentur
3471 3078 3486 3116 :
3517 3062 3643 3129 quin

2066 3152 2176 3208 imo
2223 3154 2519 3224 fragmenta
2572 3154 2892 3210 ferculorum
2958 3162 3014 3209 et
3061 3152 3313 3223 reliquias
3366 3151 3645 3221 epularum

2064 3243 2342 3301 lurconnrn
2387 3260 2578 3301 canum
2628 3245 2850 3300 rictibus
2888 3254 2943 3302 et
2990 3245 3278 3299 immundis
3314 3241 3650 3298 devorandas

2066 3341 2246 3411 porcis
2276 3340 2581 3410 projiciunt.
2616 3339 2837 3394 Vascnla
2862 3352 3077 3409 quoque
3105 3348 3159 3392 ct
3183 3335 3387 3406 phialas
3408 3342 3501 3389 aut
3521 3347 3639 3387 are-

2066 3434 2210 3488 nosis
2239 3432 2514 3487 sahlonum
2563 3431 2776 3502 glareis,
2803 3438 2893 3484 aut
2935 3430 3090 3484 fulvis
3121 3428 3417 3483 favillarum
3448 3426 3645 3481 cineria

2065 3526 2162 3580 bus
2190 3525 2451 3594 expianda
2484 3523 2859 3595 purgandaque
2890 3521 3222 3592 prmcipiunt.
3254 3520 3368 3575 Non
3396 3518 3645 3574 salutatio

2064 3618 2283 3688 pacifica
2334 3618 2647 3686 praebetur,
2695 3631 2799 3670 non
2848 3614 3088 3669 osculum
3136 3613 3237 3682 pia:
3291 3608 3642 3665 fraternitatis

2061 3706 2301 3773 offertur,
2355 3707 2564 3762 dicente
2610 3706 2864 3775 Apostolo
2898 3720 2913 3757 :
2946 3703 3185 3759 Salutate
3230 3717 3315 3755 vos
3367 3701 3423 3753 in
3467 3698 3642 3752 osculo

2060 3811 2258 3864 sancto,
2293 3813 2388 3853 nec
2427 3798 2670 3851 manibus
2713 3797 3024 3859 iumentum,
3075 3802 3167 3847 aut
3195 3794 3331 3845 latex
3359 3806 3477 3844 cum
3522 3805 3641 3842 ma-

2065 3891 2307 3960 rmtcrgio
2333 3890 2638 3953 exhibetur,
2667 3900 2839 3954 neque
2870 3884 3096 3955 pedibus
3126 3882 3193 3937 ad
3230 3882 3497 3935 lavacrum
3528 3880 3641 3948 pcl-

2062 3981 2142 4039 vis
2182 3984 2503 4054 apponitur,
2551 3994 2667 4033 cum
2716 3978 3000 4044 Salvator,
3051 3975 3274 4029 sindone
3323 3973 3645 4043 praecinctus

2063 4072 2446 4145 discipulorum
2488 4070 2650 4141 pedes
2679 4070 2921 4135 abluens,
2953 4081 3193 4122 normam
3225 4063 3377 4119 nobis
3408 4062 3641 4116 tradide-

2062 4169 2133 4222 rit
2162 4166 2424 4230 imitandi,
2454 4163 2637 4220 dicons
2680 4182 2691 4217 :
2740 4162 2887 4217 Sicut
2917 4176 3008 4228 ego
3038 4159 3156 4228 feci,
3188 4159 3260 4210 ita
3289 4166 3335 4210 et
3365 4171 3450 4209 ros
3492 4154 3646 4223 facite

2060 4256 2197 4312 aliis.
2229 4261 2321 4311 Ast
2340 4267 2468 4310 vero
2489 4254 2533 4308 si
2575 4252 2795 4322 quilibet
2821 4250 2888 4306 de
2919 4248 3140 4312 nostris,
3172 4246 3223 4301 id
3269 4253 3370 4311 est,
3402 4243 3643 4298 Catholi-

2061 4353 2140 4406 eis
2160 4350 2223 4404 ad
2256 4364 2368 4414 eos,
2402 4346 2675 4401 habitandi
2708 4346 2901 4414 gratia,
2949 4341 3304 4411 porrexerint,
3350 4352 3454 4391 non
3488 4336 3635 4405 prius

2063 4441 2126 4494 ad
2166 4439 2495 4494 consortinrn
2538 4435 2837 4494 sodalitatis
2884 4448 2994 4487 sua:
3035 4431 3297 4485 asciscere
3336 4428 3644 4497 dignantur,

373 4539 479 4581 tum
511 4529 959 4583 constituebatur.
1006 4529 1127 4582 llaec
1150 4528 1311 4599 bysso
1335 4537 1542 4605 retorto
1572 4527 1806 4582 rotunda
1838 4538 1949 4583 erat
1980 4552 2031 4612 υ
2061 4547 2217 4600 quam
2262 4528 2608 4597 quadraginta
2639 4524 2848 4579 dierum
2896 4523 3069 4591 spatia
3096 4522 3150 4574 in
3181 4518 3489 4589 paenitendo
3518 4531 3641 4612 per-

370 4621 517 4690 quasi
565 4620 772 4689 sphaera
820 4621 991 4676 media
1020 4662 1033 4686 ,
1078 4630 1133 4674 et
1172 4621 1272 4673 hoc
1316 4620 1649 4688 signiﬁcatur
1702 4620 1755 4673 in
1800 4631 1950 4689 parte

372 4711 553 4779 capitis
616 4723 787 4764 tonsa.
863 4711 1069 4765 Corona
1118 4720 1296 4763 autem
1359 4710 1586 4762 latitudo
1652 4723 1809 4763 aurea
1869 4718 1954 4763 est

372 4805 551 4859 circuli
593 4820 711 4872 qua:
739 4821 922 4873 regum
978 4804 1147 4873 capita
1188 4804 1380 4872 cingit.
1433 4802 1731 4871 Utrumque
1775 4803 1954 4871 itaque

372 4894 575 4963 signum
601 4897 921 4963 eXprimitnr
960 4894 1013 4947 in
1054 4895 1224 4962 capite
1277 4894 1617 4955 clericorum,
1663 4892 1824 4947 Petro
1876 4892 1955 4947 di-

372 4995 568 5041 cente:
610 4987 714 5041 Vos
760 4987 879 5040 estis
905 5003 1062 5056 genus
1101 4987 1336 5049 elrctum,
1387 4986 1557 5056 regale
1584 4986 1950 5039 sacerdotium.

372 5077 481 5133 lloc
514 5079 617 5132 ritu
648 5077 900 5133 tondendi
927 5085 981 5131 ct
1001 5077 1217 5131 radendi
1250 5084 1305 5130 nt
1334 5076 1460 5129 vitia
1489 5085 1797 5131 resecentur
1844 5078 1953 5145 sig-

368 5181 545 5236 natur,
599 5181 653 5226 et
698 5172 937 5227 crinibus
990 5172 1166 5225 carnis
1213 5180 1409 5225 nostra:
1455 5171 1603 5240 quasi
1642 5169 1954 5224 criminibus

366 5276 654 5317 exnamur.
926 5326 940 5337 .

439 5351 535 5406 Est
584 5355 761 5407 autem
806 5353 972 5408 altera
1004 5353 1274 5407 crudelior
1321 5350 1617 5407 animarum
1653 5353 1945 5423 pernicies,

366 5447 506 5515 quod
529 5490 543 5514 ,
593 5448 643 5502 in
673 5456 1012 5503 sacrosnncta
1046 5448 1277 5517 paschali
1308 5448 1644 5502 solemnitate
1671 5492 1684 5514 ,
1723 5460 1950 5503 ctzcxvut

367 5541 583 5594 i'atruxn
624 5540 858 5609 regulam
893 5554 996 5593 non
1043 5548 1298 5602 sectatur,
1324 5537 1415 5608 qui
1439 5539 1489 5591 in
1522 5539 1739 5593 Niczcno
1771 5542 1952 5595 conci-

366 5635 437 5688 lio
482 5633 971 5690 decennovenaiem
1021 5631 1260 5686 laterculi
1319 5632 1582 5686 circnlnrn
1631 5647 1725 5701 per
1752 5634 1949 5701 ogdoa-

363 5729 483 5780 dam
528 5734 584 5778 et
624 5723 995 5778 hcndekadam
1045 5736 1213 5791 usque
1266 5723 1331 5775 ad
1381 5723 1541 5777 linem
1583 5724 1769 5777 mundi
1799 5733 1947 5778 recto

362 5815 571 5871 tramite
603 5814 882 5871 decursum
908 5811 1083 5883 sagaci
1112 5811 1333 5867 solertia
1362 5824 1676 5871 sanxerunt.
1714 5815 1776 5870 Et
1798 5830 1823 5870 ιι
1858 5816 1945 5871 ιτε-

2059 4636 2219 4691 agere
2249 4619 2665 4689 compellantur.
2708 4616 2777 4670 Et
2816 4615 2867 4669 in
2908 4614 3011 4669 hoc
3051 4612 3334 4667 haereticos
3360 4607 3643 4664 infeliciter

2060 4712 2356 4775 imitantur,
2386 4708 2474 4778 qui
2502 4724 2560 4762 se
2591 4701 2876 4773 Katharos,
2903 4703 2954 4758 id
2979 4712 3061 4757 est
3090 4702 3317 4757 mundos
3344 4696 3651 4764 nuncupari

2057 4801 2362 4857 voluerunt.
2415 4798 2557 4852 lien!
2615 4799 2741 4862 heu,
2776 4809 2872 4865 pro
2906 4792 3066 4847 tantis
3095 4790 3405 4846 erroribus!
3465 4788 3643 4856 potius

2056 4910 2213 4964 quam
2248 4895 2431 4948 Evaxi
2458 4892 2637 4946 Evax!
2671 4888 2987 4959 lacrymosis
3016 4885 3234 4939 vocibus
3261 4892 3312 4937 et
3338 4876 3637 4950 querelosis

2057 4986 2371 5056 singultibus
2400 4983 2691 5053 lugubriter
2719 4976 3149 5049 ingeminandum
3182 4987 3331 5037 reor,
3379 4980 3439 5026 et
3466 4982 3633 5025 totum

2058 5079 2159 5133 hoc
2181 5085 2366 5132 contra
2395 5074 2668 5141 Evangelii
2708 5078 2972 5141 praecepta
3001 5066 3294 5121 secundum
3340 5065 3636 5121 Pharisaeo-

2057 5183 2171 5226 rum
2197 5170 2383 5223 inanes
2419 5167 2731 5222 traditiones
2758 5173 2915 5231 agere
2944 5168 3235 5215 noscuntur
3257 5204 3272 5228 ,
3302 5158 3520 5215 Christo
3552 5173 3635 5211 \-c«

2060 5263 2257 5317 raritcr
2287 5259 2607 5327 astipulante
2632 5254 2845 5322 (Matth.
2873 5255 3031 5327 mn)
3063 5272 3077 5309 z
3135 5254 3227 5311 γω
3246 5256 3408 5319 vobis,
3440 5252 3637 5308 Scribis

2055 5366 2101 5409 ct
2136 5352 2405 5417 l’lrarismi,
2439 5347 2525 5419 qui
2548 5348 2804 5401 mundatis
2833 5349 2969 5420 quod
3001 5347 3127 5418 foris
3158 5356 3227 5400 est
3260 5345 3434 5398 colicis
3463 5351 3508 5395 et
3543 5355 3637 5406 pa-

2054 5444 2293 5513 rapsidis.
2328 5440 2456 5495 Nam
2488 5438 2745 5493 Dominus
2775 5454 2893 5492 cum
2923 5437 3217 5507 publicanis
3250 5442 3305 5485 et
3340 5426 3638 5498 peccatori-

2055 5537 2151 5590 bus
2180 5531 2418 5588 convivia
2467 5530 2771 5585 celebrasse
2806 5527 3149 5585 describitur,
3193 5529 3250 5573 ut
3276 5530 3433 5572 verus
3466 5513 3637 5570 medi—

2054 5640 2148 5681 cns
2171 5624 2472 5694 purulentis
2502 5623 2804 5678 animarum
2835 5616 3148 5671 vulneribus
3178 5613 3374 5665 divina:
3419 5611 3638 5682 pietatis

2053 5715 2401 5771 medicamina
2432 5725 2487 5771 et
2532 5714 2770 5771 caelestis
2796 5706 3093 5764 clementiae
3121 5705 3442 5772 cataplasma
3472 5716 3623 5760 eom-

2052 5820 2289 5883 poncrct.
2321 5810 2520 5867 idcirco
2550 5814 2885 5880 peccatorum
2914 5800 3202 5867 consortia,
3238 5798 3637 5855 Pharisezornm
