4120 6568
468 345 530 410 27
1823 358 1971 419 JAC.
2009 358 2388 421 causam
3642 352 3717 417 2%

469 586 3710 629 .mw

1536 813 1975 941 'MAaco
2047 768 2592 941 VELSan

946 1143 1495 1206 REIPUBLICAE
1560 1144 2117 1205 AUGUSTANIE
2194 1144 2677 1206 DUUMVIRO
2734 1146 3269 1212 AMPLISSIMO

1411 1438 1781 1502 JACOBUS
1809 1441 2315 1505 GRETSERUS
2352 1442 2530 1507 SOC.
2562 1444 2797 1508 JESU.

541 1859 717 1923 Venit
766 1862 1040 1939 tandem,
1085 1866 1482 1932 Nobilissime
1518 1873 1746 1950 Marce,
1780 1879 2140 1942 Anastasius
2168 1877 2423 1940 Sinaita.
2454 1879 2650 1952 Tuus,
2685 1894 2765 1938 an
2807 1874 3035 1939 meus?
3087 1877 3149 1939 Si
3214 1874 3455 1952 serius;
3517 1878 3702 1957 igno-

438 1974 622 2025 'sees.
667 1967 951 2045 Longum
982 1970 1101 2032 iter
1133 1979 1227 2033 est
1255 1990 1290 2035 a
1344 1982 1557 2038 monte
1623 1978 1791 2042 Sinai
1832 1982 1909 2045 ad
1942 1980 2055 2044 has
2078 1986 2327 2043 nostras
2355 1995 2521 2054 oras,
2554 1996 2764 2059 neque
2792 1978 3003 2051 unius,
3040 1978 3150 2040 sed
3184 1976 3455 2059 plurium
3515 1997 3698 2041 men-

460 2069 620 2129 sium
648 2088 664 2143 ;
694 2087 900 2152 neque
937 2073 1045 2136 tibi
1094 2082 1345 2158 tuaique
1402 2080 1802 2147 bibliothecae
1840 2104 1979 2149 sese
2017 2086 2239 2149 sistere
2268 2083 2461 2146 voluit
2489 2082 2869 2155 Anastasius,
2909 2082 3026 2143 nisi
3053 2081 3182 2161 jam
3225 2081 3457 2153 Latine,
3491 2081 3542 2142 si
3571 2099 3699 2143 non

462 2167 801 2248 eleganter,
846 2183 1013 2238 certe
1047 2178 1332 2255 fideliter,
1362 2182 1428 2243 in
1478 2182 1599 2247 hoc
1622 2203 1738 2247 suo
1776 2195 2121 2270 nostroque
2162 2195 2369 2266 Ὀδηγῷ
2404 2185 2577 2266 loqui
2606 2184 2849 2247 doctus.
2883 2183 3056 2257 Quod
3090 2191 3157 2245 at
3206 2192 3704 2263 consequeretur

460 2288 634 2335 mora
666 2279 968 2358 temporis
1007 2298 1134 2343 non
1162 2283 1403 2346 modica
1439 2303 1600 2366 opus
1628 2290 1785 2362 fuit;
1823 2292 2194 2371 praesertim,
2249 2308 2390 2353 cum
2428 2290 2492 2351 in
2564 2306 2708 2351 eum
2771 2289 3002 2351 Latinas
3057 2287 3289 2367 linguas
3340 2290 3703 2367 magistrum

458 2373 802 2456 incidisset,
843 2400 1029 2461 quem
1060 2385 1196 2447 alia;
1234 2391 1684 2469 occupationes
1710 2394 1795 2456 ita
1825 2395 2148 2470 distinent,
2179 2402 2248 2457 ut
2282 2395 2469 2457 horas
2500 2392 2801 2455 duntaxat
2848 2398 3143 2472 exceptas
3199 2398 3260 2454 et
3289 2388 3469 2471 quasi
3518 2388 3702 2452 furti-

460 2496 566 2538 vas
601 2480 829 2543 ercis
860 2486 1187 2549 Latinitate
1218 2488 1573 2553 imbuendis
1600 2493 1971 2575 impendere
2002 2505 2212 2577 queat.
2244 2496 2421 2557 Nunc
2482 2493 2673 2573 igitur
2719 2495 2998 2556 Romana
3058 2493 3243 2555 verba
3313 2490 3583 2554 formare
3643 2494 3708 2553 et

460 2599 683 2647 sonare
737 2589 971 2667 peritus
1002 2594 1381 2663 Anastasius.
1432 2602 1770 2678 Augustam
1822 2603 1899 2665 ad
1955 2610 2017 2665 te
2054 2602 2234 2664 latus
2294 2599 2734 2683 proficiscitur,
2783 2604 3086 2677 tuumque
3144 2610 3377 2657 nomen
3436 2593 3575 2674 ipsa
3636 2591 3705 2654 in

457 2688 666 2751 fronte
726 2698 1161 2776 przescriptum
1193 2700 1373 2777 gerit,
1407 2711 1475 2765 ut
1519 2705 1724 2784 palam
1754 2713 2034 2781 testetur,
2068 2706 2168 2769 cui
2210 2724 2384 2769 sacer
2416 2706 2496 2768 sit
2522 2722 2595 2768 ac
2626 2704 2912 2773 devotus,
2946 2707 3008 2763 et
3035 2716 3159 2779 qua
3196 2694 3483 2760 clientela
3511 2694 3707 2759 fretus

458 2792 523 2855 in
554 2793 876 2872 publicum
908 2801 1228 2880 procedat,
1262 2807 1669 2885 certissimus,
1733 2829 1800 2873 se
1833 2813 2129 2877 universo
2166 2812 2550 2877 eruditorum
2605 2810 2798 2873 choro
2836 2808 2931 2871 vel
2975 2807 3091 2870 hac
3129 2806 3208 2868 de
3250 2820 3435 2868 causa
3466 2807 3707 2881 gratum

461 2907 920 2983 acceptumque
951 2902 1109 2979 fore,
1152 2908 1323 2986 quod
1362 2909 1708 2976 clarissimo
1741 2916 1998 2978 nomine
2043 2923 2154 2980 tuo
2194 2915 2527 2995 insignitus
2579 2913 2770 2975 venit.
2831 2912 2980 2985 Quis
3035 2909 3204 2971 enim
3250 2909 3318 2970 in
3378 2905 3706 2969 Germania

462 3012 698 3079 nostra,
767 3008 1007 3087 Belgio,
1036 3012 1232 3089 Italia,
1263 3015 1482 3090 Gallia,
1522 3026 1583 3079 et
1620 3018 1791 3095 alibi,
1825 3022 1934 3102 qui
1969 3022 2160 3085 Musis
2208 3030 2269 3085 et
2298 3021 2518 3086 litteris
2548 3036 2677 3082 non
2708 3017 2896 3080 modo
2930 3011 3397 3085 amoenioribus,
3430 3016 3494 3072 et
3536 3006 3697 3070 hila-

461 3108 757 3182 rioribus,
792 3110 902 3171 sed
932 3118 993 3173 et
1022 3115 1441 3179 severioribus
1479 3117 1602 3180 illis
1650 3119 1806 3196 litet,
1853 3123 1954 3185 cui
2007 3122 2298 3186 Velserus
2349 3122 2447 3185 vel
2508 3139 2585 3185 ex
2630 3119 2901 3201 propriis
2953 3114 3416 3187 monumentis,
3482 3108 3580 3173 vel
3629 3124 3707 3169 ex

460 3212 727 3275 aliorum
761 3214 1059 3281 relatione
1090 3219 1452 3303 celebrique
1516 3224 1722 3301 fama;
1776 3226 1867 3290 vel
1913 3229 2098 3291 etiam
2158 3246 2235 3291 ex
2288 3226 2453 3291 ultro
2507 3226 2793 3307 citroque
2848 3222 3053 3286 missis
3113 3217 3392 3299 epistolis
3445 3232 3577 3279 non
3631 3214 3710 3277 sit

462 3319 929 3395 cognitissimus
949 3319 980 3383 ?

538 3449 608 3509 In
647 3450 913 3529 Origene
944 3454 1308 3519 Adamantio
1360 3458 1475 3521 tria
1500 3461 1900 3524 commendat
1939 3462 2247 3526 Eusebius
2295 3463 2422 3543 (a):
2465 3462 2762 3543 primum,
2819 3456 2991 3540 quod
3027 3452 3387 3517 Graecorum
3424 3448 3709 3532 philoso-

461 3556 573 3636 phi
603 3558 687 3636 (et
715 3558 774 3619 in
808 3555 904 3620 his
932 3558 1417 3624 Christianorum
1482 3563 1682 3627 hostis
1721 3572 1783 3628 et
1817 3566 2157 3629 insectator
2176 3566 2520 3631 acerrimus
2548 3562 2987 3646 Porphyrius),
3017 3558 3160 3623 licet
3184 3573 3379 3622 avera
3403 3553 3706 3633 religione

449 3655 674 3731 alieni,
714 3658 1070 3721 incredibili
1102 3662 1386 3741 Origenis
1417 3664 1771 3730 eruditione
1803 3667 2123 3741 commoti,
2160 3668 2439 3748 ejusdem
2471 3666 2756 3729 crebram
2793 3662 3179 3725 mentionem
3211 3657 3385 3720 libris
3427 3655 3555 3717 suis
3602 3657 3705 3717 in-

462 3770 852 3839 sperserunt,
885 3779 962 3824 eo
988 3763 1134 3838 ﬁne,
1178 3773 1244 3826 ut
1289 3766 1760 3832 lucubrationes
1792 3788 1938 3833 suas
1977 3770 2208 3834 illustri
2262 3770 2384 3834 hoc
2421 3770 2555 3834 sole
2621 3769 3023 3832 illustrarent.
3088 3763 3470 3838 Secundum,
3536 3763 3711 3843 quod

464 3860 757 3922 nonnulli
785 3862 1125 3942 aliquando
1158 3865 1351 3927 libros
1380 3867 1493 3929 abs
1526 3886 1594 3930 se
1624 3856 1975 3934 elaboratas
2003 3873 2062 3934 ei
2116 3871 2509 3934 dedicarunt.
2549 3871 2851 3944 Tertium,
2887 3866 3059 3949 quod
3108 3865 3423 3927 interdum
3471 3863 3710 3943 vigilias

463 3958 606 4024 suas
645 3964 874 4038 eidem,
910 3974 1203 4047 tanquam
1224 3970 1443 4049 judici,
1476 3972 1709 4035 arbitro
1767 3980 1829 4036 et
1864 3973 2110 4037 doctori
2152 3974 2525 4049 censendas,
2561 3970 2985 4036 emendandas
3048 3966 3503 4049 poliendasque
3557 3965 3708 4027 sub-

459 4064 770 4145 jecerunt.
827 4069 975 4132 Haec
1025 4071 1253 4152 triplex
1283 4074 1565 4153 Origenis
1600 4076 1738 4139 laus
1767 4096 1895 4140 non
1931 4062 2140 4141 minus
2168 4079 2234 4140 in
2273 4085 2357 4152 te,
2393 4079 2512 4141 nisi
2547 4096 2649 4141 me
2686 4076 2840 4139 fallit
2867 4074 3136 4149 animus,
3166 4071 3487 4153 competit.
3519 4071 3713 4143 Quam

463 4171 767 4251 frequens
792 4173 963 4234 enim
1000 4176 1274 4238 nominis
1303 4184 1369 4239 et
1397 4178 1700 4241 doctrinae
1729 4188 1853 4243 tum
1886 4185 2404 4246 commemoratio
2461 4188 2523 4245 et
2563 4179 2927 4261 praedicatio
2953 4178 3019 4239 in
3074 4192 3292 4238 eorum
3320 4179 3710 4237 commenta-

466 4270 594 4344 riis,
653 4271 763 4351 qui
793 4270 914 4334 hoc
948 4279 1235 4355 tempore
1264 4276 1330 4337 in
1359 4286 1581 4339 senatu
1641 4279 1941 4341 litterario
1973 4281 2065 4344 vel
2124 4283 2328 4362 prima
2363 4281 2683 4355 subsellia,
2737 4278 2898 4342 vela
2944 4277 3162 4359 primis
3225 4274 3553 4355 proxima,
3616 4273 3711 4335 vel

464 4374 687 4437 saltem
741 4394 869 4437 non
908 4379 1123 4441 infima
1152 4387 1410 4456 tenent;
1445 4400 1715 4461 quorum
1755 4385 1949 4463 aliqui
1980 4386 2172 4465 paulo
2214 4387 2379 4468 plus,
2438 4387 2489 4447 si
2530 4393 2742 4447 tamen
2786 4383 2948 4464 plus,
3010 4382 3078 4443 in
3146 4379 3393 4461 pietatis
3452 4378 3711 4441 sincera;

469 4490 659 4535 sensu
688 4486 1005 4557 gustuque
1032 4488 1238 4541 tecum
1279 4482 1718 4554 consentiunt,
1754 4501 1825 4545 ac
1862 4502 2007 4546 cum
2044 4486 2310 4565 Origene
2359 4484 2769 4566 Porphyrius,
2802 4489 2862 4545 et
2892 4481 3131 4561 reliqua
3180 4498 3216 4542 a
3271 4479 3550 4558 legitimo
3602 4479 3715 4541 Dei

465 4576 639 4637 cultu
667 4576 1016 4641 abhorrens
1057 4580 1584 4662 philosophorum
1616 4585 1893 4665 caterva!
1933 4588 2232 4650 Nimirum
2262 4588 2397 4650 hmo
2425 4588 2640 4651 solidae
2676 4585 3044 4648 eruditionis
3074 4592 3289 4646 natura
3320 4588 3439 4656 est,
3489 4588 3550 4643 et
3611 4580 3713 4645 hic

467 4676 711 4755 genius,
750 4686 817 4741 ut
858 4678 922 4739 in
949 4680 1045 4741 sui
1079 4698 1360 4743 amorem
1395 4691 1454 4744 et
1512 4667 1990 4748 admirationem
2022 4687 2205 4750 facile
2234 4689 2488 4769 quosvis
2518 4687 2739 4767 rapiat,
2771 4684 3117 4765 prtesertim
3161 4684 3233 4758 si,
3262 4688 3332 4744 ut
3368 4683 3433 4743 in
3462 4688 3545 4756 te,
3568 4700 3711 4743 cum

466 4793 714 4837 morum
746 4777 1135 4842 humanitate
1174 4789 1235 4843 et
1264 4782 1624 4847 affabilitate
1660 4785 2015 4866 copuletur,
2037 4789 2414 4868 generisque
2443 4786 2804 4867 splendore,
2843 4792 2904 4847 et
2930 4784 3271 4847 functionis
3300 4783 3364 4845 in
3393 4780 3715 4863 republica

465 4882 956 4947 administranda
992 4885 1403 4966 amplitudine
1435 4898 1795 4952 exornetur.
1830 4894 1964 4954 Iam
1999 4910 2146 4955 vero
2174 4893 2227 4954 si
2264 4893 2426 4968 libri,
2468 4891 2616 4955 olim
2660 4890 2910 4970 Origeni
2952 4907 2988 4951 a
3039 4888 3436 4970 philosophis
3464 4904 3713 4949 nuncu-

468 4983 596 5061 pati
624 4982 1055 5066 inscriptique,
1101 4997 1544 5068 comparentur
1608 5010 1746 5054 cum
1779 4991 1899 5055 illis
1952 4994 2065 5073 qui
2093 4994 2206 5057 tibi
2250 4994 2408 5056 sacri
2442 5006 2503 5055 et
2538 4993 2752 5065 dicati,
2797 4992 2863 5054 in
2891 4993 3204 5054 Musarum
3234 4989 3704 5067 Memoriaeque,

468 5091 537 5146 ut
564 5087 652 5149 sic
693 5085 939 5168 loquar,
980 5095 1242 5171 templo,
1273 5096 1562 5174 suspensi
1596 5098 1915 5170 visuntur,
1978 5097 2191 5161 forsan
2221 5098 2501 5180 paucitas
2534 5098 2785 5160 illorum
2843 5114 2974 5179 pra;
3022 5095 3248 5158 horum
3313 5092 3716 5157 multitudine

470 5208 600 5254 non
630 5191 859 5273 injuria
889 5196 1072 5257 nobis
1115 5196 1464 5260 vilesceret.
1509 5200 1664 5261 Novi
1699 5202 1981 5283 insuper,
2018 5220 2146 5265 non
2195 5202 2417 5266 deesse
2480 5203 2647 5265 viros
2706 5200 2998 5264 omnibus
3062 5197 3408 5279 disciplinis
3463 5197 3716 5276 egregie

472 5296 777 5371 excultos,
811 5296 1044 5378 quibus
1098 5299 1320 5379 religio
1389 5301 1467 5363 sit
1522 5302 1778 5383 publico
1817 5322 1885 5367 se
1942 5312 2004 5368 et
2056 5307 2321 5387 cogitata
2393 5324 2528 5380 sua,
2587 5307 2638 5368 si
2673 5322 2816 5386 quas
2866 5305 2933 5366 in
2996 5301 3272 5365 chartam
3337 5300 3710 5373 retulerunt,

471 5398 901 5475 committere,
940 5401 1060 5464 nisi
1114 5401 1287 5481 prius
1323 5403 1619 5482 suffragio
1674 5410 1735 5466 et
1780 5405 2141 5483 gravissimo
2181 5414 2290 5469 tuo
2338 5405 2579 5486 judicio
2609 5405 2685 5468 ad
2738 5403 3096 5468 audendum
3177 5402 3496 5481 erigantur
3522 5408 3583 5462 et
3610 5401 3710 5461 in-

470 5503 769 5566 citentur.
808 5506 879 5567 Et
932 5524 1055 5586 qua
1083 5506 1201 5569 alia
1251 5507 1488 5569 ratione
1523 5506 1848 5570 doctorum
1908 5508 2233 5573 hominum
2292 5511 2636 5574 voluntates
2670 5516 2731 5574 et
2758 5508 2959 5574 studia
3022 5508 3182 5571 adeo
3240 5505 3347 5568 tibi
3412 5504 3710 5578 devincis,

556 5784 635 5856 (a)
676 5783 894 5857 Euseb,
928 5787 1022 5843 lib.
1055 5803 1108 5842 vr
1139 5787 1286 5847 lliat.
1317 5792 1523 5861 cedem,
1552 5810 1669 5864 ('ap.
1711 5793 1792 5847 15.

4117 3971 4120 4129 ι
