4120 6600
355 391 422 451 29
1479 410 1868 473 PR.£FATl0

2044 415 2328 476 LECTOB
2339 420 2462 477 ΕΜ.
3523 429 3603 498 30

527 504 976 616 indeiessa__illa
1005 514 1086 576 de
1149 521 1442 585 omnibus
1500 525 1847 590 litterarum
1880 530 2231 594 amantibus
2268 531 2430 594 bene
2467 536 2748 598 merendi
2777 537 3091 600 alacritate
3121 541 3592 606 etinexsatura-

356 604 462 719 bili
491 610 829 719 cupiditate
851 614 881 674 τ
915 618 1091 696 cujus
1147 637 1264 699 ego
1293 623 1426 703 ipse
1458 636 1549 690 tot
1575 629 1705 708 jam
1739 648 1937 693 annos
1963 633 2236 695 fructum
2292 637 2475 715 capio
2502 637 2928 714 uberrimum;
2987 640 3136 703 dum
3169 650 3295 716 tua,
3355 643 3482 705 imo
3531 604 3595 705 et

354 707 603 826 publica
628 713 876 793 inclytaa
913 720 1276 799 reipublicm
1319 736 1538 792 vestrae
1581 707 1958 801 bibliotheca
1993 737 2145 797 mihi
2175 756 2301 800 non
2345 707 2525 802 secus
2587 750 2755 822 patet
2791 707 2978 824 atque
3013 745 3163 820 tibi;
3203 707 3504 826 dumque,
3540 748 3593 808 si

353 815 446 876 vel
504 835 580 878 ex
622 826 981 932 regionibus
1017 832 1244 893 exteris
1301 833 1458 897 liber
1512 840 1920 902 arcessendus
1978 842 2093 917 sit,
2163 862 2277 906 nec
2325 864 2535 925 operm
2591 866 2705 910 nec
2733 849 3035 929 impensa
3075 852 3276 932 parcis
3341 815 3407 912 ut
3471 853 3593 913 voti

352 933 612 1028 compos
651 924 812 987 tiam.
841 930 1065 1004 Taceo,
1101 933 1206 993 vix
1235 941 1357 995 tam
1395 937 1741 1001 intricatam
1772 943 2184 1021 quaastionem
2232 948 2563 1022 exstitisse,
2598 967 2673 1010 ex
2703 924 2879 1028 cujus
2907 924 3094 1014 tricis.
3136 970 3263 1014 non
3293 951 3591 1014 evaserim

351 1022 606 1137 quando
634 1034 697 1088 te
718 1029 1035 1137 vindicem
1064 1035 1339 1137 adhibui.
1379 1041 1525 1104 Ηωο
1556 1043 1745 1120 igitur
1779 1045 2234 1123 benevolentia,
2299 1069 2420 1131 qua
2453 1053 2747 1114 adversus
2775 1022 2875 1116 ine
2903 1055 3185 1136 aliosque
3213 1059 3324 1137 qui
3359 1059 3594 1120 litteras

351 1124 632 1237 tractant,
667 1130 881 1237 uteris,
920 1134 1201 1195 omnium
1242 1137 1516 1200 vicissim
1547 1141 2046 1208 benevolentiam
2079 1155 2138 1209 et
2166 1124 2444 1210 amorem
2495 1152 2603 1214 tibi
2662 1153 2994 1229 conciliat;
3054 1124 3321 1237 eamque
3352 1159 3434 1219 ob
3456 1176 3586 1219 rem

349 1227 410 1334 te
441 1221 698 1334 dignum
726 1228 907 1293 laude
927 1235 1131 1294 virum
1159 1238 1344 1298 Musa
1371 1249 1536 1300 vetat
1572 1246 1754 1318 mori,
1783 1246 2043 1326 cretaque
2075 1250 2258 1323 beat;
2296 1252 2464 1330 quia,
2499 1260 2566 1313 ut
2593 1253 2759 1314 idem
2783 1221 3040 1334 Lyricus
3075 1221 3262 1330 canit,
3295 1258 3495 1318 virtus
3535 1267 3594 1316 et

347 1327 530 1404 favor
563 1339 617 1390 et
647 1331 860 1413 lingua
891 1344 1238 1417 potentium
1267 1354 1472 1406 vatum
1512 1347 1812 1411 divitibus
1843 1363 2162 1414 consecrat
2190 1327 2437 1432 infulis.

409 1456 644 1571 .M‘agna
674 1461 927 1571 quidem
960 1465 1116 1542 haec,
1155 1471 1377 1549 fateor,
1408 1476 1518 1539 sed
1548 1479 1784 1558 majora
1841 1480 1971 1556 illa,
2027 1500 2170 1563 qua)
2213 1491 2273 1545 et
2303 1501 2419 1562 ego
2455 1487 2648 1564 magis
2703 1487 2766 1548 in
2816 1494 2876 1550 te
2939 1489 3081 1551 colo
3139 1491 3589 1571 suSpicioque:

357 1565 602 1675 B‘eff‘tls
633 1579 779 1675 erga
809 1567 1002 1675 Deum
1035 1575 1400 1658 cmlitesque
1452 1581 1768 1661 singulare
1817 1586 2126 1662 studium;
2158 1589 2383 1668 priscae
2415 1591 2560 1652 fidei
2611 1592 2838 1654 ardens
2863 1611 3079 1668 arnor;
3119 1595 3183 1656 in
3240 1565 3588 1658 sacris'Ca-

350 1659 599 1779 tbulicis
628 1667 943 1779 obeundis
969 1674 1362 1756 frequentia;
1412 1659 1579 1747 verte
1606 1693 1666 1748 et
1695 1689 1773 1750 ab
1811 1706 1946 1751 aevo
1976 1659 2326 1769 apostolico
2391 1695 2469 1756 ad
2525 1695 2686 1758 hanc
2755 1705 3030 1759 nostram
3063 1659 3286 1779 Iusque
3343 1707 3587 1762 aetatem

348 1760 631 1878 deductae
662 1770 979 1878 religionis
1009 1778 1255 1856 publica
1311 1801 1512 1866 eaque
1553 1805 1682 1850 non
1715 1806 1851 1852 rara
1875 1792 2187 1870 professio
2210 1843 2224 1868 ,
2262 1797 2524 1876 ejusque
2561 1816 2685 1877 qua
2723 1805 3008 1878 tempora
3050 1807 3110 1861 et
3131 1760 3338 1863 m‘ores
3374 1802 3588 1865 sinunt

347 1865 800 1980 amplificanda:
832 1883 891 1938 et
927 1886 1347 1962 pr0paganda3
1378 1889 1704 1954 incensum
1735 1893 2140 1959 desiderium.
2201 1901 2418 1980 Neque
2476 1901 2716 1964 inﬁcias
2771 1865 2874 1977 eo:
2930 1921 3028 1966 me
3086 1905 3271 1967 etiam
3324 1907 3586 1970 miriﬁce

349 1967 654 2085 delectari-
686 1982 911 2085 mentis
959 1991 1081 2047 tum
1139 1988 1446 2055 benevolo
1495 2003 1554 2057 et
1583 1997 1869 2061 benefico
1900 2000 1965 2062 in
1996 1967 2366 2064 Societatem
2400 2012 2674 2067 nostram
2731 2006 3004 2080 aﬂ'ectu;
3045 2006 3223 2085 cujus
3272 2008 3322 2068 si
3379 2008 3589 2071 nullus

347 2086 424 2183 In.
441 2077 606 2138 tanta
638 2077 916 2183 largitate
945 2087 1020 2147 ad
1055 2106 1170 2151 nos
1207 2101 1481 2157 manaret
1511 2114 1762 2172 sensus,
1795 2099 1963 2163 haud
2015 2109 2253 2165 temere
2286 2122 2476 2166 sensu
2546 2105 2855 2168 destitutis
2911 2077 3429 2183 accenseremur;
3487 2111 3588 2172 cui

347 2169 799 2288 ali-Quantulum
824 2192 1316 2288 remunerando,
1380 2212 1460 2257 en
1494 2197 1604 2259 tibi
1636 2201 2043 2266 Anastasium.
2077 2204 2388 2265 Donarem
2416 2215 2692 2284 pateras,
2753 2208 3049 2268 donarem
3080 2209 3387 2287 tripodas,
3413 2169 3589 2288 ’pm-

347 2293 473 2336 mta
503 2278 768 2389 [artium
801 2286 1132 2350 Graiorum
1153 2313 1172 2351 :
1201 2313 1394 2374 neque
1437 2310 1504 2356 tu
1529 2300 1796 2377 pessima
1849 2321 2172 2363 munerum
2200 2305 2252 2364 F
2255 2325 2443 2380 erres,
2492 2307 2683 2368 divite
2712 2327 2804 2368 me
2849 2307 3084 2370 scilicet
3115 2312 3372 2378 artium,
3433 2327 3588 2389 quas

350 2391 461 2440 aut
489 2384 868 2451 Parrhasi-us
904 2395 1168 2471 protulit
1197 2408 1307 2460 aut
1357 2402 1588 2481 Scopas
1615 2426 1633 2471 ;
1670 2405 1779 2466 sed
1819 2425 1945 2465 non
1975 2406 2097 2468 hac
2148 2409 2303 2470 mihi
2332 2417 2423 2470 vis
2447 2433 2465 2470 :
2492 2431 2618 2472 non
2652 2411 2770 2473 tibi
2793 2411 3013 2473 talium
3042 2432 3142 2473 res
3165 2423 3273 2486 est,
3309 2420 3414 2472 aut
3439 2384 3582 2473 ani-

350 2501 482 2596 mus
503 2485 866 2596 deliciarum
896 2514 1095 2575 egens.
1137 2501 1382 2563 Gaudes
1403 2504 1782 2567 caminibus
1814 2515 1874 2568 et
1902 2508 2120 2584 libris;
2164 2511 2443 2571 carmina
2486 2519 2545 2572 et
2583 2513 2774 2574 libros
2827 2532 3153 2592 possumus
3210 2514 3464 2588 donare,
3525 2519 3588 2573 et

352 2591 551 2664 reipsa
587 2591 798 2654 itidem
828 2595 1155 2662 donamus.
1188 2604 1279 2663 Tu
1311 2621 1438 2666 non
1473 2623 1701 2668 munus
1721 2610 2010 2686 seorsim,
2046 2612 2157 2673 sed
2189 2631 2310 2674 una
2335 2632 2478 2674 cum
2510 2591 2844 2676 offerentis
2864 2614 3100 2687 animo,
3154 2615 3391 2676 aestima
3425 2633 3436 2674 :
3469 2631 3585 2676 nec

347 2691 616 2770 ambigo,
648 2699 882 2774 grande
909 2702 1104 2765 visum
1134 2705 1248 2780 iri;
1278 2709 1445 2787 quod
1479 2729 1593 2790 per
1629 2729 1696 2773 se
1727 2713 1827 2773 vix
1857 2716 2073 2793 puncti
2101 2717 2294 2778 instar
2323 2716 2530 2777 habet.
2571 2718 2738 2778 Vale.

427 2795 804 2876 Ingolstadii,
839 2821 904 2864 ιιι
933 2805 1092 2867 Νοιι.
1132 2809 1321 2870 Martii
1364 2828 1572 2871 uncvr.

346 3073 2996 3114 M—

1508 3340 1658 3428 AD
1730 3339 2411 3434 LECTOREM.

414 3592 734 3662 Priusquam
774 3592 916 3648 hunc
972 3593 1191 3660 librum,
1235 3593 1406 3649 amice
1457 3585 1896 3666 Lector,‘legis,

346 3687 574 3756 paucula
618 3686 732 3742 haec
778 3686 845 3741 de
876 3688 1169 3743 Anastasio
1193 3727 1210 3752 ,
1260 3687 1550 3759 operisque
1588 3699 1904 3758 argumento

341 3778 475 3849 lege.
529 3778 879 3836 Monasticam
932 3781 1096 3835 vitam
1152 3781 1328 3858 primo
1380 3781 1662 3851 professus
1715 3792 1798 3836 est
1848 3781 1902 3835 in

341 3881 526 3926 monte
580 3869 752 3937 Sinai,
785 3872 926 3926 unde
967 3879 1022 3927 et
1049 3871 1270 3926 Sinaitae
1296 3884 1714 3942 cognomentum
1747 3886 1904 3926 acce-

339 3968 435 4030 pit.
505 3960 632 4015 lude
680 3961 748 4016 ad
804 3961 1174 4031 episcopatum
1222 3961 1620 4016 Antiochenum
1679 3969 1904 4014 vocatus

339 4073 483 4112 anno
509 4055 712 4111 Christi
744 4057 868 4120 561,
915 4054 1216 4112 Iustiniani
1264 4055 1608 4126 imperatoris
1642 4071 1784 4110 anno
1811 4056 1900 4119 55,

339 4147 589 4201 eumdem
642 4147 762 4216 pie.
799 4155 983 4201 sancte
1037 4157 1090 4201 et
1121 4145 1335 4202 fortiter
1378 4147 1775 4204 administravit
1803 4165 1904 4201 uu-

337 4239 508 4293 decim
543 4239 719 4302 annis,
761 4254 952 4308 nempe
981 4255 1154 4309 usque
1187 4238 1251 4292 ad
1283 4253 1486 4292 annum
1538 4238 1738 4294 Christi
1775 4238 1900 4305 572,

336 4340 390 4386 et
420 4329 620 4386 Justini
652 4330 894 4386 Junioris
925 4331 1274 4400 imperatoris
1314 4331 1601 4401 septimum
1627 4348 1643 4397 ;
1701 4347 1809 4401 quo
1834 4334 1903 4388 ab

335 4420 526 4476 eodem
576 4419 788 4476 Justino
835 4436 902 4476 ex
949 4420 1078 4477 sede
1124 4437 1222 4476 sua
1259 4419 1695 4486 exterminatus,
1746 4429 1799 4475 et
1847 4420 1900 4476 in

335 4515 586 4570 exsilium
622 4522 777 4569 actus
804 4523 918 4580 est;
955 4514 1007 4567 itt
1035 4529 1145 4584 quo
1173 4514 1358 4581 viginti
1386 4523 1516 4576 tres,
1547 4523 1660 4578 aut,
1697 4522 1754 4568 ut
1779 4514 1900 4570 aliis

334 4608 535 4677 placet,
585 4606 774 4677 viginti
827 4614 1058 4676 quatuor
1114 4605 1270 4662 anuis
1321 4606 1494 4660 vixit:
1531 4607 1782 4662 videlicet
1834 4607 1900 4660 ad

335 4715 536 4752 annum
570 4714 743 4767 usque
773 4697 1155 4767 Redemptoris
1183 4698 1306 4762 595,
1348 4707 1402 4752 et
1437 4698 1704 4753 decimum
1753 4698 1903 4752 Mau-

334 4792 454 4846 ricii
511 4789 876 4859 imperatoris,
927 4790 1021 4859 qui
1073 4789 1245 4844 exsuli
1301 4791 1480 4844 sedem
1535 4799 1588 4844 et
1641 4790 1901 4844 honorem

332 4885 692 4954 episcopalem
732 4883 986 4938 reddidit.
1035 4881 1283 4952 Migravit
1331 4899 1396 4937 ex
1448 4883 1550 4938 hac
1598 4883 1704 4937 vita
1758 4898 1903 4937 anno

333 4979 524 5034 salutis
557 4977 682 5043 599,
720 4976 1062 5048 imperatoris
1100 4975 1344 5031 Mauricii
1381 4975 1480 5038 14,
1535 4975 1689 5044 cujus
1738 4975 1932 5028 anni-.

332 5070 624 5124 versariam
662 5069 980 5124 memoriam
1040 5069 1170 5124 colit
1223 5067 1464 5122 Ecclesia
1493 5083 1546 5120 xi
1575 5067 1700 5120 Kal.
1750 5065 1896 5132 Maii,

333 5177 457 5215 cum
494 5162 720 5216 sedisset
773 5175 947 5216 annos
995 5176 1085 5215 sex
1138 5160 1445 5224 inclmatos,
1503 5169 1783 5228 postquam
1831 5159 1898 5214 ad

333 5265 488 5306 suam
548 5248 842 5335 Ecclesiam
903 5259 1228 5317 reverterat;
1281 5261 1340 5304 ut
1399 5257 1554 5304 notat
1611 5248 1896 5305 Baronius.

338 5341 718 5396 Successorem
752 5343 942 5396 habuit
973 5341 1219 5411 ejusdem
1251 5339 1490 5395 nominis
1527 5339 1898 5403 Anastasium,

330 5435 426 5503 qui
469 5448 612 5486 anno
682 5433 889 5488 Christi
928 5433 1032 5488 609
1080 5431 1457 5487 crudelissime
1499 5448 1526 5486 a
1559 5432 1896 5487 tumultuan-

331 5526 478 5582 tibus
506 5524 706 5581 Judazis
736 5525 1052 5582 interfectus
1085 5535 1186 5582 est.

403 5640 569 5696 Multa
602 5641 820 5711 scripsit
851 5650 1042 5697 noster
1076 5641 1429 5708 Anastasius,
1482 5643 1642 5696 etiam
1693 5641 1896 5698 Latinae

333 5735 530 5806 linguae
568 5750 770 5807 gnarus
804 5753 817 5788 :
852 5750 977 5790 nam
1019 5734 1218 5790 librum
1262 5735 1599 5790 Pastoralem
1654 5735 1712 5790 S.
1763 5735 1896 5791 Gre-

335 5828 471 5898 gorii
506 5827 708 5899 Magni,
760 5830 846 5884 cui
903 5827 1156 5885 familiari
1188 5830 1488 5886 litterarum
1527 5844 1626 5883 usu
1663 5827 1893 5899 conjun-

2008 3603 2128 3650 ctus
2160 3593 2286 3659 fuit,
2324 3596 2377 3650 in
2415 3593 2662 3654 Graecum
2703 3614 3012 3656 sermonem
3066 3604 3363 3659 transtulit.
3406 3603 3582 3660 Testis

2010 3686 2125 3754 ipse
2163 3683 2226 3738 D.
2262 3685 2559 3756 Gregorius
2590 3689 2684 3743 lib.
2717 3707 2784 3752 x,
2817 3692 2978 3759 epist.
3021 3691 3110 3745 22.
3146 3691 3388 3748 Primum
3435 3696 3579 3751 hunc

2009 3777 2186 3846 ipsum
2221 3775 2438 3842 librum,
2472 3793 2633 3849 quem
2681 3780 2904 3852 Ὀδηγὸν
2944 3783 3243 3853 inscripsit,
3291 3786 3580 3841 elucubra-

2006 3869 2119 3935 vit;
2179 3868 2336 3937 cujus
2393 3869 2452 3924 ﬁt
2507 3871 2712 3926 mentio
2767 3875 2908 3943 apud
2958 3873 3316 3945 Nicephorum
3363 3895 3580 3950 quoque

2007 3959 2101 4015 lib.
2140 3977 2294 4027 xvut,
2342 3976 2462 4031 cap.
2503 3961 2592 4016 44.
2645 3961 2805 4016 Ratio
2853 3963 3228 4036 inscriptionis
3285 3977 3399 4033 est,
3452 3970 3581 4039 quia

2005 4053 2329 4110 orthodoxis
2391 4055 2846 4110 commentarium
2882 4056 3027 4113 hunc
3073 4059 3228 4128 quasi
3259 4059 3451 4113 ducem
3477 4059 3582 4115 du-

2009 4155 2325 4216 ctoremque
2386 4148 2484 4201 viae
2532 4148 2784 4217 cupiebat
2828 4165 2971 4214 esse,
3029 4166 3096 4204 ne
3153 4151 3207 4204 in
3259 4151 3482 4222 laqueos
3529 4164 3582 4208 et

2008 4239 2143 4293 retia
2172 4239 2549 4294 haereticorum
2569 4282 2584 4306 ,
2618 4242 2914 4310 praesertim
2944 4257 3133 4297 eorum
3188 4244 3282 4313 qui
3314 4247 3574 4299 Severum

2009 4330 2378 4397 sectabantur,
2413 4331 2736 4386 inciderent.
2762 4330 2896 4386 Nam
2927 4341 3070 4388 totus
3099 4333 3234 4388 liber
3269 4334 3403 4388 nihil
3431 4335 3580 4390 aliud

2007 4424 2271 4490 continet,
2300 4439 2464 4494 quam
2494 4425 2912 4480 instructionem
2939 4435 2992 4481 et
3024 4426 3440 4489 institutionem,
3469 4443 3580 4497 quo

2006 4525 2164 4585 pacto
2215 4515 2734 4572 fraudulentissima:
2795 4516 3216 4572 Severianorum
3269 4519 3477 4573 technie
3525 4529 3580 4574 et

2005 4606 2232 4662 fallaciae
2289 4607 2446 4661 vitari
2507 4607 2759 4663 debeant.
2807 4605 2875 4660 Et
2930 4607 3059 4663 hinc
3123 4607 3308 4660 itidem
3373 4608 3578 4677 liquido

2005 4708 2322 4762 cognosces,
2371 4709 2534 4762 quam
2590 4694 2823 4765 impigre
2857 4704 2910 4749 et
2954 4695 3321 4764 imperterrita
3346 4697 3580 4753 Anastao

2006 4785 2120 4840 sius
2167 4801 2292 4840 cum
2345 4786 2433 4840 his
2489 4787 2770 4854 monstris,
2813 4787 2868 4840 in
2915 4786 3148 4858 Aigypto
3186 4791 3573 4858 potissimum,

2005 4891 2330 4947 congressus
2376 4877 2560 4932 fuerit.
2619 4879 2688 4932 At
2726 4893 2837 4949 quo
2883 4887 3124 4948 tempore
3174 4881 3316 4936 hunc
3355 4881 3575 4952 Ὀδηγὸν

2005 4971 2198 5040 (quem
2221 4984 2346 5024 cum
2368 4969 2761 5026 recentioribus
2790 4971 3148 5040 quorumdam
3173 4971 3434 5026 librorum
3457 4976 3576 5042 epi-

2004 5065 2225 5136 graphis
2274 5073 2420 5119 recte
2464 5063 2694 5120 fortasse
2755 5066 3119 5122 nominaveris
3169 5065 3315 5121 Vane
3371 5084 3574 5132 uacua,

2005 5158 2052 5214 si
2083 5158 2265 5212 minus
2295 5156 2449 5223 scite,
2479 5166 2717 5211 attamen
2752 5159 2912 5223 vere)
2947 5159 3289 5214 elaboravit?
3330 5159 3446 5216 Nisi
3488 5178 3577 5218 me

2004 5250 2314 5320 conjectura
2362 5249 2417 5304 in
2470 5265 2708 5304 errorem
2766 5251 2945 5318 ducit,
2998 5261 3123 5306 ante
3170 5253 3571 5325 episcOpatum,

2003 5357 2128 5398 cum
2161 5343 2340 5397 adhuc
2371 5344 2424 5396 in
2473 5352 2655 5398 monte
2703 5342 2834 5398 Sina
2867 5343 3194 5398 monachum
3231 5356 3434 5416 ageret.
3471 5345 3573 5400 Cui

2002 5434 2282 5506 probando
2337 5450 2442 5489 non
2484 5449 2656 5504 pauca
2709 5444 3025 5503 argumenta
3078 5445 3330 5507 suggeret
3383 5437 3572 5492 lectori

2002 5527 2121 5597 ipsa
2185 5526 2309 5580 libri
2374 5526 2573 5594 lectio;
2642 5542 2763 5598 quae
2828 5525 3110 5581 brevitatis
3173 5544 3335 5584 causa
3402 5529 3572 5586 silens

1999 5627 2279 5689 praetereo.

1978 5747 1984 5752 '
2074 5734 2301 5789 Exstant
2326 5730 2567 5800 ejusdem
2598 5733 2866 5788 Anastasii
2885 5735 2938 5788 in
2959 5731 3318 5789 Hexaemeron
3346 5733 3464 5790 libri
3494 5749 3568 5791 xt.

2004 5827 2160 5881 Errat
2183 5825 2326 5882 enim
2353 5824 2539 5881 Sixtus
2570 5823 2847 5890 Senensis,
2875 5826 2964 5896 qui
2989 5843 3122 5897 opus
3156 5828 3255 5883 hoc
3285 5824 3570 5882 Anastasio
