4028 6540
580 328 644 394 Ili
1966 362 2443 436 BREVIARIUM
3738 398 3818 460 32

580 450 886 503 successori
935 452 1099 522 hujus
1145 461 1318 515 nostri
1380 462 1653 523 Anastasii
1702 470 1906 527 tribuit.
1962 475 2148 532 Potius

579 540 911 596 credendum
947 545 1148 617 Glycaz,
1177 562 1234 605 et
1270 554 1412 621 aliis,
1442 558 1536 626 qui
1566 561 1783 615 nomine
1821 561 2041 622 Sinaitze
2068 570 2146 623 ci-

577 641 712 686 tant.
771 633 1011 692 Hahetur
1056 640 1242 699 Graece
1293 647 1345 700 in
1376 648 1700 707 bibliotheca
1733 653 1991 713 Bavarica
2020 661 2142 715 cod.

575 722 702 785 202.
730 737 785 780 et
820 730 945 784 cod.
997 733 1123 789 ΞΜ.
1162 735 1226 791 ll.
1262 737 1339 792 De
1374 743 1528 797 rectis
1564 743 1693 813 fidei
1736 746 2023 806 Catholica
2053 753 2146 814 da-

576 819 835 884 qmatibus
863 823 1005 889 libri,
1028 843 1121 881 seu
1150 832 1425 887 orationes
1451 851 1503 898 γ,
1533 836 1825 907 interprete
1855 842 2146 900 Godefrido

576 904 881 967 Tilmanno.
912 912 1139 971 Easdem
1169 919 1294 973 olim
1338 922 1630 983 Latinitate
1660 904 1886 988 donavit
1920 933 2143 990 Franci-

575 1012 702 1055 scus
721 1001 1044 1061 Turrianus.
1069 1010 1175 1065 Sed
1195 1016 1371 1068 versio
1390 1017 1511 1086 ejus
1529 1020 1759 1076 necdum
1783 1025 1917 1079 vidit
1944 1028 2140 1082 lucem.

572 1089 787 1149 Videbit
815 1097 1109 1167 aliquando
1137 1119 1258 1158 eum
1285 1104 1573 1167 Theodoro
1610 1115 1926 1187 presbytero
1954 1118 2143 1176 Laurae

570 1183 793 1254 Raitbu,
831 1194 990 1260 cujus
1040 1203 1508 1274 προπαρασκευὴν
1546 1183 1807 1265 adversus
1859 1211 2141 1269 hrereticos

569 1277 708 1332 idem
745 1279 1048 1345 Turrianus
1094 1286 1387 1348 Latinitate
1434 1295 1673 1355 donavit.
1719 1301 1805 1359 ΙΙΙ.
1863 1301 2049 1359 Oratio
2079 1311 2142 1360 de

567 1386 722 1423 sacra
754 1371 1098 1433 Euclmristia
1135 1390 1183 1434 et
1214 1382 1277 1436 de
1315 1402 1420 1439 non
1446 1387 1763 1455 iudicando,
1815 1394 1978 1467 deque
2006 1397 2142 1451 obli-

564 1462 712 1515 uione
737 1464 1083 1532 injuriarunt.
1126 1470 1213 1526 IV.
1252 1474 1439 1530 Oratio
1474 1496 1563 1533 seu
1598 1480 1834 1537 Homilia
1857 1486 1907 1539 in
1933 1498 2137 1542 sextum

564 1549 866 1617 Psalmutn,
895 1559 1053 1627 cujus
1080 1565 1325 1619 meminit
1354 1566 1689 1639 Nicephorus
1721 1575 1811 1629 lib.
1834 1593 1965 1633 xvm
1989 1581 2133 1634 Hist.

564 1645 884 1709 ecclesiast..
932 1667 1053 1721 cap.
1108 1655 1194 1710 44.
1260 1656 1555 1732 Utramque
1621 1665 1792 1720 edidit
1854 1666 2039 1724 Graece
2083 1680 2137 1725 ct

570 1733 761 1791 Latine
793 1738 852 1793 D.
885 1738 1151 1800 Henricus
1178 1746 1433 1807 Cunisius
1463 1764 1610 1809 tomo
1642 1753 1703 1808 ΙΙΙ
1732 1760 1907 1828 Antiq.
1938 1757 2081 1813 Lect.

637 1828 683 1880 Α
722 1830 1011 1887 collectore
1060 1836 1403 1903 Bibliotheca»
1460 1844 1559 1899 SS.
1616 1847 1837 1903 Patrum
1892 1868 2131 1910 cornuue-

564 1935 849 1978 morantur
874 1927 989 1983 hzec
1027 1930 1387 1989 Anastasiana
1424 1937 1645 1995 inedita.
1679 1940 1865 1998 Oratio
1912 1946 1981 1999 ad
2018 1949 2130 2003 An-

563 2019 855 2086 tiochenos,
890 2023 942 2077 in
974 2024 1229 2096 ingressu
1260 2048 1361 2087 suo
1396 2034 1463 2088 ad
1504 2036 1871 2107 episcopatum
1907 2044 2128 2115 scripta,

558 2110 625 2164 de
652 2128 759 2181 qua
798 2112 1158 2184 Nicepliorus.
1193 2119 1379 2178 Oratio
1404 2127 1791 2197 paciﬁcatoria,
1836 2150 1996 2201 quam
2019 2110 2130 2191 tri-'-

559 2203 767 2270 gesimo
792 2207 953 2261 tertio
977 2224 1120 2265 anno
1150 2212 1202 2265 in
1226 2216 1406 2269 sedem
1430 2235 1583 2275 suam
1609 2225 1890 2283 restitutus
1918 2229 2127 2288 habuit.

561 2295 637 2348 De
669 2314 774 2365 qua
811 2300 950 2355 idem
989 2303 1347 2375 Nicepltorus.
1390 2313 1468 2364 Ad
1504 2314 1831 2387 interrogata
1863 2336 2128 2379 monaste-

557 2391 755 2442 riorum
818 2394 1002 2460 prima:
1051 2406 1101 2449 et
1133 2401 1376 2456 secunda:
1421 2403 1593 2475 Syria:
1633 2414 2012 2479 responsiones.
2046 2418 2127 2472 Ad

552 2481 901 2539 Antiochenos
947 2493 1362 2561 συντακτήριον,
1417 2512 1534 2561 seu,
1599 2502 1662 2553 de
1709 2502 2013 2572 disciplina.
2050 2508 2126 2563 De

553 2576 944 2631 constructione
965 2579 1191 2637 hominis
1215 2584 1339 2639 libri
1359 2588 1484 2642 duo.
1504 2591 1886 2662 Contemplatio
1905 2602 2124 2669 mystica

550 2668 854 2733 passionum
881 2669 1105 2730 Christi.
1144 2675 1459 2732 Encomium
1487 2680 1725 2754 ngypti.
1759 2668 1997 2754 Quaestio
2025 2694 2123 2745 nd-

549 2776 726 2814 versus
755 2780 839 2817 eos
864 2767 955 2833 qui
983 2768 1035 2819 in
1064 2769 1252 2824 divinis
1289 2773 1470 2826 dicunt
1509 2786 1613 2831 tres
1636 2784 1913 2838 essentias.
1939 2782 2122 2841 Oratio

548 2852 613 2905 de
641 2851 1062 2925 Resurrectione,
1096 2878 1260 2930 quam
1293 2880 1435 2934 saepe
1467 2868 1593 2922 citat
1625 2870 1840 2942 Glycas.
1892 2875 2001 2931 Nec
2039 2887 2122 2933 est

550 2945 638 2999 illa
696 2964 816 3017 quae
863 2952 1112 3019 quintum
1163 2955 1359 3011 librum
1407 2960 1474 3015 de
1515 2964 1675 3018 rectis
1728 2966 1847 3021 ﬁdei
1890 2970 2117 3039 dogma-

549 3038 694 3093 tibus
727 3043 972 3107 conticit;
1036 3062 1156 3099 cum
1204 3048 1320 3103 loca
1368 3068 1487 3121 quae
1530 3053 1722 3125 Glycas
1763 3060 1894 3114 citat
1937 3038 1988 3115 in
2052 3078 2115 3118 ea

546 3148 652 3187 non
681 3135 1045 3194 inveniantur.
1082 3141 1269 3198 Oratio
1299 3146 1359 3199 de
1383 3152 1852 3220 transﬁguratione
1881 3156 2111 3214 Domini.

546 3223 761 3279 Citatur
791 3228 1082 3298 aliquoties
1107 3249 1137 3288 a
1160 3232 1370 3291 Joanne
1403 3237 1775 3311 Cyparissioto
1806 3247 2014 3305 Decade
2040 3268 2112 3316 vr,

542 3332 664 3386 cap.
698 3318 752 3382 4,
789 3319 842 3383 5,
878 3321 933 3376 7.
962 3321 1219 3392 Ejusdem
1249 3330 1550 3385 orationem
1578 3335 1631 3386 in
1662 3352 1846 3390 novam
1875 3339 2115 3397 Domini-

544 3426 659 3462 ram
676 3412 797 3464 etin
815 3414 1123 3481 Apostolum
1142 3418 1427 3484 Thomam.
1447 3424 1577 3479 citat
1596 3426 1966 3487 Damascenus
1989 3450 2114 3489 ora-

546 3503 690 3555 tione
718 3505 873 3556 tertia
897 3505 963 3559 de
983 3506 1342 3578 Itnaginihus.
1376 3514 1431 3566 lu
1451 3517 1684 3571 concilio
1703 3520 1873 3574 altero
1897 3520 2113 3579 Nicaeno

543 3602 648 3647 act.
683 3595 739 3656 4,
776 3599 981 3652 mentio
1017 3599 1075 3654 tit
1124 3606 1393 3660 sermonis
1441 3606 1505 3661 de
1554 3607 1806 3678 Sabbato,
1842 3612 1902 3666 Β.
1940 3613 2112 3673 Patris

541 3684 817 3739 Anastasii
869 3688 935 3742 ad
973 3688 1280 3747 Simeonem
1312 3698 1629 3767 episcopum
1662 3699 2023 3771 Bostroruln;
2057 3716 2115 3762 et

539 3778 792 3845 epistola,
831 3795 926 3850 per
958 3799 1117 3852 quam
1151 3791 1443 3865 respondet
1470 3792 1684 3847 cuidam
1713 3794 1779 3849 ad
1817 3795 2113 3855 dubitatio-

2253 500 2371 538 nem
2402 491 2714 556 quamdam,
2745 509 2811 549 ex
2833 511 2940 565 qua
2963 501 3204 569 expediri
3232 503 3502 573 cupiebat.
3531 506 3820 566 Sermonis

2246 578 2311 633 de
2369 580 2605 638 Sabbato
2648 587 2894 645 meminit
2948 592 3114 647 etiam
3155 592 3522 656 Damascenus
3565 605 3822 661 oratione

2247 678 2421 733 tertia.

2316 792 2374 846 In
2409 794 2596 850 codice
2620 797 2958 868 Augustano,
2990 818 3150 872 quem
3176 821 3344 877 supra
3372 809 3607 875 laudavi,
3651 823 3705 867 et
3754 816 3816 868 in

2243 901 2355 956 quo
2401 886 2623 958 Ὀδηγὸς
2678 890 2848 955 inest,
2912 895 3222 951 continetur
3287 901 3449 955 etiam
3514 904 3616 959 sub
3658 906 3815 959 Ana-

2243 977 2394 1030 stasii
2414 979 2651 1049 episcopi
2669 980 3067 1052 Theopolitani,
3090 1002 3185 1043 seu
3204 987 3552 1060 Antiocheni,
3585 996 3816 1051 nomine

2254 1068 2542 1142 Ἐξήγησις
2574 1072 2827 1144 περὶτῶν
2856 1076 2914 1129 ἐν
2938 1078 3156 1150 Περσίδι
3189 1082 3573 1152 πραχθέντων·
3596 1085 3812 1143 Relatio

2240 1160 2304 1213 de
2338 1170 2490 1215 rebus
2537 1165 2691 1231 gestis
2742 1166 2798 1219 in
2850 1165 3070 1236 Persia,
3117 1172 3373 1227 nimirum
3422 1176 3490 1230 de
3533 1178 3809 1249 discepta-

2244 1253 2387 1307 tione
2417 1254 2852 1311 Christianorum
2888 1262 3181 1329 praesulum
3220 1279 3343 1319 cum
3379 1266 3630 1334 ethnicis,
3656 1269 3811 1329 Gre-

2238 1344 2319 1397 cis
2341 1384 2355 1407 ,
2379 1353 2433 1398 et
2459 1342 2680 1412 Judaeis,
2701 1346 2883 1418 judice
2897 1350 3319 1420 Aplirodiasino,
3347 1356 3488 1423 regis
3511 1356 3807 1417 Persarum

2237 1436 2631 1506 archimagiro;
2680 1440 2767 1494 cui
2817 1442 2978 1497 etiam
3014 1459 3073 1498 se
3108 1445 3432 1504 Anastasius
3486 1450 3807 1509 interfuisse

2236 1528 2406 1594 dicit;
2451 1538 2505 1585 et
2551 1530 2769 1601 quidem
2814 1534 2989 1589 solum
3033 1552 3100 1590 ex
3138 1535 3369 1593 Romani
3428 1541 3642 1612 imperii
3685 1547 3807 1615 epi-

2236 1620 2438 1689 scopis.
2476 1620 2579 1677 Sed
2616 1624 2791 1680 oratio
2826 1626 2918 1681 illa
2949 1628 3057 1682 olet
3088 1630 3275 1684 nescio
3305 1633 3437 1702 quid
3468 1632 3799 1703 fabularum,

2238 1718 2296 1762 ut
2325 1708 2540 1765 diliicile
2571 1713 2775 1768 creditu
2805 1715 2896 1781 sit,
2943 1731 3010 1771 ex
3056 1719 3331 1776 Anastasii
3381 1725 3553 1779 nostri
3586 1726 3799 1782 ollicina

2234 1802 2520 1870 prodiisse.
2541 1802 2964 1861 Exscribendum
2982 1810 3197 1878 quidem
3218 1813 3464 1870 Graecum
3482 1830 3796 1875 contextum
3832 1865 3837 1870 .

2234 1907 2298 1946 ex
2339 1892 2663 1963 Augustano
2689 1899 2983 1968 exemplari
3014 1916 3354 1968 curaverant,
3401 1917 3453 1963 et
3498 1911 3563 1962 ad
3594 1913 3799 1967 versio-

2234 1999 2355 2037 nem
2393 2000 2478 2040 me
2513 1987 2891 2056 accinxeram;
2942 1992 3037 2048 sed
3082 1996 3423 2054 multitudine
3471 2001 3794 2058 mendorum

2231 2086 2287 2131 et
2328 2077 2631 2137 fabularum
2680 2083 2941 2153 oﬂ'ensus,
2993 2090 3151 2144 retuli
3189 2092 3420 2159 pedem;
3472 2109 3647 2164 neque
3699 2098 3794 2151 ulli

2230 2182 2361 2241 puto
2408 2175 2549 2231 hanc
2585 2176 2831 2250 διήγησιν
2859 2179 2973 2235 fore.
3008 2184 3270 2253 perviam,
3314 2185 3418 2240 nisi
3457 2187 3795 2244 emendatio-

2230 2280 2365 2328 rem,
2408 2279 2503 2321 aut
2535 2270 2719 2339 plures
2745 2276 3147 2345 manuscriptos
3177 2276 3391 2332 codices
3415 2278 3680 2348 acquirat.

2301 2379 2529 2448 Scripsit
2574 2382 2712 2437 idem
2784 2386 3100 2442 Anastasius
3161 2388 3400 2456 librum,
3453 2406 3520 2445 an
3584 2392 3792 2446 libros?

2228 2476 2418 2523 contra
2457 2467 2723 2527 Joannem
2750 2472 3107 2545 Philopouum
3129 2519 3144 2544 ,
3172 2480 3265 2548 qui
3301 2494 3398 2549 pro
3431 2480 3615 2536 Severi
3640 2493 3790 2537 secta

2226 2567 2280 2612 et
2309 2560 2523 2628 placitis
2564 2562 2877 2632 vulgaverat
2914 2566 3111 2622 librum
3139 2570 3323 2625 decem
3353 2572 3607 2640 capitulis
3634 2590 3791 2630 com-

2224 2651 2574 2720 prehensum,
2619 2664 2755 2710 teste
2779 2655 3085 2727 Nicephoro
3116 2660 3210 2715 lib.
3242 2678 3372 2718 xvm
3401 2664 3541 2721 Hist.
3578 2667 3786 2731 eccles.,

2224 2757 2344 2811 cap.
2373 2743 2462 2809 47,
2497 2760 2657 2813 quem
2686 2744 3068 2815 indigitaverat
3094 2749 3393 2826 διαιτητὴν,
3424 2756 3526 2812 hoc
3565 2770 3666 2825 est,
3696 2777 3788 2813 ar-

2224 2833 2420 2888 bitrum
2451 2836 2534 2890 vel
2551 2837 2822 2905 judicent;
2851 2840 2904 2892 in
2938 2856 3043 2910 quo
3072 2840 3402 2914 Pliiloponus
3422 2845 3783 2906 Palaemonem

2221 2931 2510 2997 quemdam
2534 2933 2761 3002 agebat,
2791 2943 2843 2987 et
2866 2944 3047 3003 partes
3076 2934 3450 2993 discordantes
3477 2939 3529 2993 in
3558 2954 3786 2995 concor-

2223 3022 2368 3076 diam
2416 3022 2660 3093 redigere
2700 3025 2918 3081 volebat
2958 3028 3112 3083 irrito
3153 3038 3377 3096 conatu;
3426 3047 3599 3101 neque
3634 3034 3783 3088 enim

2219 3111 2452 3168 haereses
2490 3129 2587 3184 per
2624 3115 2877 3181 haereses,
2929 3132 3251 3186 erroresque
3288 3135 3383 3190 per
3429 3136 3641 3178 errores
3692 3140 3780 3179 se-

2217 3204 2449 3270 dantur;
2486 3206 2629 3275 quod
2646 3215 2697 3261 et
2720 3206 2823 3261 hoc
2857 3218 3097 3277 tempore
3127 3224 3157 3261 a
3186 3212 3460 3267 nonnullis
3480 3213 3782 3285 διαιτηταῖς

2218 3305 2481 3351 tentatum
2506 3296 2765 3364 vidimus,
2802 3314 2907 3353 non
2926 3299 3134 3369 majore
3160 3315 3437 3358 successu.
3465 3303 3602 3360 Hinc
3622 3321 3778 3361 eum-

2215 3388 2339 3442 dem
2362 3389 2557 3445 librum
2579 3392 2741 3447 etiam
2764 3394 2888 3463 περὶ
2906 3393 3169 3458 ἐνώσεως,
3192 3396 3254 3449 de
3268 3398 3466 3477 (unione
3484 3400 3777 3469 inscripse-

2213 3492 2317 3547 rat,
2344 3491 2479 3565 tesje
2510 3483 2832 3555 Nicephoro.
2875 3486 3030 3542 llunc
3059 3478 3403 3545 librum-cum
3443 3494 3532 3547 alii
3571 3492 3775 3548 refutao

2214 3587 2381 3641 runt,
2435 3587 2548 3632 tum
2593 3580 2912 3637 Anastasius
2969 3591 3182 3647 noster;
3243 3586 3399 3656 cujus
3471 3587 3776 3643 lucubratio

2217 3670 2465 3738 utinam,
2521 3671 2568 3727 si
2608 3674 2822 3743 penitus
2880 3692 2984 3731 non
3042 3679 3230 3749 periit,
3293 3697 3357 3735 ex
3424 3682 3660 3736 tenebris
3719 3682 3774 3735 in

2215 3762 2388 3817 lucem
2440 3763 2780 3822 educeretur.

1320 4378 1806 4442 BBEVIARIUM
1868 4383 2065 4445 VITIE
2114 4386 2215 4447 ET
2263 4389 2537 4452 RERUM
2581 4393 2988 4457 GESTARUM

1381 4568 1441 4626 S.
1489 4570 1788 4631 Anastasii
1830 4572 2076 4635 Sinaitaa
2118 4575 2483 4655 patriarchas
2522 4582 2913 4646 Antiocheni.

1750 4758 1978 4819 (Gretser
2014 4760 2144 4825 Opp.
2188 4769 2223 4812 t.
2262 4762 2383 4824 XIV,
2426 4764 2556 4827 161.)

530 5028 533 5031 _
606 4965 654 5023 l.
702 4964 793 5024 Fit
836 4964 1171 5045 episcopus
1200 4968 1621 5032 Antiochenus
1649 4988 1818 5034 anno
1854 4974 2075 5037 Christi
2131 4996 2303 5041 anr.

608 5091 679 5150 II.
727 5092 1060 5170 Repugnat
1087 5092 1395 5172 intrepide
1426 5096 1721 5161 haeretica
1751 5101 1955 5164 edicto
1987 5105 2317 5170 Iustiniani
2354 5111 2749 5193 imperatoris
2782 5135 2948 5183 anno
2996 5121 3216 5185 Christi
3264 5143 3474 5190 oLxm.
3508 5131 3592 5193 De
3629 5150 3756 5211 quo

526 5189 671 5267 iege
718 5190 1045 5269 Evagrium
1084 5192 1192 5254 lib.
1238 5212 1323 5269 ιν,
1370 5214 1508 5276 cap.
1550 5197 1646 5258 38.

607 5320 705 5379 llI.
752 5320 841 5380 Ab
873 5320 1005 5398 ejus
1054 5322 1292 5400 judicio
1349 5327 1556 5387 caeteri
1602 5328 1931 5394 orthodoxi
1974 5336 2367 5414 pendebant,
2428 5348 2585 5405 teste
2626 5346 2924 5425 Evagrio,
2986 5350 3131 5430 quia
3170 5356 3229 5411 et
3272 5353 3645 5417 sanctissimi
3690 5366 3750 5416 et

521 5419 870 5481 doctissimi
919 5421 1079 5484 fama
1131 5423 1575 5488 celebrabatur.

604 5539 701 5600 IV.
754 5542 818 5600 [n
849 5541 1135 5605 exsilium
1186 5544 1428 5623 ejicitur
1475 5566 1508 5609 a
1555 5552 1798 5616 Justino
1836 5555 2213 5637 imperatore
2277 5581 2444 5627 anno
2488 5567 2705 5629 Christi
2758 5588 3000 5646 oLxxu,
3042 5573 3234 5652 idque
3290 5574 3642 5639 invidorum
3689 5587 3748 5639 et

528 5640 1050 5704 calumniatorum
1089 5646 1315 5709 studio.
1359 5651 1622 5714 Consule
1659 5655 1982 5734 Evagrium
2013 5662 2121 5723 lib.
2157 5682 2216 5737 ν,
2259 5684 2395 5746 cap.
2433 5666 2487 5727 6.

609 5757 676 5815 V.
722 5762 983 5823 Sanetus
1035 5765 1370 5841 Gregorius
1417 5771 1674 5848 Magnus
1714 5774 1933 5837 institit
1976 5781 2140 5857 apud
2185 5784 2647 5862 imperatorem,
2702 5796 2768 5851 ut
2799 5793 3149 5855 Anastasius
3179 5795 3310 5857 sedi
3341 5794 3744 5859 Antiochense
