  <div class='ocr_page' id='page_1' title='image "/cluster/home/n/w/nwhite01/storage/ocr_20150623/89/hvd.32044010610574/024.png"; bbox 0 0 4028 6542; ppageno 0'>
   <div class='ocr_carea' id='block_1_1' title="bbox 165 364 1756 428">
    <p class='ocr_par' dir='ltr' id='par_1_1' title="bbox 165 364 1756 426">
     <span class='ocr_line' id='line_1_1' title="bbox 165 364 1756 426; baseline -0.001 0"><span class='ocrx_word' id='word_1_1' title='bbox 165 364 231 426; x_wconf 68' lang='lat'><strong>3&#39;3</strong></span> <span class='ocrx_word' id='word_1_2' title='bbox 1370 365 1560 425; x_wconf 65' lang='grc' dir='ltr'><strong>νιτιε</strong></span> <span class='ocrx_word' id='word_1_3' title='bbox 1599 366 1661 425; x_wconf 95' lang='lat' dir='ltr'><strong>S.</strong></span> <span class='ocrx_word' id='word_1_4' title='bbox 1699 365 1756 424; x_wconf 78' lang='lat' dir='ltr'><strong>Al</strong></span> 
     </span>
    </p>
   </div>
   <div class='ocr_carea' id='block_1_2' title="bbox 1793 364 3384 428">
    <p class='ocr_par' dir='ltr' id='par_1_2' title="bbox 1793 364 3384 428">
     <span class='ocr_line' id='line_1_2' title="bbox 1793 364 3384 428; baseline 0.003 -4"><span class='ocrx_word' id='word_1_5' title='bbox 1793 364 2120 428; x_wconf 71' lang='lat' dir='ltr'><strong>&#39;ASTASU.</strong></span> <span class='ocrx_word' id='word_1_6' title='bbox 3315 367 3384 428; x_wconf 65' lang='grc'><strong>34</strong></span> 
     </span>
    </p>
   </div>
   <div class='ocr_carea' id='block_1_3' title="bbox 173 477 3365 559">
    <p class='ocr_par' dir='ltr' id='par_1_3' title="bbox 173 477 3365 559">
     <span class='ocr_line' id='line_1_3' title="bbox 173 477 3365 559; baseline 0 -19"><span class='ocrx_word' id='word_1_7' title='bbox 173 478 597 553; x_wconf 76' lang='lat' dir='ltr'><strong>restitueretur,</strong></span> <span class='ocrx_word' id='word_1_8' title='bbox 634 486 829 558; x_wconf 89' lang='lat' dir='ltr'><strong>utque</strong></span> <span class='ocrx_word' id='word_1_9' title='bbox 855 479 1093 542; x_wconf 89' lang='lat' dir='ltr'><strong>interea</strong></span> <span class='ocrx_word' id='word_1_10' title='bbox 1135 477 1281 540; x_wconf 87' lang='lat' dir='ltr'><strong>dum</strong></span> <span class='ocrx_word' id='word_1_11' title='bbox 1316 496 1414 540; x_wconf 86' lang='lat' dir='ltr'><strong>res</strong></span> <span class='ocrx_word' id='word_1_12' title='bbox 1449 478 1799 551; x_wconf 77' lang='lat' dir='ltr'><strong>coniicitur,</strong></span> <span class='ocrx_word' id='word_1_13' title='bbox 1843 480 2057 540; x_wconf 70' lang='lat' dir='ltr'><strong>Romae</strong></span> <span class='ocrx_word' id='word_1_14' title='bbox 2091 482 2322 542; x_wconf 86' lang='lat' dir='ltr'><strong>versari</strong></span> <span class='ocrx_word' id='word_1_15' title='bbox 2361 480 2845 559; x_wconf 89' lang='lat' dir='ltr'><strong>permitteretur.</strong></span> <span class='ocrx_word' id='word_1_16' title='bbox 2882 485 3059 542; x_wconf 85' lang='lat' dir='ltr'><strong>Anno</strong></span> <span class='ocrx_word' id='word_1_17' title='bbox 3094 481 3365 541; x_wconf 74' lang='lat' dir='ltr'><strong>Redem-</strong></span> 
     </span>
    </p>
   </div>
   <div class='ocr_carea' id='block_1_4' title="bbox 175 579 3384 663">
    <p class='ocr_par' dir='ltr' id='par_1_4' title="bbox 175 579 3384 663">
     <span class='ocr_line' id='line_1_4' title="bbox 175 579 3384 663; baseline 0.001 -22"><span class='ocrx_word' id='word_1_18' title='bbox 175 579 345 661; x_wconf 89' lang='lat' dir='ltr'><strong>ptoris</strong></span> <span class='ocrx_word' id='word_1_19' title='bbox 368 597 513 641; x_wconf 84' lang='lat' dir='ltr'><strong>nxc.</strong></span> <span class='ocrx_word' id='word_1_20' title='bbox 545 580 696 642; x_wconf 84' lang='lat' dir='ltr'><strong>Vide</strong></span> <span class='ocrx_word' id='word_1_21' title='bbox 724 582 1048 658; x_wconf 81' lang='lat' dir='ltr'><strong>epistolam</strong></span> <span class='ocrx_word' id='word_1_22' title='bbox 1083 580 1116 641; x_wconf 85' lang='lat'><strong>6</strong></span> <span class='ocrx_word' id='word_1_23' title='bbox 1143 580 1280 642; x_wconf 86' lang='lat' dir='ltr'><strong>libri</strong></span> <span class='ocrx_word' id='word_1_24' title='bbox 1313 579 1496 660; x_wconf 85' lang='lat' dir='ltr'>primi</span> <span class='ocrx_word' id='word_1_25' title='bbox 1519 580 1712 658; x_wconf 82' lang='lat' dir='ltr'><strong>Epist.</strong></span> <span class='ocrx_word' id='word_1_26' title='bbox 1734 580 1927 641; x_wconf 79' lang='lat' dir='ltr'><strong>sancti</strong></span> <span class='ocrx_word' id='word_1_27' title='bbox 1949 581 2254 658; x_wconf 81' lang='lat' dir='ltr'><strong>Gregorii,</strong></span> <span class='ocrx_word' id='word_1_28' title='bbox 2281 582 2386 660; x_wconf 87' lang='lat' dir='ltr'><strong>qui</strong></span> <span class='ocrx_word' id='word_1_29' title='bbox 2415 584 2689 663; x_wconf 82' lang='lat' dir='ltr'><strong>acceptis</strong></span> <span class='ocrx_word' id='word_1_30' title='bbox 2716 584 2793 645; x_wconf 85' lang='lat' dir='ltr'><strong>ab</strong></span> <span class='ocrx_word' id='word_1_31' title='bbox 2815 582 3132 644; x_wconf 80' lang='lat' dir='ltr'><strong>Anastasio</strong></span> <span class='ocrx_word' id='word_1_32' title='bbox 3165 581 3384 644; x_wconf 83' lang='lat' dir='ltr'>litteris</span> 
     </span>
    </p>
   </div>
   <div class='ocr_carea' id='block_1_5' title="bbox 175 678 3348 761">
    <p class='ocr_par' dir='ltr' id='par_1_5' title="bbox 175 678 3348 761">
     <span class='ocr_line' id='line_1_5' title="bbox 175 678 3348 761; baseline -0.001 -20"><span class='ocrx_word' id='word_1_33' title='bbox 175 679 399 742; x_wconf 77' lang='lat' dir='ltr'><strong>mirifice</strong></span> <span class='ocrx_word' id='word_1_34' title='bbox 427 697 496 742; x_wconf 94' lang='lat' dir='ltr'><strong>se</strong></span> <span class='ocrx_word' id='word_1_35' title='bbox 527 680 901 744; x_wconf 87' lang='lat' dir='ltr'><strong>oblectatum</strong></span> <span class='ocrx_word' id='word_1_36' title='bbox 933 689 1213 744; x_wconf 83' lang='lat' dir='ltr'>testatur.</span> <span class='ocrx_word' id='word_1_37' title='bbox 1242 678 1616 759; x_wconf 78' lang='lat' dir='ltr'><strong>Epistulam,</strong></span> <span class='ocrx_word' id='word_1_38' title='bbox 1663 679 1889 759; x_wconf 86' lang='lat' dir='ltr'><strong>inquit,</strong></span> <span class='ocrx_word' id='word_1_39' title='bbox 1930 679 2335 742; x_wconf 76' lang='lat' dir='ltr'><strong>beatitudinis</strong></span> <span class='ocrx_word' id='word_1_40' title='bbox 2367 691 2584 742; x_wconf 74' lang='lat' dir='ltr'><strong>vestrae</strong></span> <span class='ocrx_word' id='word_1_41' title='bbox 2612 691 2680 742; x_wconf 79' lang='lat' dir='ltr'><strong>ut</strong></span> <span class='ocrx_word' id='word_1_42' title='bbox 2707 683 2910 761; x_wconf 80' lang='lat' dir='ltr'><strong>fessus</strong></span> <span class='ocrx_word' id='word_1_43' title='bbox 2948 681 3246 761; x_wconf 78' lang='lat' dir='ltr'><strong>requiem,</strong></span> <span class='ocrx_word' id='word_1_44' title='bbox 3278 699 3348 740; x_wconf 86' lang='lat' dir='ltr'><strong>sa</strong></span> 
     </span>
    </p>
   </div>
   <div class='ocr_carea' id='block_1_6' title="bbox 170 780 1995 862">
    <p class='ocr_par' dir='ltr' id='par_1_6' title="bbox 170 780 1995 862">
     <span class='ocr_line' id='line_1_6' title="bbox 170 780 1995 862; baseline 0.002 -23"><span class='ocrx_word' id='word_1_45' title='bbox 170 780 333 842; x_wconf 74' lang='lat' dir='ltr'><strong>lutem</strong></span> <span class='ocrx_word' id='word_1_46' title='bbox 365 801 550 862; x_wconf 67' lang='lat' dir='ltr'><strong>eger,</strong></span> <span class='ocrx_word' id='word_1_47' title='bbox 577 785 813 862; x_wconf 79' lang='lat' dir='ltr'><strong>fontem</strong></span> <span class='ocrx_word' id='word_1_48' title='bbox 842 786 1081 855; x_wconf 79' lang='lat' dir='ltr'>sitiens,</span> <span class='ocrx_word' id='word_1_49' title='bbox 1117 800 1278 862; x_wconf 68' lang='lat' dir='ltr'><strong>ager</strong></span> <span class='ocrx_word' id='word_1_50' title='bbox 1311 790 1576 842; x_wconf 65' lang='lat' dir='ltr'><strong>aestuans</strong></span> <span class='ocrx_word' id='word_1_51' title='bbox 1605 783 1836 861; x_wconf 82' lang='lat' dir='ltr'><strong>accepi,</strong></span> <span class='ocrx_word' id='word_1_52' title='bbox 1876 789 1995 844; x_wconf 82' lang='lat' dir='ltr'><strong>etc.</strong></span> 
     </span>
    </p>
   </div>
   <div class='ocr_carea' id='block_1_7' title="bbox 231 903 2319 988">
    <p class='ocr_par' dir='ltr' id='par_1_7' title="bbox 231 903 2319 988">
     <span class='ocr_line' id='line_1_7' title="bbox 231 903 2319 988; baseline -0.001 -22"><span class='ocrx_word' id='word_1_53' title='bbox 231 907 321 967; x_wconf 78' lang='lat' dir='ltr'><strong>VI.</strong></span> <span class='ocrx_word' id='word_1_54' title='bbox 362 908 717 988; x_wconf 85' lang='lat' dir='ltr'><strong>Becuperat</strong></span> <span class='ocrx_word' id='word_1_55' title='bbox 755 907 968 969; x_wconf 89' lang='lat' dir='ltr'><strong>sedem</strong></span> <span class='ocrx_word' id='word_1_56' title='bbox 1000 922 1174 969; x_wconf 88' lang='lat' dir='ltr'><strong>suam</strong></span> <span class='ocrx_word' id='word_1_57' title='bbox 1207 903 1658 966; x_wconf 83' lang='lat' dir='ltr'><strong>Antiochenam</strong></span> <span class='ocrx_word' id='word_1_58' title='bbox 1695 921 1862 968; x_wconf 86' lang='lat' dir='ltr'><strong>anno</strong></span> <span class='ocrx_word' id='word_1_59' title='bbox 1893 905 2107 968; x_wconf 88' lang='lat' dir='ltr'><strong>salutis</strong></span> <span class='ocrx_word' id='word_1_60' title='bbox 2149 923 2319 966; x_wconf 80' lang='lat' dir='ltr'><strong>nxcv</strong></span> 
     </span>
    </p>
   </div>
   <div class='ocr_carea' id='block_1_8' title="bbox 229 1027 2932 1108">
    <p class='ocr_par' dir='ltr' id='par_1_8' title="bbox 229 1027 2932 1108">
     <span class='ocr_line' id='line_1_8' title="bbox 229 1027 2932 1108; baseline -0.001 -16"><span class='ocrx_word' id='word_1_61' title='bbox 229 1035 344 1095; x_wconf 78' lang='lat' dir='ltr'><strong>VII.</strong></span> <span class='ocrx_word' id='word_1_62' title='bbox 387 1031 746 1094; x_wconf 87' lang='lat' dir='ltr'><strong>Gratulatur</strong></span> <span class='ocrx_word' id='word_1_63' title='bbox 775 1031 863 1092; x_wconf 87' lang='lat' dir='ltr'>illi</span> <span class='ocrx_word' id='word_1_64' title='bbox 898 1037 1146 1093; x_wconf 91' lang='lat' dir='ltr'><strong>sanctus</strong></span> <span class='ocrx_word' id='word_1_65' title='bbox 1173 1028 1510 1107; x_wconf 82' lang='lat' dir='ltr'><strong>Gregorius</strong></span> <span class='ocrx_word' id='word_1_66' title='bbox 1539 1029 1819 1104; x_wconf 85' lang='lat' dir='ltr'><strong>Magnus.</strong></span> <span class='ocrx_word' id='word_1_67' title='bbox 1856 1028 2012 1090; x_wconf 86' lang='lat' dir='ltr'><strong>Vide</strong></span> <span class='ocrx_word' id='word_1_68' title='bbox 2045 1028 2154 1090; x_wconf 87' lang='lat' dir='ltr'><strong>lib.</strong></span> <span class='ocrx_word' id='word_1_69' title='bbox 2185 1045 2251 1088; x_wconf 84' lang='lat' dir='ltr'><strong>1v</strong></span> <span class='ocrx_word' id='word_1_70' title='bbox 2279 1027 2571 1108; x_wconf 81' lang='lat' dir='ltr'><strong>Begistri,</strong></span> <span class='ocrx_word' id='word_1_71' title='bbox 2603 1027 2786 1108; x_wconf 86' lang='lat' dir='ltr'><strong>epist.</strong></span> <span class='ocrx_word' id='word_1_72' title='bbox 2835 1027 2932 1088; x_wconf 86' lang='lat'><strong>37.</strong></span> 
     </span>
    </p>
   </div>
   <div class='ocr_carea' id='block_1_9' title="bbox 229 1151 3376 1233">
    <p class='ocr_par' dir='ltr' id='par_1_9' title="bbox 229 1151 3376 1233">
     <span class='ocr_line' id='line_1_9' title="bbox 229 1151 3376 1233; baseline -0.001 -17"><span class='ocrx_word' id='word_1_73' title='bbox 229 1157 370 1216; x_wconf 75' lang='lat' dir='ltr'><strong>VIII.</strong></span> <span class='ocrx_word' id='word_1_74' title='bbox 409 1153 771 1216; x_wconf 84' lang='lat' dir='ltr'>Anastasius</span> <span class='ocrx_word' id='word_1_75' title='bbox 803 1159 1035 1214; x_wconf 89' lang='lat' dir='ltr'><strong>rectam</strong></span> <span class='ocrx_word' id='word_1_76' title='bbox 1064 1153 1434 1216; x_wconf 86' lang='lat' dir='ltr'><strong>sententiam</strong></span> <span class='ocrx_word' id='word_1_77' title='bbox 1462 1151 1543 1215; x_wconf 87' lang='lat' dir='ltr'><strong>de</strong></span> <span class='ocrx_word' id='word_1_78' title='bbox 1575 1153 1981 1233; x_wconf 89' lang='lat' dir='ltr'><strong>processione</strong></span> <span class='ocrx_word' id='word_1_79' title='bbox 2017 1153 2281 1233; x_wconf 85' lang='lat' dir='ltr'><strong>Spiritus</strong></span> <span class='ocrx_word' id='word_1_80' title='bbox 2310 1153 2506 1214; x_wconf 83' lang='lat' dir='ltr'><strong>sancti</strong></span> <span class='ocrx_word' id='word_1_81' title='bbox 2537 1169 2614 1214; x_wconf 82' lang='lat' dir='ltr'><strong>ex</strong></span> <span class='ocrx_word' id='word_1_82' title='bbox 2652 1153 2830 1212; x_wconf 87' lang='lat' dir='ltr'><strong>Patre</strong></span> <span class='ocrx_word' id='word_1_83' title='bbox 2875 1158 2933 1212; x_wconf 91' lang='lat' dir='ltr'><strong>et</strong></span> <span class='ocrx_word' id='word_1_84' title='bbox 2960 1152 3116 1213; x_wconf 87' lang='lat' dir='ltr'><strong>Filio</strong></span> <span class='ocrx_word' id='word_1_85' title='bbox 3148 1160 3376 1214; x_wconf 87' lang='lat' dir='ltr'><strong>tuetur.</strong></span> 
     </span>
    </p>
   </div>
   <div class='ocr_carea' id='block_1_10' title="bbox 162 1252 1283 1328">
    <p class='ocr_par' dir='ltr' id='par_1_10' title="bbox 162 1252 1283 1328">
     <span class='ocr_line' id='line_1_10' title="bbox 162 1252 1283 1328; baseline -0.004 -9"><span class='ocrx_word' id='word_1_86' title='bbox 162 1257 298 1319; x_wconf 71' lang='lat' dir='ltr'><strong>Vide</strong></span> <span class='ocrx_word' id='word_1_87' title='bbox 337 1257 566 1317; x_wconf 89' lang='lat' dir='ltr'><strong>Baron.</strong></span> <span class='ocrx_word' id='word_1_88' title='bbox 615 1270 784 1316; x_wconf 90' lang='lat' dir='ltr'><strong>anno</strong></span> <span class='ocrx_word' id='word_1_89' title='bbox 811 1271 1030 1328; x_wconf 84' lang='lat' dir='ltr'><strong>nxcm,</strong></span> <span class='ocrx_word' id='word_1_90' title='bbox 1079 1271 1144 1316; x_wconf 89' lang='lat' dir='ltr'><strong>n.</strong></span> <span class='ocrx_word' id='word_1_91' title='bbox 1189 1252 1283 1315; x_wconf 76' lang='grc'><strong>47.</strong></span> 
     </span>
    </p>
   </div>
   <div class='ocr_carea' id='block_1_11' title="bbox 223 1376 3380 1457">
    <p class='ocr_par' dir='ltr' id='par_1_11' title="bbox 223 1376 3380 1457">
     <span class='ocr_line' id='line_1_11' title="bbox 223 1376 3380 1457; baseline -0.001 -17"><span class='ocrx_word' id='word_1_92' title='bbox 223 1379 319 1440; x_wconf 77' lang='lat' dir='ltr'><strong>IX.</strong></span> <span class='ocrx_word' id='word_1_93' title='bbox 359 1377 629 1457; x_wconf 86' lang='lat' dir='ltr'><strong>Scripsit</strong></span> <span class='ocrx_word' id='word_1_94' title='bbox 655 1376 733 1438; x_wconf 82' lang='lat' dir='ltr'><strong>ad</strong></span> <span class='ocrx_word' id='word_1_95' title='bbox 776 1385 1057 1439; x_wconf 89' lang='lat' dir='ltr'><strong>sanctum</strong></span> <span class='ocrx_word' id='word_1_96' title='bbox 1093 1377 1461 1457; x_wconf 82' lang='lat' dir='ltr'><strong>Gregorium</strong></span> <span class='ocrx_word' id='word_1_97' title='bbox 1489 1380 1805 1456; x_wconf 82' lang='lat' dir='ltr'><strong>Magnum,</strong></span> <span class='ocrx_word' id='word_1_98' title='bbox 1839 1385 1899 1440; x_wconf 90' lang='lat' dir='ltr'><strong>et</strong></span> <span class='ocrx_word' id='word_1_99' title='bbox 1930 1379 2418 1442; x_wconf 87' lang='lat' dir='ltr'><strong>controversiam</strong></span> <span class='ocrx_word' id='word_1_100' title='bbox 2451 1377 2529 1440; x_wconf 87' lang='lat' dir='ltr'><strong>de</strong></span> <span class='ocrx_word' id='word_1_101' title='bbox 2562 1376 2816 1439; x_wconf 89' lang='lat' dir='ltr'><strong>nomine</strong></span> <span class='ocrx_word' id='word_1_102' title='bbox 2852 1377 3220 1439; x_wconf 81' lang='lat' dir='ltr'><strong>universalis</strong></span> <span class='ocrx_word' id='word_1_103' title='bbox 3252 1395 3380 1438; x_wconf 89' lang='lat' dir='ltr'><strong>non</strong></span> 
     </span>
    </p>
   </div>
   <div class='ocr_carea' id='block_1_12' title="bbox 161 1479 1614 1559">
    <p class='ocr_par' dir='ltr' id='par_1_12' title="bbox 161 1479 1614 1559">
     <span class='ocr_line' id='line_1_12' title="bbox 161 1479 1614 1559; baseline -0.001 -15"><span class='ocrx_word' id='word_1_104' title='bbox 161 1483 296 1544; x_wconf 87' lang='lat' dir='ltr'><strong>adeo</strong></span> <span class='ocrx_word' id='word_1_105' title='bbox 334 1479 549 1557; x_wconf 84' lang='lat' dir='ltr'><strong>magni</strong></span> <span class='ocrx_word' id='word_1_106' title='bbox 585 1479 872 1542; x_wconf 63' lang='lat' dir='ltr'><strong>aestimat.</strong></span> <span class='ocrx_word' id='word_1_107' title='bbox 919 1484 1097 1542; x_wconf 80' lang='lat' dir='ltr'><strong>Anno</strong></span> <span class='ocrx_word' id='word_1_108' title='bbox 1129 1482 1341 1559; x_wconf 67' lang='lat' dir='ltr'><strong>gratiae</strong></span> <span class='ocrx_word' id='word_1_109' title='bbox 1377 1499 1614 1542; x_wconf 76' lang='lat' dir='ltr'><strong>nxcvn.</strong></span> 
     </span>
    </p>
   </div>
   <div class='ocr_carea' id='block_1_13' title="bbox 223 1592 3379 1690">
    <p class='ocr_par' dir='ltr' id='par_1_13' title="bbox 223 1592 3379 1690">
     <span class='ocr_line' id='line_1_13' title="bbox 223 1592 3379 1690; baseline -0.001 -23"><span class='ocrx_word' id='word_1_110' title='bbox 223 1609 291 1668; x_wconf 76' lang='grc' dir='ltr'><strong>Χ.</strong></span> <span class='ocrx_word' id='word_1_111' title='bbox 320 1609 614 1669; x_wconf 81' lang='lat' dir='ltr'><strong>Monetur</strong></span> <span class='ocrx_word' id='word_1_112' title='bbox 640 1609 995 1670; x_wconf 82' lang='lat' dir='ltr'><strong>Anastasius</strong></span> <span class='ocrx_word' id='word_1_113' title='bbox 1029 1627 1064 1671; x_wconf 93' lang='lat' dir='ltr'><strong>a</strong></span> <span class='ocrx_word' id='word_1_114' title='bbox 1110 1617 1326 1672; x_wconf 89' lang='lat' dir='ltr'><strong>sancto</strong></span> <span class='ocrx_word' id='word_1_115' title='bbox 1364 1610 1663 1688; x_wconf 81' lang='lat' dir='ltr'><strong>Gregorio</strong></span> <span class='ocrx_word' id='word_1_116' title='bbox 1741 1611 1819 1673; x_wconf 91' lang='lat' dir='ltr'><strong>de</strong></span> <span class='ocrx_word' id='word_1_117' title='bbox 1865 1592 2046 1674; x_wconf 80' lang='lat' dir='ltr'><strong>causa</strong></span> <span class='ocrx_word' id='word_1_118' title='bbox 2093 1610 2349 1673; x_wconf 88' lang='lat' dir='ltr'><strong>Joannis</strong></span> <span class='ocrx_word' id='word_1_119' title='bbox 2402 1607 2768 1690; x_wconf 61' lang='lat' dir='ltr'><strong>patriarchae</strong></span> <span class='ocrx_word' id='word_1_120' title='bbox 2811 1604 3379 1683; x_wconf 82' lang='lat' dir='ltr'><strong>ConstantinOpoli-</strong></span> 
     </span>
    </p>
   </div>
   <div class='ocr_carea' id='block_1_14' title="bbox 159 1709 1988 1791">
    <p class='ocr_par' dir='ltr' id='par_1_14' title="bbox 159 1709 1988 1791">
     <span class='ocr_line' id='line_1_14' title="bbox 159 1709 1988 1791; baseline 0.001 -21"><span class='ocrx_word' id='word_1_121' title='bbox 159 1711 302 1781; x_wconf 86' lang='lat' dir='ltr'><strong>tani,</strong></span> <span class='ocrx_word' id='word_1_122' title='bbox 353 1710 465 1788; x_wconf 89' lang='lat' dir='ltr'><strong>qui</strong></span> <span class='ocrx_word' id='word_1_123' title='bbox 515 1709 639 1772; x_wconf 88' lang='lat' dir='ltr'>sibi</span> <span class='ocrx_word' id='word_1_124' title='bbox 687 1709 1060 1772; x_wconf 87' lang='lat' dir='ltr'><strong>universalis</strong></span> <span class='ocrx_word' id='word_1_125' title='bbox 1102 1711 1592 1791; x_wconf 89' lang='lat' dir='ltr'><strong>appellationem</strong></span> <span class='ocrx_word' id='word_1_126' title='bbox 1640 1714 1988 1789; x_wconf 86' lang='lat' dir='ltr'><strong>arrogabat.</strong></span> 
     </span>
    </p>
   </div>
   <div class='ocr_carea' id='block_1_15' title="bbox 224 1826 3369 1915">
    <p class='ocr_par' dir='ltr' id='par_1_15' title="bbox 224 1826 3369 1915">
     <span class='ocr_line' id='line_1_15' title="bbox 224 1826 3369 1915; baseline -0.001 -22"><span class='ocrx_word' id='word_1_127' title='bbox 224 1835 326 1894; x_wconf 68' lang='lat' dir='ltr'><strong>XI.</strong></span> <span class='ocrx_word' id='word_1_128' title='bbox 364 1834 622 1897; x_wconf 84' lang='lat' dir='ltr'><strong>Librum</strong></span> <span class='ocrx_word' id='word_1_129' title='bbox 660 1834 860 1896; x_wconf 89' lang='lat' dir='ltr'><strong>sancti</strong></span> <span class='ocrx_word' id='word_1_130' title='bbox 891 1835 1194 1914; x_wconf 86' lang='lat' dir='ltr'><strong>Gregorii,</strong></span> <span class='ocrx_word' id='word_1_131' title='bbox 1226 1833 1336 1915; x_wconf 90' lang='lat' dir='ltr'><strong>qui</strong></span> <span class='ocrx_word' id='word_1_132' title='bbox 1369 1835 1695 1897; x_wconf 79' lang='lat' dir='ltr'><strong>Pastorale</strong></span> <span class='ocrx_word' id='word_1_133' title='bbox 1723 1833 2108 1906; x_wconf 86' lang='lat' dir='ltr'><strong>inscribitur,</strong></span> <span class='ocrx_word' id='word_1_134' title='bbox 2181 1831 2494 1895; x_wconf 89' lang='lat' dir='ltr'><strong>transtulit</strong></span> <span class='ocrx_word' id='word_1_135' title='bbox 2537 1831 2890 1894; x_wconf 84' lang='lat' dir='ltr'><strong>Anastasius</strong></span> <span class='ocrx_word' id='word_1_136' title='bbox 2939 1847 3014 1891; x_wconf 75' lang='lat' dir='ltr'><strong>ex</strong></span> <span class='ocrx_word' id='word_1_137' title='bbox 3061 1827 3274 1889; x_wconf 85' lang='lat' dir='ltr'><strong>Latino</strong></span> <span class='ocrx_word' id='word_1_138' title='bbox 3307 1826 3369 1890; x_wconf 90' lang='lat' dir='ltr'><strong>in</strong></span> 
     </span>
    </p>
   </div>
   <div class='ocr_carea' id='block_1_16' title="bbox 159 1932 2173 2015">
    <p class='ocr_par' dir='ltr' id='par_1_16' title="bbox 159 1932 2173 2015">
     <span class='ocr_line' id='line_1_16' title="bbox 159 1932 2173 2015; baseline 0.001 -22"><span class='ocrx_word' id='word_1_139' title='bbox 159 1937 414 1996; x_wconf 63' lang='lat' dir='ltr'><strong>Gracum</strong></span> <span class='ocrx_word' id='word_1_140' title='bbox 452 1951 842 1997; x_wconf 88' lang='lat' dir='ltr'><strong>sermonem.</strong></span> <span class='ocrx_word' id='word_1_141' title='bbox 882 1936 1143 1997; x_wconf 90' lang='lat' dir='ltr'><strong>Sanctus</strong></span> <span class='ocrx_word' id='word_1_142' title='bbox 1187 1935 1522 2013; x_wconf 90' lang='lat' dir='ltr'><strong>Gregorius</strong></span> <span class='ocrx_word' id='word_1_143' title='bbox 1563 1935 1673 1996; x_wconf 92' lang='lat' dir='ltr'><strong>lib.</strong></span> <span class='ocrx_word' id='word_1_144' title='bbox 1726 1955 1755 1996; x_wconf 72' lang='grc' dir='ltr'>χ</span> <span class='ocrx_word' id='word_1_145' title='bbox 1780 1983 1794 2008; x_wconf 90' lang='grc'><strong><em>,</em></strong></span> <span class='ocrx_word' id='word_1_146' title='bbox 1848 1935 2032 2015; x_wconf 90' lang='lat' dir='ltr'><strong>epist.</strong></span> <span class='ocrx_word' id='word_1_147' title='bbox 2075 1932 2173 1995; x_wconf 75' lang='grc'><strong>22.</strong></span> 
     </span>
    </p>
   </div>
   <div class='ocr_carea' id='block_1_17' title="bbox 225 2049 3376 2136">
    <p class='ocr_par' dir='ltr' id='par_1_17' title="bbox 225 2049 3376 2136">
     <span class='ocr_line' id='line_1_17' title="bbox 225 2049 3376 2136; baseline -0.003 -21"><span class='ocrx_word' id='word_1_148' title='bbox 225 2057 343 2115; x_wconf 76' lang='lat' dir='ltr'><strong>XII.</strong></span> <span class='ocrx_word' id='word_1_149' title='bbox 382 2057 546 2118; x_wconf 89' lang='lat' dir='ltr'><strong>Obiit</strong></span> <span class='ocrx_word' id='word_1_150' title='bbox 607 2057 964 2120; x_wconf 81' lang='lat' dir='ltr'><strong>Anastasius</strong></span> <span class='ocrx_word' id='word_1_151' title='bbox 1035 2074 1201 2120; x_wconf 89' lang='lat' dir='ltr'><strong>anno</strong></span> <span class='ocrx_word' id='word_1_152' title='bbox 1250 2057 1493 2122; x_wconf 91' lang='lat' dir='ltr'><strong>Domini</strong></span> <span class='ocrx_word' id='word_1_153' title='bbox 1540 2073 1734 2118; x_wconf 73' lang='lat' dir='ltr'><strong>nxcrx</strong></span> <span class='ocrx_word' id='word_1_154' title='bbox 1762 2105 1778 2127; x_wconf 89' lang='lat'><strong>,</strong></span> <span class='ocrx_word' id='word_1_155' title='bbox 1825 2057 1926 2119; x_wconf 90' lang='lat' dir='ltr'><strong>cui</strong></span> <span class='ocrx_word' id='word_1_156' title='bbox 1978 2057 2043 2118; x_wconf 90' lang='lat' dir='ltr'><strong>in</strong></span> <span class='ocrx_word' id='word_1_157' title='bbox 2101 2056 2545 2136; x_wconf 76' lang='lat' dir='ltr'><strong>Martyrologio</strong></span> <span class='ocrx_word' id='word_1_158' title='bbox 2585 2059 2872 2119; x_wconf 79' lang='lat' dir='ltr'><strong>Romano</strong></span> <span class='ocrx_word' id='word_1_159' title='bbox 2933 2052 3052 2117; x_wconf 85' lang='lat' dir='ltr'><strong>hoc</strong></span> <span class='ocrx_word' id='word_1_160' title='bbox 3100 2049 3376 2125; x_wconf 59' lang='lat' dir='ltr'><strong>elogium</strong></span> 
     </span>
    </p>
   </div>
   <div class='ocr_carea' id='block_1_18' title="bbox 163 2154 2822 2237">
    <p class='ocr_par' dir='ltr' id='par_1_18' title="bbox 163 2154 2822 2237">
     <span class='ocr_line' id='line_1_18' title="bbox 163 2154 2822 2237; baseline 0.001 -23"><span class='ocrx_word' id='word_1_161' title='bbox 163 2154 390 2232; x_wconf 62' lang='lat' dir='ltr'><strong>punitur</strong></span> <span class='ocrx_word' id='word_1_162' title='bbox 431 2155 508 2216; x_wconf 91' lang='lat' dir='ltr'><strong>ad</strong></span> <span class='ocrx_word' id='word_1_163' title='bbox 558 2155 728 2217; x_wconf 89' lang='lat' dir='ltr'><strong>diem</strong></span> <span class='ocrx_word' id='word_1_164' title='bbox 762 2174 874 2218; x_wconf 80' lang='lat' dir='ltr'><strong>xxr</strong></span> <span class='ocrx_word' id='word_1_165' title='bbox 902 2156 1122 2237; x_wconf 84' lang='lat' dir='ltr'><strong>Aprilis</strong></span> <span class='ocrx_word' id='word_1_166' title='bbox 1163 2156 1574 2230; x_wconf 71' lang='lat' dir='ltr'><strong>:Antiochiw,</strong></span> <span class='ocrx_word' id='word_1_167' title='bbox 1614 2157 1818 2218; x_wconf 80' lang='lat' dir='ltr'><strong>sancti</strong></span> <span class='ocrx_word' id='word_1_168' title='bbox 1860 2157 2180 2218; x_wconf 77' lang='lat' dir='ltr'><strong>Anastasii</strong></span> <span class='ocrx_word' id='word_1_169' title='bbox 2212 2159 2494 2231; x_wconf 68' lang='lat' dir='ltr'><strong>Sinnius,</strong></span> <span class='ocrx_word' id='word_1_170' title='bbox 2529 2158 2822 2236; x_wconf 77' lang='lat' dir='ltr'><strong>episcopi.</strong></span> 
     </span>
    </p>
   </div>
   <div class='ocr_carea' id='block_1_19' title="bbox 1336 3697 2180 3921">
    <p class='ocr_par' dir='ltr' id='par_1_19' title="bbox 1356 3713 2164 3903">
     <span class='ocr_line' id='line_1_19' title="bbox 1356 3713 2164 3903; baseline 0.052 -116"><span class='ocrx_word' id='word_1_171' title='bbox 1356 3714 1458 3819; x_wconf 52' lang='grc' dir='ltr'><strong>εκ</strong></span> <span class='ocrx_word' id='word_1_172' title='bbox 1480 3713 1748 3903; x_wconf 62' lang='grc' dir='ltr'>ς</span> 
     </span>
     <span class='ocr_line' id='line_1_20' title="bbox 1704 3846 2009 3893; baseline 0.043 -4"><span class='ocrx_word' id='word_1_173' title='bbox 1776 3846 1891 3893; x_wconf 52' lang='lat' dir='ltr'><strong>sv</strong></span> 
     </span>
    </p>
   </div>
  </div>
