  <div class='ocr_page' id='page_1' title='image "/cluster/home/n/w/nwhite01/storage/ocr_20150623/89/hvd.32044010610574/025.png"; bbox 0 0 4120 6590; ppageno 0'>
   <div class='ocr_carea' id='block_1_1' title="bbox 546 396 3780 499">
    <p class='ocr_par' dir='ltr' id='par_1_1' title="bbox 546 396 3780 499">
     <span class='ocr_line' id='line_1_1' title="bbox 546 396 3780 499; baseline -0.015 -11"><span class='ocrx_word' id='word_1_1' title='bbox 546 438 615 499; x_wconf 77' lang='lat'><strong>35</strong></span> <span class='ocrx_word' id='word_1_2' title='bbox 1743 408 1805 467; x_wconf 82' lang='lat' dir='ltr'><strong>S.</strong></span> <span class='ocrx_word' id='word_1_3' title='bbox 1850 404 2247 466; x_wconf 68' lang='lat' dir='ltr'><strong>ANASTASII</strong></span> <span class='ocrx_word' id='word_1_4' title='bbox 2285 401 2612 462; x_wconf 69' lang='lat' dir='ltr'><strong>SINAITAS</strong></span> <span class='ocrx_word' id='word_1_5' title='bbox 3707 396 3780 458; x_wconf 73' lang='lat'><strong>&#39;36</strong></span> 
     </span>
    </p>
   </div>
   <div class='ocr_carea' id='block_1_2' title="bbox 1721 617 2542 803">
    <p class='ocr_par' dir='ltr' id='par_1_2' title="bbox 1721 711 2542 803">
     <span class='ocr_line' id='line_1_2' title="bbox 1721 711 2542 803; baseline -0.006 0"><span class='ocrx_word' id='word_1_6' title='bbox 1721 715 1945 803; x_wconf 88' lang='grc' dir='ltr'><strong>ΤΟΥ</strong></span> <span class='ocrx_word' id='word_1_7' title='bbox 1987 716 2132 801; x_wconf 88' lang='grc' dir='ltr'><strong>ΕΝ</strong></span> <span class='ocrx_word' id='word_1_8' title='bbox 2177 711 2542 799; x_wconf 84' lang='grc' dir='ltr'>ΑΓΙΟΙΣ</span> 
     </span>
    </p>
   </div>
   <div class='ocr_carea' id='block_1_3' title="bbox 951 929 3351 1060">
    <p class='ocr_par' dir='ltr' id='par_1_3' title="bbox 951 929 3351 1060">
     <span class='ocr_line' id='line_1_3' title="bbox 951 929 3351 1060; baseline -0.008 -1"><span class='ocrx_word' id='word_1_9' title='bbox 951 937 2215 1060; x_wconf 87' lang='grc' dir='ltr'><strong>ΑΝΑΣΤΑΣΙΟΥ</strong></span> <span class='ocrx_word' id='word_1_10' title='bbox 2360 929 3351 1049; x_wconf 84' lang='grc' dir='ltr'><strong>ΣΙΝΑΙΤΟΥ.</strong></span> 
     </span>
    </p>
   </div>
   <div class='ocr_carea' id='block_1_4' title="bbox 1522 1170 2740 1237">
    <p class='ocr_par' dir='ltr' id='par_1_4' title="bbox 1522 1170 2740 1237">
     <span class='ocr_line' id='line_1_4' title="bbox 1522 1170 2740 1237; baseline -0.007 -6"><span class='ocrx_word' id='word_1_11' title='bbox 1522 1173 2115 1231; x_wconf 76' lang='grc' dir='ltr'><strong>ΔΝΤΙΟΧΕΙΔΣ</strong></span> <span class='ocrx_word' id='word_1_12' title='bbox 2171 1170 2740 1237; x_wconf 84' lang='grc' dir='ltr'><strong>ΕΠΙΣΚΟΙΙΟΥ,</strong></span> 
     </span>
    </p>
   </div>
   <div class='ocr_carea' id='block_1_5' title="bbox 1768 1345 2520 1484">
    <p class='ocr_par' dir='ltr' id='par_1_5' title="bbox 1768 1345 2520 1484">
     <span class='ocr_line' id='line_1_5' title="bbox 1768 1345 2520 1484; baseline -0.021 0"><span class='ocrx_word' id='word_1_13' title='bbox 1768 1345 2520 1484; x_wconf 87' lang='grc' dir='ltr'><strong>ΟΔΗΓΟΣ.</strong></span> 
     </span>
    </p>
   </div>
   <div class='ocr_carea' id='block_1_6' title="bbox 992 1817 2119 1967">
    <p class='ocr_par' dir='ltr' id='par_1_6' title="bbox 992 1820 2119 1953">
     <span class='ocr_line' id='line_1_6' title="bbox 992 1820 2119 1953; baseline -0.004 -1"><span class='ocrx_word' id='word_1_14' title='bbox 992 1825 1125 1953; x_wconf 88' lang='lat' dir='ltr'><strong>S.</strong></span> <span class='ocrx_word' id='word_1_15' title='bbox 1262 1820 2119 1950; x_wconf 80' lang='lat' dir='ltr'><strong>ANASTAE</strong></span> 
     </span>
    </p>
   </div>
   <div class='ocr_carea' id='block_1_7' title="bbox 2222 1817 3340 1967">
    <p class='ocr_par' dir='ltr' id='par_1_7' title="bbox 2222 1817 3340 1967">
     <span class='ocr_line' id='line_1_7' title="bbox 2222 1817 3340 1967; baseline 0.002 -23"><span class='ocrx_word' id='word_1_16' title='bbox 2222 1821 2321 1944; x_wconf 75' lang='grc' dir='ltr'><strong>ξΙ</strong></span> <span class='ocrx_word' id='word_1_17' title='bbox 2442 1817 3340 1967; x_wconf 61' lang='grc' dir='ltr'><strong>ΞΙΝΑΙΤᾸΕ,</strong></span> 
     </span>
    </p>
   </div>
   <div class='ocr_carea' id='block_1_8' title="bbox 1723 2078 2595 2155">
    <p class='ocr_par' dir='ltr' id='par_1_8' title="bbox 1723 2078 2595 2155">
     <span class='ocr_line' id='line_1_8' title="bbox 1723 2078 2595 2155; baseline 0.001 -15"><span class='ocrx_word' id='word_1_18' title='bbox 1723 2078 2061 2140; x_wconf 86' lang='lat' dir='ltr'><strong>EPISCOPI</strong></span> <span class='ocrx_word' id='word_1_19' title='bbox 2116 2081 2595 2155; x_wconf 84' lang='lat' dir='ltr'><strong>ANTIOCHENI,</strong></span> 
     </span>
    </p>
   </div>
   <div class='ocr_carea' id='block_1_9' title="bbox 536 2191 3772 2454">
    <p class='ocr_par' dir='ltr' id='par_1_9' title="bbox 536 2191 3772 2454">
     <span class='ocr_line' id='line_1_9' title="bbox 536 2191 3772 2454; baseline -0.002 -2"><span class='ocrx_word' id='word_1_20' title='bbox 536 2191 925 2452; x_wconf 77' lang='lat' dir='ltr'><strong>Vl/E</strong></span> <span class='ocrx_word' id='word_1_21' title='bbox 1001 2297 1399 2454; x_wconf 84' lang='lat' dir='ltr'><strong>DUX</strong></span> <span class='ocrx_word' id='word_1_22' title='bbox 1486 2293 2482 2454; x_wconf 83' lang='lat' dir='ltr'><strong>ADVERSUS</strong></span> <span class='ocrx_word' id='word_1_23' title='bbox 2535 2317 2539 2321; x_wconf 89' lang='grc'><strong>·</strong></span> <span class='ocrx_word' id='word_1_24' title='bbox 2595 2292 3772 2450; x_wconf 86' lang='lat' dir='ltr'><strong>ACEPHALOS.</strong></span> 
     </span>
    </p>
   </div>
   <div class='ocr_carea' id='block_1_10' title="bbox 1558 2562 2771 2634">
    <p class='ocr_par' dir='ltr' id='par_1_10' title="bbox 1558 2562 2771 2634">
     <span class='ocr_line' id='line_1_10' title="bbox 1558 2562 2771 2634; baseline -0.002 -13"><span class='ocrx_word' id='word_1_25' title='bbox 1558 2564 1846 2634; x_wconf 86' lang='lat' dir='ltr'><strong>(Gretser.,</strong></span> <span class='ocrx_word' id='word_1_26' title='bbox 1880 2579 2004 2634; x_wconf 92' lang='lat' dir='ltr'><strong>opp.</strong></span> <span class='ocrx_word' id='word_1_27' title='bbox 2035 2573 2076 2619; x_wconf 86' lang='lat' dir='ltr'><strong>t.</strong></span> <span class='ocrx_word' id='word_1_28' title='bbox 2123 2562 2263 2629; x_wconf 79' lang='lat' dir='ltr'><strong>XIV,</strong></span> <span class='ocrx_word' id='word_1_29' title='bbox 2295 2580 2347 2634; x_wconf 94' lang='lat' dir='ltr'><strong>p.</strong></span> <span class='ocrx_word' id='word_1_30' title='bbox 2380 2565 2406 2619; x_wconf 79' lang='lat' dir='ltr'><strong>l</strong></span> <span class='ocrx_word' id='word_1_31' title='bbox 2436 2563 2523 2618; x_wconf 93' lang='lat' dir='ltr'><strong>ed.</strong></span> <span class='ocrx_word' id='word_1_32' title='bbox 2591 2563 2771 2633; x_wconf 79' lang='lat' dir='ltr'><strong>mo.)</strong></span> 
     </span>
    </p>
   </div>
   <div class='ocr_carea' id='block_1_11' title="bbox 1044 2869 1608 2942">
    <p class='ocr_par' dir='ltr' id='par_1_11' title="bbox 1044 2869 1608 2942">
     <span class='ocr_line' id='line_1_11' title="bbox 1044 2869 1608 2942; baseline -0.002 -20"><span class='ocrx_word' id='word_1_33' title='bbox 1044 2870 1177 2942; x_wconf 78' lang='lat'><strong>1-9</strong></span> <span class='ocrx_word' id='word_1_34' title='bbox 1224 2869 1608 2924; x_wconf 75' lang='lat' dir='ltr'><strong>PlUEFATiO.</strong></span> 
     </span>
    </p>
   </div>
   <div class='ocr_carea' id='block_1_12' title="bbox 609 2984 2120 3059">
    <p class='ocr_par' dir='ltr' id='par_1_12' title="bbox 609 2984 2120 3059">
     <span class='ocr_line' id='line_1_12' title="bbox 609 2984 2120 3059; baseline 0.001 -17"><span class='ocrx_word' id='word_1_35' title='bbox 609 2988 881 3059; x_wconf 70' lang='lat' dir='ltr'><strong>llogamus</strong></span> <span class='ocrx_word' id='word_1_36' title='bbox 905 2985 1137 3042; x_wconf 90' lang='lat' dir='ltr'><strong>lectores</strong></span> <span class='ocrx_word' id='word_1_37' title='bbox 1164 2984 1327 3053; x_wconf 87' lang='lat' dir='ltr'><strong>hujus</strong></span> <span class='ocrx_word' id='word_1_38' title='bbox 1358 2984 1479 3038; x_wconf 81' lang='lat' dir='ltr'><strong>libri</strong></span> <span class='ocrx_word' id='word_1_39' title='bbox 1507 3024 1520 3050; x_wconf 61' lang='grc' dir='ltr'><strong>ε</strong></span> <span class='ocrx_word' id='word_1_40' title='bbox 1557 2992 1617 3038; x_wconf 90' lang='lat' dir='ltr'><strong>ut</strong></span> <span class='ocrx_word' id='word_1_41' title='bbox 1649 2985 1808 3040; x_wconf 91' lang='lat' dir='ltr'><strong>nobis</strong></span> <span class='ocrx_word' id='word_1_42' title='bbox 1836 2985 2120 3056; x_wconf 77' lang='lat' dir='ltr'><strong>ignoscant</strong></span> 
     </span>
    </p>
   </div>
   <div class='ocr_carea' id='block_1_13' title="bbox 534 3075 2120 3148">
    <p class='ocr_par' dir='ltr' id='par_1_13' title="bbox 534 3075 2120 3148">
     <span class='ocr_line' id='line_1_13' title="bbox 534 3075 2120 3148; baseline 0 -16"><span class='ocrx_word' id='word_1_43' title='bbox 534 3083 607 3132; x_wconf 85' lang='lat' dir='ltr'><strong>oh</strong></span> <span class='ocrx_word' id='word_1_44' title='bbox 643 3082 824 3133; x_wconf 89' lang='lat' dir='ltr'><strong>varias</strong></span> <span class='ocrx_word' id='word_1_45' title='bbox 855 3077 1222 3132; x_wconf 88' lang='lat' dir='ltr'><strong>correctiones</strong></span> <span class='ocrx_word' id='word_1_46' title='bbox 1255 3075 1458 3144; x_wconf 90' lang='lat' dir='ltr'><strong>passim</strong></span> <span class='ocrx_word' id='word_1_47' title='bbox 1494 3075 1788 3139; x_wconf 87' lang='lat' dir='ltr'><strong>adhibitas,</strong></span> <span class='ocrx_word' id='word_1_48' title='bbox 1821 3086 1874 3131; x_wconf 89' lang='lat' dir='ltr'><strong>et</strong></span> <span class='ocrx_word' id='word_1_49' title='bbox 1904 3087 2120 3148; x_wconf 89' lang='lat' dir='ltr'><strong>propter</strong></span> 
     </span>
    </p>
   </div>
   <div class='ocr_carea' id='block_1_14' title="bbox 535 3168 2120 3242">
    <p class='ocr_par' dir='ltr' id='par_1_14' title="bbox 535 3168 2120 3242">
     <span class='ocr_line' id='line_1_14' title="bbox 535 3168 2120 3242; baseline 0.003 -17"><span class='ocrx_word' id='word_1_50' title='bbox 535 3171 882 3242; x_wconf 84' lang='lat' dir='ltr'><strong>tautologias,</strong></span> <span class='ocrx_word' id='word_1_51' title='bbox 937 3184 1225 3238; x_wconf 87' lang='lat' dir='ltr'><strong>rerumque</strong></span> <span class='ocrx_word' id='word_1_52' title='bbox 1255 3176 1310 3222; x_wconf 88' lang='lat' dir='ltr'><strong>et</strong></span> <span class='ocrx_word' id='word_1_53' title='bbox 1347 3168 1638 3224; x_wconf 80' lang='lat' dir='ltr'><strong>verborum</strong></span> <span class='ocrx_word' id='word_1_54' title='bbox 1669 3170 1988 3227; x_wconf 87' lang='lat' dir='ltr'><strong>iterationes</strong></span> <span class='ocrx_word' id='word_1_55' title='bbox 2017 3188 2120 3228; x_wconf 68' lang='lat' dir='ltr'><strong>sae-</strong></span> 
     </span>
    </p>
   </div>
   <div class='ocr_carea' id='block_1_15' title="bbox 537 3260 2117 3335">
    <p class='ocr_par' dir='ltr' id='par_1_15' title="bbox 537 3260 2117 3335">
     <span class='ocr_line' id='line_1_15' title="bbox 537 3260 2117 3335; baseline 0.001 -17"><span class='ocrx_word' id='word_1_56' title='bbox 537 3267 658 3335; x_wconf 82' lang='lat' dir='ltr'><strong>pius</strong></span> <span class='ocrx_word' id='word_1_57' title='bbox 690 3264 1015 3320; x_wconf 89' lang='lat' dir='ltr'><strong>commissas</strong></span> <span class='ocrx_word' id='word_1_58' title='bbox 1048 3279 1061 3315; x_wconf 89' lang='lat'>:</span> <span class='ocrx_word' id='word_1_59' title='bbox 1097 3277 1222 3316; x_wconf 88' lang='lat' dir='ltr'><strong>nam</strong></span> <span class='ocrx_word' id='word_1_60' title='bbox 1261 3260 1566 3332; x_wconf 80' lang='lat' dir='ltr'><strong>frequentia</strong></span> <span class='ocrx_word' id='word_1_61' title='bbox 1604 3265 1988 3334; x_wconf 63' lang='lat' dir='ltr'><strong>aegritudinum</strong></span> <span class='ocrx_word' id='word_1_62' title='bbox 2015 3282 2117 3320; x_wconf 89' lang='lat' dir='ltr'><strong>no-</strong></span> 
     </span>
    </p>
   </div>
   <div class='ocr_carea' id='block_1_16' title="bbox 536 3351 2118 3422">
    <p class='ocr_par' dir='ltr' id='par_1_16' title="bbox 536 3351 2118 3422">
     <span class='ocr_line' id='line_1_16' title="bbox 536 3351 2118 3422; baseline 0.001 -12"><span class='ocrx_word' id='word_1_63' title='bbox 536 3365 772 3410; x_wconf 84' lang='lat' dir='ltr'><strong>strarum</strong></span> <span class='ocrx_word' id='word_1_64' title='bbox 823 3367 930 3408; x_wconf 92' lang='lat' dir='ltr'><strong>non</strong></span> <span class='ocrx_word' id='word_1_65' title='bbox 987 3351 1214 3416; x_wconf 78' lang='lat' dir='ltr'><strong>ferebat,</strong></span> <span class='ocrx_word' id='word_1_66' title='bbox 1268 3361 1329 3405; x_wconf 92' lang='lat' dir='ltr'><strong>ut</strong></span> <span class='ocrx_word' id='word_1_67' title='bbox 1379 3351 1432 3405; x_wconf 90' lang='lat' dir='ltr'><strong>in</strong></span> <span class='ocrx_word' id='word_1_68' title='bbox 1473 3351 1558 3406; x_wconf 87' lang='lat' dir='ltr'><strong>his</strong></span> <span class='ocrx_word' id='word_1_69' title='bbox 1605 3368 1705 3422; x_wconf 89' lang='lat' dir='ltr'><strong>pro</strong></span> <span class='ocrx_word' id='word_1_70' title='bbox 1744 3355 1913 3408; x_wconf 90' lang='lat' dir='ltr'><strong>animi</strong></span> <span class='ocrx_word' id='word_1_71' title='bbox 1947 3357 2118 3411; x_wconf 86' lang='lat' dir='ltr'><strong>nostri</strong></span> 
     </span>
    </p>
   </div>
   <div class='ocr_carea' id='block_1_17' title="bbox 535 3442 2117 3517">
    <p class='ocr_par' dir='ltr' id='par_1_17' title="bbox 535 3442 2117 3517">
     <span class='ocr_line' id='line_1_17' title="bbox 535 3442 2117 3517; baseline -0.001 -14"><span class='ocrx_word' id='word_1_72' title='bbox 535 3446 808 3504; x_wconf 83' lang='lat' dir='ltr'><strong>sententia</strong></span> <span class='ocrx_word' id='word_1_73' title='bbox 852 3460 1218 3499; x_wconf 80' lang='lat' dir='ltr'><strong>versaremur.</strong></span> <span class='ocrx_word' id='word_1_74' title='bbox 1262 3442 1368 3496; x_wconf 83' lang='lat' dir='ltr'><strong>Par</strong></span> <span class='ocrx_word' id='word_1_75' title='bbox 1395 3443 1539 3498; x_wconf 90' lang='lat' dir='ltr'><strong>enim</strong></span> <span class='ocrx_word' id='word_1_76' title='bbox 1573 3455 1677 3508; x_wconf 89' lang='lat' dir='ltr'><strong>est,</strong></span> <span class='ocrx_word' id='word_1_77' title='bbox 1711 3454 1770 3499; x_wconf 93' lang='lat' dir='ltr'><strong>ut</strong></span> <span class='ocrx_word' id='word_1_78' title='bbox 1791 3445 1883 3516; x_wconf 88' lang='lat' dir='ltr'><strong>qui</strong></span> <span class='ocrx_word' id='word_1_79' title='bbox 1924 3447 2117 3517; x_wconf 88' lang='lat' dir='ltr'><strong>hujus-</strong></span> 
     </span>
    </p>
   </div>
   <div class='ocr_carea' id='block_1_18' title="bbox 537 3537 2118 3611">
    <p class='ocr_par' dir='ltr' id='par_1_18' title="bbox 537 3537 2118 3611">
     <span class='ocr_line' id='line_1_18' title="bbox 537 3537 2118 3611; baseline 0.001 -15"><span class='ocrx_word' id='word_1_80' title='bbox 537 3541 684 3596; x_wconf 89' lang='lat' dir='ltr'><strong>modi</strong></span> <span class='ocrx_word' id='word_1_81' title='bbox 717 3540 1040 3596; x_wconf 64' lang='lat' dir='ltr'><strong>Christianae</strong></span> <span class='ocrx_word' id='word_1_82' title='bbox 1079 3537 1360 3608; x_wconf 79' lang='lat' dir='ltr'><strong>religionis</strong></span> <span class='ocrx_word' id='word_1_83' title='bbox 1409 3539 1758 3608; x_wconf 77' lang='lat' dir='ltr'><strong>dogmatibus</strong></span> <span class='ocrx_word' id='word_1_84' title='bbox 1783 3542 2118 3611; x_wconf 80' lang='lat' dir='ltr'><strong>explicandis</strong></span> 
     </span>
    </p>
   </div>
   <div class='ocr_carea' id='block_1_19' title="bbox 535 3631 2116 3705">
    <p class='ocr_par' dir='ltr' id='par_1_19' title="bbox 535 3631 2116 3705">
     <span class='ocr_line' id='line_1_19' title="bbox 535 3631 2116 3705; baseline 0 -17"><span class='ocrx_word' id='word_1_85' title='bbox 535 3648 756 3704; x_wconf 85' lang='lat' dir='ltr'><strong>operam</strong></span> <span class='ocrx_word' id='word_1_86' title='bbox 785 3641 944 3686; x_wconf 87' lang='lat' dir='ltr'><strong>navat</strong></span> <span class='ocrx_word' id='word_1_87' title='bbox 971 3671 986 3696; x_wconf 94' lang='lat'><strong>,</strong></span> <span class='ocrx_word' id='word_1_88' title='bbox 1015 3631 1197 3685; x_wconf 91' lang='lat' dir='ltr'><strong>omnia</strong></span> <span class='ocrx_word' id='word_1_89' title='bbox 1228 3631 1283 3684; x_wconf 91' lang='lat' dir='ltr'><strong>in</strong></span> <span class='ocrx_word' id='word_1_90' title='bbox 1316 3631 1534 3686; x_wconf 90' lang='lat' dir='ltr'><strong>schedis</strong></span> <span class='ocrx_word' id='word_1_91' title='bbox 1567 3643 1809 3696; x_wconf 84' lang='lat' dir='ltr'><strong>annotet,</strong></span> <span class='ocrx_word' id='word_1_92' title='bbox 1845 3635 2116 3705; x_wconf 78' lang='lat' dir='ltr'><strong>corrigat,</strong></span> 
     </span>
    </p>
   </div>
   <div class='ocr_carea' id='block_1_20' title="bbox 537 3723 2119 3796">
    <p class='ocr_par' dir='ltr' id='par_1_20' title="bbox 537 3723 2119 3796">
     <span class='ocr_line' id='line_1_20' title="bbox 537 3723 2119 3796; baseline 0 -15"><span class='ocrx_word' id='word_1_93' title='bbox 537 3729 703 3796; x_wconf 90' lang='lat' dir='ltr'><strong>inque</strong></span> <span class='ocrx_word' id='word_1_94' title='bbox 740 3740 934 3779; x_wconf 91' lang='lat' dir='ltr'><strong>versus</strong></span> <span class='ocrx_word' id='word_1_95' title='bbox 971 3723 1301 3793; x_wconf 86' lang='lat' dir='ltr'><strong>distinguat;</strong></span> <span class='ocrx_word' id='word_1_96' title='bbox 1329 3731 1383 3778; x_wconf 90' lang='lat' dir='ltr'><strong>et</strong></span> <span class='ocrx_word' id='word_1_97' title='bbox 1426 3731 1540 3778; x_wconf 88' lang='lat' dir='ltr'><strong>tum</strong></span> <span class='ocrx_word' id='word_1_98' title='bbox 1582 3723 1823 3779; x_wconf 87' lang='lat' dir='ltr'><strong>librariis</strong></span> <span class='ocrx_word' id='word_1_99' title='bbox 1854 3727 2119 3782; x_wconf 86' lang='lat' dir='ltr'><strong>concinne</strong></span> 
     </span>
    </p>
   </div>
   <div class='ocr_carea' id='block_1_21' title="bbox 535 3813 2119 3883">
    <p class='ocr_par' dir='ltr' id='par_1_21' title="bbox 535 3813 2119 3883">
     <span class='ocr_line' id='line_1_21' title="bbox 535 3813 2119 3883; baseline 0 -13"><span class='ocrx_word' id='word_1_100' title='bbox 535 3826 870 3883; x_wconf 80' lang='lat' dir='ltr'><strong>venusteque</strong></span> <span class='ocrx_word' id='word_1_101' title='bbox 926 3814 1346 3869; x_wconf 88' lang='lat' dir='ltr'><strong>describendum</strong></span> <span class='ocrx_word' id='word_1_102' title='bbox 1403 3815 1602 3868; x_wconf 87' lang='lat' dir='ltr'><strong>tradat.</strong></span> <span class='ocrx_word' id='word_1_103' title='bbox 1660 3813 1860 3870; x_wconf 80' lang='lat' dir='ltr'><strong>Verum</strong></span> <span class='ocrx_word' id='word_1_104' title='bbox 1919 3824 1973 3870; x_wconf 91' lang='lat' dir='ltr'><strong>et</strong></span> <span class='ocrx_word' id='word_1_105' title='bbox 2031 3817 2119 3870; x_wconf 84' lang='lat' dir='ltr'><strong>hic</strong></span> 
     </span>
    </p>
   </div>
   <div class='ocr_carea' id='block_1_22' title="bbox 538 3905 2117 3977">
    <p class='ocr_par' dir='ltr' id='par_1_22' title="bbox 538 3905 2117 3977">
     <span class='ocr_line' id='line_1_22' title="bbox 538 3905 2117 3977; baseline -0.001 -14"><span class='ocrx_word' id='word_1_106' title='bbox 538 3908 797 3977; x_wconf 83' lang='lat' dir='ltr'><strong>segnities</strong></span> <span class='ocrx_word' id='word_1_107' title='bbox 850 3915 906 3960; x_wconf 92' lang='lat' dir='ltr'><strong>et</strong></span> <span class='ocrx_word' id='word_1_108' title='bbox 941 3905 1213 3961; x_wconf 87' lang='lat' dir='ltr'><strong>lentitudo</strong></span> <span class='ocrx_word' id='word_1_109' title='bbox 1260 3921 1474 3972; x_wconf 88' lang='lat' dir='ltr'><strong>eorum,</strong></span> <span class='ocrx_word' id='word_1_110' title='bbox 1533 3905 1627 3976; x_wconf 88' lang='lat' dir='ltr'><strong>qui</strong></span> <span class='ocrx_word' id='word_1_111' title='bbox 1683 3923 1792 3960; x_wconf 87' lang='lat' dir='ltr'><strong>una</strong></span> <span class='ocrx_word' id='word_1_112' title='bbox 1835 3908 2117 3963; x_wconf 89' lang='lat' dir='ltr'><strong>nobiscum</strong></span> 
     </span>
    </p>
   </div>
   <div class='ocr_carea' id='block_1_23' title="bbox 537 3998 2117 4069">
    <p class='ocr_par' dir='ltr' id='par_1_23' title="bbox 537 3998 2117 4069">
     <span class='ocr_line' id='line_1_23' title="bbox 537 3998 2117 4069; baseline 0.001 -13"><span class='ocrx_word' id='word_1_113' title='bbox 537 4002 800 4063; x_wconf 88' lang='lat' dir='ltr'><strong>sentiunt,</strong></span> <span class='ocrx_word' id='word_1_114' title='bbox 845 3999 1081 4054; x_wconf 86' lang='lat' dir='ltr'><strong>debitam</strong></span> <span class='ocrx_word' id='word_1_115' title='bbox 1129 3998 1423 4069; x_wconf 64' lang='lat' dir='ltr'><strong>diligentiae</strong></span> <span class='ocrx_word' id='word_1_116' title='bbox 1471 4007 1526 4055; x_wconf 89' lang='lat' dir='ltr'><strong>et</strong></span> <span class='ocrx_word' id='word_1_117' title='bbox 1571 4000 1856 4057; x_wconf 72' lang='lat' dir='ltr'><strong>industria:</strong></span> <span class='ocrx_word' id='word_1_118' title='bbox 1901 4003 2117 4058; x_wconf 89' lang='lat' dir='ltr'><strong>laudem</strong></span> 
     </span>
    </p>
   </div>
   <div class='ocr_carea' id='block_1_24' title="bbox 539 4091 2116 4160">
    <p class='ocr_par' dir='ltr' id='par_1_24' title="bbox 539 4091 2116 4160">
     <span class='ocr_line' id='line_1_24' title="bbox 539 4091 2116 4160; baseline 0.002 -13"><span class='ocrx_word' id='word_1_119' title='bbox 539 4093 744 4148; x_wconf 90' lang='lat' dir='ltr'><strong>retulit.</strong></span> <span class='ocrx_word' id='word_1_120' title='bbox 795 4091 1138 4160; x_wconf 85' lang='lat' dir='ltr'><strong>Quapropter</strong></span> <span class='ocrx_word' id='word_1_121' title='bbox 1187 4092 1462 4148; x_wconf 68' lang='lat' dir='ltr'><strong>schedulae</strong></span> <span class='ocrx_word' id='word_1_122' title='bbox 1510 4093 1630 4148; x_wconf 92' lang='lat' dir='ltr'><strong>loco</strong></span> <span class='ocrx_word' id='word_1_123' title='bbox 1677 4093 1966 4158; x_wconf 81' lang='lat' dir='ltr'><strong>tetradem,</strong></span> <span class='ocrx_word' id='word_1_124' title='bbox 2021 4109 2116 4150; x_wconf 90' lang='lat' dir='ltr'><strong>seu</strong></span> 
     </span>
    </p>
   </div>
   <div class='ocr_carea' id='block_1_25' title="bbox 537 4183 2114 4256">
    <p class='ocr_par' dir='ltr' id='par_1_25' title="bbox 537 4183 2114 4256">
     <span class='ocr_line' id='line_1_25' title="bbox 537 4183 2114 4256; baseline 0.005 -24"><span class='ocrx_word' id='word_1_125' title='bbox 537 4183 946 4253; x_wconf 85' lang='lat' dir='ltr'><strong>quaternionem</strong></span> <span class='ocrx_word' id='word_1_126' title='bbox 969 4184 1439 4252; x_wconf 86' lang='lat' dir='ltr'><strong>adepti,eumdem</strong></span> <span class='ocrx_word' id='word_1_127' title='bbox 1473 4185 1526 4238; x_wconf 90' lang='lat' dir='ltr'><strong>in</strong></span> <span class='ocrx_word' id='word_1_128' title='bbox 1565 4185 1741 4240; x_wconf 92' lang='lat' dir='ltr'><strong>lucem</strong></span> <span class='ocrx_word' id='word_1_129' title='bbox 1765 4185 2114 4256; x_wconf 80' lang='lat' dir='ltr'><strong>proferimus.</strong></span> 
     </span>
    </p>
   </div>
   <div class='ocr_carea' id='block_1_26' title="bbox 2142 2878 2190 2933">
    <p class='ocr_par' dir='ltr' id='par_1_26' title="bbox 2142 2878 2190 2933">
     <span class='ocr_line' id='line_1_26' title="bbox 2142 2878 2190 2933; baseline 0 0"><span class='ocrx_word' id='word_1_130' title='bbox 2142 2878 2190 2933; x_wconf 79' lang='grc' dir='ltr'><strong>Α</strong></span> 
     </span>
    </p>
   </div>
   <div class='ocr_carea' id='block_1_27' title="bbox 2800 2868 3199 2922">
    <p class='ocr_par' dir='ltr' id='par_1_27' title="bbox 2800 2868 3199 2922">
     <span class='ocr_line' id='line_1_27' title="bbox 2800 2868 3199 2922; baseline -0.003 -1"><span class='ocrx_word' id='word_1_131' title='bbox 2800 2868 3199 2922; x_wconf 72' lang='grc' dir='ltr'><strong>ΠΡΟΟΙΜΙΟΝ.</strong></span> 
     </span>
    </p>
   </div>
   <div class='ocr_carea' id='block_1_28' title="bbox 2291 2983 3792 3057">
    <p class='ocr_par' dir='ltr' id='par_1_28' title="bbox 2291 2983 3792 3057">
     <span class='ocr_line' id='line_1_28' title="bbox 2291 2983 3792 3057; baseline 0 -21"><span class='ocrx_word' id='word_1_132' title='bbox 2291 2983 2718 3054; x_wconf 81' lang='grc' dir='ltr'>Παρακαλοῦμεν</span> <span class='ocrx_word' id='word_1_133' title='bbox 2764 2984 2887 3046; x_wconf 73' lang='grc' dir='ltr'>τοὺς</span> <span class='ocrx_word' id='word_1_134' title='bbox 2938 2983 3228 3053; x_wconf 80' lang='grc' dir='ltr'>μέλλοντας</span> <span class='ocrx_word' id='word_1_135' title='bbox 3275 2984 3620 3055; x_wconf 76' lang='grc' dir='ltr'><strong>ἐντυγχάνειν</strong></span> <span class='ocrx_word' id='word_1_136' title='bbox 3669 2984 3792 3057; x_wconf 73' lang='grc' dir='ltr'>τῇδε</span> 
     </span>
    </p>
   </div>
   <div class='ocr_carea' id='block_1_29' title="bbox 2219 3073 3793 3146">
    <p class='ocr_par' dir='ltr' id='par_1_29' title="bbox 2219 3073 3793 3146">
     <span class='ocr_line' id='line_1_29' title="bbox 2219 3073 3793 3146; baseline 0.002 -20"><span class='ocrx_word' id='word_1_137' title='bbox 2219 3078 2284 3146; x_wconf 83' lang='grc' dir='ltr'>τῇ</span> <span class='ocrx_word' id='word_1_138' title='bbox 2323 3074 2488 3145; x_wconf 79' lang='grc' dir='ltr'>βίϐλῳ</span> <span class='ocrx_word' id='word_1_139' title='bbox 2512 3073 2840 3145; x_wconf 82' lang='grc' dir='ltr'><strong>συγγνώμην</strong></span> <span class='ocrx_word' id='word_1_140' title='bbox 2869 3075 3198 3146; x_wconf 85' lang='grc' dir='ltr'>ποιήσασθαι</span> <span class='ocrx_word' id='word_1_141' title='bbox 3220 3076 3312 3127; x_wconf 72' lang='grc' dir='ltr'><strong>ἐπὶ</strong></span> <span class='ocrx_word' id='word_1_142' title='bbox 3352 3079 3470 3140; x_wconf 86' lang='grc' dir='ltr'>ταῖς</span> <span class='ocrx_word' id='word_1_143' title='bbox 3515 3076 3793 3140; x_wconf 78' lang='grc' dir='ltr'><strong>πλείσταις</strong></span> 
     </span>
    </p>
   </div>
   <div class='ocr_carea' id='block_1_30' title="bbox 2219 3164 3793 3239">
    <p class='ocr_par' dir='ltr' id='par_1_30' title="bbox 2219 3164 3793 3239">
     <span class='ocr_line' id='line_1_30' title="bbox 2219 3164 3793 3239; baseline 0.001 -20"><span class='ocrx_word' id='word_1_144' title='bbox 2219 3168 2276 3219; x_wconf 80' lang='grc' dir='ltr'>ὲν</span> <span class='ocrx_word' id='word_1_145' title='bbox 2295 3167 2430 3238; x_wconf 83' lang='grc' dir='ltr'>αὐτῇ</span> <span class='ocrx_word' id='word_1_146' title='bbox 2449 3164 2782 3238; x_wconf 83' lang='grc' dir='ltr'>διορθώσεσι,</span> <span class='ocrx_word' id='word_1_147' title='bbox 2818 3167 2849 3238; x_wconf 75' lang='grc' dir='ltr'>ἢ</span> <span class='ocrx_word' id='word_1_148' title='bbox 2875 3167 3247 3235; x_wconf 81' lang='grc' dir='ltr'><strong>ταυτολογίαις</strong></span> <span class='ocrx_word' id='word_1_149' title='bbox 3267 3184 3280 3197; x_wconf 90' lang='grc'><strong>·</strong></span> <span class='ocrx_word' id='word_1_150' title='bbox 3311 3167 3372 3220; x_wconf 81' lang='grc' dir='ltr'>τὸ</span> <span class='ocrx_word' id='word_1_151' title='bbox 3413 3168 3520 3239; x_wconf 84' lang='grc' dir='ltr'>γὰρ</span> <span class='ocrx_word' id='word_1_152' title='bbox 3560 3168 3793 3222; x_wconf 83' lang='grc' dir='ltr'>ἀδιάλει-</span> 
     </span>
    </p>
   </div>
   <div class='ocr_carea' id='block_1_31' title="bbox 2221 3259 3794 3332">
    <p class='ocr_par' dir='ltr' id='par_1_31' title="bbox 2221 3259 3794 3332">
     <span class='ocr_line' id='line_1_31' title="bbox 2221 3259 3794 3332; baseline 0.001 -20"><span class='ocrx_word' id='word_1_153' title='bbox 2221 3277 2352 3314; x_wconf 83' lang='grc' dir='ltr'>πτον</span> <span class='ocrx_word' id='word_1_154' title='bbox 2365 3261 2473 3314; x_wconf 81' lang='grc' dir='ltr'>τῶν</span> <span class='ocrx_word' id='word_1_155' title='bbox 2485 3259 2775 3314; x_wconf 82' lang='grc' dir='ltr'>ἀσθενειῶν</span> <span class='ocrx_word' id='word_1_156' title='bbox 2787 3260 2846 3312; x_wconf 81' lang='grc' dir='ltr'>οὐ</span> <span class='ocrx_word' id='word_1_157' title='bbox 2870 3259 3220 3332; x_wconf 83' lang='grc' dir='ltr'>συγχώρησεν</span> <span class='ocrx_word' id='word_1_158' title='bbox 3243 3263 3372 3331; x_wconf 79' lang='grc' dir='ltr'>ἡμῖν</span> <span class='ocrx_word' id='word_1_159' title='bbox 3389 3261 3446 3314; x_wconf 83' lang='grc' dir='ltr'>ὲν</span> <span class='ocrx_word' id='word_1_160' title='bbox 3468 3262 3604 3332; x_wconf 82' lang='grc' dir='ltr'>αὐτῇ</span> <span class='ocrx_word' id='word_1_161' title='bbox 3624 3278 3794 3314; x_wconf 82' lang='grc' dir='ltr'>κατα-</span> 
     </span>
    </p>
   </div>
   <div class='ocr_carea' id='block_1_32' title="bbox 2222 3351 3794 3425">
    <p class='ocr_par' dir='ltr' id='par_1_32' title="bbox 2222 3351 3794 3425">
     <span class='ocr_line' id='line_1_32' title="bbox 2222 3351 3794 3425; baseline 0 -19"><span class='ocrx_word' id='word_1_162' title='bbox 2222 3354 2432 3424; x_wconf 86' lang='grc' dir='ltr'>θυμίως</span> <span class='ocrx_word' id='word_1_163' title='bbox 2487 3351 2818 3424; x_wconf 81' lang='grc' dir='ltr'>πράξασθαι.</span> <span class='ocrx_word' id='word_1_164' title='bbox 2868 3354 2960 3406; x_wconf 83' lang='grc' dir='ltr'><strong>Δεῖ</strong></span> <span class='ocrx_word' id='word_1_165' title='bbox 3010 3354 3118 3423; x_wconf 83' lang='grc' dir='ltr'>γὰρ</span> <span class='ocrx_word' id='word_1_166' title='bbox 3165 3360 3233 3406; x_wconf 71' lang='grc' dir='ltr'>τὰ</span> <span class='ocrx_word' id='word_1_167' title='bbox 3283 3354 3507 3407; x_wconf 81' lang='grc' dir='ltr'>τοιαῦτα</span> <span class='ocrx_word' id='word_1_168' title='bbox 3559 3353 3794 3425; x_wconf 80' lang='grc' dir='ltr'>Χριστοῦ</span> 
     </span>
    </p>
   </div>
   <div class='ocr_carea' id='block_1_33' title="bbox 2218 3444 3798 3515">
    <p class='ocr_par' dir='ltr' id='par_1_33' title="bbox 2218 3444 3798 3515">
     <span class='ocr_line' id='line_1_33' title="bbox 2218 3444 3798 3515; baseline -0.001 -17"><span class='ocrx_word' id='word_1_169' title='bbox 2218 3445 2463 3513; x_wconf 75' lang='grc' dir='ltr'>δόγματα</span> <span class='ocrx_word' id='word_1_170' title='bbox 2492 3444 2987 3515; x_wconf 84' lang='grc' dir='ltr'>προσχιδεύσασθαι</span> <span class='ocrx_word' id='word_1_171' title='bbox 3013 3445 3108 3499; x_wconf 74' lang='grc' dir='ltr'><strong>καὶ</strong></span> <span class='ocrx_word' id='word_1_172' title='bbox 3151 3444 3514 3515; x_wconf 81' lang='grc' dir='ltr'>διορθοῦσθαι,</span> <span class='ocrx_word' id='word_1_173' title='bbox 3551 3448 3645 3499; x_wconf 73' lang='grc' dir='ltr'>καὶ</span> <span class='ocrx_word' id='word_1_174' title='bbox 3686 3463 3798 3498; x_wconf 85' lang='grc' dir='ltr'>στι-</span> 
     </span>
    </p>
   </div>
   <div class='ocr_carea' id='block_1_34' title="bbox 2219 3533 3798 3608">
    <p class='ocr_par' dir='ltr' id='par_1_34' title="bbox 2219 3533 3798 3608">
     <span class='ocr_line' id='line_1_34' title="bbox 2219 3533 3798 3608; baseline -0.001 -19"><span class='ocrx_word' id='word_1_175' title='bbox 2219 3535 2501 3608; x_wconf 79' lang='grc' dir='ltr'>χίζεσθαι,</span> <span class='ocrx_word' id='word_1_176' title='bbox 2531 3539 2624 3591; x_wconf 70' lang='grc' dir='ltr'><strong>καὶ</strong></span> <span class='ocrx_word' id='word_1_177' title='bbox 2670 3533 2769 3589; x_wconf 85' lang='grc' dir='ltr'>εἷθ’</span> <span class='ocrx_word' id='word_1_178' title='bbox 2819 3537 2991 3599; x_wconf 74' lang='grc' dir='ltr'>οὕτως</span> <span class='ocrx_word' id='word_1_179' title='bbox 3021 3536 3532 3607; x_wconf 78' lang='grc' dir='ltr'>καλλιγραφεῖσθαι,</span> <span class='ocrx_word' id='word_1_180' title='bbox 3569 3537 3703 3592; x_wconf 81' lang='grc' dir='ltr'>ἀλλὰ</span> <span class='ocrx_word' id='word_1_181' title='bbox 3736 3538 3798 3589; x_wconf 76' lang='grc' dir='ltr'><strong>τὸ</strong></span> 
     </span>
    </p>
   </div>
   <div class='ocr_carea' id='block_1_35' title="bbox 2223 3629 3793 3702">
    <p class='ocr_par' dir='ltr' id='par_1_35' title="bbox 2223 3629 3793 3702">
     <span class='ocr_line' id='line_1_35' title="bbox 2223 3629 3793 3702; baseline -0.003 -19"><span class='ocrx_word' id='word_1_182' title='bbox 2223 3630 2483 3702; x_wconf 72' lang='grc' dir='ltr'>ῥᾴθυμον,</span> <span class='ocrx_word' id='word_1_183' title='bbox 2532 3632 2625 3682; x_wconf 79' lang='grc' dir='ltr'><strong>καὶ</strong></span> <span class='ocrx_word' id='word_1_184' title='bbox 2668 3629 2900 3698; x_wconf 79' lang='grc' dir='ltr'>ὀκνηρὸν</span> <span class='ocrx_word' id='word_1_185' title='bbox 2949 3629 3059 3681; x_wconf 84' lang='grc' dir='ltr'><strong>τῶν</strong></span> <span class='ocrx_word' id='word_1_186' title='bbox 3109 3630 3393 3700; x_wconf 74' lang='grc' dir='ltr'><strong>ἡμετέρων</strong></span> <span class='ocrx_word' id='word_1_187' title='bbox 3421 3629 3793 3701; x_wconf 73' lang='grc' dir='ltr'>ῑσυμφρόνων,</span> 
     </span>
    </p>
   </div>
   <div class='ocr_carea' id='block_1_36' title="bbox 2219 3721 3793 3793">
    <p class='ocr_par' dir='ltr' id='par_1_36' title="bbox 2219 3721 3793 3793">
     <span class='ocr_line' id='line_1_36' title="bbox 2219 3721 3793 3793; baseline -0.002 -19"><span class='ocrx_word' id='word_1_188' title='bbox 2219 3722 2388 3793; x_wconf 67' lang='grc' dir='ltr'>αὐτὴν</span> <span class='ocrx_word' id='word_1_189' title='bbox 2443 3721 2760 3792; x_wconf 82' lang='grc' dir='ltr'>πρέπουσαν</span> <span class='ocrx_word' id='word_1_190' title='bbox 2793 3721 3128 3790; x_wconf 77' lang='grc' dir='ltr'>φιλοπονίαν,</span> <span class='ocrx_word' id='word_1_191' title='bbox 3162 3721 3254 3774; x_wconf 69' lang='grc' dir='ltr'><strong>καὶ</strong></span> <span class='ocrx_word' id='word_1_192' title='bbox 3311 3722 3546 3793; x_wconf 80' lang='grc' dir='ltr'>σπουδὴν</span> <span class='ocrx_word' id='word_1_193' title='bbox 3575 3723 3631 3774; x_wconf 70' lang='grc' dir='ltr'>ὲν</span> <span class='ocrx_word' id='word_1_194' title='bbox 3680 3723 3793 3782; x_wconf 88' lang='grc' dir='ltr'>τοῖς</span> 
     </span>
    </p>
   </div>
   <div class='ocr_carea' id='block_1_37' title="bbox 2219 3812 3797 3884">
    <p class='ocr_par' dir='ltr' id='par_1_37' title="bbox 2219 3812 3797 3884">
     <span class='ocr_line' id='line_1_37' title="bbox 2219 3812 3797 3884; baseline -0.001 -18"><span class='ocrx_word' id='word_1_195' title='bbox 2219 3815 2480 3877; x_wconf 83' lang='grc' dir='ltr'>τοιούτοις</span> <span class='ocrx_word' id='word_1_196' title='bbox 2533 3813 2819 3884; x_wconf 81' lang='grc' dir='ltr'>κέκτηται.</span> <span class='ocrx_word' id='word_1_197' title='bbox 2865 3813 2957 3866; x_wconf 81' lang='grc' dir='ltr'><strong>Διὸ</strong></span> <span class='ocrx_word' id='word_1_198' title='bbox 2997 3813 3118 3866; x_wconf 77' lang='grc' dir='ltr'>ἀντὶ</span> <span class='ocrx_word' id='word_1_199' title='bbox 3158 3812 3376 3882; x_wconf 85' lang='grc' dir='ltr'>σχέδους</span> <span class='ocrx_word' id='word_1_200' title='bbox 3419 3815 3519 3884; x_wconf 81' lang='grc' dir='ltr'>τὴν</span> <span class='ocrx_word' id='word_1_201' title='bbox 3562 3812 3797 3883; x_wconf 82' lang='grc' dir='ltr'>τετράδα</span> 
     </span>
    </p>
   </div>
   <div class='ocr_carea' id='block_1_38' title="bbox 2220 3902 3798 3975">
    <p class='ocr_par' dir='ltr' id='par_1_38' title="bbox 2220 3902 3798 3975">
     <span class='ocr_line' id='line_1_38' title="bbox 2220 3902 3798 3975; baseline -0.003 -15"><span class='ocrx_word' id='word_1_202' title='bbox 2220 3906 2561 3975; x_wconf 78' lang='grc' dir='ltr'>κατέχοντες,</span> <span class='ocrx_word' id='word_1_203' title='bbox 2600 3902 2772 3967; x_wconf 77' lang='grc' dir='ltr'>οὕτως</span> <span class='ocrx_word' id='word_1_204' title='bbox 2795 3903 3110 3974; x_wconf 80' lang='grc' dir='ltr'>ὲξεθὲμεθα.</span> <span class='ocrx_word' id='word_1_205' title='bbox 3141 3904 3201 3956; x_wconf 78' lang='lat' dir='ltr'><strong>El</strong></span> <span class='ocrx_word' id='word_1_206' title='bbox 3231 3903 3287 3956; x_wconf 84' lang='grc' dir='ltr'>δὲ</span> <span class='ocrx_word' id='word_1_207' title='bbox 3315 3905 3408 3956; x_wconf 76' lang='grc' dir='ltr'><strong>καὶ</strong></span> <span class='ocrx_word' id='word_1_208' title='bbox 3438 3904 3539 3956; x_wconf 76' lang='grc' dir='ltr'><strong>οὐκ</strong></span> <span class='ocrx_word' id='word_1_209' title='bbox 3569 3903 3714 3966; x_wconf 82' lang='grc' dir='ltr'>εἰκὸς</span> <span class='ocrx_word' id='word_1_210' title='bbox 3738 3903 3798 3955; x_wconf 81' lang='grc' dir='ltr'>ἓν</span> 
     </span>
    </p>
   </div>
   <div class='ocr_carea' id='block_1_39' title="bbox 2219 3997 3796 4068">
    <p class='ocr_par' dir='ltr' id='par_1_39' title="bbox 2219 3997 3796 4068">
     <span class='ocr_line' id='line_1_39' title="bbox 2219 3997 3796 4068; baseline -0.004 -15"><span class='ocrx_word' id='word_1_211' title='bbox 2219 4017 2325 4053; x_wconf 84' lang='grc' dir='ltr'>τινι</span> <span class='ocrx_word' id='word_1_212' title='bbox 2367 3998 2529 4066; x_wconf 79' lang='grc' dir='ltr'>λόγῳ,</span> <span class='ocrx_word' id='word_1_213' title='bbox 2579 3997 2612 4067; x_wconf 84' lang='grc' dir='ltr'>ἦ</span> <span class='ocrx_word' id='word_1_214' title='bbox 2667 3999 2894 4068; x_wconf 78' lang='grc' dir='ltr'>νοήματι</span> <span class='ocrx_word' id='word_1_215' title='bbox 2922 3998 3273 4068; x_wconf 82' lang='grc' dir='ltr'>ἀπρεπόντως</span> <span class='ocrx_word' id='word_1_216' title='bbox 3315 3998 3634 4068; x_wconf 80' lang='grc' dir='ltr'>εἰρήκαμεν,</span> <span class='ocrx_word' id='word_1_217' title='bbox 3667 4013 3796 4063; x_wconf 91' lang='grc' dir='ltr'>συγ-</span> 
     </span>
    </p>
   </div>
   <div class='ocr_carea' id='block_1_40' title="bbox 2221 4088 3800 4160">
    <p class='ocr_par' dir='ltr' id='par_1_40' title="bbox 2221 4088 3800 4160">
     <span class='ocr_line' id='line_1_40' title="bbox 2221 4088 3800 4160; baseline -0.001 -18"><span class='ocrx_word' id='word_1_218' title='bbox 2221 4091 2446 4160; x_wconf 82' lang='grc' dir='ltr'>γνώμην</span> <span class='ocrx_word' id='word_1_219' title='bbox 2491 4089 2808 4159; x_wconf 84' lang='grc' dir='ltr'>αἱτούμεθα.</span> <span class='ocrx_word' id='word_1_220' title='bbox 2855 4090 3031 4152; x_wconf 80' lang='grc' dir='ltr'>Μόνος</span> <span class='ocrx_word' id='word_1_221' title='bbox 3068 4088 3175 4160; x_wconf 82' lang='grc' dir='ltr'>γὰρ</span> <span class='ocrx_word' id='word_1_222' title='bbox 3215 4090 3508 4153; x_wconf 80' lang='grc' dir='ltr'>ἄπταιστος</span> <span class='ocrx_word' id='word_1_223' title='bbox 3557 4091 3584 4141; x_wconf 87' lang='grc' dir='ltr'>ὁ</span> <span class='ocrx_word' id='word_1_224' title='bbox 3640 4089 3800 4158; x_wconf 83' lang='grc' dir='ltr'>μόνος</span> 
     </span>
    </p>
   </div>
   <div class='ocr_carea' id='block_1_41' title="bbox 2221 4185 2370 4248">
    <p class='ocr_par' dir='ltr' id='par_1_41' title="bbox 2221 4185 2370 4248">
     <span class='ocr_line' id='line_1_41' title="bbox 2221 4185 2370 4248; baseline 0 -10"><span class='ocrx_word' id='word_1_225' title='bbox 2221 4185 2370 4248; x_wconf 79' lang='grc' dir='ltr'>θεός.</span> 
     </span>
    </p>
   </div>
   <div class='ocr_carea' id='block_1_42' title="bbox 539 4276 3797 4347">
    <p class='ocr_par' dir='ltr' id='par_1_42' title="bbox 539 4276 3797 4347">
     <span class='ocr_line' id='line_1_42' title="bbox 539 4276 3797 4347; baseline 0.001 -21"><span class='ocrx_word' id='word_1_226' title='bbox 539 4276 691 4343; x_wconf 83' lang='lat' dir='ltr'><strong>Quod</strong></span> <span class='ocrx_word' id='word_1_227' title='bbox 727 4276 771 4329; x_wconf 92' lang='lat' dir='ltr'><strong>si</strong></span> <span class='ocrx_word' id='word_1_228' title='bbox 805 4276 1006 4329; x_wconf 85' lang='lat' dir='ltr'><strong>alicubi</strong></span> <span class='ocrx_word' id='word_1_229' title='bbox 1035 4277 1242 4346; x_wconf 88' lang='lat' dir='ltr'><strong>aliquid</strong></span> <span class='ocrx_word' id='word_1_230' title='bbox 1269 4277 1630 4347; x_wconf 90' lang='lat' dir='ltr'><strong>improbabile</strong></span> <span class='ocrx_word' id='word_1_231' title='bbox 1665 4287 1757 4332; x_wconf 93' lang='lat' dir='ltr'><strong>aut</strong></span> <span class='ocrx_word' id='word_1_232' title='bbox 1815 4294 1846 4333; x_wconf 92' lang='lat' dir='ltr'><strong>a</strong></span> <span class='ocrx_word' id='word_1_233' title='bbox 1911 4294 2041 4333; x_wconf 87' lang='lat' dir='ltr'><strong>vero</strong></span> <span class='ocrx_word' id='word_1_234' title='bbox 2100 4295 2265 4335; x_wconf 86' lang='lat' dir='ltr'><strong>sensu</strong></span> <span class='ocrx_word' id='word_1_235' title='bbox 2323 4292 2594 4336; x_wconf 88' lang='lat' dir='ltr'><strong>remotum</strong></span> <span class='ocrx_word' id='word_1_236' title='bbox 2637 4278 2897 4345; x_wconf 78' lang='lat' dir='ltr'><strong>diximus,</strong></span> <span class='ocrx_word' id='word_1_237' title='bbox 2946 4276 3160 4331; x_wconf 81' lang='lat' dir='ltr'><strong>veniam</strong></span> <span class='ocrx_word' id='word_1_238' title='bbox 3200 4291 3513 4346; x_wconf 81' lang='lat' dir='ltr'><strong>poscimus;</strong></span> <span class='ocrx_word' id='word_1_239' title='bbox 3547 4276 3797 4344; x_wconf 85' lang='lat' dir='ltr'><strong>quando-</strong></span> 
     </span>
    </p>
   </div>
   <div class='ocr_carea' id='block_1_43' title="bbox 537 4366 1770 4441">
    <p class='ocr_par' dir='ltr' id='par_1_43' title="bbox 537 4366 1770 4441">
     <span class='ocr_line' id='line_1_43' title="bbox 537 4366 1770 4441; baseline 0.001 -20"><span class='ocrx_word' id='word_1_240' title='bbox 537 4369 756 4441; x_wconf 87' lang='lat' dir='ltr'><strong>quidem</strong></span> <span class='ocrx_word' id='word_1_241' title='bbox 779 4368 929 4421; x_wconf 90' lang='lat' dir='ltr'><strong>solus</strong></span> <span class='ocrx_word' id='word_1_242' title='bbox 965 4366 1109 4421; x_wconf 90' lang='lat' dir='ltr'><strong>Deus</strong></span> <span class='ocrx_word' id='word_1_243' title='bbox 1134 4383 1164 4420; x_wconf 91' lang='lat' dir='ltr'><strong>a</strong></span> <span class='ocrx_word' id='word_1_244' title='bbox 1195 4368 1348 4436; x_wconf 90' lang='lat' dir='ltr'><strong>lapsu</strong></span> <span class='ocrx_word' id='word_1_245' title='bbox 1379 4368 1640 4424; x_wconf 89' lang='lat' dir='ltr'><strong>immunis</strong></span> <span class='ocrx_word' id='word_1_246' title='bbox 1667 4379 1770 4424; x_wconf 88' lang='lat' dir='ltr'><strong>est.</strong></span> 
     </span>
    </p>
   </div>
   <div class='ocr_carea' id='block_1_44' title="bbox 606 4453 2119 4528">
    <p class='ocr_par' dir='ltr' id='par_1_44' title="bbox 606 4457 2119 4527">
     <span class='ocr_line' id='line_1_44' title="bbox 606 4457 2119 4527; baseline 0 -15"><span class='ocrx_word' id='word_1_247' title='bbox 606 4457 806 4512; x_wconf 72' lang='lat' dir='ltr'><strong>Adhaec</strong></span> <span class='ocrx_word' id='word_1_248' title='bbox 831 4457 1172 4511; x_wconf 86' lang='lat' dir='ltr'><strong>obtestamur</strong></span> <span class='ocrx_word' id='word_1_249' title='bbox 1192 4471 1307 4524; x_wconf 87' lang='lat' dir='ltr'><strong>eos,</strong></span> <span class='ocrx_word' id='word_1_250' title='bbox 1334 4458 1428 4527; x_wconf 91' lang='lat' dir='ltr'><strong>qui</strong></span> <span class='ocrx_word' id='word_1_251' title='bbox 1458 4457 1658 4513; x_wconf 88' lang='lat' dir='ltr'><strong>librum</strong></span> <span class='ocrx_word' id='word_1_252' title='bbox 1685 4459 1832 4513; x_wconf 90' lang='lat' dir='ltr'><strong>hunc</strong></span> <span class='ocrx_word' id='word_1_253' title='bbox 1859 4457 2119 4514; x_wconf 88' lang='lat' dir='ltr'><strong>transcri-</strong></span> 
     </span>
    </p>
   </div>
   <div class='ocr_carea' id='block_1_45' title="bbox 2222 4453 3800 4528">
    <p class='ocr_par' dir='ltr' id='par_1_45' title="bbox 2293 4453 3800 4528">
     <span class='ocr_line' id='line_1_45' title="bbox 2293 4453 3800 4528; baseline -0.002 -18"><span class='ocrx_word' id='word_1_254' title='bbox 2293 4456 2435 4528; x_wconf 85' lang='grc' dir='ltr'>Πρὸς</span> <span class='ocrx_word' id='word_1_255' title='bbox 2477 4455 2688 4516; x_wconf 77' lang='grc' dir='ltr'>τούτοις</span> <span class='ocrx_word' id='word_1_256' title='bbox 2721 4453 3080 4524; x_wconf 82' lang='grc' dir='ltr'>δυσωποῦμεν</span> <span class='ocrx_word' id='word_1_257' title='bbox 3111 4453 3202 4506; x_wconf 77' lang='grc' dir='ltr'><strong>τὸν</strong></span> <span class='ocrx_word' id='word_1_258' title='bbox 3252 4454 3626 4525; x_wconf 72' lang='grc' dir='ltr'>μεταγράφειν</span> <span class='ocrx_word' id='word_1_259' title='bbox 3672 4454 3800 4526; x_wconf 86' lang='grc' dir='ltr'>μέλ-</span> 
     </span>
    </p>
   </div>
   <div class='ocr_carea' id='block_1_46' title="bbox 537 4549 2120 4620">
    <p class='ocr_par' dir='ltr' id='par_1_46' title="bbox 537 4549 2120 4620">
     <span class='ocr_line' id='line_1_46' title="bbox 537 4549 2120 4620; baseline 0.001 -17"><span class='ocrx_word' id='word_1_260' title='bbox 537 4551 681 4620; x_wconf 86' lang='lat' dir='ltr'><strong>ptnri</strong></span> <span class='ocrx_word' id='word_1_261' title='bbox 730 4564 880 4614; x_wconf 83' lang='lat' dir='ltr'><strong>sunt.</strong></span> <span class='ocrx_word' id='word_1_262' title='bbox 938 4558 998 4602; x_wconf 86' lang='lat' dir='ltr'><strong>ut.</strong></span> <span class='ocrx_word' id='word_1_263' title='bbox 1041 4557 1097 4604; x_wconf 89' lang='lat' dir='ltr'><strong>et</strong></span> <span class='ocrx_word' id='word_1_264' title='bbox 1139 4549 1347 4603; x_wconf 86' lang='lat' dir='ltr'><strong>scholia</strong></span> <span class='ocrx_word' id='word_1_265' title='bbox 1391 4550 1649 4619; x_wconf 86' lang='lat' dir='ltr'><strong>adjiciaut</strong></span> <span class='ocrx_word' id='word_1_266' title='bbox 1685 4567 1699 4603; x_wconf 89' lang='lat'><strong>:</strong></span> <span class='ocrx_word' id='word_1_267' title='bbox 1754 4560 2120 4620; x_wconf 90' lang='lat' dir='ltr'><strong>accentusque</strong></span> 
     </span>
    </p>
   </div>
   <div class='ocr_carea' id='block_1_47' title="bbox 538 4641 2121 4712">
    <p class='ocr_par' dir='ltr' id='par_1_47' title="bbox 538 4641 2121 4712">
     <span class='ocr_line' id='line_1_47' title="bbox 538 4641 2121 4712; baseline 0.001 -18"><span class='ocrx_word' id='word_1_268' title='bbox 538 4649 792 4696; x_wconf 86' lang='lat' dir='ltr'><strong>accurate</strong></span> <span class='ocrx_word' id='word_1_269' title='bbox 850 4641 1165 4705; x_wconf 86' lang='lat' dir='ltr'><strong>observent,</strong></span> <span class='ocrx_word' id='word_1_270' title='bbox 1208 4648 1262 4695; x_wconf 92' lang='lat' dir='ltr'><strong>et</strong></span> <span class='ocrx_word' id='word_1_271' title='bbox 1305 4649 1528 4710; x_wconf 90' lang='lat' dir='ltr'><strong>puncta,</strong></span> <span class='ocrx_word' id='word_1_272' title='bbox 1568 4652 1624 4696; x_wconf 91' lang='lat' dir='ltr'><strong>et</strong></span> <span class='ocrx_word' id='word_1_273' title='bbox 1667 4643 2025 4712; x_wconf 86' lang='lat' dir='ltr'><strong>semipuucta,</strong></span> <span class='ocrx_word' id='word_1_274' title='bbox 2067 4652 2121 4696; x_wconf 89' lang='lat' dir='ltr'><strong>et</strong></span> 
     </span>
    </p>
   </div>
   <div class='ocr_carea' id='block_1_48' title="bbox 536 4733 2122 4804">
    <p class='ocr_par' dir='ltr' id='par_1_48' title="bbox 536 4733 2122 4804">
     <span class='ocr_line' id='line_1_48' title="bbox 536 4733 2122 4804; baseline -0.001 -17"><span class='ocrx_word' id='word_1_275' title='bbox 536 4735 654 4802; x_wconf 87' lang='lat' dir='ltr'><strong>ipsa</strong></span> <span class='ocrx_word' id='word_1_276' title='bbox 697 4735 862 4787; x_wconf 87' lang='lat' dir='ltr'><strong>etiam</strong></span> <span class='ocrx_word' id='word_1_277' title='bbox 912 4733 1138 4794; x_wconf 71' lang='lat' dir='ltr'><strong>solmca,</strong></span> <span class='ocrx_word' id='word_1_278' title='bbox 1180 4747 1274 4788; x_wconf 88' lang='lat' dir='ltr'><strong>seu</strong></span> <span class='ocrx_word' id='word_1_279' title='bbox 1322 4733 1622 4788; x_wconf 66' lang='lat' dir='ltr'><strong>soloecismi</strong></span> <span class='ocrx_word' id='word_1_280' title='bbox 1685 4734 1958 4804; x_wconf 90' lang='lat' dir='ltr'><strong>specimen</strong></span> <span class='ocrx_word' id='word_1_281' title='bbox 2010 4748 2122 4802; x_wconf 68' lang='lat' dir='ltr'><strong>prae</strong></span> 
     </span>
    </p>
   </div>
   <div class='ocr_carea' id='block_1_49' title="bbox 536 4823 2120 4895">
    <p class='ocr_par' dir='ltr' id='par_1_49' title="bbox 536 4823 2120 4895">
     <span class='ocr_line' id='line_1_49' title="bbox 536 4823 2120 4895; baseline 0 -18"><span class='ocrx_word' id='word_1_282' title='bbox 536 4839 596 4878; x_wconf 85' lang='lat' dir='ltr'><strong>se</strong></span> <span class='ocrx_word' id='word_1_283' title='bbox 624 4823 886 4888; x_wconf 82' lang='lat' dir='ltr'><strong>ferentia;</strong></span> <span class='ocrx_word' id='word_1_284' title='bbox 914 4825 1041 4892; x_wconf 87' lang='lat' dir='ltr'><strong>quia</strong></span> <span class='ocrx_word' id='word_1_285' title='bbox 1077 4824 1212 4878; x_wconf 88' lang='lat' dir='ltr'><strong>alias</strong></span> <span class='ocrx_word' id='word_1_286' title='bbox 1242 4839 1461 4894; x_wconf 90' lang='lat' dir='ltr'><strong>quoque</strong></span> <span class='ocrx_word' id='word_1_287' title='bbox 1490 4824 1724 4894; x_wconf 89' lang='lat' dir='ltr'><strong>imperiti</strong></span> <span class='ocrx_word' id='word_1_288' title='bbox 1765 4825 1986 4895; x_wconf 88' lang='lat' dir='ltr'><strong>quidam</strong></span> <span class='ocrx_word' id='word_1_289' title='bbox 2024 4841 2120 4877; x_wconf 82' lang='lat' dir='ltr'><strong>nu-</strong></span> 
     </span>
    </p>
   </div>
   <div class='ocr_carea' id='block_1_50' title="bbox 538 4910 2122 4984">
    <p class='ocr_par' dir='ltr' id='par_1_50' title="bbox 538 4910 2122 4984">
     <span class='ocr_line' id='line_1_50' title="bbox 538 4910 2122 4984; baseline 0.003 -17"><span class='ocrx_word' id='word_1_290' title='bbox 538 4925 711 4967; x_wconf 91' lang='lat' dir='ltr'><strong>strum</strong></span> <span class='ocrx_word' id='word_1_291' title='bbox 761 4910 1130 4981; x_wconf 83' lang='lat' dir='ltr'><strong>dogmaticum</strong></span> <span class='ocrx_word' id='word_1_292' title='bbox 1171 4922 1379 4968; x_wconf 87' lang='lat' dir='ltr'><strong>tomum</strong></span> <span class='ocrx_word' id='word_1_293' title='bbox 1429 4913 1782 4984; x_wconf 89' lang='lat' dir='ltr'><strong>blasphemiis</strong></span> <span class='ocrx_word' id='word_1_294' title='bbox 1829 4916 1883 4969; x_wconf 89' lang='lat' dir='ltr'><strong>in</strong></span> <span class='ocrx_word' id='word_1_295' title='bbox 1917 4916 2122 4972; x_wconf 88' lang='lat' dir='ltr'><strong>descri-</strong></span> 
     </span>
    </p>
   </div>
   <div class='ocr_carea' id='block_1_51' title="bbox 539 5005 1110 5074">
    <p class='ocr_par' dir='ltr' id='par_1_51' title="bbox 539 5005 1110 5074">
     <span class='ocr_line' id='line_1_51' title="bbox 539 5005 1110 5074; baseline 0.002 -17"><span class='ocrx_word' id='word_1_296' title='bbox 539 5006 720 5074; x_wconf 87' lang='lat' dir='ltr'><strong>ptione</strong></span> <span class='ocrx_word' id='word_1_297' title='bbox 742 5005 1110 5074; x_wconf 79' lang='lat' dir='ltr'><strong>oppleverunt.</strong></span> 
     </span>
    </p>
   </div>
   <div class='ocr_carea' id='block_1_52' title="bbox 614 5136 2053 5204">
    <p class='ocr_par' dir='ltr' id='par_1_52' title="bbox 614 5136 2053 5204">
     <span class='ocr_line' id='line_1_52' title="bbox 614 5136 2053 5204; baseline 0.002 -13"><span class='ocrx_word' id='word_1_298' title='bbox 614 5136 856 5191; x_wconf 76' lang='lat' dir='ltr'><strong>INDEX</strong></span> <span class='ocrx_word' id='word_1_299' title='bbox 877 5136 1161 5204; x_wconf 82' lang='lat' dir='ltr'><strong>EORUM,</strong></span> <span class='ocrx_word' id='word_1_300' title='bbox 1197 5137 1371 5204; x_wconf 70' lang='grc' dir='ltr'><strong>ρυΑΞ</strong></span> <span class='ocrx_word' id='word_1_301' title='bbox 1395 5138 1943 5195; x_wconf 83' lang='lat' dir='ltr'><strong>CONTINENTUR</strong></span> <span class='ocrx_word' id='word_1_302' title='bbox 1965 5140 2053 5194; x_wconf 86' lang='lat' dir='ltr'><strong>IN</strong></span> 
     </span>
    </p>
   </div>
   <div class='ocr_carea' id='block_1_53' title="bbox 544 5230 2121 5300">
    <p class='ocr_par' dir='ltr' id='par_1_53' title="bbox 544 5230 2121 5300">
     <span class='ocr_line' id='line_1_53' title="bbox 544 5230 2121 5300; baseline 0.001 -15"><span class='ocrx_word' id='word_1_303' title='bbox 544 5230 776 5295; x_wconf 82' lang='lat' dir='ltr'><strong>LIBRO,</strong></span> <span class='ocrx_word' id='word_1_304' title='bbox 798 5230 926 5296; x_wconf 82' lang='lat' dir='ltr'><strong>QUI</strong></span> <span class='ocrx_word' id='word_1_305' title='bbox 961 5234 1259 5296; x_wconf 81' lang='grc' dir='ltr'><strong>ΟΔΗΙὊΣ,</strong></span> <span class='ocrx_word' id='word_1_306' title='bbox 1290 5231 1435 5288; x_wconf 82' lang='lat' dir='ltr'><strong>HOC</strong></span> <span class='ocrx_word' id='word_1_307' title='bbox 1465 5233 1621 5300; x_wconf 83' lang='lat' dir='ltr'><strong>EST,</strong></span> <span class='ocrx_word' id='word_1_308' title='bbox 1659 5233 1798 5289; x_wconf 78' lang='lat' dir='ltr'><strong>VUE</strong></span> <span class='ocrx_word' id='word_1_309' title='bbox 1829 5232 1968 5288; x_wconf 82' lang='lat' dir='ltr'><strong>DUX</strong></span> <span class='ocrx_word' id='word_1_310' title='bbox 2005 5232 2121 5289; x_wconf 74' lang='lat' dir='ltr'><strong>IN-</strong></span> 
     </span>
    </p>
   </div>
   <div class='ocr_carea' id='block_1_54' title="bbox 1120 5326 1538 5382">
    <p class='ocr_par' dir='ltr' id='par_1_54' title="bbox 1120 5326 1538 5382">
     <span class='ocr_line' id='line_1_54' title="bbox 1120 5326 1538 5382; baseline 0 0"><span class='ocrx_word' id='word_1_311' title='bbox 1120 5326 1538 5382; x_wconf 81' lang='lat' dir='ltr'><strong>SCRIBITUR.</strong></span> 
     </span>
    </p>
   </div>
   <div class='ocr_carea' id='block_1_55' title="bbox 544 5420 2125 5492">
    <p class='ocr_par' dir='ltr' id='par_1_55' title="bbox 544 5420 2125 5492">
     <span class='ocr_line' id='line_1_55' title="bbox 544 5420 2125 5492; baseline 0.003 -19"><span class='ocrx_word' id='word_1_312' title='bbox 544 5422 584 5474; x_wconf 92' lang='grc' dir='ltr'><strong>Ι.</strong></span> <span class='ocrx_word' id='word_1_313' title='bbox 615 5420 931 5475; x_wconf 88' lang='lat' dir='ltr'><strong>Protheoria</strong></span> <span class='ocrx_word' id='word_1_314' title='bbox 961 5435 1056 5474; x_wconf 89' lang='lat' dir='ltr'><strong>seu</strong></span> <span class='ocrx_word' id='word_1_315' title='bbox 1089 5421 1569 5490; x_wconf 62' lang='lat' dir='ltr'><strong>praeconsideratio</strong></span> <span class='ocrx_word' id='word_1_316' title='bbox 1597 5421 1798 5486; x_wconf 62' lang='lat' dir='ltr'><strong>Brevis,</strong></span> <span class='ocrx_word' id='word_1_317' title='bbox 1837 5421 1890 5475; x_wconf 94' lang='lat' dir='ltr'><strong>in</strong></span> <span class='ocrx_word' id='word_1_318' title='bbox 1926 5422 2125 5492; x_wconf 91' lang='lat' dir='ltr'><strong>quibus</strong></span> 
     </span>
    </p>
   </div>
   <div class='ocr_carea' id='block_1_56' title="bbox 611 5512 2126 5584">
    <p class='ocr_par' dir='ltr' id='par_1_56' title="bbox 611 5512 2126 5584">
     <span class='ocr_line' id='line_1_56' title="bbox 611 5512 2126 5584; baseline 0.001 -16"><span class='ocrx_word' id='word_1_319' title='bbox 611 5528 670 5568; x_wconf 89' lang='lat' dir='ltr'><strong>se</strong></span> <span class='ocrx_word' id='word_1_320' title='bbox 691 5527 943 5567; x_wconf 78' lang='lat' dir='ltr'><strong>exercere</strong></span> <span class='ocrx_word' id='word_1_321' title='bbox 964 5512 1158 5568; x_wconf 88' lang='lat' dir='ltr'><strong>debeat</strong></span> <span class='ocrx_word' id='word_1_322' title='bbox 1174 5513 1262 5568; x_wconf 92' lang='lat' dir='ltr'><strong>ille</strong></span> <span class='ocrx_word' id='word_1_323' title='bbox 1283 5529 1298 5579; x_wconf 88' lang='lat'><strong>;</strong></span> <span class='ocrx_word' id='word_1_324' title='bbox 1323 5514 1416 5584; x_wconf 88' lang='lat' dir='ltr'><strong>qui</strong></span> <span class='ocrx_word' id='word_1_325' title='bbox 1438 5512 1505 5569; x_wconf 86' lang='lat' dir='ltr'><strong>de</strong></span> <span class='ocrx_word' id='word_1_326' title='bbox 1522 5514 1702 5568; x_wconf 84' lang='lat' dir='ltr'><strong>divina</strong></span> <span class='ocrx_word' id='word_1_327' title='bbox 1731 5513 1836 5569; x_wconf 84' lang='lat' dir='ltr'><strong>lide</strong></span> <span class='ocrx_word' id='word_1_328' title='bbox 1869 5528 2014 5570; x_wconf 91' lang='lat' dir='ltr'><strong>recte</strong></span> <span class='ocrx_word' id='word_1_329' title='bbox 2035 5530 2126 5569; x_wconf 90' lang='lat' dir='ltr'><strong>co-</strong></span> 
     </span>
    </p>
   </div>
   <div class='ocr_carea' id='block_1_57' title="bbox 548 5603 1077 5675">
    <p class='ocr_par' dir='ltr' id='par_1_57' title="bbox 548 5603 1077 5675">
     <span class='ocr_line' id='line_1_57' title="bbox 548 5603 1077 5675; baseline 0.002 -19"><span class='ocrx_word' id='word_1_330' title='bbox 548 5631 551 5633; x_wconf 95' lang='lat'><em>-</em></span> <span class='ocrx_word' id='word_1_331' title='bbox 613 5603 663 5675; x_wconf 85' lang='lat' dir='ltr'><strong>gi</strong></span> <span class='ocrx_word' id='word_1_332' title='bbox 673 5612 750 5656; x_wconf 87' lang='lat' dir='ltr'><strong>tat</strong></span> <span class='ocrx_word' id='word_1_333' title='bbox 783 5603 1077 5660; x_wconf 83' lang='lat' dir='ltr'><strong>disserere.</strong></span> 
     </span>
    </p>
   </div>
   <div class='ocr_carea' id='block_1_58' title="bbox 546 5693 2122 5769">
    <p class='ocr_par' dir='ltr' id='par_1_58' title="bbox 546 5693 2122 5769">
     <span class='ocr_line' id='line_1_58' title="bbox 546 5693 2122 5769; baseline 0.004 -20"><span class='ocrx_word' id='word_1_334' title='bbox 546 5695 608 5750; x_wconf 89' lang='lat' dir='ltr'><strong>ll.</strong></span> <span class='ocrx_word' id='word_1_335' title='bbox 657 5693 1009 5750; x_wconf 85' lang='lat' dir='ltr'><strong>Deﬁnitiones</strong></span> <span class='ocrx_word' id='word_1_336' title='bbox 1068 5696 1384 5769; x_wconf 75' lang='lat' dir='ltr'><strong>dogmatica:</strong></span> <span class='ocrx_word' id='word_1_337' title='bbox 1432 5698 1730 5754; x_wconf 85' lang='lat' dir='ltr'><strong>secundum</strong></span> <span class='ocrx_word' id='word_1_338' title='bbox 1778 5700 2122 5757; x_wconf 83' lang='lat' dir='ltr'><strong>traditionem</strong></span> 
     </span>
    </p>
   </div>
   <div class='ocr_carea' id='block_1_59' title="bbox 616 5788 1371 5845">
    <p class='ocr_par' dir='ltr' id='par_1_59' title="bbox 616 5788 1371 5845">
     <span class='ocr_line' id='line_1_59' title="bbox 616 5788 1371 5845; baseline 0.003 -2"><span class='ocrx_word' id='word_1_339' title='bbox 616 5788 1065 5845; x_wconf 75' lang='lat' dir='ltr'><strong>ecclesiasticam.</strong></span> <span class='ocrx_word' id='word_1_340' title='bbox 1352 5792 1371 5810; x_wconf 77' lang='lat'><strong>‘</strong></span> 
     </span>
    </p>
   </div>
   <div class='ocr_carea' id='block_1_60' title="bbox 2221 4547 3800 4620">
    <p class='ocr_par' dir='ltr' id='par_1_60' title="bbox 2221 4547 3800 4620">
     <span class='ocr_line' id='line_1_60' title="bbox 2221 4547 3800 4620; baseline -0.001 -19"><span class='ocrx_word' id='word_1_341' title='bbox 2221 4548 2380 4603; x_wconf 88' lang='grc' dir='ltr'>λοντα</span> <span class='ocrx_word' id='word_1_342' title='bbox 2418 4548 2759 4620; x_wconf 82' lang='grc' dir='ltr'>παραθέσθαι</span> <span class='ocrx_word' id='word_1_343' title='bbox 2807 4549 2901 4601; x_wconf 75' lang='grc' dir='ltr'><strong>καὶ</strong></span> <span class='ocrx_word' id='word_1_344' title='bbox 2938 4548 3006 4600; x_wconf 77' lang='grc' dir='ltr'><strong>τὰ</strong></span> <span class='ocrx_word' id='word_1_345' title='bbox 3037 4547 3224 4618; x_wconf 81' lang='grc' dir='ltr'>σχόλια</span> <span class='ocrx_word' id='word_1_346' title='bbox 3253 4563 3268 4577; x_wconf 78' lang='grc' dir='ltr'><strong><em>ο</em></strong></span> <span class='ocrx_word' id='word_1_347' title='bbox 3298 4547 3709 4616; x_wconf 83' lang='grc' dir='ltr'>σημειώσασθαι</span> <span class='ocrx_word' id='word_1_348' title='bbox 3743 4547 3800 4600; x_wconf 72' lang='grc' dir='ltr'>δὲ</span> 
     </span>
    </p>
   </div>
   <div class='ocr_carea' id='block_1_61' title="bbox 2221 4639 3800 4710">
    <p class='ocr_par' dir='ltr' id='par_1_61' title="bbox 2221 4639 3800 4710">
     <span class='ocr_line' id='line_1_61' title="bbox 2221 4639 3800 4710; baseline -0.001 -17"><span class='ocrx_word' id='word_1_349' title='bbox 2221 4640 2498 4710; x_wconf 77' lang='grc' dir='ltr'>ἐπιμελῶς</span> <span class='ocrx_word' id='word_1_350' title='bbox 2544 4641 2639 4693; x_wconf 81' lang='grc' dir='ltr'><strong>καὶ</strong></span> <span class='ocrx_word' id='word_1_351' title='bbox 2680 4641 2807 4704; x_wconf 78' lang='grc' dir='ltr'>τοὺς</span> <span class='ocrx_word' id='word_1_352' title='bbox 2844 4640 3050 4703; x_wconf 88' lang='grc' dir='ltr'>τόνους,</span> <span class='ocrx_word' id='word_1_353' title='bbox 3096 4640 3190 4693; x_wconf 76' lang='grc' dir='ltr'><strong>καὶ</strong></span> <span class='ocrx_word' id='word_1_354' title='bbox 3231 4639 3485 4709; x_wconf 80' lang='grc' dir='ltr'>στιγμὰς,</span> <span class='ocrx_word' id='word_1_355' title='bbox 3535 4641 3628 4693; x_wconf 70' lang='grc' dir='ltr'><strong>καὶ</strong></span> <span class='ocrx_word' id='word_1_356' title='bbox 3669 4641 3800 4692; x_wconf 75' lang='grc' dir='ltr'><strong>ὑπο-</strong></span> 
     </span>
    </p>
   </div>
   <div class='ocr_carea' id='block_1_62' title="bbox 2223 4733 3802 4803">
    <p class='ocr_par' dir='ltr' id='par_1_62' title="bbox 2223 4733 3802 4803">
     <span class='ocr_line' id='line_1_62' title="bbox 2223 4733 3802 4803; baseline -0.001 -18"><span class='ocrx_word' id='word_1_357' title='bbox 2223 4733 2477 4803; x_wconf 80' lang='grc' dir='ltr'>στιγμὰς,</span> <span class='ocrx_word' id='word_1_358' title='bbox 2515 4733 2609 4786; x_wconf 81' lang='grc' dir='ltr'><strong>καὶ</strong></span> <span class='ocrx_word' id='word_1_359' title='bbox 2641 4733 2709 4786; x_wconf 74' lang='grc' dir='ltr'>τὰ</span> <span class='ocrx_word' id='word_1_360' title='bbox 2741 4733 2978 4785; x_wconf 85' lang='grc' dir='ltr'>σόλοικα.</span> <span class='ocrx_word' id='word_1_361' title='bbox 3005 4734 3112 4785; x_wconf 70' lang='grc' dir='ltr'><strong>Καὶ</strong></span> <span class='ocrx_word' id='word_1_362' title='bbox 3138 4733 3246 4802; x_wconf 82' lang='grc' dir='ltr'>γὰρ</span> <span class='ocrx_word' id='word_1_363' title='bbox 3267 4733 3451 4786; x_wconf 81' lang='grc' dir='ltr'>ἄλλοτέ</span> <span class='ocrx_word' id='word_1_364' title='bbox 3489 4750 3633 4797; x_wconf 83' lang='grc' dir='ltr'>τινες</span> <span class='ocrx_word' id='word_1_365' title='bbox 3661 4733 3802 4785; x_wconf 82' lang='grc' dir='ltr'>ἰδιῶ-</span> 
     </span>
    </p>
   </div>
   <div class='ocr_carea' id='block_1_63' title="bbox 2221 4825 3801 4897">
    <p class='ocr_par' dir='ltr' id='par_1_63' title="bbox 2221 4825 3801 4897">
     <span class='ocr_line' id='line_1_63' title="bbox 2221 4825 3801 4897; baseline 0.001 -19"><span class='ocrx_word' id='word_1_366' title='bbox 2221 4843 2310 4879; x_wconf 82' lang='grc' dir='ltr'><strong>ται</strong></span> <span class='ocrx_word' id='word_1_367' title='bbox 2326 4825 2776 4897; x_wconf 77' lang='grc' dir='ltr'>μεταγράψαντες</span> <span class='ocrx_word' id='word_1_368' title='bbox 2789 4827 2824 4896; x_wconf 80' lang='grc' dir='ltr'>ἡ</span> <span class='ocrx_word' id='word_1_369' title='bbox 2833 4825 2947 4896; x_wconf 85' lang='grc' dir='ltr'><strong>μῶν</strong></span> <span class='ocrx_word' id='word_1_370' title='bbox 2958 4826 3052 4893; x_wconf 89' lang='grc' dir='ltr'><strong>δογ</strong></span> <span class='ocrx_word' id='word_1_371' title='bbox 3058 4843 3160 4897; x_wconf 85' lang='grc' dir='ltr'><strong>ματ</strong></span> <span class='ocrx_word' id='word_1_372' title='bbox 3171 4826 3286 4879; x_wconf 84' lang='grc' dir='ltr'>ικὸν</span> <span class='ocrx_word' id='word_1_373' title='bbox 3302 4827 3484 4897; x_wconf 83' lang='grc' dir='ltr'>τόμον,</span> <span class='ocrx_word' id='word_1_374' title='bbox 3506 4829 3562 4892; x_wconf 76' lang='grc' dir='ltr'><strong>ἐξ</strong></span> <span class='ocrx_word' id='word_1_375' title='bbox 3579 4826 3801 4894; x_wconf 82' lang='grc' dir='ltr'>ἀγνοίας</span> 
     </span>
    </p>
   </div>
   <div class='ocr_carea' id='block_1_64' title="bbox 2229 4916 3152 4988">
    <p class='ocr_par' dir='ltr' id='par_1_64' title="bbox 2229 4916 3152 4988">
     <span class='ocr_line' id='line_1_64' title="bbox 2229 4916 3152 4988; baseline 0.002 -19"><span class='ocrx_word' id='word_1_376' title='bbox 2229 4917 2584 4988; x_wconf 76' lang='grc' dir='ltr'>βλασφημιῶν</span> <span class='ocrx_word' id='word_1_377' title='bbox 2613 4916 2774 4971; x_wconf 71' lang='grc' dir='ltr'>αὑτὸν</span> <span class='ocrx_word' id='word_1_378' title='bbox 2812 4917 3152 4988; x_wconf 79' lang='grc' dir='ltr'>ἐπλήρωσαν.</span> 
     </span>
    </p>
   </div>
   <div class='ocr_carea' id='block_1_65' title="bbox 2234 5144 3805 5215">
    <p class='ocr_par' dir='ltr' id='par_1_65' title="bbox 2234 5144 3805 5215">
     <span class='ocr_line' id='line_1_65' title="bbox 2234 5144 3805 5215; baseline -0.002 -18"><span class='ocrx_word' id='word_1_379' title='bbox 2234 5145 2404 5198; x_wconf 78' lang='grc' dir='ltr'><strong>ΤΑΔΕ</strong></span> <span class='ocrx_word' id='word_1_380' title='bbox 2449 5146 2663 5197; x_wconf 81' lang='grc' dir='ltr'><strong>ΕΣΤΙΝ</strong></span> <span class='ocrx_word' id='word_1_381' title='bbox 2709 5145 2810 5198; x_wconf 82' lang='grc' dir='ltr'><strong>ΕΝ</strong></span> <span class='ocrx_word' id='word_1_382' title='bbox 2858 5144 2951 5215; x_wconf 83' lang='grc' dir='ltr'><strong>Τῌ</strong></span> <span class='ocrx_word' id='word_1_383' title='bbox 2994 5144 3210 5212; x_wconf 79' lang='grc' dir='ltr'><em>ΒῘΒΛῼ</em></span> <span class='ocrx_word' id='word_1_384' title='bbox 3263 5145 3353 5212; x_wconf 58' lang='lat' dir='ltr'><strong>TI}</strong></span> <span class='ocrx_word' id='word_1_385' title='bbox 3394 5144 3805 5212; x_wconf 79' lang='grc' dir='ltr'><strong>ΛΕΓΟΜΕΝῌ</strong></span> 
     </span>
    </p>
   </div>
   <div class='ocr_carea' id='block_1_66' title="bbox 2895 5237 3146 5305">
    <p class='ocr_par' dir='ltr' id='par_1_66' title="bbox 2895 5237 3146 5305">
     <span class='ocr_line' id='line_1_66' title="bbox 2895 5237 3146 5305; baseline -0.004 -16"><span class='ocrx_word' id='word_1_386' title='bbox 2895 5237 3146 5305; x_wconf 79' lang='grc' dir='ltr'><strong>ΟΔΗΓῼ.</strong></span> 
     </span>
    </p>
   </div>
   <div class='ocr_carea' id='block_1_67' title="bbox 2233 5411 3806 5490">
    <p class='ocr_par' dir='ltr' id='par_1_67' title="bbox 2233 5411 3806 5490">
     <span class='ocr_line' id='line_1_67' title="bbox 2233 5411 3806 5490; baseline 0 -19"><span class='ocrx_word' id='word_1_387' title='bbox 2233 5418 2309 5472; x_wconf 83' lang='grc' dir='ltr'><strong>Δ¹.</strong></span> <span class='ocrx_word' id='word_1_388' title='bbox 2368 5420 2683 5490; x_wconf 77' lang='grc' dir='ltr'>Προθεωρῐα</span> <span class='ocrx_word' id='word_1_389' title='bbox 2731 5418 2851 5472; x_wconf 86' lang='grc' dir='ltr'>κατ’</span> <span class='ocrx_word' id='word_1_390' title='bbox 2887 5419 3152 5488; x_wconf 79' lang='grc' dir='ltr'>ἐπιτομὴν</span> <span class='ocrx_word' id='word_1_391' title='bbox 3197 5411 3271 5470; x_wconf 79' lang='grc' dir='ltr'>ὧν</span> <span class='ocrx_word' id='word_1_392' title='bbox 3309 5418 3390 5470; x_wconf 84' lang='grc' dir='ltr'><strong>δεῖ</strong></span> <span class='ocrx_word' id='word_1_393' title='bbox 3430 5417 3679 5482; x_wconf 83' lang='grc' dir='ltr'>ἐξασκεῖν</span> <span class='ocrx_word' id='word_1_394' title='bbox 3714 5416 3806 5471; x_wconf 76' lang='grc' dir='ltr'><strong>τὸν</strong></span> 
     </span>
    </p>
   </div>
   <div class='ocr_carea' id='block_1_68' title="bbox 2300 5511 3626 5583">
    <p class='ocr_par' dir='ltr' id='par_1_68' title="bbox 2300 5511 3626 5583">
     <span class='ocr_line' id='line_1_68' title="bbox 2300 5511 3626 5583; baseline -0.001 -18"><span class='ocrx_word' id='word_1_395' title='bbox 2300 5515 2428 5583; x_wconf 73' lang='grc' dir='ltr'>περὶ</span> <span class='ocrx_word' id='word_1_396' title='bbox 2454 5513 2687 5576; x_wconf 82' lang='grc' dir='ltr'>πίστεως</span> <span class='ocrx_word' id='word_1_397' title='bbox 2707 5511 2843 5565; x_wconf 75' lang='grc' dir='ltr'>Θεοῦ</span> <span class='ocrx_word' id='word_1_398' title='bbox 2879 5512 3057 5565; x_wconf 87' lang='grc' dir='ltr'>λαλεῖν</span> <span class='ocrx_word' id='word_1_399' title='bbox 3077 5511 3256 5574; x_wconf 82' lang='grc' dir='ltr'>καλῶς</span> <span class='ocrx_word' id='word_1_400' title='bbox 3285 5511 3626 5582; x_wconf 77' lang='grc' dir='ltr'>βουλόμενον.</span> 
     </span>
    </p>
   </div>
   <div class='ocr_carea' id='block_1_69' title="bbox 2235 5691 3805 5766">
    <p class='ocr_par' dir='ltr' id='par_1_69' title="bbox 2235 5691 3805 5766">
     <span class='ocr_line' id='line_1_69' title="bbox 2235 5691 3805 5766; baseline -0.001 -20"><span class='ocrx_word' id='word_1_401' title='bbox 2235 5695 2307 5747; x_wconf 82' lang='lat' dir='ltr'><strong>B&#39;.</strong></span> <span class='ocrx_word' id='word_1_402' title='bbox 2340 5696 2496 5766; x_wconf 86' lang='grc' dir='ltr'>Ὅροι</span> <span class='ocrx_word' id='word_1_403' title='bbox 2516 5696 2834 5766; x_wconf 66' lang='grc' dir='ltr'>δογματικοὶ</span> <span class='ocrx_word' id='word_1_404' title='bbox 2865 5694 3004 5747; x_wconf 70' lang='grc' dir='ltr'>κατὰ</span> <span class='ocrx_word' id='word_1_405' title='bbox 3028 5693 3123 5763; x_wconf 78' lang='grc' dir='ltr'>τὴν</span> <span class='ocrx_word' id='word_1_406' title='bbox 3147 5692 3603 5766; x_wconf 71' lang='grc' dir='ltr'>ἐκκλησιαστικὴν</span> <span class='ocrx_word' id='word_1_407' title='bbox 3627 5691 3805 5761; x_wconf 81' lang='grc' dir='ltr'>παρά-</span> 
     </span>
    </p>
   </div>
   <div class='ocr_carea' id='block_1_70' title="bbox 2308 5787 2471 5839">
    <p class='ocr_par' dir='ltr' id='par_1_70' title="bbox 2308 5787 2471 5839">
     <span class='ocr_line' id='line_1_70' title="bbox 2308 5787 2471 5839; baseline 0.006 -1"><span class='ocrx_word' id='word_1_408' title='bbox 2308 5787 2471 5839; x_wconf 82' lang='grc' dir='ltr'>δοσιν.</span> 
     </span>
    </p>
   </div>
  </div>
