4120 6586
270 508 348 562 I".
381 507 674 579 Προοίμιον
700 509 805 578 πρὸ
831 508 927 578 τῆς
953 508 1356 580 πραγματείας.

267 603 347 651 Δ’.
391 598 684 668 Ἑξήγησις
707 601 826 652 κατ’
856 600 1119 670 ἐπιτομὴν
1154 601 1283 668 περὶ
1313 599 1422 651 τῶν
1451 599 1714 670 αἱρέσεων
1749 604 1847 674 τῆς

344 690 542 760 ἀρχῆς.
573 691 679 754 ἕως
712 691 1028 762 Νεστορίου,
1062 694 1158 744 καὶ
1180 692 1440 762 Σευήρου.

268 777 346 832 ε’.
378 780 516 848 Περὶ
541 780 649 833 τῶν
671 782 839 850 ἁγίων
863 782 1113 835 συνόδων.

269 873 366 934 (τ’.
411 871 585 925 Πόθεν
615 871 712 943 τὴν
748 873 905 944 ῥίζαν
934 873 1089 944 ἄρχει
1123 873 1183 926 τὺ
1209 873 1384 944 δόγμα
1410 874 1718 945 Εὑτυχέως,
1754 875 1849 928 καὶ

345 963 608 1033 Σευήρου.

267 1057 347 1108 Z'.
390 1055 692 1123 Ἀπόδειξις
738 1056 818 1110 ὅτι
855 1055 1189 1111 άπεόάλλετο
1229 1057 1466 1129 Σευῆρος
1494 1059 1619 1120 τοὺς
1662 1057 1850 1126 ἁγίους

345 1144 618 1216 Πατέρας,
647 1147 741 1199 καὶ
764 1147 1154 1218 ἐνομοθέτησεν
1174 1147 1409 1219 ἀκύρους
1439 1144 1577 1201 εἶναι
1599 1151 1696 1214 τὰς
1715 1152 1848 1221 χρή-

347 1255 466 1301 σεις
497 1238 696 1293 αὑτῶν.

270 1330 357 1385 H'.
404 1331 707 1396 Ἀπόδειξις
736 1334 799 1385 ὲκ
826 1332 1064 1398 Παλαιᾶς
1089 1335 1184 1388 καὶ
1209 1335 1419 1404 Καινῆς
1442 1334 1733 1407 Διαθήκης,
1757 1337 1851 1390 καὶ

345 1423 442 1474 ἀπ’
481 1423 645 1476 αὑτοῦ
686 1424 956 1488 Μωσέως,
1009 1426 1106 1478 καὶ
1159 1427 1491 1497 Σαλομῶνος,
1533 1429 1614 1481 ὅτι
1658 1428 1852 1482 ταύτὸν

348 1516 383 1584 ἠ
421 1513 605 1582 φύσις,
637 1515 732 1568 καὶ
757 1515 818 1567 τὸ
847 1516 1154 1586 πρόσωπον.

273 1605 356 1657 θ’.
402 1606 636 1675 Ὁμοίως
659 1606 1000 1677 παράστασις
1027 1611 1091 1660 ὲκ
1120 1609 1217 1678 τῆς
1254 1610 1310 1660 ὲν
1333 1609 1537 1678 Νικαίᾳ
1571 1609 1731 1676 ἁγίας
1759 1625 1851 1660 συ-

361 1700 523 1761 ιόδου,
549 1701 630 1754 ὅτι
655 1701 713 1755 οὑ
747 1701 966 1765 ταύτὸν,
1005 1702 1188 1770 φύσις,
1228 1703 1395 1774 ἧγουν
1417 1705 1451 1775 ὴ
1491 1703 1668 1768 οὐσία,
1701 1704 1853 1775 καὶὴ

357 1792 669 1858 ὑπόστασις,
703 1795 778 1857 ὡς
809 1795 1044 1866 Σευῆρος
1071 1794 1302 1865 νομίζει.

1727 393 1871 452 νΙίΕ
1905 395 2082 455 DUX.

1885 515 1928 571 Α
1960 507 2046 563 III.
2081 509 2412 564 Prooemium
2447 506 2642 562 futurae
2674 506 3037 561 tractationis.

3444 391 3526 454 .38

1952 600 2038 656 IV.
2068 601 2254 656 Brevis
2279 599 2545 671 expositio
2573 597 2837 663 omnium,
2867 598 2961 669 qui
2995 598 3229 652 haereses
3277 596 3527 650 introdu-

2025 701 2220 747 xerunt
2247 708 2418 762 usque
2443 691 2508 745 ad
2539 687 2848 744 Nestorium
2883 700 2937 743 et
2967 688 3246 744 Severum.

1951 781 2010 834 V.
2048 782 2122 838 De
2152 785 2324 839 sacris
2356 783 2597 854 synodis.

1951 874 2039 928 VI.
2067 875 2145 930 Ex
2179 892 2410 946 quanam
2441 877 2626 932 radice
2653 876 2916 947 prodierit
2945 875 3141 946 dogma
3175 873 3436 944 Eutychis
3477 882 3530 925 et

2025 969 2234 1024 Severi.

1952 1057 2065 1114 VII.
2095 1057 2520 1123 Demonstratio,
2549 1057 2690 1127 quod
2718 1058 2953 1112 Severus
2985 1066 3206 1112 sanctos
3225 1055 3415 1111 Patres
3445 1071 3533 1110 re-

2019 1154 2206 1224 jiciat,
2238 1168 2539 1223 eorumque
2569 1154 2867 1208 sententias
2895 1152 3161 1222 repudiet.

1955 1332 2091 1386 VIII.
2124 1332 2528 1388 Demonstratio
2560 1349 2625 1387 ex
2655 1331 2831 1387 Veteri
2872 1340 2926 1383 et
2959 1328 3110 1383 Novo
3157 1327 3530 1392 Testamento,

2023 1440 2086 1478 ex
2119 1425 2446 1478 auctoritate
2481 1424 2682 1494 Moysis
2726 1433 2780 1478 et
2811 1421 3144 1482 Salomonis,
3183 1433 3435 1476 naturam
3479 1431 3534 1474 et

2026 1533 2312 1587 personam
2349 1517 2634 1588 distingui.

1955 1607 2043 1663 IX.
2094 1609 2214 1662 Alia
2264 1609 2659 1663 demonstratio
2707 1623 2772 1660 ex
2815 1622 2970 1661 sacra
3018 1604 3236 1661 Nicaana
3286 1607 3530 1676 synodo;

2025 1699 2165 1754 idem
2195 1714 2300 1753 non
2325 1715 2443 1754 esse
2465 1710 2739 1763 naturam,
2767 1715 2862 1754 seu
2887 1699 3179 1752 essentiam
3207 1709 3262 1752 et
3281 1700 3537 1768 hyposta-

2026 1793 2134 1856 sin,
2163 1801 2223 1845 ut
2243 1791 2476 1846 Severus
2504 1795 2778 1862 opinatur.

276 1887 334 1937 I'.
360 1887 654 1956 Διηγήσεις
678 1886 960 1952 διαλέξεων
990 1887 1271 1958 τεσσάρων
1307 1881 1380 1940 ὧν
1422 1886 1852 1958 ἑδογματίσαμεν

1969 1884 2020 1938 li.
2067 1883 2278 1939 Relatio
2308 1894 2544 1954 quatuor
2595 1886 3061 1955 disputationum,
3098 1887 3296 1956 quibus
3339 1885 3406 1940 de
3440 1884 3540 1938 do-

349 1980 408 2030 tv
453 1977 828 2050 Ἀλεξανδρείᾳ
856 1979 994 2046 μετά
1029 1979 1138 2032 τῶν
1166 1979 1546 2042 Θεοδοσιανῶν,
1580 1982 1671 2034 καὶ
1694 1981 1854 2032 Γαῖα-

348 2068 532 2123 νιτῶν.
578 2069 666 2122 Ἐν
696 2066 782 2132 αἶς
817 2069 1122 2141 ἡλέγξαμεν
1164 2072 1391 2137 αὑτοὺς,
1425 2073 1505 2126 ὅτι
1531 2073 1626 2126 ἐὰν
1662 2071 1856 2126 ταύτόν

351 2159 470 2209 εστι
497 2156 658 2225 φύσις
707 2159 802 2210 καὶ
831 2159 1148 2225 ὑπόστασις,
1178 2161 1577 2232 Νεστοριανοὺς
1611 2162 1856 2216 ποιοῦσιν

350 2248 506 2312 ὅλους
543 2250 668 2312 τοὺς
712 2250 901 2318 ἁγίους
932 2252 1180 2323 Πατέρας
1200 2268 1212 2281 ·
1254 2255 1348 2306 καὶ
1389 2254 1553 2307 αὑτὸν
1583 2255 1674 2308 τὸν
1703 2255 1858 2323 ἅγιον

355 2339 641 2411 Κύριλλον,
695 2343 753 2394 ὲν
777 2335 820 2409 ᾧ
845 2343 939 2395 καὶ
967 2345 1093 2414 περὶ
1116 2343 1215 2414 τῆς
1243 2347 1371 2415 μιᾶς
1397 2344 1530 2399 Θεοῦ
1553 2346 1725 2416 Λόγου
1759 2347 1857 2418 φύ-

363 2448 503 2496 σεως
524 2433 618 2503 τῆς
640 2451 893 2506 σεσαρκω
901 2436 1088 2507 μένης.

365 2608 433 2662 Τὸ
474 2611 747 2678 σκόλιον.
797 2611 884 2665 Ἐν
927 2611 1005 2684 τῷ
1048 2614 1259 2687 δεκάτῳ
1301 2617 1579 2689 κεφαλαίῳ
1611 2618 1862 2691 εὑρήσεις

285 2701 582 2768 κεφάλαια,
613 2702 754 2775 άπερ
792 2704 898 2777 χρὴ
928 2709 1455 2780 προαναθεματίζειν
1489 2711 1635 2780 ἡμᾶς
1657 2749 1674 2776 ,
1701 2712 1863 2783 ἡνίκα

287 2795 402 2857 τοῖς
432 2795 728 2865 αίρετικοῖς
749 2796 1126 2868 διαλεγόμεθα.

293 2887 395 2938 IA'.
419 2889 875 2959 Παρασημείωσις
899 2893 1145 2963 περὶτῆς
1161 2893 1343 2964 φωνῆς
1364 2892 1463 2964 τῆς
1485 2893 1748 2967 λεγούσης
1767 2896 1864 2962 τὰς

368 2975 556 3041 φύσεις
584 2977 925 3043 ὑποστάσεις,
960 2980 1122 3034 πόθεν
1147 2980 1306 3053 αὕτη.

293 3065 394 3120 IB’.
422 3068 558 3139 Περὶ
580 3067 672 3121 τοῦ
698 3072 961 3141 σωτηρίου
994 3073 1198 3137 πάθους
1220 3075 1315 3130 τοῦ
1337 3077 1594 3148 Χριστοῦ,
1625 3080 1718 3134 καὶ
1740 3080 1867 3152 περὶ

361 3177 480 3224 του,
516 3162 728 3230 Ἄγιος,
754 3162 1050 3231 ἀθάνατος
1074 3169 1106 3219 ὁ
1139 3170 1521 3236 σταυρωθείς.

297 3340 392 3396 Ii".
424 3339 732 3414 Συζήτησις
769 3345 897 3413 περὶ
925 3344 1034 3399 τῶν
1065 3347 1315 3419 χρήσεων
1342 3349 1452 3403 τῶν
1483 3351 1759 3423 Πατέρων,
1794 3372 1867 3407 ων

365 3435 734 3506 προφέρουσιν
782 3439 910 3508 ἡμῖν
946 3439 996 3491 οί
1037 3440 1277 3510 Σευήρου
1324 3444 1466 3496 κατὰ
1510 3446 1608 3516 τῆς
1652 3445 1866 3499 συνόδου

366 3528 729 3600 Χαλκηδόνος,
767 3531 861 3584 καὶ
888 3531 1131 3595 ὲπίλυσις
1163 3534 1343 3587 αὑτῶν
1380 3536 1627 3606 εὑσεόής.

297 3617 395 3673 IA'.
442 3621 752 3691 Ἀμμωνίου
797 3621 1191 3695 Ἀλεξανδρέως
1217 3625 1359 3679 κατὰ
1390 3627 1795 3694 Μονοφυσιτῶν.

301 3712 399 3764 1Ε’.
441 3711 666 3784 Ἕτερον
699 3713 993 3783 κεφάλαιον
1022 3717 1163 3770 κατὰ
1184 3717 1282 3787 τῆς
1317 3717 1440 3781 νέας
1477 3717 1655 3771 αὑτῶν
1684 3719 1871 3790 ἑορτα-

372 3819 585 3873 στικης.

303 3920 420 3986 I-q'.
452 3919 544 3982 Είς
563 3918 645 3984 τὸ,
664 3919 761 3974 Ἐν
780 3919 1011 3990 Χριστῷ
1037 3924 1336 3977 κατοικεῖν
1354 3923 1477 3980 πᾶν
1490 3925 1557 3978 τὸ
1583 3927 1874 3997 πλήρωμα

374 4011 486 4081 τῆς
513 4015 808 4080 θεότητος,
838 4015 1102 4086 ἑρμηνεία
1130 4017 1380 4087 εὐσεϐής.

302 4121 406 4177 ΙΖ’.
451 4125 741 4189 Ἀπόδειξις
762 4127 844 4179 ὅτι
871 4126 932 4180 οὑ
960 4130 1347 4203 συνεσαρκώθη
1365 4131 1443 4203 τῷ
1475 4132 1589 4204 Υίῷ
1613 4135 1641 4186 ό
1663 4134 1874 4206 Πατὴρ,

374 4215 409 4286 ἧ
444 4215 504 4269 τὸ
536 4217 685 4288 ἅγιον
717 4217 959 4287 Πνεῦμα.

305 4330 416 4382 IH'.
464 4331 618 4383 Κατὰ
662 4329 771 4384 τῶν
811 4331 998 4397 κακῶς
1028 4334 1120 4388 ἐπὶ
1140 4334 1377 4407 Χριστοῦ
1407 4336 1795 4408 λαμϐανόντων
1818 4341 1879 4395 τὸ

375 4422 680 4492 ὑπόδειγμα
704 4422 799 4476 τοῦ
834 4423 1144 4497 ἀνθρώπου.

303 4531 409 4586 ια’.
448 4533 754 4601 Κεφάλαιον
789 4535 988 4607 μιαροῦ
1024 4537 1437 4593 Παυλιανιστοῦ.

308 4641 393 4698 ις’.
426 4644 712 4713 Κεφάλαια
742 4647 1124 4718 συλλογιστικά
1165 4651 1308 4705 κατὰ
1341 4653 1688 4724 Σευηριανῶν
1707 4655 1881 4729 ἀφρό-

377 4753 504 4788 νων.

307 4844 441 4899 KA'.
487 4845 714 4917 Ἕτερον
749 4847 1044 4917 κεφάλαιον
1103 4848 1386 4920 σύντομον,
1449 4853 1507 4906 ὲν
1558 4849 1603 4922 ᾧ
1665 4853 1884 4908 ἀπόδειο

380 4939 460 5002 ξις
496 4940 578 4994 ὃτι
605 4942 667 4992 οὑ
721 4941 800 4994 δεῖ
836 4941 1005 5013 ἄλλην
1045 4941 1218 5007 άλλως
1245 4946 1633 5016 μεταλλάττειν
1670 4965 1738 5002 τα
1761 4948 1883 5017 δόγ-

382 5045 545 5099 ματα.

310 5142 436 5196 ιω.
471 5143 760 5212 Κεφάλαια
780 5145 1030 5214 Γραφικὰ
1073 5145 1414 5217 άπορηθέντα
1450 5150 1586 5220 ἡμῖν
1621 5150 1726 5203 ὑπὸ
1756 5151 1884 5204 ἀπί-

385 5253 524 5289 στων
549 5253 564 5266 ο
590 5236 685 5290 καὶ
718 5236 967 5308 Ἀνδρέου
991 5227 1356 5310 Νέστοριανοῦ
1381 5242 1650 5311 κεφάλαια
1679 5243 1777 5299 κδ’.

311 5342 437 5398 ΚΓ.
467 5343 623 5399 Κατὰ
650 5345 950 5399 Γαῖανιτῶν
973 5348 1031 5400 ὲν
1061 5349 1321 5420 ἐπιτομῇ.

312 5458 436 5516 KA'.
481 5458 592 5511 Τοῦ
622 5460 775 5526 ἁγίου
820 5461 1096 5513 Διονυσίου
1141 5463 1434 5533 ἀπόφασις,
1479 5466 1763 5533 φάσκουσα
1803 5470 1885 5524 ὃτι

381 5550 500 5603 κατ’
557 5550 748 5603 οὑδένα
788 5552 989 5621 τρόπον
1028 5553 1384 5626 ἐκοινώνησεν
1415 5559 1443 5609 ό
1491 5559 1698 5630 Πατὴρ,
1746 5559 1778 5629 ἢ
1826 5564 1887 5614 τὸ

381 5644 535 5710 ἆγιον
557 5643 782 5712 Πνεῦμα
808 5646 871 5713 τῇ
900 5643 990 5697 τοῦ
1016 5645 1188 5714 Λόγου
1221 5648 1512 5720 σαρκώσει,
1543 5653 1592 5703 εί
1619 5651 1693 5723 μὴ
1714 5655 1780 5723 τῇ
1807 5656 1888 5705 εύ-

381 5731 534 5801 δοκίᾳ
571 5731 727 5804 μόνῃ.
761 5733 932 5787 Τοῦτο
957 5735 1012 5788 δὲ
1052 5737 1420 5806 παρεθέμεθα,
1453 5738 1541 5791 διὰ
1571 5740 1632 5792 τὸ
1656 5741 1886 5810 φάσκειν

384 5822 642 5894 Σευῆρον,
671 5825 1085 5896 συνσαρκῶσθαι
1111 5827 1190 5898 τῷ
1229 5828 1344 5900 Υίῷ
1377 5830 1469 5885 τὸν
1502 5832 1720 5903 Πατέρα
1747 5872 1761 5897 ,
1794 5838 1885 5888 καὶ

2029 1977 2226 2045 gmatis
2265 1977 2542 2047 congreSsi
2572 1993 2758 2032 sumus
2801 1979 3162 2042 Alexandriae,
3206 1993 3327 2032 ctnn
3363 1976 3541 2031 Theo-

2027 2067 2299 2130 dosianis,
2356 2077 2411 2120 et
2461 2066 2762 2137 Gajauitis:
2807 2068 2898 2120 ubi
2947 2067 3326 2137 redarguimus
3382 2068 3537 2131 illos,

2027 2163 2170 2230 quod
2207 2161 2253 2217 si
2295 2172 2488 2216 natura
2542 2173 2595 2216 et
2625 2162 2928 2231 hypostasis
2977 2163 3080 2231 10
3112 2162 3252 2216 idem
3286 2172 3445 2226 sunt,
3485 2162 3539 2215 in

2029 2253 2474 2309 Nestoriauorum
2505 2254 2734 2309 classem
2777 2253 3062 2308 universus
3089 2263 3308 2309 sanctos
3328 2251 3538 2317 Patres,

2030 2345 2319 2415 ipsumque
2387 2353 2637 2399 sanctum
2715 2341 2977 2414 Cyrillum
3044 2343 3376 2411 conjiciant;
3446 2342 3541 2394 ubi

2030 2448 2084 2492 et
2132 2439 2199 2493 de
2237 2453 2344 2492 una
2398 2437 2565 2492 diviui
2637 2437 2795 2491 Verbi
2852 2436 3119 2490 incarnati
3179 2444 3371 2489 natura
3428 2434 3543 2504 agi-

2035 2537 2142 2581 tur.

2014 2618 2300 2675 'Scltolion.
2337 2619 2393 2674 In
2419 2620 2630 2675 decimo
2666 2620 2842 2689 capite
2872 2619 3108 2688 reperies
3136 2617 3396 2687 capitula,
3423 2632 3546 2686 qua:

1962 2713 2114 2783 prius
2153 2727 2252 2766 nos
2280 2711 2807 2782 προαναθεματίζειν
2839 2709 3258 2780 (praedamnare)
3298 2715 3542 2778 oportet,

1963 2818 2128 2873 quam
2156 2817 2278 2856 cum
2313 2801 2579 2856 haereticis
2603 2801 2964 2870 disputemus.

1963 2893 2057 2949 Xl.
2093 2893 2381 2949 Adnotatio
2408 2893 2474 2948 de
2509 2893 2833 2958 assertione,
2881 2907 3002 2962 qua:
3043 2889 3139 2955 ait,
3172 2897 3397 2944 naturas
3426 2904 3548 2944 esse

2039 2985 2394 3054 hyposta'ses;
2426 2983 2696 3037 undenam
2730 2981 3066 3051 produxerit.

1967 3076 2082 3131 XII.
2111 3078 2182 3131 De
2215 3077 2438 3131 salutari
2470 3076 2723 3145 passione
2752 3073 2995 3140 Christi;
3032 3083 3086 3127 et
3117 3078 3184 3127 de
3214 3072 3417 3142 hymno
3451 3086 3549 3124 seu

2043 3177 2194 3238 parte
2232 3167 2420 3240 hymni
2463 3184 2476 3223 :
2529 3167 2758 3222 Sanctus
2798 3166 3154 3230 immortalis,
3202 3166 3292 3235 qui
3337 3164 3549 3232 cruciﬁ-

1966 3275 2068 3313 mus
2095 3277 2170 3314 es.

1969 3353 2106 3408 Xltl.
2131 3351 2452 3421 Disquisitio
2465 3351 2531 3406 de
2554 3349 2837 3405 sententiis
2859 3348 3105 3416 Patrum,
3128 3363 3265 3419 quas
3286 3346 3554 3418 objiciunt

2040 3444 2318 3499 Severiaui
2380 3453 2570 3498 contra
2620 3453 2862 3496 sanctam
2897 3441 3390 3496 Chalcedonensem
3427 3455 3556 3511 syn-

2042 3539 2206 3594 odum
2232 3554 2247 3603 ;
2275 3545 2331 3591 et
2355 3537 2421 3590 ad
2453 3537 2572 3590 illas
2602 3536 2686 3605 pia
2717 3536 3019 3605 responsio.

1969 3629 2107 3685 XIV.
2142 3629 2416 3683 Ammonii
2443 3628 2797 3682 Alexandrini
2828 3637 3017 3681 contra
3048 3625 3480 3696 MonOphysitas.

1973 3718 2088 3771 XV.
2113 3718 2357 3772 Alterum
2387 3726 2553 3785 caput
2579 3725 2769 3769 contra
2804 3730 3002 3769 novam
3036 3715 3254 3768 illorum
3291 3715 3427 3767 festa
3460 3729 3552 3767 ce-

2044 3808 2291 3862 lebrandi
2327 3806 2640 3878 epistolam.

1973 3921 2113 3977 XVI.
2141 3921 2197 3976 ltt
2233 3922 2364 3976 illud
2408 3940 2421 3976 :
2460 3919 2526 3975 In
2557 3920 2768 3976 Christo
2797 3919 3059 3973 inhabitat
3090 3920 3258 3973 omnis
3286 3917 3556 3988 plenitudo

2042 4015 2362 4076 divinitatis,
2398 4014 2486 4083 pia
2511 4013 2828 4083 explicatio.

1976 4128 2140 4184 XVII.
2161 4127 2584 4188 Demonstratio,
2613 4127 2755 4196 qttod
2777 4127 2939 4180 Pater
2961 4136 3052 4180 aut
3076 4123 3316 4195 Spiritus
3338 4139 3561 4181 sanctus

2048 4236 2158 4275 non
2192 4222 2264 4275 sit
2291 4221 2605 4274 incarnatus
2635 4235 2757 4272 cum
2792 4217 2949 4272 Filio.

1979 4332 2166 4390 XVIII.
2198 4333 2474 4388 Adversus
2509 4333 2654 4396 illos,
2692 4332 2785 4402 qui
2817 4331 2960 4387 male
3000 4330 3219 4386 Christo
3248 4331 3560 4398 exemplum

2053 4425 2289 4480 hominis
2313 4423 2607 4493 applicant.

1907 4560 1952 4615 ι)
1983 4536 2122 4593 XIX.
2156 4537 2465 4607 Capitulum
2496 4535 2821 4591 exsecrandi
2843 4534 3218 4591 Paulianistaa.

1991 4642 2107 4703 XX;
2156 4648 2346 4720 Capita
2399 4649 2730 4721 syllogistica
2780 4657 2973 4702 contra
3027 4647 3348 4718 insipientes
3399 4645 3562 4702 Seve-

2058 4757 2263 4796 nanos.

1987 4843 2130 4908 XXI.
2158 4853 2314 4908 Aliud
2338 4853 2784 4923 compendiosum
2809 4863 2992 4923 caput,
3018 4854 3068 4907 in
3092 4868 3201 4924 quo
3232 4852 3560 4920 ostenditur,

2059 4947 2314 5017 dogmata
2349 4961 2456 4999 non
2489 4961 2611 4999 esse
2644 4944 3016 5000 inconstanter
3042 4945 3400 5000 immutauda.

1990 5143 2154 5197 XXII.
2187 5142 2378 5213 Capita
2413 5157 2480 5196 ex
2515 5143 2689 5198 sacris
2717 5142 2936 5199 Litteris
2964 5142 3033 5197 ab
3061 5141 3368 5198 inﬁdelibus
3409 5143 3566 5196 nobis

2062 5236 2298 5304 objecta.
2330 5233 2560 5290 Andreaa
2583 5235 2891 5290 Nestoriani
2922 5235 3098 5305 capita
3129 5234 3219 5288 24.

1991 5345 2177 5402 XXIII.
2210 5346 2415 5402 Contra
2442 5347 2719 5419 Gajauitas
2748 5349 2927 5403 brevis
2951 5349 3283 5404 dissertatio.

1994 5461 2182 5516 XXIV.
2233 5462 2477 5518 Assertio
2508 5464 2679 5516 sancti
2718 5461 2986 5534 Dionysii,
3037 5478 3141 5530 qua
3181 5459 3419 5514 afﬁrmat
3468 5460 3568 5514 Pa-

2063 5562 2201 5608 trem
2259 5563 2314 5608 et
2366 5554 2627 5624 Spiritum
2677 5562 2926 5608 sanctum
2985 5554 3135 5608 nullo
3186 5553 3344 5607 modo
3399 5551 3569 5606 fuisse

2062 5645 2355 5715 participes
2389 5643 2994 5702 incarnationis‘-Verbi.
3031 5646 3136 5700 nisi
3156 5644 3272 5697 solo
3305 5645 3569 5711 benepla-

2063 5738 2172 5792 cito
2198 5748 2249 5792 et
2277 5752 2569 5792 consensu.
2598 5737 2711 5794 Hoc
2743 5738 3191 5807 interposuimus,
3222 5736 3369 5806 quod
3408 5733 3571 5788 Seve-

2065 5849 2160 5888 rus
2209 5833 2373 5900 dicat,
2425 5833 2637 5888 Patrem
2685 5843 2740 5888 ct
2787 5833 3052 5902 Spiritum
3098 5839 3345 5888 sanctqu
3408 5830 3570 5884 simul
