4028 6588
590 394 661 460 3‘}

1788 389 1848 447 s.
1890 385 2284 447 ANASTASII
2323 385 2645 447 SINAITXE
2968 382 2983 455 ί
3020 358 3063 383 ·’

3759 390 3835 454 ω

656 520 781 560 cum
818 502 954 558 Filio
977 505 1291 560 inrarnatos
1318 519 1458 561 esse.
1495 505 1563 559 At
1596 511 1723 558 ante
1759 501 1829 555 24
1861 499 2155 569 capitulum

2329 497 2391 550 τὸ
2419 498 2658 569 Πνεῦμα.
2695 497 2807 570 Πρὸ
2828 497 2886 551 δὲ
2917 458 3070 568 φίλου
3098 499 3192 552 τοῦ
3216 496 3313 553 κδ’.
3352 500 3641 570 κεφαλαίου
3672 503 3837 575 εὑρή-

658 598 901 650 invenies
927 596 1181 651 Scholion
1217 597 1285 651 de
1313 598 1433 651 solo
1463 594 1599 650 Filio
1622 595 1713 649 Dei
1750 594 2052 648 incarnato.

1098 794 1329 851 CAPUT
1365 794 1527 848 PRIM
1540 793 1653 849 ΟΜ.

587 910 781 963 Divina
810 910 1095 979 adjuvante
1132 920 1329 979 gratia,
1354 907 1724 979 progymnasia
1764 921 1851 958 seu
1874 919 2161 979 iprmexer-

658 982 841 1033 citatio
873 976 1080 1045 'breris,
1119 976 1383 1033 instruens
1426 976 1702 1048 quemlibet
1741 978 2073 1048 studiosum,
2109 976 2163 1025 in

656 1054 845 1113 quibus
890 1067 1001 1103 sese
1041 1066 1313 1110 exercere,
1365 1060 1414 1101 et
1441 1047 1670 1119 quorum
1704 1047 1948 1099 notitiam
1973 1059 2164 1119 parare

652 1122 856 1174 debeat.
905 1119 1224 1173 Necessario
1257 1131 1435 1172 autent
1462 1115 1471 1119 ⁷
1494 1119 1836 1187 requiruntur
1871 1115 2162 1184 sequentia.

659 1230 729 1286 Ut
755 1238 878 1284 ante
905 1230 1093 1284 omnia
1129 1231 1294 1282 vitam
1323 1231 1607 1282 honestam
1628 1239 1955 1297 gravemque
1978 1222 2161 1286 ducat,

586 1335 638 1378 et
668 1322 927 1392 Spiritum
957 1333 1204 1375 sanctum
1234 1318 1466 1373 incolam
1507 1317 1562 1370 in
1598 1316 1778 1369 animo
1804 1315 2021 1368 habeat.

661 1416 731 1470 Ut
759 1413 1125 1475 definitiones,
1172 1410 1444 1480 praeipue
1476 1408 1650 1478 magis
1678 1405 2042 1466 necessarias,
2074 1417 2166 1457 ac-
2197 1453 2207 1461 ,

586 1517 770 1562 curate
796 1514 1108 1575 perspectas
1140 1504 1355 1557 habeat.
1610 1558 1617 1565 ,

654 1596 904 1654 Utsensa
930 1605 984 1650 et
1030 1595 1316 1665 opiniones
1344 1592 1787 1647 adversariorum
1831 1587 2164 1643 adomussim

585 1690 744 1752 sciat.
783 1703 1083 1756 eorumque
1117 1686 1319 1755 scripta
1342 1685 1556 1738 evolvat
1590 1701 1604 1738 :
1639 1683 1737 1752 ιι
1787 1681 1981 1735 crebro
2017 1678 2163 1733 enim

583 1797 647 1835 ex
681 1781 814 1850 ipsis
845 1778 1126 1848 pudelieri,
1160 1779 1293 1831 etin
1322 1777 1575 1831 ruborem
1616 1775 1732 1828 dari
1765 1781 2041 1843 poterunt.

655 1954 727 2010 Ut
771 1969 895 2009 cum
930 1950 1173 2022 profanis
1216 1958 1271 2005 et
1308 1950 1471 2005 fatuis
1519 1952 1866 2020 promiscue,
1904 1958 1957 2003 et
1988 1947 2161 2003 indis-

581 2048 907 2103 criminatim
961 2048 1029 2100 de
1098 2044 1368 2115 capitibus
1420 2043 1543 2097 fidei
1620 2043 1675 2097 in
1725 2050 1999 2097 certamen
2028 2056 2160 2111 inon

576 2139 889 2201 descendat,
914 2138 1009 2191 sed
1038 2136 1228 2190 habito
1259 2136 1490 2202 delectu,
1523 2148 1647 2188 cum
1674 2133 1873 2204 quibus
1902 2141 1959 2187 et
1980 2148 2158 2202 quan-

579 2233 685 2291 do.
721 2241 775 2285 et
808 2236 1076 2300 quantum
1116 2236 1352 2298 Oportet.

654 2320 722 2376 Ut
761 2334 979 2374 omnem
1019 2317 1257 2373 divinam
1293 2315 1630 2386 Scripturam
1676 2330 1801 2369 cum
1835 2313 2036 2369 timore
2069 2311 2160 2367 Dei

579 2417 804 2479 lustret;
853 2428 959 2467 non
1027 2411 1263 2480 maligna
1323 2420 1502 2464 mente
1565 2409 1659 2464 sed
1713 2410 1765 2462 in
1818 2407 2163 2477 simplicitate

578 2507 758 2563 cordis
791 2523 806 2559 :
848 2521 1025 2575 neque
1057 2520 1117 2559 ea
1154 2519 1277 2572 quae
1310 2513 1528 2572 captum
1570 2511 1820 2555 nostrum
1862 2509 2160 2569 superant,

570 2615 807 2670 quaeque
846 2598 1043 2652 divina:
1079 2595 1299 2649 Littera:
1348 2603 1806 2664 suppresserunt,
1849 2591 2162 2647 scrutariet

578 2700 915 2748 contrectare
950 2688 1098 2743 velit.
1150 2685 1265 2741 Hoc
1296 2686 1555 2740 nimirum
1588 2696 1699 2751 est,
1740 2704 1757 2736 ι
1786 2682 1861 2739 Os
1890 2699 2000 2739 non
2029 2697 2163 2738 con-

578 2783 815 2853 fringere
847 2781 905 2834 ἐ
941 2799 961 2830 ι
1015 2780 1117 2832 hoc
1163 2788 1279 2841 est,
1325 2791 1436 2831 non
1484 2786 1705 2846 tangere
1750 2777 1909 2829 ﬁrma
1968 2784 2021 2830 et
2069 2789 2160 2829 so-

578 2876 707 2930 lida.
760 2870 828 2926 Ut
868 2885 990 2941 qua:
1029 2870 1249 2924 definite
1285 2870 1429 2923 dicta
1491 2874 1657 2930 sunt,
1701 2866 1769 2919 ab
1836 2864 1960 2920 aliis
1992 2866 2160 2919 inter-

580 2976 771 3021 noscat
798 2982 811 3016 :
859 2974 914 3017 et
962 2978 1159 3017 rursus
1179 3002 1194 3027 ,
1232 2976 1354 3031 quae
1381 2960 1607 3014 abusive
1630 2998 1645 3024 ,
1679 2973 1867 3028 quaeve
1898 2957 2160 3028 simplici-

580 3071 660 3115 ter
693 3076 708 3124 ;
754 3056 1064 3127 cujusmodi
1096 3055 1224 3109 illud
1258 3073 1272 3109 :
1312 3074 1331 3105 ι
1367 3052 1557 3110 Omnis
1591 3055 1757 3107 homo
1787 3051 2019 3107 mendax
2047 3054 2068 3084 ¹
2092 3070 2108 3120 ;
2133 3070 2153 3104 ι

578 3152 711 3205 Et:

577 3256 745 3297 unum
776 3241 817 3293 ⁸.
856 3258 873 3290 ι
1640 3286 1643 3289 λ

648 3331 905 3394 Noverit,
944 3326 1244 3381 Ecclesiam
1294 3324 1616 3379 traditiones
1664 3322 1955 3378 nonnullas
1991 3322 2179 3401 etiam‘

576 3432 730 3478 extra
777 3421 1118 3490 Scripturam
1151 3418 1470 3486 accepisse;
1504 3416 1649 3487 quod
1683 3431 1855 3486 genus
1889 3432 1903 3469 :
1944 3428 2151 3469 sacram

576 3516 1018 3572 communionem
1061 3528 1091 3564 a
1135 3511 1341 3581 jejunis
1381 3510 1555 3579 accipi
1600 3509 1837 3575 debere;
1885 3522 2043 3562 orare
2086 3506 2155 3561 ad

576 3607 871 3669 orientem;
908 3602 1195 3671 Deiparam
1236 3609 1357 3670 post
1401 3609 1615 3670 partum
1644 3613 1861 3668 quoque
1890 3599 2157 3653 mansisse

576 3698 840 3767 virginem
876 3712 893 3759 ;
924 3693 1281 3761 eamdemque
1310 3692 1362 3744 in
1397 3690 1652 3759 spelunca
1677 3690 1987 3760 peperisse;
2032 3691 2155 3744 etsi

576 3806 699 3859 qua:
737 3796 864 3842 sunt
891 3787 1053 3856 hujus
1079 3785 1296 3855 generis
1324 3783 1646 3837 traditiones
1677 3782 1817 3836 aliae.

650 3881 798 3933 Sciat
846 3875 1237 3948 disputationis
1279 3874 1471 3929 modos
1529 3874 1671 3928 duos
1720 3887 1875 3936 esse,
1928 3870 2157 3924 alterum

576 3986 672 4039 per
704 3968 998 4037 Scriptura:
1031 3964 1380 4029 testimonia;
1417 3963 1649 4016 alterum
1683 3977 1779 4029 per
1809 3960 2158 4030 probationes

573 4079 638 4119 ex
692 4061 824 4130 ipsis
871 4060 1034 4113 rebus
1084 4059 1324 4127 petitas:
1363 4054 1458 4125 qui
1506 4054 1702 4119 modus
1741 4053 1952 4107 firmior
1989 4061 2071 4107 est
2105 4061 2160 4105 et

574 4154 776 4208 verior.
825 4149 960 4204 Nam
1016 4149 1179 4203 verba
1223 4143 1527 4217 Scriptum
1572 4146 1855 4215 depravari
1904 4152 2154 4215 possunt.

574 4244 843 4315 Quocirca
868 4242 1049 4297 videre
1081 4240 1243 4305 licet,
1280 4239 1443 4293 simul
1464 4247 1625 4308 atque
1656 4238 1969 4291 adversario
2008 4234 2158 4289 Scri—

575 4350 747 4410 pturae
775 4333 1151 4391 testimonium
1200 4331 1494 4400 ohjiciatur
1522 4369 1538 4395 ,
1588 4330 1657 4383 ab
1702 4329 1820 4398 ipso
1856 4328 2097 4383 vicissim
2129 4343 2159 4381 e

573 4430 802 4498 vestigio
839 4426 987 4480 aliud
1029 4424 1401 4478 testimonium
1436 4421 1658 4490 produci
1687 4437 1703 4486 ;
1737 4421 1850 4474 sive
1880 4419 1951 4472 sit
1991 4419 2158 4474 hatre-

2334 605 2391 640 σε
2403 606 2450 652 ις
2476 588 2680 659 σχόλιον
2710 590 2835 661 περὶ
2862 588 2961 659 τῆς
2997 591 3123 660 μιᾶς
3143 589 3276 643 Θεοῦ
3306 591 3478 659 Λόγου
3513 593 3726 660 φύσεως
3751 611 3841 646 σε-

2336 683 2711 753 σαρκωμένης.

2681 793 3076 847 ΚΕΦΑΛΑΙΟΝ
3114 795 3411 849 ΠΡΩΤΟΝ.

2264 903 2493 978 Σίν-τῷ
2526 904 2665 978 Θεῷ,
2707 909 3125 976 προγυμνασια
3150 909 3275 961 κατ’
3309 908 3626 978 ἐπιτομὴν,
3654 909 3841 978 ἐμμα-

2333 974 2574 1034 τίζουσα
2610 976 2719 1046 τὸν
2745 973 3080 1045 φιλόπονον
3125 978 3258 1046 περὶ
3296 973 3383 1032 ὧν
3412 973 3506 1031 δεῖ
3541 973 3657 1046 πρὸ
3682 973 3840 1032 adr-

2334 1061 2451 1097 των
2480 1045 2783 1109 ἐξασκεῖν,
2817 1048 2915 1100 καὶ
2948 1048 3064 1115 τὴν
3100 1045 3339 1115 εῖδὴσιν
3362 1048 3550 1116 ἔχειν.

2335 1222 2458 1274 Ὅτι
2479 1224 2561 1275 δεῖ
2582 1227 3007 1296 προηγουμένως
3038 1228 3151 1298 βίον
3172 1228 3388 1300 σεμνὸν,
3410 1229 3504 1283 καὶ
3528 1229 3588 1283 τὸ
3608 1229 3838 1301 Πνεῦμα

2261 1313 2354 1366 τοῦ
2387 1313 2520 1367 Θεοῦ
2549 1314 2754 1368 ἕνοικον
2787 1317 2950 1387 ἔχειν.

2338 1406 2456 1458 ’Ὁτι
2487 1406 2564 1459 δεῖ
2594 1407 2718 1471 τοὺς
2744 1409 2922 1479 ὄρους,
2940 1410 3033 1462 καὶ
3053 1408 3287 1480 μάλιστα
3319 1411 3445 1474 τοὺς
3473 1411 3838 1480 ἀναγκαιοτέ-

2266 1514 2391 1567 ρους
2420 1498 2745 1552 ἐπίστασθαι
2771 1502 2835 1553 ἐκ
2866 1502 3116 1572 στήθους.

2337 1590 2457 1642 Ὅτι
2486 1589 2568 1642 δεῖ
2604 1592 2890 1659 γινώσκειν
2918 1594 3059 1646 κατὰ
3087 1593 3373 1666 ἀκρίϐειαν
3405 1593 3476 1647 τὰ
3509 1595 3836 1667 φρονήματα

2263 1678 2371 1733 τῶν
2396 1681 2453 1746 ἐξ
2480 1683 2745 1748 ἐναντίας,
2778 1684 2874 1737 καὶ
2892 1686 3186 1752 ὲγκύπτειν
3204 1689 3324 1750 ταῖς
3341 1687 3545 1739 τούτων
3571 1705 3597 1754 γ
3612 1690 3831 1756 ραφαῖς.

2265 1772 2526 1837 Πολλάκις
2557 1772 2664 1845 γὰρ
2712 1774 2772 1839 ἐξ
2815 1777 2992 1829 αὐτῶν
3021 1777 3216 1840 αὐτοὺς
3262 1770 3643 1849 καταισχύνειν
3670 1779 3834 1832 δυνά-

2190 1849 2235 1904 B
2265 1866 2425 1937 μεθα.

2336 1957 2455 2009 Ὀτι
2485 1957 2545 2010 οὐ
2576 1957 2657 2010 δεῖ
2686 1958 2797 2020 τοῖς
2831 1957 3119 2029 ἀμυήτοις,
3147 1962 3241 2013 καὶ
3264 1962 3493 2033 ἄφροσιν
3522 1963 3659 2028 ὅλως
3705 1981 3834 2016 συν-

2259 2052 2566 2123 τυγχάνειν·
2601 2053 2714 2107 ἀλλ’
2748 2047 2829 2117 οἷς
2870 2053 2997 2125 χρὴ.
3032 2056 3126 2108 καὶ
3166 2054 3255 2107 ὅτε
3304 2053 3433 2125 χρὴ,
3464 2055 3558 2107 καὶ
3588 2055 3699 2124 ὅσῳ
3726 2053 3836 2126 χρὴ

2262 2162 2327 2197 πε
2337 2146 2389 2216 ρ“ι
2423 2145 2678 2209 πίστεως.

2333 2324 2453 2375 ’Ότι
2481 2323 2561 2375 δεῖ
2592 2323 2727 2392 μετὰ
2755 2321 2921 2390 φόϐου
2954 2321 3089 2375 Θεοῦ
3121 2321 3271 2393 πάσῃ
3290 2322 3480 2394 Γραφῇ
3509 2322 3834 2391 ἐγκύπτειν,

2264 2415 2337 2486 μὴ
2374 2414 2713 2486 κακούργως,
2765 2414 2881 2467 ἀλλ’
2930 2415 2988 2467 ὲν
3037 2414 3299 2479 ἁπλότητι
3342 2414 3587 2481 καρδίας,
3624 2415 3834 2469 ’Ὀτιοῦ
3910 2462 3913 2465 .

2230 2507 2340 2559 ’δεῖ
2388 2507 2458 2558 τὰ
2506 2504 2776 2577 βαθύτερα
2817 2505 2974 2576 ἡμῶν
3036 2504 3309 2577 ψηλαφᾷν,
3360 2505 3479 2558 οὐδὲ
3532 2505 3604 2558 τὰ
3643 2523 3837 2560 σεσιω-

2259 2599 2479 2668 πημένα
2534 2601 2600 2669 τῇ
2659 2597 2782 2669 θεία
2834 2598 3048 2669 Γραφῇ.
3108 2598 3281 2651 Τοῦτο
3340 2598 3447 2670 γάρ
3497 2599 3633 2661 ἐστι,
3673 2616 3693 2650 ι
3739 2599 3834 2670 Μὴ

2261 2689 2563 2760 συντρίϐειν
2596 2688 2805 2755 ὀστοῦν,
2844 2708 2863 2741 ›
2921 2690 3185 2754 τουτέστι,
3226 2708 3245 2740 ι
3305 2689 3380 2760 μὴ
3427 2690 3691 2743 ἅπτεσθαι.
3719 2691 3835 2743 τῶν

2261 2781 2513 2851 στερεῶν.
2545 2800 2563 2832 ›
2601 2782 2723 2834 Ὅτι
2769 2781 2850 2833 δεῖ
2891 2782 3202 2851 ἀνακρίνειν
3248 2779 3317 2833 τὰ
3364 2781 3646 2851 ὁριστικιῖκ
3678 2780 3835 2849 λεγό-

2264 2890 2419 2943 μενα,
2456 2874 2549 2927 καὶ
2579 2873 2740 2927 πάλιν
2762 2874 2829 2927 τὰ
2854 2875 3034 2943 μέσως
3056 2891 3170 2937 πως
3189 2891 3203 2904 ·
3237 2875 3330 2927 καὶ
3353 2874 3539 2935 πάλιν,
3567 2874 3635 2927 τὰ
3662 2891 3835 2927 κατα-

2258 2963 2585 3033 χρηστικῶς,
2630 2964 2725 3017 καὶ
2756 2964 3000 3026 ἀκάκως.
3034 2958 3158 3017 Οἷόν
3182 2964 3303 3016 ἐστι
3324 2963 3383 3017 τὸ
3407 2964 3714 3033 λεγόμενον,
3745 2965 3832 3017 ὅτι

2263 3074 2280 3106 ι
2319 3057 2432 3119 Πᾶς
2456 3056 2738 3127 ἄνθρωπος
2765 3056 3025 3127 ψεύστης.
3062 3076 3083 3110 ι
3127 3057 3256 3123 Καὶ,
3293 3076 3311 3107 ι
3350 3058 3465 3110 Οῦκ
3495 3056 3611 3110 ἔστι
3656 3056 3832 3111 ποιῶν

777 3166 796 3199 ι
842 3147 962 3202 Non
1019 3154 1104 3203 est
1166 3148 1262 3216 qui
1326 3146 1493 3200 faciat
1545 3144 1746 3199 bonum
1779 3183 1795 3209 ,
1851 3158 2025 3213 usque
2088 3143 2155 3197 ad

2257 3146 2596 3219 χρηστότητα
2632 3145 2736 3211 ἓως
2765 3147 2904 3210 ἑνός.
2947 3165 2966 3198 ι

2323 3325 2684 3395 Σημειωτέον,
2726 3324 2808 3377 ὅτι
2863 3322 3014 3387 τινὰς
3048 3323 3372 3393 παραδόσεις
3415 3325 3509 3376 καὶ
3561 3322 3830 3394 ἀγράφως

2255 3415 2565 3487 παρέλαϐεν
2618 3416 2652 3486 ἡ
2691 3415 2984 3485 Ἐκκλησία
3009 3430 3023 3445 ’
3054 3411 3163 3469 οἷον
3211 3417 3271 3467 τὸ
3318 3418 3593 3468 κοινωνεῖν
3636 3432 3828 3486 νηστι-

2254 3511 2367 3564 κόν.
2399 3510 2509 3563 Καὶ
2557 3508 2617 3561 τὸ
2684 3508 3079 3579 προσεύχεσθαι
3129 3510 3269 3562 κατὰ
3340 3507 3641 3571 Ἀνατολάς.
3690 3509 3829 3576 Καὶ,

2252 3601 2335 3654 ὃτι
2367 3601 2629 3671 παρθένος
2650 3602 2831 3673 ἔμεινε
2866 3601 3001 3671 μετὰ
3036 3601 3245 3671 τόκονή
3276 3600 3554 3664 Θεοτὸκος.
3579 3600 3709 3666 Καὶ,
3734 3600 3826 3654 ὅτι

2257 3690 2313 3744 ὲν
2344 3691 2589 3761 σπηλαίῳ
2611 3691 2780 3757 ἔτεκε,
2812 3693 2906 3746 καὶ
2935 3691 3096 3760 ἕτερα
3127 3690 3314 3745 πολλὰ.

2325 3872 2523 3924 Σκοποὶ
2550 3871 2832 3936 διαλέξεως
2872 3872 2979 3924 εἰσὶ
3023 3870 3115 3923 δύο
3145 3887 3158 3901 ⁸
3188 3872 3216 3924 6
3259 3872 3357 3940 μὲν
3407 3870 3493 3925 διὰ
3528 3871 3826 3941 Γραφικῶν

2258 3964 2469 4035 ῥήσεων
2490 3982 2505 3995 ο
2528 3964 2556 4015 6
2586 3965 2643 4017 δὲ
2665 3964 2752 4018 διὰ
2778 3962 3182 4036 πραγματικῶν
3208 3964 3621 4034 παραστάσεων,
3646 3964 3704 4026 ὃς
3725 3965 3825 4017 καὶ

2260 4055 2630 4126 ἰσχυρότερος,
2656 4056 2753 4109 καὶ
2785 4055 3147 4126 ἀληθέστερὸς
3187 4056 3323 4107 ἐστι.
3356 4056 3437 4108 Τὰ
3471 4056 3568 4125 μὲν
3590 4055 3697 4125 γὰρ
3718 4056 3821 4127 ρή·

2259 4163 2402 4215 ματα
2439 4146 2544 4199 τῶν
2576 4147 2807 4217 Γραφῶν
2846 4146 2976 4209 ἴσως
3021 4145 3453 4202 ὑπονοθεύονται.
3483 4146 3643 4200 Ὅθεν
3672 4148 3823 4200 ἔστιν

2260 4238 2480 4300 ἰδέσθαι,
2506 4240 2589 4292 ὃτι.
2637 4239 2686 4292 εί
2731 4240 2924 4309 χρῆσιν
2960 4239 3260 4308 προφέρεις
3288 4237 3365 4308 τῷ
3424 4239 3651 4308 ἐναντίῳ
3674 4277 3690 4301 ,
3712 4240 3822 4291 κὰ.

2257 4333 2430 4393 κεῖνος
2453 4330 2655 4393 εὐθέως
2685 4330 2877 4400 ἑτέραν
2906 4330 3100 4401 χρῆσιν
3128 4329 3411 4399 προφέρει,
3437 4330 3531 4380 καὶ
3560 4332 3588 4382 6
3611 4330 3821 4399 αἱρετι-

2257 4420 2372 4483 κὸς,
2394 4422 2489 4474 κα)⁸
2511 4424 2539 4474 6
2576 4422 2843 4483 Ἰουδαῖος.
2877 4420 3037 4473 Ὀθεν
3063 4424 3091 4474 6
3111 4421 3406 4492 δυνάμενος
3430 4419 3517 4474 διὰ
3556 4437 3821 4491 πραγμα-

573 4516 716 4570 tiens
743 4553 758 4576 ,
791 4514 905 4567 sive
952 4509 1195 4565 Judaeus.
1247 4508 1587 4578 Quapropter
1625 4510 1672 4563 is
1695 4547 1710 4573 ,
1747 4508 1843 4563 cui
1878 4508 2023 4562 vires
2056 4507 2157 4563 hoc

2256 4507 2422 4559 τικῶν
2472 4508 2796 4574 ἀποδείξεων
2844 4508 3044 4580 μᾶλλον
3114 4509 3413 4573 ὁπλιζέσθω
3482 4509 3617 4580 πρὸς
3692 4511 3823 4573 τοὺς

573 4604 882 4657 concedunt
915 4643 930 4667 ,
985 4600 1160 4670 magis
1227 4615 1286 4654 se
1338 4607 1512 4652 armet
1558 4608 1750 4653 contra
1806 4597 2146 4655 adversarios

573 4692 1135 4748 detnonstrationibus
1201 4704 1267 4743 ex
1346 4690 1464 4758 ipsa
1530 4703 1710 4742 rerum
1793 4696 1986 4741 natura
2047 4688 2141 4743 de-

573 4784 827 4854 sumptis.

642 4878 988 4947 Exploratam
1008 4876 1205 4932 habeat
1234 4876 1721 4947 ebronographiam
1745 4893 1763 4943 ;
1789 4885 1843 4930 et
1870 4890 1977 4945 quo
2006 4887 2142 4931 tem-

573 4988 705 5043 pore
729 4972 927 5026 vixerit
949 4971 1035 5025 hic
1064 4978 1159 5024 aut
1192 4970 1279 5024 ille
1300 4969 1457 5025 Pater
1485 4988 1499 5035 ;
1546 4970 1763 5039 quando
1793 4968 1907 5023 haec
1937 4978 2030 5024 aut
2054 4969 2141 5023 illa

576 5065 797 5120 haeresis
811 5064 1100 5120 exstiterit.

644 5157 833 5227 Neque
877 5157 1010 5211 illud
1048 5155 1445 5228 ignorandum:
1477 5153 1882 5219 adversarium,
1922 5153 2142 5223 quando

576 5267 670 5322 per
721 5250 1198 5319 interrogationem
1231 5248 1297 5301 ad
1335 5246 1612 5316 angustias
1639 5246 1890 5301 redactus
1915 5255 2019 5310 est,
2045 5261 2140 5301 co-

576 5344 718 5406 nari.
755 5343 860 5397 alia
896 5341 1324 5411 interrogatione
1358 5339 1659 5410 proposita,
1691 5338 1800 5394 alio
1829 5354 2138 5396 sermonem

576 5434 888 5489 transferre.
925 5434 1077 5502 Quod
1110 5450 1216 5487 non
1250 5444 1333 5489 est
1364 5432 1721 5488 tolerandum.

644 5529 784 5582 Ante
827 5527 1245 5597 disputationem
1301 5528 1369 5583 ab
1414 5526 1727 5581 adversario
1772 5525 2138 5596 juramentum

576 5619 863 5687 petendum
893 5630 1013 5675 est:
1071 5636 1181 5690 quo
1228 5620 1547 5691 polliceatur
1578 5620 1729 5675 nullo
1756 5620 1922 5675 verbo
1952 5629 2136 5675 contra

574 5711 961 5769 conscientiam
992 5727 1114 5768 sese
1140 5723 1411 5769 acturum.

2251 4600 2543 4662 ἐναντίους.

2319 4893 2411 4942 Δεῖ
2442 4891 2535 4943 καὶ
2575 4892 2701 4954 τοὺς
2762 4891 3167 4962 χρονογράφους
3212 4889 3559 4948 ἐπίστασθαι.
3611 4889 3704 4941 καὶ
3731 4887 3816 4952 τὸ,

2250 4984 2391 5036 κατὰ
2428 4982 2611 5046 ποίους
2662 4983 2889 5054 καιροὺς
2943 4985 2972 5037 6
3018 4984 3226 5054 Πατὴρ,
3282 4983 3376 5036 καὶ
3422 4983 3551 5035 πότε
3598 4983 3631 5052 ή
3668 4982 3819 5034 δεῖνα

2246 5077 2455 5147 αἵρεσις
2483 5072 2569 5147 ἦν.

2315 5165 2407 5236 Μὴ
2434 5164 2741 5220 λανθανέτω
2771 5164 2829 5216 δὲ
2858 5165 2891 5236 ἡ
2902 5164 3007 5234 μᾶς
3032 5164 3170 5241 μηδὲ
3196 5164 3374 5229 τοῦτο,
3409 5163 3666 5227 amt-iram
3700 5179 3821 5216 στε-

2246 5256 2505 5326 νῶσωμεν
2535 5256 2603 5307 δι’
2624 5256 2943 5325 ἐρωτήσεως
2969 5255 3062 5309 τὸν
3087 5255 3154 5308 δι’
3183 5255 3454 5318 ἐναντίας,
3485 5254 3817 5323 ἀγωνίζεται

2248 5348 2382 5417 πρὸς
2408 5347 2599 5418 ἑτέραν
2638 5345 2907 5417 ἐρώτησιν
2954 5346 3279 5417 μετενέγκαι
3302 5345 3392 5399 τὸν
3418 5345 3596 5413 λόγον.
3636 5345 3817 5414 Ὅπερ

2245 5442 2305 5494 οὗ
2334 5441 2413 5494 δεῖ
2437 5439 2746 5510 ἀνέχεσθαι.

2320 5534 2441 5586 ’ὐτι
2464 5533 2571 5604 χρὴ
2598 5533 2703 5603 πρὸ
2728 5534 2828 5604 τῆς
2857 5531 3143 5597 διαλέξεως
3174 5532 3424 5585 ἀπαιτεῖν
3452 5532 3611 5601 ὅρκον
3632 5530 3721 5583 τὸν
3753 5528 3814 5594 ἐξ

2245 5628 2516 5692 ἐναντίας,
2543 5628 2628 5682 ὅτι
2650 5629 2711 5681 οὐ
2742 5630 3051 5682 καταπατεῖ
3085 5628 3142 5682 τὸ
3174 5626 3303 5680 ἴδιον
3352 5626 3593 5689 συνειδὸς
3631 5626 3689 5677 ἐν
3714 5624 3812 5696 οἴῳ

2243 5719 2306 5788 δή
2341 5735 2468 5771 ποτε
2498 5720 2725 5789 ῥήματι,
2758 5712 2803 5786 ᾧ
2826 5718 2996 5772 λαλεῖ.

698 5823 870 5881 Exod.
908 5823 1114 5892 xtl,46.
1188 5826 1208 5855 ²
1240 5824 1381 5880 Psnl.
1407 5840 1526 5889 cxv,
1566 5824 1623 5877 ll
1651 5843 1666 5888 ;
1696 5823 1855 5880 Rom.
1885 5838 1968 5889 ιιι,
1992 5822 2045 5882 4,.
2123 5826 2143 5857 ³

2256 5828 2321 5881 al.
2346 5843 2469 5891 ,xm,
2500 5827 2519 5877 l
2546 5843 2561 5892 ;
2588 5825 2746 5880 Rom.
2798 5841 2877 5893 Ill,
2909 5825 2996 5897 l2.
