4120 6596
272 368 347 434 41
1722 368 1853 429 VM?

1953 367 2093 427 ΜΚ.
2288 376 2293 383 ·
3459 367 3529 430 42

340 481 468 535 ὀτι
509 481 592 534 δετ
632 480 783 552 ἡμᾶς
824 478 930 551 πρὸ
964 479 1163 543 παντὸς
1205 477 1363 547 λόγου
1408 477 1845 549 ἀναθεματίζειν,

261 573 399 634 ὅσας
420 570 719 642 ὑπολήψεις
736 570 951 641 ψευδεῖς
979 568 1349 640 ὑπολαμϐάνει
1382 570 1512 640 περὶ
1540 571 1574 639 ἡ
1584 568 1700 639 μῶν
1724 569 1753 621 6
1774 568 1844 622 δι’

264 665 535 726 ἐναντίας.
571 661 719 725 Οἷον,
749 665 836 716 ὅτε
868 663 1003 734 πρὸς
1026 662 1270 733 Ἄραϐας
1306 661 1571 732 μέλλομεν
1600 660 1845 729 διαλέγε-

268 758 417 820 σθαι,
453 754 1050 827 προαναθεματίσωμεν
1076 752 1169 806 τὸν
1195 751 1424 821 λέγοντα
1472 751 1565 805 δύο
1599 749 1777 814 θεοὺς,
1810 749 1843 820 ἢ

261 848 360 900 τὸν
387 848 617 915 λέγοντα
660 848 743 901 ὅτι
771 845 1061 917 ἐγέννησεν
1089 846 1118 898 6
1148 844 1282 907 Θεὸς
1317 843 1597 914 σαρκικῶς
1626 842 1774 907 Υἱδν,
1809 842 1843 913 ἢ

260 939 359 990 τὸν
421 936 836 1009 προσκυνοῦντα
872 935 947 998 ὡς
969 934 1124 999 Θεὸν,
1167 928 1279 986 οἷον
1311 933 1507 1003 δήποτε
1548 932 1755 1001 κτίσμα
1787 931 1846 983 ἐν

263 1029 549 1100 οὐρανῷῆ
596 1028 688 1081 ἐπὶ
732 1028 857 1099 γῆς.
898 1027 1132 1098 Ὁμοίως
1178 1026 1272 1079 καλ⁸
1324 1025 1462 1095 πρὸς
1507 1024 1608 1087 τὰς
1652 1022 1847 1087 λοιπὰς

262 1123 511 1193 αἱρέσεις
572 1121 677 1192 χρὴ
727 1117 1284 1191 προσαναθεματίζειν
1334 1117 1468 1179 ὅσας
1512 1116 1641 1186 περὶ
1688 1115 1847 1187 ἡμῶν

260 1215 483 1284 ψευδεῖς
521 1214 776 1277 ὑπονοίας
824 1214 952 1283 περὶ
1002 1212 1238 1275 πίστεως
1277 1210 1483 1281 ἔχουσι.
1514 1208 1697 1265 Ταῦτα
1737 1209 1846 1279 γὰρ

263 1308 581 1375 ἀκούοντες,
614 1307 1035 1379 προθυμοτέρως
1064 1304 1157 1359 καὶ
1187 1305 1258 1359 τὰ
1292 1304 1456 1358 λοιπὰ
1479 1305 1746 1376 δέχονται.

339 1577 465 1628 Ὀτι
500 1577 603 1648 χρὴ
637 1573 923 1644 προλέγειν
948 1575 1110 1626 παντὶ
1140 1574 1511 1645 Μονοφυσίτῃ,
1547 1575 1628 1628 ὅτι
1660 1575 1759 1629 οὐκ
1783 1576 1847 1627 ὲκ

263 1671 367 1737 τῆς
393 1667 614 1720 συνόδου
643 1665 981 1737 Χαλκηδόνος
1011 1666 1145 1736 πρὸς
1166 1666 1309 1735 ὑμᾶς
1330 1666 1704 1736 ἀντιλέγομεν,
1730 1667 1847 1720 ἀλλ’

266 1762 335 1813 ἐκ
361 1760 469 1813 τῶν
502 1760 760 1829 Πατέρων
789 1758 895 1827 πρὸ
914 1759 1012 1828 τῆς
1040 1758 1278 1822 συνόδου,
1307 1757 1400 1821 οὓς
1419 1760 1515 1811 καὶ¹
1539 1758 1718 1827 ὑμεῖς,
1751 1757 1845 1811 καὶ

263 1855 433 1925 ἡμεῖς
470 1852 786 1923 όρθοδόξους
809 1851 1200 1922 ὁμολογοῦμεν.

344 1944 469 1998 Ὀτι
499 1944 581 1996 δεῖ
613 1943 757 2012 ἡμᾶς
790 1940 1294 2013 προασφαλίζεσθαι
1323 1942 1413 1995 τὸν
1446 1942 1846 2014 Μονοφυσίτην,

273 2038 371 2089 καὶ
417 2035 833 2106 ἀναθεματίζειν
866 2033 1171 2105 είλικρινῶς
1211 2035 1302 2087 τὸν
1362 2034 1436 2104 μὴ
1489 2034 1851 2105 ὁμολογοῦντα

274 2128 409 2182 Θεὸν
436 2128 688 2197 ἀληθινὸν
720 2128 813 2179 τὸν
850 2126 1103 2197 Χριστόν.
1134 2121 1249 2179 Εἴθ’
1285 2124 1457 2187 οὕτως
1510 2128 1851 2179 οίκειοποιεῖο

273 2221 399 2274 σθαι
426 2220 717 2291 πρόσωπον
752 2218 1024 2283 Ἰουδαίου,
1048 2217 1081 2288 ἢ
1104 2218 1196 2271 τοῦ
1226 2217 1586 2288 Σαμοσατέως
1611 2218 1847 2283 Παύλου,

270 2310 371 2363 καὶ
417 2309 759 2379 εἰσπράττειν
817 2308 1002 2370 αὐτὸν,
1058 2308 1119 2360 τὸ
1158 2308 1319 2361 πόθεν
1363 2307 1543 2378 δῆλον,
1589 2309 1671 2361 ὅτι
1715 2310 1846 2375 Θεὸς

272 2402 500 2471 ὕψιστος
554 2404 698 2456 ἔστιν
740 2404 769 2455 6
807 2402 1077 2472 Χριστός;
1136 2400 1364 2465 καθὼςὸ
1417 2402 1725 2473 Ἀμμώνιος
1753 2420 1850 2455 πε-

269 2496 472 2564 ποίηκε
518 2494 645 2563 πρὸς
700 2493 794 2546 τὸν
857 2492 1301 2562 Ἀλικαρνασσέα,
1350 2492 1544 2563 ἥντινα
1580 2491 1847 2547 ἀντίθεσιν

268 2589 525 2658 εὑρήσεις
556 2590 612 2639 ἐν
641 2586 717 2656 τῷ
741 2586 1004 2656 τετραδίῳ
1034 2585 1316 2654 κειμένην.

340 2681 700 2751 Σημειωτέον,
737 2680 925 2750 ὅτιπερ
950 2679 1037 2732 διὰ
1088 2677 1181 2730 τοῦ
1230 2677 1512 2749 κράματος
1553 2676 1647 2731 τοῦ
1682 2695 1844 2747 ποτη-

270 2773 413 2839 ρίου,
439 2765 499 2823 οὗ
545 2769 942 2839 προσφέρουσιν
972 2771 1018 2821 οἱ
1051 2770 1439 2837 Μονοφυσῖται,
1488 2762 1628 2822 οἶνον
1675 2769 1847 2838 ἄκρα-

268 2880 360 2915 τον
389 2864 558 2933 χωρὶς
609 2863 798 2926 ὓδατος
842 2862 1236 2933 προσάγοντες,
1282 2862 1597 2932 ἐλέγχονται
1640 2861 1845 2928 σαφῶς.

274 2956 569 3026 Ἄκρατον,
602 2954 696 3007 καὶ
722 2952 918 3024 ἁπλῆν,
954 2953 1050 3007 καὶ
1077 2953 1251 3024 ἀμιγῆ
1276 2954 1456 3021 πάσης
1488 2953 1681 3023 μίξεως
1720 2971 1851 3025 σαρ-

270 3050 389 3113 κὸς,
435 3048 689 3120 ῆψυχῆς,
747 3047 959 3118 γυμνὴν
992 3048 1160 3117 μόνην
1199 3047 1427 3117 θεότητα
1458 3045 1849 3117 ὁμολογοῦντες

271 3138 414 3197 εἶναι
444 3143 537 3196 τὸν
565 3141 824 3213 Χριστόν.

488 3344 632 3412 Περὶ
683 3346 942 3408 πίστεως
979 3344 1223 3409 ἕκθεσις
1269 3343 1340 3397 ἐν
1375 3344 1644 3414 ἐπιτομῇ.

362 3457 576 3522 Ὶστέον,
611 3458 706 3512 καὶ
732 3457 806 3528 μὴ
833 3458 1147 3527 ἁγνοητέον,
1178 3458 1260 3510 ὅτι
1290 3458 1351 3510 ού
1381 3458 1461 3510 δεῖ
1481 3458 1629 3528 ἡμᾶς
1657 3457 1858 3510 ἀϐασα-

279 3547 495 3611 νίστως,
531 3548 625 3600 καὶ
656 3548 1075 3618 ἀπερισκέπτως
1107 3547 1205 3617 τὴν
1258 3548 1472 3600 οἱανοῦν
1521 3549 1859 3621 δογματικὴν

281 3642 465 3711 φωνὴν
487 3640 686 3709 λέγειν.
712 3640 869 3692 Ἐστι
904 3639 1010 3710 γὰρ
1033 3641 1127 3692 καὶ
1166 3640 1425 3704 εὐσεϐῶς,
1460 3643 1553 3694 καὶ
1582 3641 1859 3707 δυσσεϐῶς

278 3735 455 3786 εἰπεῖν
492 3733 549 3785 ὲν
585 3731 662 3802 τῷ
705 3731 927 3802 Χριστῷ
977 3730 1069 3783 δύο
1114 3732 1305 3799 φύσεις
1333 3732 1533 3803 ὁμοίως
1568 3734 1662 3786 καὶ
1694 3734 1855 3805 θελή-

281 3841 419 3889 σεις,
452 3823 545 3877 καὶ
590 3823 905 3899 ἐνεργείας,
928 3822 1022 3876 καὶ
1064 3824 1244 3877 πᾶσαν
1280 3823 1345 3877 ἂν
1374 3824 1711 3895 δογματικὴν
1745 3840 1859 3893 φωο

279 3917 402 3986 νήν.
437 3915 666 3985 Ὁμοίως
714 3916 809 3968 καὶ¹
839 3916 887 3967 οἱ
925 3900 1174 3983 λέγοντες
1218 3916 1275 3968 ὲν
1316 3915 1539 3985 Χριστῷ
1567 3915 1661 3969 δύο
1694 3933 1857 3984 φυσι-

284 4009 392 4070 κὰς
451 4008 743 4078 ἰδιότητας,
793 4007 1249 4080 ἑρμηνευέτωσαν
1297 4008 1379 4071 τὸ,
1429 4008 1548 4072 πῶς
1587 4009 1767 4062 νοοῦσι
1798 4009 1860 4061 τὸ

280 4101 571 4170 φυσικόν.
602 4099 835 4151 Δύναται
868 4098 973 4169 γὰρ
1004 4099 1099 4152 καὶ
1137 4098 1399 4162 εύσεδῶς,
1446 4099 1540 4152 καὶ
1580 4099 1859 4162 δυσσεϐῶς

281 4190 559 4257 λεγεσθαι.
599 4188 829 4258 Εἴρηται
872 4189 981 4258 γὰρ
1013 4188 1261 4255 φυσικὸν,
1319 4190 1413 4240 καὶ
1456 4187 1518 4240 τὸ
1574 4187 1718 4242 κατὰ
1761 4189 1862 4258 τὴν

282 4280 468 4350 κοινὴν
493 4279 784 4349 συνήθειαν
830 4277 939 4329 τῶν
983 4277 1155 4346 ψιλῶν
1200 4277 1505 4347 ἀνθρώπων
1548 4278 1858 4353 γινόμενον.

280 4375 463 4441 Ὅπερ
498 4371 623 4425 οὐδὲ
672 4371 765 4424 ἐπὶ
827 4368 1087 4441 ἰδιότητος
1134 4371 1194 4422 ὲν
1224 4368 1329 4439 ’τῷ
1371 4370 1593 4440 Χριστῷ
1639 4369 1864 4423 δύναται

279 4467 555 4535 λέγεσθαι.

369 4731 647 4794 Ὡσαύτως
690 4732 784 4785 καὶ
816 4734 845 4785 6
884 4730 1205 4801 βουλόμενος
1258 4732 1484 4802 ἑτέραν,
1536 4733 1629 4784 καὶ
1664 4732 1858 4803 ἑτέραν

284 4822 521 4893 θέλησιν,
559 4826 657 4875 καὶ
684 4822 967 4892 ἐνέργειαν
1005 4822 1301 4892 κηρύττειν
1331 4825 1429 4893 τῆς
1457 4822 1732 4892 θεότητος,
1763 4822 1858 4876 καὶ

283 4916 381 4987 τῆς
417 4914 840 4987 ἁνθρωπότητος
874 4915 966 4968 τοῦ
1002 4914 1260 4991 Χριστοῦ,
1291 4914 1385 4986 μὴ,
1416 4915 1491 4977 ὼς
1532 4915 1688 4985 ἔτυχε
1722 4914 1861 4967 κατά

283 5025 433 5071 τινας
472 5006 832 5070 ἀπαιδεύτους
876 5008 1286 5077 ἀθυροστόμως,
1326 5009 1419 5060 καὶ
1455 5008 1856 5071 ἀϐασανίστως.

287 5100 380 5153 καὶ
403 5100 778 5169 ἀναισχύντως
803 5098 1074 5168 κραςέτω,
1091 5098 1186 5150 δύο
1208 5098 1418 5166 φύσεις,
1441 5099 1534 5152 καὶ
1558 5099 1856 5169 θελήματα,

288 5191 382 5244 ναὶ
408 5190 501 5243 δύο
565 5189 803 5259 φυσικὰς
853 5190 1155 5259 ἐνεργείας.
1216 5189 1699 5243 Ἐυσκανδάλιστον
1748 5192 1859 5262 γάρ

288 5282 426 5343 ἐστι,
463 5282 560 5334 καὶ
615 5281 856 5351 μάλιστα
904 5283 1019 5345 τοῖς
1067 5281 1484 5353 ἁπλουστέροις,
1529 5281 1591 5334 τὸ
1637 5283 1859 5335 ἀκούειν

290 5374 380 5426 ἐπὶ
408 5373 644 5445 Χριστοῦ
671 5374 764 5426 δύο
790 5374 1041 5442 φυσικὰ,
1075 5375 1213 5439 τόδε,
1244 5375 1339 5427 καὶ
1367 5374 1505 5428 τόδε.
1544 5374 1702 5428 Ἀλλὰ
1723 5375 1861 5445 μετά

287 5465 379 5518 τοῦ
410 5464 559 5517 θείου
584 5464 771 5533 φόϐου,
807 5465 902 5517 καὶ
922 5465 1105 5534 πάσης
1147 5465 1431 5527 εὐλαϐείας
1472 5468 1586 5527 τοῖς
1630 5464 1861 5535 δυναμέ-

288 5572 401 5618 νοις
434 5557 655 5626 χωρεῖν,
710 5555 935 5622 λεγέτω.
993 5556 1087 5608 καὶ
1120 5556 1521 5625 ἀποκρινέσθω,
1560 5558 1653 5609 καὶ
1683 5557 1860 5626 ἑρμη-

289 5650 508 5713 νευέτω,
544 5648 629 5713 τὸ,
660 5647 713 5699 τί
756 5649 885 5707 νοεῖ,
913 5646 1008 5698 καὶ
1046 5647 1163 5708 πῶς
1206 5647 1317 5697 νοεῖ
1344 5648 1436 5699 ἐπὶ
1489 5647 1726 5716 Χριστοῦ
1763 5646 1860 5716 τὴν

292 5740 453 5809 φύσιν
473 5757 486 5771 ο
517 5739 664 5793 τοῦτ’
689 5737 805 5789 ἐστι
836 5736 896 5788 τὸ
927 5736 1126 5807 ἀληθὲς
1157 5738 1407 5807 πρᾶγμα.
1446 5738 1557 5791 Καὶ
1601 5738 1660 5788 ού
1698 5736 1860 5805 φύσιν

292 5832 687 5900 ὑτωστατικὴν,
718 5829 839 5900 ἦτοι
871 5827 1252 5897 προσωπικὴν,
1300 5827 1423 5881 οὔτε
1464 5828 1693 5896 φυτικὸν
1727 5843 1861 5896 σαρ-

530 5928 802 5988 ΡΑΤιιοι.
836 5924 951 5985 GR.
990 5922 1313 5984 LXXXIX.

1873 3288 1945 3299 ῳ

2023 477 2161 527 Ante
2200 472 2604 541 congressionis
2635 473 2845 527 initium
2882 488 3073 528 omnes
3100 474 3324 528 omnino
3352 454 3531 546 prava:

1950 569 2289 639 suspiciones
2314 574 2369 623 et
2401 567 2708 636 opiniones.
2743 580 2880 635 quas
2912 567 3256 621 adversarius
3281 567 3346 621 de
3375 570 3534 624 nobis

1948 660 2229 731 concepit,
2271 659 2637 722 detestandae,
2690 659 2932 729 dirisque
2976 658 3301 714 devovendac
3354 654 3532 719 sunt:

1948 763 2007 807 ut
2040 753 2085 807 si
2116 768 2239 807 cum
2269 753 2538 807 Arabibus
2574 752 2991 822 depugnandum
3026 752 3097 806 sit
3128 794 3142 816 ,
3200 753 3536 809 anathemati

1948 845 2307 916 subjiciamus
2365 861 2491 899 eum
2548 846 2641 915 qui
2675 846 2808 899 dicit
2851 862 2864 897 :
2903 845 3041 900 duos
3091 844 3244 911 deos,
3293 846 3377 900 vel
3408 862 3535 901 eum

1947 938 2040 1007 qui
2091 939 2249 993 docet
2318 937 2485 992 Deum
2526 938 2778 1007 genuisse
2823 936 3018 991 Filium
3060 954 3211 993 more
3265 941 3537 1010 modoque

1947 1030 2098 1083 carni
2133 1039 2438 1084 consueto:
2486 1030 2569 1082 vel
2610 1044 2765 1094 eum,
2814 1030 2905 1098 qui
2950 1029 3167 1092 adorat,
3222 1042 3280 1085 ut
3328 1030 3489 1086 deum
3516 1071 3533 1093 ,

1948 1122 2383 1192 qualemcunque
2407 1131 2708 1175 creaturam
2743 1123 2796 1175 in
2828 1123 2968 1178 coelo
3002 1132 3097 1177 aut
3133 1124 3185 1177 in
3211 1134 3372 1180 terra.
3409 1124 3534 1178 Pari

1952 1212 2118 1267 modo
2164 1222 2371 1267 caetera:
2410 1211 2681 1276 haereses,
2734 1228 3029 1283 omnesque
3071 1213 3223 1269 falsa:
3265 1216 3538 1286 Opinatio-

1948 1320 2068 1370 nes,
2097 1304 2298 1374 quibus
2338 1303 2404 1357 de
2454 1304 2614 1358 nobis
2660 1304 2849 1357 imbuti
2890 1314 3061 1371 sunt,
3121 1307 3271 1375 prius
3307 1310 3537 1363 anathe-

1948 1406 2092 1449 mate
2132 1395 2350 1464 percelli
2398 1394 2620 1450 debent.
2662 1382 2795 1448 Nam
2829 1412 2953 1449 cum
2988 1396 3090 1466 12
3130 1398 3243 1451 hzec
3264 1399 3493 1453 audiunt
3518 1437 3534 1463 ,

1947 1488 2179 1543 alacrius
2210 1488 2434 1558 reliquis
2465 1503 2626 1543 aures
2656 1490 2922 1557 praebent.

2017 1580 2174 1633 Omni
2233 1576 2625 1651 Monophysitae
2663 1580 2958 1650 praedicere
2991 1590 3234 1652 oportet,
3280 1600 3380 1639 nos
3427 1601 3536 1639 non

1947 1689 2013 1729 ex
2058 1673 2494 1729 ‘Chalcedonensi
2546 1674 2787 1746 synodo,
2846 1674 2937 1729 sed
2991 1692 3054 1729 ex
3098 1674 3391 1743 Patribus,
3440 1678 3535 1749 qui

1952 1768 2223 1840 synodum
2259 1776 2705 1831 antecesserunt,
2748 1778 2934 1821 contra
2986 1769 3106 1823 illos
3144 1785 3296 1824 arma
3349 1786 3536 1825 sume-

1884 1848 1927 1903 Β
1956 1875 2016 1915 re
2044 1874 2215 1930 :quos
2237 1868 2291 1914 et
2322 1875 2423 1915 nos
2453 1868 2507 1913 et
2527 1859 2603 1913 illi
2627 1860 2964 1915 orthodoxos
2992 1859 3163 1915 fuisse
3186 1858 3534 1917 conlitentur.

2027 1948 2457 2020 Monophysitam
2486 1950 2811 2018 prazmunire
2853 1950 3112 2005 debemus
3137 1990 3152 2016 ,
3207 1964 3261 2005 et
3323 1950 3538 2006 sincere

1956 2044 2244 2097 anathema
2274 2044 2597 2098 denuntiare
2623 2044 2879 2099 omnibus
2938 2044 3049 2099 illis
3096 2047 3187 2113 qui
3220 2062 3327 2101 non
3363 2046 3536 2101 conti-

1956 2142 2141 2189 tentur
2176 2134 2454 2189 Christum
2487 2126 2609 2191 esse
2637 2152 2829 2190 verum
2866 2135 3054 2191 Deum.
3109 2135 3221 2189 Hoc
3255 2135 3397 2190 facto
3438 2137 3536 2189 in-

1955 2227 2167 2281 duenda
2200 2236 2286 2282 est
2324 2243 2558 2297 persona
2598 2226 2793 2293 Judaﬁ,
2824 2229 2909 2283 vel
2955 2228 3105 2283 Pauli
3150 2229 3493 2284 Samosateni
3517 2267 3535 2294 ,

1955 2321 2417 2392 quaerendumque
2442 2338 2504 2377 ex
2540 2323 2654 2389 illo,
2688 2324 2831 2377 unde
2858 2323 3061 2391 liqueat
3112 2322 3389 2377 Christum
3415 2339 3538 2379 esse

1955 2412 2123 2466 Deum
2171 2413 2536 2481 altissimum;
2563 2415 3024 2485 quemadmodum
3060 2414 3187 2469 fecit
3211 2414 3536 2468 Ammonius

1955 2512 2145 2557 contra
2164 2503 2677 2573 llalicarnassmum,
2709 2522 2872 2576 quam
2887 2506 3180 2562 antithesin
3206 2508 3450 2560 invenies
3481 2506 3535 2560 in

1955 2604 2145 2665 quarta
2177 2605 2349 2664 parte.

2023 2686 2433 2742 Observandum
2465 2696 2569 2753 est,
2612 2686 3019 2758 Monophysitas
3070 2686 3186 2756 ipsa
3231 2686 3419 2742 calicis
3450 2685 3535 2741 sui

1955 2779 2234 2835 oblatione
2269 2781 2543 2851 redargui.
2585 2781 2785 2834 Purum
2816 2780 2962 2833 enim
2996 2795 3319 2847 merumque
3349 2779 3536 2832 vinum

1953 2866 2205 2933 olferunt,
2248 2870 2455 2940 absque
2506 2870 2833 2925 admistione
2898 2868 3071 2938 aquae.
3126 2867 3247 2934 Quo
3297 2868 3541 2924 indicant

1951 2959 2263 3026 Christum,
2318 2963 2385 3015 ab
2433 2963 2585 3016 omni
2640 2964 2886 3033 corporis
2950 2973 3005 3017 et
3059 2965 3254 3018 anima:
3312 2979 3539 3019 concre-

1954 3049 2102 3102 tione
2139 3050 2368 3105 Iiberum
2404 3092 2418 3112 .
2471 3067 2535 3105 ex
2598 3053 2709 3106 sola
2764 3054 3017 3123 nudaque
3069 3054 3354 3110 divinitate
3404 3072 3538 3110 con-

1882 3148 1925 3206 C
1958 3150 2128 3195 stare.

2415 3351 2595 3405 Brevis
2633 3352 2896 3420 expositio
2931 3352 3077 3418 ﬁdei.

2028 3437 2321 3493 Sciendum
2422 3442 2541 3495 sine
2595 3440 2845 3494 examine
2895 3450 2947 3495 et
2999 3440 3379 3509 disquisitione
3432 3457 3539 3498 non

1958 3530 2257 3598 quamlibet
2285 3546 2470 3586 vocem
2507 3531 2574 3586 ad
2605 3532 2857 3601 dogmata
2904 3532 3261 3600 pertinentem
3330 3533 3540 3602 ample-

1958 3623 2204 3677 ctendam
2234 3640 2377 3680 esse.
2410 3623 2554 3679 Fieri
2589 3624 2731 3679 enim
2765 3633 2944 3694 potest
3002 3634 3062 3679 ut
3095 3627 3218 3695 quis
3246 3626 3331 3695 pie
3360 3636 3412 3680 et
3441 3626 3539 3681 im.

1961 3715 2046 3783 pie
2086 3715 2223 3769 duas
2266 3716 2319 3769 in
2371 3714 2593 3772 Christo
2630 3726 2855 3771 naturas
2899 3726 3143 3783 asserat;
3188 3718 3441 3772 similiter
3486 3728 3542 3773 et

1959 3808 2096 3861 duas
2123 3807 2430 3863 voluntates
2453 3847 2469 3872 ,
2506 3817 2560 3863 et
2589 3809 2933 3878 Operationes
2953 3849 2969 3874 ,
3016 3817 3071 3863 et
3109 3810 3291 3863 omnia
3322 3811 3424 3865 alia
3471 3813 3541 3867 ad

1959 3896 2263 3962 doctrinam
2290 3896 2410 3951 ﬁdei
2441 3898 2761 3967 spectantia.
2798 3897 2921 3951 Pari
2950 3900 3143 3964 modo,
3170 3898 3263 3967 qui
3298 3899 3351 3953 in
3377 3900 3540 3955 Chri-

1958 3997 2044 4042 sto
2073 3991 2209 4043 duas
2247 3989 2529 4045 naturales
2559 3991 2917 4060 proprietates
2952 3998 3234 4055 statuunt,
3272 3992 3347 4046 illi
3380 3994 3541 4049 nobis

1958 4079 2227 4148 explicent
2285 4081 2444 4135 velim
2505 4082 2776 4151 quomodo
2844 4096 3030 4136 vocem
3084 4081 3231 4136 illam
3293 4086 3542 4139 naturale

1960 4171 2250 4240 accipiant.
2284 4170 2471 4226 Potest
2496 4173 2643 4227 enim
2681 4180 2735 4227 et
2770 4173 2940 4242 probe
2978 4182 3033 4228 et
3068 4172 3312 4242 improbe
3342 4174 3538 4243 accipi.

1962 4264 2167 4319 Dicitur
2199 4265 2343 4318 enim
2377 4265 2624 4320 naturale
2653 4264 2817 4320 etiam
2860 4265 2912 4319 id
2968 4265 3111 4334 quod
3140 4265 3199 4320 lit
3237 4266 3538 4321 secundum

1960 4370 2309 4411 communem
2341 4357 2790 4412 consuetudinem
2839 4372 3027 4412 eorum
3067 4357 3163 4427 qui
3217 4357 3351 4410 nihil
3390 4354 3538 4411 aliud

1962 4452 2091 4500 sunt
2130 4461 2293 4515 quam
2336 4445 2611 4511 homines;
2657 4445 2803 4516 quod
2833 4445 3084 4517 nequein
3115 4455 3329 4511 natura,
3362 4459 3540 4514 neque

1892 4546 1935 4600 ι)
1965 4536 2018 4590 ἰη
2053 4537 2419 4606 proprietate,
2465 4545 2627 4606 prout
2665 4538 2734 4592 de
2776 4537 2996 4593 Christo
3025 4537 3280 4591 dicuntur
3302 4575 3316 4601 ,
3358 4534 3537 4591 locum

1961 4626 2142 4681 habeL

2035 4717 2234 4771 Eodem
2282 4716 2481 4782 modo,
2528 4715 2620 4785 qui
2650 4714 2769 4770 vult
2798 4716 2962 4769 aliam
2998 4725 3052 4769 et
3083 4715 3249 4769 aliam
3287 4714 3538 4769 volunta-

1963 4817 2068 4863 tem
2112 4817 2167 4864 et
2213 4810 2586 4880 operationem
2622 4808 2923 4863 divinitatis
2971 4818 3026 4862 et
3080 4807 3440 4862 hmnanitatis
3479 4806 3536 4861 in

1958 4899 2178 4954 Christo
2208 4900 2501 4969 praedicare
2527 4916 2542 4964 ;
2578 4898 2625 4953 is
2648 4912 2777 4960 non,
2802 4909 2863 4951 ut
2899 4913 3018 4953 sors
3049 4898 3189 4963 fert,
3220 4894 3370 4954 more
3394 4913 3537 4969 quo-

1960 4990 2211 5044 rumdam
2254 4984 2670 5059 itnpéritorutn,
2715 4989 2866 5043 illoto
2912 5003 3042 5052 ore,
3089 4990 3449 5059 incogitanter
3481 4998 3537 5045 et

1962 5082 2303 5152 impudenter
2336 5080 2578 5135 clamitet
2604 5082 2742 5136 duas
2774 5089 2996 5136 naturas
3022 5089 3075 5135 et
3107 5082 3450 5148 voluntates;
3480 5090 3537 5137 et

1961 5175 2097 5229 duas
2130 5173 2405 5228 naturales
2432 5172 2807 5242 operationes;
2845 5188 2969 5227 nam
2997 5174 3137 5242 apud
3172 5173 3534 5243 simpliciores

1962 5266 2277 5322 scandalum
2319 5264 2578 5321 facillime
2616 5267 2863 5336 paritur,
2899 5282 3024 5320 cum
3054 5265 3284 5320 audiunt
3321 5266 3430 5320 duo
3477 5265 3534 5320 in

1960 5359 2179 5415 Christo
2218 5360 2438 5430 physica
2479 5375 2574 5415 seu
2623 5359 2930 5423 naturalia;
2983 5362 3087 5414 hoc
3131 5358 3389 5413 nimirum
3417 5398 3432 5424 ,
3481 5366 3537 5413 et

1962 5453 2138 5507 illud:
2178 5452 2271 5507 sed
2314 5452 2499 5507 divino
2536 5454 2729 5507 timore
2797 5454 3055 5522 omnique
3088 5451 3386 5507 reverentia
3424 5450 3537 5520 ple-

1962 5560 2085 5611 nus,
2125 5545 2227 5610 his,
2269 5545 2364 5615 qui
2392 5561 2619 5616 capaces
2653 5555 2800 5610 sunt,
2828 5546 3142 5617 mysterium
3172 5545 3277 5600 hoc
3312 5545 3533 5614 pandat,

1964 5648 2292 5708 ragatusque
2323 5624 2694 5707 respondeat,
2739 5647 2794 5692 et
2824 5639 3095 5706 explicet,
3143 5638 3273 5707 quid
3314 5636 3536 5689 nomine

1964 5742 2208 5795 naturae;
2249 5741 2303 5784 et
2327 5732 2603 5800 quomodo
2634 5740 2843 5786 natura:
2874 5732 3197 5786 vocabulum
3235 5729 3286 5783 in
3315 5729 3538 5782 Christo

1963 5823 2228 5895 accipiat;
2261 5825 2507 5880 videlicet
2557 5840 2654 5895 pro
2700 5826 2816 5895 ipsa
2853 5826 2931 5880 rei
2976 5825 3231 5887 veritate,
3278 5837 3382 5876 non
3436 5832 3536 5889 pro

3183 5915 3219 5977 2
