4028 6546
581 302 654 368 l3
1767 304 1834 365 S.
1879 295 2277 362 ANASTASII
2319 292 2645 356 SINAITIE

3771 281 3867 346 44

586 422 778 467 natura
805 425 926 481 qua:
959 409 1032 466 sit
1063 409 1374 482 hyposlasis
1415 421 1508 468 aut
1547 428 1812 484 persona,
1853 429 2030 484 neque
2071 427 2167 483 pro

2275 409 2369 472 κδς
2397 409 2586 478 μόριον
2607 421 2622 437 ⁸
2653 404 2791 459 ἀλλά
2811 403 2904 456 δύο
2927 402 3181 473 ἡνωμένα
3205 399 3325 455 καθ’
3352 399 3647 453 ὑπόστασιν
3671 397 3876 468 ἁληθῆ

586 503 823 559 naturali
869 502 1053 557 carnis
1098 503 1359 571 particula
1401 523 1416 570 ;
1478 509 1571 561 sed
1623 521 1720 574 pro
1773 505 1982 561 duabus
2025 505 2169 559 veris

584 598 746 652 rebus
770 611 876 650 una
909 595 965 648 in
1000 595 1274 665 hypostasi
1317 596 1483 651 nnitis
1519 637 1534 662 ,
1589 597 1691 652 hoc
1737 606 1857 661 est,
1903 612 2003 666 pro
2042 612 2166 666 per-

587 689 726 744 fecta
771 689 1008 751 deitate,
1053 699 1107 742 et
1149 687 1385 757 perfecta
1437 691 1811 755 humanitate,
1847 689 2164 754 inconfuse,

587 783 1031 840 immutabiliter.
1087 791 1141 836 et
1184 782 1616 848 indivisibiliter,
1669 784 1720 837 in
1774 799 1881 838 una
1937 797 2166 853 persona

579 877 788 931 Christi
852 875 1163 945 copulatis:
1231 891 1335 929 una
1399 876 1544 930 enim
1595 891 1826 946 persona
1879 877 2164 941 Christus,

586 984 806 1040 unaque
848 968 1176 1038 hypostasis.
1965 1040 1969 1044 _

659 1061 760 1131 13
801 1059 1064 1115 Similiter
1095 1075 1292 1114 moneo
1349 1072 1407 1115 ut
1432 1062 1650 1117 auditor
1676 1064 1842 1118 etiam
1872 1062 1940 1117 de
1976 1063 2171 1116 volun-

587 1154 787 1209 tatibus
824 1152 1237 1222 prtemuniatur,
1292 1170 1356 1208 ac
1397 1155 1626 1224 proinde
1671 1156 1841 1211 dicito
1885 1174 1898 1209 :
1935 1171 2035 1210 nos
2066 1155 2170 1209 mi-

587 1247 734 1299 nime
763 1243 1052 1310 aliirmare,
1090 1247 1144 1299 in
1175 1247 1394 1302 Christo
1422 1248 1557 1302 duas
1579 1249 1887 1303 voluntates
1915 1248 2018 1302 sibi
2046 1264 2168 1302 mu-

587 1349 701 1399 tuo,
751 1344 810 1389 ut
842 1336 1192 1392 adversarius
1238 1323 1532 1405 existimat,
1570 1349 1932 1412 repugnantes
1973 1350 2030 1395 et
2074 1341 2168 1395 ad-

584 1437 905 1488 versantes;
959 1440 1132 1494 neqne
1164 1427 1500 1484 voluntatem
1529 1431 1678 1484 carni
1712 1432 2004 1502 pravisque
2033 1431 2166 1486 aﬂ'e-

586 1517 860 1572 ctionibus
889 1528 942 1571 et
972 1518 1362 1586 cupiditatibus
1389 1521 1714 1588 obnoxiam;
1762 1523 1866 1577 hoc
1893 1525 2038 1578 enim
2071 1540 2169 1580 ne-

585 1627 692 1680 que
721 1611 994 1666 daemones
1027 1611 1093 1665 de
1121 1611 1341 1667 Christo
1376 1627 1626 1668 asserere
1659 1614 1873 1681 ausint;
1911 1617 2003 1672 sed
2041 1634 2164 1672 cum

587 1702 885 1772 perfectum
931 1699 1207 1756 hominem
1253 1707 1635 1774 assumpserit,
1689 1715 1748 1760 ut
1784 1716 1954 1762 totum
1988 1711 2167 1763 salva-

2272 501 2596 570 πράγματα,
2629 498 2774 550 τοῦτ’
2802 498 2941 558 ἔστι,
2974 496 3182 548 τελείαν
3209 494 3460 563 θεότητα,
3506 493 3599 545 xui.
3635 491 3877 542 τελείαν

2269 592 2685 663 ἀνθρωπότητα,
2727 589 3069 658 ἀσυγχύτως,
3101 588 3408 656 ἀτρέπτως,
3434 583 3757 651 ἀδιαιρετως
3803 583 3877 632 ἐν

2270 685 2349 736 ἐνὶ
2378 683 2654 754 προσώπῳ
2683 681 2941 751 Χριστοῦ.
2970 681 3066 733 Ἓν
3093 679 3200 750 γὰρ
3225 678 3514 748 πρόσωπον
3533 679 3560 727 6
3591 673 3874 745 Χριστὸς,

2272 777 2372 846 μία
2396 776 2452 829 δὲ
2487 777 2803 838 ὑπόστασις.

2350 1043 2583 1113 Ὁμοίως
2612 1040 2916 1111 παρακαλῶ
2944 1036 3040 1090 xui.
3068 1034 3196 1106 περὶ
3222 1033 3542 1104 Θελημάτων
3565 1046 3874 1101 προασφα-

2269 1137 2512 1204 λίξεσθαι
2563 1135 2655 1188 τὸν
2707 1130 3003 1203 ἀκροατὴν,
3059 1129 3154 1182 xui.
3206 1126 3385 1193 λέγειν
3433 1121 3601 1192 αὐτῷ,
3649 1123 3729 1173 ὅτι
3773 1119 3868 1172 Οὐ

2246 1232 2432 1300 ’λέγω,
2471 1227 2548 1300 μὴ
2577 1228 2807 1297 γένοιτο,
2838 1225 2897 1276 ἐν
2928 1220 3148 1293 Χριστῷ
3178 1219 3271 1272 δύο
3312 1216 3610 1286 Θελὴματα,
3658 1212 3871 1280 ῶσπερ

2270 1326 2334 1378 σὺ
2369 1323 2613 1394 νομίζεις
2665 1320 2880 1379 ἑαυτοῖς
2933 1315 3238 1387 μαχόμενα,
3290 1311 3385 1365 καὶ
3434 1305 3863 1376 ἐναντιούμενα.

2269 1417 2404 1470 Οὑδέ
2439 1416 2576 1478 ὅλως
2600 1412 2810 1481 θέλημα
2839 1408 3122 1481 σαρκικὸν,
3151 1407 3185 1477 ἢ
3217 1403 3482 1475 ἐμπαθὲς,
3517 1401 3549 1472 ἢ
3579 1398 3826 1468 πονηρόν
3847 1416 3861 1426 ·

2266 1508 2426 1562 τοῦτο
2481 1507 2588 1578 γὰρ
2636 1505 2756 1558 οὐδὲ
2802 1505 2850 1556 οἱ
2900 1502 3154 1571 δαίμονες
3208 1495 3482 1566 τολμῶσιν
3533 1495 3708 1546 εἰπεῖν
3757 1491 3867 1543 ἐπὶ

2267 1601 2527 1675 Χριστοῦ.
2565 1598 2705 1652 Ἀλλ’
2734 1594 2921 1665 ἐπειδὴ
2948 1594 3151 1650 τέλειον
3182 1591 3270 1643 τὸν
3313 1589 3596 1659 ἄνθρωπον
3634 1584 3862 1644 ἐλαϐεν,

2269 1696 2334 1750 ἵν’
2376 1694 2495 1746 ὅλον
2546 1692 2722 1762 σώσῃ,
2771 1689 2864 1742 καὶ
2897 1685 3099 1748 τέλειός
3145 1684 3292 1734 ἐστιν
3337 1682 3394 1732 ἐν
3443 1676 3858 1747 ἁνθρωπότητι,

587 1806 688 1858 ret,
717 1793 989 1864 perfectus
1012 1804 1066 1849 et
1089 1795 1204 1865 ipse
1233 1796 1396 1852 homo
1421 1807 1503 1853 est
1533 1798 1586 1852 in
1616 1799 1972 1856 humanitate.
1998 1800 2167 1872 Cujus

2271 1786 2461 1841 τούτου
2484 1787 2640 1857 χάριν
2671 1782 2882 1850 Θέλημα
2911 1780 3008 1850 μὲν
3039 1778 3180 1830 Θεῖον
3210 1775 3440 1843 λέγομεν
3466 1771 3559 1823 ἐπὶ
3582 1767 3859 1870 Χριστοῦ,

586 1889 756 1959 gratia
789 1889 1029 1944 divinam
1079 1889 1296 1960 quidem
1342 1889 1678 1944 voluntatem
1732 1891 1786 1944 in
1818 1891 2039 1946 Christo
2069 1908 2165 1962 ap-

582 1983 848 2050 pellamus
879 1982 986 2035 vim
1013 1989 1066 2036 et
1094 1981 1376 2035 arbitrium
1407 1979 1561 2042 illud,
1590 1996 1699 2049 quo
1728 1981 1875 2034 velut
1905 1980 2167 2036 Dominus

600 2076 853 2127 mandata
883 2074 975 2127 dat
1003 2083 1056 2127 et
1085 2081 1349 2142 prmeepta
1383 2072 1533 2143 ﬁgit;
1586 2089 1680 2142 per
1712 2073 2006 2127 humanam
2039 2089 2168 2128 vero

596 2165 930 2218 voluntatem
960 2165 1010 2217 in
1031 2164 1268 2228 Christo,
1285 2164 1418 2217 nihil
1435 2164 1973 2236 aliudintelligimus;
2003 2181 2166 2235 quam

587 2257 798 2309 volendi
822 2255 1274 2324 l'acultatem,qua
1291 2256 1470 2309 anima
1499 2256 1726 2311 rationis
1761 2257 2026 2326 particeps
2043 2259 2158 2326 pol-

583 2349 702 2414 let;
728 2363 999 2417 quemque
1035 2348 1332 2403 secundum
1362 2348 1648 2419 imaginem
1686 2359 1738 2404 et
1758 2351 2164 2407 similitudinem

593 2439 708 2504 Dei,
739 2440 839 2494 sibi
864 2456 894 2494 a
924 2439 1030 2494 Deo
1054 2454 1367 2495 concessam
1393 2449 1446 2495 ct
1473 2441 1812 2511 inspiratam,
1846 2445 1949 2497 sub
1987 2446 2164 2513 ipsum

590 2530 886 2585 creationis
915 2546 1027 2586 sua:
1061 2539 1416 2594 momentum,
1449 2533 1692 2600 possidet
1722 2548 1787 2588 eo
1824 2533 1951 2598 ﬁne,
1993 2545 2052 2589 ut
2074 2551 2169 2606 per

590 2621 732 2675 hanc
779 2622 951 2692 ipsam
981 2622 1191 2676 volcndi
1220 2633 1273 2676 et
1301 2623 1709 2692 obtemperandi
1742 2625 2036 2694 potentiam
2085 2628 2168 2681 di~

590 2713 770 2766 vinam
824 2713 1151 2768 voluntatem
1209 2713 1500 2782 divinaque
1547 2715 1800 2769 mandata
1852 2717 2066 2786 expleat
2113 2727 2169 2773 et

587 2803 856 2874 perﬁciat.
903 2803 1053 2870 Quod
1087 2805 1130 2858 si
1179 2803 1360 2858 anima
1387 2802 1592 2859 Christi
1627 2805 1879 2860 rationali
1912 2806 2170 2864 facultate

593 2896 914 2966 volendique
945 2905 1211 2966 potestate
1239 2897 1448 2966 privata
1481 2907 1598 2964 est,
1643 2898 1890 2968 sequitur
1918 2916 2038 2954 eam
2069 2917 2168 2957 ne-

596 3001 703 3057 que
735 2987 800 3040 ad
832 2986 1237 3040 similitudinem
1269 2986 1358 3041 Dei
1390 2988 1690 3052 conditam,
1717 3004 1892 3060 neque
1923 2991 2166 3061 ejusdem

601 3092 726 3132 cum
758 3078 1044 3132 animabus
1077 3079 1278 3133 nostris
1311 3079 1629 3134 substantiae
1649 3095 1802 3146 esse;
1839 3085 1935 3136 sed
1963 3098 2030 3137 ex
2063 3100 2167 3138 nu-

2267 1883 2366 1952 τὴν
2400 1878 2733 1946 Δεσποτικὴν
2761 1875 2870 1926 τῶν
2907 1867 3345 1942 προσταγμάτων
3384 1862 3570 1928 αὐτοῦ,
3612 1861 3707 1914 xui.
3738 1857 3864 1913 τῶν

2267 1974 2498 2028 ἐντολῶν
2528 1969 2844 2041 ἐπιτροπὴν,
2875 1966 3087 2035 Θέλημα
3116 1962 3171 2016 δὲ
3199 1959 3537 2031 ἀνθρώπινον
3565 1955 3728 2008 πάλιν
3760 1954 3860 2005 ἐπ’

2267 2067 2431 2122 αὑτοῦ
2460 2065 2690 2134 νοοῦμεν
2714 2063 2810 2131 τὴν
2839 2058 3126 2130 Θελητικὴν
3149 2056 3250 2126 τῆς
3278 2053 3470 2120 νοερᾶς
3497 2049 3673 2119 ψυχῆς
3697 2046 3862 2098 δύνα-

2271 2179 2386 2231 μιν,
2425 2159 2525 2228 τὴν
2551 2157 2673 2210 κατ’
2707 2154 2912 2217 εἰκόνα,
2955 2149 3048 2203 xu‘.
3091 2147 3350 2218 ὁμοίωσιν
3399 2140 3533 2193 Θεοῦ
3579 2140 3717 2208 αὐτῇ
3759 2137 3858 2189 δο-

2269 2253 2473 2316 θεῖσαν,
2493 2251 2587 2302 καὶ
2610 2244 3090 2318 ἐμπνευι“σ]6εῖσαν
3118 2240 3223 2294 ὑπὸ
3242 2236 3402 2300 Θεοῦ,
3421 2234 3580 2305 ἡνίκα
3600 2231 3853 2299 γέγονεν.

2269 2347 2348 2407 είς
2376 2343 2435 2397 τὸ
2471 2342 2536 2395 δι’
2566 2340 2739 2408 αὐτῆς
2765 2337 3070 2406 δυνάμεως,
3108 2329 3418 2402 βούλεσθαι,
3466 2326 3560 2379 xui.
3601 2321 3856 2375 ὑπακοῦ-

2269 2455 2370 2501 ειν,
2419 2435 2516 2488 xui.
2558 2433 2732 2487 ποιεῖν
2759 2430 2820 2482 τὸ
2851 2428 2993 2481 θεῖον
3026 2425 3259 2494 Θέλημα,
3305 2421 3397 2473 καὶ
3422 2418 3490 2471 τὰ
3525 2417 3644 2469 Θεῖα
3672 2430 3854 2483 προσ-

2266 2530 2545 2598 τάγματα.
2603 2526 2667 2578 Εί
2709 2525 2765 2577 δὲ
2798 2523 3087 2591 ἐπέρηται
3120 2519 3154 2588 ἡ
3182 2515 3276 2569 τοῦ
3305 2509 3541 2584 Χριστοῦ
3570 2508 3719 2578 ψυχὴ
3750 2509 3856 2577 τῆς

2267 2620 2518 2689 λογικῆς,
2554 2619 2648 2671 καὶ
2680 2613 2986 2686 θελητικῆς,
3022 2609 3118 2663 xui.
3153 2603 3503 2678 βουλευτικῆς
3543 2599 3852 2668 δυνάμεως,

2268 2712 2438 2776 ὅντως
2471 2708 2597 2764 οὔτε
2627 2709 2748 2761 κατ’
2783 2705 2971 2759 εἰκόνα
3000 2700 3138 2755 Θεοῦ
3181 2702 3326 2752 ἐστιν
3357 2696 3480 2749 οὔτε
3513 2694 3620 2764 μὴν
3645 2689 3854 2760 ὁμοού-

2269 2821 2384 2867 σιος
2414 2803 2524 2856 τῶν
2551 2800 2833 2872 ἡμετέρων
2864 2795 3052 2868 ψυχῶν
3081 2792 3339 2862 ὑπάρχει.
3381 2787 3543 2841 Ἀλλὰ
3585 2783 3691 2836 τῶν
3720 2782 3856 2836 ἀθε-

2267 2896 2396 2961 λῶν,
2423 2894 2519 2948 καὶ
2548 2889 2911 2954 ἁδουλεύτων,
2935 2886 3030 2940 καὶ
3059 2885 3297 2952 ἁσόφων,
3331 2881 3426 2934 xui.
3459 2875 3857 2943 ἁδιαλογίστων

2268 2990 2479 3059 ἀλόγων
2509 2985 2717 3056 ψυχῶν.
2749 2985 2858 3037 Καὶ
2884 2982 2983 3034 οὐκ
3013 2979 3090 3032 ἐτι
3125 2976 3308 3030 λοιπὸν
3326 2977 3354 3027 6
3379 2971 3611 3043 Χριστὸς
3639 2967 3855 3028 τέλειος

2268 3086 2326 3138 ἐν
2354 3080 2735 3154 ἀνθρωπότητι
2763 3076 2986 3130 δύναται
3013 3069 3289 3140 λέγεσθαι.

596 3186 748 3226 mero
799 3169 1012 3226 illarum
1065 3172 1188 3236 erit,
1238 3188 1358 3243 qua:
1402 3175 1616 3230 volendi
1671 3179 1921 3245 potentia:
1959 3194 2182 3248 prorsus
2255 3189 2385 3235 sunt
2417 3185 2699 3249 expertes,
2763 3174 3024 3241 omnique
3074 3165 3336 3238 sapientia
3381 3173 3436 3218 ει
3484 3156 3853 3217 ratiocinandi

595 3269 792 3323 virtute
819 3277 1026 3323 carent.
1067 3267 1178 3323 Nec
1204 3269 1270 3323 de
1304 3278 1499 3324 caetero
1532 3271 1729 3340 poterit
1758 3271 2009 3329 Christus
2057 3274 2330 3345 perlectus
2365 3276 2420 3330 in
2457 3272 2790 3329 humanitate
2823 3267 3029 3324 vocari.

665 3380 830 3452 Igitur
857 3379 1132 3446 Christus,
1181 3381 1275 3451 qui
1308 3382 1360 3436 in
1399 3381 1574 3437 l'orma
1604 3382 1698 3439 Dei
1728 3394 1831 3450 est,
1879 3386 2042 3440 habet
2079 3401 2167 3441 se-

2340 3385 2550 3441 Οὐκοῦν
2597 3385 2710 3456 ἔχει
2752 3384 2782 3436 ὁ
2815 3379 3052 3452 Χριστὸς
3085 3378 3144 3432 ἐν
3193 3377 3372 3448 μορερῇ
3413 3370 3548 3426 Θεοῦ
3584 3368 3856 3440 ὑπάρχων

597 3475 834 3529 cundum
868 3474 1103 3528 divinam
1129 3483 1376 3528 naturam
1407 3476 1745 3532 voluntatem
1777 3494 2033 3546 supremo
2060 3479 2166 3535 Do-

2271 3480 2411 3534 κατὰ
2458 3478 2556 3551 τὴν
2609 3477 2875 3548 θεότητα,
2923 3473 3137 3544 θέλημα
3163 3465 3516 3528 Δεσποτικὸν,
3555 3465 3691 3533 ὅπερ
3717 3463 3846 3514 ἐστὶ

600 3568 748 3622 mino
776 3575 1236 3632 consentaneam;
1269 3582 1613 3624 communem
1643 3586 1763 3625 cum
1794 3571 1952 3626 Patre
1976 3582 2029 3627 et
2052 3574 2167 3642 ipso

2271 3573 2445 3626 κοινὸν
2475 3571 2707 3642 [ἰατρὸς.
2738 3568 2834 3622 καὶ
2860 3565 3024 3620 αὑτοῦ
3052 3563 3146 3618 τοῦ
3179 3563 3334 3630 ἁγίου
3364 3558 3700 3628 Πνεύματος·
3729 3552 3850 3622 ἔχει

599 3669 790 3716 sancto
822 3657 1049 3728 Spiritu.
1085 3657 1258 3714 Habet
1288 3660 1471 3715 itidem
1513 3661 1566 3714 in
1605 3660 1781 3716 forma
1811 3666 1974 3729 servi,
2004 3681 2166 3734 quam

2271 3665 2324 3719 δὲ
2354 3665 2428 3728 ὡς
2461 3664 2672 3735 μορφὴν
2700 3662 2885 3714 δούλου
2914 3647 3095 3712 λαϐὼν
3115 3698 3130 3722 ,
3161 3658 3257 3709 xui.
3280 3655 3340 3707 τὸ
3365 3653 3576 3722 Θέλημα
3603 3651 3701 3719 τῆς
3731 3664 3856 3698 νοε-

601 3754 796 3816 induit,
834 3754 1164 3806 voluntatem
1193 3771 1207 3815 ;
1261 3753 1614 3808 intellectuali
1645 3756 1786 3824 ejus,
1819 3766 1874 3811 et
1903 3757 2167 3812 immacu-

2271 3760 2390 3829 ρᾶς,
2424 3758 2519 3810 xui.
2546 3757 2812 3827 ἀχράντου
2845 3751 3011 3807 αὑτοῦ
3038 3750 3238 3821 ψυχῆς,
3269 3748 3331 3800 τὸ
3364 3745 3484 3799 κατ’
3513 3743 3716 3802 εἰκόνα,
3748 3743 3854 3794 καὶ

601 3847 722 3901 latae
750 3846 946 3900 anima:
987 3854 1416 3914 competentem;
1467 3847 1741 3902 conditam
1773 3849 1841 3903 ad
1877 3850 2167 3921 imaginem

2271 3851 2527 3922 ὁμοίωσιν
2547 3847 2702 3913 Θεοῦ,
2729 3846 2902 3916 ἐκπλη
2912 3844 3104 3916 ροῦντα
3125 3842 3181 3895 τὸ
3204 3840 3412 3909 θέλημα
3433 3837 3526 3890 τοῦ
3549 3833 3850 3888 Δεσπότουο

601 3946 656 3990 et
688 3933 1098 3990 similitudinem
1131 3933 1255 3998 Dei;
1305 3950 1533 4004 quazque
1575 3937 1906 3993 voluntatem
1956 3938 2167 3994 Domini

2271 3946 2320 3997 εί
2369 3943 2426 3995 δὲ
2473 3941 2779 4010 ἀναιρεῖται
2824 3939 2885 3990 τὸ
2925 3937 3138 4006 θέλημα
3171 3935 3273 4004 τῆς
3313 3932 3472 4000 ἁγίας
3509 3931 3604 3983 καὶ
3651 3933 3854 3998 νοερᾶς

601 4027 937 4098 exsequitur.
967 4026 1021 4080 Si
1047 4041 1174 4097 ergo
1193 4027 1400 4080 tollitur
1423 4027 1672 4084 voluntas
1701 4044 1764 4084 ex
1799 4040 1982 4086 sancta
2011 4041 2064 4088 et
2086 4035 2167 4087 in-

2272 4036 2434 4090 αὑτοῦ
2460 4035 2654 4105 ψυχῆς,
2678 4032 3031 4103 εὑρεθήσεται
3058 4028 3200 4082 κατὰ
3220 4027 3318 4099 τὴν
3345 4026 3570 4096 θεότητα
3588 4023 3854 4085 δουλικῶς

600 4119 892 4176 tellectuali
922 4119 1102 4173 anima
1129 4117 1352 4183 Christi,
1382 4134 1604 4176 necesse
1629 4121 1752 4189 erit,
1787 4131 1846 4175 ut
1873 4123 2167 4178 secundum

2273 4129 2650 4199 ὑποκείμενος,
2703 4128 2800 4180 καὶ
2850 4125 3072 4196 πληρῶν
3115 4122 3175 4175 τὸ
3221 4121 3432 4190 θέλημα
3478 4118 3571 4171 τοῦ
3612 4117 3851 4186 Πατρός.

602 4211 962 4274 divinitatem,
997 4209 1137 4288 servi
1169 4209 1360 4276 instar,
1395 4211 1719 4280 subjiciatur
1751 4211 1917 4278 Patri,
1965 4213 2167 4269 Patris-

2273 4221 2459 4292 Οὕτως
2500 4220 2608 4292 γὰρ
2647 4221 2675 4273 ὁ
2713 4220 2950 4288 Ἀρειος,
2997 4217 3092 4269 xui.
3133 4214 3394 4284 Διόδωρος
3428 4213 3852 4280 ἐδυσφήμησαν,

601 4319 708 4373 que
742 4285 1075 4356 voluntatem
1107 4301 1349 4370 impleat.
1383 4300 1475 4356 Sic
1513 4304 1658 4357 enim
1688 4303 1852 4359 Arius
1880 4313 1934 4358 et
1975 4305 2167 4360 Diodo-

2271 4285 2386 4367 δύο.
2410 4285 2690 4382 Θελὴματα
2723 4285 2973 4376 λέγοντες
3007 4306 3148 4361 κατὰ
3192 4305 3290 4377 τὴν
3327 4304 3557 4372 Θεότητα
3613 4301 3704 4354 ἐπὶ
3751 4302 3854 4354 τοῦ

602 4411 697 4450 rus
747 4392 1210 4463 blasphemarunt,
1260 4393 1396 4448 duas
1450 4394 1759 4448 voluntates
1812 4395 1865 4450 in
1916 4395 2076 4452 Patre
2115 4407 2167 4453 et

2274 4404 2506 4474 Πατρὸς,
2543 4405 2638 4456 xui.
2665 4401 2759 4455 τοῦ
2789 4401 2919 4456 Υίοῦ
2942 4415 2956 4429 ·
2990 4401 3050 4452 τὸ
3086 4400 3183 4469 μὲν
3214 4399 3310 4450 τοῦ
3344 4397 3555 4466 Πατρὸς
3590 4398 3858 4447 Δεσποτι-

602 4488 740 4542 Filio
765 4486 1066 4542 secundum
1101 4484 1436 4538 divinitatem
1479 4487 1877 4542 constituentes
1906 4507 1918 4542 :
1947 4489 2167 4544 alteram

2274 4497 2367 4549 κόν
2393 4513 2406 4526 ο
2443 4498 2503 4549 τὸ
2533 4496 2592 4548 δέ
2631 4495 2724 4548 τοῦ
2756 4493 2885 4547 Υίοῦ
2922 4493 3187 4546 δουλικόν.
3221 4491 3331 4546 Καὶ
3361 4491 3448 4542 διὰ
3475 4489 3634 4542 τοῦτο
3673 4486 3854 4553 λέγει,

603 4581 782 4635 Patris
834 4591 1093 4649 tanquam
1144 4577 1398 4640 Domini,
1458 4577 1682 4633 alteram
1744 4580 1866 4635 Filii
1915 4592 2167 4654 tanquam

2274 4594 2462 4660 φησιν,
2512 4592 2541 4643 6
2584 4590 2734 4655 Υἱὸς,
2768 4587 2842 4648 ὼς
2868 4586 3051 4649 δοῦλος
3093 4587 3231 4656 πρὸς
3270 4583 3576 4652 Δεσπότην·
3623 4599 3640 4628 ι
3669 4579 3758 4648 Μὴ
3787 4579 3857 4631 τὸ

603 4675 768 4728 servi.
801 4673 939 4728 Hinc
964 4673 1118 4727 aiunt
1148 4671 1280 4726 illud
1327 4672 1599 4727 dicturum
1633 4673 1830 4728 Filium
1861 4675 1927 4729 ad
1956 4674 2167 4730 Patrem

2275 4684 2405 4754 ἐμὸν
2434 4684 2644 4755 θέλημα
2670 4683 2909 4753 γενέσθω
2937 4681 3149 4751 Πατὴρ,
3181 4679 3316 4732 ἀλλὰ
3341 4677 3402 4730 τὸ
3427 4679 3538 4730 σόν,
3571 4695 3589 4727 ι
3627 4674 3735 4726 Καὶ
3765 4674 3856 4726 ὅτι

603 4781 743 4830 esse,
775 4766 923 4821 velut
961 4765 1103 4820 servi
1137 4764 1203 4818 ad
1250 4762 1540 4818 Dominum
1579 4787 1590 4820 :
1633 4784 1651 4817 ι
1682 4763 1798 4821 Non
1831 4783 1947 4821 mea
1975 4769 2167 4822 volun-

2280 4797 2299 4829 t
2341 4777 2418 4832 Οὐ
2449 4778 2598 4848 ζητῶ
2625 4778 2684 4830 τὺ
2712 4776 2924 4847 θέλημα
2963 4777 3025 4829 τὸ
3055 4775 3204 4845 ἐμὸν,
3242 4768 3381 4826 ἀλλὰ
3408 4771 3502 4825 τοῦ
3548 4767 3782 4840 Πατρός.
3826 4786 3849 4818 ι

604 4870 686 4914 tas
716 4858 830 4927 ﬁat,
857 4855 1038 4922 Pater,
1074 4855 1168 4910 sed
1200 4865 1290 4910 tua
1305 4855 1348 4910 ⁸.
1385 4873 1404 4908 ι
1443 4855 1509 4910 Ει
1536 4874 1549 4911 :
1591 4856 1735 4912 «Non
1766 4874 1950 4927 quam)
1980 4861 2170 4916 volun-

603 4960 999 5024 tatemmeam,
1035 4948 1129 5002 sed
1159 4945 1391 5002 Patris".
1423 4966 1441 4998 ›
1473 4945 1600 5002 ﬂare
1629 4949 1888 5004 Ineretici.

673 5046 740 5098 At
762 5044 933 5097 sancti
966 5041 1151 5097 Patres
1182 5041 1294 5096 haec
1326 5042 1626 5096 secundum
1651 5043 1942 5098 humanam
1965 5045 2167 5101 Christi

2349 5045 2538 5101 Ταῦτα
2605 5046 2787 5100 τοίνυν
2861 5044 2968 5098 τῶν
3044 5043 3338 5113 αἱρετικῶν
3414 5039 3714 5108 λεγόντων,
3797 5045 3853 5095 οἱ

604 5147 852 5192 naturam
886 5136 1224 5206 interpretati
1274 5145 1423 5192 sunt.
1479 5137 1537 5191 Si
1572 5151 1701 5191 vero
1750 5139 1932 5193 anima
1964 5138 2168 5194 Christi

605 5227 930 5283 intellectiva
988 5228 1266 5282 voluntate
1308 5228 1518 5291 caruit,
1570 5228 1918 5284 manifestum
1965 5231 2166 5295 evadit,

603 5319 749 5389 quod
785 5320 1159 5382 involuntarie,
1193 5319 1366 5373 instar
1400 5319 1499 5385 rei,
1553 5335 1675 5390 quae
1708 5321 1916 5375 ratione
1949 5321 2170 5389 pra:dita

607 5426 713 5465 non
755 5419 856 5475 est,
889 5411 1073 5465 divino
1105 5409 1280 5464 Verbo
1333 5411 1576 5480 subjecta
1628 5412 1814 5467 fuerit.
1867 5411 1970 5468 Sed
2002 5428 2171 5484 apage

607 5501 726 5554 ista.
763 5501 898 5555 Nam
933 5503 978 5555 si
1025 5502 1321 5557 secundum
1353 5503 1690 5560 divinitatem
1720 5503 1993 5575 perfectus
2025 5503 2169 5574 fuit;

674 5706 696 5736 δ
721 5703 858 5760 Luc.
899 5720 1032 5772 uti,
1059 5706 1148 5764 42.
1224 5707 1245 5739 ⁸
1272 5705 1432 5764 Joan.
1462 5722 1516 5775 ν,
1550 5706 1641 5763 30.

2277 5138 2422 5207 ἆγιοι
2479 5137 2637 5207 ἡμῶν
2707 5137 2988 5208 Πατέρες,
3054 5135 3257 5206 μᾶλλον
3299 5134 3445 5186 κατὰ
3511 5133 3572 5185 τὸ
3633 5133 3855 5202 ἀνθρώ-

2277 5248 2429 5284 πινον
2452 5230 2544 5283 τοῦ
2570 5229 2774 5300 Κυρίου
2803 5228 2974 5282 ταῦτα
3003 5229 3374 5297 ἡρμήνευσαν.
3406 5226 3467 5277 Εἰ
3496 5225 3550 5278 δέ
3575 5226 3856 5294 ἐστερεῖτο

2276 5325 2376 5392 τῆς
2402 5325 2591 5394 νοερᾶς
2621 5322 2891 5392 Θελήσεως
2921 5323 2952 5390 ἡ
3001 5321 3092 5374 τοῦ
3134 5321 3339 5389 Κυρίου
3372 5319 3539 5389 ψυχὴ,
3581 5317 3854 5389 πρόδηλον

2276 5417 2479 5481 λοιπὸν,
2529 5415 2610 5467 ὃτι
2644 5415 2912 5476 ἀκουσίως
2962 5414 3116 5483 δίκην
3145 5412 3343 5479 ἀλόγου
3393 5410 3721 5463 ὑπετὰττετο
3770 5410 3857 5480 τῷ

2278 5510 2397 5581 Θεῷ
2423 5509 2602 5578 Λόγῳ.
2647 5507 2804 5561 Ἀλλά
2839 5507 2914 5576 μὴ
2945 5505 3170 5572 γένοιτο.
3220 5505 3279 5556 Ei
3327 5502 3434 5573 γὰρ
3464 5502 3666 5564 τέλειός
3699 5501 3855 5556 ἐστιν
