4120 6558
233 332 306 395 45
1668 334 1816 394 VUE

1937 332 2026 394 IX.
3432 321 3504 387 46

232 452 289 503 ὲν
313 447 556 518 θεότητι,
591 447 682 501 καὶ
706 446 909 515 ὁμοίως
942 446 1166 513 τέλειος,
1208 447 1305 501 καὶ
1346 446 1632 517 ὁμοούσιος
1662 446 1823 517 ἡμῶν

1937 445 2179 499 similiter
2206 442 2477 513 perfectus
2503 440 2771 511 nobisque
2798 438 3282 495 consubstantialis
3313 452 3515 493 secun-

231 540 378 595 κατά
404 540 508 610 τὴν
551 539 985 612 ἀνθρωπότητα,
1042 539 1156 609 ἔχει
1204 539 1438 603 τελείας,
1495 538 1686 610 ῶσπερ
1722 538 1822 602 τὰς

235 633 451 697 θεὶκὰς,
487 630 632 685 οὕτω
665 631 887 694 καὶτὰς
919 630 1042 685 καθ’
1067 632 1217 702 ἡμᾶς
1248 632 1536 702 ίδιότητας.

303 811 463 866 Οὕτω
491 812 658 867 πάλιν
704 812 796 866 καὶ
828 812 922 866 ἐπὶ
954 810 1064 866 τῶν
1092 811 1185 867 δύο
1231 813 1523 885 ἐνεργειῶν
1577 813 1818 885 νοητέον.

235 906 328 959 καὶ
357 904 728 977 ἐρμηνευτέον
762 904 856 959 τοῦ
882 904 1144 975 Χριστοῦ.
1188 906 1500 978 Ἐνέργειαν
1534 906 1634 977 μὲν
1656 905 1821 961 αὐτοῦ

235 997 333 1067 τὴν
360 995 474 1049 τῶν
504 994 826 1067 θαυμάτων,
861 998 958 1050 καὶ
980 998 1281 1068 τεραστίων
1319 997 1558 1068 ποίησιν,
1589 998 1683 1051 καὶ
1715 998 1821 1066 μά-

237 1087 392 1139 λιστα
418 1087 480 1139 ἐν
506 1080 591 1148 οἷς
618 1087 680 1139 οὐ
710 1087 1115 1157 προσέψαυσεν,
1152 1087 1275 1141 οὐδὲ
1312 1087 1489 1158 ἥψατο
1518 1090 1551 1159 ἡ
1580 1088 1823 1155 παναγία

237 1180 403 1233 αὐτοῦ
436 1180 577 1251 σάρξ
603 1194 618 1209 ⁸
669 1175 758 1233 οἶα
783 1176 853 1250 ἦν
882 1181 916 1251 ἡ
954 1183 1053 1251 τῆς
1083 1181 1355 1252 θυγατρὸς
1386 1181 1487 1251 τῆς
1513 1180 1823 1246 Χαναναίας

240 1274 317 1343 μὴ
348 1273 617 1342 ἐλθούσης
666 1273 804 1344 πρὸς
846 1273 1104 1345 Χριστὸν,
1149 1275 1245 1327 καὶ
1291 1274 1324 1345 ἡ
1374 1272 1467 1327 τοῦ
1508 1274 1696 1338 παιδὸς
1729 1273 1823 1327 τοῦ

237 1363 663 1435 ἑκατοντάρχου,
697 1364 846 1434 καὶή
871 1363 965 1417 τοῦ
995 1364 1494 1435 καταπετάσματος
1516 1365 1821 1436 διάρῤηξις,

239 1455 335 1509 καὶ
364 1457 395 1509 6
430 1454 529 1509 τοῦ
562 1454 715 1527 ἡλίου
747 1440 1062 1526 σκοτισμὸς,
1098 1457 1214 1520 καὶ,
1244 1458 1279 1527 ὴ
1307 1456 1418 1510 τῶν
1462 1456 1679 1527 πετρῶν
1707 1456 1824 1509 διά-

239 1565 441 1619 σχισις,
464 1549 561 1603 καὶ
586 1552 621 1620 ἡ
642 1547 752 1602 τῶν
780 1549 967 1618 τάφων
987 1548 1264 1614 διάνοιξις,
1290 1550 1385 1603 καὶ
1410 1551 1444 1621 ἠ
1476 1549 1588 1601 τῶν
1613 1548 1825 1619 νεκρῶν

240 1643 564 1707 ἀνάστασις⁹
610 1641 705 1696 τοῦ
738 1642 1007 1710 παναγίου
1039 1642 1149 1713 γὰρ
1181 1641 1433 1713 σώματος
1463 1639 1659 1714 νεκροῦ
1699 1658 1825 1713 κρε-

244 1734 516 1805 μαμένου,
567 1733 663 1787 καὶ¹
706 1732 895 1804 μηδενὶ
936 1732 1142 1786 τούτων
1180 1732 1653 1803 προσψαύσαντος,
1688 1733 1721 1803 ἡ
1765 1733 1825 1785 ἐν

1922 536 2052 590 dum
2101 535 2501 589 humanitatem
2540 533 2752 589 censeri
2802 532 2981 587 debet.
3038 530 3511 598 Quemadmodum

1922 628 2168 693 divinas,
2211 627 2292 683 sic
2322 637 2375 681 et
2403 635 2642 694 nostras,
2678 626 2783 681 hoc
2814 635 2922 691 est,
2958 625 3230 679 humanas
3260 624 3512 694 praprie-

1923 731 2061 777 tates
2094 719 2364 791 perfectas
2396 720 2625 775 obtinet.

1999 814 2104 888 ιε,
2127 814 2251 868 Pari
2274 814 2438 869 modo
2463 812 2531 868 de
2550 811 2767 867 duabus
2787 808 3195 880 operationibus
3216 808 3267 862 in
3291 807 3512 862 Christo

1932 906 2286 980 Cogitandum
2326 915 2382 962 et
2412 903 2851 961 ratiocinandum
2880 912 2983 958 est.
3019 902 3156 957 Nam
3187 916 3368 955 rerum
3402 900 3509 954 mi-

1925 1003 2180 1058 rabilium
2241 1010 2297 1056 et
2346 1000 2785 1071 prodigiosarum
2843 997 3159 1054 elfectiones
3193 1040 3208 1063 ,
3274 998 3511 1051 maxime

1924 1096 2066 1161 illas,
2098 1108 2221 1165 quae
2247 1093 2455 1163 absque
2494 1100 2701 1147 attactu
2749 1089 3111 1147 sanctissimae
3138 1092 3320 1145 carnis
3351 1090 3509 1144 Chri-

1925 1188 1994 1243 sti
2028 1186 2185 1243 I‘actte
2225 1184 2557 1258 (cuiusmodi
2587 1192 2765 1248 erant,
2797 1182 3021 1253 quando
3053 1183 3119 1237 ad
3150 1198 3340 1253 preces
3366 1182 3511 1237 Cha-

1924 1296 2129 1337 nauaeaa
2177 1280 2420 1335 mulieris
2456 1278 2580 1333 lilia
2622 1276 2692 1332 ad
2721 1276 3000 1331 Christum
3047 1292 3154 1330 nou
3199 1276 3511 1345 profectae‘,

1925 1384 1980 1427 et
2020 1388 2188 1443 puero
2227 1370 2600 1426 centurionis'
2633 1368 2921 1424 sanitatem
2966 1366 3234 1431 contulit;
3289 1366 3515 1435 quando

1927 1465 2105 1519 velum
2161 1463 2344 1533 templi
2402 1463 2637 1517 scissum
2681 1470 2797 1527 est;
2863 1459 3083 1529 quando
3137 1459 3220 1513 sol
3274 1460 3513 1514 tenebris

1926 1558 2279 1622 obscuratus;
2322 1556 2544 1625 quando
2586 1563 2753 1626 petra:
2785 1562 2980 1622 ruptae,
3018 1552 3267 1619 sepulcra
3301 1562 3509 1622 aperta,

1928 1650 2235 1719 mortuique
2260 1645 2553 1713 excitati“;
2585 1646 2960 1702 sacratissimo
2994 1644 3379 1717 ejus_corpore
3397 1645 3509 1713 jam

1928 1742 2037 1797 vita
2069 1742 2205 1797 orbo
2234 1742 2289 1795 in
2318 1755 2483 1795 cruce
2513 1740 2803 1810 pendente,
2841 1735 3087 1804 nihilque
3123 1734 3315 1788 horum
3347 1734 3515 1789 attin-

240 1799 410 1877 αὐτοῦ
438 1821 535 1875 τοῦ
586 1799 720 1875 Θεοῦ
754 1799 928 1890 Λόγου
971 1820 1126 1891 θεῖκὴ
1178 1799 1429 1892 ἐνέργεια
1466 1823 1601 1893 μόνη
1648 1799 1823 1875 ταῦτα

1937 1833 2117 1904 gente)
2200 1832 2477 1889 ascribere
2516 1799 2739 1902 pportet
2770 1799 2871 1899 ipsi
2921 1799 3092 1882 divini
3120 1824 3284 1880 Verbi
3317 1826 3515 1881 divina

240 1915 591 1985 διεπράξατο,
625 1914 718 1967 καὶ
750 1914 1068 1985 ἐνέργησεν.

323 2007 704 2079 ’Δνθρωπίνην
728 2008 787 2061 δὲ
817 2007 978 2061 πάλιν
1004 2009 1062 2060 ἐν
1088 2006 1311 2078 Χριστῷ
1340 2007 1620 2079 ἐνέργειαν
1651 2008 1822 2062 καθα-

244 2101 363 2170 ρέιν,
394 2100 490 2154 καὶ
528 2100 710 2169 ἁγίαν,
742 2101 835 2153 καὶ
873 2099 1127 2170 ἄμωμον,
1159 2099 1253 2152 καὶ
1282 2099 1544 2163 θεόδοτον,
1583 2100 1679 2153 καὶ
1709 2099 1829 2153 θεό-

244 2209 489 2256 κτιστον,
527 2193 623 2245 καὶ
655 2192 894 2260 ζωτικὴν
926 2191 1179 2261 λέγομεν,
1204 2191 1305 2263 τὴν
1337 2192 1439 2263 τῆς
1470 2192 1634 2263 ἁγίας
1662 2193 1825 2248 αὑτοῦ

238 2286 424 2357 ψυχῆς
447 2285 710 2351 ζωοποιδν
734 2285 1037 2355 ἐνέργειαν,
1080 2286 1145 2339 δι’
1166 2280 1235 2359 ἦς
1259 2285 1576 2350 ἐζωποιεῖτο
1614 2285 1676 2338 τὸ
1700 2302 1829 2340 παν-

241 2380 406 2448 άγιον
436 2378 599 2433 αὑτοῦ
635 2380 817 2451 σῶμα,
850 2376 917 2452 ἦς
950 2380 1313 2451 χωρισθείσης
1345 2379 1488 2433 κατὰ
1516 2379 1610 2435 τὸν
1636 2380 1829 2450 καιρὸν

242 2469 340 2523 τοῦ
367 2469 590 2533 πάθους,
620 2470 715 2522 καὶ
744 2468 1066 2538 ἐξελθούσης
1098 2469 1162 2521 ἐκ
1189 2468 1284 2522 τοῦ
1318 2467 1594 2540 σώματος.
1623 2468 1829 2533 εὐθέως

244 2563 443 2632 νεκρὸν
488 2562 547 2615 τὸ
604 2561 764 2630 σῶμα
813 2562 1023 2630 γέγονε,
1074 2560 1175 2631 τῆς
1230 2560 1380 2624 θείας
1429 2559 1713 2631 ἐνεργείας
1752 2560 1828 2630 μὴ

245 2651 613 2721 χωρισθείσης
644 2652 702 2717 ἐξ
731 2650 915 2705 αὑτοῦ.
950 2651 1071 2704 Ὅτι
1094 2650 1151 2704 δὲ
1178 2650 1268 2704 διὰ
1296 2651 1394 2722 τῆς
1426 2650 1707 2724 ἐνεργείας
1728 2650 1830 2720 τῆς

246 2742 510 2812 ζωτικῆς,
562 2746 660 2812 τῆς
693 2744 882 2813 νοερᾶς
911 2741 1091 2813 ψυχῆς
1135 2742 1484 2807 ζωοποιεῖται
1532 2742 1593 2795 τὸ
1647 2742 1826 2812 σῶμα,

250 2838 522 2907 μαρτυρεῖ
567 2836 604 2904 ἡ
651 2834 688 2886 Γ
694 2833 841 2906 ραφὴ
884 2834 951 2887 δι’
999 2834 1166 2889 αὐτοῦ
1228 2834 1376 2888 θείου
1434 2836 1829 2905 ἐμφυσήματος

246 2928 705 2998 δημιουργήσασα
745 2925 824 2995 τῷ
863 2924 1035 2996 χοῖκῷ
1071 2925 1231 2997 ἡμῶν
1261 2925 1472 2996 σώματι
1509 2926 1687 2995 ψυχὴν
1723 2926 1829 2989 ζω-

247 3021 427 3093 τικήν.
480 3021 617 3089 Περὶ
661 3014 729 3089 ἦς
759 3035 924 3088 φησιν
951 3020 980 3072 6
1008 3017 1262 3089 Σολομὼν
1302 3018 1439 3089 πρός
1468 3035 1620 3080 τινας
1656 3035 1832 3088 παρα-

1930 1922 2254 1994 operationi,
2286 1937 2410 1993 quae
2446 1922 2561 1977 sola
2594 1921 2709 1975 haec
2738 1934 2901 1989 opera
2931 1918 3189 1989 patravit.

2000 2015 2215 2070 Rursus
2241 2014 2540 2068 humanam
2574 2012 2629 2065 in
2659 2011 2882 2065 Christo
2922 2011 3295 2079 operationem
3325 2007 3516 2078 appel-
3626 2048 3629 2051 .

1930 2109 2107 2163 lamus
2148 2121 2345 2177 puram
2398 2105 2573 2167 illam,
2620 2115 2885 2169 sanctam,
2930 2102 3286 2171 inculpatam,
3332 2115 3364 2154 a
3406 2099 3515 2153 Deo

1929 2199 2134 2265 datam,
2175 2208 2228 2253 et
2258 2205 2500 2253 creatam
2546 2194 2892 2263 vitalemque,
2934 2205 2989 2248 et
3032 2192 3300 2247 vivilicam
3344 2190 3516 2246 actio-

1931 2307 2076 2353 nem,
2106 2306 2136 2344 a
2168 2298 2520 2345 sacrosancta
2553 2285 2756 2341 Christi
2790 2285 2973 2338 anima
3025 2293 3362 2346 manantem,
3405 2296 3517 2351 qua

1930 2394 2175 2453 tempore
2206 2382 2480 2451 passionis
2509 2388 2783 2450 separata,
2830 2386 2887 2432 et
2927 2394 2991 2432 ex
3032 2391 3263 2447 corpore
3296 2375 3516 2442 educta,

1930 2491 2132 2548 corpus
2176 2476 2467 2546 derepente
2518 2473 2775 2528 exanime
2822 2470 3045 2536 mansit,
3091 2469 3273 2523 divina
3321 2483 3517 2539 opera-

1932 2570 2080 2625 tione
2112 2567 2337 2622 minime
2366 2566 2437 2621 ab
2466 2565 2560 2620 illo
2586 2564 2857 2634 seiuncta.
2901 2562 3169 2633 Caeterum
3203 2562 3348 2632 quod
3387 2575 3515 2626 cor-

1932 2677 2035 2732 pus
2064 2659 2329 2715 efﬁciatur
2360 2658 2542 2712 vivum
2581 2671 2675 2726 per
2706 2655 2880 2726 ipsam
2908 2653 3279 2725 operationem
3313 2650 3516 2715 vitalis,

1930 2764 1983 2809 et
2014 2750 2392 2807 intellectualis
2422 2748 2637 2813 animat,
2669 2755 2903 2802 testatur
2931 2744 3237 2815 Scriptura,
3268 2758 3393 2797 cum
3420 2741 3516 2807 ait,

1934 2858 2153 2902 terreno
2183 2842 2405 2915 corpori
2436 2850 2627 2897 nostro
2657 2855 2725 2896 ex
2771 2840 2892 2911 ipso
2942 2838 3034 2893 Dei
3091 2835 3370 2907 spiraculo
3397 2832 3519 2889 ani-

1934 2957 2076 2995 mam
2105 2939 2377 2995 viventem
2408 2946 2751 3008 procreatam
2786 2934 2968 2989 esse’.
3032 2930 3108 2987 De
3139 2944 3247 3001 qua
3280 2929 3521 2999 loquitur

1936 3032 2197 3087 Salomon
2253 3030 2323 3085 ad
2369 3028 2639 3099 quosdam
2688 3026 2970 3096 improbos
3026 3034 3081 3078 et
3137 3022 3455 3077 idololatras
3502 3036 3518 3073 :

248 3114 447 3184 νόμους
497 3115 595 3167 καὶ
648 3112 1082 3186 εἰδωλολάτρας·
1136 3130 1157 3163 ι
1202 3110 1381 3183 Πηλοῦ
1434 3110 1754 3182 ἀτιμότερος
1803 3111 1832 3163 ὁ

1942 3142 1960 3174 ι
1998 3123 2136 3177 Luto
2169 3122 2329 3176 vilior
2369 3120 2484 3175 vita
2509 3119 2664 3187 ejus;
2709 3120 2970 3188 quoniam
3010 3114 3299 3186 ignoravit,
3333 3113 3427 3180 qui
3462 3126 3523 3167 se

250 3203 365 3275 βίος
396 3203 607 3265 αὐτῶν,
640 3203 721 3256 ὅτι
752 3203 1029 3273 ἠγνόησαν
1068 3201 1161 3257 τὸν
1207 3203 1488 3257 πλάσαντα
1526 3202 1708 3267 αὑτὸν,
1739 3202 1834 3255 καὶ

1941 3214 2120 3277 ﬁnxit,
2166 3223 2221 3268 et
2248 3213 2341 3285 qui
2377 3212 2661 3284 inspiravit
2692 3211 2741 3266 ei
2769 3209 3032 3272 animam,
3081 3222 3204 3277 qua
3239 3215 3519 3277 Operatur,

250 3294 338 3348 τὸν
369 3293 759 3363 ἐμπνεύσαντα
787 3292 937 3363 αὐτῷ
957 3292 1136 3364 ψυχὴν
1163 3292 1512 3365 ἐνεργοῦσαν,
1537 3293 1633 3345 καὶ
1658 3294 1835 3362 ἐμφυ-

252 3386 498 3457 σήσαντα
527 3384 679 3456 αὐτῷ
708 3384 925 3455 πνεῦμα
980 3384 1229 3450 ζωτικόν.
1279 3404 1297 3435 ι
1358 3386 1490 3439 Ίὸοὺ
1537 3385 1724 3454 σαφῶς
1766 3384 1835 3439 δι’

252 3479 534 3550 ἐνεργείας
579 3481 679 3549 τῆς
717 3477 894 3548 ψυχῆς
952 3478 1295 3550 μανθάνομεν
1344 3477 1727 3543 ζωοποιεῖσθαι
1776 3478 1838 3532 τὸ

253 3572 433 3640 σῶμα.
466 3568 653 3632 καθὼς
682 3570 712 3622 6
742 3570 945 3641 Κύριος
969 3568 1097 3633 τοὺς
1120 3569 1249 3641 περὶ
1284 3570 1507 3641 σαρκὸς,
1534 3570 1631 3623 καὶ
1656 3569 1838 3640 ψυχῆς

253 3658 488 3725 εἰσάγων
533 3657 724 3725 λόγους
791 3658 960 3727 φησὶν
986 3699 1002 3723 ,
1055 3676 1074 3710 ι
1107 3660 1191 3713 ὃτι
1236 3661 1309 3713 Τὸ
1352 3660 1572 3731 πνεῦμά
1616 3661 1733 3713 ἐστι
1776 3660 1838 3714 τὸ

255 3750 580 3817 ζωοποιοῦν,
615 3753 648 3822 ἡ
693 3752 829 3824 σάρξ
858 3754 960 3806 οὐκ
1001 3752 1201 3821 ὠφελεί
1228 3754 1403 3808 οὐδέν.
1440 3774 1459 3808 ι
1503 3754 1565 3807 Εἰ
1597 3754 1654 3808 δὲ
1688 3753 1838 3823 λέγει

254 3844 285 3895 6
322 3843 389 3896 δι’
431 3844 703 3908 ἐναντίας,
730 3846 809 3898 ὅτι
849 3848 878 3899 6
913 3845 1044 3909 Θεὸς
1090 3844 1264 3913 Λόγος
1297 3841 1365 3916 ἦν
1396 3846 1424 3898 ὀ
1464 3845 1745 3910 ζωοποιῶν
1776 3846 1839 3900 τὸ

257 3936 440 4005 σῶμα,
474 3936 532 4002 ἐξ
575 3936 824 4006 ἀνάγκης
853 3938 1165 4009 εὑρίσκεται
1194 3937 1389 4006 λέγων,
1427 3938 1509 3991 ὃτι
1539 3939 1681 3992 κατὰ
1716 3937 1839 3991 στέ-

257 4045 443 4098 ρησιν,
470 4028 565 4082 καὶ
598 4029 878 4100 χωρισμὸν
907 4029 1071 4083 αὐτοῦ
1094 4029 1189 4084 τοῦ
1216 4030 1351 4084 Θεοῦ
1378 4032 1552 4099 Λόγου
1580 4030 1839 4101 τέθνηκεν

256 4118 425 4173 αὑτοῦ
453 4120 513 4173 τὸ
538 4122 715 4192 σῶμα.
761 4122 871 4173 Καὶ
914 4122 963 4175 εἰ
1004 4121 1182 4176 ταῦτα
1206 4121 1398 4186 οὕτως,
1437 4123 1523 4187 τίς
1560 4118 1628 4194 ἦν
1657 4125 1836 4195 χρεία,

256 4210 395 4275 ὅλως
448 4212 662 4278 λαϐεῖν,
710 4214 745 4284 ἢ
792 4213 938 4284 ἔχειν
1002 4214 1167 4268 αὐτὸν
1218 4216 1455 4287 ζωτικὴν
1514 4216 1695 4287 ψυχὴν
1754 4216 1841 4269 λο-

257 4306 423 4376 γικήν
447 4324 463 4371 ;

330 4400 489 4459 Τινὲς
508 4399 565 4453 δέ
592 4417 745 4468 φασι,
768 4401 851 4454 ὅτι
876 4399 971 4453 καὶ
998 4403 1147 4455 πάσα
1176 4400 1423 4473 αὔξησις,
1452 4402 1483 4473 ἢ
1510 4403 1780 4475 ἔκκρισις,
1804 4404 1838 4475 ἢ

1936 3317 1991 3362 et
2016 3307 2110 3378 qui
2140 3306 2432 3361 insulilavit
2473 3305 2520 3359 ei
2557 3304 2795 3358 animam
2850 3301 3150 3355 vitalem".
3194 3318 3213 3351 ι
3281 3297 3359 3351 Eu
3395 3313 3521 3366 per-

1938 3400 2125 3469 spicue
2164 3399 2429 3452 discimus
2478 3411 2573 3465 per
2624 3394 2820 3448 animae
2850 3390 3220 3461 operationem
3250 3388 3513 3443 viviﬁcari

1940 3505 2178 3560 corpus;
2227 3488 2373 3543 sicut
2399 3495 2455 3542 et
2492 3485 2755 3538 Dominus
2803 3483 2959 3538 docet
2997 3482 3228 3550 loquens
3258 3480 3325 3535 de
3358 3492 3525 3535 carne

1938 3592 1991 3638 et
2020 3582 2290 3653 sanguine
2320 3598 2335 3635 :
2370 3598 2389 3631 ι
2415 3578 2657 3650 Spiritus
2685 3587 2789 3643 est,
2820 3577 2913 3647 qui
2946 3576 3219 3641 vivitieat;
3254 3588 3382 3628 caro
3411 3586 3525 3626 non
3556 3626 3559 3629 .

1939 3672 2162 3743 prodest
2187 3670 2485 3740 quidquam
2508 3669 2574 3721 ¹¹.
2606 3685 2625 3718 ι
2653 3666 2810 3734 Quod
2838 3667 2882 3721 si
2904 3663 3249 3720 adversarius
3278 3661 3520 3731 obiiciat,

1938 3764 2165 3819 verbum
2187 3761 2432 3816 divinum
2466 3758 2771 3814 viviﬁcasse
2800 3771 3020 3825 corpus,
3046 3753 3358 3809 necessario
3389 3766 3524 3806 con-

1939 3857 2133 3913 cedere
2170 3836 2388 3910 debebit
2440 3868 2642 3923 corpus
2685 3850 2889 3905 Christi
2935 3858 3210 3904 mortuum
3267 3861 3390 3901 esse
3437 3859 3526 3899 se-

1936 3942 2321 4020 junctione'et
2372 3945 2713 4016 separatione
2760 3941 2918 3997 Verbi
2970 3941 3137 3995 divini
3189 3955 3218 3993 a
3271 3951 3521 4006 corpore.

1940 4039 2096 4108 Quod
2128 4038 2175 4093 si
2206 4039 2278 4091 ita
2310 4045 2429 4101 est,
2479 4033 2610 4103 quid
2643 4048 2773 4102 ergo
2817 4045 2956 4100 opus
2989 4038 3127 4092 erat,
3180 4036 3239 4080 ut
3282 4024 3525 4080 animam

1940 4135 2158 4188 vitalem
2213 4141 2268 4187 et
2296 4130 2615 4185 rationalem
2645 4135 2947 4183 assumeret
2978 4134 3073 4178 aut
3102 4122 3360 4178 haberet?

2015 4404 2245 4471 Quidam
2282 4401 2471 4455 dicunt
2506 4413 2723 4453 omnem
2774 4395 3161 4456 accretionem,
3194 4400 3289 4447 aut
3343 4405 3523 4447 secre-

258 4491 571 4562 ἀφαίρεσις,
601 4492 633 4563 ἢ
679 4492 855 4545 ἔνδεια
884 4495 982 4564 τῆς
1032 4494 1193 4561 ἁγίας
1244 4495 1446 4566 σαρκὸς
1475 4495 1569 4549 τοῦ
1600 4497 1834 4567 Χριστοῦ

1948 4498 2171 4559 lienem,
2202 4503 2297 4548 aut
2325 4492 2677 4553 ablationem,
2722 4499 2816 4543 aut
2849 4480 3199 4557 indigentiam
3234 4483 3521 4539 sanctissi-

265 4584 341 4656 μὴ
370 4585 720 4656 θεωρουμένη
766 4586 1011 4655 φυσικῶς
1042 4586 1133 4639 καὶ
1175 4587 1269 4639 ἐπὶ
1303 4588 1403 4656 τῆς
1434 4587 1709 4659 θεότητος,
1754 4589 1845 4640 ἐν-

261 4676 453 4745 έργεια
495 4675 813 4745 ἀνθρωπίνη
849 4675 1069 4743 λέγεται
1104 4675 1344 4745 Χριστοῦ
1370 4694 1386 4708 ·
1432 4676 1755 4749 θεανδρικὴν
1786 4678 1845 4732 δὲ

263 4769 545 4838 ἐνέργειαν
580 4768 809 4838 νοοῦμεν
849 4770 948 4838 τὴν
982 4769 1360 4838 κοινοπρεπῶς
1400 4787 1517 4833 πως
1568 4770 1673 4823 ὑπὸ
1708 4772 1845 4842 Χρι-

263 4860 392 4914 στοῦ
416 4862 817 4932 πραττομένην,
846 4862 940 4915 καὶ
963 4861 1364 4933 θεωρουμένην,
1395 4863 1483 4916 οἵα
1507 4858 1576 4933 ἦν
1600 4864 1687 4916 διὰ
1707 4864 1843 4916 πτύ-

267 4971 473 5023 σματος
516 4955 609 5007 τοῦ
653 4955 855 5024 τυφλοῦ
895 4954 1215 5024 ἁνάὸλεψις,
1263 4958 1416 5028 καὶὴ
1448 4956 1537 5010 διὰ
1574 4957 1675 5027 τῆς
1701 4958 1847 5029 ἁφῆς

264 5048 363 5116 τῆς
394 5049 553 5115 ἁγίας
586 5049 754 5101 αὑτοῦ
802 5049 985 5119 χειρὸς
1012 5048 1117 5117 τῆς
1142 5048 1412 5119 θυγατρὸς
1461 5050 1554 5102 τοῦ
1590 5051 1848 5120 ἀρχισυν-

265 5138 485 5207 αγώγου
512 5140 807 5202 ἀνάστασις
829 5157 844 5170 ·
875 5143 968 5193 καὶ
997 5142 1030 5210 ἡ
1061 5139 1170 5191 τῶν
1198 5139 1378 5211 ἄρτων
1408 5140 1649 5207 εὐλογία,
1686 5140 1781 5192 καὶ
1813 5140 1847 5210 ὴ

266 5231 355 5284 διὰ
376 5232 469 5283 τοῦ
504 5231 765 5284 δακτύλου
797 5234 960 5286 αὐτοῦ
986 5232 1081 5287 τοῦ
1114 5230 1300 5302 κωφοῦ
1325 5231 1491 5296 ἴασις,
1520 5233 1614 5284 καὶ
1642 5231 1733 5285 διὰ
1751 5232 1849 5302 τῆς

268 5322 476 5385 οίκείας
508 5324 694 5392 ςςωνῆς
735 5324 828 5376 τοῦ
860 5323 1113 5395 Λαζάρου
1150 5324 1389 5395 ἐγερσις,
1432 5327 1523 5378 καὶ
1556 5325 1654 5395 τῆς
1682 5325 1847 5377 πλευ-

274 5414 373 5484 ρᾶς
398 5415 633 5484 αἵματος
664 5416 909 5486 ἔκκρισις
942 5420 1006 5471 ἐκ
1031 5416 1223 5488 νεκροῦ
1256 5416 1529 5486 σώματος,
1569 5420 1663 5471 καὶ
1701 5419 1731 5470 ὁ
1757 5419 1850 5472 ἐπὶ⁹

270 5505 369 5577 τῆς
396 5504 674 5577 θαλάσσης
704 5510 1024 5581 περίπατος,
1054 5511 1147 5562 καὶ
1175 5511 1209 5581 ἡ
1235 5508 1330 5562 τοῦ
1366 5509 1660 5581 θεοστόμου
1685 5511 1850 5565 αὐτοῦ

344 5662 575 5734 'Bjauh.
628 5679 719 5726 xv,
751 5662 821 5716 22
882 5679 1036 5734 seqq.

278 5732 549 5810 ἶς’-«10211.
596 5750 677 5810 νιἐ
693 5734 798 5810 Δ61.
819 5806 856 5810 η
878 5736 918 5810 ’_'
945 5732 1102 5791 Joan.
1131 5752 1207 5810 Ix,
1236 5735 1257 5788 i
1297 5751 1451 5810 seqq.

279 5802 500 5861 “Marc.
527 5820 623 5870 vn,
648 5805 739 5861 3‘2.
818 5806 858 5837 ¹⁶
884 5803 1137 5872 Ιοιιιι.χι,
1180 5806 1201 5860 1
1234 5820 1387 5872 seqq.

1114 5664 1133 5694 ⁷
1177 5662 1368 5739 Μοιιιι.
1423 5682 1546 5727 vtn.
1579 5667 1807 5739 87seqq-
1883 5666 1906 5699 ⁸
1939 5667 2133 5723 Matth.
2163 5684 2331 5739 xxvtt,
2379 5667 2467 5723 52.
2532 5664 2554 5695 ’
2592 5666 2725 5723 Gen.
2765 5684 2826 5728 ll.
2867 5668 2919 5739 '1'.

1947 4605 2050 4643 ma:
2079 4588 2264 4641 carnis
2296 4585 2523 4646 Christi,
2554 4599 2674 4652 qum
2715 4580 3044 4636 naturaliter
3079 4579 3130 4632 in
3174 4579 3289 4647 ipsa
3324 4575 3527 4631 divini-

1947 4691 2077 4747 tate,
2110 4696 2209 4736 nec
2240 4696 2318 4745 re,
2351 4694 2453 4733 nec
2482 4677 2919 4733 consideratione
2966 4674 3117 4737 insit,
3153 4671 3525 4741 operationem

1949 4776 2244 4830 humanam
2307 4772 2509 4827 ChriSti
2558 4771 2817 4840 appellari
2867 4782 3029 4838 posse
3084 4784 3097 4820 :
3151 4765 3526 4825 theaudricam

1951 4881 2102 4929 vero,
2135 4866 2236 4919 hoc
2265 4873 2369 4928 est,
2409 4866 2517 4917 Deo
2549 4863 2866 4931 hominique
2899 4874 3222 4925 consonam,
3253 4857 3528 4927 operatio-

1947 4976 2072 5014 nem
2110 4958 2255 5013 illam
2304 4957 2685 5020 nominamus;
2735 4969 2857 5023 qua'.
2906 4950 3276 5008 communioni
3322 4961 3531 5003 natura!

1949 5051 2144 5107 divina:
2191 5058 2244 5102 et
2293 5050 2544 5103 humana:
2591 5048 2977 5101 convenienter
3014 5059 3042 5096 a
3083 5042 3299 5097 Christo
3341 5051 3529 5110 parata

1950 5154 2068 5209 est;
2119 5142 2298 5212 qualis
2327 5149 2443 5193 erat
2473 5139 2599 5192 (περὶ
2630 5154 2724 5208 per
2765 5137 2937 5192 lutum
2976 5136 3267 5196 curatio".
3304 5143 3356 5189 et
3384 5134 3532 5188 exci-

1956 5235 2088 5289 tatio
2123 5234 2249 5287 filiae
2305 5233 2722 5302 archisynagogi
2772 5240 2972 5285 attactu
3009 5239 3372 5284 sacrosancta:
3417 5242 3534 5280 ma-

1955 5345 2060 5382 nus
2099 5325 2301 5381 Christi
2339 5326 2619 5397 peracta“
2653 5340 2665 5375 :
2698 5324 3003 5379 benedictio
3036 5338 3237 5391 panum
3261 5323 3334 5387 "‘;
3379 5318 3534 5375 surdi

1957 5420 2169 5475 sanatio
2205 5418 2509 5473 interventu
2546 5418 2697 5488 digiti
2722 5417 2762 5450 "‘
2789 5434 2803 5479 ;
2834 5417 3179 5472 resuscitalio
3208 5413 3396 5470 Lazari
3429 5410 3535 5466 mi-

1961 5513 2186 5568 nisterio
2216 5513 2464 5577 vocis“;
2520 5510 2804 5582 sanguinis
2829 5510 3007 5565 ﬂuxus
3053 5524 3117 5564 ex
3163 5518 3379 5564 mortuo
3407 5518 3536 5559 cor-

2997 5667 3041 5699 '°
3096 5665 3226 5735 Sap.
3276 5680 3363 5727 xv,
3443 5662 3532 5718 ll.

1529 5739 1573 5771 ¹⁸
1610 5735 1783 5797 Marc:
1812 5754 1834 5794 v

1937 5740 2194 5811 :2seqq.;
2266 5738 2399 5796 Luc.
2464 5753 2582 5805 vm,
2612 5739 2701 5794 41.
2780 5740 2824 5771 “
2871 5735 3317 5802 Matthxxrv,”
3376 5748 3531 5804 seqq.
3642 5802 3647 5807 .
