4028 6544
590 306 663 373 L7

1808 306 1869 365 S.
1894 305 2293 367 ANASTASII
2321 309 2647 371 ΞΙΝΑΙΤᾸΞ

3798 304 3887 367 48

593 442 747 500 pore,
792 428 962 483 latere
1008 426 1264 497 perculso
1288 426 1362 488 ιτς
1406 416 1704 478 ambulatio
1746 437 1910 491 supra
1944 422 2176 487 mare",

2284 425 2673 497 ἐμφυσήματος
2705 426 2991 492 μετάδοσις
3023 424 3115 479 τοῦ
3147 424 3483 494 Πνεύματος.
3510 423 3571 475 υἱ
3597 420 3732 491 γοῦν
3785 424 3891 476 αι-

593 532 648 577 et
675 521 1101 577 communicatio
1150 519 1323 574 sancti
1354 516 1591 586 Spiritus
1620 531 1715 584 per
1737 514 2171 568 .insulllationem

594 615 650 668 in
682 612 1066 682 discipulos“.
1120 610 1371 665 llteretici
1400 609 1576 663 oculis
1625 607 1679 659 in
1727 606 1889 670 hanc,
1926 605 2172 669 Christo,

596 715 659 762 ut
705 706 847 760 Deus
880 715 933 759 et
974 706 1138 759 homo
1170 714 1271 770 est,
1324 702 1425 772 15
1475 714 1821 756 communem
1857 708 2175 767 competen-

597 809 814 869 temque
842 798 1215 868 operationem
1259 793 1541 856 conversi;
1593 791 1842 845 abnuunt
1876 790 1929 843 in
1967 789 2060 843 illo
2089 789 2172 842 di-

594 895 776 946 vinam
825 890 1114 961 quamdam
1147 888 1420 953 confiteri;
1459 885 1712 942 similiter
1739 896 1794 939 et
1822 882 2038 939 vitalem
2076 882 2175 935 hu-

595 1000 811 1041 manam
846 984 1241 1054 operationem.

663 1078 933 1135 Caeterum
963 1077 1066 1131 hoc
1096 1090 1195 1146 pro
1218 1082 1367 1129 certo
1397 1073 1791 1143 exploratoque
1810 1066 2173 1138 reputandum

591 1187 717 1243 est;
754 1174 1040 1230 haereticos
1063 1182 1116 1227 et
1134 1170 1466 1235 Nestorium,
1499 1169 1619 1223 ideo
1656 1167 1712 1221 in
1739 1166 1959 1221 Christo
1975 1164 2173 1218 huma-

594 1287 720 1325 nam
787 1269 1121 1322 voluntatem
1168 1275 1221 1319 et
1243 1263 1616 1333 operationem
1663 1275 1771 1315 non
1799 1258 2171 1322 constituere;

592 1361 739 1432 quod
792 1361 1015 1414 videant
1060 1357 1396 1410 voluntatem
1423 1363 1477 1408 et
1504 1354 1878 1423 operationem
1914 1366 2028 1405 suae
2053 1365 2177 1419 pro-

595 1452 728 1522 priae
752 1453 949 1504 anima:
972 1456 1026 1503 et
1048 1446 1297 1516 corporis
1330 1444 1728 1509 indesinenter,
1752 1454 1807 1498 et
1831 1442 2039 1511 absque
2068 1440 2176 1494 ulla

594 1544 903 1599 cessatione
941 1540 1246 1610 impugnari
1272 1550 1325 1593 et
1352 1538 1629 1607 inquinari
1653 1537 1724 1591 ab
1749 1534 2176 1590 inﬂammatione

594 1649 648 1693 et.
701 1637 915 1692 actione
960 1633 1184 1688 diaboli.
1231 1633 1301 1685 At
1349 1630 1746 1700 monOphysiL-e
1790 1623 2176 1679 ταυτοϐουλίαι
2251 1683 2261 1692 ,

593 1742 648 1785 et
704 1727 1143 1799 ταυτοπραξίαν,
1186 1725 1345 1794 quasi
1389 1722 1542 1777 dicas
1580 1722 1910 1775 identitatem
1971 1714 2173 1771 valendi

595 1834 644 1877 et
705 1820 915 1891 agendi,
940 1850 945 1857 ι
970 1834 1038 1873 ex
1069 1817 1294 1871 cerebro
1327 1828 1428 1869 suo
1462 1812 1756 1868 commenti
1787 1820 1910 1865 sunt
1940 1826 1955 1875 ;
1982 1823 2173 1878 quem-

597 1914 889 1970 admodum
919 1912 973 1965 in
995 1909 1372 1980 sequentibus,
1421 1917 1475 1961 et
1507 1905 1636 1960 alibi
1670 1904 1790 1959 fuse
1824 1904 2174 1958 demonstra—

598 2012 799 2061 vimus.

670 2095 945 2154 Scholion.
1003 2091 1222 2147 Noverit
1281 2090 1560 2145 studiosus
1610 2089 1818 2150 lector;
1847 2100 1972 2149 cum
2004 2099 2034 2138 a
2062 2084 2176 2140 dae-

599 2204 760 2248 mone
808 2188 1060 2241 obsessos
1115 2183 1401 2239 nominare
1448 2181 1723 2236 soleamus
1766 2193 2169 2249 energumenos,

601 2277 860 2341 haeretici,
902 2274 1121 2346 quando
1157 2274 1389 2329 audiunt
1413 2271 1661 2342 energias
1690 2271 1827 2341 (hoc
1854 2278 1958 2335 est,
1986 2284 2178 2338 opera-

600 2369 809 2440 tiones)
870 2370 923 2423 in
974 2367 1230 2429 Christo,
1298 2366 1480 2421 statim
1529 2363 1868 2418 arbitrantur
1909 2362 2010 2416 has
2059 2375 2180 2415 esse

599 2464 869 2534 euergias,
926 2474 1065 2531 quas
1117 2459 1419 2529 patiuntur,
1462 2471 1604 2528 quos
1659 2458 1870 2510 daemon
1930 2464 2179 2523 occupat.

600 2556 864 2623 Quocirca
920 2553 1293 2623 indignantur,
1330 2560 1383 2605 et
1413 2549 1744 2605 vocabulum
1773 2549 1880 2603 hoc
1923 2563 2185 2602 aversan-

600 2659 688 2701 tur
718 2662 826 2701 non
867 2646 1024 2700 aliter
1043 2659 1208 2714 quam
1244 2643 1579 2713 energumeni
1600 2682 1615 2705 ,
1645 2643 1750 2696 hoc
1777 2652 1883 2704 est,
1918 2656 1950 2694 a
1976 2640 2181 2694 daamo-

603 2742 766 2795 nibus
792 2738 1072 2807 exagitati.

604 2939 791 2993 Divina
822 2936 995 3007 gratia
1033 2934 1341 3007 opitulante.
1370 2931 1686 3007 Protneorin
1703 2947 1793 2985 seu
1822 2933 2172 3007 consideratio

672 3010 741 3062 ad
788 3001 1118 3076 deﬁnitiones
1161 3004 1453 3071 explicatas
1503 3004 1559 3056 in
1609 3001 1745 3056 libro
1804 3006 1894 3057 aui
1952 3002 2173 3073 Ὀδηγὸς

674 3079 1003 3135 inscribitur.

2280 518 2486 587 ρετικοὶ
2508 519 2587 581 εἰς
2618 516 2821 589 ταύτην
2848 518 2945 588 τὴν
2971 516 3305 587 κοινοπρεπῆ
3344 515 3579 585 Χριστοῦ
3606 513 3889 583 θεανδρι-

2276 608 2378 679 κήν
2403 609 2713 679 ἀφορῶντες
2741 610 3043 678 ἐνέργειαν,
3077 606 3513 676 ἀποστρέφονται
3543 604 3638 657 τοῦ
3666 605 3891 675 ὁμολο-

2276 703 2392 767 γεῖν
2424 702 2482 754 ἐν
2506 700 2655 770 αὐτῷ
2683 700 2833 754 θείαν
2860 699 2984 753 τινὰ
3033 699 3234 767 ὁμοίως
3260 699 3354 751 καὶ
3377 697 3616 769 ζωτικὴν
3643 696 3889 766 ἀνθρω-

2277 792 2437 858 πίνην
2457 792 2757 862 ἐνέργειαν.

2346 1056 2438 1107 Δεῖ
2470 1054 2651 1123 μέντοι
2681 1051 2945 1123 ἀκριϐῶς,
2980 1051 3076 1104 καὶ
3100 1049 3489 1119 ἀναμφιϐόλως
3505 1048 3861 1101 ἐπίστασθαι

2276 1149 2446 1218 ἡμᾶς,
2479 1148 2670 1217 ὅτιπερ
2698 1146 2749 1198 οἱ
2771 1144 2830 1211 ἐξ
2880 1143 3152 1207 ἐναντίας,
3188 1144 3253 1195 ἐκ
3278 1141 3371 1195 τοῦ
3413 1141 3640 1212 θεωρεῖν
3677 1141 3741 1193 τὸ
3777 1139 3887 1192 Θέ-

2276 1240 2425 1311 λημα
2456 1240 2658 1304 αὐτῶν,
2700 1239 2796 1292 καὶ
2820 1237 2918 1309 τὴν
2951 1237 3233 1308 ἐνέργειαν
3266 1234 3364 1305 τῆς
3404 1233 3611 1296 οίκείας
3655 1232 3881 1302 ψυχῆς,

2277 1335 2371 1386 καὶ
2420 1331 2516 1386 τοῦ
2566 1330 2837 1401 σώματος,
2896 1328 3180 1399 διηνεκῶς,
3241 1328 3336 1380 καὶ
3368 1325 3664 1388 ἀπαύστως
3700 1325 3884 1376 πολε-

2280 1423 2583 1492 μουμένην,
2617 1419 2712 1472 καὶ
2747 1418 3234 1489 βεϐορϐορωμένην
3264 1416 3368 1469 ὑπὸ
3398 1416 3501 1485 τῆς
3533 1415 3878 1485 πυρώσεως,

2278 1514 2373 1568 καὶ
2397 1512 2679 1583 ἐνεργείας
2697 1512 2789 1565 τοῦ
2820 1511 3069 1565 διαϐόλου
3088 1528 3101 1541 ·
3133 1511 3323 1565 τούτου
3367 1510 3526 1580 χάριν
3560 1509 3652 1561 καὶ
3678 1508 3879 1571 αὐτοὶ,

2276 1610 2371 1662 καὶ
2418 1607 2715 1678 Νεπὸριος
2754 1609 3145 1677 παρῃτήσαντο
3203 1605 3378 1657 εἰπεῖν
3410 1603 3470 1654 ἐν
3500 1599 3723 1672 Χριστῷ
3763 1600 3880 1652 ἁν-

2278 1699 2546 1773 θρὼπινον
2576 1699 2811 1771 θέλημα,
2851 1700 2885 1769 ἢ
2923 1699 3226 1769 ἐνέργειαν.
3270 1696 3429 1749 Ἀλλά
3477 1696 3880 1759 Μονοφυσῖται

2275 1796 2731 1858 ταυτοϐουλίαν,
2782 1794 2876 1847 καὶ
2916 1792 3362 1860 ταυτοπραξίαν
3412 1787 3874 1858 ἐφαντάσθησαν,

2277 1889 2460 1951 καθὼς
2497 1889 2625 1959 περὶ
2663 1887 2854 1941 τούτου
2897 1886 2985 1939 διὰ
3035 1885 3292 1948 πλάτους,
3335 1884 3430 1937 καὶ
3461 1885 3521 1936 ἐν
3556 1883 3668 1944 τοῖς
3705 1879 3875 1948 ἑξῆς,

2279 1986 2373 2039 καὶ
2400 1985 2456 2035 ἐν
2488 1983 2698 2053 ἑτέροις
2719 1982 3048 2052 εἰρήκαμεν.

2350 2077 2630 2145 Σχόλιον.
2662 2074 2753 2145 Μὴ
2772 2072 3082 2127 λανθανέτω
3122 2072 3251 2132 τοὺς
3291 2071 3632 2140 φιλοπόνους,
3664 2070 3876 2138 ὅτιπερ

2279 2171 2468 2244 ἐπειδὴ
2489 2172 2614 2236 τοὺς
2645 2168 3147 2239 δαιμονιζομένους,
3178 2162 3879 2236 ἐνερτουμένουςείώθα-

2287 2283 2387 2336 μεν
2439 2264 2762 2335 ὀνομάζειν·
2820 2261 3013 2316 τούτου
3062 2260 3224 2331 χάριν
3276 2260 3326 2311 οἱ
3372 2258 3657 2328 αίρετικοὶ,
3708 2257 3875 2308 ἐπει-

2282 2359 2380 2413 δάν
2417 2357 2726 2412 ἀκούσωσιν
2755 2353 3037 2422 ἐνεργείας
3072 2353 3130 2405 ἐν
3153 2349 3232 2419 τῷ
3260 2348 3505 2419 Χριστῷ,
3538 2346 3739 2409 εὐθέως
3765 2345 3877 2407 τὰς

2278 2451 2388 2504 τῶν
2428 2450 2750 2521 πασχόντων
2800 2445 3083 2516 ἐνεργείας
3111 2441 3433 2513 νομίζοντες
3460 2440 3663 2501 ταύτας
3693 2434 3873 2497 εἶναι,

2279 2541 2677 2612 ἀγανακτοῦσι,
2716 2539 2811 2593 καὶ
2842 2535 3281 2607 ἀποστρέφονται
3325 2533 3428 2603 τὴν
3464 2530 3726 2600 τοιαύτην
3756 2546 3876 2597 φω-

2279 2634 2377 2706 νὴν
2424 2635 2500 2698 ὼς
2532 2632 2749 2704 άληθῶς
2792 2628 3177 2701 ὲνεργούμενοι
3214 2627 3387 2691 ὄντες,
3419 2626 3588 2697 ἤγουν
3618 2623 3873 2692 δαιμονι-

2280 2731 2523 2801 ζόμενοι.

2282 2932 2405 2987 Σὺν
2428 2930 2567 2997 Θεῷ.
2588 2928 2918 2997 Προθεωρία
2935 2925 3042 2993 τῆς
3069 2924 3415 2997 ὑποθέσεως
3438 2922 3559 2997 τῷδέ
3571 2922 3723 2997 ὅρων
3749 2920 3873 2990 τῆς

2385 2994 2644 3067 βίϐλου,
2668 2996 2741 3069 ἧς
2775 2994 2826 3065 ἦ
2855 2996 3162 3065 ἐπωνυμία
3205 2995 3445 3065 λέγεται
3481 2994 3721 3063 Ὀδηγός.

673 3172 937 3229 Universa
967 3168 1182 3239 generis
1222 3165 1392 3221 nostri
1414 3205 1430 3232 ,
1450 3165 1553 3220 hoc
1579 3174 1684 3232 est,
1717 3164 1953 3220 humana
1980 3173 2171 3219 natura

2344 3184 2456 3252 Τῆς
2494 3179 2616 3235 καθ’
2638 3181 2787 3250 ἡμᾶς
2833 3178 3084 3241 ἅπαντας
3117 3176 3342 3246 βροτοὺς
3377 3173 3565 3235 οὐσίας
3594 3173 3627 3242 ἡ
3658 3170 3870 3226 σύστα-

602 3278 655 3323 et
687 3261 1033 3334 compositio,
1089 3259 1329 3314 animam
1374 3258 1697 3313 rationalem
1742 3266 1797 3312 et
1835 3257 2177 3312 intellectua-

603 3363 728 3427 lem,
768 3367 822 3412 et
850 3353 1252 3411 concretionem
1302 3366 1370 3405 ex
1425 3350 1728 3414 elementis,
1771 3365 1935 3419 quam
1956 3363 2176 3404 carnem

602 3452 868 3514 dicimus;
900 3463 931 3501 a
965 3460 1220 3515 supremo
1276 3458 1457 3499 rerum
1492 3442 1788 3497 Conditore
1825 3443 2019 3498 sortita
2050 3450 2175 3506 est;

603 3554 658 3599 at
686 3544 796 3598 vita
820 3540 889 3597 ad
915 3539 1132 3593 virtutis
1175 3551 1421 3591 normam
1449 3534 1812 3601 conformata,
1850 3551 1917 3590 ex
1957 3536 2176 3606 pietate,

596 3640 731 3705 ,tide,
797 3635 1217 3700 divinorumque
1246 3628 1628 3682 mandatorum
1655 3627 2020 3693 observantia,
2057 3627 2179 3697 pul-

605 3727 970 3785 chritudinem
1025 3736 1183 3779 suam
1210 3720 1361 3774 dicit.
1388 3716 1575 3789 Neque
1591 3719 1738 3774 enim
1767 3733 1969 3788 corpus
1999 3719 2178 3772 anima

605 3819 924 3876 destitutum
954 3816 1121 3870 vitam
1153 3829 1250 3884 per
1301 3826 1359 3867 se
1398 3812 1611 3866 obtinet
1646 3826 1658 3862 :
1687 3825 1865 3882 neque
1891 3812 2176 3865 mandato-

606 3926 728 3967 rum
756 3906 1082 3973 observatio,
1118 3905 1162 3959 si
1190 3920 1315 3960 cum
1338 3918 1465 3958 vera
1500 3911 1555 3957 et
1583 3902 1891 3958 orthodoxa
1930 3903 2179 3961 doctrina

604 4016 716 4057 non
769 4000 1048 4069 jungatur,
1105 3995 1406 4066 quidquam
1457 3992 1811 4048 emolumenti
1861 3994 2021 4062 parit.
2044 3993 2178 4051 Nam

605 4091 751 4164 quod
771 4090 954 4144 anima
970 4087 1210 4157 corpori,
1234 4086 1339 4141 hoc
1357 4093 1578 4155 praestat
1597 4084 1813 4154 spiritui
1830 4086 2177 4155 orthodoxia,

604 4195 661 4242 et
706 4193 854 4240 recta
883 4183 949 4236 de
976 4181 1140 4235 rebus
1170 4180 1370 4235 divinis
1417 4179 1771 4234 existimatio.
1804 4178 1943 4234 Ante
1996 4182 2181 4235 omnia

608 4276 771 4347 igitur
801 4275 853 4327 in
888 4272 940 4326 id
965 4272 1366 4335 incumbamus,
1395 4286 1567 4340 eoque
1592 4286 1813 4325 omnem
1850 4272 2177 4331 industriam

611 4364 980 4430 conferamus,
1034 4372 1094 4417 ut
1143 4377 1335 4432 puram
1371 4371 1427 4416 et
1466 4362 1534 4415 ab
1553 4362 1701 4415 omni
1746 4362 1867 4416 labe
1912 4363 2180 4432 integram

610 4458 678 4513 de
706 4455 1171 4512 cmlestidoctrina
1196 4454 1520 4510 sententiam
1553 4452 1951 4515 custodiamus,
1976 4464 2036 4509 ut
2062 4455 2180 4510 fun-

611 4548 865 4603 damento
892 4561 1028 4617 puro
1057 4555 1112 4602 et
1140 4546 1364 4599 immoto
1395 4546 1543 4612 jacto
1566 4544 1841 4614 angularis
1859 4546 1995 4615 lapis
2016 4546 2177 4602 Chri—
2210 4517 2254 4571 ι)

612 4648 728 4693 stus
763 4653 793 4691 a
819 4638 976 4691 nobis
1034 4637 1355 4700 honoretur,
1406 4650 1617 4703 nosque
1664 4648 1854 4689 omnes
1886 4636 2055 4706 culpa:
2080 4654 2177 4691 ex-

612 4738 787 4783 sortes
817 4730 871 4781 in
919 4728 1023 4783 hoc
1074 4729 1355 4798 spirituale
1392 4726 1678 4781 mditicium
1714 4727 1960 4795 apposite
2014 4744 2177 4799 coag-

2283 3293 2369 3340 σις
2399 3277 2463 3328 ἐκ
2491 3271 2669 3343 ψυχῆς
2703 3269 2928 3338 λογικῆς
2987 3284 3047 3320 τε
3104 3266 3211 3337 μὴν
3246 3266 3343 3319 καὶ
3386 3267 3580 3335 νοερᾶς
3627 3265 3723 3318 καὶ⁸
3758 3266 3869 3335 τῆς

2289 3369 2399 3424 τῶν
2447 3366 2727 3436 στοιχείων
2774 3355 3103 3432 συνδρομῆς,
3144 3360 3172 3412 ὅ
3205 3360 3322 3413 ἐστι
3365 3358 3524 3429 σὰρξ,
3573 3357 3723 3428 παρὰ
3763 3359 3869 3411 τοῦ

2280 3462 2568 3527 πανσόφως
2596 3454 3126 3527 δεδημιουργηκότος
3156 3452 3318 3522 ἔλαχε
3340 3467 3354 3483 ·
3374 3453 3471 3523 τῆς
3487 3452 3546 3505 δέ
3572 3452 3691 3505 κατ’
3717 3451 3862 3522 ἀρε-

2279 3553 2377 3625 τὴν
2408 3549 2655 3612 ἐντελοῦς
2687 3546 2984 3609 πολιτείας,
3011 3544 3072 3610 ἐξ
3092 3543 3352 3608 εὐσεϐοῦς
3386 3561 3446 3597 τε
3475 3544 3734 3607 πίστεως,
3760 3545 3867 3597 καὶ

2279 3645 2378 3714 τῆς
2412 3643 2520 3695 τῶν
2569 3640 2732 3693 θείων
2778 3637 3005 3692 ἐντολῶν
3048 3638 3357 3708 τηρήσεως,
3386 3637 3448 3690 τὸ
3484 3637 3680 3700 κάλλος
3716 3653 3867 3707 κραι-

2280 3736 2520 3790 τύνεται.
2572 3733 2711 3786 υύτε
2743 3732 2852 3803 γὰρ
2900 3732 3060 3801 σῶμα
3104 3731 3282 3800 ψυχῆς
3310 3731 3519 3801 ἔρημον
3559 3730 3701 3800 ζωὴν
3732 3730 3870 3784 καθ’

2281 3827 2444 3881 ἐαυτὸ
2476 3826 2743 3893 κέκτηται
2767 3840 2781 3854 ο
2812 3822 2949 3876 Οὐτε
2986 3822 3092 3892 μὴν
3122 3822 3354 3875 ἐντολῶν
3375 3823 3609 3893 τήρησις
3640 3821 3870 3892 ὀρθοδα-

2285 3916 2403 3980 ξίας
2430 3914 2854 3986 ἀπηλλαγμένη,
2877 3912 3157 3973 παντελῶς
3180 3912 3425 3979 ὀνήσειεν
3443 3912 3535 3965 τὸν
3550 3912 3865 3983 ἄνθρωπον.

2286 4010 2464 4080 Ὅπερ
2488 4009 2598 4078 γὰρ
2625 4008 2772 4078 ψυχὴ
2807 4008 3039 4077 σώματι,
3069 4007 3228 4059 τοῦτο
3261 4005 3543 4078 όρθοδοξία
3562 4006 3864 4077 πνεύματι.

2284 4099 2497 4153 Οὐκοῦν
2516 4099 2905 4168 σκοπήσωμεν,
2937 4098 2984 4150 εί
3015 4096 3182 4163 δοκεῖ,
3223 4098 3330 4167 πρὸ
3352 4097 3590 4160 πάντων,
3627 4095 3723 4149 καὶ¹
3753 4098 3868 4166 μά-

2285 4192 2491 4263 θωμεν.
2542 4197 2637 4245 καὶ
2690 4191 3037 4261 φυλάξωμεν,
3089 4190 3189 4260 τὴν
3243 4191 3373 4260 περὶ
3414 4188 3570 4251 Θεοῦ,
3620 4190 3716 4242 καὶ
3750 4190 3867 4241 τῶν

2288 4281 2450 4335 θείων
2475 4281 2662 4350 ἀπαθῆ
2692 4276 2922 4342 ἔννοιαν,
2944 4280 3091 4342 ὅπως
3116 4277 3211 4332 τοῦ
3243 4278 3494 4349 θεμελίου
3525 4278 3768 4347 καθαροῦ
3800 4296 3866 4331 τε

2284 4371 2380 4424 καὶ
2402 4371 2739 4442 ἀκρσδάντου
2792 4369 3356 4440 προκαταϐληθέντος,
3398 4370 3427 4421 ὁ
3464 4370 3867 4440 ἀκρογωνιαῖος

2284 4462 2430 4526 λίθος
2492 4464 2747 4535 Χριστὸς,
2804 4463 3047 4525 εὐσεϐῶς
3099 4462 3189 4530 ὐφ’
3241 4462 3398 4534 ήμῶν
3442 4462 3863 4534 γεραιρόμενος,

2285 4555 2555 4627 συσφίγξῃ
2601 4556 2757 4627 ἡμῶν
2810 4556 3061 4626 ἀμώμων
3116 4557 3198 4619 είς
3260 4556 3406 4609 ἅπαν
3437 4555 3498 4608 τὸ
3518 4556 3629 4608 πᾶν
3655 4553 3866 4606 οἰκοδό-

2286 4663 2489 4716 μημα,›
2520 4646 2704 4716 βολαῖς
2757 4647 2996 4710 ἀπάσαις
3048 4648 3143 4701 καὶ
3190 4645 3524 4717 προσϐολαῖς
3572 4643 3866 4715 αίρετικῆς

2288 4740 2628 4808 μαγγανείας
2651 4741 2934 4809 γινόμενον
2963 4739 3231 4793 ἄπτωτον.

615 4828 815 4874 mentet
865 4835 928 4872 ac
988 4827 1317 4888 componat;
1362 4827 1420 4873 ut
1468 4817 1534 4871 ab
1584 4818 1842 4872 omnibus
1873 4819 2139 4876 haeretica:
2176 4823 2491 4895 impostura:
2552 4830 3006 4900 impressionibus
3061 4841 3117 4886 et
3172 4830 3482 4885 incursibus
3523 4828 3688 4897 ,illmsi
3734 4840 3865 4897 per.

614 4912 896 4967 sistamus.

683 5005 823 5073 Quia
867 5018 997 5057 vero
1034 5003 1227 5057 stabile
1260 5010 1314 5057 et
1343 5004 1731 5059 inconcussum
1761 5003 2177 5064 fundamentum

614 5099 792 5154 omnis
835 5098 1133 5166 sapientize,
1174 5112 1293 5166 quae
1336 5113 1365 5149 a
1390 5098 1599 5151 ratione
1637 5099 2022 5167 proficiscitur,
2048 5117 2173 5157 con-

594 5189 790 5251 suevit
822 5202 940 5241 csse
966 5186 1254 5255 praeceptio
1282 5196 1332 5239 et
1351 5187 1614 5254 prmnotio
1638 5188 2020 5245 definitionum
2052 5208 2184 5261 pro-

617 5281 789 5350 posito
827 5286 1145 5347 argumento
1203 5277 1647 5344 inservientium;
1681 5280 1802 5335 ideo
1853 5293 2068 5351 oportet
2125 5294 2185 5337 ut

618 5378 733 5426 ista:
765 5370 1107 5433 antecedant,
1143 5378 1400 5439 tanquam
1430 5374 1714 5439 prtesentis
1749 5376 2056 5443 argumenti
2081 5378 2185 5447 16

594 5463 932 5527 certissima:
990 5463 1179 5517 duces.
1249 5463 1443 5518 Paucis
1505 5465 1673 5529 enim,
1727 5477 1781 5521 et
1838 5468 1923 5522 his
1962 5470 2185 5523 minime

615 5556 882 5622 omnium,
933 5556 1025 5623 qui
1078 5571 1193 5610 aevo
1241 5567 1428 5611 nostro
1483 5558 1705 5627 degunt,
1748 5575 1894 5613 curae
1923 5561 2183 5630 cordique

602 5692 605 5699 ί
690 5711 734 5746 ιτ
764 5709 919 5765 .loan.
958 5728 1067 5777 χιχ,
1104 5712 1191 5768 54.
1272 5711 1314 5743 ¹⁸
1347 5708 1510 5767 Marc.
1547 5727 1622 5775 γι,
1646 5711 1735 5765 47.
1813 5712 1855 5743 ι’
1881 5709 2038 5766 Joan.
2079 5713 2277 5777 “.21.

2363 5013 2517 5069 Ἐπεὶ
2554 5013 2611 5068 δὲ
2672 5015 2877 5085 κρηπὶς
2931 5014 3146 5085 βεϐαία,
3207 5014 3301 5067 καὶ
3336 5010 3584 5082 ἀσφαλής
3606 5011 3861 5081 θεμέλιος

2282 5106 2506 5177 λογικῆς
2560 5108 2778 5179 ἁπάσης
2826 5108 3019 5177 σοφίας
3050 5112 3292 5177 πέφυκεν
3319 5108 3352 5176 ή
3382 5107 3490 5159 τῶν
3538 5122 3863 5177 πραγματι-

2284 5200 2396 5252 κῶν
2445 5202 2587 5271 ὂρων
2641 5202 3055 5271 προκατάληψίς
3083 5219 3140 5253 τε
3184 5201 3280 5254 καὶ
3325 5200 3673 5271 πρόγνωσις,
3717 5215 3860 5269 προς

2284 5291 2627 5358 ηγείσθωσαν
2660 5288 2803 5347 οῦτοι
2833 5293 3020 5365 ὥσπερ
3067 5295 3212 5357 τινὲς
3250 5294 3511 5362 ἀσφαλεῖς
3543 5292 3729 5359 ὁδηγοί⁵
3753 5292 3861 5359 τῆς

2287 5382 2569 5453 παρούσης
2597 5386 2927 5450 ὑποθέσεως.
2960 5387 3190 5455 Ὀλίγοις
3210 5386 3318 5455 γὰρ
3354 5386 3447 5437 καὶ
3483 5384 3717 5454 μάλιστα
3740 5385 3859 5446 τοῖς

2286 5470 2430 5525 κατά
2456 5472 2557 5545 τὴν
2591 5476 2870 5546 ἡμετέραν
2897 5476 3092 5544 γενεὰν
3146 5475 3373 5546 σπουδὴ,
3420 5474 3515 5527 καὶ
3561 5472 3723 5532 πόνος
3756 5471 3853 5537 γέ-

2284 5579 2439 5629 γονεν
2486 5567 2517 5635 ὴ
2564 5566 2673 5619 τῶν
2715 5568 2856 5638 ὅρων
2911 5567 3190 5631 παίδευσίς
3246 5584 3304 5620 τε
3357 5567 3451 5619 καὶ
3506 5564 3851 5636 πρόγνωσις·
