3792 6536
648 375 756 444 975

647 609 718 649 ex
747 601 982 664 paterno
1007 592 1178 653 fonte,
1208 591 1453 661 repletus
1474 603 1564 646 est
1601 593 1761 661 aquis
1795 593 2042 662 gentium
2080 607 2216 662 quas

647 685 872 756 quidem
909 685 1634 754 evangelizabatpropheta
1669 685 1860 738 dicens
1895 704 1906 737 :
1946 685 2013 738 Et
2064 701 2215 756 egre-

644 781 818 832 dietur
845 777 1100 832 Dominus
1137 778 1207 830 ad
1263 792 1344 829 eos
1396 786 1649 846 tanquam
1703 778 1890 840 ﬂuvius
1943 777 2084 845 pacis
2141 775 2213 840 ‘°;

643 872 735 942 qui
759 871 936 925 dicit:
971 869 1055 924 Ex
1079 870 1242 923 Patre
1275 885 1386 922 meo
1425 885 1542 922 sum
1595 884 1856 937 egressus,
1898 876 1948 921 et
1997 869 2112 922 veni
2161 867 2216 920 in

643 964 897 1017 mundum
923 963 964 993 ⁶¹
1004 981 1016 1014 :
1047 977 1304 1031 egressus
1328 976 1448 1015 sum
1482 961 1548 1014 ad
1587 962 1818 1016 salutem
1869 959 2057 1030 populi
2086 959 2213 1024 mei,

565 1049 580 1066 ⁵
644 1057 712 1111 ad
751 1054 1055 1109 servandos
1117 1053 1585 1107 christos‘meos.
1640 1053 1814 1124 Hujus
1862 1067 1995 1121 ergo
2044 1049 2216 1104 divini

643 1147 795 1201 ﬂuvii
863 1147 1112 1201 divinum
1171 1159 1201 1198 e
1255 1145 1394 1199 caelo
1423 1159 1708 1214 egressum
1751 1144 1906 1214 prius
1950 1143 2216 1199 describit

642 1236 838 1301 Moses,
893 1235 1128 1289 dicens:
1183 1231 1395 1287 Flauius
1428 1235 1710 1303 egreditur
1760 1249 1822 1287 ex
1864 1232 2057 1297 Edem,
2112 1232 2216 1288 hoc

638 1337 744 1393 est,
772 1344 838 1383 ex
864 1326 1281 1382 abundantibus
1301 1326 1538 1391 deliciis,
1572 1326 1638 1379 ad
1681 1325 2014 1396 irrigandum
2062 1340 2217 1394 para-

638 1419 820 1474 disum
885 1433 986 1487 per
1041 1417 1187 1470 illam
1235 1431 1434 1485 aquam
1485 1431 1607 1485 quae
1663 1416 1966 1486 egreditur,
2018 1429 2216 1484 nempe

639 1527 738 1582 per
764 1511 1034 1581 Spiritum
1069 1509 1164 1578 qui
1196 1497 1448 1578 procedit
1474 1525 1503 1562 a
1538 1510 1718 1563 Patre.
1757 1508 1860 1574 Qui
1895 1508 2042 1563 enim
2085 1524 2213 1562 eum

637 1603 872 1673 suscipit
902 1601 1156 1664 ﬂuvium,
1182 1601 1388 1655 diversi
1416 1600 1568 1654 ﬂuvii
1599 1614 1664 1654 ex
1699 1609 1878 1654 uentre
1906 1602 2017 1671 ejus
2050 1604 2214 1670 ﬂuent

639 1710 793 1766 aqua:
823 1696 952 1748 viva:
979 1695 1048 1747 ⁶¹.
1080 1693 1195 1746 Hoc
1217 1692 1366 1745 enim
1399 1699 1585 1761 aperte
1631 1707 1734 1746 nos
1783 1691 1945 1748 docet
1984 1691 2216 1746 historia

639 1786 833 1841 dicens
888 1784 1116 1839 ﬂuvium
1157 1784 1252 1854 qui
1303 1783 1585 1854 egreditur
1621 1798 1688 1837 ex
1738 1784 1908 1839 Edem
1953 1784 2218 1852 multipli-

640 1877 756 1938 cari
779 1884 835 1932 et
860 1875 1038 1932 scindi
1072 1877 1126 1930 in
1159 1852 1400 1945 quatuor
1421 1874 1640 1939 ﬂuvios,
1662 1885 1718 1930 et
1747 1875 2074 1930 efﬁcientem
2104 1876 2210 1929 Ec-
2246 1852 2288 1906 Β
2317 1889 2496 1958 imago
2535 1897 2591 1942 ει
2622 1887 2949 1951 similitudo,
2980 1852 3037 1941 ξι
3065 1852 3550 1957 cujug'chmcm

637 1970 823 2025 clesia:
869 1969 1188 2038 spirituales
1223 1968 1465 2023 divitias.
1526 1969 1601 2022 De
1650 1985 1758 2038 qua
1807 1968 1943 2022 dicit
1993 1968 2207 2022 David:

637 2061 1046 2116 Inebriabuntur
1088 2079 1119 2114 a
1158 2061 1476 2131 pinguedine
1508 2060 1690 2113 domus
1717 2068 1838 2123 tum,
1873 2069 1922 2113 et
1981 2067 2211 2113 torrente

634 2153 918 2224 voluptatis
963 2162 1068 2208 tua:
1094 2152 1297 2223 potabis
1348 2169 1480 2214 eos;
1531 2154 1780 2223 quoniam
1833 2153 1975 2223 apud
2028 2163 2076 2206 te
2133 2159 2211 2207 est

636 2247 752 2315 fons
772 2247 892 2300 vita:
921 2246 986 2299 ⁸³.
1765 2249 1770 2253 ’

708 2336 922 2392 Flavius
957 2347 1135 2391 autem
1158 2338 1425 2408 egreditur
1448 2354 1513 2392 ea:
1546 2339 1711 2392 Edem
1761 2339 1829 2391 ad
1878 2337 2208 2405 irrigandum

634 2429 942 2498 paradisum
968 2443 985 2481 :
1013 2427 1161 2482 illinc
1185 2429 1504 2500 dispergitur
1530 2431 1586 2483 in
1612 2438 1842 2500 quatuor
1870 2431 2043 2483 initia.
2067 2429 2210 2483 Sub-

637 2532 950 2578 terraneam
1017 2523 1239 2593 quidem
1279 2525 1502 2594 maligni
1559 2525 1955 2594 irrigationem,
2003 2525 2207 2578 fontem

634 2615 931 2685 appellavit
987 2616 1258 2686 propheta
1321 2616 1521 2683 Moses,
1558 2617 1887 2672 ostendens
1927 2617 2207 2672 diabolum

631 2722 755 2763 esse
789 2717 1070 2763 auctorem
1094 2715 1152 2761 et
1177 2708 1486 2778 genitorem
1516 2708 1658 2772 vitii,
1694 2718 1748 2763 et
1777 2725 1888 2763 non
1921 2708 1990 2762 ab
2019 2709 2206 2778 aliquo

633 2801 742 2856 alio
772 2801 1051 2871 accepisse
1080 2801 1304 2865 malum,
1341 2801 1437 2856 sed
1490 2801 1669 2870 ipsum
1717 2817 1840 2856 esse
1893 2801 2099 2857 fontem
2151 2811 2207 2857 et

634 2892 854 2947 initium
904 2893 1165 2962 peccati;
1219 2893 1392 2947 sancti
1447 2902 1634 2947 autem
1681 2893 1922 2962 Spiritus
1972 2892 2202 2965 gratiam

635 2994 989 3052 tanquamex
1013 2983 1174 3038 Patre
1204 2984 1432 3038 fontano
1473 2985 1864 3053 procedentem
1898 2986 2208 3041 nominavit

631 3073 865 3128 ﬂuvium
897 3083 1208 3144 separatum
1237 3074 1306 3129 ab
1337 3075 1654 3131 inlidelibus
1686 3095 1698 3129 :
1731 3077 2050 3148 irrigantem
2104 3095 2204 3133 au-

1845 383 1904 443 s.
1947 384 2343 444 ANASTASII
2386 387 2710 449 SlNAIT/E
3709 383 3754 472 π

646 503 863 557 nitatem
885 498 1057 555 Dei'"
1075 505 1405 570 ,,propterea
1428 498 1583 569 'quod
1618 499 1817 554 lluvius
1837 500 1931 554 Dei
1964 515 2218 571 egressus
2246 505 2292 560 A
2320 501 2376 556 in
2410 513 2559 559 terra
2588 505 2852 561 Ecclesia:
2895 505 3234 576 resplendet,
3268 512 3327 560 et
3356 503 3611 560 aduratur.
3640 498 3754 576 Auri

2319 596 2467 651 enim
2495 607 2764 654 terrarum
2790 600 3082 654 multarum
3121 600 3400 670 (gentium
3429 599 3499 652 dii
3518 610 3568 653 et
3590 596 3754 670 idaltid

2321 691 2542 753 malum,
2583 691 2880 747 obscurum
2911 702 2967 746 et
2999 691 3402 746 adulterinum.
3424 691 3754 754 lnmultisanld

2320 783 2456 839 locis
2486 783 2683 838 divina:
2711 783 3029 853 Scriptum,
3082 784 3201 852 ipse
3256 797 3474 851 quoque
3516 783 3754 853 ρει-καιιή

2321 873 2571 927 invenies
2600 889 2795 928 aurum
2825 874 2966 928 sumi
3001 889 3103 943 pro
3129 873 3314 943 ﬁgura
3353 873 3627 927 divinitatis
3656 873 3754 943 Veri

2317 964 2456 1018 Arca
2477 964 2625 1017 enim
2657 964 2860 1035 lignea,
2887 979 3010 1034 quae
3038 972 3158 1018 erat
3208 973 3452 1024 terrena,
3503 963 3754 1035 obducat-nl

2319 1057 2654 1111 intrinsecus
2684 1065 2741 1110 et
2765 1056 3109 1110 extrinsecus
3134 1070 3280 1109 auro
3305 1069 3445 1124 puro
3475 1054 3525 1107 in
3552 1064 3679 1125 typum
3707 1057 3754 1125 [il

2317 1149 2589 1205 vinitatis.
2616 1149 2880 1203 Similiter
2904 1159 2961 1204 et
2993 1149 3267 1218 templum
3299 1148 3592 1202 Salomonis
3613 1148 3754 1218 omni

2317 1245 2436 1298 erat
2479 1258 2615 1297 auro
2649 1242 2968 1313 purissimo.
3027 1242 3206 1296 Porro
3256 1250 3444 1295 autem
3490 1255 3597 1293 arca
3639 1241 3754 1313 qua”

2316 1352 2483 1392 aurea
2515 1335 2795 1392 Christum
2840 1335 3082 1390 Verbum
3125 1333 3295 1388 nobis
3347 1333 3500 1402 prius
3540 1333 3754 1402 described

2314 1435 2372 1481 et
2395 1428 2798 1497 praefigurabat.
2837 1428 2904 1481 Et
2940 1426 3175 1481 fortasse
3203 1441 3276 1480 ea
3313 1424 3384 1478 de
3414 1439 3564 1478 causa
3583 1424 3754 1497 ﬂagiti-tl

2315 1535 2422 1589 que
2454 1519 2674 1574 Christo
2705 1522 2846 1589 (vice
2881 1519 3153 1587 omnium)
3197 1516 3450 1586 gentium
3479 1531 3638 1570 aurum
3654 1518 3714 1569 uile

2316 1535 2422 1589 que
2454 1531 2674 1574 Chrtsw
2705 1531 2846 1589 (vice
2881 1531 3153 1587 omnium)
3197 1531 3450 1586 genuum
3479 1531 3638 1570 aurum
3654 1531 3714 1569 oue

2316 1612 2465 1675 bant,
2492 1611 2728 1665 contrita
2752 1612 2990 1681 imagine
3021 1609 3361 1665 idololatriae
3405 1624 3521 1677 quae
3548 1620 3638 1661 erat
3667 1531 3754 1681 ωᾙ

2315 1703 2465 1766 lone,
2498 1715 2554 1758 et
2583 1720 2646 1758 ea
2679 1703 2782 1774 ipsi
2807 1703 3010 1766 oblata,
3037 1711 3096 1756 ut
3129 1716 3262 1757 cum
3299 1701 3618 1757 obscuratam
3642 1701 3754 1774 etuti

2316 1806 2632 1850 nescentem
2659 1795 2849 1850 Adami
2875 1795 3168 1865 imaginem
3197 1795 3350 1865 (quae
3380 1793 3547 1846 fuerat
3575 1792 3689 1861 898
3708 1792 3754 1862 Η

2314 1974 2641 2028 immutatus
2677 1989 2742 2028 ac
2764 1975 3002 2036 deletus,
3029 1974 3426 2044 contritusque
3455 1974 3599 2027 animi
3625 1974 3754 2044 nam

2311 2079 2375 2118 ac
2405 2064 2964 2135 perturbationibus),
2997 2074 3056 2120 et
3080 2064 3354 2135 reliquias
3393 2064 3654 2118 divinorum

2311 2079 2375 2118 ac
2405 2077 2964 2135 perturbationibuS),
2997 2077 3056 2120 et
3080 2077 3354 2135 reliquias
3393 2077 3654 2118 divinorum

2311 2157 2564 2211 datorum
2593 2173 2660 2211 ex
2707 2173 2923 2212 veneno
2968 2159 3272 2227 serpentis,
3326 2157 3568 2213 Christus
3603 2077 3754 2306 ulla

2311 2249 2533 2303 divinus
2563 2249 2851 2304 character
2878 2259 3122 2306 paternae
3164 2249 3498 2306 hvnostasis.
3533 2249 3622 2303 refo

2311 2249 2533 2303 divinus
2563 2249 2851 2304 character
2878 2259 3122 2318 paternae
3164 2249 3498 2322 hypostasis,
3533 2249 3622 2303 refo

2310 2341 2367 2395 in
2391 2343 2572 2411 seipso
2601 2343 2746 2397 servi
2781 2342 3012 2396 formam
3063 2343 3408 2413 suscipiens,
3456 2341 3674 2413 signaculo
3703 2340 3754 2413 bal

2308 2435 2581 2505 ptismatis
2611 2451 2711 2504 per
2734 2451 2932 2504 aquam
2971 2442 3026 2489 et
3059 2435 3248 2506 ignem
3294 2451 3419 2490 eam
3451 2433 3748 2504 expurgaretil

2307 2543 2371 2581 ea
2405 2527 2670 2596 impressa
2709 2527 2932 2597 propria
2957 2537 3012 2581 et
3052 2529 3427 2583 conveniente
3470 2527 3638 2580 ratione
3667 2521 3748 2574 ea.

2307 2616 2376 2670 Et
2403 2632 2595 2670 rursus
2627 2615 2718 2670 ﬁat
2748 2633 2938 2670 aurum
2972 2615 3116 2670 illius
3144 2626 3310 2672 terra:
3343 2616 3539 2678 bonum,
3561 2615 3753 2683 congrml

2310 2716 2394 2761 ter
2443 2709 2494 2762 ei
2531 2708 2677 2778 quod
2726 2708 2995 2777 scriptum
3042 2718 3129 2762 est
3183 2708 3256 2765 de
3320 2708 3572 2778 spirituali
3609 2703 3748 2759 Ecclesia

2305 2800 2540 2855 Evilath.
2566 2800 2624 2854 ln
2651 2816 2715 2855 ea
2745 2802 2894 2856 enim
2931 2801 3046 2855 sola
3090 2810 3178 2856 est
3208 2802 3448 2872 probum
3471 2809 3520 2855 et
3557 2814 3635 2852 non
3663 2795 3748 2849 adll-

2306 2894 2548 2948 teriuum
2581 2909 2778 2947 aurum
2815 2893 3156 2964 dogmatum.
3191 2897 3394 2948 Arcam
3412 2901 3570 2947 autem
3587 2895 3748 2958 quam

2306 2985 2578 3055 significat
2607 2987 2851 3056 gentium
2895 2987 3218 3053 Ecclesiam,
3263 2986 3402 3041 dicit
3454 2983 3747 3038 intrinsecuse‘.

2306 3079 2655 3132 extrinsecus
2684 3094 2822 3132 auro
2869 3095 3008 3148 puro
3047 3094 3169 3133 esse
3203 3078 3501 3134 obductam
3539 3069 3746 3130 Diviniut'ﬁ.

3751 2298 3754 2488 ι

628 3176 743 3223 tem
781 3176 1020 3237 quatuor
1043 3167 1218 3223 initiis
1240 3171 1290 3236 (a
1316 3168 1535 3232 finibus,
1556 3170 1799 3240 inquam,
1819 3171 1970 3225 orbis
2001 3176 2202 3242 terrae),
2231 3190 2273 3247 α
2306 3172 2565 3239 quoniam
2593 3181 2649 3225 ct
2673 3187 2796 3240 quae
2817 3181 2945 3226 sunt
2975 3172 3330 3228 extrinsecus
3375 3171 3506 3242 (qua!
3550 3167 3632 3222 sola
3666 3161 3753 3252 titul

623 3260 943 3331 paradisum
973 3261 1229 3316 Ecclesia:
1277 3277 1467 3316 eorum
1509 3264 1604 3332 qui
1649 3264 1884 3318 credunt
1943 3265 1998 3319 in
2041 3265 2200 3320 Chri-

617 3362 796 3408 stum.
848 3351 1051 3407 Nomen
1078 3361 1256 3406 autem
1291 3356 1384 3407 uni
1428 3353 1644 3408 Phison.
1699 3355 1804 3410 Iste
1853 3366 1926 3410 est
1965 3359 2056 3428 qui
2100 3360 2201 3412 cir-

613 3446 731 3498 ‘cuit
762 3459 974 3496 omnem
1003 3451 1200 3496 terram
1222 3442 1462 3496 Evilat/1.
1507 3442 1564 3497 lu
1603 3443 1861 3499 omnibus
1906 3446 2043 3500 locis
2083 3454 2198 3501 ter-

630 3536 782 3591 renis
811 3550 932 3603 quae
958 3543 1086 3588 sunt
1121 3534 1428 3598 manifesta,
1464 3551 1575 3589 non
1599 3546 1684 3591 est
1707 3537 1862 3591 locus
1899 3539 1994 3606 qui
2034 3555 2198 3594 voca-

629 3635 721 3681 tur
749 3625 986 3680 Evilath.
1034 3624 1412 3690 Quamobrem
1472 3626 1604 3681 hinc
1653 3641 1871 3697 quoque
1922 3630 2202 3700 arguimus

593 3715 887 3770 inﬁdeles
945 3715 1093 3784 quod
1146 3717 1406 3787 mysteria
1452 3717 1762 3787 spiritualia
1807 3719 1969 3774 nobis
2016 3733 2204 3777 narrat

630 3807 938 3876 Scriptura.
962 3807 1166 3861 Phison
1196 3809 1343 3862 enim
1382 3810 1796 3880 interpretatur,
1841 3830 1896 3866 os
1931 3813 2204 3868 alteratio-

630 3899 731 3952 πίε.
787 3898 904 3968 Ipsa
942 3907 1124 3954 autem
1153 3901 1403 3955 alteratio
1431 3918 1526 3957 seu
1562 3905 1793 3959 mutatio
1818 3906 2054 3962 dexterae
2094 3908 2203 3961 Ex-

609 3991 760 4045 «celsi
809 3990 952 4045 facta
1001 4000 1085 4046 est
1110 4007 1234 4047 cum
1259 3993 1505 4049 divinum
1538 3996 1776 4050 Verbum
1805 4000 2094 4054 alterassct
2142 4016 2205 4054 ac

631 4093 902 4138 mutasset
931 4101 943 4136 :
977 4101 1037 4139 os
1063 4093 1120 4139 et
1156 4085 1411 4156 spiritum
1447 4088 1728 4152 Ecclesiae,
1760 4104 1826 4144 ex
1866 4091 2204 4161 blasphemia

603 4177 688 4231 in
711 4175 899 4241 ﬁdem,
921 4187 978 4231 et
1004 4193 1068 4230 ex
1105 4178 1493 4234 maledicentia
1525 4181 1580 4233 in
1611 4181 1944 4253 theologiam
1975 4198 2071 4239 seu
2108 4185 2203 4239 Dei

607 4304 613 4315 -η
631 4268 851 4324 laudem
886 4285 949 4323 ac
981 4270 1455 4340 praedicationem.
1485 4271 1699 4326 Evilath
1729 4283 1954 4339 autem,
2013 4289 2208 4328 rursus

633 4361 1035 4430 interpretatur
1063 4361 1365 4429 parturiens
1391 4369 1449 4415 et
1489 4363 1725 4430 pariens.
1753 4361 2036 4432 Signiﬁcat
2059 4363 2204 4418 enim
2245 4387 2252 4391 ί

616 4452 857 4523 proprie
879 4453 1125 4522 gentium
1152 4452 1456 4508 Ecclesiam
1493 4468 1616 4523 qua:
1637 4454 1933 4524 aliquando
1954 4463 2074 4510 erat
2094 4465 2207 4510 ste-

2306 3262 2548 3334 Judazus)
2580 3261 2726 3318 Deus
2755 3263 2925 3318 efficit
2954 3272 3013 3318 ut
3047 3263 3302 3334 fulgeant
3339 3282 3351 3317 :
3382 3273 3436 3318 et
3458 3276 3560 3333 qua:
3598 3264 3678 3311 sunt
3702 3255 3753 3304 in?

2298 3356 2598 3419 trinsecus,
2626 3370 2749 3425 qua:
2781 3371 2906 3410 cum
2945 3355 3011 3410 iis
3034 3372 3156 3426 qua:
3177 3366 3319 3412 sunt
3349 3356 3639 3412 extrinsecus
3665 3345 3753 3413 aspi‘

2297 3447 2378 3502 cis
2400 3447 2656 3517 (populus
2679 3447 2942 3517 gentilis),
2973 3447 3115 3502 idem
3143 3448 3442 3510 illuminat,
3472 3459 3572 3500 eam
3595 3440 3736 3504 undique

2301 3539 2606 3602 illustrans,
2644 3539 2860 3593 etiamsi
2885 3539 3107 3595 Judazus
3130 3549 3363 3610 propter
3388 3535 3670 3609 ignorantiam
3684 3531 3753 3580 nui

2299 3633 2447 3687 videt
2465 3633 2790 3702 probitatem
2809 3635 2929 3702 ejus
2949 3633 3096 3702 quod
3119 3643 3205 3687 est
3224 3624 3736 3692 extrinsecuslfemplum

2302 3732 2484 3774 autem
2525 3721 2834 3776 Salomonis
2862 3722 3135 3792 ﬁgurabat
3167 3723 3434 3793 templum
3466 3711 3737 3774 humanas

2302 3828 2411 3882 quo
2461 3814 2674 3868 habitat
2719 3814 2964 3869 Trinitas
2999 3832 3014 3868 :
3053 3815 3201 3884 quod
3273 3815 3575 3870 intrinsecus
3607 3804 3734 3876 quid?!

2302 3905 2474 3976 fulget
2529 3921 2685 3970 auro,
2731 3917 3026 3977 propterea
3059 3907 3210 3977 quod
3235 3908 3484 3978 templum
3505 3897 3735 3969 Deiqnodﬁ‘

2306 3998 2361 4052 in
2392 3998 2616 4053 homine
2657 3999 2996 4055 intrinsecus
3036 4001 3215 4055 solum
3241 4000 3439 4054 habere
3463 3995 3615 4052 debeat
3631 3988 3730 4058 splrl'

2306 4089 2496 4144 dorem
2528 4103 2780 4159 operum,
2809 4098 2864 4143 et
2885 4106 2996 4145 non
3036 4091 3204 4145 etiam
3225 4091 3547 4146 extrinsecus
3564 4081 3610 4137 ad
3627 4087 3729 4131 σειρη-

2307 4179 2571 4234 tationem
2598 4195 2610 4231 :
2641 4178 2902 4248 quoniam
2940 4177 3128 4250 fulgur
3159 4194 3382 4249 quoque
3407 4166 3721 4232 Divinitatisillu-

2308 4271 2480 4324 minat
2503 4270 2761 4334 animam,
2787 4279 2844 4325 et
2873 4285 2994 4324 eam
3023 4269 3210 4324 reddit
3234 4285 3371 4324 auro
3402 4267 3550 4323 forma
3573 4258 3723 4316 similia:

2310 4377 2511 4432 corpus
2533 4371 2717 4416 autem
2748 4369 2935 4416 manet
2978 4363 3289 4434 neglectum
3341 4371 3396 4418 ct
3451 4358 3722 4419 contempla"?

2308 4455 2513 4510 nullam
2545 4455 2691 4510 enim
2727 4455 2846 4525 ejus
2870 4454 3036 4509 habet
3075 4454 3346 4509 rationem
3387 4453 3430 4507 is
3453 4449 3527 4504 cui
3547 4455 3644 4500 eum
3660 4441 3723 4488 εδει

620 4545 771 4611 τίιίε,
801 4545 867 4598 ad
896 4559 1060 4613 quam
1098 4545 1242 4598 Deus
1271 4544 1472 4598 clamat
1497 4559 1598 4613 per
1643 4559 1836 4600 vocem
1882 4547 2201 4616 prophetae:
2236 4530 2282 4590 ί)
2309 4551 2544 4606 interna.
2595 4550 2764 4604 Porro
2795 4557 2979 4604 autem
3028 4566 3165 4606 urna
3201 4563 3417 4622 quoque
3453 4536 3720 4616 (siquidem?

623 4637 852 4700 Laetare,
876 4635 1074 4691 sterilis
1096 4652 1211 4705 qme
1237 4653 1341 4689 non
1373 4637 1552 4706 paris;
1574 4652 1785 4706 erumpe
1801 4645 1851 4690 et
1873 4637 2068 4701 clama,
2097 4655 2213 4710 qua:

629 4745 733 4782 non
754 4729 988 4801 parturis
1019 4747 1037 4782 :
1069 4730 1323 4800 quoniam
1347 4727 1525 4798 plures
1555 4737 1676 4781 sunt
1697 4727 1799 4797 ﬁlii
1840 4729 2061 4783 deserta:
2095 4747 2214 4784 mo-

630 4820 705 4889 gis
725 4836 885 4890 quam
913 4820 1028 4890 ejus
1073 4835 1190 4889 qua:
1216 4818 1368 4872 habet
1397 4819 1568 4871 virum
1591 4817 1636 4848 ⁶⁴⁶
1683 4833 1749 4872 ex
1801 4818 2027 4875 Iudaeis.
2066 4819 2214 4885 Quo-

629 4912 777 4964 niam
807 4911 1014 4966 sterilis
1044 4909 1263 4980 peperit
1297 4919 1507 4978 septem
1540 4926 1554 4973 ;
1596 4919 1652 4963 et
1693 4925 1813 4978 quae
1842 4911 2084 4978 parturit
2125 4920 2212 4964 est

629 5002 935 5071 propinqua
971 5003 1175 5071 partui,
1209 5014 1264 5056 et
1297 5001 1350 5054 in
1408 5010 1566 5069 partu
1628 5016 1730 5054 suo
1781 5002 1860 5054 sic
1902 5000 2202 5055 clamavit:

627 5092 810 5146 Geniti
845 5108 1037 5147 sumus
1061 5094 1263 5147 dilecto
1287 5092 1424 5146 Filio
1458 5093 1549 5146 Dei
1599 5093 1694 5162 qui
1744 5093 1948 5146 dicitur
1980 5093 2204 5158 Phison,

628 5185 722 5252 qui
745 5195 830 5236 est
857 5201 918 5236 os
954 5185 1151 5245 Patris,
1189 5194 1245 5239 et
1280 5185 1514 5239 mutavit
1545 5200 1719 5253 genus
1751 5194 1998 5238 nostrum
2027 5204 2057 5238 a
2082 5201 2206 5239 eor-

629 5273 884 5342 raptione
910 5274 965 5326 in
990 5274 1490 5342 incorruptionem,
1519 5283 1574 5325 et
1629 5275 1811 5327 circuit
1859 5282 1916 5328 et
1967 5277 2206 5330 custodit

628 5382 834 5418 omnem
858 5374 1059 5418 terram
1092 5365 1302 5420 Evilath
1322 5382 1444 5435 quae
1471 5367 1707 5435 parturit.
1736 5375 1792 5420 et.
1840 5369 1982 5436 parit
2021 5369 2198 5437 ipsqu

627 5457 930 5526 Christum.
982 5457 1353 5525 Quamobrem
1399 5458 1684 5527 subjunxit
1731 5459 1918 5513 dicens
1972 5461 2038 5514 de
2099 5462 2200 5515 hac

630 5551 912 5620 spirituali
941 5548 1174 5612 Evilath,
1201 5548 1347 5617 quod
1376 5548 1489 5602 illic
1517 5560 1594 5602 est
1625 5567 1836 5609 aurum.
1870 5569 2063 5606 aurum
2103 5573 2202 5606 au-

628 5653 730 5696 tem
762 5642 905 5695 iuius
938 5651 1095 5694 ιρι-ναν
1118 5650 1193 5694 cst
1223 5641 1416 5694 bonum
1459 5658 1478 5693 :
1510 5642 1614 5694 hoc
1651 5652 1731 5696 est
1767 5643 2035 5698 Divinitas
2080 5662 2200 5715 qua:

2307 4641 2548 4710 cipiatur
2585 4657 2686 4712 pro
2717 4643 2921 4712 anima)
2950 4641 3058 4698 fert
3088 4642 3304 4707 Manna,
3335 4650 3510 4707 nempe
3526 4627 3718 4687 ωπίεωιιιι

2307 4732 2390 4785 sin
2431 4740 2614 4786 autem
2663 4749 2763 4803 pro
2813 4734 3080 4798 Ecclesia,
3133 4734 3244 4788 fert
3297 4745 3478 4804 panem
3516 4720 3719 4792 mysliflmi

2310 4839 2472 4893 quem
2498 4824 2720 4893 quidem
2753 4840 2864 4878 non
2888 4825 3161 4888 redolent,
3204 4825 3459 4879 hodierno
3501 4817 3570 4870 die
3599 4817 3635 4863 et
3657 4813 3719 4855 m-

2313 4917 2460 4970 stino
2489 4926 2546 4972 et
2578 4917 2858 4986 deinceps,
2884 4933 3082 4972 manna
3115 4922 3501 4972 conservantes.

2379 5008 2476 5063 Est
2509 5009 2676 5064 etiam
2700 5010 2842 5064 alius
2861 5009 3080 5079 quidam
3111 5010 3272 5080 lapis,
3297 5008 3384 5079 qui
3407 4999 3548 5076 gratia
3571 4996 3717 5063 P'mn'

2309 5101 2772 5170 temperationem
2826 5103 3072 5172 suscepit
3119 5101 3455 5178 aurifer-mem
3501 5082 3718 5161 splenian

2305 5192 2665 5259 Divinitatis;
2694 5194 2837 5247 alius
2861 5201 3044 5249 autem
3073 5179 3168 5264 qui
3205 5191 3434 5262 suscepit
3465 5196 3567 5256 pura
3587 5183 3622 5229 εί
3653 5177 3712 5264 ¹¹⁰¹ξ

2305 5283 2615 5338 adulterina
2651 5283 2939 5353 theologia‘.
2966 5260 3240 5354 dogmata,
3264 5295 3320 5339 et
3341 5260 3400 5337 iis
3421 5260 3716 5354 illustntuff“

2306 5375 2419 5429 illic
2437 5383 2523 5430 est
2545 5374 2916 5430 carbunculus
2940 5385 2994 5430 et
3017 5377 3154 5446 lapis
3177 5376 3441 5446 prasinus;
3462 5349 3710 5446 carbunculus:

2311 5467 2404 5521 Sol
2436 5465 2699 5528 cmlestis,
2725 5468 2873 5521 Deus
2909 5438 3335 5523 Verbum-Deus
3375 5463 3496 5518 enim
3534 5456 3648 5506 noster
3672 5438 3712 5488 δ’

2305 5559 2442 5627 ignis
2478 5574 2788 5610 consumens
2825 5559 2870 5589 ⁸⁵
2907 5577 2918 5611 :
2953 5569 3009 5613 ct
3056 5560 3182 5614 ideo
3237 5560 3473 5614 carbones
3505 5543 3618 5601 etiam
3649 5541 3708 5627 ξπ

2308 5651 2448 5702 censi
2464 5660 2594 5702 sunt
2625 5651 2689 5703 ab
2714 5667 2774 5703 eo
2805 5651 2871 5705 “..
2903 5651 3077 5722 Hujus
3102 5653 3195 5722 qui
3235 5652 3420 5706 dicitur
3455 5621 3707 5698 carbunculi"

695 5789 739 5862 ξ’
782 5785 921 5840 Peal.
955 5800 1074 5862 sitv.
1097 5783 1364 5862 53:13:31.
1395 5783 1654 5862 unum.
1737 5787 1778 5816 ⁶¹
1803 5785 1955 5841 Joan.
1986 5803 2092 5853 xvi,
2121 5788 2210 5842 28.
2287 5790 2333 5821 “
2354 5788 2511 5852 Joan.
2535 5805 2630 5860 γη,
2653 5789 2747 5858 58.
2823 5791 2868 5823 ⁸³
2899 5791 3039 5847 Psal.
3077 5806 3232 5862 xxvv,
3261 5791 3311 5856 9,
3344 5787 3413 5842 10.
3473 5779 3504 5808 "
3520 5774 3590 5827 1⁵³·
3608 5749 3703 5815 LM

622 5860 652 5887 ³
676 5857 834 5912 Deut.
867 5873 938 5920 tv,
965 5855 1053 5910 ‘22.
1137 5856 1181 5887 "
1209 5849 1351 5910 Psal.
1394 5871 1520 5920 xvu,
1545 5853 1596 5907 9.
