4080 6526
221 395 328 457 977

1286 394 1361 453 IN
1402 390 1945 453 HEXAEMERON.
1973 418 2041 427 ·-
2067 395 2210 454 LIB.
2254 393 2416 454 Vill.

3360 390 3467 454 978

222 514 356 562 sunt
384 507 575 560 omnes
602 506 721 575 ejus
746 505 997 576 imaginis
1035 504 1361 571 conformes,
1398 507 1580 561 eﬂ'ecti
1616 507 1782 560 lumi-
1818 509 1861 564 Α
1893 504 2305 561 Bethleemitico
2364 507 2505 560 antri
2565 505 2715 560 fonte
2749 546 2762 567 .
2821 506 2887 559 ad
2938 506 3078 561 Geon
3102 504 3349 558 ﬂuvium
3405 506 3462 560 in

220 598 378 653 naria
414 595 617 665 quibus
650 597 869 651 dicebat
898 615 910 649 :
938 596 1048 667 Ego
1066 614 1185 651 sum
1212 597 1302 651 lux
1327 600 1506 652 mundi
1531 600 1596 653 ".
1632 598 1790 652 Hunc

221 691 521 745 carbonem
554 690 650 743 Dei
684 690 848 743 Verbi
879 690 1031 759 prius
1081 691 1374 761 descripsit
1419 707 1483 745 ac
1537 690 1792 761 figuravit

221 782 318 836 ille
349 797 566 851 quoque
596 782 764 836 carbo
801 799 963 851 quem
998 780 1134 839 vidit
1184 784 1356 838 isaias
1400 783 1445 814 “
1503 783 1557 836 in
1610 782 1792 838 medio

218 886 347 929 esse
373 874 601 943 forcipe,
628 883 683 927 et
720 888 955 943 purgare
985 877 1106 945 ejus
1142 889 1386 945 peccata.
1422 876 1661 944 Forceps
1697 890 1793 929 au-

220 971 335 1016 tem
358 961 559 1016 Christi
594 978 689 1031 per
716 962 855 1017 duas
880 964 1138 1033 pinnulas
1169 980 1296 1017 eum
1342 972 1538 1018 tenens
1583 973 1669 1019 est
1706 964 1791 1018 in-

220 1054 491 1107 temerata
514 1054 636 1122 ejus
671 1051 861 1119 Mater,
894 1064 949 1108 et
979 1054 1390 1109 sanctissimum
1420 1056 1538 1125 ejus
1568 1070 1791 1124 corpus.

216 1143 342 1200 Illic
370 1153 467 1208 est,
496 1144 551 1197 in
578 1144 761 1199 medio
782 1146 993 1200 scilicet
1017 1162 1233 1211 eorum,
1266 1147 1657 1212 carbunculus,
1700 1146 1795 1201 de-

217 1236 352 1291 inde
381 1252 575 1291 rursus
600 1237 656 1290 in
691 1236 883 1292 eodem
907 1237 1073 1293 ﬂuvio
1098 1239 1237 1308 lapis
1256 1254 1475 1309 quoque
1509 1240 1788 1308 prasinus.

218 1330 443 1384 Primus
475 1328 697 1399 quidem
725 1330 1049 1384 carbunculi
1079 1332 1232 1385 color
1264 1338 1349 1385 est
1409 1330 1670 1392 ccelestis,
1710 1344 1796 1384 se-

217 1421 442 1476 cundus
462 1428 649 1475 autem
681 1421 963 1476 terrestris
991 1439 1003 1473 :
1038 1431 1327 1491 propterea
1355 1422 1504 1476 enim
1548 1436 1652 1475 nec
1693 1436 1792 1489 ap-

218 1513 392 1582 pellat
410 1513 649 1581 lapidem
680 1513 775 1582 qui
805 1513 1050 1568 nascitur
1071 1530 1100 1568 e
1135 1522 1299 1577 terra,
1324 1522 1381 1567 et
1408 1513 1502 1583 qui
1526 1522 1611 1567 est
1638 1520 1799 1583 typus

218 1616 465 1661 terrena:
491 1607 675 1661 carnis
700 1606 887 1661 Verbi.
918 1607 1213 1675 Propterea
1237 1615 1419 1661 autem
1451 1604 1597 1675 quod
1628 1605 1798 1657 omnis

217 1713 355 1749 varo
380 1706 464 1752 est
488 1697 665 1766 fenum
698 1698 764 1761 δ’,
791 1712 953 1751 omne
986 1706 1169 1751 autem
1212 1696 1398 1751 fenum
1425 1697 1704 1752 virescens
1742 1696 1797 1750 in

218 1790 417 1845 colere
450 1790 690 1845 cernitur
737 1789 901 1844 viridi
937 1798 1031 1844 aut
1059 1799 1316 1859 tanquam
1346 1804 1631 1859 porraceo,
1665 1804 1787 1857 pro-

1888 595 2118 669 Aigypto
2155 598 2542 668 proficiscitur,
2571 598 2829 667 quoniam
2859 596 3137 652 secundus
3180 613 3244 651 eat
3293 614 3457 667 para-

1890 690 2005 743 diso
2032 690 2195 755 Geon,
2222 700 2279 744 et
2311 690 2590 746 secundus
2626 690 2903 761 hypostasi
2936 706 3001 745 ex
3056 691 3215 745 Patre
3266 691 3459 746 Filius.

1892 781 2048 837 Unde
2093 782 2259 835 etiam
2309 797 2375 835 ex
2430 791 2828 835 cataractarum
2865 782 3157 836 altitudine
3183 783 3475 853 egreditur

1893 881 1949 927 et
2001 872 2291 928 descendit
2322 873 2495 937 Geon,
2538 874 2797 943 quoniam
2828 874 3081 930 Christus
3136 891 3357 945 quoque
3398 892 3479 930 ex

1894 967 2200 1021 ccelestium
2225 976 2625 1022 cataractarum
2648 966 2942 1022 altitudine
2977 969 3267 1023 descendit
3297 982 3467 1039 super

1895 1066 2119 1112 terram.
2156 1057 2508 1127 Superiorem
2533 1055 2823 1127 EthiOpize
2848 1065 2903 1109 et
2944 1057 3258 1113 inferiorem
3302 1058 3468 1129 Egy-

1895 1150 1975 1220 pti
2010 1149 2287 1220 regionem
2314 1150 2506 1219 irrigat
2533 1157 2589 1203 et
2622 1148 2762 1202 ditat
2794 1148 2968 1213 Geon,
3010 1152 3287 1218 quomodo
3311 1152 3470 1206 Chri-

1895 1249 2015 1296 stus
2038 1256 2259 1311 quoque
2281 1240 2524 1296 ccelestia
2543 1249 2598 1294 et
2625 1241 2905 1295 terrestria
2924 1241 3063 1295 ditat
3089 1252 3143 1296 et
3172 1244 3461 1300 illuminat.

1896 1336 1975 1390 Ex
2006 1333 2209 1403 ignotis
2239 1342 2297 1388 et
2330 1332 2812 1402 inaspectabilibus
2853 1333 3253 1403 inaccessisque
3284 1344 3339 1389 et
3385 1338 3471 1390 in-

1896 1425 2295 1481 scrutabilibus
2339 1424 2478 1479 locis
2516 1425 2678 1479 ambo
2728 1424 3092 1493 procedentes
3128 1425 3485 1480 descendunt

1898 1516 1954 1571 in
2003 1516 2121 1571 loca
2171 1515 2416 1569 habitata
2460 1533 2473 1567 :
2513 1525 2679 1584 atque
2724 1515 2861 1569 adeo
2903 1514 2957 1569 in
3004 1516 3169 1569 rebus
3216 1518 3495 1573 omnibus:

1900 1608 2087 1679 figuris
2140 1618 2196 1663 et
2238 1608 2505 1678 exemplis
2538 1607 2688 1662 Geon
2722 1608 3000 1677 praedicat,
3031 1616 3087 1662 et
3125 1608 3473 1677 apertissime

1899 1702 2097 1756 clamat
2141 1700 2346 1755 Christi
2386 1700 2682 1772 .mysteria.
2735 1700 3100 1766 Quamobrem
3153 1700 3327 1765 Nilus,
3379 1702 3472 1771 qui

1900 1793 2197 1864 aliquando
2230 1794 2298 1849 ab
2340 1793 2500 1847 initio
2536 1793 2788 1847 seaturiit
2816 1793 3081 1863 sanguine
3105 1802 3163 1848 et
3188 1807 3350 1863 aqua,
3376 1810 3471 1865 per

220 1892 418 1952 pterea
439 1882 491 1936 id
516 1898 735 1952 quoque
757 1883 905 1953 quod
936 1882 1141 1939 Christi
1169 1854 1255 1938 est
1277 1854 1519 1947 carnale,
1554 1893 1613 1938 ut
1639 1854 1786 1954 quod
1823 1854 1866 1909 Β
1890 1854 2197 1957 exemplum
2258 1886 2417 1940 nobis
2472 1895 2600 1941 ante
2669 1854 2986 1955 praedicavit
3039 1854 3358 1956 sanguinem
3378 1854 3393 1865 .
3418 1896 3491 1941 ett

214 1990 254 2027 e
302 1981 446 2028 terra
476 1974 882 2044 germinaverit,
942 1975 1301 2030 assimilatum
1343 1986 1428 2031 est
1485 1977 1537 2031 ei
1597 1977 1789 2031 colori.

218 2064 379 2121 Unde
416 2066 580 2121 etiam
640 2066 861 2121 divinus
906 2066 1097 2121 Daniel
1133 2068 1314 2122 carnis
1358 2077 1625 2137 susceptae
1684 2068 1793 2122 dis-

217 2158 601 2227 pensationem
653 2158 889 2227 lapidem
968 2158 1285 2228 appellavit,
1347 2160 1577 2214 dicens:
1626 2160 1789 2230 Lapis

220 2261 300 2304 est
321 2252 524 2304 excisus
546 2267 610 2305 ex
640 2261 813 2305 monte
842 2251 1092 2322 virginali
1126 2252 1318 2321 absque
1356 2253 1597 2306 manibus
1624 2253 1669 2283 ⁷⁰
1704 2269 1790 2308 se-

222 2343 620 2398 minationis'et
651 2344 1019 2414 corruptionis
1052 2361 1064 2396 :
1104 2343 1354 2414 Lapidem
1408 2361 1562 2412 quem
1606 2360 1791 2415 repro-

219 2436 421 2490 banmt
462 2436 787 2491 exsecrandi
840 2436 1185 2504 wdiﬁcatores
1246 2438 1288 2469 ⁷¹
1343 2438 1436 2507 qui
1472 2438 1537 2491 ad
1572 2453 1790 2493 carnem

224 2527 584 2582 oﬂ‘enderunt
600 2544 721 2598 quae
733 2530 992 2598 populum
1016 2544 1073 2583 se
1093 2529 1365 2584 aedificare
1386 2529 1791 2596 existimabant,

218 2619 432 2677 Seribaa
457 2630 511 2674 et
540 2620 820 2676 Pharisaei.
846 2622 922 2677 De
945 2638 1054 2691 quo
1080 2622 1260 2692 lapide
1281 2622 1415 2677 dicit
1458 2623 1619 2678 etiam
1649 2625 1793 2679 Deus

218 2726 326 2779 per
348 2726 537 2766 vocem
566 2713 795 2768 alterius
831 2715 1149 2784 prophetas:
1201 2715 1330 2768 Ecce
1373 2732 1508 2786 pono
1553 2717 1607 2769 in
1665 2716 1792 2771 Sion

221 2802 477 2872 lapidem.
502 2814 557 2857 ut
582 2808 749 2859 omnis
784 2809 872 2876 qui
900 2808 1063 2860 credit
1096 2810 1150 2861 in
1181 2824 1300 2860 eum
1324 2807 1521 2877 pudore
1547 2825 1649 2861 non
1673 2809 1794 2878 afﬁ-

217 2896 402 2948 ciatur
426 2898 489 2950 ".
524 2896 669 2959 HERC.
705 2909 765 2953 ut
789 2915 891 2969 ego
914 2900 1136 2969 quidem
1180 2900 1441 2965 arbitror,
1500 2916 1601 2955 nos
1653 2902 1791 2956 aeni-

217 2986 463 3056 gmatice
494 2988 654 3042 docet
681 2988 952 3058 dogmata,
996 2990 1181 3045 divina
1203 2991 1504 3061 Scriptura,
1554 3009 1653 3063 per
1692 2994 1795 3047 hos

218 3077 422 3133 ﬂuvios
453 3089 507 3133 et
532 3095 745 3145 aurum,
778 3083 1173 3137 carbunculqu
1195 3093 1251 3137 et
1274 3085 1619 3154 smaragdum
1649 3101 1790 3141 :non

1892 1997 2086 2051 aquam
2128 1988 2504 2035 emanaturam
2539 1996 2607 2035 ex
2647 1982 2819 2035 latere
2873 1979 3026 2034 ﬂuvii
3079 1980 3177 2034 Dei
3227 1979 3356 2035 Jesu
3417 1980 3472 2034 in

1891 2072 2176 2143 Golgotha.
2207 2073 2274 2127 Et
2298 2082 2465 2126 totam
2492 2081 2695 2126 terram
2728 2072 2820 2127 hic
2846 2070 3001 2127 Geon
3028 2070 3195 2125 simul
3213 2070 3472 2141 irrigans,

1891 2172 1948 2217 et
1981 2179 2172 2217 rursus
2208 2163 2274 2217 ad
2300 2162 2581 2232 proprium
2614 2178 2778 2216 suum
2802 2162 3042 2231 priorem
3068 2161 3252 2216 locum
3281 2177 3470 2217 rever-

1894 2259 2036 2315 tens,
2067 2252 2315 2306 cernitur
2338 2250 2617 2306 Christum
2648 2251 3017 2321 prazfigurare,
3063 2252 3156 2321 qui
3206 2250 3473 2305 mundum

1893 2342 2138 2412 irrigavit
2171 2350 2225 2396 et
2250 2342 2579 2396 illuminavit
2611 2342 2777 2396 simul
2813 2342 3006 2397 dicens
3038 2359 3051 2395 :
3085 2342 3198 2413 Ego
3224 2359 3257 2395 α
3312 2341 3472 2396 Patre

1894 2444 2006 2482 meo
2030 2430 2183 2495 exivi,
2209 2438 2255 2482 et
2280 2446 2459 2483 rursus
2484 2430 2554 2483 ad
2590 2429 2804 2484 Patrem
2839 2448 3010 2484 meum
3038 2431 3193 2495 vado;
3220 2446 3474 2488 reversus

1892 2535 2013 2574 sum
2039 2520 2093 2574 in
2117 2521 2319 2589 priora,
2348 2536 2580 2591 meaque
2596 2536 2707 2577 non
2730 2523 3148 2593 circumscripta
3169 2530 3300 2577 sunt
3330 2524 3470 2578 loca.

1892 2613 1997 2667 Iste
2030 2611 2434 2669 ammnissimus
2485 2622 2543 2668 et
2596 2613 2830 2685 frugifer
2885 2616 3040 2669 Nilus
3086 2615 3291 2669 occidit
3340 2616 3470 2669 olim

1891 2707 2189 2762 sceleratos
2227 2706 2372 2761 fetus
2400 2706 2764 2777 primogenita
2816 2708 3197 2762 Pharaonitica
3248 2708 3471 2778 legisla-

1891 2799 2027 2853 toris
2052 2800 2208 2869 jussu
2242 2808 2419 2853 morte
2461 2798 2677 2863 aﬂ‘ecta,
2720 2801 2873 2868 prius
2914 2799 3167 2854 indicans
3200 2808 3256 2853 et
3299 2801 3471 2871 signi-

1892 2890 2058 2945 ﬁcans
2086 2890 2369 2945 Christum
2395 2891 2491 2959 qui
2520 2891 2727 2945 occidit
2770 2891 3135 2962 primogenita
3165 2892 3472 2948 Pharaonis

1891 2984 2095 3039 diaboli
2147 2983 2528 3054 (impietatem,
2582 2983 2843 3053 inquam,
2880 2996 2937 3039 et
2985 2986 3378 3052 idololatriam)
3413 2986 3468 3039 in

1892 3078 2164 3148 profundo
2186 3093 2341 3148 aqua;
2369 3077 2739 3147 baptismatis.
2764 3079 2870 3133 Iste
2899 3078 3049 3133 Geon
3079 3080 3288 3148 primus
3311 3077 3474 3132 nobis

218 3172 381 3224 enim
410 3160 512 3224 no's
564 3172 817 3227 aurifices
862 3182 918 3228 et
948 3175 1302 3243 gemmarios,
1337 3192 1789 3247 gemmarumque
1817 3194 1859 3252 α
1893 3171 2186 3241 descripsit
2228 3172 2549 3242 gravissima
2604 3170 2981 3241 Egyptiorum
3013 3171 3284 3241 supplicia
3344 3186 3468 3241 quas

215 3276 363 3318 auro
388 3265 881 3333 conglutinatarum
904 3266 1117 3322 fusores
1140 3266 1359 3323 eﬂicere
1393 3270 1589 3326 volens
1611 3279 1669 3325 et
1691 3271 1791 3325 do-

214 3366 355 3409 cens
380 3354 499 3410 haec
532 3356 668 3410 dicit
707 3356 1013 3427 Scriptura.

297 3441 593 3500 Videamus
625 3455 809 3501 autem
833 3449 998 3502 etiam
1020 3464 1083 3503 ea
1101 3465 1222 3519 quae
1238 3461 1543 3521 sequuntur
1570 3452 1625 3507 in
1649 3454 1792 3508 Scri-

214 3541 407 3604 ptura.
472 3537 602 3592 Nam
637 3554 762 3592 eum
786 3538 1015 3594 dixisset
1037 3542 1279 3610 priorem
1302 3542 1531 3598 ﬂuvium
1562 3545 1791 3611 Phison,

214 3627 508 3697 subjunxit
539 3630 729 3684 dicens
760 3648 771 3683 :
812 3631 881 3683 Et
911 3647 1096 3685 nomen
1138 3634 1362 3687 secundo
1390 3636 1547 3706 ﬂuvio
1600 3636 1737 3692 Geon
1769 3655 1787 3696 ;

214 3718 322 3773 iste
353 3732 427 3773 est
458 3723 545 3791 qui
571 3724 756 3776 circuit
783 3739 988 3777 omnem
1031 3740 1228 3780 terram
1273 3726 1572 3798 Ethiopiw.
1608 3730 1795 3784 Traxit

216 3829 328 3869 nos
390 3817 697 3885 procedens
744 3818 922 3872 oratio
979 3819 1083 3873 Nili
1114 3819 1445 3875 ﬂuentorum
1480 3822 1537 3875 in
1564 3822 1796 3893 {Egypto

215 3904 595 3971 latitudinem,
655 3918 714 3963 ut
764 3925 885 3979 qua:
948 3926 1048 3964 nos
1102 3911 1389 3966 deduxerit
1416 3914 1481 3967 ad
1529 3914 1690 3979 Geon,
1721 3916 1787 3969 ad

218 4013 393 4069 quem
428 4001 658 4055 maxime
685 4000 997 4058 derivamus
1028 4003 1252 4058 ﬂuvium
1290 4007 1454 4077 hujus
1509 4008 1794 4071 orationis,

217 4096 282 4142 et
328 4102 431 4141 nos
454 4098 669 4157 oportet
688 4092 913 4144 omnino
938 4093 991 4145 in
1021 4092 1309 4164 Egyptum
1338 4096 1640 4152 orationem
1690 4098 1798 4152 ele-

222 4178 449 4249 gantius
491 4190 831 4236 convertere.
868 4183 1003 4237 Nam
1048 4200 1215 4254 super
1252 4201 1443 4241 omnes
1474 4188 1670 4243 ﬂuvios
1704 4189 1797 4258 qui

223 4270 470 4325 violento
506 4272 710 4341 impetu
741 4273 917 4329 ﬂuunt
938 4292 1103 4346 super
1129 4286 1348 4342 terram,
1370 4280 1621 4335 videmus
1649 4282 1799 4337 hunc

224 4361 455 4418 ﬂuvium
488 4365 583 4434 qui
612 4365 816 4421 dicitur
848 4366 988 4423 Geon
1016 4370 1220 4423 habere
1247 4385 1373 4425 cum
1410 4364 1631 4429 Christo
1675 4391 1793 4429 ma-

225 4472 389 4527 gnam
415 4457 806 4527 proprietatem
845 4471 902 4515 et
939 4463 1397 4517 convenientiam.
1425 4465 1581 4530 Nam,
1621 4476 1682 4521 ut
1714 4468 1798 4523 di-

1900 3265 2163 3321 Dominus
2189 3264 2347 3318 Jesus
2375 3279 2472 3333 pro
2503 3263 2663 3319 nobis
2695 3263 2880 3318 intulit
2911 3264 3111 3332 populo
3138 3262 3469 3318 daemonum.

1899 3358 2060 3414 Solus
2085 3358 2233 3413 Geon
2261 3357 2415 3413 nobis
2438 3357 2719 3411 coronavit
2740 3356 2939 3425 Joseph
2980 3370 3184 3425 regem,
3233 3355 3327 3424 qui
3368 3368 3443 3409 no

1900 3447 1985 3502 bis
2010 3447 2078 3502 de
2104 3446 2321 3501 Christo
2346 3448 2529 3501 omnia
2573 3445 2978 3515 praefigurabat,
3013 3454 3069 3499 et
3115 3444 3467 3514 loquebatur.
3516 3494 3521 3499 .

1902 3539 2080 3594 Prima
2106 3540 2351 3594 omnium
2378 3541 2661 3610 regionum
2681 3538 2991 3610 gentilium,
3016 3545 3161 3591 terra
3184 3536 3291 3590 Nili
3331 3535 3471 3590 vidit

1899 3632 2071 3686 Deum
2130 3633 2185 3686 in
2240 3647 2400 3687 carne
2432 3631 2576 3701 apud
2608 3646 2667 3686 se
2706 3638 3036 3694 versantem,
3061 3637 3116 3683 et
3142 3629 3290 3683 nulla
3319 3629 3471 3699 regio

1901 3726 2259 3780 Barbarorum
2285 3725 2712 3796 alienigenarum
2738 3725 2795 3777 in
2819 3723 3023 3777 mundo
3043 3721 3245 3777 Christi
3268 3721 3464 3775 faciem

1899 3815 2037 3869 vidit
2069 3815 2123 3868 in
2152 3830 2317 3868 carne
2351 3814 2455 3868 nisi
2490 3814 2605 3868 sola
2650 3812 2934 3883 Aigyptus.
2995 3810 3054 3865 In
3108 3825 3195 3875 ea,
3254 3810 3465 3865 Pascha

1902 3905 2005 3959 fuit
2028 3914 2184 3975 typus
2204 3905 2409 3959 Christi
2440 3903 2711 3974 passionis
2741 3910 2797 3956 et
2819 3917 2992 3972 agnus
3020 3901 3233 3971 primus
3258 3908 3343 3955 est
3368 3914 3457 3954 oc-

1902 4000 2068 4053 cisus.
2094 4000 2150 4053 ln
2185 4014 2270 4059 ea,
2308 3997 2613 4066 redemptio
2646 3995 2891 4066 gentium
2924 3994 3079 4063 prius
3106 3993 3213 4047 fuit
3247 3992 3471 4047 descri-

1902 4101 1994 4162 pta
2021 4107 2089 4145 ex
2114 4104 2276 4144 manu
2305 4089 2518 4160 tyranni
2556 4087 2766 4142 mundi.
2805 4087 3071 4157 Egyptus
3111 4085 3288 4154 prima
3330 4085 3469 4140 vidit

1902 4186 2026 4256 agni
2055 4184 2372 4255 sanguinem
2405 4183 2471 4236 ad
2498 4197 2782 4251 vesperam
2812 4181 2866 4235 in
2906 4179 3162 4234 domibus
3193 4179 3467 4249 signatum

1902 4277 1967 4332 ad
1994 4279 2245 4339 salutem,
2296 4285 2353 4329 et
2409 4274 2651 4329 ostendit
2704 4274 2831 4343 agni
2887 4270 3095 4328 ChriSti
3148 4271 3471 4341 sanguinem

1902 4374 2085 4428 fusum
2120 4370 2187 4423 ad
2216 4382 2498 4439 vesperam
2528 4376 2861 4437 temporum,
2890 4367 3066 4422 donec
3101 4366 3326 4420 domum
3368 4365 3472 4420 Ec-

1904 4462 2083 4518 clesiae
2130 4462 2414 4517 coloravit.
2468 4462 2597 4515 Post
2642 4460 2841 4515 hiemis
2904 4468 3308 4529 tempestatem,
3343 4474 3471 4513 cum

229 4558 365 4602 eunt
400 4551 491 4619 qui
518 4552 745 4620 pulchre
777 4564 833 4607 et
889 4562 1145 4609 accurate
1187 4555 1426 4627 linguam
1476 4559 1796 4616 Hebraicam
1830 4553 1874 4609 Ι)
1901 4572 2059 4613 suum
2092 4570 2377 4609 ascensum
2402 4555 2456 4607 in
2484 4569 2581 4607 aer
2605 4551 2969 4608 convertisset
3013 4552 3297 4612 Dominus,
3324 4550 3472 4605 illinc

230 4643 631 4699 transtulerunt
657 4645 710 4701 in
737 4645 1001 4711 Graecam,
1030 4646 1170 4704 Geon
1225 4651 1619 4720 interpretatur
1669 4657 1798 4726 effu-

224 4750 318 4789 sor
340 4745 431 4788 aut
452 4738 769 4803 exinanitor,
798 4740 944 4809 quod
967 4742 1187 4810 quidem
1210 4760 1399 4799 revera
1414 4756 1498 4800 est
1517 4746 1792 4804 Christus.

227 4822 517 4895 Tanquam
549 4828 756 4883 eﬂ'usor
777 4830 1000 4899 quidem
1049 4832 1286 4902 seipsum
1332 4834 1600 4890 exinaniit
1645 4842 1792 4893 servi

228 4914 464 4972 formam
493 4922 771 4990 accipiens,
802 4931 1063 4977 renovato
1116 4925 1290 4979 veteri
1332 4926 1573 4988 homine,
1618 4937 1675 4983 et
1714 4946 1799 4985 re-

227 5016 432 5063 novata
478 5008 617 5065 facie
670 5020 851 5077 terrae,
901 5021 958 5067 et
1004 5014 1201 5084 spiritu
1240 5024 1390 5071 recto
1427 5017 1689 5075 innovato
1741 5020 1797 5074 in

228 5098 543 5156 visceribus
567 5104 790 5159 nostris.
846 5104 1001 5160 Unde
1053 5106 1220 5161 etiam
1269 5108 1515 5164 Paradisi
1554 5112 1800 5168 secundo

231 5191 454 5261 genitus
483 5193 667 5247 statim
709 5203 832 5263 post
863 5195 1059 5250 Phison
1096 5199 1321 5267 ponitur
1380 5199 1567 5264 Geon,’
1597 5202 1803 5274 signiﬁ-

231 5295 367 5337 cans
392 5282 670 5339 Christum
698 5288 939 5341 secundo
974 5290 1217 5359 genitum
1260 5308 1429 5362 super
1457 5303 1659 5351 terram
1704 5314 1795 5353 se-

231 5374 415 5429 cunda
461 5392 560 5445 per
591 5392 808 5432 carnem
849 5383 1223 5449 generatione,
1259 5394 1397 5454 'post
1440 5388 1687 5457 ejusdem
1721 5390 1799 5446 si-

232 5466 347 5519 mul
374 5468 628 5522 essentia:
655 5472 1065 5539 generationem
1089 5489 1154 5529 ex
1191 5476 1370 5540 Patre,
1398 5493 1521 5547 qua:
1554 5488 1639 5535 est
1666 5491 1797 5537 ante

232 5559 453 5613 secula.
484 5560 552 5615 Et
582 5561 810 5618 fortasse
850 5581 913 5620 ea
957 5565 1024 5619 de
1050 5581 1211 5621 causa
1240 5567 1336 5622 Dei
1382 5568 1581 5625 ﬂuvius
1640 5573 1801 5629 Jesus

232 5649 417 5705 statim
448 5667 478 5705 e
510 5660 651 5707 terra
678 5664 967 5723 generatus
987 5672 1152 5727 super
1175 5666 1375 5714 terram
1402 5677 1468 5716 ex
1498 5663 1718 5733 Virgine
1743 5674 1799 5721 et

303 5768 352 5846 ‘1
371 5767 531 5846 Joan.
558 5786 671 5833 vm,
708 5771 791 5846 ig.
834 5844 845 5846 _
896 5777 939 5807 ⁵⁸
968 5775 1066 5830 Isa.
1096 5793 1167 5838 γι,
1194 5777 1245 5839 6.
1350 5778 1519 5835 "153-
1558 5798 1641 5846 κιιν
1668 5785 1719 5838 θ·

238 5839 279 5871 τε
318 5838 457 5892 Psal.
490 5856 702 5907 Lxxxvt,
736 5842 788 5907 5,
820 5844 869 5898 ἅ.
944 5846 985 5877 τδ
1015 5846 1157 5902 Psal.
1194 5838 1355 5912 stn,
1384 5851 1479 5903 3‘2.

1821 5784 1865 5817 7°
1895 5786 2025 5839 Dan.
2058 5799 2115 5847 ιι,
2139 5781 2224 5835 3i.

1895 4665 1962 4704 ex
1994 4648 2183 4710 latere,
2212 4648 2337 4701 vita:
2362 4646 2521 4700 nobis
2549 4660 2745 4714 aquam
2782 4653 2993 4699 scatere
3033 4643 3165 4697 fecit
3201 4641 3472 4694 Dominus

1896 4742 1951 4796 in
1983 4742 2145 4796 horto
2165 4739 2453 4811 Golgotha.
2481 4739 2778 4807 Propterea
2813 4736 2967 4791 Geon
2992 4748 3211 4805 quoque
3236 4732 3470 4787 salutem

1895 4834 2081 4905 populi
2145 4832 2352 4887 faciens
2408 4844 2737 4892 ascensum,
2795 4835 2920 4880 ante
2978 4840 3209 4887 omnes,
3276 4822 3474 4892 irrigat

1894 4924 2201 4995 IEthiopes,
2227 4923 2386 4979 nobis
2433 4920 2736 4993 praedicans
2777 4920 2925 4989 quod
2956 4918 3167 4988 primos
3219 4916 3469 4987 gentium

1894 5017 2142 5071 tenebris
2162 5016 2369 5070 oﬂ‘usos
2398 5012 2631 5084 pepulos
2664 5012 2925 5068 servatet
2955 5011 3231 5065 illuminat
3250 5017 3309 5063 et
3336 5009 3470 5063 irri-

1896 5120 1987 5182 gat
2014 5110 2286 5166 Christus.
2354 5110 2430 5164 De
2475 5108 2680 5178 quibus
2736 5106 2909 5160 David
2969 5105 3104 5159 dicit
3150 5104 3410 5159 Ecclesiae
3446 5121 3475 5159 :,

1898 5201 2325 5270 Gloriﬁcatisunt
2342 5201 2404 5253 de
2421 5208 2490 5263 te,
2508 5200 2692 5252 civitas
2714 5197 2842 5262 Dei;
2859 5212 2970 5249 ecce
2992 5195 3139 5250 enim
3158 5194 3485 5264 alienigenae-

1898 5302 1949 5348 et
1981 5294 2145 5365 Tyrus
2195 5301 2243 5345 et
2270 5290 2491 5361 populus
2544 5288 2873 5358 Ethiopum,
2909 5288 2962 5341 hi
2986 5287 3203 5356 fuerunt
3238 5286 3349 5339 illic
3368 5288 3415 5318 ⁷³
3453 5303 3483 5351 ;~

1903 5384 2172 5455 Etltiopia
2219 5383 2364 5438 enim
2409 5383 2658 5452 prwvenit
2698 5397 2886 5433 manus
2937 5396 3062 5433 suas
3107 5378 3218 5432 Deo
3252 5379 3317 5441 ",
3343 5388 3470 5434 ante

1906 5493 2096 5532 omnes
2117 5492 2240 5530 cum
2270 5475 2495 5531 Christo
2527 5484 2680 5543 pacta
2705 5481 2976 5528 conventa
3019 5471 3167 5526 dans.
3186 5480 3241 5526 et
3264 5471 3479 5525 faciens

1907 5585 2004 5640 per
2056 5569 2208 5623 illum
2238 5567 2577 5622 eunuchum
2624 5564 2719 5635 qui
2764 5572 2883 5619 erat
2919 5561 3203 5617 Candaces
3265 5561 3469 5631 regina:

1906 5661 2247 5730 EthiOpum,
2302 5659 2578 5720 Ecclesiae,
2635 5672 2757 5726 qua:
2808 5656 3029 5726 quidem
3055 5654 3278 5710 Christo
3314 5654 3469 5707 unita

2328 5780 2368 5808 7‘
2404 5778 2544 5833 Psal.
2578 5792 2734 5840 cxvii,
2765 5772 2851 5829 ‘22.
2960 5775 3005 5804 ”
3033 5772 3133 5827 lsa.
3165 5786 3343 5833 xxvm,
3376 5770 3461 5823 16.
