4080 6468
745 318 849 384 979
1927 334 1987 393 S.
2027 333 2127 395 AN
2130 335 2422 396 ASTASII
2460 339 2783 400 SINAIT/E
3825 354 3909 419 980

741 432 977 488 clamat:
1006 433 1172 507 Nigm
1206 453 1322 490 sum
1362 448 1411 492 er
1447 439 1697 509 formosa,
1731 442 1859 510 ﬁlia:
1889 444 2187 501 Jerusalem
2222 448 2266 480 ⁷⁸
2288 490 2304 514 ,
2337 450 2509 507 Atius
2541 451 2743 523 Tygria,
2778 454 2887 524 ipse
2907 452 3049 508 uadi!
3076 460 3260 509 contra
3311 453 3572 525 Assyrios.
3614 452 3719 510 Cur
3761 471 3905 519 autem

738 524 898 595 nigra
928 525 1082 595 prius
1109 527 1514 595 incredulitate,
1544 548 1667 602 quae
1694 551 1843 591 nunc
1896 552 2018 591 sum
2069 539 2303 593 obscura
2405 540 2545 595 duos
2570 542 2802 615 quidem
2849 542 3047 599 ﬂuvios
3087 543 3344 614 (Phison,
3395 524 3637 614 inquam,
3683 556 3733 602 et
3767 549 3903 621 Geon)

740 613 1070 683 humilitate,
1087 616 1323 674 formosa
1344 631 1525 676 autem
1548 640 1695 679 nunc
1716 641 1838 680 sum
1852 626 1949 682 Dei
1967 629 2299 698 cognitione.
2402 632 2652 687 nominat
2679 613 3109 701 circumeuntes,
3137 643 3196 690 et
3224 643 3482 705 tanquam
3505 637 3901 699 custodientem

738 703 852 775 Ego
880 708 1025 761 enim
1054 724 1174 763 sum
1216 713 1401 783 regina
1435 715 1621 770 Austri
1656 733 1776 784 qua:
1811 734 1974 788 surgo
2004 735 2072 774 ex
2102 718 2303 774 ﬁnibus
2401 725 2930 781 circummunientes
2958 727 3274 795 paradisum
3308 703 3519 783 Christi
3548 745 3564 783 :
3598 730 3798 786 tertium
3822 750 3899 789 au-

738 805 896 853 tcrraa
926 802 1191 869 gentium,
1221 814 1278 859 et
1328 807 1553 862 veniens
1610 807 1721 861 vidi
1765 810 2089 878 sapientiam
2143 810 2299 865 Salo-
2400 825 2509 871 tem
2536 816 2785 885 ﬂuvium,
2816 834 2925 873 non
2957 820 3414 885 circumeuntem,
3442 819 3536 875 sed
3560 830 3792 892 tanquam
3806 842 3899 883 cum

700 894 917 947 -monis
948 896 1043 963 qui
1099 913 1230 952 vere
1270 899 1339 954 ad
1393 915 1479 955 me
1539 902 1835 958 clamavit:
1888 904 2033 971 Veni,
2067 905 2298 974 formosa
2397 924 2579 981 pugna
2614 918 2671 966 et
2716 911 2861 966 bello
2896 921 3300 977 occurrentem,
3325 928 3394 967 ex
3432 912 3662 969 adverso
3694 916 3899 989 Assyrio-

731 987 1027 1058 propinqua
1053 1006 1193 1055 mea,
1229 993 1297 1045 ad
1322 1010 1402 1047 me
1436 995 1483 1027 ⁷⁵
1505 1033 1521 1048 .
1553 996 1668 1067 Ego
1700 998 1850 1052 enim
1900 1016 2018 1052 sum
2070 1016 2300 1054 resurre-

729 1079 833 1130 ctio
862 1079 931 1142 ⁷⁷,
954 1088 1011 1134 et
1028 1095 1131 1151 ego
1157 1099 1276 1139 sum
1303 1083 1505 1141 ﬂuvius
1533 1087 1650 1151 Dei,
1679 1088 1771 1157 qui
1799 1100 2023 1159 propter
2052 1099 2104 1145 te
2124 1091 2299 1146 factus

728 1183 850 1223 sum
882 1181 1029 1227 terra
1080 1177 1297 1244 genitus
1340 1176 1515 1243 Geon,
1540 1191 1595 1234 et
1623 1181 1713 1250 qui
1755 1181 2032 1236 circumeo
2062 1194 2118 1237 et
2149 1198 2298 1237 com-

726 1262 1013 1329 prehendo
1074 1281 1290 1322 omnem
1349 1278 1551 1325 terram
1599 1274 1841 1343 gentium
1898 1274 2190 1345 [Ethiopiae
2241 1286 2297 1331 et

724 1352 943 1425 :Egypti
982 1359 1135 1427 prius
1167 1361 1486 1429 incredulae,
1527 1382 1675 1420 nunc
1727 1378 1911 1423 autem
1964 1369 2089 1423 ﬁdei
2144 1370 2295 1424 ince-

725 1447 893 1515 ptrix,
908 1452 1166 1520 quoniam
1182 1454 1416 1526 «Egyptii
1441 1458 1678 1526 primum
1698 1460 1961 1515 viderunt
1980 1462 2292 1527 Dominum,

724 1548 783 1593 et
804 1543 1059 1610 cognitus
1076 1545 1181 1599 fuit
1204 1548 1475 1604 Dominus
1499 1550 1789 1623 Egyptiis,
1824 1563 1879 1608 et
1916 1563 2165 1609 erectum
2208 1564 2295 1610 est

726 1631 899 1688 altare
932 1635 1169 1691 Domino
1195 1639 1251 1693 in
1272 1639 1507 1711 Egypto
1529 1642 1695 1698 ﬁxum
1733 1646 1791 1699 in
1838 1654 1992 1715 petra
2015 1647 2187 1711 Petri,
2218 1655 2294 1702 et

724 1723 979 1779 columna
1005 1728 1151 1782 sedit
1172 1730 1402 1787 Domino
1422 1734 1589 1805 899
1609 1736 1676 1790 ad
1697 1737 1834 1792 ﬁnes
1856 1737 2071 1809 Egypti
2110 1740 2293 1793 Domi-

725 1831 832 1871 nus
884 1817 940 1872 in
972 1819 1247 1877 Bethleem
1300 1840 1466 1895 super
1516 1828 1721 1883 nubem
1779 1831 1977 1895 levem,
2029 1838 2291 1901 tanquam

725 1910 906 1979 pluvia
935 1915 1174 1969 cmiestis
1205 1916 1261 1970 in
1302 1920 1510 1988 gremio
1554 1922 1765 1976 nebula:
1804 1923 1983 1978 Mariae
2032 1940 2142 1979 sua:
2174 1941 2291 1978 ma-

725 2004 849 2068 tris,
868 2013 923 2059 et
948 2022 1112 2061 cursu
1139 2012 1291 2065 venit
1324 2012 1379 2066 in
1408 2012 1699 2085 Egyptum
1737 2016 1951 2087 fugiens
1983 2017 2290 2073 voluntarie

723 2095 1016 2152 sceleratas
1070 2117 1265 2157 manus
1322 2103 1657 2174 iniquorum,
1721 2118 1775 2161 et
1799 2110 2075 2163 concussit
2099 2125 2291 2164 manu-

720 2186 862 2243 facta
886 2188 1126 2263 IEgypti,
1158 2204 1215 2248 et
1240 2196 1506 2267 confregit
1528 2200 1799 2270 sculptilia
1817 2200 2055 2272 IEgypti,
2087 2211 2143 2256 et
2166 2217 2288 2257 eam

719 2282 979 2338 excitavit
1006 2286 1298 2355 jacentem.
1337 2289 1605 2355 Quoniam
1638 2292 1901 2364 AEgyptus
1945 2294 2060 2350 suis
2114 2296 2288 2350 mani-

723 2372 826 2428 bus
847 2376 1063 2444 excepit
1091 2378 1264 2433 Deum
1306 2380 1374 2435 ad
1408 2382 1582 2451 ipsam
1640 2386 1955 2440 venientem
2008 2395 2064 2441 et
2117 2402 2284 2443 cursu

719 2462 1187 2530 contendentem;
1241 2476 1297 2521 et
1353 2469 1653 2524 occultavit
1705 2487 1736 2524 a
1796 2472 1929 2527 feris
1971 2475 2284 2543 agrestibus

716 2550 1034 2608 Iudaeorum
1082 2572 1209 2611 eum
1239 2559 1330 2628 qui
1370 2560 1547 2629 ipsum
1572 2562 1774 2632 eripuit
1804 2580 1834 2618 a
1874 2566 2127 2621 manibus
2170 2565 2284 2622 dw-

718 2658 943 2700 monum
977 2664 990 2699 :
1027 2655 1083 2701 et
1109 2651 1348 2704 servavit
1382 2652 1527 2706 ulnis
1552 2654 1799 2723 amplexa
1831 2671 1955 2710 eum
1980 2658 2073 2726 qui
2104 2658 2281 2726 ipsum

715 2744 771 2789 et
797 2738 1062 2791 mundum
1087 2743 1344 2807 servavit,
1391 2754 1447 2798 et
1492 2746 1627 2799 texit
1668 2761 1793 2801 eum
1843 2749 1938 2818 qui
1998 2750 2169 2820 ipsam
2225 2758 2283 2805 et

714 2828 898 2883 omnia
940 2845 1105 2885 manu
1144 2834 1329 2903 regit:
1364 2845 1421 2890 et
1468 2837 1707 2907 hospitio
1753 2841 1969 2910 excepit
2016 2841 2281 2913 Egyptus

713 2935 841 2974 eum
865 2921 959 2991 qui
993 2938 1159 2978 carne
1188 2924 1499 2982 voluntarie
1529 2929 1585 2983 in
1614 2944 1678 2983 ea
1707 2929 1813 2985 fuit
1840 2930 2057 3001 hospes,
2092 2944 2149 2988 et
2178 2950 2279 2989 nos

711 3012 809 3081 qui
845 3011 900 3066 in
931 3014 1048 3083 ipsa
1074 3031 1295 3071 eramus
1331 3019 1579 3089 hospites
1609 3022 1664 3075 in
1711 3024 1881 3077 caelos
1926 3026 2167 3081 sustulit.
2211 3028 2279 3081 Et

710 3105 911 3160 nutriit
939 3106 1202 3179 (Egyptus
1230 3126 1425 3180 panem
1456 3116 1735 3170 caelestem
1770 3117 1863 3186 qui
1897 3134 2087 3174 omnes
2118 3122 2274 3185 aluit,

709 3204 768 3249 et
801 3198 1008 3264 potavit
1042 3197 1193 3254 Geon
1231 3218 1370 3272 aqua
1409 3202 1619 3274 {Egypti
1651 3206 1857 3261 fontem
1884 3210 2030 3273 vitae,
2062 3218 2119 3265 et
2146 3227 2276 3281 ape-

710 3284 825 3340 ruit
846 3284 1111 3359 .Egyptus
1132 3291 1337 3345 ostium
1355 3292 1433 3346 illi
1455 3293 1549 3363 qui
1568 3294 1727 3350 dicit:
1744 3296 1856 3368 Ego
1870 3314 1986 3351 sum
1997 3302 2187 3354 ostium
2206 3300 2272 3365 ⁷⁸,

708 3385 767 3432 et
811 3377 967 3434 dedit
1016 3381 1235 3437 initium
1292 3383 1572 3454 ingressus
1614 3387 1728 3442 Deo
1775 3388 1978 3453 Verbo,
2019 3391 2167 3460 quod
2208 3409 2275 3447 ex

708 3469 984 3540 principio
1013 3480 1237 3529 carente
1275 3475 1548 3547 principio
1577 3477 1739 3532 simul
1768 3488 1888 3534 erat
1920 3481 2039 3537 sine
2068 3482 2275 3552 princi-

706 3562 801 3632 pio
822 3573 878 3618 et
904 3564 959 3618 in
989 3565 1257 3637 principio
1281 3577 1371 3633 ;et
1409 3568 1620 3624 invenit
1648 3569 1903 3628 Christus
1941 3574 1997 3627 in
2045 3573 2275 3647 Egypto

705 3656 796 3711 ubi
847 3668 1005 3726 caput
1058 3661 1273 3714 inclinet
1328 3661 1431 3717 ﬁde
1466 3682 1478 3716 :
1517 3663 1777 3734 quoniam
1822 3665 1876 3720 in
1907 3669 2131 3737 propria
2158 3684 2271 3724 non

705 3760 828 3805 erat
866 3751 917 3805 ei
946 3752 1099 3806 locus
1135 3753 1257 3808 ﬁdei
1288 3756 1340 3808 in
1363 3756 1647 3811 diversorio
1676 3758 1952 3815 derelictae
1980 3760 2273 3833 Synagogae

702 3840 1014 3897 Iudaeorum
1036 3859 1051 3905 ;
1074 3853 1129 3897 et
1156 3844 1298 3899 Deus
1327 3846 1554 3900 deorum
1578 3848 1845 3905 Dominus
1868 3851 2088 3907 locutus
2107 3864 2272 3910 estex

702 3932 965 4005 Egypto,
996 3936 1191 3990 Filium
1220 3954 1378 3991 suum
1408 3939 1476 3992 ad
1496 3955 1595 3994 nos
1612 3941 1838 3997 mittens
1853 3954 1977 3998 ante
1993 3946 2271 4014 apostolos

701 4028 1075 4096 apostolorum
1104 4029 1273 4083 Deum
1300 4048 1315 4095 ;
1342 4026 1524 4086 et'fuit
1555 4032 1706 4087 Geon
1740 4044 1962 4090 sanctus
1989 4052 2086 4106 per
2136 4038 2271 4093 San-

699 4127 850 4172 ctum
875 4129 1189 4175 sanctorum
1216 4123 1606 4190 sanctiﬁcatus,
1632 4134 1689 4180 et
1718 4126 1785 4180 ad
1812 4126 2268 4186 illuminationem

698 4219 754 4264 et
785 4210 1274 4269 sanctiﬁcationem
1307 4218 1573 4285 praevenit
1620 4219 1886 4275 auriﬂuus
1926 4223 2105 4277 amnis
2147 4224 2269 4279 Jor-

696 4302 895 4359 danem
944 4306 1036 4374 qui
1083 4307 1298 4376 excepit
1321 4306 1597 4363 Christum
1656 4310 1710 4363 in
1766 4311 1882 4365 suis
1909 4312 2170 4378 ﬂuentis;
2212 4322 2268 4369 et

696 4395 914 4465 excepit
936 4412 1125 4452 rursus
1147 4399 1390 4453 secundo
1420 4400 1583 4455 etiam
1609 4402 1813 4457 sanctis
1839 4404 2079 4458 sanctior
2100 4403 2263 4477 Egy—

694 4497 843 4558 ptus,
873 4505 973 4559 pro
1002 4489 1167 4544 Maria
1193 4490 1425 4545 Mosaica
1454 4491 1676 4546 Mariam
1705 4493 2014 4560 dominam;
2049 4503 2104 4550 et
2124 4496 2262 4551 ditat

692 4581 934 4635 secundo
955 4580 1105 4636 Geon
1138 4581 1362 4651 Josepb,
1390 4582 1483 4653 qui
1537 4584 1622 4637 vir
1663 4584 1885 4653 quidem
1944 4586 2256 4653 dicebatur,

693 4652 787 4724 sed
815 4686 922 4724 non
962 4680 1080 4725 erat
1110 4672 1195 4725 vir
1217 4652 1417 4728 Matris
1445 4689 1567 4742 quze
1612 4683 1731 4729 erat
1778 4676 1928 4730 omni
1975 4692 2044 4731 ex
2104 4690 2259 4748 parte

691 4761 1031 4833 incorrupta,
1070 4766 1513 4835 quandoquidem
1545 4767 1659 4837 ipse
1692 4768 1796 4823 fuit
1824 4779 2009 4840 gratus
2028 4778 2084 4825 et
2106 4786 2260 4826 acce-

690 4862 818 4923 ptus
861 4871 1045 4911 coram
1094 4873 1161 4912 eo
1197 4858 1293 4928 qui
1351 4860 1590 4929 seipsum
1649 4861 1935 4917 exinaniit.
1988 4862 2094 4918 Sed
2144 4864 2259 4920 haec

684 4948 909 5016 quidem
942 4959 1070 5005 sunt
1097 4952 1344 5006 encomia
1391 4950 1627 5023 Egypti,
1680 4969 1801 5023 quze
1853 4953 1908 5011 in
1951 4954 2060 5010 alio
2112 4956 2254 5013 libro

688 5041 910 5109 proprio
944 5040 1119 5096 fusius
1139 5044 1481 5099 celebrantes
1509 5047 1938 5116 composuimus.

756 5151 911 5207 Nunc
936 5163 1116 5208 autem
1162 5156 1228 5210 de
1263 5167 1460 5213 caetero
1485 5175 1586 5214 nos
1622 5168 1837 5230 tempus
1858 5172 2015 5216 vocat
2037 5171 2097 5216 ut
2117 5165 2255 5221 alios

685 5252 907 5309 quoque
934 5239 1130 5296 ﬂuvios
1150 5245 1342 5312 paucis
1367 5249 1862 5317 transnavigemus,
1892 5250 2251 5305 consideran-

686 5340 771 5386 tes
788 5335 1249 5401 quemadmodum
1276 5339 1354 5392 illi
1378 5355 1598 5409 quoque
1620 5341 1683 5395 ad
1707 5341 1986 5408 Christum
2013 5343 2253 5399 habeant

684 5422 1008 5479 relationem
1041 5436 1097 5481 et
1115 5428 1181 5481 ad
1214 5430 1527 5498 paradisum
1560 5432 1817 5487 Ecclesize
1837 5435 2082 5503 gentium
2117 5453 2127 5487 :
2170 5435 2251 5490 sic

682 5517 831 5578 enim
862 5518 999 5572 dicit
1030 5520 1326 5591 Scriptum:
1352 5526 1748 5594 consequentia
1788 5544 1800 5578 :
1838 5527 1902 5579 Et
1930 5529 2119 5597 ﬂuvius
2142 5537 2246 5580 ter-

751 5718 795 5791 ζ’
822 5719 977 5776 Cant.
1014 5738 1050 5786 ι,
1073 5723 1125 5777 4.
1234 5726 1279 5755 ⁷⁸
1303 5724 1460 5779 Cant.
1490 5743 1541 5789 v,
1568 5728 1619 5780 l.
1723 5728 1764 5758 "
1796 5727 1953 5783 Joan.
1982 5744 2054 5791 xl,
2078 5729 2166 5783 25.

678 5789 719 5827 ⁸³
747 5788 905 5849 Joan.
933 5809 1020 5861 xv,
1048 5794 1133 5849 l8.
1210 5794 1255 5828 ⁸²
1288 5796 1328 5851 ll
1360 5795 1487 5852 Cor.
1527 5814 1602 5863 ιιι,
1630 5798 1684 5853 6.
1759 5800 1804 5831 ⁸³
1836 5799 1995 5853 Rom.
2034 5788 2126 5867 vn,
2162 5801 2241 5856 Η.

2398 1001 2562 1055 rum?
2582 1002 2789 1073 Assyrii
2812 1003 3505 1073 quideminterpretantur,
3527 1021 3628 1058 non
3650 1006 3899 1078 dirigentes;

2398 1094 2592 1166 Tygris
2616 1104 2821 1163 autem,
2844 1112 2979 1151 voce
3003 1095 3190 1152 Graeca
3213 1097 3441 1161 dicitur,
3468 1096 3606 1151 latus
3622 1108 3674 1153 et
3687 1108 3894 1157 auum

2398 1187 2540 1258 Ergo
2561 1189 2799 1259 Assyriis
2827 1189 3049 1259 quidem
3094 1190 3468 1261 dirigentibus
3490 1207 3644 1245 suam
3675 1193 3820 1248 vitam
3856 1196 3896 1250 in

2395 1282 2540 1336 viam
2569 1283 2722 1351 pacis
2748 1323 2763 1348 ,
2821 1283 3031 1337 resistit
3068 1283 3335 1339 adversus
3362 1299 3461 1339 eos
3507 1284 3705 1339 bellum
3745 1302 3894 1357 gerent

2394 1377 2711 1447 evangelica
2740 1376 3081 1447 praadicatio.
3117 1377 3334 1432 Scimus
3359 1378 3507 1433 enim
3540 1377 3772 1449 Assyrios
3805 1396 3894 1436 esse

2395 1466 2579 1522 hostes
2636 1476 2693 1523 et
2748 1467 3003 1523 inimicos
3049 1467 3146 1523 Dei
3190 1468 3434 1523 civitatis
3472 1468 3782 1534 Jerusalem,
3823 1471 3892 1541 qui

2392 1570 2449 1616 et
2474 1575 2595 1615 eam
2625 1576 2748 1631 qua:
2785 1570 2871 1617 est
2920 1561 3119 1617 domus
3163 1562 3259 1617 Dei
3313 1562 3465 1616 varie
3500 1561 3820 1631 diripuerunt
3852 1575 3891 1619 et

2392 1665 2740 1712 exusserunt.
2759 1656 3037 1713 Adversus
3060 1673 3199 1727 quos
3219 1659 3420 1713 tertius
3445 1658 3783 1725 plenitudinis
3802 1660 3891 1716 Tri-

2392 1750 2581 1806 nitatis
2605 1750 2884 1821 (Spiritus,
2909 1750 3154 1821 inquam,
3177 1750 3425 1823 sanctus)
3444 1751 3657 1807 vaditei
3682 1752 3830 1808 hostis
3849 1763 3889 1808 et

2394 1841 2659 1896 infestus:
2686 1840 2900 1895 Flavius
2929 1850 3106 1895 autem
3136 1850 3358 1912 quartus
3400 1843 3497 1895 iste
3530 1850 3603 1895 est
3631 1842 3886 1912 Euphrata.

2392 1932 2452 1987 in
2500 1933 2689 1987 multis
2726 1942 2910 1987 autem
2956 1940 3012 1987 et
3040 1932 3275 1987 diversis
3296 1932 3471 1998 locis,
3533 1932 3671 1986 sacri
3702 1933 3887 2003 theologi

2390 2024 2851 2080 documentorum
2884 2025 3249 2079 Mosaieorum
3296 2025 3482 2080 solent
3524 2024 3778 2095 appellare
3803 2041 3888 2078 ma-

2389 2134 2559 2188 gnum
2589 2134 2659 2173 ex
2687 2118 2775 2172 his
2804 2127 3044 2187 quatuor
3074 2118 3258 2173 ﬂuviis
3294 2119 3474 2172 solum
3503 2118 3823 2186 Euphratem,
3844 2129 3888 2173 ut

2388 2209 2611 2278 quando
2643 2209 2790 2263 Deus
2815 2208 2949 2263 dicit
2973 2208 3162 2264 lsraeli
3194 2208 3240 2240 τ’
3258 2227 3270 2262 :
3290 2206 3494 2264 Ponam
3508 2208 3835 2262 terminaturus
3862 2227 3884 2261 ιι

2386 2303 2543 2372 ﬂuuio
2562 2300 2773 2372 Egypti
2804 2317 2968 2371 usque
2991 2301 3061 2355 ad
3087 2302 3304 2372 ﬂuvium
3324 2317 3576 2371 magnum
3602 2298 3880 2369 Euphratem.

2384 2394 2562 2464 Atque
2578 2394 2886 2464 Euphrates
2900 2393 3124 2464 quidem
3146 2391 3334 2449 Graeca
3354 2393 3542 2463 lingua
3558 2392 3885 2461 interpretatur

2384 2486 2739 2556 καρποφοριὰ
2785 2484 2994 2539 αὐτῶν·
3051 2485 3159 2540 hoc
3210 2494 3296 2540 est
3366 2501 3547 2539 eorum
3585 2483 3880 2554 fructiﬁcatio.

2382 2576 2697 2647 Euphratzei
2741 2584 2925 2632 autem
2998 2593 3193 2633 rursus
3244 2577 3508 2634 dicuntur
3552 2576 3879 2646 fructiﬁcanm.

2382 2666 2645 2721 Nonnulli
2703 2676 2890 2721 autem
2937 2682 3005 2721 ex
3065 2665 3467 2737 interpretibus
3513 2664 3880 2734 interpretantur

2382 2758 2716 2827 Euphratem
2750 2759 2861 2811 uitii
2885 2757 3278 2828 dispersionem,
3314 2757 3595 2828 Euphrata
3612 2765 3772 2809 autem
3800 2761 3878 2804 ter-

2382 2868 2498 2903 ram
2517 2851 2739 2919 fructum
2753 2850 3025 2919 ferentem.
3044 2850 3346 2920 Propterea
3358 2864 3490 2919 ergo
3502 2862 3713 2917 magnus
3724 2844 3877 2899 ﬂuvius

2379 2942 2476 2997 Dei
2494 2942 2830 3012 Euphrates,
2857 2956 3054 3011 nempe
3074 2940 3353 3006 Christus,
3372 2940 3467 3006 qui
3489 2948 3569 2994 est
3590 2934 3877 2993 fructiﬁcatio

2379 3034 2877 3104 Euphrataaorum,
2926 3033 2983 3088 id
3045 3042 3132 3088 est
3175 3033 3426 3104 gentium
3472 3029 3745 3088 ferentium
3788 3026 3877 3081 fru-

2304 3130 2351 3191 C
2381 3137 2533 3183 ctum
2564 3169 2579 3190 ,
2607 3136 2865 3183 natusest
2899 3127 2958 3181 in
2990 3126 3273 3197 Euphrata
3300 3125 3380 3197 (id
3411 3134 3515 3189 est,
3538 3120 3803 3189 Bethleem)
3832 3125 3877 3171 ut

2375 3217 2861 3288 dispergatvitium
2884 3216 3218 3286 gentium,et
3245 3215 3445 3271 reddat
3464 3223 3655 3270 terram
3679 3211 3871 3266 fructum

2375 3309 2647 3365 ferentem
2670 3309 2972 3364 Ecclesiam
2998 3323 3122 3377 qua
3146 3306 3302 3378 prius
3323 3314 3447 3362 erat
3477 3302 3770 3374 infrugifera
3798 3317 3809 3352 :
3832 3306 3876 3351 ut

2378 3410 2522 3456 terra
2555 3401 2650 3456 det
2677 3401 2840 3456 nobis
2864 3400 3105 3455 fructum
3136 3414 3322 3464 suum,
3352 3415 3477 3455 cum
3502 3398 3554 3452 in
3580 3411 3637 3452 ea
3676 3395 3738 3449 sit
3762 3392 3874 3447 inse-

2374 3494 2640 3566 parabilis
2674 3494 2955 3549 fructuum
2972 3492 3133 3548 dator
3143 3493 3482 3562 Euphrates.
3502 3482 3874 3545 Convenitenin

2372 3587 2547 3658 magis
2619 3585 2923 3656 prudenter
2970 3583 3413 3640 animadvertere
3477 3575 3872 3653 quemadmodum

2373 3680 2577 3735 Phison
2612 3678 2832 3749 quidem
2869 3678 3076 3734 dicitur
3091 3677 3331 3733 circuire
3358 3685 3520 3730 totam
3543 3678 3697 3744 ipsam
3718 3680 3873 3723 terrai!

2370 3771 2585 3826 Evilat]:
2597 3813 2611 3836 ,
2626 3786 2720 3826 seu
2738 3769 3133 3839 parturientem
3152 3784 3164 3819 :
3180 3767 3335 3822 Geon
3349 3774 3526 3820 autem
3540 3761 3762 3818 similiter
3773 3769 3875 3811 con-

2374 3865 2510 3919 tinet
2540 3862 2859 3919 custodiens
2881 3862 2975 3932 qui
3012 3861 3065 3915 in
3096 3876 3163 3915 eo
3187 3868 3319 3915 sunt
3352 3859 3575 3931 populos
3601 3868 3770 3911 eorum

2370 3956 2524 4026 prius
2552 3965 2711 4011 erant
2736 3954 3056 4024 Ethiopum
3084 3969 3098 4005 :
3134 3952 3331 4023 Tygris
3348 3961 3527 4007 autem
3554 3947 3873 4044 eam-protegit

2369 4058 2425 4104 et
2456 4048 2702 4105 defendit
2732 4048 3002 4103 adversus
3033 4046 3316 4116 improbos
3348 4044 3612 4117 Assyrios.
3636 4040 3736 4095 Non
3757 4040 3868 4091 scri-

2368 4152 2521 4212 ptum
2545 4150 2631 4197 est
2663 4150 2846 4196 autem
2876 4155 3133 4211 magnum
3167 4138 3526 4208 Euphratem,
3548 4147 3706 4203 neque
3727 4138 3868 4183 trans-

2367 4234 2470 4298 ire,
2532 4248 2713 4304 neque
2738 4232 2940 4286 vadere
2962 4273 2977 4296 ,
3013 4246 3192 4301 neque
3234 4231 3494 4295 circuire,
3538 4228 3624 4285 sed
3645 4240 3747 4281 esse
3774 4232 3865 4276 sta-

2366 4326 2537 4381 bilem
2570 4334 2627 4380 et
2658 4325 3020 4391 immobilem,
3066 4333 3127 4379 ut
3174 4326 3269 4394 qui
3298 4340 3520 4395 semper
3564 4322 3730 4377 dicat:
3759 4315 3863 4370 Ecce

2365 4421 2625 4474 vobiscum
2652 4436 2768 4473 sum
2794 4419 3032 4472 omnibus
3067 4418 3244 4472 diebus
3282 4434 3449 4489 usque
3477 4422 3544 4472 ad
3587 4425 3862 4469 consumma-

2293 4478 2336 4537 Β
2365 4515 2557 4568 tionem
2581 4512 2759 4567 δασυιὶ
2787 4512 2938 4566 ⁸⁰.Ει
2967 4530 2981 4565 :
3022 4511 3138 4565 Non
3159 4478 3457 4582 relinquam
3479 4526 3561 4564 eos
3575 4500 3859 4576 orphanos".

2364 4606 2660 4674 Propterea
2685 4619 2814 4674 ergo
2853 4619 3032 4673 neque
3072 4603 3238 4657 ullam
3270 4604 3550 4675 regionem
3580 4598 3753 4654 dicitur
3790 4590 3861 4646 hic

2363 4713 2593 4768 magnus
2636 4696 2837 4751 ﬂuvius
2873 4696 3101 4766 irrigare
3149 4711 3332 4766 neque
3365 4697 3562 4751 locum.
3607 4692 3710 4746 Non
3743 4686 3858 4741 enim

2362 4790 2544 4845 locum
2580 4788 2677 4843 sed
2708 4788 2974 4843 mundum
3006 4797 3182 4842 totum
3217 4797 3452 4857 quartus
3487 4786 3573 4841 hic
3594 4781 3756 4851 irrigat
3776 4776 3858 4829 ﬂu-

2320 1798 2363 1853 B

2362 4880 2782 4948 vius.Quartum
2805 4888 2988 4935 autem
3013 4879 3239 4934 ﬂuvium
3259 4880 3498 4950 intelligo
3526 4872 3855 4944 evangelicam.

2359 4984 2417 5031 et
2452 4975 2624 5029 totius
2664 4973 2815 5027 orbis
2862 4971 3332 5042 praedicationem,
3374 4980 3496 5041 post
3520 4964 3786 5024 naturalem
3813 4963 3856 5011 et

2359 5067 2647 5123 Mosaicam
2670 5066 2843 5135 legem
2868 5063 3265 5133 propheticam.
3288 5062 3550 5129 Quoniam
3571 5066 3730 5112 autem
3744 5048 3855 5104 dura

2357 5169 2414 5213 et
2457 5167 2647 5215 coacta
2690 5157 2950 5211 videntur
2973 5170 3039 5211 ea
3068 5170 3191 5225 quae
3234 5170 3382 5209 nunc
3429 5154 3673 5209 dicuntur
3701 5145 3758 5199 de
3785 5139 3854 5194 his

2352 5253 2573 5315 ﬂuviis,
2627 5266 2738 5305 non
2770 5250 2944 5303 solum
2986 5248 3191 5305 Iudaeis
3233 5248 3329 5303 sed
3383 5248 3545 5303 etiam
3600 5236 3761 5297 multis
3798 5245 3851 5285 ex

2304 5333 2318 5345 ’
2347 5344 2589 5399 Ecclesia
2641 5342 2735 5412 qui
2778 5350 2907 5396 sunt
2944 5342 3213 5406 carnales,
3266 5351 3322 5396 et
3372 5357 3481 5396 non
3516 5345 3633 5394 sunt
3662 5339 3849 5399 capaces

2348 5442 2410 5487 ut
2426 5450 2549 5489 cum
2574 5434 2700 5488 divo
2724 5434 2891 5489 Paulo
2913 5432 3218 5504 intelligant
3239 5441 3296 5487 et
3323 5432 3505 5487 dicant
3538 5424 3671 5498 quod
3690 5421 3848 5475 Littera

2346 5526 2531 5580 occidit
2563 5524 2610 5558 ³⁸
2654 5525 2759 5596 (lex
2789 5526 2937 5579 enim
2981 5532 3056 5578 est
3108 5524 3399 5595 spiritualis
3435 5522 3522 5593 ⁸³),
3578 5532 3665 5589 age
3700 5520 3849 5566 osten‘

3321 5730 3366 5763 ι·
3386 5725 3568 5785 Matth.
3590 5731 3747 5778 xxvm.
3773 5705 3842 5771 Ξθο

2279 5728 2493 5785 "Joan.
2532 5745 2585 5796 x,
2620 5729 2672 5785 9.
2781 5732 2824 5764 "
2849 5730 2985 5788 Gen.
3016 5748 3106 5801 xv,
3139 5732 3228 5790 l8.
