4080 6572
298 343 405 411 981

1384 350 1465 411 IN
1495 352 2037 417 HEXAEMERON.
2068 382 2137 392 -
2158 357 2303 418 LIB.
2323 359 2488 419 VIII.

3427 359 3534 422 982

302 456 503 512 damus
556 470 625 511 ex
654 454 769 527 ipsa
819 455 1005 512 divina
1052 456 1337 528 Scriptura
1371 459 1715 528 spiritualem
1757 461 1867 514 Eu-
1892 465 1940 522 Δ
1968 474 2083 535 post
2108 466 2283 520 diebus
2323 466 2391 519 ad
2432 466 2711 521 videndum
2747 466 2918 538 ipsum
2966 478 3014 520 et
3050 464 3434 532 adducendum,
3482 478 3532 524 et

299 549 579 619 phratem,
600 548 708 617 qui
729 548 883 617 prius
910 550 1251 617 nominatur,
1283 551 1588 607 Christum.
1609 552 1871 607 Cernitur

299 656 438 711 ergo
466 641 613 695 Deus
641 641 695 695 in
719 640 837 711 lege
878 642 1073 714 jubere
1110 644 1298 698 lsraeli
1367 654 1426 698 ut
1454 646 1633 700 tribus
1664 656 1873 717 tempo-

298 735 462 791 ribus
493 735 676 791 veniat
700 734 932 806 singulis
963 737 1142 801 annis,
1174 746 1229 790 et
1252 737 1447 791 adoret
1476 737 1872 811 Hierosolymis

298 826 487 882 omnis
516 827 600 880 vir
635 829 913 883 masculus
941 844 1007 882 ex
1053 829 1311 884 universa
1359 839 1503 886 terra
1556 834 1870 905 ubicunque

296 916 534 980 habitet,
566 916 906 971 horrendum
940 916 1233 987 imponens
1257 919 1561 983 vinculum,
1592 928 1649 973 et
1674 921 1869 976 decre-

298 1018 425 1064 tum
472 1009 887 1079 pronuntians:
930 1009 1303 1065 Exsecrabilis
1356 1023 1443 1067 est
1484 1015 1663 1070 omnis
1705 1014 1869 1070 homo

296 1102 723 1175 Hierosolymis,
750 1103 839 1173 qui
865 1119 968 1156 non
995 1104 1121 1173 facit
1146 1106 1326 1158 omnia
1354 1122 1471 1176 qua:
1508 1109 1703 1178 scripta
1749 1116 1871 1162 sunt

297 1194 359 1248 in
389 1195 500 1265 lege
530 1195 688 1265 hujus
718 1193 837 1247 libri
867 1194 932 1247 ³⁸.
963 1193 1021 1249 Si
1060 1210 1190 1265 ergo
1224 1196 1411 1265 posuit
1452 1198 1719 1253 terminos
1748 1206 1872 1253 tuos

297 1302 331 1341 a
361 1285 535 1340 ﬂuvio
564 1283 781 1357 Egypti
840 1299 1015 1355 usque
1053 1284 1120 1339 ad
1152 1284 1379 1339 ﬂuvium
1415 1301 1669 1358 magnum
1707 1303 1872 1356 quem

298 1388 365 1433 tu
426 1377 707 1434 existimas
755 1377 1095 1448 Euphratem
1148 1378 1554 1449 Babylonium,
1596 1379 1873 1448 quomodo

304 1471 429 1527 ﬁeri
457 1478 640 1541 potest
679 1480 738 1526 ut
766 1479 849 1525 ter
874 1470 930 1525 in
952 1486 1097 1525 anno
1126 1470 1319 1525 venias
1353 1486 1419 1525 ex
1442 1470 1872 1541 Mesopotamia?

304 1560 376 1617 Et
413 1561 706 1618 dicendum
739 1569 825 1616 est
848 1601 862 1626 ,
893 1561 980 1615 vel
1036 1562 1184 1631 quod
1218 1573 1364 1619 totus
1407 1566 1505 1620 Dei
1549 1580 1748 1636 scapus
1787 1566 1878 1620 hic

304 1662 397 1710 est
442 1674 457 1709 :
501 1655 620 1726 lege
653 1654 827 1725 ligare
872 1663 929 1710 et
965 1655 1257 1711 ostendere
1305 1673 1427 1712 esse
1476 1659 1877 1714 exsecrandum

304 1746 568 1803 lsraelem
592 1746 685 1817 qui
712 1762 823 1801 non
848 1746 1015 1811 valet,
1049 1763 1151 1802 nec
1173 1757 1353 1818 potest
1387 1749 1567 1806 facere
1602 1760 1876 1822 praecepta

307 1856 437 1910 quae
450 1839 610 1911 jussit
639 1839 821 1905 Deus;
866 1840 948 1894 vel
973 1844 1121 1910 quod
1169 1840 1452 1897 Christum
1508 1844 1874 1913 spiritualiter

307 1932 559 1987 nominat
586 1931 927 2001 Euphratem
954 1931 1238 2003 Scriptura
1256 1972 1271 1999 ,
1296 1933 1487 1989 dicens
1511 1934 1699 1989 lsracli
1729 1952 1742 1988 :
1780 1934 1878 1989 Po-

308 2042 437 2079 nam
489 2025 737 2077 terminos
797 2032 935 2089 tuos,
986 2024 1091 2080 hoc
1136 2034 1223 2080 est
1269 2026 1566 2079 terminum
1612 2026 1877 2096 temporis

307 2117 496 2172 cultus
524 2116 752 2187 legitimi
776 2157 791 2182 ,
817 2133 978 2188 usque
1000 2118 1069 2171 ad
1091 2119 1309 2189 fluvium
1333 2117 1568 2189 Egypti,
1601 2135 1777 2189 usque
1809 2120 1877 2174 ad

309 2210 608 2270 adventum
629 2209 836 2266 Christi
869 2210 962 2279 qui
994 2219 1079 2266 est
1103 2227 1335 2282 magnus
1363 2211 1595 2281 frugifer
1628 2213 1880 2284 Euphra-

312 2312 435 2369 tes;
476 2312 526 2358 et
565 2304 748 2358 statim
780 2304 1048 2374 auferetur
1084 2303 1407 2373 sacriﬁcium
1440 2314 1487 2358 et
1512 2305 1763 2371 libamen,
1822 2314 1882 2361 ut

309 2398 448 2453 dicit
479 2398 674 2453 Daniel
703 2396 773 2465 ⁸⁵,
824 2406 873 2451 et
931 2397 1189 2452 delebitur
1226 2400 1402 2452 unctio
1450 2399 1594 2453 ducis
1648 2409 1697 2453 et
1728 2401 1882 2470 judi-

310 2492 450 2544 cium
485 2506 503 2544 :
531 2488 677 2544 Finis
718 2491 868 2546 enim
894 2489 1020 2561 legis
1051 2497 1125 2544 est
1148 2490 1386 2546 Christus
1426 2492 1492 2544 ⁸⁸.
1524 2492 1630 2546 Lex
1658 2494 1805 2547 enim
1834 2502 1883 2546 et

312 2581 591 2653 Propheta:
628 2599 791 2653 usque
816 2583 884 2637 ad
914 2582 1176 2637 Joannem
1204 2581 1505 2651 Baptistam
1534 2583 1599 2638 ⁸⁷.
1650 2586 1886 2641 Exacer-

314 2673 482 2729 batur
536 2674 697 2746 (scio)
745 2682 804 2730 et
843 2683 1133 2730 succenset
1180 2674 1297 2730 haec
1340 2675 1572 2731 audiens
1616 2676 1842 2732 Iudaeus
1869 2717 1884 2739 ,

315 2766 483 2823 falsas
534 2783 708 2839 nugas
771 2768 1055 2838 appellans
1114 2781 1177 2822 ea
1234 2783 1357 2838 quae
1419 2768 1563 2824 dicta
1619 2778 1767 2824 sunt.
1824 2768 1889 2823 Ei

316 2875 450 2930 ergo
520 2875 876 2933 occurramus
919 2878 1019 2933 per
1065 2861 1216 2918 aliud
1271 2861 1635 2933 principium,
1690 2878 1889 2933 nempe

318 2949 496 3005 Geon.

394 3041 643 3115 Ponam‘,
692 3042 913 3113 inquit,
966 3044 1220 3097 terminos
1264 3050 1377 3096 tuos
1420 3061 1452 3096 a
1504 3043 1663 3113 ﬂuvio
1703 3058 1892 3112 magno

1971 557 2226 627 profectus
2278 559 2473 612 invenit
2520 559 2689 629 ipsum
2739 567 3063 629 corruptum.
3118 558 3186 612 Et
3221 558 3418 628 factum
3456 567 3533 613 est

1970 652 2179 706 verbum
2196 652 2405 705 Domini
2436 652 2505 705 ad
2521 650 2809 706 Jeremiam
2840 652 3010 706 dicens
3032 668 3049 705 :
3069 649 3153 705 Sic
3172 661 3537 720 corrumpetur

1972 746 2053 798 hic
2082 744 2303 815 papulas
2337 745 2590 813 quomodo
2626 743 3010 814 subligaculum
3038 743 3182 797 lintei
3211 746 3256 775 "‘
3285 761 3299 808 ;
3357 743 3537 797 subli-

1970 837 2219 907 gaculum
2276 835 2479 898 lintei,
2544 836 2863 889 nominante
2920 837 3033 890 Deo
3061 836 3319 890 lsraelem
3369 852 3534 905 quem

1969 926 2249 996 corrrupit
2278 942 2341 980 ac
2368 925 2609 996 perdidit
2640 941 2868 994 magnus
2898 925 3097 981 ﬂuvius
3132 927 3444 997 Euphrates
3478 927 3535 981 in

1967 1020 2272 1076 Jerusalem
2306 1037 2318 1070 :
2346 1035 2473 1075 eum
2490 1019 2638 1074 enim
2660 1018 2910 1072 funditus
2933 1018 3108 1073 diruit
3134 1034 3233 1089 per
3259 1020 3540 1075 Romanos

1970 1113 2155 1168 Titum
2180 1122 2238 1167 et
2261 1112 2676 1183 Vespasianum.
2706 1111 2804 1165 Est
2823 1111 2971 1165 enim
3001 1112 3404 1182 subligaculum
3427 1128 3537 1166 non

1970 1208 2147 1262 solum
2178 1217 2412 1272 naturae,
2441 1205 2610 1261 situm
2634 1205 2690 1260 in
2722 1204 2927 1259 lumbis
2968 1204 3179 1259 ventris
3208 1215 3265 1260 et
3288 1204 3542 1275 partibus

1971 1298 2659 1370 genitalibus:propterea
2701 1296 2955 1353 Christus
3010 1311 3135 1352 cum
3184 1297 3424 1352 venisset
3475 1297 3543 1352 ad

1974 1406 2188 1447 coenam
2222 1391 2360 1447 Novi
2385 1390 2724 1447 Testamenti
2752 1389 2818 1444 ad
2841 1398 3034 1460 gentes
3072 1390 3175 1444 sibi
3203 1390 3544 1460 conjungen-

1975 1480 2073 1534 das
2103 1479 2451 1550 cognatione,
2481 1486 2706 1548 accepto
2734 1478 2908 1532 linteo
2938 1492 2996 1532 se
3028 1475 3324 1531 succinxit.
3352 1478 3543 1531 Restat

1976 1584 2107 1641 ergo
2138 1570 2301 1625 nobis
2330 1578 2392 1625 ut
2426 1569 2785 1625 ostendamus
2808 1569 2910 1638 ipsi
2941 1568 3154 1633 Judaeo,
3173 1577 3228 1624 et
3256 1568 3541 1633 Ecclesiae,

1978 1678 2099 1717 esse
2128 1661 2280 1718 Geon
2327 1661 2692 1733 spiritualem,
2731 1671 2794 1717 ut
2829 1661 3081 1731 utrisque
3117 1662 3549 1732 persuadeamus

1982 1767 2042 1809 ut
2076 1755 2385 1825 intelligant
2423 1754 2735 1824 Scripturas
2773 1768 2883 1808 non
2934 1756 3112 1808 solum
3154 1754 3550 1809 convenienter

1981 1848 2145 1918 900
2176 1848 2373 1903 litterae
2397 1849 2598 1917 (littera
2623 1849 2767 1901 enim
2789 1846 3036 1915 occidit).
3067 1846 3202 1901 Vide
3229 1845 3375 1900 enim
3401 1845 3547 1915 quod

1976 1940 2027 1993 si
2047 1940 2419 2009 intelligamus
2448 1939 2813 2010 corporaliter
2837 1947 3161 2008 praesentem
3188 1938 3388 1994 littera:
3418 1952 3551 1992 con-

1976 2031 2414 2101 templationem,
2446 2045 2566 2099 quae
2588 2029 2724 2084 dicit
2762 2047 2773 2081 :
2813 2033 3018 2083 Ponam
3044 2026 3295 2083 terminos
3328 2025 3550 2083 Israelis

1979 2141 2009 2176 a
2031 2122 2221 2190 finibus
2258 2121 2472 2193 Egypti
2500 2137 2662 2192 usque
2686 2120 2754 2174 ad
2777 2121 2995 2190 ﬂuvium
3024 2136 3277 2190 magnum
3298 2118 3552 2189 Euphra-

1980 2225 2103 2279 tem,
2152 2215 2497 2269 inveniamus
2517 2214 2687 2268 Deum
2706 2228 2825 2267 esse
2843 2211 3159 2275 mentitum,
3183 2212 3434 2266 utvisum
3470 2221 3553 2266 est

1980 2308 2265 2364 sceleratis
2291 2306 2605 2361 Manichzeis
2620 2306 2940 2362 mendacem
2957 2320 3078 2360 esse
3101 2304 3379 2374 Deum'qui
3396 2305 3519 2358 locu
3532 2334 3553 2342 -

1980 2412 2070 2457 ust
2098 2412 2180 2458 est
2203 2403 2373 2458 Vetus
2390 2402 2827 2457 Testamentum.
2857 2401 3015 2471 Ergo,
3035 2416 3104 2455 ne
3124 2415 3225 2455 nos
3260 2414 3477 2470 quoque
3499 2400 3553 2452 in

1981 2510 2078 2549 eos
2109 2494 2418 2567 incidamus
2450 2494 2677 2563 laqueos
2698 2533 2713 2557 ,
2741 2492 3034 2547 credamus
3059 2490 3278 2547 Christo
3300 2492 3395 2561 qui
3419 2491 3558 2546 dixit

1984 2587 2133 2657 quod
2164 2586 2334 2641 Unum
2370 2587 2479 2639 iota
2511 2593 2602 2639 aut
2626 2601 2762 2639 unus
2790 2600 2922 2653 apex
2949 2600 3052 2638 non
3084 2585 3323 2638 transibit
3339 2600 3403 2638 ea:
3426 2583 3554 2654 legi,

1987 2679 2147 2734 donec
2164 2680 2341 2733 omnia
2362 2678 2551 2747 fiant“
2573 2695 2587 2730 :
2612 2677 2680 2732 de
2698 2678 2816 2748 ipso
2830 2678 2977 2734 enim
2998 2679 3182 2732 omnia
3205 2679 3410 2747 scripta
3431 2685 3559 2733 sunt

1990 2773 2046 2827 in
2064 2772 2267 2829 Veteri.
2289 2771 2604 2826 Invenimus
2617 2769 2764 2825 enim
2783 2771 2839 2824 in
2856 2770 3135 2840 principio
3155 2770 3304 2825 tertii
3324 2770 3557 2840 Regum,

1990 2865 2161 2939 David
2185 2865 2515 2919 moriturum
2548 2871 2838 2935 postquam
2863 2870 3150 2933 regnasset
3189 2862 3412 2933 triginta
3444 2872 3563 2915 tres

1993 2974 2167 3013 annos
2197 2958 2251 3012 in
2283 2957 2437 3022 Sion,
2487 2959 2543 3012 in
2578 2968 2766 3028 typum
2794 2958 2968 3012 aetatis
3005 2955 3211 3011 Christi
3258 2954 3561 3010 secundum

1995 3066 2216 3106 carnem
2240 3050 2515 3106 dicentem
2550 3068 2563 3104 :
2600 3050 2788 3104 Vocate
2825 3051 2951 3104 mihi
2999 3048 3204 3103 Sadoch
3241 3048 3564 3102 sacerdotem

329 3135 622 3206 Euphrate.
654 3133 772 3191 Hoc
799 3144 885 3191 est
918 3135 1017 3190 Dei
1058 3136 1236 3190 oratio
1283 3135 1484 3205 (quoad
1511 3132 1794 3204 terminos)
1824 3134 1892 3188 ad
1922 3162 1965 3223 ο
1995 3152 2043 3197 ει
2075 3143 2308 3198 Numam
2347 3144 2679 3213 prophetam,
2723 3150 2771 3195 et
2823 3140 3089 3195 Banaiam
3124 3140 3296 3209 ﬁlium
3320 3140 3563 3205 Joiadw;

327 3229 609 3308 Israelem.
654 3228 775 3283 Non
808 3236 893 3284 est
946 3240 1131 3283 autem
1181 3229 1328 3283 Deus
1371 3243 1537 3283 verus
1570 3226 1892 3291 mentiens;

328 3319 429 3374 Dei
448 3319 595 3375 enim
633 3320 856 3374 Verbum
888 3328 1067 3374 manet
1109 3322 1166 3374 in
1210 3328 1465 3374 azternum
1490 3361 1504 3384 ,
1546 3319 1688 3374 sicut
1724 3318 1897 3374 David

328 3427 549 3483 quoque
595 3412 761 3467 dicit:
804 3411 869 3466 In
912 3420 1187 3477 wlernum,
1213 3411 1453 3475 Domine,
1493 3411 1715 3467 Verbum
1753 3422 1898 3466 tuum

331 3513 601 3577 permanet
632 3506 687 3558 in
723 3504 888 3568 caelo;
916 3506 969 3558 in
1008 3505 1397 3575 generationem
1427 3515 1474 3558 et
1507 3506 1899 3575 generationem

328 3600 524 3654 veritas
548 3610 642 3655 tua
667 3600 732 3653 ⁸⁸.
766 3599 903 3655 Cum
940 3616 1074 3670 ergo
1121 3599 1267 3653 Deus
1313 3599 1633 3669 promiserit
1684 3608 1740 3654 et
1786 3614 1899 3654 non

330 3691 656 3757 mentiatur,
686 3701 741 3747 et
770 3691 978 3747 dixerit
1000 3707 1058 3746 se
1080 3706 1287 3762 ponere
1314 3691 1449 3745 lines
1482 3690 1695 3763 {Egypti
1725 3706 1898 3760 usque

330 3783 402 3838 ad
444 3784 807 3856 Euphratem,
859 3784 1138 3854 quomodo
1182 3798 1360 3853 neque
1402 3783 1555 3837 ﬂuvii
1600 3783 1772 3846 Geon,
1798 3798 1899 3838 nec

329 3892 526 3933 eorum
557 3877 652 3947 qui
678 3884 807 3931 sunt
829 3892 1004 3947 prope
1026 3875 1200 3939 Geon,
1220 3891 1398 3945 neque
1428 3890 1622 3929 rursus
1647 3876 1899 3945 Euphra-

333 3970 431 4034 tis,
457 3984 564 4024 nec
581 3969 746 4024 ullius
786 3968 1007 4025 consilii
1046 3968 1192 4037 quod
1227 3967 1299 4022 sit
1332 3982 1503 4037 prope
1534 3967 1895 4037 Euphratem,

331 4059 681 4115 dominatum
724 4059 970 4115 obtinuit
1018 4059 1232 4114 Israel.
1284 4058 1560 4113 Reversus
1606 4067 1790 4112 autem
1843 4059 1899 4113 in

329 4152 767 4209 Chanameorum
798 4152 1168 4217 Palaestinam,
1211 4152 1573 4221 quamobrem
1619 4168 1729 4206 non
1768 4168 1899 4222 pos-

331 4245 478 4302 sedit
496 4260 673 4315 usque
707 4245 775 4300 ad
801 4245 1185 4315 Euphratem?
1212 4245 1325 4315 Ego
1350 4260 1483 4299 vero
1501 4244 1551 4299 ei
1576 4244 1754 4299 dicam
1787 4262 1799 4297 :
1832 4242 1900 4299 Et

330 4337 614 4408 quomodo
644 4337 699 4392 in
728 4338 948 4393 deserto
977 4337 1213 4393 irritasti
1243 4338 1503 4404 Deum,et
1530 4337 1823 4408 possedisti
1846 4348 1903 4393 et

332 4431 561 4486 tenuisti
598 4448 629 4485 a
666 4432 784 4486 Dan
819 4447 992 4502 usque
1030 4432 1098 4486 ad
1148 4431 1421 4487 Bersabee
1451 4431 1805 4487 Amorrhzeos
1843 4440 1901 4486 et

1997 3245 2046 3290 et
2068 3237 2287 3306 ingressi
2328 3244 2448 3289 sunt
2480 3252 2659 3289 coram
2699 3251 2837 3305 rege,
2872 3244 2920 3287 et
2965 3234 3097 3287 dixit
3146 3250 3237 3287 rex
3277 3251 3294 3288 :
3339 3233 3566 3304 Accipite

1996 3345 2168 3383 servos
2207 3328 2406 3382 domini
2430 3329 2588 3383 vestri
2614 3327 2899 3391 vobiscum,
2923 3327 3178 3397 imponite
3192 3325 3368 3395 ﬁlium
3392 3342 3566 3381 meum

1998 3419 2332 3477 Salomonem
2366 3436 2521 3490 super
2545 3418 2745 3472 mulam
2780 3434 2973 3483 meam,
3011 3425 3059 3471 et
3089 3417 3331 3472 adducite
3353 3433 3470 3470 eum
3500 3416 3573 3470 ad
3590 3432 3594 3435 '

2000 3509 2160 3575 Geon,
2192 3518 2241 3563 et
2275 3511 2452 3579 ungite
2478 3525 2598 3562 eum
2621 3524 2792 3579 regem
2812 3509 2867 3562 in
2898 3507 3195 3562 Jerusalem
3221 3509 3288 3560 θ’.
3328 3508 3397 3561 Et
3422 3507 3567 3561 fece-

1998 3606 2130 3671 runt
2148 3598 2292 3654 sicut
2315 3598 2395 3653 eis
2420 3597 2586 3669 jussit
2618 3613 2734 3662 rex,
2770 3607 2829 3653 et
2859 3596 3025 3652 rediit
3049 3596 3307 3653 Salomon
3330 3612 3396 3651 ex
3419 3595 3590 3651 Genu.

2000 3688 2067 3744 ad
2099 3698 2310 3759 patrem
2341 3704 2501 3742 suum
2524 3686 2694 3742 David
2721 3704 2976 3758 regnans.
3028 3686 3399 3754 Quamobrem
3432 3686 3571 3741 nihil

2002 3792 2135 3837 tunc
2156 3781 2331 3836 defuit
2353 3781 2543 3836 Davidi
2567 3781 2865 3851 quominus
2893 3781 3106 3836 diceret
3127 3780 3346 3852 quando
3372 3796 3570 3835 ascen-

2001 3875 2082 3930 dit
2115 3875 2262 3929 iilius
2292 3875 2412 3945 ejus
2437 3891 2504 3929 ex
2525 3874 2676 3930 Geon
2699 3874 2767 3929 ad
2799 3874 3002 3944 ipsum,
3030 3874 3110 3928 Ex
3138 3874 3367 3945 Egypto
3390 3876 3577 3928 vocavi

1999 3966 2171 4036 filium
2212 3983 2402 4021 meum.
2441 3966 2594 4021 Geon
2641 3967 2789 4021 enim
2816 3966 3089 4038 significat
3128 3966 3415 4038 {Egyptum
3449 3976 3578 4022 :est-

2002 4060 2149 4115 enim
2180 4060 2282 4115 iste
2318 4074 2539 4129 quoque
2566 4059 2766 4114 ﬂuvius
2792 4059 3207 4130 Hierosolymis,
3243 4060 3339 4129 qui
3366 4059 3574 4113 dicitur

2003 4152 2168 4208 Siloe.
2196 4152 2301 4219 Qui
2323 4167 2453 4223 ergo
2478 4153 2741 4207 adversus
2755 4168 2822 4208 ea
2844 4169 2966 4222 qua:
2980 4150 3242 4206 dicuntur
3268 4152 3576 4206 reluctatur

2002 4243 2286 4309 Hebrmus,
2318 4243 2592 4299 refellitur
2626 4243 2693 4298 ad
2733 4259 2918 4299 rerum
2947 4244 3575 4314 eOnsequentiam.-Non

2004 4338 2317 4393 invenimus
2361 4337 2509 4392 enim
2544 4337 2779 4391 alterum
2816 4353 3000 4408 regem
3030 4345 3256 4391 unctum
3312 4336 3368 4391 in
3399 4336 3574 4399 Geon,

2002 4430 2110 4486 nisi
2158 4431 2335 4485 solum
2378 4429 2728 4485 Salomonem
2792 4429 2965 4484 ﬁlium
3024 4428 3217 4485 David.
3275 4430 3576 4498 Propterea

332 4524 651 4580 Chetthmos
678 4565 693 4589 ,
754 4534 810 4580 et
868 4524 1112 4594 reliquas
1161 4533 1350 4595 gentes
1399 4532 1561 4578 terrae
1593 4522 1852 4578 Chanaan
1878 4522 1901 4576 ?
1933 4507 1977 4564 ί)
2004 4522 2099 4577 Dei
2124 4538 2351 4593 quoque
2371 4522 2636 4592 templum
2662 4537 2774 4577 non
2797 4522 3033 4577 aediﬁcat
3068 4521 3260 4588 David,
3285 4521 3432 4591 quod
3457 4520 3579 4589 qui-

334 4616 523 4671 Discat
566 4631 697 4686 ergo
746 4615 1014 4680 Ecclesia,
1050 4623 1106 4671 et
1146 4614 1390 4678 Judaeus,
1448 4614 1594 4685 quod
1637 4615 1707 4669 ab
1754 4614 1906 4669 exitu

334 4706 553 4780 Egypti
608 4722 781 4777 usque
824 4706 893 4761 ad
936 4705 1165 4760 ﬂuvium
1211 4721 1468 4777 magnum
1523 4705 1903 4775 Euphratem,

336 4816 537 4871 nempe
562 4799 865 4861 Christum,
896 4799 1041 4854 Deus
1060 4798 1350 4855 constituit
1381 4808 1444 4853 ut
1489 4807 1747 4853 tenerent
1791 4807 1906 4852 ter-

339 4891 521 4948 minos
564 4891 747 4946 cultus
788 4889 1044 4961 legitimi.
1107 4890 1214 4945 Iste
1244 4889 1391 4944 enim
1444 4889 1749 4959 spiritualis
1802 4888 1909 4943 Eu-

337 4982 567 5052 phrates
608 4981 705 5052 qui
736 4982 973 5052 peremit
1013 4996 1141 5036 eum
1190 4981 1286 5051 qui
1327 4997 1425 5051 per
1478 4981 1799 5052 sanguinem
1847 4979 1908 5034 tit

340 5073 573 5139 cultum,
601 5082 659 5129 et
682 5073 1002 5130 libationem
1042 5093 1054 5127 :
1089 5075 1256 5139 hunc,
1291 5074 1535 5144 inquam,
1567 5073 1905 5144 Euphratem

340 5166 491 5221 Deus
514 5165 972 5236 praasigniﬁcans,
1021 5165 1158 5221 dicit
1197 5165 1450 5221 Ieremia:
1507 5165 1601 5234 qui
1637 5173 1764 5219 ante
1819 5178 1905 5218 ca-

340 5258 649 5330 ptivitatem
668 5260 836 5315 Israel
852 5266 973 5313 erat
988 5261 1042 5313 in
1057 5259 1357 5314 Jerusalem
1375 5276 1387 5311 :
1411 5258 1773 5327 Vade,projice
1787 5259 1909 5311 sub-

346 5352 626 5423 ligaculum
651 5362 797 5407 tuum
821 5353 875 5406 in
903 5352 1243 5421 Euphratem.
1268 5351 1596 5420 Euphratem
1618 5356 1801 5404 autem
1826 5349 1909 5403 di—

343 5443 422 5495 cit
442 5441 776 5498 Deuslocum
799 5458 940 5513 aqua
965 5442 1346 5498 circumﬂuum
1378 5458 1551 5512 prope
1586 5442 1908 5506 Jerusalem,

343 5533 439 5603 qui
465 5535 773 5604 appellatur
804 5535 979 5591 Phara
1006 5550 1102 5590 seu
1130 5536 1391 5605 frugifer:
1425 5533 1655 5603 Cumque
1680 5534 1787 5587 illic
1818 5552 1911 5605 po-

342 5623 527 5678 suisset
560 5628 813 5695 propheta
849 5626 1065 5681 linteum
1087 5625 1247 5680 lumbi
1274 5628 1375 5689 sui,
1402 5627 1537 5679 misit
1561 5643 1677 5679 eum
1704 5625 1911 5696 aliquot

418 5738 464 5767 “
499 5739 656 5795 Deut.
698 5757 860 5803 xxvu,
884 5742 971 5795 27.
1069 5743 1114 5775 ⁸⁸
1144 5744 1277 5796 Dan.
1313 5758 1384 5803 Ix,
1417 5743 1505 5796 27.

1604 5743 1650 5774 ⁸⁸
1676 5744 1829 5797 Rom.
1867 5761 1919 5809 x,
1956 5746 2005 5799 4.

2006 4614 2129 4670 dem
2172 4614 2405 4669 decebat
2450 4631 2462 4666 :
2512 4620 2635 4668 erat
2668 4613 2816 4667 enim
2868 4613 3229 4683 iustissimus.
3281 4611 3387 4667 Sed
3432 4611 3579 4666 filius

2004 4706 2198 4771 David,
2231 4706 2442 4762 scilicet
2499 4705 2593 4776 qui
2620 4705 3026 4760 administravit
3049 4705 3260 4760 ratione
3289 4703 3578 4774 praeditum

2006 4801 2269 4870 templum
2298 4798 2543 4853 hominis
2575 4797 2909 4853 dissolutum
2946 4813 2958 4847 :
2988 4811 3087 4865 per
3119 4810 3246 4849 eum
3279 4795 3373 4864 qui
3409 4794 3579 4849 etiam

2006 4894 2263 4951 Salomon
2332 4891 2645 4963 pacificavit
2705 4889 3063 4945 circumcirca
3120 4903 3312 4943 omnes
3364 4896 3575 4957 gentes.

2014 4987 2310 5056 Propterea
2350 4987 2533 5056 regina
2571 4998 2791 5053 quoque
2833 4982 3034 5047 Austri,
3066 4996 3263 5050 nempe
3308 4979 3577 5043 Ecclesia,

2012 5081 2381 5150 posteriorum
2438 5091 2709 5130 annorum
2750 5073 2957 5134 saeculi.
2986 5089 3179 5127 eorum
3227 5072 3437 5126 scilicet
3483 5070 3577 5139 qui

2015 5172 2168 5241 prius
2194 5180 2355 5225 erant
2395 5169 2703 5238 ZEthiopes,
2743 5168 2971 5221 surrexit
3002 5182 3065 5220 ex
3095 5165 3306 5233 finibus,
3339 5164 3435 5218 sed
3467 5178 3579 5217 non

1974 5298 1979 5301 λ
2014 5279 2079 5317 ex
2109 5263 2230 5317 loco
2262 5261 2447 5329 aliquo
2482 5277 2492 5311 :
2538 5268 2587 5312 et
2621 5260 2758 5313 venit
2794 5267 2847 5311 ut
2892 5257 3085 5311 videret
3128 5257 3446 5325 sapientiam
3483 5253 3578 5307 filii

2017 5353 2205 5420 David,
2230 5369 2426 5423 nempe
2451 5354 2601 5415 Jesu,
2654 5351 2957 5421 spiritualis
2984 5348 3283 5404 Salomonis
3316 5348 3381 5409 ³³,
3436 5362 3578 5414 quo-

2016 5444 2160 5498 niam
2186 5458 2217 5496 a
2256 5442 2458 5511 templo
2491 5440 2800 5495 Salomonis
2835 5437 2982 5492 uncti
3021 5436 3073 5491 in
3103 5438 3276 5500 Geon,
3306 5450 3479 5504 usque
3510 5432 3583 5486 ad

2017 5535 2244 5589 ﬂuvium
2269 5548 2524 5605 magnum
2556 5532 2889 5602 Euphratem
2914 5528 3182 5583 dominati
3207 5536 3335 5582 sunt
3359 5523 3580 5581 termini

2018 5626 2246 5697 legitimi
2293 5626 2475 5681 cultus
2511 5624 2698 5695 templi
2748 5625 2841 5679 Dei
2888 5623 3004 5695 (qui
3032 5622 3284 5677 dissolvit
3317 5616 3581 5688 templum

2127 5744 2170 5772 ’"
2200 5744 2330 5798 Luc.
2359 5762 2469 5807 xvi,
2509 5744 2589 5799 16.
2664 5745 2707 5773 ’³⁸
2738 5744 2876 5799 Psal.
2903 5757 3086 5806 cxvm,
3126 5742 3213 5797 89.
3303 5737 3348 5770 ”
3372 5735 3584 5794 Jerem.

346 5823 461 5875 xui,
486 5810 537 5865 4.
612 5812 659 5844 ’θ
686 5810 820 5866 ibid.
848 5812 999 5867 6-10.
1076 5814 1118 5848 ’ί
1146 5812 1333 5867 Matth.
1368 5829 1421 5879 v,
1456 5813 1537 5868 18.
1614 5815 1658 5848 θ’
1686 5814 1751 5868 Ill
1784 5815 1889 5885 Reg

2005 5816 2192 5870 52-39.
2237 5816 2282 5849 οι
2306 5816 2374 5870 ιιι
2403 5816 2537 5887 Reg.
2567 5832 2618 5882 ι,
2655 5814 2707 5870 ι.
