3792 6600
557 316 663 385 983

1737 330 1797 391 S.
1839 334 2233 395 ANASTASII
2276 336 2601 395 SINAszE
3669 338 3739 403 9N

554 430 1126 502 lsraelis)etsacriﬂcii
1157 438 1367 493 ratione
1387 439 1623 508 praediti,
1652 443 1798 510 quod
1826 443 2115 499 brutorum
2147 449 2192 504 Α
2218 446 2630 516 interpretatur,
2666 445 2976 504 mandatum
3017 445 3299 501 Attiuimi
3341 459 3359 495 :
3403 444 3544 512 quod
3573 448 3739 516 quidm

552 526 814 581 exstinxit
841 526 1190 595 sacrificium,
1243 545 1341 599 per
1385 531 1662 588 Christum
1685 536 1780 605 qui
1813 545 1899 591 est
1947 537 2115 592 carbo

552 617 647 685 qui
682 617 852 687 sopiri
880 632 988 671 non
1031 628 1208 688 potest
1237 630 1287 673 et
1313 624 1604 693 exstingui.
1651 624 1787 678 Nam
1816 635 1873 680 et
1923 626 2115 681 Isaiam

553 709 843 774 accendit,
905 719 960 764 et
990 712 1058 765 ad
1102 726 1159 765 se
1214 713 1587 780 inﬂammavit,
1614 718 1896 787 proposito
1950 721 2114 790 regali

552 801 823 856 sacriﬁcio
857 801 1152 872 symbolice
1179 812 1308 859 tunc
1339 822 1559 876 quoque
1590 809 1641 861 ei
1677 825 1969 879 apparens.
2024 811 2116 866 Sic

551 892 822 948 comedite
862 909 1056 949 carnes
1083 897 1335 967 corporis
1365 913 1531 954 sacrae
1582 899 1901 977 Scripturaa,
1945 919 1977 959 ο
2004 904 2115 959 fra-

550 992 685 1047 tres,
720 999 813 1039 eas
839 986 1151 1063 esurientes
1179 1006 1192 1044 :
1219 999 1274 1044 et
1299 990 1626 1047 absconsum
1675 995 1731 1048 in
1776 1009 1940 1050 carne
1971 995 2117 1051 Scri-

549 1079 725 1141 pturre
758 1076 1029 1144 spirituali
1054 1082 1435 1150 mysteriorum
1462 1085 1783 1154 sanguinem
1805 1088 1884 1141 sic
1909 1087 2112 1153 bibite;

548 1164 749 1234 quiest
772 1169 919 1222 enim
956 1172 1036 1225 sic
1070 1173 1188 1242 ejus
1216 1176 1511 1245 particeps.
1557 1178 1723 1232 habet
1747 1180 1916 1234 vitam
1949 1188 2113 1235 teter-

550 1273 699 1311 nam.
750 1258 1020 1325 Quoniam
1069 1275 1253 1320 autem
1288 1269 1678 1337 procedentem
1724 1272 2115 1341 proprietatem

549 1350 604 1404 in
632 1362 822 1407 sancto
854 1354 1065 1424 Spiritu
1102 1358 1398 1416 didicimus
1422 1378 1488 1416 ex
1509 1363 1841 1433 evangelicis
1862 1380 1983 1419 esse
2009 1375 2118 1420 tra-

550 1444 873 1509 ditionibus,
897 1448 1114 1504 dicente
1136 1451 1368 1509 Domino
1397 1474 1409 1506 :
1437 1453 1667 1525 Spiritus
1695 1464 1908 1511 sanctus
1938 1460 2027 1528 qui
2054 1475 2118 1514 ea:

550 1533 713 1588 Patre
744 1540 976 1606 procedit
1004 1541 1071 1607 ⁸⁸,
1101 1542 1331 1601 fortasse
1365 1545 1633 1617 Spiritum
1673 1549 1947 1621 signiﬁcat
1973 1552 2114 1611 scri-

549 1635 675 1695 ptor
705 1630 895 1686 dicens
926 1651 939 1687 :
971 1633 1184 1691 Fluvius
1210 1640 1473 1709 egreditur
1498 1657 1559 1695 ea:
1591 1642 1756 1697 Edem
1787 1644 1857 1697 ad
1885 1646 2118 1716 irrigan-

549 1720 675 1774 dum
698 1725 1005 1791 paradisum
1036 1728 1313 1787 Ecclesiae.
1350 1732 1484 1786 Nam
1510 1733 1665 1799 illud,
1712 1733 2017 1805 Egreditur,
2046 1738 2119 1791 si-

548 1810 771 1879 gniﬁcat
810 1819 1213 1883 perennitatem
1242 1860 1257 1885 ,
1306 1830 1361 1875 et
1408 1823 1610 1877 nullam
1666 1839 1786 1879 esse
1846 1826 2108 1895 quietem.
2145 1812 2187 1866 Β

548 1900 703 1968 Quod
731 1907 952 1974 quidem
982 1910 1141 1965 nobis
1171 1928 1365 1968 rursus
1408 1914 1524 1985 ipse
1565 1916 1830 1973 Dominus
1859 1918 2111 1974 Christus

547 1997 799 2065 promisit
823 2000 1014 2057 dicens
1040 2020 1051 2055 :
1079 2003 1137 2058 Si
1160 2007 1333 2060 abiero
1366 2008 1435 2061 ad
1474 2008 1713 2077 Patrem,
1752 2012 1943 2081 rogabo
1968 2029 2107 2077 eum,

548 2098 600 2141 et
632 2090 1146 2150 aliumParacletum
1169 2100 1379 2154 mittam
1414 2101 1553 2155 vobis
1584 2100 1847 2172 Spiritum
1873 2104 2109 2160 veritatis

547 2189 604 2232 ut
638 2195 849 2238 maneat
896 2188 1154 2243 vobiscum
1184 2192 1239 2245 in
1267 2201 1523 2247 wternum
1561 2195 1627 2248 ’⁵.
1675 2196 1831 2261 Quod
1866 2197 1912 2251 si
1943 2198 2109 2252 etiam

547 2274 749 2341 quaeris
782 2287 1021 2345 quatuor
1072 2280 1229 2335 initia
1282 2282 1701 2359 illuminationis
1730 2289 1905 2342 sancti
1937 2288 2111 2359 Spiri-

547 2372 657 2428 tus,
692 2367 832 2422 scias
857 2385 981 2423 eum
1030 2388 1153 2427 esse
1206 2376 1300 2443 qui
1350 2385 1435 2431 est
1468 2377 1687 2433 locutus
1727 2378 1784 2432 in
1820 2379 1983 2449 justis
2016 2383 2110 2451 qui

546 2456 774 2515 fuerunt
805 2470 935 2518 ante
970 2465 1168 2537 legem,
1199 2483 1265 2521 ex
1298 2470 1501 2538 quibus
1524 2480 1643 2525 erat
1670 2472 1760 2527 ille
1786 2490 2005 2544 quoque
2020 2476 2115 2545 qui

546 2551 766 2610 dicebat
793 2574 805 2609 :
836 2555 1064 2628 Spiritus
1090 2562 1296 2616 divinus
1323 2566 1412 2632 qui
1454 2565 1694 2619 abundat
1740 2567 1904 2622 nobis
1929 2570 1984 2623 in
2020 2585 2116 2625 na-

546 2645 720 2710 ribus,
775 2647 936 2704 ﬂatus
978 2662 1163 2707 autem
1206 2653 1612 2727 Omnipotentis
1662 2659 1757 2727 qui
1803 2675 1892 2714 me
1931 2660 2111 2716 docet.

547 2738 814 2796 Similiter
832 2745 1137 2799 secundum
1159 2762 1379 2817 quoque
1407 2748 1462 2803 in
1484 2750 1601 2820 lege
1628 2768 1639 2801 :
1687 2752 1910 2807 tertium
1929 2763 2115 2809 autem

546 2831 604 2887 in
634 2834 919 2903 prapbetis
950 2856 961 2890 :
1007 2837 1208 2893 deinde
1248 2840 1413 2894 etiam
1440 2851 1638 2911 quarto
1664 2844 1859 2900 ordine
1890 2845 1945 2900 in
1978 2862 2119 2915 qua-

2216 538 2324 593 dici
2373 538 2631 595 convenit
2663 537 2732 593 de
2761 538 3071 608 evangelica
3107 535 3541 609 praedicatione.
3587 539 3739 599 larens

2216 640 2397 685 autem
2424 630 2603 685 dictus
2631 639 2736 696 est,
2764 632 2959 685 donum
2980 633 3124 693 uiue,
3148 630 3348 684 Lucas
3360 638 3540 683 autem
3566 632 3739 690 obedieu

2214 722 2460 781 Domino.
2492 724 2664 778 Porro
2686 731 2869 779 autem
2916 724 3031 794 ipsa
3074 737 3324 793 quoque
3354 728 3581 791 quatuor
3605 725 3740 781 ﬂuvio-

2217 832 2338 870 rum
2386 826 2791 885 consequenter
2842 818 3089 887 positura
3116 858 3135 882 ,
3188 825 3447 886 quatuor
3497 827 3739 875 sanctorum

2216 910 2675 981 evangelistarum
2712 904 3106 966 immutabilem
3156 910 3453 982 signiﬁcat
3483 910 3680 967 ordinem
3702 927 3739 969 et

2214 1002 2542 1072 posituram.
2574 1002 2796 1059 Primus
2821 1019 2954 1074 ergo
2978 1004 3287 1058 Matthazus
3315 1002 3418 1069 qui
3446 1001 3624 1055 dicitur
3652 1004 3739 1057 Piri-

2215 1112 2309 1149 son
2344 1112 2361 1149 :
2388 1095 2532 1164 quod
2556 1095 2776 1164 quidem
2805 1096 3216 1166 interpretatur
3238 1095 3357 1147 oris
3391 1092 3735 1151 alteratio.§m

2216 1206 2339 1253 cum
2375 1190 2661 1244 Matthaeus
2690 1186 2978 1258 scripserit
3006 1185 3385 1255 evangelium
3428 1199 3649 1239 sermone
3667 1188 3739 1241 Ηεα

2215 1283 2423 1344 braico,
2448 1282 2551 1336 fuit
2574 1282 2842 1336 alteratus
2860 1289 2915 1334 et
2946 1276 3393 1349 interpretando
3422 1284 3739 1337 transmutata

2216 1389 2398 1429 sermo
2426 1372 2539 1428 oris
2562 1374 2681 1443 ejus
2710 1388 2740 1425 a
2769 1371 2916 1425 Luca
2942 1380 2998 1425 et
3020 1369 3197 1424 Paulo
3229 1368 3291 1423 in
3327 1381 3523 1423 vocem
3548 1368 3733 1423 Grmm.

2218 1467 2504 1524 Secundus
2532 1464 2901 1521 conducibilis
2933 1464 3152 1519 Marcus
3210 1461 3437 1517 ﬂuvius
3478 1460 3567 1532 qui
3602 1461 3735 1517 dicitur

2217 1561 2366 1616 Geon
2402 1580 2414 1614 :
2448 1557 2899 1630 quandoquidem
2930 1556 3148 1611 Marcus
3188 1572 3433 1626 quoque
3486 1571 3599 1610 cum
3624 1556 3733 1608 Evan-

2218 1653 2421 1725 gelium
2451 1652 2833 1709 annuntiasset
2875 1648 3173 1721 Egyptiis,
3236 1648 3365 1703 illic
3423 1662 3521 1717 per
3546 1646 3727 1717 Spiritus

2219 1745 2446 1800 ﬂuvium
2491 1760 2560 1800 ex
2605 1752 2799 1799 ventre
2836 1744 2955 1812 ejus
3010 1748 3238 1795 scatere
3298 1737 3441 1794 fecit
3481 1754 3619 1807 aqua
3651 1741 3727 1790 vita

2215 1835 2643 1906 praedicationis.
2676 1833 2896 1889 Tertius
2926 1833 3125 1895 Lucas,
3160 1830 3270 1901 qui
3310 1838 3548 1883 vocatur
3585 1828 3724 1898 Tygr's.

2214 1928 2309 1998 qui
2326 1928 2552 1998 quidem
2574 1927 2970 1995 interpretatur
2985 1924 3171 1979 Latus.
3194 1922 3353 1989 Quid
3382 1921 3530 1977 enim
3551 1921 3597 1973 in
3616 1921 3729 1973 Eran-

2216 2023 2373 2093 geliis
2396 2023 2561 2078 latius
2582 2020 2864 2076 autditius
2895 2018 3200 2089 Evangelia
3238 2014 3551 2071 secundum
3572 2013 3729 2067 Lucam!

2214 2115 2347 2170 Nam
2377 2130 2503 2169 cum
2528 2115 2681 2169 Pauli
2710 2113 3029 2183 dogmatum
3045 2111 3224 2165 fontis
3247 2110 3457 2164 fuisset
3476 2106 3726 2175 discipulus,

2214 2224 2379 2278 super
2398 2208 2637 2262 ﬂuvialia
2668 2207 2872 2261 ﬂuenta
2898 2222 2963 2261 ex
2981 2204 3135 2259 Pauli
3155 2203 3310 2257 rivis
3340 2200 3602 2257 scaturiit.
3620 2197 3731 2263 Quar-

2218 2308 2306 2354 tus
2333 2300 2573 2355 Joannes
2601 2298 2858 2361 dilectus,
2891 2313 3056 2362 supra
3103 2304 3296 2367 pectus
3334 2292 3652 2353 recumbens,
3684 2292 3724 2349 ¹¹ε

2217 2392 2312 2462 qui
2346 2407 2471 2447 cum
2506 2406 2669 2461 supra
2698 2390 2866 2444 Lucis
2902 2396 3097 2459 pectus
3125 2386 3487 2451 recubuerit,
3520 2383 3649 2438 nobis
3667 2398 3727 2435 an-

2220 2484 2497 2540 nuntiavit
2529 2500 2560 2541 a
2593 2483 2810 2553 superis
2846 2482 3046 2537 factam
3076 2481 3149 2536 ab
3180 2481 3314 2551 ipso
3354 2477 3722 2534 Patrelum'um

2211 2576 2647 2650 generationem,
2672 2575 2868 2645 quiest
2893 2574 3009 2645 ipse
3040 2574 3137 2629 lux
3168 2590 3309 2629 vera
3345 2571 3634 2628 illuminans
3653 2585 3726 2621 on-

2214 2685 2340 2725 nem
2370 2668 2669 2732 hominem,
2700 2676 2758 2723 et
2784 2669 2877 2721 lux
2904 2667 2957 2721 in
2982 2667 3236 2721 tenebris
3261 2667 3459 2720 lucens
3492 2664 3551 2723 ⁸⁷,
3594 2672 3636 2715 et
3664 2662 3716 2713 lux

2216 2760 2429 2825 mundi,
2460 2760 2606 2815 sicut
2636 2759 2780 2815 dixit
2811 2759 2880 2814 ’⁸.
2912 2760 3022 2830 Ipsi
3054 2761 3127 2821 sit
3155 2760 3343 2831 gloria
3373 2767 3431 2813 et
3470 2753 3718 2827 potentiain

2220 2852 2422 2908 saecula
2459 2852 2810 2919 saeculorum.
2842 2852 3038 2908 Amen.

548 2931 673 2980 tuor
699 2924 881 3000 ﬂuviis
909 2930 1390 3000 evangelistarum.
1422 2932 1556 3005 Nam
1588 2934 1876 2991 Matthqu
1891 2936 2116 3007 quidem
2212 2994 2213 2997 η

1812 3086 3703 3116 -ι--ψ--ι--η--ε--ι--ι-ν

1751 3282 2096 3371 LIBER
2152 3236 2613 3374 'NONUS.

1075 3480 1154 3522 DE
1196 3480 1571 3531 POSTEBIORL
1616 3479 1838 3522 RERUM
1869 3478 2113 3523 CREATH

2215 3478 2254 3531 Ξ,
2289 3479 2369 3521 ET
2402 3478 2682 3522 MULIEBB
2716 3478 2852 3521 VIBI
2882 3476 3261 3522 Αωυτιιιεε.

2144 3632 2213 3647 ι-ς

623 3762 686 3814 Et
715 3762 915 3830 accepit
935 3760 1074 3814 Deus
1096 3761 1357 3817 hominem
1382 3777 1534 3831 quem
1566 3761 1706 3830 fecit,
1731 3770 1782 3814 et
1806 3764 1979 3832 posuit
2002 3778 2119 3816 eum
2147 3763 2190 3821 C
2223 3759 2368 3817 imus
2413 3761 2705 3815 audientes
2725 3760 2871 3829 quod
2902 3761 3048 3815 Deus
3077 3759 3321 3829 sumpsit
3346 3756 3611 3815 hominem,
3631 3757 3701 3802 et:

548 3858 603 3912 in
640 3855 907 3924 paradiso.
948 3853 1086 3909 Ante
1124 3868 1339 3909 omnem
1366 3853 1827 3908 examinationem
1859 3852 2115 3908 conside-

551 3946 783 4003 randum
807 3956 891 4001 est
917 3947 971 4001 in
996 3946 1117 4002 loco
1145 3947 1419 4017 opposito,
1453 3962 1551 4000 cur
1592 3962 1700 4000 non
1731 3946 2041 4016 indigenam
2085 3961 2116 3999 e

549 4040 806 4111 paradiso
830 4040 1076 4111 genitum
1115 4049 1172 4096 et
1223 4056 1255 4095 e
1293 4038 1548 4111 paradiso
1599 4038 1838 4094 eﬂlctum
1876 4039 2026 4093 intus
2062 4037 2117 4092 in

548 4131 802 4202 paradiso
819 4132 1103 4187 Deusfecit
1128 4132 1433 4195 hominem,
1449 4130 1543 4185 sed
1563 4131 1742 4200 ipsum
1766 4128 2116 4183 extrinsecus

545 4226 753 4283 nudum
780 4234 836 4281 et
870 4226 1293 4295 incompositum
1334 4222 1558 4277 aliunde
1586 4222 1867 4277 inducitin
1896 4220 2116 4291 paradi-

546 4336 666 4374 sum
683 4336 698 4385 ;
718 4319 864 4373 intus
875 4326 1059 4373 autem
1079 4333 1110 4372 e
1129 4314 1387 4386 paradiso
1415 4314 1717 4370 fabricatur
1738 4312 2029 4367 mulierem
2047 4328 2114 4366 ex

544 4412 755 4468 Adamo
780 4429 795 4477 ;
823 4427 1018 4466 rursus
1033 4419 1217 4465 autem
1242 4425 1366 4464 cum
1389 4408 1595 4464 bestias
1616 4406 1749 4460 foris
1770 4406 2115 4461 construxis-

544 4494 647 4567 set',
682 4514 870 4574 postea
897 4501 1289 4558 introducitad
1318 4500 1599 4555 hominem
1653 4499 1711 4553 in
1773 4497 2111 4568 paradisum.

544 4597 844 4668 Oportebat
882 4596 1032 4652 enim
1061 4594 1148 4649 vel
1194 4591 1483 4647 mulierem
1533 4607 1658 4650 cum
1707 4588 1930 4644 homine
1979 4588 2116 4643 foris

547 4691 773 4761 ﬁngere,
795 4690 880 4745 vel
905 4689 1072 4745 etiam
1097 4689 1246 4742 intus
1278 4693 1606 4741 construere
1627 4686 1832 4747 virum,
1866 4682 2116 4738 ubimu-

544 4784 648 4838 lier
677 4784 781 4837 fuit
822 4790 1160 4838 constructa.
1189 4778 1477 4846 Quomodo
1507 4785 1691 4833 autem
1724 4777 1870 4830 Deus
1892 4790 2113 4844 quoque

545 4874 727 4929 ferens
749 4874 956 4929 bestias
976 4883 1031 4928 et
1050 4872 1329 4938 animalia,
1360 4886 1470 4925 non
1488 4886 1553 4925 ea
1576 4867 1804 4923 adduxit
1838 4868 1908 4921 ad
1927 4876 2111 4921 utros-

544 4979 653 5032 que
700 4978 826 5018 cum
853 4973 1040 5020 essent
1074 4963 1258 5029 simul,
1312 4963 1405 5018 sed
1442 4961 1511 5017 ad
1563 4961 1741 5022 solum
1782 4960 2113 5014 hominem?

545 5056 671 5111 Haec
690 5056 910 5113 Iudaeus
937 5058 1126 5129 legens
1152 5057 1382 5128 singulis
1405 5056 1626 5118 diebus,
1661 5071 1769 5109 non
1797 5052 2107 5125 cognoscit;

2220 3855 2343 3911 loco
2366 3857 2423 3911 in
2453 3858 2636 3911 locum
2664 3870 2789 3910 eum
2821 3856 3065 3910 traduxit
3087 3856 3256 3919 Deus,
3306 3861 3363 3909 et
3395 3865 3511 3906 eum
3533 3841 3695 3918 posuit?

2221 3948 2278 4004 Si
2305 3957 2488 4003 autem
2519 3947 2660 4001 dicis
2701 3947 2847 4017 quod
2882 3956 3035 4001 extra
3066 3946 3386 4015 paradisum
3421 3939 3589 3995 mulier
3607 3936 3695 3987 lacu

2218 4048 2389 4095 estex
2415 4040 2608 4103 latere,
2636 4038 2915 4108 quomodo
2958 4054 3079 4093 eam
3129 4037 3301 4093 simul
3330 4034 3487 4090 infert
3513 4042 3609 4085 cum
3632 4023 3690 4075 b0-

2218 4133 2365 4187 mine
2397 4132 2453 4186 in
2476 4132 2772 4201 paradiso?
2794 4131 2901 4186 Sed
2930 4148 2999 4186 ne
3024 4131 3433 4185 dubitationem
3464 4116 3691 4193 operimus

2217 4225 2581 4287 dubitatione,
2607 4224 2701 4295 qui
2731 4226 2989 4280 volumus
3008 4223 3255 4279 dilucide
3282 4230 3340 4277 et
3372 4220 3499 4275 citra
3516 4221 3685 4269 errorem

2216 4316 2432 4372 discere
2446 4317 2912 4387 quemadmodum
2934 4314 3148 4385 accepit
3167 4316 3318 4370 Deus
3328 4310 3573 4367 hominem
3583 4309 3686 4370 αυεω

2216 4408 2413 4476 ﬁnxit;
2471 4409 2762 4465 audiamus
2826 4410 3057 4464 Paulum
3093 4408 3371 4463 dicentem
3421 4403 3485 4459 de
3520 4394 3681 4454 Christo»

2215 4504 2360 4573 quod
2390 4520 2508 4559 cum
2527 4506 2583 4557 in
2610 4504 2779 4573 forma
2811 4502 2902 4563 Dei
2920 4510 3048 4555 esset
3077 4502 3143 4565 99,
3163 4501 3438 4555 hominem
3454 4503 3583 4562 quem
3605 4482 3683 4537 [κίε

2216 4597 2400 4665 Ροδυὶι
2440 4596 2492 4650 in
2524 4596 2777 4665 paradiso
2797 4594 3088 4655 Ecclesiae,
3131 4593 3195 4646 ad
3238 4579 3675 4661 Operandumipsum

2182 4682 2195 4685 Α
2218 4689 2346 4760 (hoc
2376 4697 2461 4743 est
2492 4688 2793 4752 hominem)
2819 4694 2875 4740 et
2898 4685 3350 4741 custodiendum.
3378 4677 3544 4746 Siquis
3562 4676 3675 4760 autetn

2216 4754 2322 4834 hoc
2348 4779 2519 4834 verbo
2553 4778 2921 4834 conturbatur
2952 4816 2969 4839 ,
3004 4777 3154 4831 dicat
3185 4775 3344 4843 mihi,
3374 4783 3483 4826 cum
3520 4754 3673 4818 mando

2212 4873 2454 4943 paradisi
2480 4874 2554 4927 sit
2584 4870 2987 4942 magnitudinis
3011 4857 3567 4938 incomprehensibilis.
3589 4848 3672 4903 adeo

2213 4974 2277 5021 ut.
2327 4964 2663 5020 abundantia
2713 4963 2834 5034 ejus
2894 4960 3238 5032 irrigationis
3288 4955 3472 5013 eﬂiciat
3513 4949 3672 5034 quatuor

2213 5056 2407 5111 ﬂuvios
2429 5055 2742 5111 universam
2761 5067 2934 5123 prope
2949 5060 3152 5107 terram
3175 5050 3469 5120 irrigantes.
3484 5022 3670 5107 αυοωθδθ

543 5144 804 5213 quoniam
835 5146 1016 5199 adhuc
1066 5147 1234 5203 habet
1282 5147 1601 5216 impositum
1643 5147 1826 5201 velum
1856 5144 2112 5200 animalis
2144 5129 2185 5183 D
2216 5150 2328 5210 ille.
2361 5163 2486 5203 cum
2523 5149 2595 5202 sit
2625 5147 2796 5211 solus,
2836 5145 3040 5216 ligone,
3068 5152 3248 5198 rastro
3284 5140 3365 5197 vel
3401 5140 3547 5190 aratro
3571 5130 3669 5175 θιθτ·

547 5236 926 5305 iguorationis.
974 5238 1031 5292 Si
1074 5238 1192 5295 bme
1219 5240 1367 5295 enim
1406 5239 1785 5309 intelligantur
1809 5238 2115 5293 secundum

546 5329 807 5394 litteram,
830 5345 894 5383 ea
923 5329 1191 5385 inducunt
1213 5346 1431 5386 omnem
1457 5330 1860 5386 absurditatem
1882 5337 1939 5385 et
1968 5329 2114 5386 blas-

547 5421 845 5492 phemiam.
883 5422 1017 5476 Nam
1045 5423 1090 5477 si
1137 5424 1278 5478 Deus
1334 5424 1524 5493 implet
1555 5425 1758 5479 coelum
1805 5434 1862 5478 et
1912 5431 2113 5478 terram

551 5512 746 5582 (utqui
785 5529 885 5568 nec
910 5514 1085 5583 possit
1109 5516 1520 5579 circumscribi,
1544 5531 1647 5570 nec
1667 5516 1810 5584 capi,
1844 5531 1947 5570 nec
1988 5532 2114 5569 mu-

550 5602 679 5669 tari,
703 5621 803 5660 nec
838 5606 1068 5670 moveri,
1096 5621 1197 5661 nec
1226 5607 1507 5676 migrare),
1537 5608 1817 5675 quomodo
1842 5623 1951 5662 non
1985 5624 2113 5677 per-

617 5785 922 5856 "Philipp.
955 5803 1012 5853 ιι,
1046 5786 1099 5841 6.
1176 5786 1393 5840 “Joan.
1420 5801 1513 5850 ιν.
1546 5785 1633 5839 26.

1713 5788 1755 5817 ⁸⁸
1785 5787 1940 5843 Joan.
1985 5802 2091 5853 xiv,
2126 5786 2207 5841 16.

2215 5241 2395 5296 cuerit
2423 5248 2583 5293 terrm
2610 5236 2988 5307 operationem
3015 5253 3030 5302 ;
3060 5233 3341 5305 quomodo
3370 5235 3519 5283 autem
3546 5216 3664 5307 ευξίθ

2216 5329 2424 5392 diebat,
2462 5344 2586 5383 cum
2617 5342 2802 5397 neque
2828 5335 3016 5383 essent
3045 5325 3221 5389 fures,
3250 5335 3418 5393 neque
3441 5311 3539 5371 viri,
3560 5299 3665 5358 είδο-

2214 5423 2333 5477 stia:
2354 5437 2547 5477 omnes
2573 5430 2630 5476 et
2680 5420 2902 5491 reptilia
2930 5422 3083 5491 jussa
3116 5426 3307 5475 essent
3342 5408 3477 5470 simul
3516 5401 3660 5491 cum“?

2216 5515 2365 5571 vesci
2390 5514 2649 5570 omnibus
2673 5514 2950 5568 fructibus
2986 5513 3080 5583 qui
3116 5521 3409 5573 nascuntur
3430 5519 3455 5557 a
3483 5504 3602 5550 lem,
3626 5486 3660 5583 "-'

2218 5624 2339 5677 quae
2365 5624 2395 5663 a
2419 5607 2532 5662 Deo
2576 5606 2736 5663 factae
2791 5606 2902 5663 sint
2936 5623 3061 5662 cum
3113 5605 3336 5663 homine
3375 5588 3595 5670 partitil’es
3621 5576 3655 5622 ⁸¹

2292 5786 2334 5817 ’⁵
2361 5786 2516 5841 Joan.
2550 5800 2661 5852 xui,
2695 5784 2781 5841 '23.
2860 5784 2903 5815 ”
2946 5782 3103 5839 Joan.
3132 5797 3182 5847 ι,
3209 5780 3263 5836 δ,
3336 5773 3515 5828 “toan.
3546 5745 3646 5813 1&5-
