4080 6528
348 325 455 389 985

344 539 505 589 antea
537 526 743 582 dictum
777 538 903 584 est:
964 530 1061 585 sed
1100 547 1294 588 omnes
1318 534 1510 590 bestiae
1552 547 1608 591 et
1644 537 1900 593 volucres

344 620 778 689 subjiciebautur
804 620 1034 679 Adamo.
1061 623 1292 689 Quando
1320 642 1453 696 ergo
1476 627 1723 683 audieris
1752 630 1899 699 quod

343 711 489 765 Deus
526 710 692 765 infert
718 709 893 764 Adam
925 727 989 766 ex
1019 713 1256 782 quodam
1304 716 1425 771 loco
1454 719 1659 787 ignoto,
1710 728 1765 774 et
1803 720 1900 788 qui

342 820 447 859 nec
473 812 654 874 potest
681 804 945 872 explicari
974 822 1075 861 nec
1099 809 1491 878 comprehendi
1522 853 1535 877 ,
1568 812 1767 877 solum,
1801 829 1901 867 nu-

342 897 477 953 dum
504 907 561 953 et
590 898 1009 968 incompositum
1036 940 1051 964 ,
1110 899 1165 954 in
1220 903 1533 971 paradisum
1561 921 1576 970 ;
1617 915 1673 960 et
1722 905 1904 960 induit

339 1005 467 1044 eum
498 988 647 1043 intus
678 990 907 1059 pellicea
937 992 1119 1046 tunica
1157 994 1365 1047 carnali
1393 1011 1407 1059 ;
1449 1004 1503 1048 et
1533 996 1600 1049 ad
1636 1011 1763 1050 eum
1809 997 1905 1050 ad-

339 1078 494 1134 ducit
527 1079 733 1134 bestias
759 1080 923 1143 intra,
955 1096 1079 1151 quae
1099 1092 1226 1137 ante
1247 1084 1369 1153 ejus
1397 1084 1706 1154 ingressum
1746 1095 1905 1141 erant

337 1170 479 1226 foris
514 1189 526 1224 :
556 1186 653 1240 per
681 1171 797 1225 haec
832 1174 1015 1226 omnia
1059 1173 1198 1228 nihil
1240 1183 1325 1230 est
1365 1176 1513 1229 aliud
1560 1177 1936 1247 prmdictumk

339 1263 448 1318 nisi
483 1263 629 1333 quod
656 1265 800 1318 Deus
834 1264 1098 1331 Verbum,
1133 1266 1230 1334 qui
1274 1266 1428 1338 prius
1472 1279 1594 1323 erat
1625 1268 1808 1324 nudus
1848 1279 1907 1324 et

342 1356 767 1425 incompositus,
797 1357 975 1411 Patris
1005 1359 1289 1415 voluntate
1316 1369 1372 1415 et
1401 1362 1810 1431 cooperatione,
1839 1376 1902 1416 ex

341 1451 468 1506 loco
511 1451 698 1521 ignoto
748 1460 806 1507 et
846 1454 940 1522 qui
991 1453 1256 1523 explicari
1305 1470 1418 1509 non
1466 1463 1646 1525 potest
1683 1456 1905 1526 (nempe

339 1542 655 1598 Cherubico
718 1544 937 1613 throno)
1006 1545 1289 1615 ingressus
1344 1553 1431 1601 est
1482 1546 1539 1601 in
1587 1547 1904 1616 paradisum

342 1634 624 1698 Ecclesiae,
667 1635 736 1689 ad
767 1635 1107 1704 operandam
1136 1636 1319 1706 ipsum
1345 1644 1401 1691 et
1422 1637 1849 1693 custodiendum
1890 1656 1903 1692 :

342 1734 402 1781 et
432 1742 592 1781 carne
617 1736 875 1797 suscepta
902 1728 1115 1798 accepit
1154 1728 1396 1783 tunicam
1423 1736 1625 1785 nostrae
1650 1730 1903 1786 essentia:

345 1817 562 1889 (nempe
590 1817 867 1871 hominem
897 1833 1061 1886 quem
1090 1818 1268 1889 ﬁnxit)
1293 1862 1308 1883 ,
1346 1829 1402 1875 et
1431 1821 1482 1875 ei
1506 1822 1695 1877 unitus
1726 1833 1811 1879 est
1838 1825 1895 1878 in

340 1905 640 1977 hypostasi.
664 1903 788 1958 Non
817 1906 955 1959 enim
980 1906 1195 1976 angelos
1219 1909 1580 1979 apprehendit,
1601 1909 1693 1962 sed
1722 1926 1898 1963 semen

339 1998 563 2055 Abrahae
591 2004 931 2072 apprehendit
958 2004 998 2067 ί,
1016 2004 1238 2073 quando
1269 2014 1495 2074 accepto
1521 2006 1702 2061 carnis
1729 2006 1899 2061 linteo

339 2094 584 2164 seipsum
626 2098 904 2160 accinxit,
939 2114 1052 2153 non
1099 2099 1167 2153 ab
1203 2099 1313 2153 alio
1365 2100 1417 2153 ei
1465 2100 1747 2169 imposito.
1800 2100 1899 2156 Se-

339 2184 522 2255 ipsum
545 2186 691 2242 enim
722 2203 885 2243 carne
917 2188 1100 2244 induit
1136 2190 1343 2260 absque
1380 2191 1591 2245 semine
1634 2191 1896 2245 humano.

338 2277 419 2333 De
447 2294 557 2348 quo
606 2280 662 2333 in
689 2280 857 2335 vitam
900 2281 1153 2352 ingressu
1204 2292 1444 2338 testatur
1491 2284 1649 2353 901
1698 2284 1901 2338 Paulus

340 2385 539 2425 cursor
570 2372 828 2441 paradisi,
882 2373 1073 2428 dicens
1114 2374 1183 2429 de
1231 2375 1344 2429 Deo
1401 2375 1562 2429 Patre
1588 2414 1603 2439 ,
1643 2383 1697 2429 et
1761 2375 1901 2429 Filio

342 2462 438 2532 qui
465 2470 548 2517 est
580 2464 930 2520 introductus
961 2480 1061 2534 per
1089 2465 1305 2521 Patrem
1330 2483 1343 2519 :
1373 2465 1597 2531 Quando
1622 2474 1794 2520 autem
1818 2469 1903 2520 in-

344 2555 632 2609 troduxerit
655 2557 1057 2627 primogenitum
1085 2559 1142 2611 in
1168 2559 1341 2613 orbem
1363 2568 1517 2613 terra:
1540 2559 1560 2589 ‘
1581 2600 1594 2624 ,
1626 2566 1681 2613 et
1707 2575 1905 2629 posue-

342 2648 418 2701 rit
444 2664 569 2702 eum
604 2648 659 2702 in
687 2649 956 2711 Ecclesia,
987 2666 1137 2719 quem
1173 2651 1290 2719 fecit
1318 2650 1577 2704 haeredem
1603 2652 1835 2704 omnium
1858 2651 1901 2715 ³,

344 2738 478 2794 dicit
514 2758 527 2794 :
558 2739 623 2794 Et
656 2741 952 2796 adorabunt
991 2757 1108 2795 eum
1136 2757 1313 2795 omnes
1362 2741 1525 2795 tribus
1563 2744 1795 2813 gentium
1833 2742 1855 2774 ⁸
1888 2760 1903 2808 ;

343 2837 399 2883 et
430 2845 619 2886 omnes
650 2830 838 2885 leones
865 2832 1084 2900 (nempe
1109 2846 1265 2902 reges
1304 2834 1484 2899 terrae)
1517 2832 1739 2887 beatum
1777 2850 1903 2889 eum

344 2921 555 2988 dicent,
606 2932 665 2977 ut
722 2924 817 2993 'qui
867 2924 1143 2993 acceperit
1181 2940 1212 2978 ει
1250 2924 1410 2979 Patre
1456 2924 1662 2980 bestias
1690 2924 1908 2993 (nempe

345 3016 723 3071 haereditatem
750 3017 1017 3087 gentium)
1047 3027 1104 3071 et
1128 3019 1535 3087 possessionem
1560 3031 1736 3079 suam,
1770 3016 1907 3070 ﬁnes

346 3119 529 3165 terrae.
578 3111 655 3165 lu
696 3110 970 3180 intelligat
1018 3110 1262 3165 Ecclesia
1289 3110 1467 3165 illud:
1516 3111 1725 3180 Accepit
1768 3110 1907 3163 Deus

344 3203 621 3267 hominem,
659 3210 707 3253 et
732 3202 902 3270 posuit
935 3218 1051 3254 eum
1096 3210 1351 3271 tanquam
1398 3202 1681 3271 proprium
1708 3215 1906 3270 corpus

342 3293 399 3348 in
432 3309 593 3348 unam
621 3305 861 3349 sanctam
886 3294 1243 3364 hypostasim,
1278 3303 1338 3347 ut
1370 3293 1546 3348 ﬁdelis
1570 3293 1753 3363 populi
1780 3308 1909 3362 ope-

346 3396 562 3441 raretur
589 3385 1017 3455 plenitudinem,
1048 3394 1103 3440 et
1129 3386 1435 3440 custodiret
1466 3387 1778 3455 paradisum
1816 3402 1907 3439 ar-

343 3479 563 3542 borum,
594 3493 794 3547 nempe
834 3478 1078 3549 gentium
1125 3479 1309 3533 anima
1348 3478 1720 3548 przeditarum.
1754 3478 1906 3533 Unde

344 3572 509 3626 etiam
552 3576 813 3639 tanquam
843 3569 911 3624 ad
955 3569 1059 3624 hoc
1106 3569 1284 3637 ipsum
1324 3568 1538 3637 positus
1583 3586 1610 3622 a
1644 3569 1803 3622 Patre
1825 3569 1908 3623 di-

344 3663 505 3720 cebat
557 3679 571 3715 :
610 3661 774 3715 Pater
816 3678 958 3716 meus
1004 3678 1165 3731 usque
1202 3661 1353 3714 modo
1401 3669 1670 3730 operatur,
1719 3669 1768 3713 et
1815 3678 1907 3731 ego

345 3773 535 3827 operor
564 3755 608 3819 ⁵,
641 3765 697 3809 et
721 3754 1059 3810 custodienti
1089 3753 1222 3807 mihi
1246 3761 1536 3823 paternum
1565 3754 1903 3817 mandatum,

344 3848 501 3904 dedit
532 3848 667 3902 mihi
719 3862 912 3919 agrum
951 3855 1009 3901 et
1051 3847 1294 3911 hortum,
1338 3846 1396 3900 in
1439 3862 1602 3916 quem
1654 3861 1906 3915 egressus

344 3958 377 3997 a
422 3942 608 4007 Patre,
661 3940 945 4012 ingressus
985 3948 1069 3995 est
1104 3940 1287 3994 statim
1334 3939 1431 4009 qui
1463 3938 1700 3994 seminat
1726 3937 1791 3991 ad
1820 3953 1907 3993 se-

346 4033 666 4089 minandum
705 4052 718 4088 :
770 4041 827 4088 et
873 4033 1057 4087 statim
1106 4045 1266 4085 mane
1313 4030 1551 4085 conduxi
1616 4026 1906 4084 duodecim

342 4124 627 4195 Operarios
656 4123 976 4192 discipulos.
999 4123 1081 4177 eis
1111 4121 1375 4177 mandans
1405 4137 1467 4175 ac
1490 4121 1677 4175 dicens
1706 4137 1720 4173 :
1744 4119 1905 4173 Nemo

344 4232 409 4269 ea:
427 4213 566 4269 vobis
584 4214 791 4267 mittens
810 4229 1023 4266 manum
1046 4213 1114 4265 ad
1127 4221 1370 4265 aratrum
1395 4222 1442 4265 et
1471 4227 1743 4264 conversus
1770 4218 1906 4264 retro

344 4317 498 4378 aptus
531 4313 607 4360 est
632 4321 790 4375 regno
824 4304 1069 4358 cwlorum
1092 4304 1130 4356 °.
1156 4303 1231 4357 De
1261 4312 1481 4366 caetero,
1518 4301 1701 4356 Tollite
1716 4303 1907 4373 jugum

346 4418 518 4456 meum
555 4416 715 4469 super
760 4416 869 4461 vos,
907 4400 1096 4469 jugum
1154 4398 1293 4450 enim
1327 4412 1497 4450 meum
1549 4404 1624 4449 est
1665 4412 1822 4448 suave
1861 4395 1902 4459 ",

356 329 455 399 pas
1423 330 1502 390 IN
1542 329 2087 395 HEXAEMERON.
2120 356 2191 371 -ο
2221 335 2368 399 LIB.
2408 336 2513 398 Ix.

345 433 664 491 cohaeredes
709 434 1013 501 fructuum,
1057 436 1201 493 sicut
1242 455 1271 494 ι
1302 441 1464 497 nobis
1509 441 1749 499 breviter
1787 444 1901 515 jam
1931 449 1975 505 Α
2002 446 2138 501 alios
2162 446 2507 518 septuaginta
2531 449 2815 518 operarios
2842 450 2910 505 ad
2933 450 3269 521 operandum
3298 459 3353 509 et
3387 468 3571 511 custo-

3461 343 3571 411 986

1999 538 2261 593 diendum
2293 539 2441 593 hunc
2477 540 2815 610 paradisum,
2842 542 2911 596 ad
2953 543 3093 597 bene
3130 544 3490 613 operandum.
3517 555 3572 601 et

1999 628 2403 692 scminandum,
2444 636 2500 683 et
2544 630 2929 699 plantandum,
2965 631 3329 701 purgandum.
3362 641 3417 686 et
3444 633 3571 686 irri-

2000 720 2261 789 gandum,
2308 720 2391 775 eis
2442 721 2710 775 mandans
2767 728 2823 775 et
2870 722 3063 776 dicens
3106 740 3119 775 :
3158 721 3337 776 Omnis
3386 724 3571 792 planta

2001 829 2160 884 quam
2198 829 2301 865 non
2346 812 2604 883 plantavit
2632 812 2796 867 Pater
2838 830 2982 867 meus
3012 812 3250 879 caelestis,
3304 831 3419 869 eam
3449 832 3571 869 era-

2001 907 2168 961 dicate
2195 908 2238 969 °,
2298 914 2353 961 et
2388 907 2619 961 verbum
2667 915 2913 961 nostrum
2961 916 3017 962 et
3057 906 3249 978 dogma
3308 908 3567 978 plantate.

2000 997 2112 1052 Nec
2152 996 2259 1052 hoc
2300 998 2500 1063 solum,
2531 996 2627 1052 sed
2669 996 2834 1053 etiam
2870 1013 2969 1066 per
2998 997 3177 1068 ipsum
3220 998 3350 1054 licet
3384 999 3572 1055 videre

2003 1086 2149 1142 hunc
2200 1088 2502 1143 secundum
2550 1087 2720 1142 Adam
2765 1092 2984 1157 (nempe
3034 1088 3338 1157 Christum)
3385 1097 3573 1160 aperte

2003 1187 2319 1248 operantem
2352 1180 2596 1251 (arbores
2642 1178 2855 1232 ratione
2900 1178 3156 1247 praeditas
3184 1196 3197 1245 ;
3230 1187 3285 1233 et
3328 1194 3422 1233 eas
3449 1178 3573 1248 qui-

2003 1270 2128 1324 dem
2153 1284 2273 1339 quae
2292 1280 2421 1324 sunt
2442 1269 2755 1332 immunda,
2782 1268 3158 1324 mundantem.
3181 1268 3392 1337 Quibus
3407 1271 3574 1327 etiam

2004 1362 2224 1417 dicebat
2246 1381 2258 1416 :
2278 1362 2423 1429 Volo,
2452 1364 2707 1417 mundare
2731 1364 2804 1427 ¹⁰;
2839 1363 3011 1418 siccas
3038 1372 3221 1419 autem
3254 1366 3570 1420 humectaw

2004 1462 2116 1509 tem
2156 1475 2171 1507 :
2205 1470 2271 1508 ex
2295 1456 2497 1524 quibus
2517 1462 2638 1510 erat
2665 1454 2830 1509 etiam
2872 1454 2962 1509 illa
2988 1455 3152 1509 arbor
3216 1472 3337 1526 qua:
3364 1458 3573 1511 aridam

2006 1563 2158 1602 suam
2181 1549 2401 1602 habebat
2434 1566 2649 1604 ntanum
2675 1550 2997 1619 “(tanquam
3032 1564 3275 1613 ramum;
3306 1548 3374 1603 ad
3408 1564 3571 1618 quam

2005 1640 2330 1694 exclamavit
2385 1640 2564 1695 bonus
2624 1641 2990 1705 hortulanus,
3052 1640 3290 1695 Extende
3354 1657 3572 1694 manum

2009 1738 2154 1785 tuam
2196 1733 2239 1762 "
2287 1730 2354 1784 ad
2389 1732 2485 1786 Dei
2540 1731 2943 1802 operationem.
2991 1730 3082 1786 Sic
3110 1731 3278 1786 etiam
3314 1739 3572 1799 tanquam

2005 1824 2136 1885 vita,
2182 1822 2349 1877 etiam
2396 1832 2572 1877 morte
2609 1822 2835 1878 allectos
2882 1823 3032 1877 viros
3079 1822 3457 1887 mortiﬁcavit;
3505 1838 3572 1876 ex

2000 1914 2200 1985 quibus
2220 1924 2338 1969 erat
2357 1926 2571 1969 mortua
2593 1923 2648 1970 et
2667 1916 2819 1970 arida
2850 1916 3013 1970 arbor
3041 1915 3300 1980 Lazarus,
3323 1915 3572 1986 lacrymze

1998 2022 2139 2076 aqua
2182 2007 2422 2077 irrigata,
2459 2016 2515 2062 ct
2546 2024 2667 2077 quae
2699 2008 2883 2065 statim
2916 2008 3245 2079 germinavit
3291 2024 3356 2063 ex
3400 2017 3567 2063 terra.

2001 2098 2511 2168 Supernaturaliter
2561 2108 2747 2154 autem
2793 2100 2898 2154 scit
2946 2116 3164 2170 quoque
3216 2101 3306 2156 hic
3338 2101 3572 2171 agricola

1998 2190 2157 2245 Jesus
2200 2190 2501 2254 inoculare,
2546 2200 2607 2246 ut
2660 2191 2756 2262 qui
2804 2193 2981 2247 instar
3029 2192 3307 2246 hortulani
3364 2192 3480 2245 luto
3514 2199 3569 2247 et

1999 2297 2142 2351 aqua
2182 2280 2471 2335 inoculans
2513 2298 2638 2337 eum
2689 2283 2782 2351 qui
2835 2291 2952 2337 erat
2987 2298 3165 2338 caecus
3207 2283 3276 2337 ab
3319 2292 3447 2337 ortu
3487 2284 3570 2354 (ut

2000 2374 2095 2443 qui
2141 2382 2285 2428 esset
2325 2374 2419 2428 lux
2456 2374 2523 2428 de
2572 2374 2823 2443 lumine),
2856 2376 2985 2430 caeci
3033 2375 3208 2429 oculis
3236 2375 3413 2429 visum
3448 2375 3571 2429 red-

2001 2465 2225 2521 diderit.
2271 2464 2427 2531 Quod
2466 2466 2509 2519 si
2545 2466 2711 2520 etiam
2751 2468 2928 2537 ipsum
2970 2462 3114 2523 'velis
3144 2467 3332 2522 videre
3379 2468 3572 2538 irriga-

2001 2566 2269 2630 gatorem,
2301 2558 2427 2613 audi
2469 2573 2597 2613 eum
2630 2558 2904 2614 dicentem
2937 2577 2950 2612 :
2986 2558 3042 2614 Si
3075 2560 3190 2629 quis
3226 2560 3360 2620 sitit,
3394 2560 3567 2614 veniat

2004 2652 2074 2705 ad
2118 2667 2217 2715 me,
2256 2659 2306 2703 et
2358 2652 2499 2705 bibat
2528 2652 2594 2705 ¹³.
2651 2650 2742 2705 Sic
2791 2651 2938 2706 enim
2976 2654 3176 2705 sedens
3220 2650 3286 2705 ad
3320 2660 3568 2721 puteum,

2004 2742 2229 2812 pulchra
2254 2743 2345 2797 illa
2372 2743 2501 2798 vitis
2528 2743 2746 2813 (nempe
2783 2742 3143 2813 Samaritana)
3176 2742 3422 2814 irrigata,
3449 2759 3568 2797 eam

2005 2832 2246 2887 reddidit
2306 2833 2563 2889 fertilem.
2598 2833 2753 2889 Unde
2811 2834 2978 2889 etiam
3028 2844 3286 2903 tanquam
3330 2834 3569 2887 fructum

2007 2940 2194 2979 amans
2213 2927 2446 2994 agricola
2483 2936 2538 2980 et
2560 2928 2702 2981 Deus
2724 2926 3077 2995 reprehendit
3101 2942 3225 2981 eum
3262 2926 3357 2995 qui
3397 2925 3570 2979 trien-

2008 3017 2103 3070 nio
2137 3016 2297 3070 ﬁcum
2332 3018 2479 3071 illam
2535 3019 2806 3084 irrigavit,
2842 3019 2911 3072 de
2965 3029 3164 3073 caetero
3201 3033 3319 3073 eam
3365 3019 3568 3089 jubcns

1935 3135 1976 3191 ο
2007 3111 2358 3166 exscindere:
2398 3109 2673 3179 quomodo
2698 3110 2863 3164 etiam
2888 3125 3011 3165 cum
3036 3125 3133 3179 per
3152 3126 3209 3164 se
3237 3111 3572 3179 increpasset

2011 3202 2175 3256 ﬁcum
2195 3217 2317 3272 qute
2342 3201 2469 3256 folia
2488 3200 2716 3265 ferebat,
2741 3215 2850 3256 non
2877 3209 3059 3255 autem
3100 3198 3362 3264 fructum,
3397 3200 3568 3270 ipsam

2009 3294 2323 3349 exsiccavit.

2075 3384 2181 3439 Sed
2216 3385 2331 3438 haec
2358 3382 2578 3453 quidem
2605 3383 2747 3439 dicta
2780 3384 2891 3438 sint
2919 3382 2987 3437 de
3030 3397 3098 3438 eo
3127 3382 3272 3451 quod
3315 3381 3569 3437 Christus

2005 3484 2261 3545 operatur
2288 3476 2625 3545 paradisum.
2671 3477 2747 3530 De
2778 3491 2844 3531 eo
2888 3486 3069 3531 autem
3120 3477 3266 3546 quod
3297 3477 3571 3532 custodiat

2006 3570 2152 3623 hunc
2185 3569 2363 3638 ipsum
2407 3568 2624 3623 hortum
2678 3570 2888 3625 ratione
2912 3570 3219 3639 praeditum,
3257 3570 3384 3625 audi
3441 3586 3568 3625 eum

2005 3661 2276 3715 dicentem
2329 3678 2343 3715 :
2382 3660 2499 3715 Non
2553 3662 2852 3731 relinquam
2907 3679 2991 3717 eos
3032 3665 3293 3732 orphanos
3330 3664 3395 3717 “.
3447 3664 3515 3718 Et
3552 3683 3565 3717 :

2004 3754 2180 3808 Porta:
2203 3755 2360 3824 inferi
2388 3770 2491 3807 non
2546 3754 2899 3824 praevalebunt
2932 3756 3176 3809 adversus
3202 3756 3245 3788 ¹⁵
3275 3756 3423 3809 hunc
3468 3772 3567 3825 pa-

2004 3846 2244 3901 radisum
2297 3863 2312 3899 :
2361 3846 2472 3915 Ego
2493 3862 2610 3899 sum
2638 3846 2827 3900 ostium
2855 3848 3021 3902 caulae
3058 3849 3230 3901 ovium
3278 3848 3341 3912 ¹⁶,
3375 3856 3425 3901 et
3453 3850 3573 3901 ani-

2007 3956 2148 3993 mam
2172 3955 2344 4011 meam
2369 3955 2504 4009 pono
2531 3955 2625 4009 pro
2673 3941 2798 4008 ipsis
2832 3939 2895 3993 ³⁷.
2932 3940 2998 3993 Et
3030 3957 3043 3992 :
3078 3939 3240 3993 Nemo
3282 3948 3447 4011 potest
3481 3957 3571 3995 eas

2006 4032 2240 4102 accipere
2267 4031 2331 4084 de
2359 4049 2522 4086 manu
2548 4048 2664 4085 mea
2696 4033 2758 4086 ¹⁸.
2787 4030 3053 4097 Quoniam
3103 4048 3230 4101 quos
3279 4032 3419 4086 dedit
3444 4035 3571 4087 mihi
3643 4103 3647 4108 ν

2006 4121 2187 4188 Pater,
2213 4123 2467 4177 custodivi
2497 4140 2603 4186 eos,
2642 4131 2689 4175 et
2726 4139 2876 4175 nemo
2904 4138 2967 4177 ex
2994 4124 3056 4177 iis
3101 4123 3274 4193 periit,
3299 4124 3399 4176 nisi
3426 4122 3571 4191 ﬁlius

2004 4212 2309 4283 perditionis
2337 4214 2400 4267 ‘9.
2451 4213 2572 4267 Πωο
2598 4221 2672 4267 est
2704 4215 2840 4266 enim
2868 4213 3111 4267 voluntas
3162 4212 3340 4267 Patris
3373 4214 3462 4279 qui
3492 4231 3573 4267 me

2006 4306 2148 4358 misit
2168 4313 2224 4358 ut
2247 4306 2500 4374 quidquid
2533 4306 2672 4359 dedit
2708 4306 2835 4358 mihi
2861 4305 3043 4369 Pater,
3072 4323 3175 4359 non
3234 4306 3452 4375 perdam
3508 4322 3573 4359 ex

2006 4397 2116 4466 ipso
2143 4396 2210 4448 '°.
2259 4395 2338 4450 Ad
2378 4396 2483 4450 hoc
2505 4397 2649 4451 enim
2674 4412 2760 4450 me
2791 4396 3078 4451 collocavit
3097 4413 3159 4452 ac
3182 4398 3485 4461 constituit,
3511 4407 3571 4452 ut

345 4507 542 4561 nempe
572 4506 738 4555 crux;
769 4500 825 4545 et
856 4490 947 4559 qui
977 4488 1231 4552 seminat,
1258 4487 1562 4541 mercedem
1589 4485 1809 4554 accipit,
1843 4493 1898 4539 et
1927 4478 1971 4535 D
2002 4501 2196 4556 operer
2210 4494 2265 4541 et
2286 4486 2587 4541 custodiam
2607 4486 3046 4558 ejusparadisum
3069 4488 3224 4541 aDeo
3248 4488 3568 4557 plantatum.

347 4585 550 4655 Colligit
568 4584 829 4645 fructum,
849 4590 909 4635 ut
933 4582 1150 4635 laetetur
1188 4580 1280 4650 qui
1296 4580 1529 4635 seminat
1548 4578 1712 4633 simul
1731 4585 1786 4632 et
1806 4576 1901 4647 qui

348 4678 523 4733 metit.
566 4676 678 4731 llos
705 4674 996 4729 duodecim
1033 4673 1270 4728 conduxi
1297 4674 1430 4727 mihi
1454 4686 1668 4727 summo
1718 4685 1899 4725 mane.

349 4769 455 4825 Sed
482 4777 770 4839 postquam
791 4766 902 4821 vidi
925 4766 1238 4837 paradisum
1267 4781 1542 4837 magnum,
1572 4773 1629 4819 et
1654 4763 1904 4833 regiones

348 4861 551 4917 multas
591 4869 647 4916 et
694 4858 847 4914 albas
891 4867 947 4914 et
990 4874 1157 4927 puras
1185 4857 1372 4921 corde,
1416 4866 1472 4911 et
1501 4855 1783 4926 proposito
1812 4870 1907 4925 pa~

348 4961 496 5008 ratas
536 4952 602 5007 ad
643 4966 877 5014 messem
910 4950 1060 5015 ﬁdei,
1102 4958 1159 5004 et
1211 4949 1275 5004 ad
1329 4948 1641 5003 insitionem
1671 4964 1735 5003 ex
1785 4946 1908 5002 inﬁ-

349 5044 573 5100 delitate
596 5044 664 5098 ad
699 5044 795 5099 Dei
822 5043 1218 5112 cognitionem;
1248 5056 1426 5110 neque
1448 5040 1552 5095 hoc
1582 5040 1781 5106 solum,
1808 5038 1903 5094 sed

348 5137 516 5191 etiam
555 5137 782 5192 arbores
818 5135 1079 5205 pulchras
1109 5134 1178 5188 ad
1208 5132 1504 5187 videndum
1535 5143 1591 5187 et
1636 5132 1809 5187 bonas
1838 5132 1905 5186 ad

350 5227 770 5292 comedendum,
810 5235 868 5283 et
913 5226 1179 5282 habentes
1220 5226 1431 5281 fructus
1466 5236 1731 5292 maturos,
1762 5225 1905 5281 dixi:

350 5320 531 5383 Messi:
568 5321 775 5392 quidem
810 5320 998 5385 multa,
1031 5320 1257 5389 operarii
1290 5336 1411 5373 vero
1445 5320 1598 5389 pauci
1620 5317 1663 5372 ⁸.
1707 5317 1910 5384 Quam-

351 5410 541 5467 obrem
572 5427 698 5468 cum
728 5410 894 5467 etiam
935 5409 1196 5481 populum
1235 5410 1621 5477 ostendissem,
1676 5408 1911 5466 conduxi

428 5570 445 5600 ¹
474 5568 637 5623 Hebr.
666 5584 703 5629 1.
735 5570 820 5623 ili.
911 5568 930 5597 ¹
972 5566 1105 5620 ibid.
1141 5565 1193 5621 6.
1267 5566 1287 5597 ³
1328 5565 1464 5619 ibid.
1504 5565 1559 5618 2.

352 5656 428 5702 xr,
466 5639 533 5693 50
628 5641 650 5669 ⁸
686 5638 874 5693 Matth.
912 5654 983 5700 lx,
1024 5637 1115 5690 57.
1193 5638 1212 5667 ⁹
1255 5636 1443 5689 Matth.
1487 5651 1573 5694 xv,
1618 5637 1701 5690 15.

355 5780 399 5811 ⁸⁸
425 5779 582 5841 Joau.
611 5794 682 5846 vi,
723 5778 809 5835 59.

1669 5564 1690 5594 ‘
1729 5565 1869 5620 Psal.
1912 5583 2053 5628 LXXI,
2094 5568 2179 5619 11.

1804 5636 1844 5667 ¹⁰
1884 5637 2071 5690 Matth.
2113 5654 2224 5702 vm,
2266 5637 2316 5690 5.
2397 5637 2435 5667 ¹¹
2481 5635 2613 5690 Luc.
2653 5653 2724 5698 γι,
2774 5637 2827 5689 8.
2904 5638 2945 5667 "

354 5725 454 5789 in,
488 5710 575 5763 57.
655 5709 699 5740 ’⁸
723 5708 883 5789 ἔρξω.
910 5724 1017 5789 xiv,
1052 5706 1137 5781 l8.
1216 5706 1257 5739 "
1287 5705 1472 5779 Matth.
1494 5722 1600 5772 xvt,
1631 5707 1713 5762 18.
1792 5707 1832 5737 ¹⁶
1864 5707 2017 5775 Joan.
2054 5723 2103 5772 ι,
2132 5708 2181 5761 7.

2076 4578 2142 4632 Et
2161 4581 2405 4650 praecepit
2427 4579 2679 4634 Dominus
2705 4580 2841 4633 Deus
2861 4579 3064 4634 Adamo
3092 4579 3266 4633 dicens
3289 4596 3307 4635 :
3330 4579 3414 4634 Ea:
3429 4583 3573 4635 omni

2011 4671 2150 4744 ligno
2169 4672 2305 4743 quod
2327 4682 2403 4726 est
2427 4675 2481 4726 in
2526 4673 2793 4743 paradiso,
2823 4672 3069 4726 vescendo
3088 4673 3351 4726 vescimini
3382 4690 3400 4727 :
3430 4691 3462 4727 a
3510 4672 3574 4727 li-

2010 4782 2112 4836 gno
2145 4776 2319 4820 autem
2349 4767 2685 4835 cognoscendi
2742 4765 2932 4820 bonum
2967 4775 3016 4819 et
3040 4765 3260 4829 malum,
3314 4783 3377 4820 ne
3425 4783 3488 4820 ea:
3513 4784 3571 4821 eo

2010 4857 2321 4919 vescamini;
2347 4872 2445 4926 quo
2472 4866 2644 4909 autem
2662 4857 2745 4908 die
2772 4858 3056 4921 vescimini,
3082 4873 3145 4910 ea:
3182 4874 3239 4910 eo
3280 4868 3443 4910 morte
3457 4874 3540 4911 mo
3558 4891 3577 4902 -

2010 4949 2237 5002 riemini.
2266 4949 2385 5003 Non
2430 4948 2646 5011 obvius,
2677 4964 2780 5003 nec
2822 4950 3184 5019 conspicuus,
3218 4950 3313 5004 sed
3369 4965 3471 5005 nec
3504 4953 3570 5007 ad

2009 5028 2453 5109 consequendum
2495 5039 2671 5095 facilis
2698 5040 2800 5094 fuit
2847 5055 3042 5096 sensus
3075 5041 3471 5112 interpretibus
3506 5040 3574 5094 iis

2003 5132 2096 5203 qui
2118 5131 2187 5186 ad
2213 5133 2320 5187 hoc
2357 5147 2495 5203 opus
2549 5134 2787 5204 aggressi
2834 5142 2996 5200 sunt;
3060 5134 3413 5203 quamobrem
3468 5132 3573 5189 fuit

2005 5224 2171 5281 etiam
2194 5224 2342 5279 omni
2366 5241 2431 5280 ex
2456 5235 2612 5295 parte
2632 5225 2948 5296 discrepans
2974 5226 3029 5281 in
3053 5226 3217 5282 dictis
3249 5226 3569 5297 propositis.

2008 5319 2112 5373 Alii
2170 5318 2317 5374 enim
2365 5319 2578 5373 visione
2622 5318 3108 5388 apprehenderunt
3150 5320 3392 5391 plantam
3440 5327 3573 5375 tunc

2009 5411 2366 5476 esculentam,
2398 5412 2554 5482 cujus
2574 5411 2807 5481 generis,
2837 5412 3110 5482 inquiunt,
3143 5411 3304 5468 ﬁcum
3333 5412 3572 5467 exsicca-

2283 5568 2304 5597 "
2342 5566 2495 5622 Joan.
2537 5582 2587 5628 ν,
2631 5567 2715 5620 17.
2823 5568 2843 5597 ⁸
2880 5566 3012 5622 Luc.
3056 5583 3128 5630 Ix,
3162 5567 3247 5622 62.
3322 5570 3342 5600 ⁷
3382 5568 3573 5622 Matth.

3000 5638 3133 5691 ibid.
3177 5639 3262 5691 10.
3341 5637 3382 5669 ³³
3410 5638 3568 5692 Joan.

3038 5709 3080 5751 ι’
3106 5707 3261 5763 Joan.
3315 5723 3445 5773 xvu,
3476 5707 3565 5762 l2.

2262 5709 2301 5739 ”
2343 5707 2476 5763 ibid.
2532 5708 2613 5763 18.
2698 5708 2738 5739 ¹⁸
2769 5706 2902 5761 ibid.
