4080 6576
511 327 612 396 98Ἷ

1534 419 1581 426 ..ο

1682 334 1744 395 S.
1782 331 2195 396 ANASTASII'
2218 332 2541 394 SINAIT/E

3620 329 3755 396 988

506 443 589 499 vit
610 440 884 499 Christus.
913 442 1019 499 Alii
1043 452 1225 500 autem
1243 418 1674 515 pronuntiarunt
1687 461 1811 502 esse
1844 444 2069 516 quidem
2097 447 2145 504 Α
2172 444 2343 515 ticeps
2370 445 2501 517 ligni
2523 446 2687 512 vitm;
2717 445 2835 516 ipse
2856 444 3002 501 enim
3030 453 3135 501 est.
3190 445 3259 501 Et
3288 452 3579 517 propterea
3609 463 3755 504 ser-

506 536 776 607 ejusmodi
826 543 888 592 ut
918 538 1252 609 percipiatur
1305 538 1687 610 intelligentia,
1735 538 1833 595 sed
1886 548 2069 595 tamen

507 629 748 700 plantam
796 630 1144 700 cognitionis.
1216 630 1323 685 Alii
1369 638 1551 686 autem
1610 632 1870 686 dixerunt
1927 631 2072 686 hanc

507 721 746 791 plantam
782 737 903 777 esse
934 722 1222 777 informem
1247 722 1790 793 contemplationem.
1813 722 1919 777 Alii
1943 738 2071 777 rur-

506 823 601 864 sus
630 808 968 879 ﬁgurativam
992 824 1090 865 seu
1150 810 1385 882 typieam
1418 811 1787 867 narrationem
1816 826 1936 882 qum
1960 826 2073 867 non

506 907 691 971 potest
714 900 1040 956 consistere.
1068 900 1444 971 Neiandorum
1468 912 1653 960 autem
1676 903 1909 959 eﬂector
1930 904 2075 960 sicut

505 986 871 1044 obscenorum
915 997 1262 1060 perpetrator
1293 988 1580 1062 Origenes,
1606 992 2075 1048 existimaviteam

505 1095 627 1136 esse
679 1080 989 1136 mulierem.
1055 1080 1163 1138 Sed
1214 1083 1283 1139 de
1340 1083 1491 1156 ligno
1557 1084 1781 1155 quidem
1830 1085 2077 1141 dicemus

506 1187 712 1248 postea.

573 1269 1004 1328 Considerandm
1032 1281 1162 1327 sunt
1194 1281 1377 1329 autem
1434 1290 1555 1344 quae
1596 1276 1756 1331 nobis
1790 1285 2080 1348 emergunt

506 1363 838 1432 quaestiones
866 1364 923 1419 in
969 1364 1039 1419 iis
1070 1380 1193 1435 qum
1230 1375 1360 1420 sunt
1393 1366 1697 1436 proposita.
1749 1366 1830 1421 Ex
1877 1368 2080 1438 quibus

507 1469 617 1509 una
666 1463 753 1511 est
796 1464 855 1511 et
901 1456 1098 1527 prima,
1148 1457 1427 1528 quomodo
1450 1458 1658 1513 Adamo
1687 1468 1743 1514 et
1776 1460 1935 1515 uxori
1966 1477 2079 1516 non

434 1564 474 1599 ηε
509 1546 765 1602 datDeus
787 1548 893 1603 hoe
916 1557 1276 1620 prmceptum,
1322 1550 1417 1605 sed
1452 1550 1553 1628 soli
1586 1551 1795 1607 Adamo
1838 1570 1850 1606 :
1880 1553 2079 1609 deinde

508 1637 752 1694 Adamus
782 1654 849 1693 eo
880 1638 1127 1710 impertit
1151 1657 1397 1697 uxorem.
1439 1643 1648 1698 Deinde
1678 1659 1777 1699 cur
1806 1660 1917 1700 non
1966 1661 2082 1700 ma-

510 1728 593 1798 gis
615 1745 678 1784 ex
713 1731 861 1802 ligno
903 1732 1025 1787 vitm
1055 1735 1336 1803 (tanquam
1364 1736 1698 1805 pretiosiori)
1729 1738 1919 1808 jubeat
1969 1754 2081 1793 non

511 1822 822 1886 comedere,
853 1824 946 1878 sed
982 1840 1047 1879 ex
1076 1841 1143 1880 eo
1173 1826 1318 1896 quod
1349 1835 1434 1882 est
1475 1829 1675 1885 minus.
1704 1830 1801 1884 Est
1822 1831 1968 1885 enim
1992 1831 2082 1885 ille

513 1913 673 1968 cibus
712 1915 871 1985 longe
901 1919 1249 1986 praestantior
1308 1936 1471 1989 quam
1518 1921 1676 1978 cibus
1716 1924 2083 1993 cognoscendi

515 2004 721 2060 bonum
754 2017 810 2062 et
841 2009 1065 2073 malum,
1104 2021 1163 2063 ut
1192 2011 1285 2080 qui
1314 2027 1441 2066 eum
1477 2013 1658 2067 reddit
1692 2015 2082 2080 immortalem,

514 2107 571 2152 et
600 2098 667 2153 ab
693 2099 916 2153 interitu
956 2115 1020 2155 ac
1059 2101 1228 2156 exitio
1264 2103 1504 2157 alienum
1552 2104 1721 2159 ellicit
1764 2122 1829 2162 ac
1891 2123 2085 2176 panem

516 2190 746 2261 angelis.
773 2189 1135 2263 Ostenditque
1161 2194 1306 2249 Deus
1344 2195 1677 2252 ineffabilem
1721 2198 2087 2255 diﬂ'erentiam

518 2280 649 2351 ligni
676 2281 1025 2353 cognitionis,
1077 2285 1376 2354 prohibens
1424 2298 1612 2358 postea
1645 2305 1712 2344 ne
1749 2290 1922 2345 Adam
1967 2293 2088 2363 ejus

516 2379 664 2427 esset
698 2374 973 2444 particeps
1006 2390 1105 2445 per
1135 2378 1436 2432 custodiam
1463 2378 1927 2437 Cherubinorum.
1950 2383 2089 2439 Ter-

520 2465 594 2520 tia
623 2481 741 2532 cur,
767 2482 893 2522 cum
929 2469 1072 2523 Deus
1115 2471 1253 2524 nihil
1310 2472 1565 2542 jussisset
1600 2473 1809 2529 Adamo
1848 2475 1916 2530 de
1942 2476 2090 2547 ligno

518 2561 676 2627 vitm,
738 2576 965 2630 serpens
991 2579 1102 2618 non
1148 2565 1331 2634 potius
1357 2568 1697 2623 consuluerit
1720 2577 1781 2623 ut
1808 2572 2093 2641 essetejus

520 2652 818 2723 particeps.
849 2653 1056 2709 Deinde
1090 2671 1188 2709 cur
1222 2672 1331 2711 non
1365 2667 1451 2713 est
1480 2674 1766 2730 aggressus
1793 2662 1973 2715 virum
1998 2662 2093 2716 sed

521 2746 830 2812 mulierem,
866 2754 923 2802 et
946 2746 1041 2801 ubi
1066 2747 1231 2803 etiam
1267 2748 1474 2804 invenit
1522 2750 1777 2820 privatim
1818 2762 2092 2825 agentem.

521 2837 745 2905 Quinta,
775 2838 1050 2895 undenam
1079 2840 1358 2910 cognovit,
1391 2856 1515 2896 cum
1570 2842 1853 2914 ignoraret
1888 2861 2096 2915 prmee-

523 2939 676 3001 ptum
706 2931 787 2985 eis
813 2931 1022 2986 datum.
1054 2933 1216 2986 Sexta
1275 2949 1485 2998 rursus,
1514 2950 1616 2990 cur
1667 2936 1771 2991 soli
1800 2937 1965 3007 jussit
1997 2938 2098 2993 ho-

525 3022 661 3077 mini
695 3032 755 3077 ut
789 3032 936 3079 esset
973 3025 1249 3095 particeps
1279 3025 1525 3081 omnium
1561 3027 1871 3097 lignorum;
1903 3030 2094 3099 utique

2171 553 2307 607 pens
2341 553 2684 608 nequaquam
2714 538 2952 595 consulit
2983 538 3244 595 Ecclesiae
3286 547 3348 595 ut
3376 540 3498 610 ejus
3525 539 3758 610 sitpar-

2174 630 2382 701 ticeps,
2417 631 2626 686 audivit
2648 632 2795 686 enim
2846 647 2976 687 eum
3024 632 3300 688 dicentem
3339 650 3351 685 :
3393 631 3494 698 Qui
3517 634 3758 687 comedit

2173 723 2309 775 hunc
2336 738 2519 777 meum
2545 740 2760 794 panem,
2801 725 2935 778 vivet
2980 725 3035 777 in
3060 734 3314 779 mternum
3353 725 3419 779 ³³.
3473 723 3581 780 Sed
3615 740 3760 797 qua:

2173 823 2303 868 sunt
2333 813 2555 884 quidem
2585 814 2878 885 serpentis,
2919 824 2975 870 et
3031 831 3152 886 qum
3180 815 3246 871 ad
3272 823 3602 885 serpentem,
3656 814 3761 869 di-

2176 905 2411 961 cendum
2468 913 2554 961 est
2586 905 2641 961 in
2673 906 2740 961 iis
2766 922 2888 977 qum
2908 915 3254 977 sequuntur:
3288 917 3628 963 revertamur
3647 922 3764 962 au-

2177 1007 2287 1053 tem
2315 997 2381 1053 ad
2411 997 2656 1053 divinum
2684 1000 3001 1055 mandatum
3028 1009 3088 1054 ut
3107 999 3399 1071 implentes
3426 1000 3761 1056 mandatum

2175 1091 2295 1161 ejus
2314 1090 2407 1158 qui
2433 1091 2487 1144 in
2512 1092 2670 1147 nobis
2696 1092 2974 1148 mandavit
3002 1101 3063 1148 ut
3084 1094 3498 1164 specularemur
3530 1109 3597 1151 ea
3624 1110 3764 1165 qum

2179 1193 2428 1252 spectant
2471 1186 2537 1239 ad
2568 1187 2903 1241 creationem
2951 1203 3046 1242 sex
3074 1188 3321 1253 dierum,
3366 1188 3543 1243 labori
3581 1188 3763 1244 linem

2181 1272 2545 1343 imponamus.
2568 1276 2703 1330 Nam
2734 1277 2958 1347 pulchre
2990 1277 3282 1333 admodum
3323 1279 3544 1349 quando
3570 1278 3766 1333 intro-

2180 1365 2336 1421 duxit
2386 1367 2665 1424 hominem
2715 1370 3139 1442 primogenitum
3195 1371 3252 1426 in
3293 1373 3609 1443 paradisum
3662 1389 3767 1426 ra-

2182 1460 2333 1514 tione
2368 1460 2821 1530 prmditum,eum
2852 1472 2909 1518 et
2928 1463 3057 1519 fecit
3079 1479 3283 1534 regem,
3323 1474 3380 1519 et
3408 1464 3590 1519 omnia
3623 1463 3770 1518 sub-

2176 1553 2309 1623 jecit
2334 1554 2435 1607 sub
2457 1554 2691 1623 pedibus
2710 1554 2852 1625 ejus,
2884 1555 2979 1609 dat
3008 1556 3059 1611 ei
3082 1556 3230 1610 Deus
3280 1556 3452 1627 legem
3484 1556 3766 1619 mandati,

2182 1654 2441 1713 tanquam
2480 1645 2592 1700 hme
2626 1647 2770 1716 apud
2808 1646 3077 1701 Adamum
3102 1647 3403 1711 disserens,
3431 1657 3487 1703 et
3514 1648 3717 1702 dicens
3750 1690 3764 1701 .

2184 1735 2349 1801 Audi,
2388 1736 2586 1806 inquit,
2613 1752 2645 1790 o
2672 1738 2908 1807 primum
2952 1754 3091 1809 opus
3124 1746 3180 1794 et
3227 1738 3467 1808 primum
3517 1738 3767 1793 formata

2186 1836 2438 1881 creatura
2471 1844 2716 1883 mearum
2746 1846 3008 1885 manuum
3036 1831 3470 1901 impollutarnm,
3512 1839 3569 1885 et
3597 1830 3766 1885 simi-

2184 1920 2359 1973 litudo
2390 1936 2526 1975 mem
2568 1922 2899 1992 incorruptae
2934 1923 3186 1994 imaginis
3217 1924 3519 1993 unigenita,
3553 1930 3608 1978 et
3640 1923 3771 1993 pul-

2186 2010 2459 2065 cherrima
2487 2029 2502 2078 ;
2532 2013 2673 2067 scias
2694 2013 2839 2082 quod
2862 2029 2963 2084 ego
2987 2023 3038 2069 te
3072 2013 3248 2068 solum
3270 2029 3336 2067 ex
3362 2014 3618 2068 universa
3639 2029 3773 2083 qum

2188 2103 2289 2157 sub
2322 2111 2603 2173 aspectum
2631 2104 2779 2160 cadit
2828 2114 2885 2160 et
2914 2121 3023 2160 non
3048 2105 3192 2159 cadit
3245 2117 3500 2160 creatura
3532 2113 3587 2160 te
3644 2110 3768 2159 for-

2190 2197 2333 2251 mavi
2366 2197 2434 2252 ad
2461 2214 2640 2253 meam
2664 2199 2979 2269 imaginem.
3008 2199 3270 2255 Dominor
3301 2200 3641 2264 coelestibus,
3667 2199 3767 2254 sed

2189 2305 2289 2361 ego
2323 2298 2375 2344 te
2407 2305 2625 2360 quoque
2647 2291 2911 2345 constitui
2944 2292 3229 2346 dominum
3252 2293 3615 2347 terrestrium.
3647 2294 3772 2363 Ego

2191 2392 2244 2437 te
2270 2382 2570 2437 fabricatus
2618 2397 2739 2437 sum
2780 2383 3058 2439 hominem
3088 2400 3156 2438 ex
3218 2393 3384 2439 terra.
3410 2385 3491 2440 Tu
3536 2400 3770 2455 quoque

2191 2474 2461 2528 fabricare
2483 2473 2762 2528 hominem
2791 2490 2859 2530 ex
2912 2475 3162 2530 matrice.
3194 2474 3381 2530 Habeo
3416 2476 3601 2530 sedem
3655 2492 3775 2531 ca:-

2193 2565 2305 2619 lum
2346 2566 2491 2636 quod
2527 2575 2611 2622 est
2630 2582 2796 2637 super
2818 2583 3025 2637 aquas:
3059 2569 3157 2623 tibi
3198 2578 3381 2623 autem
3400 2568 3526 2623 dedi
3551 2569 3770 2630 sedem,

2194 2665 2395 2712 terram
2425 2674 2547 2728 qum
2587 2667 2673 2714 est
2719 2675 2885 2730 super
2928 2675 3117 2729 aquas.
3162 2660 3377 2730 lmpero
3434 2661 3673 2731 angelis,
3713 2668 3775 2713 ut

2196 2749 2432 2819 imperas
2463 2749 2802 2805 hominibus.
2838 2750 3118 2806 Assistunt
3147 2751 3281 2804 mihi
3338 2750 3523 2805 omnia
3553 2749 3774 2805 Cheru-

2195 2840 2329 2902 bim,
2366 2849 2423 2895 et
2456 2840 2551 2895 tibi
2583 2841 2745 2912 902
2780 2842 3043 2897 assistunt
3067 2843 3249 2899 omnia
3279 2843 3394 2915 agri
3442 2843 3774 2897 animantia.

2197 2931 2441 3002 Subjieio
2475 2946 2540 2986 ea
2573 2946 2694 3000 quae
2742 2946 2904 2986 senas
2935 2931 3141 2986 habent
3173 2932 3319 2996 alas;
3364 2930 3629 3001 subjicies
3670 2946 3774 2985 vo-

2197 3025 2378 3079 lucres
2399 3039 2519 3093 qum
2545 3025 2746 3080 multas
2765 3023 2969 3079 habent
3002 3040 3229 3094 pennas.
3288 3024 3507 3095 lmpero
3533 3023 3601 3078 iis
3651 3038 3789 3097 qum.

525 3124 711 3171 autem
761 3116 896 3172 dicit
941 3126 1001 3171 ut
1057 3118 1371 3173 abstineant
1402 3135 1432 3174 a
1465 3119 1615 3190 ligno
1662 3121 2009 3192 cognitionis,
2042 3135 2096 3179 et

2197 3117 2400 3171 multos
2432 3116 2874 3181 habentoculos;
2901 3115 3197 3185 imperabis
3222 3115 3566 3170 daemonibus
3596 3115 3771 3170 multa

526 3216 758 3263 mortem
809 3208 1075 3263 ambobus
1106 3209 1417 3265 denuntiat.
1474 3209 1739 3281 Septima,
1764 3216 1809 3268 si
1834 3213 2100 3271 formatus

526 3308 614 3354 est
632 3307 779 3354 totus
812 3299 1060 3356 interitui
1123 3316 1231 3355 non
1259 3300 1553 3369 obnoxius,
1605 3305 1880 3374 quomodo
1931 3307 2103 3362 sensit

527 3390 769 3448 fructum
793 3392 927 3463 ligni
950 3392 1175 3448 tendere
1205 3392 1273 3447 ad
1300 3396 1735 3465 corruptionem.
1756 3396 1980 3461 Octava,
2002 3414 2102 3455 cur

529 3502 639 3541 non
660 3485 826 3540 etiam
854 3501 1203 3541 communem
1228 3487 1547 3543 hominibus
1577 3498 1633 3543 et
1662 3488 1857 3544 bestiis
1916 3494 2101 3560 posuit

532 3578 680 3635 hunc
734 3594 955 3648 quoque
995 3580 1180 3633 cibum
1222 3581 1578 3650 pulchrorum
1610 3581 1907 3652 lignorum,
1961 3584 2105 3641 sicut

529 3670 696 3726 etiam
724 3671 963 3740 priorem
996 3671 1142 3726 intus
1170 3672 1224 3726 in
1250 3673 1526 3741 paradiso,
1559 3690 1683 3729 cum
1707 3690 1798 3730 eas
1836 3676 2101 3731 adduxis—

533 3770 619 3816 set
639 3761 707 3815 ad
742 3760 1032 3815 Adamum.
1068 3761 1246 3825 Nona,
1278 3763 1556 3832 quomodo
1584 3779 1691 3818 non
1718 3772 1802 3820 est
1853 3775 2104 3822 mortuus

534 3852 656 3923 ipso
682 3851 771 3907 die
792 3867 900 3922 quo
921 3854 1179 3918 comedit,
1209 3855 1604 3909 convenienter
1628 3857 1916 3911 sententim
1937 3874 2101 3926 quam

533 3946 588 4001 ei
638 3946 1013 4016 pronuntiavit
1053 3928 1217 4001 Deus.
1277 3946 1517 4010 Decima,
1569 3963 1805 4016 quanam
1842 3948 2106 4027 deeausa

534 4054 664 4094 eum
688 4038 987 4094 nominavit
1015 4038 1207 4093 Adam.
1237 4038 1415 4109 Atque
1439 4039 1556 4094 hmc
1576 4040 1801 4109 quidem
1846 4042 2032 4097 omnia
2067 4042 2107 4096 ii

535 4128 633 4200 qui
666 4128 880 4192 volunt,
906 4136 1225 4183 scrutentur
1249 4136 1311 4181 ut
1333 4128 1525 4182 volunt
1557 4138 1615 4186 et
1648 4140 1899 4199 possunt,
1932 4131 2109 4188 diser-

538 4222 720 4292 tisque
752 4220 938 4276 verbis
966 4221 1231 4290 suavique
1263 4220 1487 4277 dicendi
1520 4223 1735 4279 ratione
1764 4232 1820 4279 et
1865 4225 2109 4280 rhetori-

540 4313 622 4369 cis
640 4312 884 4383 str0phis
909 4312 1097 4366 dicant
1122 4320 1179 4366 et
1194 4311 1523 4383 intelligant.
1542 4312 1655 4385 Ego
1682 4323 1866 4370 autem
1888 4316 2109 4385 quando

537 4406 712 4461 Deum
742 4405 971 4476 mystice
1004 4403 1195 4459 videro
1223 4412 1280 4459 et
1319 4404 1547 4460 audiero
1610 4406 1712 4461 soli
1742 4407 1950 4463 Adamo
1980 4408 2109 4463 dare

2198 3209 2536 3265 videntibus.
2566 3209 2831 3264 Dominor
2866 3207 3274 3274 subterraneis;
3312 3216 3372 3261 tu
3398 3222 3623 3278 quoque
3670 3207 3773 3262 do-

2201 3303 2411 3357 minare
2444 3301 2691 3371 piscibus
2720 3301 2816 3371 qui
2842 3309 2971 3356 sunt
3008 3301 3063 3355 in
3091 3300 3476 3356 subterraneis
3501 3300 3643 3355 locis
3670 3315 3776 3354 ma-

2202 3395 2299 3457 ris,
2330 3403 2387 3448 et
2413 3394 2577 3447 timor
2606 3401 2661 3448 et
2686 3401 2892 3448 tremor
2917 3402 3096 3448 vester
3117 3392 3189 3448 sit
3227 3407 3392 3463 super
3420 3392 3606 3447 omnia
3632 3401 3774 3457 cete,

2201 3497 2258 3543 et
2291 3486 2528 3557 reptilia,
2564 3494 2619 3542 et
2662 3486 2869 3541 bestias
2916 3493 3097 3541 terrm.
3149 3484 3345 3540 Omnia
3383 3485 3482 3540 tibi
3513 3492 3775 3556 tanquam

2204 3580 2261 3635 in
2286 3595 2406 3635 mea
2436 3580 2671 3650 imagine
2694 3579 2924 3650 subjeci.
2953 3578 3148 3634 Omnia
3172 3579 3270 3634 tibi
3285 3579 3409 3634 dedi
3432 3579 3536 3634 sub
3557 3594 3776 3642 manus,

2204 3670 2464 3733 animata,
2496 3668 2766 3748 inanima,
2799 3669 3045 3733 arbores,
3070 3669 3451 3740 germinantia,
3482 3671 3777 3733 naturalia,

2204 3765 2486 3829 volucres,
2513 3770 2571 3817 et
2613 3777 2736 3833 qum
2768 3763 3131 3818 seminantur.
3163 3761 3432 3817 Omnibus
3456 3762 3775 3817 dominare:

2205 3857 2464 3913 omnibus
2479 3856 2685 3921 fruere,
2708 3862 2766 3910 et
2786 3870 2874 3910 me
2892 3854 3149 3918 maxime,
3172 3854 3265 3924 qui
3284 3868 3405 3909 sum
3427 3854 3633 3924 lignum
3651 3855 3780 3909 vitm

2205 3951 2351 4007 Deus
2382 3958 2547 4017 tuus;
2573 3956 2689 4004 toto
2710 3948 2894 4004 animo
2924 3956 3293 4018 prompteque
3318 3952 3375 4002 et
3404 3946 3667 4002 alacriter
3714 3946 3782 3999 iis

2206 4043 2461 4112 expleare
2479 4040 2712 4096 deliciis.
2732 4038 2845 4095 Nec
2860 4039 2949 4094 his
2967 4038 3221 4104 solis,sed
3239 4038 3406 4094 etiam
3424 4037 3495 4093 iis
3510 4054 3633 4107 qum
3653 4044 3779 4093 sunt

2208 4146 2275 4187 ex
2302 4130 2451 4186 omni
2481 4129 2629 4201 ligno
2652 4138 2708 4184 et
2733 4127 2912 4184 fructu
2946 4128 3041 4197 qui
3079 4135 3165 4183 est
3200 4127 3257 4181 in
3278 4126 3558 4198 paradiso,
3618 4127 3775 4181 vide-

2210 4219 2340 4274 licet
2371 4217 2629 4273 omnibus
2650 4217 2883 4281 deliciis,
2913 4233 3035 4287 qum
3088 4216 3245 4272 vobis
3291 4226 3682 4287 pr0ponuntur
3715 4233 3778 4272 ex

2210 4311 2413 4365 virtute
2431 4309 2695 4380 angelica,
2714 4308 2972 4374 comede;
3008 4308 3354 4364 solummodo
3390 4309 3529 4363 illud
3574 4309 3777 4380 lignum

2212 4403 2576 4474 cognoscendi
2616 4404 2826 4457 bonum
2865 4412 2923 4457 et
2971 4401 3198 4466 malum,
3243 4409 3301 4456 et
3324 4400 3472 4472 quod
3501 4410 3589 4456 est
3617 4417 3781 4472 pr0pe

540 4498 862 4554 mandatum
892 4505 948 4551 et
974 4507 1269 4567 praecepta,
1297 4499 1450 4554 nullo
1479 4510 1753 4570 praesente
1783 4508 1880 4554 aut
1934 4500 2109 4555 inter-
2140 4479 2185 4534 ι)
2214 4494 2520 4565 plantatum
2552 4494 2709 4565 (vitia
2736 4495 2883 4549 enim
2913 4493 3197 4549 adhmrent
3220 4492 3547 4556 virtutibus)
3564 4508 3633 4549 ne
3656 4509 3782 4549 eon-

540 4593 778 4647 cedente
803 4607 818 4655 ;
854 4588 1054 4644 deinde
1087 4600 1276 4660 postea
1296 4590 1566 4647 Adamum
1586 4590 1668 4645 eis
1698 4591 1985 4645 mulierem
2008 4590 2112 4645 im-

542 4685 754 4757 pertire
793 4700 806 4736 :
836 4683 1091 4754 protinus
1124 4683 1369 4754 intelligo
1392 4681 2113 4753 prmceptumilliusAdami

514 4778 923 4848 incorruptam
958 4792 1112 4831 suam
1139 4791 1365 4831 uxorem
1397 4776 1618 4846 (nempe
1640 4774 1964 4843 Ecclesiam)
2015 4790 2115 4829 vo-

517 4870 724 4929 ~cantis
749 4879 805 4926 et
826 4870 1059 4926 dicentis
1101 4888 1114 4925 :
1146 4869 1312 4924 Verba
1344 4885 1460 4935 qua:
1486 4869 1672 4938 loquor
1709 4885 1811 4921 non
1836 4886 1868 4923 a
1900 4884 1981 4921 me
2002 4869 2114 4937 ipso

547 4964 755 5036 loquor,
788 4965 880 5019 sed
912 4964 1227 5021 mandatum
1251 4963 1426 5033 accepi
1459 4980 1491 5015 a
1517 4961 1680 5014 Patre
1710 4978 1824 5014 meo
1855 4961 1978 5032 quid
2031 4962 2116 5015 di-

547 5075 668 5113 cam
697 5064 746 5110 et
789 5057 914 5127 quid
968 5056 1155 5128 loquar
1184 5056 1249 5111 “.
1284 5054 1396 5109 Hac
1448 5053 1660 5108 ratione
1689 5053 1893 5108 dicitur
1945 5053 2114 5108 etiam

548 5150 807 5207 Christus
830 5152 1008 5222 magni
1040 5147 1244 5203 consilii
1270 5145 1489 5217 angelus
1522 5147 1601 5210 ”,
1657 5147 1914 5215 quoniam
1966 5146 2112 5201 anti-

552 5257 724 5313 quum
739 5256 931 5297 verum
962 5242 1253 5297 consilium
1285 5238 1445 5293 simul
1477 5253 1600 5293 cum
1630 5238 1788 5293 Patre
1810 5239 1961 5307 prius
1982 5253 2115 5292 con-

554 5335 797 5399 sultavit,
836 5334 983 5405 quod
1017 5333 1427 5404 praedestinavit
1452 5332 1596 5385 Deus
1646 5340 1773 5385 ante
1828 5330 2025 5385 smeula
2059 5338 2119 5383 ut

554 5427 622 5483 ad
657 5438 899 5483 nostram
923 5426 1139 5482 veniret
1172 5424 1421 5497 gloriam,
1467 5434 1524 5478 et
1574 5424 1923 5477 annuntiarct
1973 5423 2121 5492 gregi

556 5536 658 5577 suo
687 5531 945 5593 tanquam
961 5520 1116 5577 llXOt‘i
1145 5528 1201 5574 et
1222 5518 1373 5573 verbi
1397 5532 1583 5573 semen
1607 5517 1675 5571 ab
1709 5532 1775 5571 eo
1808 5515 2119 5585 accipienti,

556 5625 617 5669 et
650 5612 820 5670 lilium
840 5612 1093 5685 parienti.
1129 5610 1283 5668 Unde
1303 5626 1410 5665 non
1438 5609 1595 5681 jubet
1619 5607 1668 5663 ei
1697 5616 1887 5662 utnon
1913 5606 1983 5661 sit
2001 5622 2125 5676 par-

634 5790 979 5857 “103mm,
1014 5790 1099 5846 49.
1174 5792 1217 5823 "
1262 5790 1362 5847 [5a.
1400 5805 1471 5871 rx,
1520 5788 1574 5844 6.
1652 5785 1873 5844 "Joan.
1903 5800 1977 5851 vr,
2004 5783 2096 5842 59.

2217 4586 2427 4657 ti‘geris,
2458 4603 2528 4642 ne
2564 4586 2968 4651 attrectaveris,
3010 4601 3079 4640 ne
3130 4584 3685 4655 appropinquaveris,
3717 4600 3780 4639 ne

2219 4678 2275 4734 in
2304 4695 2498 4733 manus
2524 4679 2845 4749 sumpseris,
2885 4694 2956 4733 ne
2974 4677 3272 4749 gestaveris
3303 4694 3316 4730 :
3348 4676 3669 4747 Quocunque
3687 4694 3780 4731 au—

2222 4780 2324 4825 tem
2348 4772 2435 4825 die
2452 4788 2515 4825 ea:
2544 4788 2602 4825 eo
2630 4771 2975 4835 comederitis,
3004 4777 3170 4825 morte
3203 4770 3520 4823 moriemini.
3579 4768 3636 4823 Si
3664 4777 3783 4825 ten-

2225 4863 2471 4920 taveritis
2503 4864 2618 4919 fieri
2653 4865 2760 4918 mei
2797 4864 3006 4919 similes
3051 4870 3445 4933 cognoscentes
3500 4862 3708 4917 bonum
3730 4870 3782 4916 et

2224 4957 2448 5020 malum,
2473 4963 2528 5010 et
2551 4965 2660 5010 tam
2689 4970 2753 5009 ea
2788 4970 2910 5023 qum
2938 4963 3063 5008 sunt
3086 4952 3300 5008 occulta
3328 4967 3491 5021 quam
3517 4966 3640 5022 quae
3674 4966 3782 5005 ma-

2222 5048 2441 5113 nifesta,
2472 5048 2657 5102 statim
2679 5055 2855 5101 morte
2885 5044 3222 5101 moriemini.

2292 5141 2407 5196 Hoc
2428 5149 2513 5196 est
2537 5139 2683 5210 quod
2712 5139 2859 5193 Deus
2891 5137 3155 5207 praecepit
3182 5135 3395 5192 homini
3443 5151 3554 5191 non
3604 5148 3781 5189 corne-

2222 5233 2355 5289 dere
2384 5251 2397 5287 :
2430 5233 2536 5288 hoc
2585 5242 2688 5297 est,
2740 5246 2810 5287 ne
2841 5238 3025 5285 mente
3054 5228 3278 5299 quidem
3313 5229 3627 5299 concipere.
3677 5223 3783 5278 Hoc

2216 5334 2303 5381 est
2324 5325 2471 5395 quod
2504 5324 2708 5378 dicitur
2734 5323 2942 5393 lignum
2988 5319 3321 5390 cognitionis
3368 5319 3498 5374 boni
3530 5326 3586 5373 et
3613 5314 3737 5371 mali
3768 5330 3781 5367 :

2220 5418 2309 5472 hic
2357 5425 2441 5471 est
2477 5415 2569 5485 qui
2600 5412 3032 5469 diciturl‘ructus
3057 5412 3274 5476 lmtifer,
3327 5410 3579 5481 superbia
3606 5404 3783 5463 eﬂ‘erri

2220 5521 2276 5567 et
2293 5509 2610 5565 existimare
2638 5507 2877 5578 seipsum
2902 5507 3098 5571 Deum,
3139 5512 3561 5577 cognoscentem
3584 5501 3782 5556 bonum

2220 5612 2277 5661 et
2305 5603 2506 5658 malum
2540 5619 2553 5656 :
2584 5615 2708 5658 cum
2739 5615 2916 5672 neque
2944 5598 3171 5671 angelus
3210 5612 3390 5668 neque
3426 5594 3665 5661 dmmon,
3694 5602 3783 5649 seu
