3792 6586
80 385 184 452 989
1178 396 1261 459 IN
1298 397 1840 462 HEXAEMERON.
1872 423 1936 436 -
1966 404 2112 466 LIB.
2154 405 2260 467 IX.
3250 414 3359 480 990

78 497 231 600 solus
272 494 443 600 Deus
496 500 654 558 sciat
676 512 915 600 mentem
966 505 1272 575 hominum,
1305 518 1364 564 ut
1390 510 1524 565 dicit
1564 511 1685 567 Job.
1717 517 1760 572 Α
1788 527 2055 585 eorum,et
2074 527 2399 574 sarmentum
2418 536 2595 575 eorum
2620 538 2683 576 ea:
2704 522 3017 589 Gomorrha,
3044 539 3144 579 uva
3172 542 3353 582 eorum

77 590 196 692 Ipse
226 590 390 692 enim
424 596 967 692 cognpseitoeculta
999 602 1202 667 cordis,
1242 605 1332 673 qui
1365 606 1529 660 corda
1560 622 1691 661 exa-
1746 612 1749 613 ⁷
1793 625 1893 663 uva
1925 608 2080 678 fellis,
2117 612 2293 665 botrus
2328 613 2697 668 amaritudinis
2731 615 2798 668 “.
2826 614 3093 670 Similiter
3134 632 3354 686 quoque

76 688 336 786 minat‘et
363 698 556 786 renes
585 689 755 786 Deus.
790 691 902 748 Hoc
923 710 1052 765 ergo
1073 698 1362 765 prmmunit
1388 698 1689 763 hominem,
1792 703 1939 758 Deus
1962 704 2030 759 de
2064 706 2193 775 ipsis
2219 705 2355 761 dicit
2381 723 2478 777 per
2502 707 2695 762 lsaiam
2725 726 2738 761 :
2767 707 3083 779 Exspectavi
3123 716 3180 761 ut
3204 710 3353 764 vinea

76 775 315 845 perinde
370 792 445 832 ac
481 779 538 834 si
585 781 641 836 ei
684 782 893 839 diceret
939 802 951 838 :
991 786 1224 842 Attende
1257 786 1356 842 tibi
1384 797 1441 843 et
1464 804 1596 844 cave
1623 806 1691 845 ne
1795 813 1910 851 mea
1936 796 2131 867 faceret
2156 816 2333 865 uvam,
2363 775 2482 870 fecit
2501 810 2673 854 autem
2701 775 2972 870 spinas".
3012 798 3167 855 Unde
3188 801 3353 854 etiam

76 872 327 936 Ροιθδίθε
364 876 431 921 ει
494 884 709 942 ω³8η³
740 874 1039 930 “Ciuitas
1086 893 1250 946 quam
1288 892 1389 948 €80
1427 878 1526 933 tibi
1564 878 1690 934 (Ῐθάί
1793 891 1849 946 in
1889 891 2045 947 libris
2096 892 2406 962 Regnorum
2447 892 2591 947 Deus
2631 890 2883 948 lsraclem
2916 892 3165 947 nominat
3206 892 3353 963 ligna

77 974 202 1062 cum
235 968 295 1013 te
327 976 545 1032 regem
570 966 839 1021 constitui
873 974 930 1023 et
960 967 1240 1024 dominum
1299 971 1468 1027 totius
1502 971 1693 1027 mundi

1797 985 1963 1050 silvae,
1994 1001 2114 1056 qum
2135 1001 2299 1055 supra
2332 1001 2389 1041 se
2436 986 2843 1041 constituerunt
2890 1001 3073 1057 regem
3125 984 3354 1056 spinife-

73 1058 169 1120 qui
199 1058 509 1120 cernitur,
540 1065 608 1111 te
634 1058 860 1114 extollat
886 1059 940 1113 in
976 1060 1313 1131 superbiam,
1338 1070 1396 1118 et
1442 1062 1695 1133 experia-

1797 1091 1913 1131 rum
1942 1076 2231 1131 rbamnurn
2261 1117 2276 1142 ,
2324 1076 2429 1132 hoc
2467 1086 2575 1139 est,
2625 1076 2903 1132 diabolum
2935 1078 3028 1148 qui
3070 1076 3354 1133 existima-

77 1162 151 1239 f‘s
180 1161 310 1239 εξεθ
344 1151 637 1217 rapinam
661 1151 976 1207 θιίειίιηπε
996 1164 1050 1209 ιθ
1078 1169 1200 1210 esse
1227 1155 1363 1210 mihi
1411 1156 1529 1226 (qui
1573 1172 1694 1211 ευῐη
1791 1168 1871 1223 vit
1891 1183 1950 1222 se
1974 1183 2094 1223 esse
2137 1168 2308 1222 Deum
2335 1177 2754 1239 cognoscentem
2782 1169 2987 1222 bonum
3018 1178 3074 1223 et
3126 1167 3352 1222 malum.

78 1236 244 1342 Ῑξεξιε)
275 1241 614 1342 ξςιιειιεω,
668 1254 1087 1342 σξοεςηοεοθηξειξι
1137 1246 1341 1342 δοῐιυξη
1382 1255 1439 1303 ει
1459 1249 1691 1342 φθίνων
1794 1261 1968 1317 Porro
1996 1270 2179 1315 autem
2214 1261 2375 1315 ticum
2406 1236 2625 1329 quoque
2648 1275 2812 1330 quam
2844 1258 3097 1314 Christus
3124 1260 3355 1314 arei'ecit

79 1330 501 1434 Αηίωῇάξθηξε
529 1336 691 1434 (Ῑξιοά
718 1345 844 1434 ἔληξε
870 1346 923 1392 ιθ
973 1337 1078 1394 feel
1104 1338 1396 1434 qllenldam
1424 1332 1612 1434 illium:
1637 1348 1695 1395 εί
1792 1369 1863 1409 ne
1881 1353 2115 1423 amplius
2130 1352 2368 1407 fructum
2396 1349 2555 1415 ferat,
2585 1351 2775 1407 dicens
2793 1351 3062 1421 quispiam
3082 1366 3203 1406 esse
3230 1350 3352 1404 ido-

88 1426 357 1477 constitui
386 1426 727 1497 principem
748 1429 1053 1498 plantarum
1081 1430 1290 1486 ratione
1314 1432 1690 1501 praeditarum,

1797 1443 2085 1507 Iolatriam,
2116 1458 2225 1496 non
2254 1441 2596 1512 peccaverit;
2628 1442 2785 1511 cujus
2808 1440 2909 1495 fuit
2943 1452 3106 1511 typus
3132 1440 3355 1510 sangui-

92 1522 146 1569 et
178 1515 439 1584 paradisi
462 1516 846 1589 intelligentis
875 1521 1106 1591 angelici
1139 1540 1153 1575 :
1185 1522 1278 1592 qui
1306 1538 1429 1577 cum
1461 1538 1571 1577 non
1608 1532 1695 1578 tu-

1797 1538 1879 1593 nis
1908 1537 2110 1591 ablatio
2159 1535 2407 1590 mulieris
2437 1534 2719 1604 sanguinis
2758 1532 3026 1603 proﬂuvio
3056 1531 3356 1586 laborantis

90 1607 236 1661 lisset
254 1622 389 1661 eam
412 1610 646 1665 molem
672 1612 982 1681 potestatis,
1016 1622 1303 1685 aggressus
1328 1624 1413 1669 est
1436 1615 1529 1669 ille
1552 1631 1692 1682 quo-

1797 1630 2023 1699 (nempe
2068 1625 2239 1697 Evaz),
2269 1626 2415 1696 quod
2463 1625 2727 1695 repressit
2764 1625 3030 1679 Dominus
3076 1624 3357 1678 exsiccans

93 1714 189 1768 que
216 1699 572 1768 comedere,
593 1704 901 1759 etcomedit
929 1705 1135 1775 lignum
1168 1706 1463 1761 mortiferae
1492 1708 1691 1762 volun-

1797 1719 2110 1788 sanguinem
2141 1714 2556 1771 sacrificiorum.
2589 1714 2643 1768 Si
2666 1729 2795 1785 ergo
2824 1715 2970 1783 juste
3011 1713 3228 1782 lateque
3272 1711 3356 1765 di-

98 1787 232 1849 tatis,
254 1788 476 1844 volens
504 1805 641 1846 esse
672 1793 835 1858 Deus,
885 1794 1014 1848 boni
1068 1804 1123 1849 et
1176 1796 1302 1850 mali
1355 1811 1692 1867 cognoscens

100 1882 377 1914 causariam
458 1894 519 1914 nl
597 1885 781 1914 Ah.-.”
826 1904 838 1914 .
884 1886 1046 1914 0..--..
1086 1890 1242 1914 ..ηιμ
1279 1907 1466 1914 ..Αυυη
1525 1891 1686 1914 --.ιμμ

1797 1787 2056 1866 discimus
2079 1809 2285 1879 lignum
2308 1806 2569 1877 appellari
2591 1806 2948 1875 impietatem,
2977 1804 3107 1875 quid
3142 1802 3358 1859 miraris

99 1882 405 1949 scientiam,
457 1894 528 1940 et
594 1885 784 1942 dicens
825 1904 838 1940 :
878 1886 1046 1959 Super
1085 1890 1242 1943 nubes
1276 1907 1469 1961 ponam
1519 1891 1689 1944 sedem

96 1990 279 2037 meam,
299 1984 353 2028 et
372 1991 477 2029 ero
513 1978 716 2032 similis
743 1979 1009 2034 Altissimo
1036 1982 1101 2045 ",
1128 1991 1184 2036 et
1218 1998 1557 2053 cognoscens
1589 1983 1690 2037 bo-

96 2080 217 2120 num
242 2075 300 2121 et
323 2068 563 2122 malum
600 2079 661 2123 ut
687 2071 823 2139 ipse,
859 2088 1055 2142 nempe
1096 2075 1388 2143 pmseiens
1415 2075 1537 2145 quis
1588 2074 1692 2129 hoc

95 2159 172 2211 vel
217 2157 361 2213 illud
396 2160 482 2214 sit
527 2161 809 2228 facturus,
843 2172 900 2219 et
936 2166 1118 2221 sciens
1140 2182 1205 2222 ea
1253 2183 1374 2237 quae
1409 2178 1538 2223 sunt
1594 2183 1691 2223 oc-

97 2248 236 2303 culta
257 2259 317 2305 et
336 2252 659 2308 manifesta
683 2255 991 2327 hominum;
1012 2266 1066 2313 et
1087 2268 1336 2313 mortuus
1359 2269 1442 2314 est
1455 2268 1689 2314 mortem

96 2349 352 2397 :ctemam
384 2354 449 2400 et
492 2361 619 2401 non
651 2347 1018 2415 desinentem,
1066 2359 1123 2405 et
1176 2351 1388 2421 ejectus
1418 2364 1503 2407 est
1534 2362 1689 2406 extra

100 2448 244 2489 suam
270 2445 658 2505 potestatem,
682 2448 740 2495 et
763 2457 831 2496 ne
853 2442 1239 2497 auctoritatem
1260 2445 1483 2513 quidem
1520 2444 1689 2499 habet

103 2526 153 2579 in
177 2542 402 2596 porcos,
432 2538 498 2584 et
530 2546 683 2585 nunc
707 2541 792 2587 est
839 2533 1000 2587 simul
1055 2535 1231 2588 malus
1274 2544 1331 2589 et
1360 2535 1601 2601 invidus,
1632 2545 1689 2590 et

106 2626 203 2671 tua;
229 2618 427 2688 glorias
454 2620 753 2676 invisurus
781 2630 887 2687 est,
912 2638 945 2677 ο
967 2622 1159 2689 Adam,
1194 2632 1252 2679 et
1275 2633 1381 2680 tua:
1408 2626 1687 2695 potestati,

107 2714 158 2759 et
192 2716 299 2763 tua:
361 2708 789 2778 pulchritudini
848 2729 968 2782 qua:
1017 2723 1101 2769 est
1138 2715 1207 2769 ad
1235 2716 1529 2786 imaginem
1568 2718 1685 2771 Dei.

109 2796 195 2852 Est
228 2799 295 2854 ad
323 2816 429 2856 vos
453 2813 760 2870 venturus,
790 2813 874 2859 est
900 2805 956 2858 in
980 2820 1077 2861 vos
1108 2806 1438 2877 irrepturus,
1486 2808 1689 2865 deinde

112 2907 201 2946 vos
220 2893 602 2966 decepturns,
631 2907 693 2953 ut
715 2914 812 2968 per
835 2898 984 2954 illam
1015 2899 1156 2954 viam
1188 2916 1217 2954 a
1247 2916 1353 2970 qua
1386 2902 1500 2971 ipse
1522 2935 1526 2940 ι
1546 2903 1691 2957 ceci-

112 2981 204 3046 dit,
228 2999 326 3039 vos
351 3002 559 3044 errare
594 2987 760 3043 faciat
786 2999 841 3043 et
880 2991 1061 3060 privet
1097 2991 1270 3060 gloria
1319 3001 1375 3047 et
1404 2993 1612 3048 honore
1634 3005 1691 3049 et

117 3082 373 3142 potestate
398 3094 579 3148 quam
607 3081 766 3136 vobis
788 3081 935 3144 dedi,
959 3097 1027 3136 ne
1062 3082 1294 3137 veniatis
1318 3082 1374 3137 in
1416 3083 1598 3139 locum
1623 3099 1689 3138 ex

1792 1902 1927 1957 side
1956 1915 2020 1955 ea
2045 1899 2187 1953 Deus
2207 1897 2342 1953 dicit
2374 1897 2583 1977 homini
2618 1915 2631 1949 :
2665 1897 2747 1950 Ea:
2784 1899 2925 1951 omni
2957 1896 3095 1967 ligno
3118 1897 3253 1967 quod
3283 1903 3359 1949 est

1792 1996 1847 2048 in
1895 1991 2143 2063 paradiso
2194 1988 2461 2052 eomedes;
2511 1987 2617 2041 hoc
2657 1996 2784 2042 est:
2830 1987 3035 2041 Fruere
3075 1996 3131 2041 et
3161 1987 3358 2039 satiare

1791 2083 1939 2139 omni
1973 2080 2452 2149 contemplatione,
2478 2077 2625 2132 omni
2656 2077 2988 2148 cognitione,
3016 2075 3163 2130 omni
3183 2074 3357 2129 sancti

1793 2174 2032 2244 Spiritus
2087 2171 2481 2235 illustratione,
2528 2169 2676 2223 omni
2729 2168 2995 2237 sapientia
3047 2167 3358 2225 divinarum

1792 2267 2221 2337 Scripturarum.
2248 2263 2395 2318 omni
2428 2263 2575 2333 ligno
2613 2262 2843 2332 pulchro
2877 2262 2944 2316 ad
2978 2261 3277 2317 videndum
3305 2272 3359 2315 et

1791 2357 1936 2412 bono
1966 2356 2033 2410 ad
2084 2354 2503 2418 comedendum,
2550 2353 2925 2422 angelicoque,
2963 2360 3018 2405 et
3065 2351 3359 2421 Scriptura:

1792 2448 2135 2518 prophetico,
2168 2444 2506 2515 evangelico,
2530 2452 2586 2498 et
2615 2444 2680 2498 ad
2706 2444 3007 2499 doctrinam
3048 2457 3360 2497 accommo-

1791 2543 1919 2597 dato
1941 2554 2214 2596 sermone.
2244 2539 2485 2607 Decerpe
2508 2553 2573 2591 ex
2596 2538 2743 2591 omni
2768 2537 2914 2606 ligno
2947 2535 3210 2604 frugifero
3235 2549 3363 2588 san-

1790 2640 1902 2696 cto,
1926 2640 1982 2687 et
2018 2630 2094 2685 sis
2130 2629 2406 2699 particeps
2446 2626 2753 2693 charitatis,
2794 2637 2849 2681 et
2898 2626 3356 2691 mansuetudinis,

1790 2732 1845 2779 et
1881 2722 2032 2786 ﬁdei,
2069 2720 2207 2790 spei,
2236 2729 2293 2774 et
2332 2718 2713 2774 fortitudinis:
2759 2717 3017 2787 quoniam
3052 2724 3180 2771 sunt
3210 2716 3357 2769 beati

1791 2812 1885 2883 qui
1926 2812 2027 2866 hos
2052 2810 2207 2865 cibos
2228 2809 2483 2863 esuriunt
2519 2817 2574 2862 et
2626 2807 2843 2873 sitiunt,
2885 2807 3277 2862 convenienter
3307 2806 3357 2861 ei

1790 2904 1883 2973 qui
1916 2902 2051 2957 dicit
2078 2920 2090 2953 :
2128 2900 2269 2955 Meus
2299 2908 2373 2954 est
2401 2898 2541 2953 cibus
2581 2907 2634 2951 ut
2664 2899 2856 2969 faciam
2892 2897 3214 2951 voluntatem
3248 2898 3362 2967 ejus

1791 2996 1879 3065 qui
1912 3010 1991 3047 me
2017 2993 2158 3047 misit
2179 2992 2246 3045 ".
2274 2990 2431 3047 Unde
2460 3005 2654 3045 rursus
2683 2988 2903 3044 dicebat
2932 3008 2943 3042 ε
2991 2988 3163 3042 Habeo
3194 2987 3361 3041 cibum

1792 3086 1863 3140 ad
1890 3084 2260 3139 comedendum
2296 3100 2450 3154 quem
2479 3100 2565 3137 vos
2585 3085 2790 3138 nescitis
2829 3085 2896 3136 υ.

117 3180 217 3233 quo
241 3166 331 3223 ille
348 3170 588 3226 cecidit.
617 3171 686 3226 Et
718 3182 780 3227 ut
809 3173 976 3228 semel
1006 3174 1205 3239 dicam,
1256 3190 1417 3229 omne
1481 3191 1689 3245 praeee-
1718 3192 1761 3251 α
1862 3176 1967 3232 Sed
1992 3184 2205 3246 gustate
2232 3191 2331 3230 vos
2354 3191 2595 3245 quoque,
2625 3185 2681 3230 et
2711 3176 2906 3231 scitote
2932 3172 3078 3243 quod
3103 3172 3361 3227 Christus

123 3264 261 3324 ptum
284 3260 449 3315 etlex
470 3278 647 3332 quam
672 3263 825 3319 dedit
848 3264 991 3320 Deus
1009 3265 1384 3336 protoplastis,
1409 3266 1547 3320 nihil
1571 3277 1692 3323 erat

122 3348 261 3404 aliud
287 3352 398 3407 nisi
427 3356 768 3423 protestatio
785 3357 1131 3414 custodiendi
1148 3358 1408 3428 pietatem
1430 3358 1695 3416 adversus

129 3440 310 3510 ipsum,
334 3455 394 3501 et
423 3464 499 3503 ne
524 3449 742 3520 seipsos
762 3450 816 3504 in
841 3450 975 3507 deos
999 3451 1269 3507 referrent
1294 3469 1309 3507 :
1338 3460 1395 3507 et
1415 3452 1695 3508 existima-

135 3543 476 3595 rentseesse
514 3541 632 3596 Deo
683 3542 907 3609 similes,
951 3554 1343 3615 cognoscentes
1388 3546 1593 3602 bonum
1639 3555 1698 3601 et

138 3625 346 3693 malum,
370 3638 429 3685 et
458 3632 745 3688 occultum
766 3642 823 3688 et
861 3634 1230 3691 manifestum.
1277 3636 1391 3692 Hoc
1423 3646 1607 3693 autem
1638 3638 1697 3693 in

138 3715 194 3770 iis
214 3733 328 3787 quae
361 3721 639 3794 deinceps
661 3736 1075 3795 consequuntur
1106 3727 1463 3785 ostendemus
1518 3730 1698 3785 mani—

138 3806 329 3877 lestius,
358 3815 534 3869 etiam
567 3831 635 3870 ex
664 3816 797 3887 ipsis
825 3817 921 3873 Dei
953 3818 1137 3874 verbis
1163 3820 1229 3874 ad
1261 3821 1551 3876 Adamum.
1586 3823 1696 3877 Ne-

144 3917 236 3970 que
253 3905 346 3962 tibi
371 3909 641 3964 videatur
663 3926 771 3964 non
802 3912 1087 3981 probabile
1108 3921 1203 3967 aut
1219 3913 1525 3970 violentum
1548 3915 1697 3985 quod

150 3990 401 4064 Scriptura
434 4002 595 4056 dicat
613 4002 822 4072 lignum
842 4003 1205 4060 idololatriam
1228 4017 1285 4061 et
1305 4006 1695 4074 defectionem,

151 4095 209 4135 ex
227 4101 317 4155 qua
342 4093 535 4146 statim
562 4092 632 4146 ab
664 4093 822 4149 initio
860 4095 1099 4165 gustavit
1120 4106 1177 4150 et
1212 4094 1475 4161 comedit,
1507 4105 1561 4152 et
1594 4112 1699 4151 nu-

150 4175 256 4233 data
282 4194 362 4237 est
405 4193 465 4240 et
494 4187 675 4257 ejecta
700 4187 796 4242 Dei
830 4202 968 4241 uxor
994 4188 1213 4258 (nempe
1246 4188 1533 4259 Ecclesia),
1568 4204 1698 4259 pro-

149 4276 315 4335 pterea
339 4277 489 4344 quod
530 4278 638 4332 hoc
692 4277 999 4347 proximum
1043 4288 1099 4333 et
1122 4279 1418 4334 maximum
1442 4280 1498 4335 in
1526 4281 1698 4336 Deum

151 4359 685 4437 admisitpeceatum,
720 4370 866 4440 quod
895 4370 1261 4441 adsculpserit
1289 4371 1432 4443 ligna
1464 4373 1702 4427 homini-

153 4448 243 4507 bus
266 4455 463 4513 similia
485 4459 736 4524 infidola,
761 4468 820 4515 et
848 4475 913 4515 ea
940 4460 1268 4515 adoraverit.
1300 4461 1359 4515 In
1394 4462 1582 4518 multis
1600 4478 1699 4517 au-

1795 3276 1879 3323 est
1904 3268 1997 3336 qui
2021 3266 2301 3335 deditipse
2322 3267 2503 3321 omnia
2532 3268 2677 3321 bona
2703 3266 2954 3329 fruenda,
2989 3266 3178 3319 dicens
3214 3283 3227 3318 :
3263 3262 3361 3318 Co~

1797 3362 1984 3416 medite
2013 3377 2077 3416 ex
2114 3362 2370 3417 omnibus
2394 3362 2771 3433 intelligentiis
2794 3371 2850 3417 et
2869 3361 3058 3432 gratiis
3083 3378 3097 3423 ;
3123 3376 3190 3414 ex
3220 3359 3362 3413 malo

1796 3459 1978 3506 autem
2011 3450 2159 3521 ligno
2180 3448 2391 3519 peccati
2426 3451 2640 3520 (nempe
2667 3446 3028 3520 cognoscendi
3057 3446 3260 3500 bonum
3304 3452 3361 3499 et

1798 3541 2024 3613 malum)
2049 3558 2118 3597 ne
2156 3541 2479 3604 comedatis,
2507 3557 2577 3595 ne
2603 3540 3109 3595 moriaminimorte
3143 3538 3357 3592 animae.

1798 3633 1889 3690 Sic
1920 3644 2004 3690 est
2041 3633 2331 3705 legendum
2374 3641 2431 3688 et
2483 3631 2897 3703 intelligendum
2932 3630 3114 3685 dehis
3143 3629 3362 3685 duobus

1796 3725 1979 3796 lignis.
2005 3724 2108 3793 Qui
2136 3734 2319 3779 autem
2349 3723 2496 3777 omni
2542 3722 2706 3779 modo
2754 3722 3115 3777 adversantur
3147 3720 3361 3776 theolo-

1798 3818 1933 3889 gicis
1952 3816 2339 3888 Gregoriorum
2374 3815 2624 3881 vocibus,
2646 3823 2703 3870 et
2730 3814 2849 3869 haec
2871 3828 2991 3869 esse
3024 3814 3216 3868 dicunt
3235 3827 3363 3866 sen-

1798 3911 1921 3966 silia
1941 3918 1997 3965 et
2020 3910 2301 3965 esculenta
2321 3949 2335 3973 ,
2360 3908 2585 3964 omnino
2615 3907 2930 3963 necessario
2960 3907 3178 3977 (rursus
3213 3902 3360 3974 dico)

1798 4002 2009 4058 faciunt
2029 4016 2219 4057 omnes
2241 3999 2466 4065 bestias,
2514 4008 2571 4054 et
2600 3999 2837 4069 reptilia,
2898 4007 2955 4052 et
3009 4012 3243 4061 muscas,
3305 4008 3364 4051 ος

1799 4111 1982 4161 canes,
2012 4104 2069 4150 et
2092 4110 2281 4149 omnes
2311 4094 2569 4149 volucres
2588 4108 2709 4148 esse
2731 4092 3027 4163 participes
3050 4090 3182 4161 ligni
3212 4090 3360 4151 vitae,

1798 4195 1861 4243 ut
1897 4187 2194 4257 quaejussaa
2222 4186 2332 4240 sint
2360 4186 2415 4240 in
2450 4185 2621 4255 priori
2656 4184 2780 4240 cibo
2831 4183 2994 4239 simul
3039 4182 3187 4238 vesci
3234 4197 3360 4236 cum

1799 4277 2020 4334 homine
2042 4293 2111 4333 ex
2125 4277 2274 4333 omni
2296 4276 2443 4348 ligno
2459 4285 2513 4331 et
2528 4275 2713 4331 fructu
2728 4275 2822 4345 qui
2842 4283 2927 4329 est
2947 4289 3111 4344 super
3132 4282 3358 4328 terram.

1800 4371 1909 4429 Sed
1929 4386 2039 4426 non
2072 4379 2175 4435 est,
2206 4385 2318 4425 non
2363 4378 2448 4424 est
2502 4369 2598 4423 ita.
2646 4367 2783 4423 Vide
2822 4367 2968 4422 enim
2999 4366 3147 4437 quod
3193 4366 3249 4419 in
3276 4366 3363 4425 his

1800 4462 2015 4518 duobus
2042 4461 2291 4532 (Adamo,
2312 4460 2557 4531 inquam,
2578 4468 2635 4516 et
2659 4458 2791 4531 Eva)
2822 4460 3007 4529 posuit
3029 4457 3365 4529 aenigmatice

154 4548 251 4598 tem
277 4555 329 4601 et
358 4549 599 4606 diversis
626 4550 762 4605 locis
782 4550 1078 4621 Scriptum
1108 4552 1375 4619 invenies,
1404 4570 1434 4609 a
1464 4554 1576 4609 Deo
1603 4554 1699 4611 de-
1728 4563 1774 4619 ι)
1800 4555 2091 4625 quamdam
2118 4553 2229 4609 cibi
2257 4553 2625 4609 diﬂerentiam
2649 4568 2773 4607 cum
2795 4551 3211 4622 participatione
3238 4551 3363 4620 qui-

157 4631 425 4695 iectionem
458 4642 725 4713 appellari
776 4641 1015 4697 fructum
1041 4642 1195 4713 ligni.
1227 4642 1593 4709 Quamobrem
1640 4645 1697 4699 in

159 4729 391 4794 parabola
421 4750 644 4804 quoque
669 4735 905 4807 prodigi,
932 4735 1027 4805 qui
1056 4744 1139 4790 est
1161 4738 1399 4805 populus
1426 4753 1493 4793 ex
1521 4740 1698 4809 genti-

162 4816 268 4885 bus,
302 4827 390 4894 qui
426 4829 624 4899 procul
660 4844 691 4883 a
747 4829 859 4883 Deo
908 4829 1155 4894 recessit,
1202 4830 1506 4886 nominavit
1552 4832 1697 4888 Deus

161 4922 417 4978 peccatum
449 4920 698 4990 siliquas,
716 4920 812 4989 qui
836 4919 1059 4990 quidem
1085 4930 1168 4977 est
1187 4921 1346 4977 cibus
1378 4938 1697 4992 porcorum,

168 5013 339 5073 nempe
370 5008 774 5064 immundorum
807 5008 1138 5065 daemonum.
1173 5008 1345 5076 Quem
1371 5013 1590 5082 quidem
1622 5014 1699 5068 ci-

168 5086 281 5146 bum
308 5096 595 5168 aliquando
629 5099 926 5155 comedens
970 5101 1205 5170 populus
1234 5101 1517 5172 prodigus,
1550 5103 1698 5159 desi—

174 5179 373 5243 derabat
403 5193 668 5257 saturari,
691 5193 797 5247 hoc
822 5201 926 5258 est,
957 5209 1190 5249 cessare.
1220 5194 1356 5251 Nam
1395 5196 1490 5265 qui
1531 5198 1699 5253 satia-

178 5280 269 5338 tur,
314 5283 501 5341 exinde
561 5286 774 5341 desistit
831 5286 1139 5342 comedere.
1190 5287 1256 5341 Et
1297 5304 1446 5342 nemo
1472 5290 1631 5343 dabat
1654 5292 1699 5322 "

182 5366 313 5431 mihi.
337 5373 501 5433 donec
534 5378 747 5432 veniret
792 5378 954 5455 Panis
979 5379 1218 5433 cmlestis
1246 5378 1341 5448 qui
1362 5394 1449 5433 me
1474 5380 1703 5435 abduxit

182 5470 205 5507 ³
228 5458 356 5529 ligno
400 5470 743 5541 siliquarum.
784 5473 957 5527 Porro
984 5480 1167 5526 autem
1198 5473 1373 5527 Moses
1401 5489 1618 5543 quoque
1646 5475 1701 5529 in

187 5557 393 5611 secundo
409 5564 638 5627 cantico,
656 5563 967 5621 Iudaeorum
986 5573 1178 5619 taxans
1192 5565 1699 5630 idololatriam,eam

190 5644 388 5707 aPl’enal
412 5653 640 5720 plantam
681 5671 844 5711 :nam
882 5673 945 5710 ea:
988 5659 1138 5712 vinea
1154 5656 1500 5713 Sodomorum
1550 5661 1698 5713 vinea

252 5753 398 5841 iis"-
431 5771 639 5841 XIVJL
716 5773 762 5806 "
798 5772 928 5829 Luc.
966 5790 1055 5841 xv,
1090 5773 1169 5829 16.
1247 5777 1292 5808 ’⁸
1339 5775 1497 5832 Deut.
1552 5791 1689 5831 χχχιι

1797 5774 1832 5829 3.
1910 5774 1953 5805 ’⁷
1985 5773 2087 5831 lsa.
2144 5789 2195 5841 v,
2234 5773 2284 5828 4.

199 5816 231 5849 ’ί
250 5820 268 5885 1
290 5825 398 5893 Cor.
427 5816 594 5906 i;;'io7.

1798 4651 1921 4706 dem
1972 4650 2237 4713 omnium,
2273 4649 2379 4705 hoc
2402 4658 2490 4705 est
2527 4648 2896 4720 cognitionem
2951 4646 3254 4702 caelestium
3309 4654 3366 4701 et

1800 4742 2144 4797 terrestrium
2171 4750 2229 4794 et
2252 4740 2740 4794 subterraneorum
2764 4738 2865 4792 soli
2885 4737 3094 4792 homini
3124 4735 3361 4801 dederit,

1798 4832 1894 4901 qui
1926 4838 2010 4886 est
2030 4830 2301 4885 Christus.
2328 4830 2447 4898 ipse
2469 4837 2553 4884 est
2578 4828 2725 4883 enim
2747 4827 2841 4897 qui
2864 4826 3142 4898 cognoscit
3158 4826 3362 4890 omnia,

1800 4923 1961 4976 etiam
1986 4920 2246 4991 profunda
2290 4919 2386 4973 Dei
2417 4920 2495 4985 ’°;
2529 4918 2917 4973 abstinentiam
2946 4926 3129 4972 autem
3156 4932 3189 4971 a
3237 4932 3364 4986 pec-

1805 5021 1945 5073 cato,
1981 5025 2175 5079 nempe
2202 5009 2457 5078 Maligno,
2510 5008 2611 5063 soli
2643 5006 2852 5062 homini
2885 5014 2942 5061 et
2974 5007 3118 5071 Evae,
3167 5020 3365 5075 nempe

1807 5088 2083 5160 Ecclesiae.
2121 5102 2189 5156 Et
2218 5096 2347 5156 hinc
2396 5099 2750 5170 perSpicuum
2796 5099 2943 5170 quod
2970 5114 3079 5154 non
3107 5098 3177 5154 de
3206 5114 3367 5154 escu-

1806 5198 1954 5252 lento
1984 5195 2133 5265 ligno
2163 5193 2300 5248 dicit
2326 5192 2631 5261 Scriptura,
2677 5207 2800 5247 cum
2844 5191 3133 5263 prohibuit-
3156 5190 3365 5246 homini

1805 5287 2175 5358 cognitionem
2198 5284 2327 5339 boni
2348 5294 2403 5339 et
2425 5283 2551 5338 mali
2576 5301 2591 5350 ;
2622 5298 2745 5338 nam
2778 5292 2905 5339 ante
2933 5299 3059 5338 eum
3083 5298 3238 5338 esum
3271 5297 3367 5336 co-

1804 5382 2100 5453 gnoscebat
2120 5380 2316 5434 mulier
2336 5380 2542 5434 bonum
2565 5388 2620 5434 et
2639 5379 2864 5433 malum.
2898 5377 3040 5445 Audi
3071 5377 3218 5433 enim
3244 5392 3365 5431 eam

1805 5476 1858 5529 in
1889 5474 2178 5529 collatione
2209 5488 2335 5527 eum
2364 5480 2640 5542 serpente,
2658 5471 2978 5527 aﬂ'erentem
3008 5470 3202 5541 dogma
3234 5483 3364 5522 con-

1805 5566 2054 5630 trarium,
2087 5575 2143 5621 et
2185 5564 2236 5619 ei
2265 5564 2540 5619 dicentem
2571 5574 2629 5618 et
2684 5562 3053 5633 proferentem
3113 5560 3362 5633 divinum

1807 5657 2145 5722 mandatum,
2165 5664 2221 5710 ct
2252 5658 2428 5712 minas
2458 5656 2649 5711 mortis
2677 5656 2969 5710 intentatas
2997 5656 3040 5709 si
3073 5652 3367 5723 ligniesset

2391 5774 2437 5806 ³⁸
2475 5772 2631 5829 Joan.
2699 5788 2771 5839 iv,
2802 5770 2888 5825 54.
3003 5770 3048 5803 ¹⁹
3103 5766 3236 5823 ibid.
3272 5766 3361 5827 55.
