3792 6530
534 299 630 363 991

1689 334 1750 393 S.
1791 336 2196 398 ANASTASII
2241 341 2313 400 SI
2319 342 2414 403 NA
2426 344 2570 405 ΙΤίΕ

3620 378 3692 443 Μ

3621 419 3692 443 17ῦᾶ

524 419 818 492 νειτιῖεθρε.
851 426 956 482 Sed
981 446 1158 503 neque
1183 438 1310 492 caeci
1340 449 1498 498 erant
1520 453 1651 502 ante
1679 453 2090 521 cognitionem;
2125 462 2171 519 Α
2199 472 2401 528 porum
2445 449 2636 534 stupra
2703 480 2758 523 et
2811 471 3122 531 adulteria?
3190 479 3326 546 Quis
3369 492 3537 542 autem
3578 496 3696 553 toti...

524 507 657 553 dicit
702 517 847 553 Anim
899 538 911 548 -
955 522 1015 553 De
1041 527 1166 553 μξιιέι
1215 531 1401 553 ωηιξη
1580 539 1591 553 ι
1755 552 1761 553 ,
1883 545 1892 553 .
1933 549 1941 553 .

523 507 658 564 dicit
702 517 848 572 enim
897 538 911 572 :
946 522 1015 576 Et
1041 527 1166 579 vidit
1214 531 1402 586 mulier
1452 539 1591 606 quod
1633 552 1764 595 esset
1799 545 2095 614 pulchrum,

520 611 647 659 ante
677 623 848 664 esum.
888 612 942 666 Si
971 626 1153 672 autem
1179 622 1336 678 cibus
1363 635 1482 682 erat
1503 633 1721 688 sensilis
1755 646 1810 690 et
1835 639 2091 704 carnalis,

519 698 741 753 omnino
773 707 974 758 mortui
1001 721 1184 765 essent
1213 714 1378 770 etiam
1411 723 1722 790 carnaliter,
1755 731 1978 797 quando
2003 749 2095 786 co-

506 1153 653 1207 enim
686 1156 1082 1230 interpretatur
1110 1179 1252 1226 terra
1283 1183 1338 1228 et
1368 1176 1542 1247 ignis,
1576 1183 1719 1238 sicut
1764 1186 1877 1243 dixi
1925 1192 2076 1248 alibi.

506 1242 577 1297 Et
612 1245 743 1302 dixit
773 1251 1030 1312 Dominus
1061 1259 1200 1317 Deus
1239 1282 1257 1319 :
1291 1242 1414 1322 Non
1463 1280 1538 1325 est
1581 1275 1772 1332 bonum
1817 1282 2078 1340 hominem

504 1352 612 1391 esse
642 1341 811 1396 solum
833 1363 852 1400 .'
873 1347 1129 1415 faciamus
1187 1358 1236 1410 ei
1255 1359 1569 1430 adjutricem
1590 1370 1724 1423 sicut
1768 1373 1879 1442 ipse
1908 1386 1984 1430 est
2008 1379 2074 1434 “.

505 1423 541 1442 η
665 1432 676 1442 .
907 1440 916 1442 ς

500 1423 638 1484 Cum
661 1432 771 1488 huc
797 1440 1035 1496 venisset
1063 1445 1266 1515 Manes,
1295 1455 1594 1515 sceleratus
1619 1462 1730 1519 dux
1744 1465 2075 1528 Manichaeo-

498 1704 778 1771 appellans
801 1713 1135 1772 mendacem.
1159 1721 1426 1783 Similiter
1447 1732 1612 1789 etiant
1635 1736 2065 1815 Aquilaimpius,

501 1789 642 1815 ζᾹΑ-ι-
685 1813 701 1815 Α
808 1800 821 1815 ¹
976 1813 980 1815 λ

1642 1789 2065 1815 **1""“""l"“"’

499 1789 646 1847 idem
676 1800 821 1866 quod
857 1813 1049 1872 gentes
1105 1815 1368 1883 sentiens,
1407 1821 1578 1880 Deum
1636 1832 1828 1888 volens
1880 1822 2070 1906 repre-

499 1887 599 1906 L__,
631 1889 668 1906 Ικ
1154 1905 1159 1906 ⁷

496 1887 762 1957 hendere,
797 1909 894 1963 pro
927 1914 994 1955 eo
1019 1905 1164 1972 quod
1190 1907 1377 1967 dicere
1408 1919 1702 1986 Oportebat
1733 1942 1746 1978 :
1780 1925 2065 1987 Faciamus

492 1979 544 2031 ci
568 1981 880 2051 adjutricem
906 1996 1188 2052 secundum
1237 2004 1427 2072 ipsum,
1460 2009 1600 2067 dixit
1633 2032 1646 2068 :
1677 2015 1955 2078 Faciamus
2019 2028 2066 2081 ei

493 2071 818 2141 adjutorium
849 2099 912 2137 ea:
944 2087 1162 2145 adverso
1213 2096 1362 2165 ejus;
1393 2101 1498 2158 hoc
1547 2116 1633 2162 est
1677 2112 2059 2174 adversarium

490 2174 548 2218 et
569 2165 803 2227 hostem.
830 2174 972 2242 Quid
1011 2186 1188 2253 ergo?
1215 2188 1304 2244 die
1327 2193 1483 2260 mihi,
1511 2212 1544 2252 ο
1562 2165 1771 2271 Iudaee,
1793 2165 2064 2270 veslﬁ-Deus

489 2269 674 2324 verus,
714 2268 1029 2326 mentiens?
1055 2274 1312 2335 Divinum
1336 2299 1399 2339 os
1420 2287 1634 2346 Domini
1665 2297 2062 2370 omnipotentis

489 2347 619 2370 O-LA
671 2355 706 2370 ιι
787 2360 798 2370 ·
973 2365 1005 2370 ““

487 2347 747 2421 Sabaoth,
784 2360 838 2414 in
864 2365 1044 2420 medio
1073 2373 1430 2433 tenebrarum
1461 2391 1518 2437 et
1541 2385 1701 2458 903
1732 2347 1983 2465 caliginis
2000 2413 2059 2457 et

485 2437 629 2510 ignis
659 2457 716 2500 et
766 2456 1018 2519 procella
1064 2470 1121 2516 et
1168 2465 1424 2525 tubarum
1470 2482 1525 2528 et
1555 2437 1898 2550 ari'gzmrurh,
1939 2489 2058 2548 haec

483 2533 649 2590 verba
672 2538 803 2595 Mosi
833 2553 918 2599 est
946 2547 1218 2620 locutum,
1253 2566 1310 2612 et
1343 2559 1439 2616 Dei
1475 2533 1682 2637 digitus
1710 2573 1762 2626 in
1825 2576 2059 2639 Tabulis-

481 2624 599 2682 haec
619 2631 858 2702 scripsit,
873 2637 1058 2697 dicens
1085 2660 1098 2696 :
1117 2645 1235 2700 Non
1251 2651 1441 2708 bonum
1462 2669 1535 2713 est
1557 2662 1822 2722 hominem
1845 2687 1953 2726 esse
1969 2692 2055 2729 so-

482 2719 614 2789 lum,
646 2725 901 2792 faciamus
917 2737 964 2789 ei
980 2738 1296 2809 adjutricem
1315 2749 1632 2825 sicutipsum
1655 2776 1674 2813 :
1693 2769 1748 2817 et
1763 2773 1846 2820 est
1864 2783 2052 2827 rursus

479 2809 666 2884 lingua
693 2819 786 2874 Dei
816 2832 872 2878 et
897 2841 959 2881 os
981 2837 1036 2884 et
1058 2847 1251 2891 manus
1268 2838 1401 2897 falsa
1424 2844 1656 2917 loquens
1677 2863 1733 2907 et
1756 2859 2006 2916 scribens
2028 2864 2052 2918 ?

549 2905 806 2968 Facessat
833 2915 949 2974 haec
978 2923 1312 2986 absurditas.
1345 2936 1586 2995 Verbum
1632 2946 1778 3002 enim
1811 2951 1906 3006 Dei
1935 2970 2050 3009 ma-

477 3006 575 3052 net
600 3015 791 3058 verum
849 3008 904 3062 in
939 3017 1218 3084 swculum,
1257 3032 1312 3078 et
1342 3026 1396 3081 in
1430 3028 1686 3090 sarculum
1719 3043 1926 3097 saeculi.
1978 3035 2047 3100 Et

2199 553 2389 608 mundi
2439 554 2648 613 diluvio
2696 561 2826 618 fecit
2878 567 3181 636 interitum,
3247 576 3354 631 nisi
3418 581 3696 648 pulchritudo

2197 644 2490 700 mulierum
2551 649 2769 708 illarum
2811 656 3048 716 filiarum
3097 663 3409 731 hominum,
3472 688 3588 742 quas
3630 681 3692 735 lilii

2195 734 2327 789 Seth
2373 753 2704 810 acceperunt
2758 747 2815 803 in
2867 756 3104 808 uxores?
3141 755 3241 812 Sin
3289 767 3468 816 autem
3514 767 3690 837 adiutrix

2189 827 2399 885 Adamo
2437 831 2540 889 fuit
2572 839 2792 906 mulier,
2853 847 3130 913 quomodo
3184 865 3381 908 omnes
3424 869 3533 910 eam
3562 860 3692 931 deplo-

2191 922 2374 976 r'amus
2411 925 2558 994 quod
2591 929 2761 984 fuerit
2793 936 3137 994 consiliatrix
3186 945 3387 1000 mort—is
3419 957 3473 1000 et
3503 947 3692 1010 interitus

2182 1193 2423 1266 inquam,
2473 1218 2649 1271 soror,
2696 1210 2803 1264 lilia
2851 1212 3020 1269 Iacob
3065 1219 3240 1286 patris
3294 1221 3396 1285 tui,
3445 1239 3554 1292 quae
3588 1227 3690 1282 dice-

2179 1287 2344 1345 batur
2385 1294 2541 1359 Dina,
2578 1310 2816 1358 scortata
2861 1315 2947 1360 est
2997 1308 3053 1366 in
3097 1310 3361 1378 Sichem;
3407 1314 3586 1374 deinde
3608 1337 3687 1390 pro

2177 1387 2299 1448 pter
2353 1382 2796 1458 fornicationem,
2861 1398 3172 1455 universam
3233 1405 3503 1461 civitatem
3560 1410 3688 1481 inique

2177 1474 2575 1534 interemerunt
2635 1482 2836 1542 fratres
2869 1491 3010 1560 ejus,
3031 1494 3243 1562 justum
3295 1506 3352 1552 et
3389 1499 3618 1569 iniustum
3637 1506 3686 1558 si-

2175 1564 2289 1618 mul
2341 1569 2660 1630 occidentes
2706 1579 2772 1631 ³³.
2811 1579 3043 1652 Pmpter
3082 1600 3252 1655 quam
3296 1591 3486 1658 puella:
3511 1592 3685 1648 fomica-
3752 1605 3753 1610 ‘

2173 1655 2381 1712 tionem
2435 1673 2492 1715 et
2519 1665 2746 1729 caedem.
2785 1671 2853 1726 ad
2879 1675 3321 1750 quadringentds
3345 1689 3507 1737 annos
3528 1689 3681 1742 consti-
3752 1679 3753 1772 ἦ

2173 1749 2273 1784 luit
2299 1749 2442 1784 nm“,
2469 1764 2544 1784 hu
2576 1760 2742 1784 ..ειπερ
2776 1763 2825 1784 :_
2858 1781 2940 1784 ,η
2985 1768 3020 1784 ο.
3073 1778 3082 1784 .
3240 1775 3244 1778 .
3295 1773 3333 1784 ..
3378 1774 3391 1784 .
3421 1775 3434 1784 .
3510 1775 3545 1784 ...
3752 1775 3753 1784 η

2173 1749 2276 1804 tuit
2299 1749 2444 1808 Deus
2469 1764 2547 1812 tot
2576 1760 2747 1816 millia
2776 1763 2830 1818 in
2854 1768 3180 1826 servitutem
3213 1773 3391 1844 redigi
3420 1775 3470 1829 in
3490 1775 3680 1848 Egypto.

2175 1842 2243 1896 Et
2271 1859 2518 1915 quaenam
2550 1854 2750 1910 mulier
2780 1858 3054 1930 adiutrix?
3084 1863 3438 1922 Adulterium
3472 1873 3680 1927 commisit
3752 1929 3753 1940 χ

2174 1933 2475 1996 Bethsabee
2503 1942 2558 1997 in
2581 1959 2647 2000 eo
2675 1963 2838 2017 quem
2871 1960 2927 2006 tu
2963 1963 3113 2009 tuum
3139 1955 3424 2014 Christum
3441 1962 3678 2027 existimas,

2172 2026 2364 2092 David,
2400 2031 2641 2103 inquam,
2685 2049 2742 2094 et
2785 2043 2989 2098 cmdem
3016 2050 3361 2116 perpetravit
3392 2066 3486 2106 suo
3515 2055 3674 2125 coniugi

2170 2116 2332 2174 Urina.
2364 2123 2593 2192 Deinde,
2618 2131 2832 2188 etiamsi
2859 2134 2962 2190 hoc
2987 2139 3226 2195 maxime
3247 2142 3585 2198 condonatum
3608 2146 3676 2199 fuit

2168 2202 2391 2274 Davidi,
2434 2212 2489 2267 in
2529 2216 2719 2272 decem
2756 2230 2941 2278 tamen
2992 2227 3114 2297 ejus
3143 2230 3412 2287 mulieres
3442 2234 3672 2289 admissum

2167 2297 2273 2354 fuit
2314 2303 2650 2365 adulterium
2699 2329 2728 2367 a
2785 2331 2887 2370 suo
2937 2318 3050 2374 ﬁlio
3096 2321 3392 2393 Absalom;
3441 2336 3490 2381 et
3535 2330 3671 2382 statuit

2166 2392 2310 2449 Deus
2339 2411 2438 2466 per
2464 2400 2678 2458 Nathan
2706 2410 3032 2479 prophetam
3060 2417 3212 2486 quod
3239 2434 3351 2474 non
3378 2392 3570 2476 deﬁciet
3591 2423 3668 2492 gla-

2165 2482 2292 2540 dius
2315 2487 2370 2544 in
2417 2489 2582 2547 domo
2612 2495 2781 2552 David
2814 2499 2869 2554 in
2911 2482 3186 2561 aeternum
3229 2510 3297 2564 ³³.
3340 2509 3449 2566 Hoc
3475 2519 3549 2566 est
3572 2527 3666 2581 opus
3752 2515 3753 2524 ‘

2163 2578 2513 2646 pulchrarum
2551 2588 2866 2647 mulierum.
2909 2594 3043 2660 Quis
3080 2608 3267 2654 autem
3311 2603 3452 2656 inter
3481 2604 3664 2658 homines
3752 2643 3753 2652 η

2160 2686 2189 2723 a
2251 2673 2362 2728 Deo
2413 2683 2561 2733 tanta
2607 2679 2712 2736 fuit
2763 2685 3004 2744 donatus
3051 2694 3327 2762 sapientia
3382 2709 3558 2766 quanta
3598 2698 3663 2752 Sa-

2157 2763 2380 2821 lomon?
2427 2769 2496 2824 Et
2543 2781 2656 2828 tota
2723 2779 2843 2849 ejus
2907 2783 3175 2852 sapientia
3229 2788 3335 2843 fuit
3384 2789 3603 2844 devorata
3641 2807 3660 2845 a

2157 2859 2501 2919 mulieribus.
2545 2866 2678 2933 Quis
2727 2873 2958 2930 allectus
2994 2876 3098 2932 fuit
3147 2881 3327 2952 gloria
3372 2887 3501 2940 sicut
3542 2885 3660 2939 ludas

2156 2949 2300 3006 ﬁlius
2336 2954 2525 3023 Iacob,
2553 2960 2691 3016 adeo
2716 2973 2776 3019 ut
2802 2981 2833 3019 a
2868 2967 2978 3023 Deo
3006 2972 3076 3026 sit
3101 2949 3458 3031 constitutum
3486 2987 3535 3031 ut
3556 2986 3657 3032 esset

2154 3057 2249 3096 rex
2273 3045 2628 3106 Judmorum?
2683 3055 2750 3110 Et
2797 3060 2994 3115 mulier
3049 3064 3318 3134 Thamar,
3358 3086 3421 3124 eo
3448 3071 3652 3139 decepto.

1809 3095 1812 3096 ⁷
1893 3095 1925 3097 η
1978 3095 2045 3100 ’“”’
2222 3095 2249 3096 '7
2277 3095 2293 3099 ⁷
2312 3095 2480 3102 ’”“““’“”
2502 3095 2587 3105 “¹¹“¹
2609 3095 2620 3106 ⁶
2683 3095 2750 3110 μ’
2799 3095 2984 3115 ¹¹¹ι¹¹¹ει
3062 3095 3077 3117 Ι
3100 3095 3318 3134 ΙιίιιΙΙίΙΓ,
3358 3095 3421 3124 δυ
3448 3095 3649 3139 ωτςεμιυ,

477 3095 754 3157 αυοῐηοόο
794 3115 901 3155 non
951 3105 1054 3159 fuit
1099 3109 1188 3166 illa
1246 3118 1446 3174 mulier
1493 3123 1734 3194 adiutrix
1787 3133 1996 3192 Adamo
2027 3157 2043 3205 ;
2073 3165 2115 3221 ο
2150 3133 2333 3192 cﬂ‘ecit
2369 3150 2427 3193 ut
2461 3150 2571 3197 tota
2609 3145 2728 3214 eius
2761 3145 2938 3207 tribus
2973 3167 3119 3211 esset
3169 3171 3298 3215 nata
3327 3178 3390 3216 ex
3420 3162 3649 3216 adulterio.

477 3180 572 3221 and
619 3188 799 3221 nnlino
847 3191 1065 3221 :..:...:..-
1139 3212 1184 3221 4.
1404 3212 1417 3221 .
1545 3216 1562 3221 -

1559 3180 1577 3194 ..
1632 3180 1734 3184 vr-w
1787 3180 1995 3192 ----·--·υ
2027 3181 2043 3205 9

476 3180 574 3235 sed
618 3188 801 3254 potius
845 3191 1091 3265 inimica,
1134 3212 1299 3275 atque
1351 3212 1491 3269 adeo
1538 3216 1686 3274 fossa
1735 3224 2045 3284 etinsidia-

475 3275 1068 3359 trix,etinterfectrix,
1107 3306 1163 3351 et
1188 3307 1628 3380 exterminatrix,
1677 3325 1732 3372 et
1784 3320 2043 3381 innume-

475 3368 730 3426 rabilium
761 3379 1029 3439 malorum
1058 3386 1161 3457 ipsi
1199 3403 1255 3447 et
1278 3399 1375 3451 toti
1401 3405 1607 3460 mundo
1660 3413 2045 3474 consiliatrix?

473 3459 528 3514 Si
559 3475 742 3522 autem
793 3475 994 3530 mulier
1043 3481 1110 3534 ad
1160 3484 1265 3542 hoc
1295 3489 1473 3559 ipsum
1531 3497 1671 3555 facta
1717 3513 1803 3560 est
1847 3523 1876 3561 a
1928 3511 2042 3568 Deo

469 3559 532 3605 ut
557 3553 630 3608 sit
653 3556 864 3616 homini
893 3565 1135 3638 adiutrix
1157 3615 1172 3637 ,
1220 3587 1276 3632 et
1314 3553 1612 3654 nunquam
1641 3599 1887 3661 potuerit
1913 3615 2037 3654 mu-'

1463 3641 1480 3654 ,
1584 3641 1611 3642 π
1641 3641 1887 3661 τμη...

468 3641 575 3700 lier
592 3662 712 3705 esse
734 3653 855 3708 viro
875 3656 1096 3716 inimica
1119 3682 1132 3731 ;
1159 3668 1254 3722 sed
1281 3675 1462 3729 omnis
1481 3681 1680 3736 mulier
1701 3685 1890 3743 divino
1908 3708 2042 3760 prze-

1775 3739 1883 3743 ν
1908 3739 2019 3760 ,ων

466 3739 673 3808 scripto
690 3742 970 3804 invenitur
987 3754 1331 3818 vir-umsuum
1348 3765 1644 3828 defendere
1657 3793 1719 3831 ac
1731 3791 2039 3854 protegere:

469 3832 681 3854 ..-.---ΙΔ
698 3851 723 3854 μ
769 3837 781 3850 ⁹
805 3839 818 3854 ¹

465 3832 911 3906 quandoquidem
934 3855 1044 3902 stat
1064 3859 1494 3934 unumquodque
1527 3864 1580 3919 in
1601 3883 1673 3923 eo
1691 3832 1758 3926 ad
1779 3832 2034 3945 quodin:

464 3930 614 3979 ctum
648 3939 732 3983 est
769 3947 797 3985 a
825 3934 937 3990 Deo
969 3939 1082 4009 (lux
1112 3947 1257 4001 enim
1286 3950 1580 4023 illuminat,
1611 3972 1800 4020 etnon
1832 3981 2034 4042 cessat,

1565 4018 1574 4023 -
1838 4018 2034 4042 --νυ-ε,

463 4018 620 4086 panis
641 4025 834 4091 nutrit,
861 4030 941 4085 sol
960 4036 1136 4091 currit
1152 4049 1207 4094 et
1227 4042 1388 4111 luna;
1416 4051 1676 4123 cumipso
1694 4058 1892 4126 planttn
1914 4080 2036 4135 gere

1378 4110 1381 4111 ν
1576 4110 1590 4123 .
1694 4110 1710 4126 ι
1733 4110 1891 4117 ίῆ--ν-ν
1914 4110 2000 4135 ον·

462 4110 695 4178 minant,
715 4119 969 4178 animalia
981 4129 1223 4197 pariunt,
1245 4135 1423 4203 pisces
1439 4152 1652 4211 natant,
1671 4163 1801 4206 aves
1820 4156 2031 4224 volant,

461 4210 536 4267 et,
553 4211 1006 4282 utsemeldicam,
1028 4235 1198 4291 usque
1216 4227 1283 4280 ad
1308 4240 1840 4297 consummationem
1861 4263 2033 4305 saecu—

460 4292 521 4360 li,
547 4313 887 4373 unaquaeque
913 4321 1166 4369 creatura
1199 4317 1252 4371 in
1279 4335 1345 4374 eo
1371 4330 1478 4379 stat
1504 4327 1570 4381 ad
1595 4333 1743 4398 quod
1776 4334 1917 4392 facta
1941 4349 2027 4396 est

460 4388 655 4458 aDeo;
686 4393 740 4448 in
766 4412 1115 4472 unaquaque,
1175 4408 1418 4479 inquam,
1449 4429 1643 4477 natura
1702 4424 1943 4487 inanima
1972 4443 2028 4490 et

2147 3225 2217 3278 Et
2235 3241 2483 3296 quaenam
2508 3247 2636 3290 sunt
2654 3255 2731 3294 eae
2757 3242 3096 3312 adiutrices?
3126 3249 3311 3322 Longa
3334 3253 3485 3309 fuerit
3506 3256 3649 3314 oratio.

2146 3326 2202 3372 et
2231 3321 2391 3376 nobis
2434 3323 2700 3384 defecerit
2743 3344 2799 3387 et
2837 3342 3054 3406 tempus
3104 3352 3158 3396 et
3192 3321 3385 3399 charta
3425 3355 3475 3400 et
3510 3345 3650 3399 modus

2146 3415 2405 3469 narrandi
2445 3429 2580 3488 quot
2613 3432 2668 3475 et
2687 3427 2868 3493 qualia
2899 3446 2995 3500 per
3025 3445 3244 3504 gentem
3272 3439 3533 3494 femineam
3552 3440 3646 3494 fiunt

2145 3503 2199 3556 in
2235 3508 2442 3563 mundo
2482 3512 2552 3566 ab
2599 3514 2754 3572 initio
2783 3529 2840 3575 et
2879 3538 3056 3593 usque
3088 3527 3156 3581 ad
3186 3533 3643 3586 consummationem

2143 3599 2326 3652 saeculi
2364 3601 2417 3654 in
2461 3606 2789 3672 patriarchis
2820 3623 2877 3668 et
2911 3619 3219 3687 prophetis,
3271 3634 3327 3679 et
3363 3626 3492 3680 inter
3514 3626 3642 3714 priri-

2143 3694 2228 3743 tos
2266 3700 2321 3744 et
2348 3707 2523 3763 reges,
2566 3708 2621 3753 et
2660 3699 2805 3757 inter
2834 3704 3025 3763 fideles
3075 3712 3334 3770 similiter
3362 3727 3414 3771 et
3452 3709 3641 3788 gentiles;

2139 3791 2195 3836 et
2218 3781 2540 3845 Chaldaicas
2564 3800 2619 3847 et
2639 3793 2944 3868 Egyptias,
2978 3813 3034 3857 et
3059 3804 3328 3875 Troianas
3356 3819 3406 3864 et
3434 3809 3637 3867 heroicus,

2139 3879 2190 3906 at
2225 3873 2491 3906 nnmnnnn
2526 3893 2712 3906 ...λ-ι--
2760 3897 2805 3906 ,ι
2841 3889 2854 3906 ι
2950 3891 3004 3906 ,η
3155 3895 3210 3906 η.
3507 3899 3534 3906 .-
3607 3898 3614 3906 .

2138 3879 2194 3925 et
2222 3873 2492 3932 Romanas
2525 3893 2715 3951 gentes
2753 3897 2808 3941 et
2841 3889 3089 3947 hostiles.
3153 3873 3210 3950 Si
3254 3907 3429 3954 autem
3464 3898 3638 3968 adiutrix

2136 3973 2222 4019 est
2262 3968 2476 4034 mulier,
2508 3977 2785 4042 quomodo
2823 3979 2959 4036 dicit
3003 3982 3289 4055 Scriptura
3351 3989 3481 4060 quod
3511 3991 3634 4042 rium

2137 4063 2186 4107 et
2223 4058 2464 4115 mulieres
2499 4077 2747 4133 separant
2782 4088 2815 4125 a
2863 4072 2973 4128 Deo
3004 4076 3084 4130 “?
3122 4077 3299 4145 Quam
3341 4083 3478 4137 multi
3511 4081 3632 4143 enim,

2132 4146 2221 4203 dic
2253 4153 2410 4218 mihi,
2441 4156 2610 4213 Deum
2635 4173 2904 4232 negarunt
2930 4180 3154 4238 propter
3181 4174 3495 4229 mulierem?
3520 4171 3628 4229 Unde

2131 4240 2296 4297 etiam
2329 4244 2607 4314 Salomon,
2645 4254 2819 4324 utqui
2886 4257 2958 4312 sit
3013 4271 3276 4332 expertus
3335 4267 3460 4320 mala
3489 4263 3626 4319 mulie

2131 4331 2272 4400 bria,
2315 4337 2451 4393 dixit
2497 4359 2509 4394 :
2544 4341 2631 4397 Ea:
2657 4345 2845 4401 decies.
2873 4350 3019 4405 mille
3065 4355 3190 4409 viris
3248 4358 3464 4413 invenies
3508 4369 3621 4410 unm

2127 4423 2355 4493 ﬁdelem,
2407 4446 2468 4485 ex
2502 4434 2800 4492 mulieribus
2826 4449 3002 4496 autem
3042 4461 3146 4500 non
3187 4449 3488 4504 invenies”.
3538 4449 3623 4501 H330

2453 4484 2456 4485 ν
2827 4484 3002 4496 mm...
3042 4484 3146 4500 ην..
3188 4484 3410 4504 um...”
3478 4492 3488 4504 .
3538 4484 3619 4501 ...ις

459 4484 742 4554 ³¹¹ί¹¹¹³ί²)τ
770 4496 1044 4562 ίῐ¹¹⁰¹η⁰ά⁰
1077 4515 1208 4571 erit“
1240 4507 1456 4575 mulier.
1489 4527 1610 4581 quae
1641 4514 1780 4574 facta
1807 4531 1891 4577 est
1951 4527 2018 4581 ad
2052 4513 2096 4568 D
2123 4529 2304 4574 autem
2327 4521 2580 4589 dicimus,
2608 4543 2719 4586 non
2743 4545 3068 4591 accusantes
3099 4550 3350 4597 naturam
3385 4559 3533 4613 neque
3554 4542 3618 4594 De:

459 4575 558 4613 viri
597 4581 857 4613 auaritia.“
939 4603 1045 4613 ...ιι-
1098 4591 1226 4613 tu-.-
1301 4612 1306 4613 ,
1352 4606 1364 4613 .
1469 4601 1503 4613 ..
1607 4606 1619 4613 .
1673 4609 1691 4613 _
1743 4609 1762 4613 _

456 4677 661 4735 autem,
690 4684 745 4729 et
770 4692 894 4731 cum
931 4680 1003 4734 sit
1023 4683 1141 4739 viro
1172 4685 1520 4759 imbecillior,
1550 4707 1730 4766 potest
1758 4705 2016 4774 eiusesse

456 4759 732 4831 adiutrix?
758 4765 837 4822 Ad
865 4772 1153 4838 auxilium,
1188 4793 1378 4837 rursus
1402 4783 1548 4852 dico,
1599 4789 1700 4844 viri
1752 4799 2014 4869 carnalis,

456 4851 698 4912 decrevit
721 4859 865 4917 Deus
899 4864 969 4918 ab
1015 4865 1172 4925 initio
1224 4887 1344 4928 esse
1377 4877 1661 4935 mulierem
1704 4889 2010 4946 secundum

455 4957 699 5014 carnem,
755 4968 1035 5025 nunquam
1060 4961 1243 5018 studio
1299 4963 1469 5023 fuerit
1516 4972 1731 5030 mulieri
1759 4989 1854 5034 aut
1882 4982 2012 5041 odio

456 5036 658 5094 habere
702 5051 758 5097 et
781 5046 849 5100 ad
899 5048 1034 5105 iram
1069 5055 1369 5125 concitare,
1407 5070 1505 5116 aut
1551 5063 1809 5126 deserere
1851 5088 2014 5132 suum

453 5129 672 5197 virum;
715 5149 992 5207 nunquam
1045 5158 1339 5218 conspecta
1368 5150 1536 5208 fuerit
1576 5159 1778 5215 mulier
1820 5168 2004 5235 gravis

455 5231 551 5282 aut
579 5225 861 5296 improba;
893 5249 1169 5304 nunquam
1217 5248 1536 5312 apparuerit
1579 5253 1780 5309 mulier
1808 5261 2010 5316 marito

456 5331 557 5372 suo
593 5318 860 5390 insidiari,
893 5336 949 5380 et
990 5329 1191 5387 eadem
1226 5335 1345 5406 ejus
1369 5340 1583 5395 moliri!
1626 5344 1695 5398 Et
1729 5352 2008 5417 quomodo

456 5418 645 5465 contra
665 5413 914 5470 videmus
930 5419 1216 5476 mulierem
1244 5439 1364 5481 esse
1387 5428 1504 5484 viro
1528 5447 1639 5487 non
1660 5435 2005 5508 adiutricem,

454 5500 550 5556 scd
572 5503 755 5572 potius
783 5508 1177 5566 tentatiouem?
1203 5513 1336 5583 Quis
1363 5519 1532 5588 enim,
1591 5539 1744 5595 rogo,
1799 5536 2003 5587 accen-

454 5592 536 5652 dit
563 5607 620 5652 et
642 5597 942 5657 inﬂammat
968 5604 1235 5665 flammam
1263 5614 1650 5682 generationis,
1717 5621 1821 5676 uisi
1877 5640 2001 5679 cor-

2119 4621 2423 4668 creaturam
2447 4618 2598 4686 (sunt
2620 4621 2975 4682 enim-omnia
2996 4629 3136 4686 bona
3166 4651 3290 4704 quae
3311 4637 3437 4690 fiunt
3459 4651 3482 4690 a
3504 4632 3616 4702 Deo).

2116 4701 2212 4755 sed
2247 4702 2381 4758 illud
2425 4707 2690 4767 auxilium
2738 4727 3050 4782 quaerentes
3069 4721 3138 4777 de
3161 4701 3273 4794 quo
3308 4726 3432 4781 dixit
3471 4726 3614 4780 Deus:

2113 4791 2230 4846 Non
2269 4802 2344 4848 est
2378 4797 2568 4852 bonum
2622 4803 2884 4860 hominem
2932 4827 3040 4865 esse
3084 4815 3280 4885 solum,
3329 4821 3546 4890 faciamus
3581 4815 3613 4866 ei

2113 4885 2422 4955 adjutricem
2445 4893 2578 4946 sicut
2606 4894 2796 4965 ipsum.
2828 4898 2884 4954 Si
2917 4918 3048 4974 ergo
3096 4923 3203 4963 non
3227 4921 3311 4966 est
3335 4913 3509 4967 bonum
3539 4909 3607 4962 ho-

2117 4979 2320 5035 minem
2351 4997 2472 5038 esse
2502 4987 2700 5055 solum,
2738 4995 3034 5063 quomodo,
3083 5015 3208 5056 cum
3236 5005 3311 5061 sit
3348 5007 3490 5067 Deus,
3519 5000 3607 5056 fecit

2115 5072 2337 5143 aliquod
2375 5093 2512 5148 opus
2541 5095 2655 5135 non
2685 5082 2934 5141 bonum'?
2977 5089 3261 5156 Quomodo
3297 5108 3458 5152 autent
3489 5093 3604 5165 paulo

2113 5175 2237 5220 ante
2263 5181 2482 5239 quoque
2511 5171 2721 5229 dictum
2745 5186 2829 5232 est
2854 5195 2867 5232 :
2895 5179 2964 5234 Et
2985 5183 3114 5237 vidit
3139 5186 3278 5244 Deus
3307 5189 3462 5245 omnia
3501 5199 3600 5258 que-

2112 5273 2313 5329 cunque
2338 5262 2476 5331 fecit,
2503 5273 2552 5320 et
2572 5281 2688 5320 ecce
2711 5269 2863 5323 ualde
2884 5273 3051 5330 bona?
3065 5278 3346 5344 Quomodo
3370 5297 3477 5352 ergo
3493 5277 3598 5334 solus

2119 5347 2283 5405 homo
2304 5368 2414 5408 non
2439 5354 2658 5414 bonus?
2699 5359 2982 5428 Quomodo
3024 5379 3206 5427 autem
3235 5389 3372 5429 nunc
3402 5373 3506 5426 dicit
3535 5383 3594 5422 so-

2116 5443 2234 5500 lum
2266 5461 2386 5503 esse
2414 5449 2728 5508 hominem?
2761 5456 2992 5524 Quando
3014 5463 3162 5519 enim
3207 5467 3307 5523 fuit
3348 5466 3590 5558 fabricatus.

2116 5535 2420 5558 -.-.l:--!...__-
2452 5538 2567 5558 na,o
2613 5554 2626 5558 -
2845 5547 2878 5558 ι.
3183 5553 3212 5558 _
3355 5555 3364 5558 _
3413 5555 3422 5558 -

2115 5535 2423 5592 audivimus
2452 5538 2788 5611 Scriptorem
2826 5547 3096 5606 dicentem
3130 5570 3144 5606 :
3171 5553 3310 5609 Deus
3341 5555 3437 5624 fecit
3468 5546 3588 5604 homi-

2115 5645 2252 5692 nem,
2306 5630 2375 5684 ad
2407 5631 2502 5685 Dei
2548 5635 2829 5707 imaginem
2875 5641 2994 5710 fecit
3052 5645 3243 5714 ipsum,
3285 5644 3520 5703 masculum
3551 5645 3585 5690 (ι

519 5777 562 5813 ³⁸
601 5782 711 5840 Gen
787 5803 843 5852 ιι,
881 5789 958 5845 l8.
1038 5794 1081 5825 ³¹
1123 5793 1255 5851 Gen.
1297 5813 1473 5863 xxxw,
1503 5804 1723 5878 passim.
1804 5809 1847 5842 ³³
1888 5811 1931 5867 ll
1990 5813 2039 5869 Rt

2155 5831 2228 5879 χι,
2287 5834 2378 5882 xu,
2418 5836 2530 5876 xm.
2609 5818 2979 5896 "Eccli._x1x,
3017 5830 3079 5890 2,
3151 5832 3192 5864 ³⁵
3227 5834 3392 5896 Eccle.
3424 5819 3578 5892 ηινεθσ
