4080 6528
381 379 492 445 993

1435 375 1518 438 IN
1559 374 2100 438 HEXAEMERON.
2132 402 2199 413 -
2233 380 2377 440 LIB.
2397 381 2481 440 IX

374 512 628 585 feminam
681 508 798 578 fecit
828 525 933 575 eos,
980 518 1029 562 et
1056 508 1316 562 benedixit
1348 508 1612 572 ambobus,
1644 516 1699 562 et
1730 507 1935 561 consti-
1965 518 2010 574 Α
2107 510 2394 578 Quomodo
2442 520 2623 567 autem
2670 514 2721 567 ei
2772 513 2831 567 ﬁt
2883 512 3157 583 adjutrix,
3205 512 3353 566 audi.
3406 514 3600 569 Statim

375 603 482 659 tuit
510 616 607 657 eos
646 601 919 671 principes
943 600 1187 655 omnium
1215 614 1336 670 qua:
1375 609 1502 655 sunt
1528 614 1693 670 super
1719 614 1935 653 omnem

381 704 612 750 terram.

442 790 510 844 Et
541 801 733 843 rursus
750 793 941 858 postea
963 783 1115 839 dedit
1135 784 1217 840 eis
1238 792 1567 855 prmecptum
1588 783 1642 838 in
1663 783 1934 854 paradiso,

372 892 429 937 ut
462 888 795 937 vescerentur
839 894 902 932 ea:
930 879 1073 932 omni
1103 877 1241 948 ligno
1275 895 1293 932 :
1324 877 1472 948 ligno
1500 886 1703 941 autem,
1738 875 1935 945 inquit,

372 970 737 1044 cognoscendi
779 969 984 1024 bonum
1030 976 1087 1024 et
1128 970 1331 1024 malum
1386 984 1456 1023 ne
1502 969 1818 1032 vescamini,
1868 981 1939 1021 ne

372 1063 706 1121 moriamini.
752 1062 881 1117 Post
908 1061 1026 1115 haec
1060 1060 1244 1116 omnia
1285 1061 1419 1116 dicit
1444 1076 1555 1115 non
1589 1076 1708 1116 esse
1732 1060 1936 1115 bonum

373 1157 649 1211 hominem
669 1170 788 1209 esse
825 1154 1000 1208 solum
1030 1170 1044 1207 :
1076 1152 1353 1207 Faciamus
1389 1154 1434 1207 ei
1464 1153 1778 1223 adjutricem
1805 1152 1939 1205 sicut

370 1248 563 1315 ipsum.
603 1244 749 1297 Dicis
783 1243 916 1296 mihi
959 1242 1141 1298 animo
1171 1243 1275 1297 hoc
1301 1258 1421 1298 esse
1465 1243 1847 1313 repetitionem
1881 1249 1939 1296 et

374 1341 429 1394 in
476 1353 743 1392 summam
792 1337 1169 1391 collectionem
1216 1351 1408 1391 eorum
1443 1351 1563 1405 qua:
1604 1335 1758 1404 prius
1791 1334 1937 1388 dicta

374 1438 537 1493 sunt;
580 1439 636 1483 et
670 1429 859 1483 Adami
892 1436 949 1483 et
975 1428 1100 1483 Eva:
1122 1428 1215 1498 qui
1246 1429 1356 1499 jam
1392 1426 1521 1481 facti
1551 1435 1708 1481 erant
1737 1426 1805 1480 ad
1838 1425 1936 1481 Dei

379 1524 699 1591 imaginem,
742 1521 995 1577 subtilior
1042 1523 1305 1575 narratio.
1368 1520 1653 1576 Terribilis
1712 1520 1933 1590 quidem

380 1629 563 1668 sermo
596 1630 609 1666 :
659 1613 758 1665 Pro
799 1612 1001 1667 Christo
1036 1612 1185 1667 enim
1210 1621 1265 1665 et
1289 1611 1531 1667 Ecclesia
1566 1611 1754 1682 fungar
1800 1611 1941 1682 lega-

382 1709 519 1761 tione
566 1705 617 1739 ³⁸
658 1715 715 1760 et
757 1705 925 1775 justo.
964 1702 1267 1775 Oportebat
1312 1704 1455 1759 enim
1509 1704 1770 1759 adnotare
1815 1718 1938 1758 cum

386 1812 575 1868 magna
613 1804 670 1851 et
706 1795 975 1866 profunda
1026 1795 1355 1862 attentione,
1401 1796 1548 1865 quod
1595 1811 1707 1851 non
1737 1795 1803 1850 de
1835 1811 1941 1849 una

381 1889 560 1956 aliqua
602 1902 833 1957 persona
876 1885 1009 1940 dicit
1040 1886 1186 1940 Deus
1218 1902 1231 1938 :
1261 1884 1377 1939 Non
1406 1885 1596 1939 bonum
1631 1901 1739 1940 esse
1767 1886 1938 1938 homi-

382 1996 499 2034 nem
539 1994 647 2033 esse
693 1978 902 2044 solum;
944 1977 1039 2033 sed
1081 1976 1321 2032 uniendo
1350 1983 1406 2031 et
1430 1976 1941 2047 comprehendendo

378 2071 447 2125 de
478 2071 734 2125 universa
778 2078 973 2123 natura
997 2070 1305 2123 hominum.
1340 2066 1460 2122 Non
1497 2068 1642 2123 enim
1674 2067 1809 2121 dixit
1838 2068 1939 2138 hy-

379 2161 709 2234 postaticum
763 2168 858 2214 aut
901 2160 1191 2230 personale
1244 2160 1517 2231 singulare
1564 2177 1787 2223 nomen,
1841 2161 1937 2215 sed

379 2264 552 2311 totum
589 2270 758 2325 genus
794 2253 1094 2307 humanum
1127 2252 1416 2324 signiﬁcat,
1452 2253 1640 2308 dicens
1673 2270 1685 2306 :
1720 2253 1835 2306 Non
1865 2260 1941 2305 est

379 2346 569 2400 bonum
604 2345 883 2407 hominem,
909 2358 1019 2397 esse
1056 2342 1248 2407 solum,
1283 2344 1538 2413 faciamus
1564 2344 1609 2396 ei
1643 2343 1941 2413 adjutorem

378 2440 512 2493 sicut
538 2437 750 2509 ipsum:
774 2437 880 2490 hoc
904 2445 1008 2500 est,
1036 2444 1211 2491 totum
1247 2434 1478 2499 homini,
1520 2443 1693 2489 totum
1726 2434 1935 2505 generi,

382 2539 561 2587 totum
586 2539 797 2584 natura;
822 2529 1092 2583 humanae.
1118 2527 1284 2597 quue
1307 2536 1392 2581 est
1416 2527 1542 2581 hinc
1568 2527 1936 2598 perspicuum.

379 2622 608 2689 Quando
643 2622 789 2676 enim
823 2620 1043 2675 volebat
1081 2618 1261 2673 facere
1312 2617 1601 2681 diluvium,
1649 2617 1939 2671 audiamus

382 2715 719 2785 Scripturam
766 2712 1038 2768 dicentem
1086 2730 1098 2765 :
1150 2712 1237 2766 Et
1270 2706 1506 2782 panituit
1556 2709 1723 2763 Deum
1765 2710 1942 2779 fecisse

377 2806 680 2872 hominem,
726 2807 832 2861 hoc
867 2816 970 2869 est,
1007 2813 1179 2859 totum
1227 2819 1417 2874 genus.
1461 2804 1528 2857 Et
1569 2818 1799 2857 rursus:
1838 2801 1941 2855 De-

380 2894 494 2951 lebo
532 2897 791 2951 hominem
824 2912 977 2965 quem
1017 2896 1133 2965 feci.
1181 2894 1248 2949 Et
1286 2909 1519 2948 rursus:
1563 2892 1827 2947 Inclinata
1865 2901 1942 2947 est

382 2986 606 3039 hominis
647 2985 892 3055 cogitatio
939 2984 1007 3037 ad
1039 2983 1207 3037 mala.
1237 2982 1522 3048 Quomodo
1563 2998 1695 3053 ergo
1738 2982 1941 3037 easdem

380 3092 547 3132 voces
591 3085 719 3131 sunt
745 3076 814 3131 de
855 3084 968 3131 toto
1000 3091 1198 3147 genere
1227 3075 1487 3138 humano,
1528 3075 1603 3128 ita
1652 3074 1817 3129 etiam
1850 3074 1943 3128 illa

382 3186 505 3239 quae
522 3168 655 3223 dicit
673 3188 686 3222 :
704 3168 820 3223 Non
847 3168 1038 3222 bonum
1067 3176 1140 3221 est
1170 3169 1428 3221 hominem
1451 3184 1557 3221 esse
1575 3166 1774 3233 solum,
1796 3166 1941 3222 dicta

379 3270 468 3317 est
499 3262 553 3316 in
573 3261 891 3317 universum
916 3261 1191 3315 hominem
1212 3258 1516 3315 :Faciamus
1553 3261 1599 3313 ei
1634 3261 1946 3329 adjutricem

378 3358 513 3411 sicut
542 3355 734 3425 ipsum.
772 3356 983 3409 Rursus
1025 3354 1290 3408 adhortor
1336 3353 1585 3408 Judaeum
1615 3344 1945 3407 etGrzecum

384 3462 483 3502 seu
528 3448 787 3517 gentilem
830 3454 892 3501 ut
935 3455 1144 3516 quaerat
1189 3455 1246 3501 et
1292 3446 1570 3516 possideat
1604 3446 1753 3499 illam
1786 3445 1945 3516 adju-

382 3540 578 3594 tricem
624 3555 789 3609 quam
836 3539 983 3594 Deus
1031 3538 1162 3595 fecit
1200 3539 1267 3593 ad
1312 3538 1589 3593 ferendam
1642 3554 1800 3608 opem
1844 3538 1945 3593 toti

383 3633 575 3703 generi
599 3632 883 3686 hominum
905 3649 917 3684 :
938 3631 1261 3701 adjutricem
1285 3646 1395 3684 non
1418 3632 1599 3687 carnis
1619 3640 1675 3686 et
1692 3631 1945 3700 volupta-

385 3724 477 3790 tis,
513 3739 624 3778 non
671 3724 896 3779 seminis
926 3731 982 3777 et
1015 3724 1325 3794 sanguinis;
1365 3723 1685 3793 adjutricem
1727 3732 1783 3778 et
1810 3738 1943 3778 con-

378 3816 589 3887 iugem,
631 3823 689 3872 et
747 3831 868 3885 qua:
916 3830 1261 3885 nequaquam
1314 3815 1418 3869 fuit
1463 3815 1792 3881 insidiatrix,
1851 3815 1946 3870 sed

384 3906 664 3973 salutaris,
715 3906 813 3962 sed
860 3906 1256 3971 conservatrix,
1318 3906 1414 3961 sed
1464 3907 1801 3971 illuminans,
1850 3906 1946 3961 sed

384 3998 671 4065 benevola,
696 4007 916 4069 peccata
944 4014 1201 4070 purgans,
1227 4014 1335 4053 non
1375 3998 1603 4063 faciens,
1632 3999 1687 4053 in
1722 4015 1948 4069 regnum

385 4087 486 4144 Dei
519 4090 893 4152 introducens,
942 4104 1050 4142 non
1076 4104 1143 4143 ex
1186 4103 1252 4143 eo
1291 4088 1588 4157 expellens,
1624 4089 1947 4159 adjutricem

385 4195 513 4250 quae
555 4179 699 4249 parit
744 4178 889 4235 ﬁlios
927 4180 1053 4233 vitae
1103 4186 1159 4233 et
1220 4177 1467 4233 haeredes
1513 4179 1641 4234 vitae
1686 4188 1945 4246 aeternae;

384 4270 710 4342 adiutricem
741 4286 863 4340 qua
896 4285 1119 4340 magnos
1157 4268 1321 4324 efﬁcit
1369 4252 1665 4337 apostolos,
1711 4279 1768 4324 et
1813 4269 1946 4324 facit

383 4362 710 4435 publicanos
750 4362 1110 4433 evangelistas
1142 4362 1441 4433 theologos,
1491 4362 1781 4432 redditque
1830 4377 1947 4417 me-

385 4457 618 4512 retrices
657 4455 964 4526 virginibus
1007 4455 1383 4522 honestiores;
1436 4455 1761 4526 adjutr-icem
1828 4470 1950 4526 qua:

2035 608 2183 661 enim
2225 606 2527 674 subjunxit,
2559 606 2747 661 dicens
2776 626 2786 658 :
2821 605 2889 659 Et
2949 605 3106 673 ﬁnxit
3139 607 3306 659 adhuc
3340 622 3402 657 ea:
3453 616 3597 661 terra

2036 698 2288 751 Dominus
2321 697 2457 750 Deus
2490 713 2667 751 omnes
2702 699 2889 752 bestias
2916 699 3053 768 agri,
3082 705 3131 749 et
3157 713 3334 750 omnes
3365 698 3599 752 volucres

2036 788 2185 853 caeli;
2207 797 2253 841 et
2288 805 2375 842 eas
2405 788 2623 843 adduxit
2648 791 2716 843 ad
2738 790 3019 853 Adamum,
3045 798 3103 843 ut
3131 791 3324 844 uideret
3350 790 3601 858 quidnam

2034 887 2242 935 vocaret
2273 897 2355 935 ea.
2398 881 2468 935 Et
2516 897 2667 935 omne
2695 882 2830 952 quod
2876 884 3073 935 vocavit
3117 883 3227 952 ipse
3257 882 3428 936 Adam
3478 884 3600 936 ani-

2037 990 2181 1029 mam
2231 976 2504 1039 viventem,
2558 976 2650 1028 hoc
2697 982 2771 1027 est
2816 991 3000 1027 nomen
3048 991 3252 1038 earum,
3309 983 3358 1027 et
3401 976 3601 1029 uocauit

2036 1065 2207 1120 Adam
2237 1067 2449 1119 nomina
2479 1066 2999 1135 omnibusjumentis,
3037 1074 3085 1119 et
3114 1068 3348 1119 omnibus
3376 1067 3603 1122 volucri-

2039 1157 2129 1209 bus
2164 1156 2296 1219 creti,
2320 1165 2369 1209 et
2397 1158 2631 1211 omnibus
2670 1156 2841 1210 bestiis
2876 1160 3011 1227 agri.
3039 1159 3157 1213 Non
3179 1161 3393 1229 exigua,
3426 1175 3603 1231 neque

2038 1247 2173 1301 levis
2214 1258 2299 1302 est
2341 1246 2395 1301 in
2447 1248 2515 1301 iis
2560 1263 2681 1317 quae
2730 1256 2859 1302 sunt
2916 1250 3198 1318 proposita
3239 1252 3602 1308 contradictio

2039 1336 2183 1406 apud
2247 1338 2596 1406 interpretes.
2648 1338 2782 1392 Nam
2827 1338 2917 1391 alii
2975 1340 3195 1407 quidem
3245 1341 3433 1395 eadem
3485 1357 3605 1397 esse

2040 1427 2231 1482 dicunt
2276 1429 2391 1483 haec
2434 1439 2490 1485 et
2538 1430 2711 1499 prima
2757 1430 3074 1496 animantia,
3102 1440 3158 1485 et
3190 1431 3393 1487 bestias
3424 1441 3481 1486 et
3511 1449 3604 1486 vo-

2039 1521 2240 1577 lucres.
2275 1523 2380 1577 Alii
2409 1534 2619 1587 autem,
2660 1525 3051 1580 convenienter
3098 1527 3149 1580 ei
3198 1528 3291 1595 qui
3333 1527 3468 1581 dicit
3500 1545 3513 1579 :
3551 1525 3606 1582 St

2041 1632 2143 1684 qua
2181 1616 2236 1668 in
2276 1615 2481 1669 Christo
2527 1634 2659 1671 nova
2700 1626 2944 1671 creatura
2986 1618 3052 1683 ³⁷,
3101 1618 3292 1672 dicunt
3341 1634 3438 1687 per
3488 1619 3606 1673 haec

2041 1708 2262 1778 praedici
2290 1708 2527 1763 secunda
2554 1719 2610 1762 et
2633 1709 2758 1771 alia,
2788 1723 2980 1777 nempe
3002 1707 3249 1762 diversas
3274 1718 3461 1777 gentes
3483 1724 3604 1777 quae

2043 1802 2098 1852 in
2126 1798 2369 1853 Ecclesia
2413 1807 2748 1867 congregatae
2778 1804 2907 1851 sunt
2940 1796 3008 1851 ad
3046 1798 3238 1851 Deum.
3272 1797 3331 1851 In
3369 1797 3471 1852 hac
3504 1811 3605 1852 au-

2048 1900 2158 1945 tem
2189 1890 2461 1944 sententia
2490 1900 2574 1943 est
2610 1888 2775 1943 etiam
2810 1888 2902 1942 ille
2931 1889 2985 1941 in
3019 1888 3293 1959 theologia
3316 1886 3608 1943 celeberri‘

2046 1996 2167 2034 mus
2194 1980 2521 2034 Eustachius
2546 1980 2899 2034 concionator
2929 1988 2986 2032 et
3013 1988 3240 2050 martyr,
3276 1988 3332 2034 et
3360 1994 3608 2035 summus

2046 2071 2234 2126 doctor
2266 2070 2456 2140 synodi
2486 2069 2733 2132 Nicaenae,
2769 2070 2856 2123 cui
2887 2085 3054 2147 pareo
3085 2078 3139 2123 et
3180 2085 3342 2139 quem
3376 2086 3609 2139 sequor,

2046 2170 2106 2217 ut
2136 2179 2166 2217 a
2197 2163 2310 2216 Deo
2341 2161 2577 2215 aﬁlatum
2611 2173 2936 2216 curatorem.
2986 2162 3168 2216 Multis
3197 2163 3343 2216 enim
3391 2163 3569 2217 modis
3590 2203 3608 2227 ,

2045 2257 2124 2311 ait
2157 2256 2248 2310 ille
2287 2255 2469 2317 Pater,
2508 2254 2747 2309 discerni
2797 2264 2975 2324 potest
3006 2255 3204 2308 horum
3249 2256 3611 2310 animantium

2045 2356 2102 2404 et
2135 2349 2419 2403 volucrum
2454 2348 2764 2402 diﬁ‘erentia
2801 2356 2856 2402 et
2904 2347 3314 2402 dissimilitudo.
3360 2348 3610 2403 Primum

2044 2456 2142 2511 per
2174 2440 2297 2505 hoc,
2326 2440 2471 2509 quod
2505 2440 2641 2493 dixit
2679 2458 2691 2492 :
2723 2440 2791 2493 Et
2811 2439 2964 2506 ﬁnxit
2993 2439 3245 2493 Dominus
3272 2440 3410 2493 Deus
3440 2440 3610 2494 adhuc

2045 2549 2108 2587 ea:
2132 2540 2293 2587 terra.
2317 2533 2435 2588 Non
2452 2534 2599 2588 enim
2623 2534 2928 2587 invenimus
2951 2533 3044 2587 Dei
3066 2534 3269 2602 plasma
3292 2533 3356 2587 ad
3383 2533 3610 2602 ﬁgmen-

2046 2631 2163 2677 tum
2195 2622 2299 2676 nisi
2331 2623 2629 2677 hominem.
2665 2622 2875 2676 Rursus
2899 2638 2995 2690 per
3028 2622 3131 2675 hoc
3161 2622 3307 2691 quod
3329 2621 3492 2692 904
3525 2622 3613 2676 di-

2046 2715 2160 2771 cit:
2189 2715 2387 2779 Adhuc,
2423 2713 2661 2769 ostendit
2697 2713 3001 2782 Scriptura,
3053 2715 3298 2783 quaedam
3355 2715 3444 2769 hic
3506 2715 3613 2772 alia

2046 2806 2262 2877 praedici
2312 2807 2606 2860 animantia
2645 2814 2700 2860 et
2726 2806 2975 2860 volucres
3023 2817 3220 2875 praeter
3248 2807 3452 2875 priora.
3493 2808 3613 2863 Non

2046 2898 2190 2954 enim
2237 2900 2497 2967 scriptum
2551 2908 2634 2951 est
2683 2897 2884 2965 primas
2925 2898 3175 2950 volucres
3226 2898 3434 2965 genitas
3487 2914 3610 2954 esse

2048 3007 2113 3047 ex
2160 3001 2327 3055 terra,
2381 2991 2477 3045 sed
2524 3008 2590 3045 ex
2641 2991 2816 3059 aquis.
2874 2990 2964 3042 Ha:
2995 3000 3177 3043 autem
3224 2990 3420 3059 genita:
3482 3000 3615 3048 sunt

2047 3097 2113 3137 ex
2160 3090 2325 3145 terra,
2352 3080 2461 3134 imo
2485 3095 2612 3134 vero
2636 3095 2797 3132 manu
2824 3080 3041 3147 pmpria
3078 3078 3215 3133 ﬁctae
3239 3088 3367 3131 sunt
3402 3096 3429 3133 a
3466 3080 3577 3134 Deo
3596 3121 3614 3147 ,

2048 3180 2105 3227 et
2139 3186 2250 3227 non
2291 3172 2468 3242 jussu.
2504 3170 2767 3225 Similiter
2797 3177 2853 3223 et
2888 3185 2984 3239 per
3018 3171 3121 3224 hoc
3142 3171 3285 3240 quod
3320 3170 3458 3224 dicit
3500 3186 3618 3225 om-

2050 3278 2150 3318 nes
2173 3264 2445 3327 volucres,
2493 3270 2549 3316 et
2576 3276 2765 3316 omnes
2809 3262 3015 3315 bestias
3062 3278 3209 3317 nunc
3252 3278 3280 3317 a
3330 3262 3444 3316 Deo
3493 3278 3618 3319 esse

2051 3355 2226 3421 ﬁctas,
2270 3370 2381 3409 non
2437 3355 2529 3407 dat
2560 3354 2739 3407 locum
2770 3352 2985 3406 dicendi
3016 3354 3164 3422 quod
3207 3355 3361 3424 prius
3390 3354 3615 3424 quidem

2051 3445 2207 3500 facta:
2232 3454 2378 3509 sunt,
2415 3460 2561 3499 nunc
2588 3454 2770 3498 autem
2809 3460 2954 3513 pars.
2985 3445 3138 3501 Unde
3171 3461 3271 3500 nec
3318 3448 3372 3501 in
3412 3446 3500 3502 his
3536 3447 3619 3503 eis

2052 3537 2348 3608 quidquam
2379 3537 2625 3606 praecipit
2643 3537 2786 3591 Deus
2808 3536 2874 3590 de
2901 3551 2998 3590 esu
3022 3538 3311 3591 seminum.
3333 3538 3468 3593 Nam
3494 3554 3618 3608 qua

2053 3629 2438 3703 ingrediuntur
2498 3629 2810 3698 paradisum
2856 3629 3081 3683 herbam
3142 3645 3250 3684 non
3295 3631 3616 3696 comedunt,

2052 3720 2149 3777 sed
2190 3735 2351 3775 omne
2395 3718 2600 3789 lignum
2630 3718 2921 3788 pulchrum
2950 3718 3018 3772 ad
3064 3717 3382 3783 videndum,
3426 3728 3484 3774 et
3516 3718 3620 3775 bo-

2054 3827 2184 3866 num
2221 3810 2291 3864 ad
2330 3810 2726 3865 comedendum
2761 3828 2773 3863 :
2817 3818 2874 3863 et
2910 3810 3144 3863 maxime
3173 3826 3240 3892 ex
3279 3811 3426 3881 ligno
3470 3813 3617 3878 vitm,

2052 3919 2250 3974 nempe
2272 3904 2508 3967 Christo,
2524 3903 2615 3972 qui
2645 3904 2762 3958 haec
2786 3917 3003 3971 quoque
3033 3901 3274 3957 viviﬁcat
3296 3904 3617 3960 animantia.

2053 3998 2233 4063 Quare
2282 3995 2390 4049 dici
2459 4004 2638 4062 potest
2687 3994 2834 4062 quod
2884 3994 2967 4047 hae
3020 3994 3209 4048 bestiae
3249 4004 3377 4049 sunt
3427 4006 3621 4065 gentes

2052 4086 2459 4151 ecclesiasticae,
2516 4101 2636 4154 quae
2689 4086 2744 4139 in
2803 4085 3049 4139 Ecclesia
3101 4101 3130 4139 a
3171 4085 3281 4140 Deo
3328 4097 3457 4141 sunt
3490 4103 3621 4141 con-

2053 4186 2318 4249 gregatae;
2345 4179 2432 4232 vel
2459 4176 2603 4246 quod
2630 4191 2895 4245 equorum
2928 4183 2983 4231 et
3004 4190 3164 4231 suum
3197 4181 3253 4229 et
3283 4177 3617 4231 camelorum

2053 4281 2109 4325 et
2155 4270 2338 4323 ovium
2397 4269 2671 4325 stabulum
2726 4268 2891 4322 hodie
2939 4276 3024 4322 est
3073 4266 3381 4337 paradisus.
3428 4268 3617 4338 Neque

2054 4362 2403 4417 contenderis
2431 4379 2443 4413 :
2469 4377 2594 4415 nam
2618 4370 2680 4415 ut
2700 4359 2931 4415 maxime
2949 4357 3268 4422 contendas,
3296 4373 3405 4412 non
3428 4369 3616 4413 osten-

2055 4454 2202 4509 deris
2245 4452 2392 4523 quod
2434 4467 2499 4507 ea
2541 4451 2793 4506 animalia
2841 4464 3057 4520 egressa
3100 4457 3228 4503 sunt
3266 4464 3296 4502 e
3329 4449 3613 4518 paradiso,

386 4548 630 4603 viviﬁcat
675 4556 940 4612 mortuos,
970 4556 1027 4601 et
1070 4548 1259 4602 orbem
1287 4558 1447 4602 terrae
1475 4548 1676 4603 excitat
1700 4563 1770 4603 ex
1801 4563 1948 4601 mor-
1978 4567 2022 4620 ι)
2053 4560 2121 4599 ex
2160 4560 2270 4614 quo
2312 4544 2400 4599 die
2426 4559 2490 4598 ea
2532 4541 2836 4603 introduxit
2860 4548 2915 4595 et
2937 4540 3287 4609 congregavit
3328 4540 3611 4593 Dominus.

388 4638 686 4695 tiﬁcatione
719 4639 1072 4706 idololatriae;
1121 4639 1443 4709 adiutricem
1476 4639 1759 4704 invictam,
1789 4639 1948 4710 adju-

390 4729 586 4784 tricem
628 4730 1132 4801 inexpugnabilem,
1183 4729 1505 4799 adjutricem
1556 4730 1817 4786 certando
1862 4731 1947 4784 in-

392 4820 761 4890 superabilem
802 4827 858 4875 et
912 4820 1217 4874 infractam.
1269 4820 1462 4875 Omnia
1526 4837 1710 4892 regna,
1759 4837 1951 4876 omnes

394 4912 708 4982 progenies,
741 4926 932 4966 omnes
955 4911 1152 4975 tribus,
1181 4920 1236 4965 et
1265 4927 1454 4966 omnes
1481 4912 1678 4982 lingua:
1705 4912 1947 4982 gentium

394 5004 466 5060 ab
510 5020 575 5061 ea
602 5012 732 5059 sunt
778 5014 1026 5059 servatae.
1054 5004 1173 5074 Ipsa
1191 5006 1433 5074 jacentes
1467 5004 1658 5065 erexit,
1703 5004 1819 5072 ipsa
1849 5020 1945 5057 cu-

394 5098 537 5152 ravit
583 5097 848 5164 inﬁrmos,
890 5098 1006 5167 ipsa
1046 5097 1317 5151 recreavit
1354 5104 1681 5149 creaturam.
1712 5096 1780 5149 Et
1822 5094 1947 5148 ideo

390 5188 462 5242 de
504 5189 621 5258 ipsa
653 5188 789 5243 dixit
828 5189 1091 5245 Dominus
1114 5190 1277 5252 Deus,
1309 5187 1376 5241 de
1400 5186 1661 5249 Ecclesia,
1693 5187 1943 5255 inquam:

392 5277 511 5333 Non
545 5290 619 5333 est
645 5280 836 5333 bonum
878 5280 1138 5335 hominem
1177 5296 1285 5337 esse
1322 5279 1512 5334 solum.
1561 5280 1629 5334 Et
1656 5287 1947 5349 propterea

392 5371 446 5426 ei
492 5371 679 5426 unitus
726 5378 809 5425 est
861 5371 1006 5426 Deus
1050 5372 1312 5435 Verbum,
1360 5380 1559 5425 utnon
1608 5371 1681 5424 sit
1712 5370 1946 5440 amplius

396 5460 559 5514 homo
591 5462 758 5528 solus,
790 5461 883 5517 sed
908 5478 1032 5517 cum
1074 5463 1186 5517 Deo
1210 5472 1375 5527 totus,
1406 5478 1514 5516 non
1545 5464 1719 5517 solum
1754 5462 1809 5515 in
1839 5477 1947 5516 una

394 5551 618 5620 quidem
649 5553 945 5624 hypostasi,
984 5552 1078 5606 sed
1121 5552 1284 5607 etiam
1317 5552 1533 5621 quando
1563 5552 1613 5611 ei
1646 5567 1743 5623 per
1767 5553 1946 5611 virtu-

400 5652 511 5698 tem
534 5645 742 5700 unitur.
791 5646 1076 5702 Faciamus
1103 5646 1172 5701 ei'
1195 5645 1515 5717 adiutricem
1542 5688 1545 5689 γ
1571 5646 1714 5701 sicut
1746 5646 1946 5716 ipsum.

2048 4637 2117 4691 Et
2144 4637 2189 4691 si
2222 4637 2453 4690 haberes
2477 4634 2684 4697 oculos,
2714 4641 2899 4687 etnon
2925 4630 3239 4700 impositum
3263 4638 3406 4684 esset
3434 4630 3615 4684 velum

2048 4728 2365 4800 ignorantia:
2406 4742 2571 4796 super
2617 4724 2832 4787 faciem,
2882 4722 3121 4786 videres,
3156 4721 3204 4775 si
3251 4720 3441 4783 velles,
3485 4736 3618 4774 con-

2048 4832 2295 4892 gregatas
2323 4818 2422 4873 has
2446 4817 2649 4872 bestias
2675 4816 2787 4886 agri
2814 4814 3147 4868 unanimiter
3170 4812 3235 4867 ad
3274 4812 3618 4882 spiritualem

2049 4912 2318 4966 Adamum
2374 4924 2403 4962 a
2432 4908 2542 4963 Deo
2597 4922 2716 4961 esse
2754 4905 3114 4969 introductas,
3147 4920 3265 4973 qum
3320 4903 3450 4957 olim
3494 4904 3616 4973 qui-

2049 5002 2172 5057 dem
2200 5001 2302 5055 fuit
2323 5001 2511 5063 leaena,
2545 4997 2871 5061 Chaldaaam,
2903 5013 3024 5067 qua:
3050 4997 3179 5051 olim
3213 5011 3345 5050 vero
3372 4994 3570 5064 pardus
3594 5034 3611 5060 ,

2048 5092 2434 5149 Macedoniam.
2463 5091 2571 5145 llas
2598 5090 2743 5144 enim
2768 5090 2865 5143 tibi
2888 5088 3089 5143 bestias
3114 5088 3404 5158 appellavit
3446 5090 3611 5143 etiam

2049 5185 2240 5241 Daniel
2278 5178 2347 5237 ’3.
2396 5182 2509 5237 Nec
2542 5182 2642 5236 has
2667 5183 2866 5246 solum,
2920 5181 3014 5235 sed
3067 5182 3234 5235 etiam
3291 5180 3612 5245 elephantes

2051 5277 2355 5346 IEthiopes,
2386 5284 2443 5331 et
2477 5275 2741 5330 dracones
2771 5274 3088 5341 Thebaidis,
3115 5282 3169 5328 et
3196 5272 3412 5342 aspides
3443 5272 3605 5343 Egy-

2050 5369 2151 5440 pti,
2200 5378 2256 5422 et
2297 5369 2482 5423 leones
2510 5366 2819 5437 Babylonis,
2846 5375 2902 5421 et
2930 5366 3088 5435 lupos
3112 5364 3344 5430 Arabia,
3381 5373 3441 5419 et
3464 5373 3611 5419 stru-

2053 5460 2404 5514 thiocamelos
2427 5467 2482 5513 et
2503 5473 2734 5528 onagros
2770 5458 3058 5529 Cyrenzeos
3091 5474 3105 5510 :
3141 5456 3223 5511 hae
3253 5470 3442 5511 omnes
3483 5462 3615 5511 sunt

2055 5566 2198 5605 unus
2219 5564 2347 5619 grex
2375 5548 2672 5604 bestiarum
2693 5563 2814 5617 qua:
2842 5546 3068 5601 aluntur
3113 5545 3169 5598 in
3217 5545 3331 5614 ipsa
3366 5542 3610 5598 Ecclesia

2052 5642 2339 5715 adjutrice.
2360 5641 2435 5696 De
2464 5649 2663 5697 caetero
2695 5640 2901 5711 aspice,
2933 5638 3141 5706 Judwe,
3170 5646 3226 5694 et
3245 5635 3462 5703 vide,et
3485 5633 3612 5694 noli

466 5800 575 5857 ⁸⁸11
598 5800 727 5857 Cor.
761 5803 940 5868 v,20;
971 5802 1170 5873 Ephes.
1213 5819 1283 5867 vi,
1316 5802 1405 5857 20.
1482 5802 1522 5835 ³⁷
1562 5802 1605 5855 ll
1646 5801 1771 5856 Cor.
1798 5817 1852 5868 v,
1902 5801 1986 5855 l7.
2063 5800 2105 5832 ³⁸
2146 5798 2279 5853 Dan.
2319 5812 2413 5865 vn,
2446 5798 2669 5866 passim.

3495 376 3692 441 994‘
