  <div class='ocr_page' id='page_1' title='image "/cluster/home/n/w/nwhite01/storage/ocr_20150623/89/hvd.32044010610574/505.png"; bbox 0 0 4080 6520; ppageno 0'>
   <div class='ocr_carea' id='block_1_1' title="bbox 478 345 604 428">
    <p class='ocr_par' dir='ltr' id='par_1_1' title="bbox 478 345 604 428">
     <span class='ocr_line' id='line_1_1' title="bbox 478 345 604 428; baseline -0.008 0"><span class='ocrx_word' id='word_1_1' title='bbox 478 345 604 428; x_wconf 69' lang='grc'><strong>⁷995</strong></span> 
     </span>
    </p>
   </div>
   <div class='ocr_carea' id='block_1_2' title="bbox 1687 347 2540 419">
    <p class='ocr_par' dir='ltr' id='par_1_2' title="bbox 1687 347 2540 419">
     <span class='ocr_line' id='line_1_2' title="bbox 1687 347 2540 419; baseline -0.009 0"><span class='ocrx_word' id='word_1_2' title='bbox 1687 356 1747 419; x_wconf 90' lang='lat' dir='ltr'><strong><em>S.</em></strong></span> <span class='ocrx_word' id='word_1_3' title='bbox 1790 352 2182 417; x_wconf 83' lang='lat' dir='ltr'><strong>ANASTASII</strong></span> <span class='ocrx_word' id='word_1_4' title='bbox 2221 347 2540 413; x_wconf 72' lang='lat' dir='ltr'><strong><em>SINAlT/B</em></strong></span> 
     </span>
    </p>
   </div>
   <div class='ocr_carea' id='block_1_3' title="bbox 3609 358 3708 424">
    <p class='ocr_par' dir='ltr' id='par_1_3' title="bbox 3609 358 3708 424">
     <span class='ocr_line' id='line_1_3' title="bbox 3609 358 3708 424; baseline 0.01 -1"><span class='ocrx_word' id='word_1_5' title='bbox 3609 358 3708 424; x_wconf 74' lang='lat'><strong>996</strong></span> 
     </span>
    </p>
   </div>
   <div class='ocr_carea' id='block_1_4' title="bbox 495 457 3709 547">
    <p class='ocr_par' dir='ltr' id='par_1_4' title="bbox 495 457 3709 547">
     <span class='ocr_line' id='line_1_4' title="bbox 495 457 3709 547; baseline -0.002 -17"><span class='ocrx_word' id='word_1_6' title='bbox 495 484 764 547; x_wconf 84' lang='lat' dir='ltr'><strong><em>perpetuo</em></strong></span> <span class='ocrx_word' id='word_1_7' title='bbox 806 476 1081 530; x_wconf 82' lang='lat' dir='ltr'><strong><em>caculire.</em></strong></span> <span class='ocrx_word' id='word_1_8' title='bbox 1132 473 1389 543; x_wconf 77' lang='lat' dir='ltr'><strong><em>[agressa</em></strong></span> <span class='ocrx_word' id='word_1_9' title='bbox 1412 469 1587 523; x_wconf 84' lang='lat' dir='ltr'><strong><em>bestia:</em></strong></span> <span class='ocrx_word' id='word_1_10' title='bbox 1617 469 1711 523; x_wconf 90' lang='lat' dir='ltr'><strong><em>sub</em></strong></span> <span class='ocrx_word' id='word_1_11' title='bbox 1746 476 1939 519; x_wconf 88' lang='lat' dir='ltr'><strong><em>tectum</em></strong></span> <span class='ocrx_word' id='word_1_12' title='bbox 1983 464 2049 528; x_wconf 70' lang='grc' dir='ltr'><strong><em>δ’,</em></strong></span> <span class='ocrx_word' id='word_1_13' title='bbox 2080 473 2124 521; x_wconf 80' lang='grc' dir='ltr'>Α</span> <span class='ocrx_word' id='word_1_14' title='bbox 2152 458 2276 513; x_wconf 90' lang='lat' dir='ltr'><strong><em>dem</em></strong></span> <span class='ocrx_word' id='word_1_15' title='bbox 2301 459 2564 529; x_wconf 91' lang='lat' dir='ltr'><strong><em>scriptum</em></strong></span> <span class='ocrx_word' id='word_1_16' title='bbox 2593 466 2677 513; x_wconf 90' lang='lat' dir='ltr'><strong><em>est</em></strong></span> <span class='ocrx_word' id='word_1_17' title='bbox 2702 475 2715 510; x_wconf 86' lang='lat'>:</span> <span class='ocrx_word' id='word_1_18' title='bbox 2749 457 3025 514; x_wconf 75' lang='lat' dir='ltr'><strong><em>Faciamus</em></strong></span> <span class='ocrx_word' id='word_1_19' title='bbox 3051 462 3309 517; x_wconf 77' lang='lat' dir='ltr'><strong><em>hominem</em></strong></span> <span class='ocrx_word' id='word_1_20' title='bbox 3334 465 3403 518; x_wconf 88' lang='lat' dir='ltr'><strong><em>ad</em></strong></span> <span class='ocrx_word' id='word_1_21' title='bbox 3430 466 3709 539; x_wconf 76' lang='lat' dir='ltr'><strong><em>imaginem</em></strong></span> 
     </span>
    </p>
   </div>
   <div class='ocr_carea' id='block_1_5' title="bbox 495 566 2045 635">
    <p class='ocr_par' dir='ltr' id='par_1_5' title="bbox 495 566 2045 635">
     <span class='ocr_line' id='line_1_5' title="bbox 495 566 2045 635; baseline -0.008 -12"><span class='ocrx_word' id='word_1_22' title='bbox 495 577 559 623; x_wconf 87' lang='lat' dir='ltr'><strong><em>ut</em></strong></span> <span class='ocrx_word' id='word_1_23' title='bbox 584 568 719 623; x_wconf 89' lang='lat' dir='ltr'><strong><em>dicit</em></strong></span> <span class='ocrx_word' id='word_1_24' title='bbox 752 567 855 622; x_wconf 78' lang='lat' dir='ltr'><strong><em>Job</em></strong></span> <span class='ocrx_word' id='word_1_25' title='bbox 890 584 902 619; x_wconf 88' lang='lat'><strong>:</strong></span> <span class='ocrx_word' id='word_1_26' title='bbox 947 566 1202 635; x_wconf 76' lang='lat' dir='ltr'><strong><em>Ingressa</em></strong></span> <span class='ocrx_word' id='word_1_27' title='bbox 1234 572 1379 629; x_wconf 87' lang='lat' dir='ltr'><strong><em>sunt,</em></strong></span> <span class='ocrx_word' id='word_1_28' title='bbox 1423 573 1470 617; x_wconf 87' lang='lat' dir='ltr'><strong><em>et</em></strong></span> <span class='ocrx_word' id='word_1_29' title='bbox 1508 578 1607 615; x_wconf 90' lang='lat' dir='ltr'><strong><em>non</em></strong></span> <span class='ocrx_word' id='word_1_30' title='bbox 1655 569 1778 614; x_wconf 88' lang='lat' dir='ltr'><strong><em>sunt</em></strong></span> <span class='ocrx_word' id='word_1_31' title='bbox 1812 573 2045 629; x_wconf 83' lang='lat' dir='ltr'><strong><em>egressw.</em></strong></span> 
     </span>
    </p>
   </div>
   <div class='ocr_carea' id='block_1_6' title="bbox 492 650 2045 729">
    <p class='ocr_par' dir='ltr' id='par_1_6' title="bbox 492 650 2045 729">
     <span class='ocr_line' id='line_1_6' title="bbox 492 650 2045 729; baseline -0.008 -16"><span class='ocrx_word' id='word_1_32' title='bbox 492 657 749 729; x_wconf 74' lang='lat' dir='ltr'><strong><em>Agrestes</em></strong></span> <span class='ocrx_word' id='word_1_33' title='bbox 794 656 941 711; x_wconf 90' lang='lat' dir='ltr'><strong><em>enim</em></strong></span> <span class='ocrx_word' id='word_1_34' title='bbox 970 655 1098 709; x_wconf 81' lang='lat' dir='ltr'><strong><em>fera</em></strong></span> <span class='ocrx_word' id='word_1_35' title='bbox 1132 669 1322 724; x_wconf 91' lang='lat' dir='ltr'><strong><em>pacem</em></strong></span> <span class='ocrx_word' id='word_1_36' title='bbox 1363 660 1619 723; x_wconf 80' lang='lat' dir='ltr'><strong><em>egerunt,</em></strong></span> <span class='ocrx_word' id='word_1_37' title='bbox 1649 651 1760 705; x_wconf 89' lang='lat' dir='ltr'><strong><em>Deo</em></strong></span> <span class='ocrx_word' id='word_1_38' title='bbox 1793 650 2045 704; x_wconf 84' lang='lat' dir='ltr'><strong><em>dicente;</em></strong></span> 
     </span>
    </p>
   </div>
   <div class='ocr_carea' id='block_1_7' title="bbox 491 740 2049 814">
    <p class='ocr_par' dir='ltr' id='par_1_7' title="bbox 491 740 2049 814">
     <span class='ocr_line' id='line_1_7' title="bbox 491 740 2049 814; baseline -0.008 -11"><span class='ocrx_word' id='word_1_39' title='bbox 491 748 805 803; x_wconf 88' lang='lat' dir='ltr'><strong><em>Benedicent</em></strong></span> <span class='ocrx_word' id='word_1_40' title='bbox 857 764 938 800; x_wconf 89' lang='lat' dir='ltr'><strong><em>me</em></strong></span> <span class='ocrx_word' id='word_1_41' title='bbox 970 762 1146 800; x_wconf 85' lang='lat' dir='ltr'><strong><em>omnes</em></strong></span> <span class='ocrx_word' id='word_1_42' title='bbox 1186 745 1360 798; x_wconf 71' lang='lat' dir='ltr'><strong><em>bestia:</em></strong></span> <span class='ocrx_word' id='word_1_43' title='bbox 1404 745 1539 814; x_wconf 89' lang='lat' dir='ltr'><strong><em>agri,</em></strong></span> <span class='ocrx_word' id='word_1_44' title='bbox 1585 744 1780 796; x_wconf 89' lang='lat' dir='ltr'><strong><em>sirenes</em></strong></span> <span class='ocrx_word' id='word_1_45' title='bbox 1832 750 1879 793; x_wconf 90' lang='lat' dir='ltr'><strong><em>et</em></strong></span> <span class='ocrx_word' id='word_1_46' title='bbox 1922 740 2049 806; x_wconf 65' lang='lat' dir='ltr'><strong><em>ﬁlia;</em></strong></span> 
     </span>
    </p>
   </div>
   <div class='ocr_carea' id='block_1_8' title="bbox 489 836 2049 906">
    <p class='ocr_par' dir='ltr' id='par_1_8' title="bbox 489 836 2049 906">
     <span class='ocr_line' id='line_1_8' title="bbox 489 836 2049 906; baseline -0.004 -13"><span class='ocrx_word' id='word_1_47' title='bbox 489 840 1037 895; x_wconf 81' lang='lat' dir='ltr'><strong><em>struthiocamelorum</em></strong></span> <span class='ocrx_word' id='word_1_48' title='bbox 1096 837 1175 891; x_wconf 71' lang='grc' dir='ltr'><strong><em>⁸ος</em></strong></span> <span class='ocrx_word' id='word_1_49' title='bbox 1224 836 1485 906; x_wconf 88' lang='lat' dir='ltr'><strong><em>quoniam</em></strong></span> <span class='ocrx_word' id='word_1_50' title='bbox 1529 842 1838 892; x_wconf 62' lang='lat' dir='ltr'><strong><em>measunt</em></strong></span> <span class='ocrx_word' id='word_1_51' title='bbox 1860 848 2049 887; x_wconf 88' lang='lat' dir='ltr'><strong><em>omnes</em></strong></span> 
     </span>
    </p>
   </div>
   <div class='ocr_carea' id='block_1_9' title="bbox 489 926 2048 1002">
    <p class='ocr_par' dir='ltr' id='par_1_9' title="bbox 489 926 2048 1002">
     <span class='ocr_line' id='line_1_9' title="bbox 489 926 2048 1002; baseline -0.006 -15"><span class='ocrx_word' id='word_1_52' title='bbox 489 933 676 987; x_wconf 88' lang='lat' dir='ltr'><strong><em>bestia</em></strong></span> <span class='ocrx_word' id='word_1_53' title='bbox 708 932 840 1002; x_wconf 86' lang='lat' dir='ltr'><strong><em>agri,</em></strong></span> <span class='ocrx_word' id='word_1_54' title='bbox 870 940 925 985; x_wconf 93' lang='lat' dir='ltr'><strong><em>et</em></strong></span> <span class='ocrx_word' id='word_1_55' title='bbox 949 946 1140 985; x_wconf 91' lang='lat' dir='ltr'><strong><em>omnes</em></strong></span> <span class='ocrx_word' id='word_1_56' title='bbox 1170 931 1421 985; x_wconf 81' lang='lat' dir='ltr'><strong><em>volucres</em></strong></span> <span class='ocrx_word' id='word_1_57' title='bbox 1449 927 1572 983; x_wconf 73' lang='lat' dir='ltr'><strong><em>coeli</em></strong></span> <span class='ocrx_word' id='word_1_58' title='bbox 1594 926 1840 997; x_wconf 78' lang='lat' dir='ltr'><strong><em>“.Aperi</em></strong></span> <span class='ocrx_word' id='word_1_59' title='bbox 1886 941 2048 979; x_wconf 85' lang='lat' dir='ltr'><strong><em>aures</em></strong></span> 
     </span>
    </p>
   </div>
   <div class='ocr_carea' id='block_1_10' title="bbox 491 1021 2047 1091">
    <p class='ocr_par' dir='ltr' id='par_1_10' title="bbox 491 1021 2047 1091">
     <span class='ocr_line' id='line_1_10' title="bbox 491 1021 2047 1091; baseline -0.004 -13"><span class='ocrx_word' id='word_1_60' title='bbox 491 1034 629 1087; x_wconf 89' lang='lat' dir='ltr'><strong><em>tuas,</em></strong></span> <span class='ocrx_word' id='word_1_61' title='bbox 671 1032 728 1079; x_wconf 91' lang='lat' dir='ltr'><strong><em>et</em></strong></span> <span class='ocrx_word' id='word_1_62' title='bbox 777 1039 846 1078; x_wconf 91' lang='lat' dir='ltr'><strong><em>ne</em></strong></span> <span class='ocrx_word' id='word_1_63' title='bbox 876 1024 952 1078; x_wconf 90' lang='lat' dir='ltr'><strong><em>sis</em></strong></span> <span class='ocrx_word' id='word_1_64' title='bbox 986 1024 1187 1078; x_wconf 88' lang='lat' dir='ltr'><strong><em>surdus</em></strong></span> <span class='ocrx_word' id='word_1_65' title='bbox 1230 1022 1371 1077; x_wconf 88' lang='lat' dir='ltr'><strong><em>sicut</em></strong></span> <span class='ocrx_word' id='word_1_66' title='bbox 1402 1021 1566 1091; x_wconf 84' lang='lat' dir='ltr'><strong><em>aspis,</em></strong></span> <span class='ocrx_word' id='word_1_67' title='bbox 1591 1038 1709 1091; x_wconf 82' lang='lat' dir='ltr'><strong><em>qua</em></strong></span> <span class='ocrx_word' id='word_1_68' title='bbox 1742 1036 1850 1075; x_wconf 92' lang='lat' dir='ltr'><strong><em>non</em></strong></span> <span class='ocrx_word' id='word_1_69' title='bbox 1880 1035 2047 1073; x_wconf 83' lang='lat' dir='ltr'><strong><em>exau-</em></strong></span> 
     </span>
    </p>
   </div>
   <div class='ocr_carea' id='block_1_11' title="bbox 486 1113 2045 1183">
    <p class='ocr_par' dir='ltr' id='par_1_11' title="bbox 486 1113 2045 1183">
     <span class='ocr_line' id='line_1_11' title="bbox 486 1113 2045 1183; baseline -0.001 -14"><span class='ocrx_word' id='word_1_70' title='bbox 486 1114 601 1169; x_wconf 90' lang='lat' dir='ltr'><strong><em>diet</em></strong></span> <span class='ocrx_word' id='word_1_71' title='bbox 631 1130 820 1169; x_wconf 90' lang='lat' dir='ltr'><strong><em>vocem</em></strong></span> <span class='ocrx_word' id='word_1_72' title='bbox 864 1115 1194 1169; x_wconf 88' lang='lat' dir='ltr'><strong><em>incantantis</em></strong></span> <span class='ocrx_word' id='word_1_73' title='bbox 1220 1115 1287 1168; x_wconf 70' lang='lat'><strong><em>&quot;.</em></strong></span> <span class='ocrx_word' id='word_1_74' title='bbox 1320 1114 1524 1178; x_wconf 90' lang='lat' dir='ltr'><strong><em>Bestia,</em></strong></span> <span class='ocrx_word' id='word_1_75' title='bbox 1558 1114 1662 1168; x_wconf 87' lang='lat' dir='ltr'><strong><em>hoc</em></strong></span> <span class='ocrx_word' id='word_1_76' title='bbox 1696 1113 1792 1169; x_wconf 89' lang='lat' dir='ltr'><strong><em>tibi</em></strong></span> <span class='ocrx_word' id='word_1_77' title='bbox 1831 1113 2045 1183; x_wconf 91' lang='lat' dir='ltr'><strong><em>loquor.</em></strong></span> 
     </span>
    </p>
   </div>
   <div class='ocr_carea' id='block_1_12' title="bbox 484 1204 2048 1276">
    <p class='ocr_par' dir='ltr' id='par_1_12' title="bbox 484 1204 2048 1276">
     <span class='ocr_line' id='line_1_12' title="bbox 484 1204 2048 1276; baseline -0.003 -15"><span class='ocrx_word' id='word_1_78' title='bbox 484 1205 687 1269; x_wconf 79' lang='lat' dir='ltr'><strong><em>Bestia,</em></strong></span> <span class='ocrx_word' id='word_1_79' title='bbox 720 1206 820 1259; x_wconf 89' lang='lat' dir='ltr'><strong><em>tibi</em></strong></span> <span class='ocrx_word' id='word_1_80' title='bbox 850 1221 1006 1261; x_wconf 87' lang='lat' dir='ltr'><strong><em>cano.</em></strong></span> <span class='ocrx_word' id='word_1_81' title='bbox 1035 1206 1237 1269; x_wconf 92' lang='lat' dir='ltr'><strong><em>Bestia,</em></strong></span> <span class='ocrx_word' id='word_1_82' title='bbox 1268 1206 1391 1259; x_wconf 88' lang='lat' dir='ltr'><strong><em>volo</em></strong></span> <span class='ocrx_word' id='word_1_83' title='bbox 1423 1214 1474 1259; x_wconf 85' lang='lat' dir='ltr'><strong><em>te</em></strong></span> <span class='ocrx_word' id='word_1_84' title='bbox 1507 1204 1588 1276; x_wconf 91' lang='lat' dir='ltr'><strong><em>(ut</em></strong></span> <span class='ocrx_word' id='word_1_85' title='bbox 1618 1204 1693 1259; x_wconf 88' lang='lat' dir='ltr'><strong><em>sis</em></strong></span> <span class='ocrx_word' id='word_1_86' title='bbox 1725 1205 1863 1272; x_wconf 87' lang='lat' dir='ltr'><strong><em>ovis)</em></strong></span> <span class='ocrx_word' id='word_1_87' title='bbox 1894 1220 2048 1258; x_wconf 90' lang='lat' dir='ltr'><strong><em>man-</em></strong></span> 
     </span>
    </p>
   </div>
   <div class='ocr_carea' id='block_1_13' title="bbox 485 1297 2129 1367">
    <p class='ocr_par' dir='ltr' id='par_1_13' title="bbox 485 1297 2129 1367">
     <span class='ocr_line' id='line_1_13' title="bbox 485 1297 2129 1367; baseline 0.001 -13"><span class='ocrx_word' id='word_1_88' title='bbox 485 1300 785 1363; x_wconf 85' lang='lat' dir='ltr'><strong><em>suefacere,</em></strong></span> <span class='ocrx_word' id='word_1_89' title='bbox 822 1308 877 1354; x_wconf 90' lang='lat' dir='ltr'><strong><em>et</em></strong></span> <span class='ocrx_word' id='word_1_90' title='bbox 905 1300 1017 1353; x_wconf 93' lang='lat' dir='ltr'><strong><em>Deo</em></strong></span> <span class='ocrx_word' id='word_1_91' title='bbox 1055 1314 1394 1353; x_wconf 90' lang='lat' dir='ltr'><strong><em>consecrare.</em></strong></span> <span class='ocrx_word' id='word_1_92' title='bbox 1431 1300 1626 1352; x_wconf 85' lang='lat' dir='ltr'><strong>Annon</strong></span> <span class='ocrx_word' id='word_1_93' title='bbox 1660 1308 1710 1351; x_wconf 87' lang='lat' dir='ltr'><strong><em>te</em></strong></span> <span class='ocrx_word' id='word_1_94' title='bbox 1737 1298 1922 1367; x_wconf 84' lang='lat' dir='ltr'><strong><em>pudet,</em></strong></span> <span class='ocrx_word' id='word_1_95' title='bbox 1961 1297 2049 1352; x_wconf 89' lang='lat' dir='ltr'><strong><em>dic</em></strong></span> <span class='ocrx_word' id='word_1_96' title='bbox 2094 1331 2129 1355; x_wconf 91' lang='lat'><strong><em>-.</em></strong></span> 
     </span>
    </p>
   </div>
   <div class='ocr_carea' id='block_1_14' title="bbox 2154 551 3710 628">
    <p class='ocr_par' dir='ltr' id='par_1_14' title="bbox 2154 551 3710 628">
     <span class='ocr_line' id='line_1_14' title="bbox 2154 551 3710 628; baseline 0.012 -26"><span class='ocrx_word' id='word_1_97' title='bbox 2154 560 2421 615; x_wconf 86' lang='lat' dir='ltr'><strong><em>nostram;</em></strong></span> <span class='ocrx_word' id='word_1_98' title='bbox 2463 551 2570 603; x_wconf 92' lang='lat' dir='ltr'><strong><em>hoc</em></strong></span> <span class='ocrx_word' id='word_1_99' title='bbox 2599 558 2704 614; x_wconf 92' lang='lat' dir='ltr'><strong><em>est,</em></strong></span> <span class='ocrx_word' id='word_1_100' title='bbox 2733 566 2801 604; x_wconf 84' lang='lat' dir='ltr'><strong><em>ex</em></strong></span> <span class='ocrx_word' id='word_1_101' title='bbox 2829 554 3108 608; x_wconf 87' lang='lat' dir='ltr'><strong><em>communi</em></strong></span> <span class='ocrx_word' id='word_1_102' title='bbox 3137 570 3406 612; x_wconf 90' lang='lat' dir='ltr'><strong><em>consensu</em></strong></span> <span class='ocrx_word' id='word_1_103' title='bbox 3428 559 3710 628; x_wconf 88' lang='lat' dir='ltr'><strong><em>plenitudo</em></strong></span> 
     </span>
    </p>
   </div>
   <div class='ocr_carea' id='block_1_15' title="bbox 2152 642 3708 711">
    <p class='ocr_par' dir='ltr' id='par_1_15' title="bbox 2152 642 3708 711">
     <span class='ocr_line' id='line_1_15' title="bbox 2152 642 3708 711; baseline 0.01 -17"><span class='ocrx_word' id='word_1_104' title='bbox 2152 642 2440 696; x_wconf 84' lang='lat' dir='ltr'><strong><em>Trinitatis</em></strong></span> <span class='ocrx_word' id='word_1_105' title='bbox 2460 642 2596 696; x_wconf 85' lang='lat' dir='ltr'><strong><em>dicit</em></strong></span> <span class='ocrx_word' id='word_1_106' title='bbox 2621 642 2755 696; x_wconf 91' lang='lat' dir='ltr'><strong><em>illud</em></strong></span> <span class='ocrx_word' id='word_1_107' title='bbox 2779 643 3109 700; x_wconf 85' lang='lat' dir='ltr'><strong><em>:Faciamus.</em></strong></span> <span class='ocrx_word' id='word_1_108' title='bbox 3143 646 3406 704; x_wconf 86' lang='lat' dir='ltr'><strong><em>Similiter</em></strong></span> <span class='ocrx_word' id='word_1_109' title='bbox 3436 651 3527 708; x_wconf 88' lang='lat' dir='ltr'><strong><em>hic</em></strong></span> <span class='ocrx_word' id='word_1_110' title='bbox 3548 653 3708 711; x_wconf 87' lang='lat' dir='ltr'><strong><em>dicit:</em></strong></span> 
     </span>
    </p>
   </div>
   <div class='ocr_carea' id='block_1_16' title="bbox 2150 735 3713 812">
    <p class='ocr_par' dir='ltr' id='par_1_16' title="bbox 2150 735 3713 812">
     <span class='ocr_line' id='line_1_16' title="bbox 2150 735 3713 812; baseline 0.009 -24"><span class='ocrx_word' id='word_1_111' title='bbox 2150 735 2268 789; x_wconf 83' lang='lat' dir='ltr'><strong><em>Non</em></strong></span> <span class='ocrx_word' id='word_1_112' title='bbox 2303 736 2493 789; x_wconf 91' lang='lat' dir='ltr'><strong><em>bonum</em></strong></span> <span class='ocrx_word' id='word_1_113' title='bbox 2538 745 2611 790; x_wconf 86' lang='lat' dir='ltr'><strong><em>est</em></strong></span> <span class='ocrx_word' id='word_1_114' title='bbox 2683 738 2945 791; x_wconf 83' lang='lat' dir='ltr'><strong><em>hominem</em></strong></span> <span class='ocrx_word' id='word_1_115' title='bbox 2980 755 3088 793; x_wconf 82' lang='lat' dir='ltr'><strong><em>esse</em></strong></span> <span class='ocrx_word' id='word_1_116' title='bbox 3130 740 3324 807; x_wconf 81' lang='lat' dir='ltr'><strong><em>solum,</em></strong></span> <span class='ocrx_word' id='word_1_117' title='bbox 3366 744 3625 812; x_wconf 73' lang='lat' dir='ltr'><strong><em>faciamus</em></strong></span> <span class='ocrx_word' id='word_1_118' title='bbox 3664 755 3713 802; x_wconf 78' lang='lat' dir='ltr'><strong><em>ei</em></strong></span> 
     </span>
    </p>
   </div>
   <div class='ocr_carea' id='block_1_17' title="bbox 2153 828 3712 906">
    <p class='ocr_par' dir='ltr' id='par_1_17' title="bbox 2153 828 3712 906">
     <span class='ocr_line' id='line_1_17' title="bbox 2153 828 3712 906; baseline 0.009 -24"><span class='ocrx_word' id='word_1_119' title='bbox 2153 828 2469 897; x_wconf 86' lang='lat' dir='ltr'><strong><em>adjutricem</em></strong></span> <span class='ocrx_word' id='word_1_120' title='bbox 2497 829 2629 882; x_wconf 89' lang='lat' dir='ltr'><strong><em>sicut</em></strong></span> <span class='ocrx_word' id='word_1_121' title='bbox 2650 830 2822 899; x_wconf 89' lang='lat' dir='ltr'><strong><em>ipsum</em></strong></span> <span class='ocrx_word' id='word_1_122' title='bbox 2841 846 2858 883; x_wconf 93' lang='lat'><strong><em>:</em></strong></span> <span class='ocrx_word' id='word_1_123' title='bbox 2876 829 2982 885; x_wconf 91' lang='lat' dir='ltr'><strong><em>hoc</em></strong></span> <span class='ocrx_word' id='word_1_124' title='bbox 3000 840 3104 897; x_wconf 89' lang='lat' dir='ltr'><strong><em>est,</em></strong></span> <span class='ocrx_word' id='word_1_125' title='bbox 3132 847 3162 886; x_wconf 92' lang='lat' dir='ltr'><strong><em>a</em></strong></span> <span class='ocrx_word' id='word_1_126' title='bbox 3186 833 3295 887; x_wconf 89' lang='lat' dir='ltr'><strong><em>Deo</em></strong></span> <span class='ocrx_word' id='word_1_127' title='bbox 3320 834 3542 892; x_wconf 83' lang='lat' dir='ltr'><strong><em>factum.</em></strong></span> <span class='ocrx_word' id='word_1_128' title='bbox 3568 840 3712 906; x_wconf 88' lang='lat' dir='ltr'><strong><em>Quo-</em></strong></span> 
     </span>
    </p>
   </div>
   <div class='ocr_carea' id='block_1_18' title="bbox 2152 921 3709 996">
    <p class='ocr_par' dir='ltr' id='par_1_18' title="bbox 2152 921 3709 996">
     <span class='ocr_line' id='line_1_18' title="bbox 2152 921 3709 996; baseline 0.007 -21"><span class='ocrx_word' id='word_1_129' title='bbox 2152 921 2298 975; x_wconf 85' lang='lat' dir='ltr'><strong><em>niam</em></strong></span> <span class='ocrx_word' id='word_1_130' title='bbox 2332 931 2515 975; x_wconf 91' lang='lat' dir='ltr'><strong><em>autem</em></strong></span> <span class='ocrx_word' id='word_1_131' title='bbox 2547 921 2617 977; x_wconf 92' lang='lat' dir='ltr'><strong><em>sit</em></strong></span> <span class='ocrx_word' id='word_1_132' title='bbox 2640 921 2754 975; x_wconf 86' lang='lat' dir='ltr'><strong><em>hac</em></strong></span> <span class='ocrx_word' id='word_1_133' title='bbox 2782 937 2813 976; x_wconf 88' lang='lat' dir='ltr'><strong><em>a</em></strong></span> <span class='ocrx_word' id='word_1_134' title='bbox 2847 923 2959 977; x_wconf 85' lang='lat' dir='ltr'><strong><em>Deo</em></strong></span> <span class='ocrx_word' id='word_1_135' title='bbox 2984 923 3109 978; x_wconf 85' lang='lat' dir='ltr'><strong><em>ﬁcta</em></strong></span> <span class='ocrx_word' id='word_1_136' title='bbox 3143 925 3401 996; x_wconf 79' lang='lat' dir='ltr'><strong><em>adjutrix,</em></strong></span> <span class='ocrx_word' id='word_1_137' title='bbox 3426 929 3554 984; x_wconf 89' lang='lat' dir='ltr'><strong><em>audi</em></strong></span> <span class='ocrx_word' id='word_1_138' title='bbox 3588 944 3604 984; x_wconf 88' lang='lat'><strong>:</strong></span> <span class='ocrx_word' id='word_1_139' title='bbox 3639 932 3709 986; x_wconf 85' lang='lat' dir='ltr'><strong><em>Et</em></strong></span> 
     </span>
    </p>
   </div>
   <div class='ocr_carea' id='block_1_19' title="bbox 2148 1007 3710 1076">
    <p class='ocr_par' dir='ltr' id='par_1_19' title="bbox 2148 1007 3710 1076">
     <span class='ocr_line' id='line_1_19' title="bbox 2148 1007 3710 1076; baseline 0.011 -17"><span class='ocrx_word' id='word_1_140' title='bbox 2148 1007 2306 1076; x_wconf 76' lang='lat' dir='ltr'><strong><em>ﬁnxit</em></strong></span> <span class='ocrx_word' id='word_1_141' title='bbox 2356 1008 2611 1063; x_wconf 81' lang='lat' dir='ltr'><strong><em>Dominus</em></strong></span> <span class='ocrx_word' id='word_1_142' title='bbox 2651 1008 2791 1062; x_wconf 90' lang='lat' dir='ltr'><strong><em>Deus</em></strong></span> <span class='ocrx_word' id='word_1_143' title='bbox 2833 1011 3000 1064; x_wconf 82' lang='lat' dir='ltr'><strong><em>adhuc</em></strong></span> <span class='ocrx_word' id='word_1_144' title='bbox 3032 1028 3095 1065; x_wconf 80' lang='lat' dir='ltr'><strong><em>ea:</em></strong></span> <span class='ocrx_word' id='word_1_145' title='bbox 3132 1021 3274 1068; x_wconf 88' lang='lat' dir='ltr'><strong><em>terra</em></strong></span> <span class='ocrx_word' id='word_1_146' title='bbox 3317 1032 3496 1072; x_wconf 84' lang='lat' dir='ltr'><strong><em>omnes</em></strong></span> <span class='ocrx_word' id='word_1_147' title='bbox 3523 1019 3710 1076; x_wconf 77' lang='lat' dir='ltr'><strong><em>bestias</em></strong></span> 
     </span>
    </p>
   </div>
   <div class='ocr_carea' id='block_1_20' title="bbox 2150 1100 3713 1178">
    <p class='ocr_par' dir='ltr' id='par_1_20' title="bbox 2150 1100 3713 1178">
     <span class='ocr_line' id='line_1_20' title="bbox 2150 1100 3713 1178; baseline 0.01 -26"><span class='ocrx_word' id='word_1_148' title='bbox 2150 1101 2288 1170; x_wconf 83' lang='lat' dir='ltr'><strong><em>agri,</em></strong></span> <span class='ocrx_word' id='word_1_149' title='bbox 2328 1109 2376 1154; x_wconf 91' lang='lat' dir='ltr'><strong><em>et</em></strong></span> <span class='ocrx_word' id='word_1_150' title='bbox 2402 1117 2579 1154; x_wconf 89' lang='lat' dir='ltr'><strong><em>omnes</em></strong></span> <span class='ocrx_word' id='word_1_151' title='bbox 2606 1100 2838 1155; x_wconf 79' lang='lat' dir='ltr'><strong><em>volucres</em></strong></span> <span class='ocrx_word' id='word_1_152' title='bbox 2870 1102 3003 1156; x_wconf 74' lang='lat' dir='ltr'><strong><em>caeli.</em></strong></span> <span class='ocrx_word' id='word_1_153' title='bbox 3039 1103 3164 1159; x_wconf 79' lang='lat' dir='ltr'><strong><em>Hac</em></strong></span> <span class='ocrx_word' id='word_1_154' title='bbox 3191 1114 3275 1161; x_wconf 88' lang='lat' dir='ltr'><strong><em>est</em></strong></span> <span class='ocrx_word' id='word_1_155' title='bbox 3306 1108 3566 1178; x_wconf 75' lang='lat' dir='ltr'><strong><em>adjutrix,</em></strong></span> <span class='ocrx_word' id='word_1_156' title='bbox 3599 1113 3713 1169; x_wconf 79' lang='lat' dir='ltr'><strong><em>hac</em></strong></span> 
     </span>
    </p>
   </div>
   <div class='ocr_carea' id='block_1_21' title="bbox 2148 1193 3713 1275">
    <p class='ocr_par' dir='ltr' id='par_1_21' title="bbox 2148 1193 3713 1275">
     <span class='ocr_line' id='line_1_21' title="bbox 2148 1193 3713 1275; baseline 0.008 -29"><span class='ocrx_word' id='word_1_157' title='bbox 2148 1201 2233 1247; x_wconf 89' lang='lat' dir='ltr'><strong><em>est</em></strong></span> <span class='ocrx_word' id='word_1_158' title='bbox 2268 1208 2416 1263; x_wconf 82' lang='lat' dir='ltr'><strong><em>grex,</em></strong></span> <span class='ocrx_word' id='word_1_159' title='bbox 2450 1193 2567 1248; x_wconf 85' lang='lat' dir='ltr'><strong><em>hac</em></strong></span> <span class='ocrx_word' id='word_1_160' title='bbox 2600 1202 2685 1248; x_wconf 90' lang='lat' dir='ltr'><strong><em>est</em></strong></span> <span class='ocrx_word' id='word_1_161' title='bbox 2720 1203 2906 1249; x_wconf 91' lang='lat' dir='ltr'><strong><em>nostra</em></strong></span> <span class='ocrx_word' id='word_1_162' title='bbox 2942 1195 3180 1253; x_wconf 83' lang='lat' dir='ltr'><strong><em>ferarum</em></strong></span> <span class='ocrx_word' id='word_1_163' title='bbox 3222 1201 3517 1258; x_wconf 88' lang='lat' dir='ltr'><strong><em>animantia</em></strong></span> <span class='ocrx_word' id='word_1_164' title='bbox 3560 1206 3713 1275; x_wconf 78' lang='lat' dir='ltr'><strong><em>adju-</em></strong></span> 
     </span>
    </p>
   </div>
   <div class='ocr_carea' id='block_1_22' title="bbox 2151 1282 3709 1351">
    <p class='ocr_par' dir='ltr' id='par_1_22' title="bbox 2151 1282 3709 1351">
     <span class='ocr_line' id='line_1_22' title="bbox 2151 1282 3709 1351; baseline 0.01 -16"><span class='ocrx_word' id='word_1_165' title='bbox 2151 1282 2256 1336; x_wconf 78' lang='lat' dir='ltr'><strong><em>trix</em></strong></span> <span class='ocrx_word' id='word_1_166' title='bbox 2286 1284 2555 1339; x_wconf 86' lang='lat' dir='ltr'><strong><em>Ecclesia.</em></strong></span> <span class='ocrx_word' id='word_1_167' title='bbox 2574 1284 2729 1351; x_wconf 90' lang='lat' dir='ltr'><strong><em>Nam,</em></strong></span> <span class='ocrx_word' id='word_1_168' title='bbox 2766 1286 2907 1340; x_wconf 90' lang='lat' dir='ltr'><strong><em>sicut</em></strong></span> <span class='ocrx_word' id='word_1_169' title='bbox 2935 1287 3073 1343; x_wconf 80' lang='lat' dir='ltr'><strong><em>dixit</em></strong></span> <span class='ocrx_word' id='word_1_170' title='bbox 3101 1290 3246 1344; x_wconf 91' lang='lat' dir='ltr'><strong><em>Deus</em></strong></span> <span class='ocrx_word' id='word_1_171' title='bbox 3271 1307 3285 1344; x_wconf 87' lang='lat'><strong>:</strong></span> <span class='ocrx_word' id='word_1_172' title='bbox 3306 1290 3584 1348; x_wconf 80' lang='lat' dir='ltr'><strong><em>Faciamus</em></strong></span> <span class='ocrx_word' id='word_1_173' title='bbox 3614 1298 3709 1351; x_wconf 81' lang='lat' dir='ltr'><strong><em>ho-</em></strong></span> 
     </span>
    </p>
   </div>
   <div class='ocr_carea' id='block_1_23' title="bbox 2149 1374 3709 1454">
    <p class='ocr_par' dir='ltr' id='par_1_23' title="bbox 2149 1374 3709 1454">
     <span class='ocr_line' id='line_1_23' title="bbox 2149 1374 3709 1454; baseline 0.01 -28"><span class='ocrx_word' id='word_1_174' title='bbox 2149 1374 2304 1426; x_wconf 86' lang='lat' dir='ltr'><strong><em>minis</em></strong></span> <span class='ocrx_word' id='word_1_175' title='bbox 2332 1374 2662 1443; x_wconf 80' lang='lat' dir='ltr'><strong><em>adjutricem,</em></strong></span> <span class='ocrx_word' id='word_1_176' title='bbox 2686 1377 2868 1430; x_wconf 87' lang='lat' dir='ltr'><strong><em>statim</em></strong></span> <span class='ocrx_word' id='word_1_177' title='bbox 2893 1376 3059 1431; x_wconf 86' lang='lat' dir='ltr'><strong><em>etiam</em></strong></span> <span class='ocrx_word' id='word_1_178' title='bbox 3087 1379 3358 1448; x_wconf 87' lang='lat' dir='ltr'><strong><em>ejusmodi</em></strong></span> <span class='ocrx_word' id='word_1_179' title='bbox 3386 1383 3709 1454; x_wconf 89' lang='lat' dir='ltr'><strong><em>adjutricem</em></strong></span> 
     </span>
    </p>
   </div>
   <div class='ocr_carea' id='block_1_24' title="bbox 2148 1462 3709 1546">
    <p class='ocr_par' dir='ltr' id='par_1_24' title="bbox 2148 1462 3709 1546">
     <span class='ocr_line' id='line_1_24' title="bbox 2148 1462 3709 1546; baseline 0.008 -27"><span class='ocrx_word' id='word_1_180' title='bbox 2148 1481 2177 1519; x_wconf 90' lang='lat' dir='ltr'><strong><em>a</em></strong></span> <span class='ocrx_word' id='word_1_181' title='bbox 2213 1466 2324 1520; x_wconf 88' lang='lat' dir='ltr'><strong><em>Deo</em></strong></span> <span class='ocrx_word' id='word_1_182' title='bbox 2362 1466 2539 1521; x_wconf 89' lang='lat' dir='ltr'><strong><em>ﬁctam</em></strong></span> <span class='ocrx_word' id='word_1_183' title='bbox 2563 1462 2871 1523; x_wconf 86' lang='lat' dir='ltr'><strong><em>constituit.</em></strong></span> <span class='ocrx_word' id='word_1_184' title='bbox 2898 1469 2965 1525; x_wconf 86' lang='lat' dir='ltr'><strong><em>Et</em></strong></span> <span class='ocrx_word' id='word_1_185' title='bbox 2986 1473 3204 1540; x_wconf 84' lang='lat' dir='ltr'><strong><em>quando</em></strong></span> <span class='ocrx_word' id='word_1_186' title='bbox 3227 1490 3257 1526; x_wconf 87' lang='lat' dir='ltr'><strong><em>e</em></strong></span> <span class='ocrx_word' id='word_1_187' title='bbox 3294 1483 3439 1529; x_wconf 90' lang='lat' dir='ltr'><strong><em>terra</em></strong></span> <span class='ocrx_word' id='word_1_188' title='bbox 3466 1478 3709 1546; x_wconf 87' lang='lat' dir='ltr'><strong><em>genitum</em></strong></span> 
     </span>
    </p>
   </div>
   <div class='ocr_carea' id='block_1_25' title="bbox 2149 1556 3708 1636">
    <p class='ocr_par' dir='ltr' id='par_1_25' title="bbox 2149 1556 3708 1636">
     <span class='ocr_line' id='line_1_25' title="bbox 2149 1556 3708 1636; baseline 0.009 -27"><span class='ocrx_word' id='word_1_189' title='bbox 2149 1556 2371 1626; x_wconf 91' lang='lat' dir='ltr'><strong><em>quidem</em></strong></span> <span class='ocrx_word' id='word_1_190' title='bbox 2394 1558 2526 1613; x_wconf 84' lang='lat' dir='ltr'><strong><em>facit</em></strong></span> <span class='ocrx_word' id='word_1_191' title='bbox 2556 1559 2856 1624; x_wconf 89' lang='lat' dir='ltr'><strong><em>hominem,</em></strong></span> <span class='ocrx_word' id='word_1_192' title='bbox 2892 1576 2922 1615; x_wconf 89' lang='lat' dir='ltr'><strong><em>e</em></strong></span> <span class='ocrx_word' id='word_1_193' title='bbox 2948 1570 3091 1615; x_wconf 90' lang='lat' dir='ltr'><strong><em>terra</em></strong></span> <span class='ocrx_word' id='word_1_194' title='bbox 3113 1563 3349 1631; x_wconf 83' lang='lat' dir='ltr'><strong><em>genitus,</em></strong></span> <span class='ocrx_word' id='word_1_195' title='bbox 3376 1573 3434 1619; x_wconf 89' lang='lat' dir='ltr'><strong><em>et</em></strong></span> <span class='ocrx_word' id='word_1_196' title='bbox 3464 1567 3708 1636; x_wconf 85' lang='lat' dir='ltr'><strong><em>ejusdem</em></strong></span> 
     </span>
    </p>
   </div>
   <div class='ocr_carea' id='block_1_26' title="bbox 470 1392 2092 1463">
    <p class='ocr_par' dir='ltr' id='par_1_26' title="bbox 470 1392 2092 1463">
     <span class='ocr_line' id='line_1_26' title="bbox 470 1392 2092 1463; baseline -0.001 -17"><span class='ocrx_word' id='word_1_197' title='bbox 470 1408 638 1463; x_wconf 65' lang='lat' dir='ltr'><strong><em>.rogo,</em></strong></span> <span class='ocrx_word' id='word_1_198' title='bbox 679 1392 825 1461; x_wconf 93' lang='lat' dir='ltr'><strong><em>quod</em></strong></span> <span class='ocrx_word' id='word_1_199' title='bbox 869 1392 1103 1458; x_wconf 87' lang='lat' dir='ltr'><strong><em>leonem,</em></strong></span> <span class='ocrx_word' id='word_1_200' title='bbox 1139 1402 1195 1445; x_wconf 89' lang='lat' dir='ltr'><strong><em>et</em></strong></span> <span class='ocrx_word' id='word_1_201' title='bbox 1216 1393 1463 1456; x_wconf 69' lang='lat' dir='ltr'><strong><em>leaenam,</em></strong></span> <span class='ocrx_word' id='word_1_202' title='bbox 1498 1400 1554 1445; x_wconf 90' lang='lat' dir='ltr'><strong><em>et</em></strong></span> <span class='ocrx_word' id='word_1_203' title='bbox 1585 1407 1795 1454; x_wconf 90' lang='lat' dir='ltr'><strong><em>ursum,</em></strong></span> <span class='ocrx_word' id='word_1_204' title='bbox 1841 1401 1896 1445; x_wconf 90' lang='lat' dir='ltr'><strong><em>et</em></strong></span> <span class='ocrx_word' id='word_1_205' title='bbox 1923 1406 2047 1460; x_wconf 88' lang='lat' dir='ltr'><strong><em>par-</em></strong></span> <span class='ocrx_word' id='word_1_206' title='bbox 2083 1395 2092 1421; x_wconf 66' lang='grc' dir='ltr'>δ</span> 
     </span>
    </p>
   </div>
   <div class='ocr_carea' id='block_1_27' title="bbox 468 1462 2072 1551">
    <p class='ocr_par' dir='ltr' id='par_1_27' title="bbox 468 1462 2072 1551">
     <span class='ocr_line' id='line_1_27' title="bbox 468 1462 2072 1551; baseline -0.002 -14"><span class='ocrx_word' id='word_1_207' title='bbox 468 1462 637 1547; x_wconf 55' lang='lat' dir='ltr'><strong><em>ilum,</em></strong></span> <span class='ocrx_word' id='word_1_208' title='bbox 688 1494 742 1538; x_wconf 91' lang='lat' dir='ltr'><strong><em>et</em></strong></span> <span class='ocrx_word' id='word_1_209' title='bbox 772 1484 1088 1548; x_wconf 83' lang='lat' dir='ltr'><strong><em>draconem,</em></strong></span> <span class='ocrx_word' id='word_1_210' title='bbox 1120 1492 1176 1537; x_wconf 90' lang='lat' dir='ltr'><strong><em>et</em></strong></span> <span class='ocrx_word' id='word_1_211' title='bbox 1217 1483 1484 1551; x_wconf 88' lang='lat' dir='ltr'><strong><em>aspidem,</em></strong></span> <span class='ocrx_word' id='word_1_212' title='bbox 1517 1490 1572 1536; x_wconf 90' lang='lat' dir='ltr'><strong><em>et</em></strong></span> <span class='ocrx_word' id='word_1_213' title='bbox 1621 1483 1808 1551; x_wconf 92' lang='lat' dir='ltr'><strong><em>lupum</em></strong></span> <span class='ocrx_word' id='word_1_214' title='bbox 1834 1490 1889 1535; x_wconf 90' lang='lat' dir='ltr'><strong><em>et</em></strong></span> <span class='ocrx_word' id='word_1_215' title='bbox 1919 1488 2072 1534; x_wconf 88' lang='lat' dir='ltr'><strong><em>ona-&#39;</em></strong></span> 
     </span>
    </p>
   </div>
   <div class='ocr_carea' id='block_1_28' title="bbox 482 1573 2082 1645">
    <p class='ocr_par' dir='ltr' id='par_1_28' title="bbox 482 1573 2082 1645">
     <span class='ocr_line' id='line_1_28' title="bbox 482 1573 2082 1645; baseline 0.001 -18"><span class='ocrx_word' id='word_1_216' title='bbox 482 1589 639 1643; x_wconf 88' lang='lat' dir='ltr'><strong><em>grum</em></strong></span> <span class='ocrx_word' id='word_1_217' title='bbox 675 1573 977 1628; x_wconf 81' lang='lat' dir='ltr'><strong><em>introduxit</em></strong></span> <span class='ocrx_word' id='word_1_218' title='bbox 1007 1575 1062 1628; x_wconf 93' lang='lat' dir='ltr'><strong><em>in</em></strong></span> <span class='ocrx_word' id='word_1_219' title='bbox 1099 1575 1414 1644; x_wconf 89' lang='lat' dir='ltr'><strong><em>paradisum</em></strong></span> <span class='ocrx_word' id='word_1_220' title='bbox 1444 1576 1723 1639; x_wconf 80' lang='lat' dir='ltr'><strong><em>Ecclesia,</em></strong></span> <span class='ocrx_word' id='word_1_221' title='bbox 1751 1584 1810 1629; x_wconf 92' lang='lat' dir='ltr'><strong><em>ut</em></strong></span> <span class='ocrx_word' id='word_1_222' title='bbox 1838 1574 2082 1645; x_wconf 55' lang='lat' dir='ltr'><strong><em>aleren-j</em></strong></span> 
     </span>
    </p>
   </div>
   <div class='ocr_carea' id='block_1_29' title="bbox 484 1649 2043 1733">
    <p class='ocr_par' dir='ltr' id='par_1_29' title="bbox 484 1662 2043 1733">
     <span class='ocr_line' id='line_1_29' title="bbox 484 1662 2043 1733; baseline -0.001 -16"><span class='ocrx_word' id='word_1_223' title='bbox 484 1672 591 1726; x_wconf 91' lang='lat' dir='ltr'><strong><em>tur,</em></strong></span> <span class='ocrx_word' id='word_1_224' title='bbox 614 1674 670 1717; x_wconf 91' lang='lat' dir='ltr'><strong><em>et</em></strong></span> <span class='ocrx_word' id='word_1_225' title='bbox 693 1662 1028 1727; x_wconf 83' lang='lat' dir='ltr'><strong><em>fruerentur,</em></strong></span> <span class='ocrx_word' id='word_1_226' title='bbox 1060 1674 1117 1719; x_wconf 90' lang='lat' dir='ltr'><strong><em>et</em></strong></span> <span class='ocrx_word' id='word_1_227' title='bbox 1162 1680 1221 1718; x_wconf 87' lang='lat' dir='ltr'><strong><em>se</em></strong></span> <span class='ocrx_word' id='word_1_228' title='bbox 1256 1665 1542 1733; x_wconf 80' lang='lat' dir='ltr'><strong><em>explerent</em></strong></span> <span class='ocrx_word' id='word_1_229' title='bbox 1566 1663 1781 1719; x_wconf 89' lang='lat' dir='ltr'><strong><em>deliciis</em></strong></span> <span class='ocrx_word' id='word_1_230' title='bbox 1805 1678 1871 1717; x_wconf 83' lang='lat' dir='ltr'><strong><em>ex</em></strong></span> <span class='ocrx_word' id='word_1_231' title='bbox 1899 1662 2043 1717; x_wconf 93' lang='lat' dir='ltr'><strong><em>omni</em></strong></span> 
     </span>
    </p>
   </div>
   <div class='ocr_carea' id='block_1_30' title="bbox 2141 1649 3709 1733">
    <p class='ocr_par' dir='ltr' id='par_1_30' title="bbox 2150 1649 3709 1727">
     <span class='ocr_line' id='line_1_30' title="bbox 2150 1649 3709 1727; baseline 0.006 -25"><span class='ocrx_word' id='word_1_232' title='bbox 2150 1649 2307 1703; x_wconf 89' lang='lat' dir='ltr'><strong><em>simul</em></strong></span> <span class='ocrx_word' id='word_1_233' title='bbox 2357 1650 2512 1721; x_wconf 89' lang='lat' dir='ltr'><strong><em>cujus</em></strong></span> <span class='ocrx_word' id='word_1_234' title='bbox 2559 1652 2674 1721; x_wconf 86' lang='lat' dir='ltr'><strong><em>ipse</em></strong></span> <span class='ocrx_word' id='word_1_235' title='bbox 2715 1661 2801 1706; x_wconf 89' lang='lat' dir='ltr'><strong><em>est</em></strong></span> <span class='ocrx_word' id='word_1_236' title='bbox 2829 1653 3081 1708; x_wconf 85' lang='lat' dir='ltr'><strong><em>essentia</em></strong></span> <span class='ocrx_word' id='word_1_237' title='bbox 3116 1655 3417 1709; x_wconf 88' lang='lat' dir='ltr'><strong><em>Ecclesiam</em></strong></span> <span class='ocrx_word' id='word_1_238' title='bbox 3447 1657 3579 1711; x_wconf 90' lang='lat' dir='ltr'><strong><em>dicit</em></strong></span> <span class='ocrx_word' id='word_1_239' title='bbox 3612 1674 3709 1727; x_wconf 77' lang='lat' dir='ltr'><strong><em>pa-~</em></strong></span> 
     </span>
    </p>
   </div>
   <div class='ocr_carea' id='block_1_31' title="bbox 481 1740 2043 1824">
    <p class='ocr_par' dir='ltr' id='par_1_31' title="bbox 481 1752 2043 1824">
     <span class='ocr_line' id='line_1_31' title="bbox 481 1752 2043 1824; baseline 0.001 -18"><span class='ocrx_word' id='word_1_240' title='bbox 481 1752 630 1823; x_wconf 87' lang='lat' dir='ltr'><strong><em>ligno</em></strong></span> <span class='ocrx_word' id='word_1_241' title='bbox 649 1753 901 1823; x_wconf 91' lang='lat' dir='ltr'><strong><em>pulchro,</em></strong></span> <span class='ocrx_word' id='word_1_242' title='bbox 926 1762 981 1808; x_wconf 91' lang='lat' dir='ltr'><strong><em>et</em></strong></span> <span class='ocrx_word' id='word_1_243' title='bbox 1006 1754 1346 1817; x_wconf 85' lang='lat' dir='ltr'><strong><em>latarentur,</em></strong></span> <span class='ocrx_word' id='word_1_244' title='bbox 1371 1763 1427 1808; x_wconf 90' lang='lat' dir='ltr'><strong><em>et</em></strong></span> <span class='ocrx_word' id='word_1_245' title='bbox 1455 1754 1786 1809; x_wconf 89' lang='lat' dir='ltr'><strong><em>satiarentur</em></strong></span> <span class='ocrx_word' id='word_1_246' title='bbox 1808 1770 1873 1809; x_wconf 80' lang='lat' dir='ltr'><strong><em>ex</em></strong></span> <span class='ocrx_word' id='word_1_247' title='bbox 1900 1755 2043 1824; x_wconf 84' lang='lat' dir='ltr'><strong><em>ligno</em></strong></span> 
     </span>
    </p>
   </div>
   <div class='ocr_carea' id='block_1_32' title="bbox 2141 1740 3707 1824">
    <p class='ocr_par' dir='ltr' id='par_1_32' title="bbox 2149 1740 3707 1813">
     <span class='ocr_line' id='line_1_32' title="bbox 2149 1740 3707 1813; baseline 0.007 -20"><span class='ocrx_word' id='word_1_248' title='bbox 2149 1740 2414 1805; x_wconf 87' lang='lat' dir='ltr'><strong><em>radisum,</em></strong></span> <span class='ocrx_word' id='word_1_249' title='bbox 2441 1751 2497 1795; x_wconf 87' lang='lat' dir='ltr'><strong><em>et</em></strong></span> <span class='ocrx_word' id='word_1_250' title='bbox 2520 1742 2791 1813; x_wconf 87' lang='lat' dir='ltr'><strong><em>lignorum</em></strong></span> <span class='ocrx_word' id='word_1_251' title='bbox 2815 1744 3226 1813; x_wconf 87' lang='lat' dir='ltr'><strong><em>plantationcm.</em></strong></span> <span class='ocrx_word' id='word_1_252' title='bbox 3266 1745 3494 1812; x_wconf 85' lang='lat' dir='ltr'><strong><em>Quando</em></strong></span> <span class='ocrx_word' id='word_1_253' title='bbox 3525 1756 3707 1804; x_wconf 88' lang='lat' dir='ltr'><strong><em>autem</em></strong></span> 
     </span>
    </p>
   </div>
   <div class='ocr_carea' id='block_1_33' title="bbox 480 1824 3707 1916">
    <p class='ocr_par' dir='ltr' id='par_1_33' title="bbox 480 1824 3707 1916">
     <span class='ocr_line' id='line_1_33' title="bbox 480 1824 3707 1916; baseline 0.006 -42"><span class='ocrx_word' id='word_1_254' title='bbox 480 1844 608 1899; x_wconf 53' lang='lat' dir='ltr'><strong><em>vita,</em></strong></span> <span class='ocrx_word' id='word_1_255' title='bbox 639 1862 651 1897; x_wconf 60' lang='grc' dir='ltr'><strong>ε</strong></span> <span class='ocrx_word' id='word_1_256' title='bbox 700 1854 757 1899; x_wconf 61' lang='grc' dir='ltr'>ει</span> <span class='ocrx_word' id='word_1_257' title='bbox 791 1846 992 1899; x_wconf 49' lang='lat' dir='ltr'><strong><em>stetisti</em></strong></span> <span class='ocrx_word' id='word_1_258' title='bbox 1040 1862 1164 1901; x_wconf 73' lang='lat' dir='ltr'><strong><em>cum</em></strong></span> <span class='ocrx_word' id='word_1_259' title='bbox 1200 1847 1352 1912; x_wconf 65' lang='lat' dir='ltr'><strong><em>feris,</em></strong></span> <span class='ocrx_word' id='word_1_260' title='bbox 1378 1862 1503 1901; x_wconf 75' lang='lat' dir='ltr'><strong><em>cum</em></strong></span> <span class='ocrx_word' id='word_1_261' title='bbox 1548 1847 1623 1902; x_wconf 67' lang='lat' dir='ltr'><strong><em>Sis</em></strong></span> <span class='ocrx_word' id='word_1_262' title='bbox 1651 1847 1745 1902; x_wconf 66' lang='lat' dir='ltr'><strong><em>Dei</em></strong></span> <span class='ocrx_word' id='word_1_263' title='bbox 1776 1848 1914 1911; x_wconf 59' lang='lat' dir='ltr'><strong><em>ovis,</em></strong></span> <span class='ocrx_word' id='word_1_264' title='bbox 1952 1847 2043 1916; x_wconf 71' lang='lat' dir='ltr'><strong><em>qui</em></strong></span> <span class='ocrx_word' id='word_1_265' title='bbox 2078 1824 2117 1877; x_wconf 84' lang='grc' dir='ltr'><strong>Β</strong></span> <span class='ocrx_word' id='word_1_266' title='bbox 2146 1840 2297 1886; x_wconf 88' lang='lat' dir='ltr'><strong><em>creat</em></strong></span> <span class='ocrx_word' id='word_1_267' title='bbox 2320 1848 2383 1886; x_wconf 87' lang='lat' dir='ltr'><strong><em>ac</em></strong></span> <span class='ocrx_word' id='word_1_268' title='bbox 2399 1832 2697 1889; x_wconf 83' lang='lat' dir='ltr'><strong><em>fabricatur</em></strong></span> <span class='ocrx_word' id='word_1_269' title='bbox 2719 1850 2838 1889; x_wconf 90' lang='lat' dir='ltr'><strong><em>eam</em></strong></span> <span class='ocrx_word' id='word_1_270' title='bbox 2862 1851 2981 1904; x_wconf 83' lang='lat' dir='ltr'><strong><em>qua</em></strong></span> <span class='ocrx_word' id='word_1_271' title='bbox 3005 1835 3210 1889; x_wconf 88' lang='lat' dir='ltr'><strong><em>dicitur</em></strong></span> <span class='ocrx_word' id='word_1_272' title='bbox 3226 1836 3355 1899; x_wconf 90' lang='lat' dir='ltr'><strong><em>vita,</em></strong></span> <span class='ocrx_word' id='word_1_273' title='bbox 3375 1838 3528 1907; x_wconf 89' lang='lat' dir='ltr'><strong><em>ﬁngit</em></strong></span> <span class='ocrx_word' id='word_1_274' title='bbox 3546 1839 3707 1894; x_wconf 90' lang='lat' dir='ltr'><strong><em>etiam</em></strong></span> 
     </span>
    </p>
   </div>
   <div class='ocr_carea' id='block_1_34' title="bbox 480 1935 2045 2011">
    <p class='ocr_par' dir='ltr' id='par_1_34' title="bbox 480 1935 2045 2011">
     <span class='ocr_line' id='line_1_34' title="bbox 480 1935 2045 2011; baseline 0.003 -21"><span class='ocrx_word' id='word_1_275' title='bbox 480 1935 633 1991; x_wconf 83' lang='lat' dir='ltr'><strong><em>fuisti</em></strong></span> <span class='ocrx_word' id='word_1_276' title='bbox 678 1938 975 2008; x_wconf 86' lang='lat' dir='ltr'><strong><em>aliquando</em></strong></span> <span class='ocrx_word' id='word_1_277' title='bbox 1017 1956 1311 2009; x_wconf 90' lang='lat' dir='ltr'><strong><em>germanus</em></strong></span> <span class='ocrx_word' id='word_1_278' title='bbox 1351 1940 1795 2011; x_wconf 88' lang='lat' dir='ltr'><strong><em>primogenitus?</em></strong></span> <span class='ocrx_word' id='word_1_279' title='bbox 1849 1939 2045 1995; x_wconf 71' lang='lat' dir='ltr'><strong><em>Bestia:</em></strong></span> 
     </span>
    </p>
   </div>
   <div class='ocr_carea' id='block_1_35' title="bbox 480 2029 2041 2101">
    <p class='ocr_par' dir='ltr' id='par_1_35' title="bbox 480 2029 2041 2101">
     <span class='ocr_line' id='line_1_35' title="bbox 480 2029 2041 2101; baseline 0.002 -20"><span class='ocrx_word' id='word_1_280' title='bbox 480 2038 611 2081; x_wconf 84' lang='lat' dir='ltr'><strong><em>sunt</em></strong></span> <span class='ocrx_word' id='word_1_281' title='bbox 644 2029 924 2099; x_wconf 83' lang='lat' dir='ltr'><strong><em>subjecta,</em></strong></span> <span class='ocrx_word' id='word_1_282' title='bbox 959 2039 1014 2085; x_wconf 88' lang='lat' dir='ltr'><strong><em>et</em></strong></span> <span class='ocrx_word' id='word_1_283' title='bbox 1040 2031 1297 2101; x_wconf 81' lang='lat' dir='ltr'><strong><em>ingressa</em></strong></span> <span class='ocrx_word' id='word_1_284' title='bbox 1321 2031 1528 2086; x_wconf 91' lang='lat' dir='ltr'><strong><em>suntin</em></strong></span> <span class='ocrx_word' id='word_1_285' title='bbox 1556 2031 1854 2095; x_wconf 86' lang='lat' dir='ltr'><strong><em>stabulum,</em></strong></span> <span class='ocrx_word' id='word_1_286' title='bbox 1887 2042 1943 2085; x_wconf 89' lang='lat' dir='ltr'><strong><em>et</em></strong></span> <span class='ocrx_word' id='word_1_287' title='bbox 1964 2042 2041 2096; x_wconf 90' lang='lat' dir='ltr'><strong><em>tu,</em></strong></span> 
     </span>
    </p>
   </div>
   <div class='ocr_carea' id='block_1_36' title="bbox 479 2117 2046 2189">
    <p class='ocr_par' dir='ltr' id='par_1_36' title="bbox 479 2117 2046 2189">
     <span class='ocr_line' id='line_1_36' title="bbox 479 2117 2046 2189; baseline 0.004 -19"><span class='ocrx_word' id='word_1_288' title='bbox 479 2117 574 2185; x_wconf 89' lang='lat' dir='ltr'><strong><em>qui</em></strong></span> <span class='ocrx_word' id='word_1_289' title='bbox 614 2117 854 2173; x_wconf 86' lang='lat' dir='ltr'><strong><em>debebas</em></strong></span> <span class='ocrx_word' id='word_1_290' title='bbox 895 2134 1023 2175; x_wconf 89' lang='lat' dir='ltr'><strong><em>esse</em></strong></span> <span class='ocrx_word' id='word_1_291' title='bbox 1068 2128 1254 2189; x_wconf 88' lang='lat' dir='ltr'><strong><em>pastor</em></strong></span> <span class='ocrx_word' id='word_1_292' title='bbox 1291 2120 1614 2187; x_wconf 81' lang='lat' dir='ltr'><strong><em>bestiarum,</em></strong></span> <span class='ocrx_word' id='word_1_293' title='bbox 1657 2121 1878 2176; x_wconf 79' lang='lat' dir='ltr'><strong><em>evasisti</em></strong></span> <span class='ocrx_word' id='word_1_294' title='bbox 1930 2121 2046 2176; x_wconf 87' lang='lat' dir='ltr'><strong><em>fera</em></strong></span> 
     </span>
    </p>
   </div>
   <div class='ocr_carea' id='block_1_37' title="bbox 477 2210 2045 2283">
    <p class='ocr_par' dir='ltr' id='par_1_37' title="bbox 477 2210 2045 2283">
     <span class='ocr_line' id='line_1_37' title="bbox 477 2210 2045 2283; baseline 0.005 -22"><span class='ocrx_word' id='word_1_295' title='bbox 477 2210 763 2279; x_wconf 86' lang='lat' dir='ltr'><strong><em>agrestior.</em></strong></span> <span class='ocrx_word' id='word_1_296' title='bbox 808 2210 938 2266; x_wconf 88' lang='lat' dir='ltr'><strong><em>Vide</em></strong></span> <span class='ocrx_word' id='word_1_297' title='bbox 985 2211 1135 2265; x_wconf 88' lang='lat' dir='ltr'><strong><em>enim</em></strong></span> <span class='ocrx_word' id='word_1_298' title='bbox 1190 2212 1332 2281; x_wconf 92' lang='lat' dir='ltr'><strong><em>quod</em></strong></span> <span class='ocrx_word' id='word_1_299' title='bbox 1380 2213 1691 2283; x_wconf 89' lang='lat' dir='ltr'><strong><em>signiﬁcans</em></strong></span> <span class='ocrx_word' id='word_1_300' title='bbox 1735 2214 1879 2270; x_wconf 85' lang='lat' dir='ltr'><strong><em>Deus</em></strong></span> <span class='ocrx_word' id='word_1_301' title='bbox 1922 2229 2045 2269; x_wconf 88' lang='lat' dir='ltr'><strong><em>esse</em></strong></span> 
     </span>
    </p>
   </div>
   <div class='ocr_carea' id='block_1_38' title="bbox 476 2303 2041 2371">
    <p class='ocr_par' dir='ltr' id='par_1_38' title="bbox 476 2303 2041 2371">
     <span class='ocr_line' id='line_1_38' title="bbox 476 2303 2041 2371; baseline 0.003 -17"><span class='ocrx_word' id='word_1_302' title='bbox 476 2310 667 2369; x_wconf 81' lang='lat' dir='ltr'><strong><em>gentes</em></strong></span> <span class='ocrx_word' id='word_1_303' title='bbox 712 2317 834 2371; x_wconf 82' lang='lat' dir='ltr'><strong><em>qua</em></strong></span> <span class='ocrx_word' id='word_1_304' title='bbox 874 2303 1120 2357; x_wconf 90' lang='lat' dir='ltr'><strong><em>secundo</em></strong></span> <span class='ocrx_word' id='word_1_305' title='bbox 1155 2303 1277 2358; x_wconf 90' lang='lat' dir='ltr'><strong><em>loco</em></strong></span> <span class='ocrx_word' id='word_1_306' title='bbox 1322 2304 1389 2358; x_wconf 89' lang='lat' dir='ltr'><strong><em>ab</em></strong></span> <span class='ocrx_word' id='word_1_307' title='bbox 1421 2320 1488 2359; x_wconf 91' lang='lat' dir='ltr'><strong><em>eo</em></strong></span> <span class='ocrx_word' id='word_1_308' title='bbox 1522 2304 1679 2358; x_wconf 81' lang='lat' dir='ltr'><strong><em>facta</em></strong></span> <span class='ocrx_word' id='word_1_309' title='bbox 1704 2314 1833 2359; x_wconf 89' lang='lat' dir='ltr'><strong><em>sunt</em></strong></span> <span class='ocrx_word' id='word_1_310' title='bbox 1862 2314 1916 2360; x_wconf 91' lang='lat' dir='ltr'><strong><em>et</em></strong></span> <span class='ocrx_word' id='word_1_311' title='bbox 1944 2307 2041 2359; x_wconf 90' lang='lat' dir='ltr'><strong><em>ad-</em></strong></span> 
     </span>
    </p>
   </div>
   <div class='ocr_carea' id='block_1_39' title="bbox 476 2388 2044 2467">
    <p class='ocr_par' dir='ltr' id='par_1_39' title="bbox 476 2388 2044 2467">
     <span class='ocr_line' id='line_1_39' title="bbox 476 2388 2044 2467; baseline 0.003 -23"><span class='ocrx_word' id='word_1_312' title='bbox 476 2388 657 2447; x_wconf 83' lang='lat' dir='ltr'><strong><em>ducta</em></strong></span> <span class='ocrx_word' id='word_1_313' title='bbox 696 2400 825 2446; x_wconf 85' lang='lat' dir='ltr'><strong><em>sunt</em></strong></span> <span class='ocrx_word' id='word_1_314' title='bbox 851 2393 920 2447; x_wconf 91' lang='lat' dir='ltr'><strong><em>ab</em></strong></span> <span class='ocrx_word' id='word_1_315' title='bbox 954 2393 1165 2467; x_wconf 83' lang='lat' dir='ltr'><strong><em>Adamo</em></strong></span> <span class='ocrx_word' id='word_1_316' title='bbox 1211 2395 1266 2447; x_wconf 90' lang='lat' dir='ltr'><strong><em>in</em></strong></span> <span class='ocrx_word' id='word_1_317' title='bbox 1307 2395 1640 2465; x_wconf 85' lang='lat' dir='ltr'><strong><em>paradisum,</em></strong></span> <span class='ocrx_word' id='word_1_318' title='bbox 1677 2412 1771 2451; x_wconf 90' lang='lat' dir='ltr'><strong><em>eas</em></strong></span> <span class='ocrx_word' id='word_1_319' title='bbox 1798 2398 2044 2451; x_wconf 87' lang='lat' dir='ltr'><strong><em>nomina—</em></strong></span> 
     </span>
    </p>
   </div>
   <div class='ocr_carea' id='block_1_40' title="bbox 475 2484 2045 2556">
    <p class='ocr_par' dir='ltr' id='par_1_40' title="bbox 475 2484 2045 2556">
     <span class='ocr_line' id='line_1_40' title="bbox 475 2484 2045 2556; baseline 0.001 -18"><span class='ocrx_word' id='word_1_320' title='bbox 475 2484 555 2538; x_wconf 90' lang='lat' dir='ltr'><strong><em>vit</em></strong></span> <span class='ocrx_word' id='word_1_321' title='bbox 604 2484 828 2549; x_wconf 86' lang='lat' dir='ltr'><strong><em>bestias,</em></strong></span> <span class='ocrx_word' id='word_1_322' title='bbox 866 2484 1057 2539; x_wconf 84' lang='lat' dir='ltr'><strong><em>dicens</em></strong></span> <span class='ocrx_word' id='word_1_323' title='bbox 1088 2499 1187 2554; x_wconf 90' lang='lat' dir='ltr'><strong><em>per</em></strong></span> <span class='ocrx_word' id='word_1_324' title='bbox 1230 2485 1557 2556; x_wconf 89' lang='lat' dir='ltr'><strong><em>scriptorem</em></strong></span> <span class='ocrx_word' id='word_1_325' title='bbox 1588 2504 1599 2538; x_wconf 89' lang='lat'>:</span> <span class='ocrx_word' id='word_1_326' title='bbox 1639 2486 1707 2540; x_wconf 86' lang='lat' dir='ltr'><strong><em>Et</em></strong></span> <span class='ocrx_word' id='word_1_327' title='bbox 1754 2486 1907 2555; x_wconf 78' lang='lat' dir='ltr'><strong><em>ﬁnxit</em></strong></span> <span class='ocrx_word' id='word_1_328' title='bbox 1939 2486 2045 2539; x_wconf 87' lang='lat' dir='ltr'><strong><em>Do-</em></strong></span> 
     </span>
    </p>
   </div>
   <div class='ocr_carea' id='block_1_41' title="bbox 477 2576 2043 2650">
    <p class='ocr_par' dir='ltr' id='par_1_41' title="bbox 477 2576 2043 2650">
     <span class='ocr_line' id='line_1_41' title="bbox 477 2576 2043 2650; baseline 0.002 -20"><span class='ocrx_word' id='word_1_329' title='bbox 477 2577 650 2630; x_wconf 86' lang='lat' dir='ltr'><strong><em>minus</em></strong></span> <span class='ocrx_word' id='word_1_330' title='bbox 685 2576 825 2629; x_wconf 87' lang='lat' dir='ltr'><strong><em>Deus</em></strong></span> <span class='ocrx_word' id='word_1_331' title='bbox 860 2577 1030 2629; x_wconf 88' lang='lat' dir='ltr'><strong><em>adhuc</em></strong></span> <span class='ocrx_word' id='word_1_332' title='bbox 1072 2593 1147 2635; x_wconf 72' lang='lat' dir='ltr'><strong><em>ex.</em></strong></span> <span class='ocrx_word' id='word_1_333' title='bbox 1176 2587 1318 2631; x_wconf 89' lang='lat' dir='ltr'><strong><em>terra</em></strong></span> <span class='ocrx_word' id='word_1_334' title='bbox 1356 2595 1533 2633; x_wconf 87' lang='lat' dir='ltr'><strong><em>omnes</em></strong></span> <span class='ocrx_word' id='word_1_335' title='bbox 1576 2578 1766 2634; x_wconf 78' lang='lat' dir='ltr'><strong><em>bestias</em></strong></span> <span class='ocrx_word' id='word_1_336' title='bbox 1820 2582 1957 2650; x_wconf 89' lang='lat' dir='ltr'><strong><em>agri,</em></strong></span> <span class='ocrx_word' id='word_1_337' title='bbox 1994 2588 2043 2633; x_wconf 84' lang='lat' dir='ltr'><strong><em>et</em></strong></span> 
     </span>
    </p>
   </div>
   <div class='ocr_carea' id='block_1_42' title="bbox 474 2667 2044 2738">
    <p class='ocr_par' dir='ltr' id='par_1_42' title="bbox 474 2667 2044 2738">
     <span class='ocr_line' id='line_1_42' title="bbox 474 2667 2044 2738; baseline 0.004 -21"><span class='ocrx_word' id='word_1_338' title='bbox 474 2682 649 2720; x_wconf 87' lang='lat' dir='ltr'><strong><em>omnes</em></strong></span> <span class='ocrx_word' id='word_1_339' title='bbox 677 2667 911 2721; x_wconf 81' lang='lat' dir='ltr'><strong><em>volucres</em></strong></span> <span class='ocrx_word' id='word_1_340' title='bbox 935 2667 1068 2721; x_wconf 77' lang='lat' dir='ltr'><strong><em>caeli.</em></strong></span> <span class='ocrx_word' id='word_1_341' title='bbox 1105 2668 1325 2723; x_wconf 90' lang='lat' dir='ltr'><strong><em>Fierine</em></strong></span> <span class='ocrx_word' id='word_1_342' title='bbox 1352 2678 1535 2738; x_wconf 90' lang='lat' dir='ltr'><strong><em>potest</em></strong></span> <span class='ocrx_word' id='word_1_343' title='bbox 1601 2680 1661 2724; x_wconf 89' lang='lat' dir='ltr'><strong><em>ut</em></strong></span> <span class='ocrx_word' id='word_1_344' title='bbox 1698 2670 1923 2725; x_wconf 91' lang='lat' dir='ltr'><strong><em>omnino</em></strong></span> <span class='ocrx_word' id='word_1_345' title='bbox 1951 2686 2044 2724; x_wconf 91' lang='lat' dir='ltr'><strong><em>ve-</em></strong></span> 
     </span>
    </p>
   </div>
   <div class='ocr_carea' id='block_1_43' title="bbox 376 2758 2041 2831">
    <p class='ocr_par' dir='ltr' id='par_1_43' title="bbox 376 2758 2041 2831">
     <span class='ocr_line' id='line_1_43' title="bbox 376 2758 2041 2831; baseline 0.003 -20"><span class='ocrx_word' id='word_1_346' title='bbox 376 2792 390 2811; x_wconf 85' lang='lat'><strong><em>.</em></strong></span> <span class='ocrx_word' id='word_1_347' title='bbox 477 2758 589 2812; x_wconf 88' lang='lat' dir='ltr'><strong><em>niat</em></strong></span> <span class='ocrx_word' id='word_1_348' title='bbox 619 2759 674 2812; x_wconf 92' lang='lat' dir='ltr'><strong><em>in</em></strong></span> <span class='ocrx_word' id='word_1_349' title='bbox 714 2768 953 2813; x_wconf 89' lang='lat' dir='ltr'><strong><em>mentem</em></strong></span> <span class='ocrx_word' id='word_1_350' title='bbox 986 2769 1048 2813; x_wconf 90' lang='lat' dir='ltr'><strong><em>ut</em></strong></span> <span class='ocrx_word' id='word_1_351' title='bbox 1077 2760 1245 2826; x_wconf 90' lang='lat' dir='ltr'><strong><em>Deus,</em></strong></span> <span class='ocrx_word' id='word_1_352' title='bbox 1283 2761 1378 2831; x_wconf 91' lang='lat' dir='ltr'><strong><em>qui</em></strong></span> <span class='ocrx_word' id='word_1_353' title='bbox 1417 2761 1747 2816; x_wconf 86' lang='lat' dir='ltr'><strong><em>Cherubinis</em></strong></span> <span class='ocrx_word' id='word_1_354' title='bbox 1795 2772 1849 2817; x_wconf 92' lang='lat' dir='ltr'><strong><em>et</em></strong></span> <span class='ocrx_word' id='word_1_355' title='bbox 1878 2762 2041 2817; x_wconf 83' lang='lat' dir='ltr'><strong><em>Sera-</em></strong></span> 
     </span>
    </p>
   </div>
   <div class='ocr_carea' id='block_1_44' title="bbox 477 2849 2036 2922">
    <p class='ocr_par' dir='ltr' id='par_1_44' title="bbox 477 2849 2036 2922">
     <span class='ocr_line' id='line_1_44' title="bbox 477 2849 2036 2922; baseline 0.003 -20"><span class='ocrx_word' id='word_1_356' title='bbox 477 2849 660 2919; x_wconf 81' lang='lat' dir='ltr'><strong><em>phinis</em></strong></span> <span class='ocrx_word' id='word_1_357' title='bbox 701 2859 784 2904; x_wconf 89' lang='lat' dir='ltr'><strong><em>est</em></strong></span> <span class='ocrx_word' id='word_1_358' title='bbox 811 2850 1330 2920; x_wconf 87' lang='lat' dir='ltr'><strong><em>incontemplabilis,</em></strong></span> <span class='ocrx_word' id='word_1_359' title='bbox 1359 2862 1416 2906; x_wconf 92' lang='lat' dir='ltr'><strong><em>et</em></strong></span> <span class='ocrx_word' id='word_1_360' title='bbox 1443 2852 2036 2922; x_wconf 86' lang='lat' dir='ltr'><strong><em>incomprehensibilis,</em></strong></span> 
     </span>
    </p>
   </div>
   <div class='ocr_carea' id='block_1_45' title="bbox 475 2941 2040 3012">
    <p class='ocr_par' dir='ltr' id='par_1_45' title="bbox 475 2941 2040 3012">
     <span class='ocr_line' id='line_1_45' title="bbox 475 2941 2040 3012; baseline 0.003 -17"><span class='ocrx_word' id='word_1_361' title='bbox 475 2949 529 2995; x_wconf 89' lang='lat' dir='ltr'><strong><em>et</em></strong></span> <span class='ocrx_word' id='word_1_362' title='bbox 556 2941 1157 3012; x_wconf 82' lang='lat' dir='ltr'><strong><em>inappmpinquabilis,</em></strong></span> <span class='ocrx_word' id='word_1_363' title='bbox 1211 2944 1300 2998; x_wconf 91' lang='lat' dir='ltr'><strong><em>cui</em></strong></span> <span class='ocrx_word' id='word_1_364' title='bbox 1328 2958 1453 2998; x_wconf 89' lang='lat' dir='ltr'><strong><em>cum</em></strong></span> <span class='ocrx_word' id='word_1_365' title='bbox 1504 2951 1650 2999; x_wconf 90' lang='lat' dir='ltr'><strong><em>metu</em></strong></span> <span class='ocrx_word' id='word_1_366' title='bbox 1698 2954 1754 2999; x_wconf 91' lang='lat' dir='ltr'><strong><em>et</em></strong></span> <span class='ocrx_word' id='word_1_367' title='bbox 1804 2953 2040 3001; x_wconf 90' lang='lat' dir='ltr'><strong><em>tremore</em></strong></span> 
     </span>
    </p>
   </div>
   <div class='ocr_carea' id='block_1_46' title="bbox 476 3036 2038 3107">
    <p class='ocr_par' dir='ltr' id='par_1_46' title="bbox 476 3036 2038 3107">
     <span class='ocr_line' id='line_1_46' title="bbox 476 3036 2038 3107; baseline 0.002 -18"><span class='ocrx_word' id='word_1_368' title='bbox 476 3050 668 3089; x_wconf 91' lang='lat' dir='ltr'><strong><em>omnes</em></strong></span> <span class='ocrx_word' id='word_1_369' title='bbox 700 3037 1070 3106; x_wconf 85' lang='lat' dir='ltr'><strong><em>intelligentes</em></strong></span> <span class='ocrx_word' id='word_1_370' title='bbox 1087 3038 1321 3091; x_wconf 81' lang='lat' dir='ltr'><strong><em>virtutes</em></strong></span> <span class='ocrx_word' id='word_1_371' title='bbox 1337 3036 1545 3091; x_wconf 86' lang='lat' dir='ltr'><strong><em>cultum</em></strong></span> <span class='ocrx_word' id='word_1_372' title='bbox 1568 3037 1849 3103; x_wconf 79' lang='lat' dir='ltr'><strong><em>exhibent,</em></strong></span> <span class='ocrx_word' id='word_1_373' title='bbox 1874 3053 2038 3107; x_wconf 87' lang='lat' dir='ltr'><strong><em>quem</em></strong></span> 
     </span>
    </p>
   </div>
   <div class='ocr_carea' id='block_1_47' title="bbox 475 3125 2040 3197">
    <p class='ocr_par' dir='ltr' id='par_1_47' title="bbox 475 3125 2040 3197">
     <span class='ocr_line' id='line_1_47' title="bbox 475 3125 2040 3197; baseline 0.001 -18"><span class='ocrx_word' id='word_1_374' title='bbox 475 3140 635 3180; x_wconf 90' lang='lat' dir='ltr'><strong><em>nemo</em></strong></span> <span class='ocrx_word' id='word_1_375' title='bbox 662 3125 949 3180; x_wconf 91' lang='lat' dir='ltr'><strong><em>hominum</em></strong></span> <span class='ocrx_word' id='word_1_376' title='bbox 986 3126 1124 3180; x_wconf 91' lang='lat' dir='ltr'><strong><em>vidit</em></strong></span> <span class='ocrx_word' id='word_1_377' title='bbox 1160 3126 1227 3193; x_wconf 74' lang='lat'><strong><em>“,</em></strong></span> <span class='ocrx_word' id='word_1_378' title='bbox 1264 3141 1445 3195; x_wconf 89' lang='lat' dir='ltr'><strong><em>neque</em></strong></span> <span class='ocrx_word' id='word_1_379' title='bbox 1496 3135 1677 3196; x_wconf 85' lang='lat' dir='ltr'><strong><em>potest</em></strong></span> <span class='ocrx_word' id='word_1_380' title='bbox 1702 3126 1887 3181; x_wconf 90' lang='lat' dir='ltr'><strong><em>videre</em></strong></span> <span class='ocrx_word' id='word_1_381' title='bbox 1921 3128 2040 3197; x_wconf 89' lang='lat' dir='ltr'><strong><em>ejus</em></strong></span> 
     </span>
    </p>
   </div>
   <div class='ocr_carea' id='block_1_48' title="bbox 473 3218 2037 3288">
    <p class='ocr_par' dir='ltr' id='par_1_48' title="bbox 473 3218 2037 3288">
     <span class='ocr_line' id='line_1_48' title="bbox 473 3218 2037 3288; baseline -0.001 -13"><span class='ocrx_word' id='word_1_382' title='bbox 473 3218 669 3275; x_wconf 79' lang='lat' dir='ltr'><strong><em>faciem</em></strong></span> <span class='ocrx_word' id='word_1_383' title='bbox 723 3228 778 3274; x_wconf 88' lang='lat' dir='ltr'><strong><em>et</em></strong></span> <span class='ocrx_word' id='word_1_384' title='bbox 813 3219 1021 3285; x_wconf 83' lang='lat' dir='ltr'><strong><em>vivere,</em></strong></span> <span class='ocrx_word' id='word_1_385' title='bbox 1068 3220 1113 3275; x_wconf 92' lang='lat' dir='ltr'><strong><em>is</em></strong></span> <span class='ocrx_word' id='word_1_386' title='bbox 1157 3218 1252 3288; x_wconf 91' lang='lat' dir='ltr'><strong><em>qui</em></strong></span> <span class='ocrx_word' id='word_1_387' title='bbox 1300 3234 1466 3288; x_wconf 87' lang='lat' dir='ltr'><strong><em>supra</em></strong></span> <span class='ocrx_word' id='word_1_388' title='bbox 1511 3218 1679 3273; x_wconf 80' lang='lat' dir='ltr'><strong><em>calos</em></strong></span> <span class='ocrx_word' id='word_1_389' title='bbox 1721 3228 1778 3274; x_wconf 91' lang='lat' dir='ltr'><strong><em>et</em></strong></span> <span class='ocrx_word' id='word_1_390' title='bbox 1821 3233 2037 3274; x_wconf 90' lang='lat' dir='ltr'><strong><em>omnem</em></strong></span> 
     </span>
    </p>
   </div>
   <div class='ocr_carea' id='block_1_49' title="bbox 473 3309 2035 3383">
    <p class='ocr_par' dir='ltr' id='par_1_49' title="bbox 473 3309 2035 3383">
     <span class='ocr_line' id='line_1_49' title="bbox 473 3309 2035 3383; baseline -0.002 -16"><span class='ocrx_word' id='word_1_391' title='bbox 473 3312 841 3383; x_wconf 85' lang='lat' dir='ltr'><strong><em>principatum</em></strong></span> <span class='ocrx_word' id='word_1_392' title='bbox 868 3320 925 3367; x_wconf 89' lang='lat' dir='ltr'><strong><em>et</em></strong></span> <span class='ocrx_word' id='word_1_393' title='bbox 953 3320 1302 3381; x_wconf 83' lang='lat' dir='ltr'><strong><em>potestatem,</em></strong></span> <span class='ocrx_word' id='word_1_394' title='bbox 1339 3319 1425 3365; x_wconf 90' lang='lat' dir='ltr'><strong><em>est</em></strong></span> <span class='ocrx_word' id='word_1_395' title='bbox 1454 3309 1595 3381; x_wconf 88' lang='lat' dir='ltr'><strong><em>ignis</em></strong></span> <span class='ocrx_word' id='word_1_396' title='bbox 1621 3324 1950 3364; x_wconf 88' lang='lat' dir='ltr'><strong><em>consumens</em></strong></span> <span class='ocrx_word' id='word_1_397' title='bbox 1970 3310 2035 3376; x_wconf 73' lang='lat'><strong><em>“,</em></strong></span> 
     </span>
    </p>
   </div>
   <div class='ocr_carea' id='block_1_50' title="bbox 468 3403 2039 3474">
    <p class='ocr_par' dir='ltr' id='par_1_50' title="bbox 468 3403 2039 3474">
     <span class='ocr_line' id='line_1_50' title="bbox 468 3403 2039 3474; baseline 0 -15"><span class='ocrx_word' id='word_1_398' title='bbox 468 3414 696 3474; x_wconf 89' lang='lat' dir='ltr'><strong><em>accepta</em></strong></span> <span class='ocrx_word' id='word_1_399' title='bbox 736 3405 912 3459; x_wconf 85' lang='lat' dir='ltr'><strong><em>forma</em></strong></span> <span class='ocrx_word' id='word_1_400' title='bbox 956 3404 1259 3474; x_wconf 91' lang='lat' dir='ltr'><strong><em>equisonis,</em></strong></span> <span class='ocrx_word' id='word_1_401' title='bbox 1293 3418 1488 3474; x_wconf 91' lang='lat' dir='ltr'><strong><em>equos,</em></strong></span> <span class='ocrx_word' id='word_1_402' title='bbox 1537 3403 1632 3457; x_wconf 80' lang='lat' dir='ltr'><strong><em>sed</em></strong></span> <span class='ocrx_word' id='word_1_403' title='bbox 1672 3414 1727 3458; x_wconf 91' lang='lat' dir='ltr'><strong><em>et</em></strong></span> <span class='ocrx_word' id='word_1_404' title='bbox 1779 3404 1938 3474; x_wconf 91' lang='lat' dir='ltr'><strong><em>lupos</em></strong></span> <span class='ocrx_word' id='word_1_405' title='bbox 1983 3414 2039 3459; x_wconf 91' lang='lat' dir='ltr'><strong><em>et</em></strong></span> 
     </span>
    </p>
   </div>
   <div class='ocr_carea' id='block_1_51' title="bbox 473 3492 2038 3551">
    <p class='ocr_par' dir='ltr' id='par_1_51' title="bbox 473 3492 2038 3551">
     <span class='ocr_line' id='line_1_51' title="bbox 473 3492 2038 3551; baseline -0.002 0"><span class='ocrx_word' id='word_1_406' title='bbox 473 3496 708 3551; x_wconf 84' lang='lat' dir='ltr'><strong><em>camelos</em></strong></span> <span class='ocrx_word' id='word_1_407' title='bbox 749 3496 1007 3550; x_wconf 88' lang='lat' dir='ltr'><strong><em>manibus</em></strong></span> <span class='ocrx_word' id='word_1_408' title='bbox 1043 3495 1266 3549; x_wconf 90' lang='lat' dir='ltr'><strong><em>trahens</em></strong></span> <span class='ocrx_word' id='word_1_409' title='bbox 1295 3494 1469 3548; x_wconf 86' lang='lat' dir='ltr'><strong><em>instar</em></strong></span> <span class='ocrx_word' id='word_1_410' title='bbox 1509 3492 1741 3546; x_wconf 89' lang='lat' dir='ltr'><strong><em>ministri</em></strong></span> <span class='ocrx_word' id='word_1_411' title='bbox 1771 3492 1839 3546; x_wconf 92' lang='lat' dir='ltr'><strong><em>ad</em></strong></span> <span class='ocrx_word' id='word_1_412' title='bbox 1869 3492 2038 3547; x_wconf 81' lang='lat' dir='ltr'><strong><em>Adam</em></strong></span> 
     </span>
    </p>
   </div>
   <div class='ocr_carea' id='block_1_52' title="bbox 473 3586 2037 3658">
    <p class='ocr_par' dir='ltr' id='par_1_52' title="bbox 473 3586 2037 3658">
     <span class='ocr_line' id='line_1_52' title="bbox 473 3586 2037 3658; baseline -0.003 -13"><span class='ocrx_word' id='word_1_413' title='bbox 473 3590 732 3654; x_wconf 80' lang='lat' dir='ltr'><strong><em>attrahat,</em></strong></span> <span class='ocrx_word' id='word_1_414' title='bbox 761 3598 821 3643; x_wconf 90' lang='lat' dir='ltr'><strong><em>ut</em></strong></span> <span class='ocrx_word' id='word_1_415' title='bbox 846 3589 1030 3643; x_wconf 86' lang='lat' dir='ltr'><strong><em>videat</em></strong></span> <span class='ocrx_word' id='word_1_416' title='bbox 1056 3588 1188 3658; x_wconf 92' lang='lat' dir='ltr'><strong><em>quid</em></strong></span> <span class='ocrx_word' id='word_1_417' title='bbox 1220 3588 1292 3641; x_wconf 89' lang='lat' dir='ltr'><strong><em>sit</em></strong></span> <span class='ocrx_word' id='word_1_418' title='bbox 1325 3603 1389 3642; x_wconf 90' lang='lat' dir='ltr'><strong><em>ea</em></strong></span> <span class='ocrx_word' id='word_1_419' title='bbox 1420 3594 1718 3641; x_wconf 89' lang='lat' dir='ltr'><strong><em>vocaturus</em></strong></span> <span class='ocrx_word' id='word_1_420' title='bbox 1755 3603 1770 3639; x_wconf 86' lang='lat'><strong>:</strong></span> <span class='ocrx_word' id='word_1_421' title='bbox 1796 3586 1890 3655; x_wconf 88' lang='lat' dir='ltr'><strong><em>qui</em></strong></span> <span class='ocrx_word' id='word_1_422' title='bbox 1917 3602 2037 3640; x_wconf 84' lang='lat' dir='ltr'><strong><em>om-</em></strong></span> 
     </span>
    </p>
   </div>
   <div class='ocr_carea' id='block_1_53' title="bbox 473 3682 2039 3747">
    <p class='ocr_par' dir='ltr' id='par_1_53' title="bbox 473 3682 2039 3747">
     <span class='ocr_line' id='line_1_53' title="bbox 473 3682 2039 3747; baseline -0.002 -11"><span class='ocrx_word' id='word_1_423' title='bbox 473 3682 561 3737; x_wconf 91' lang='lat' dir='ltr'><strong><em>nia</em></strong></span> <span class='ocrx_word' id='word_1_424' title='bbox 598 3682 722 3747; x_wconf 90' lang='lat' dir='ltr'><strong><em>scit,</em></strong></span> <span class='ocrx_word' id='word_1_425' title='bbox 756 3689 815 3735; x_wconf 93' lang='lat' dir='ltr'><strong><em>ut</em></strong></span> <span class='ocrx_word' id='word_1_426' title='bbox 842 3682 1005 3743; x_wconf 87' lang='lat' dir='ltr'><strong><em>Deus,</em></strong></span> <span class='ocrx_word' id='word_1_427' title='bbox 1051 3689 1177 3734; x_wconf 88' lang='lat' dir='ltr'><strong><em>ante</em></strong></span> <span class='ocrx_word' id='word_1_428' title='bbox 1216 3693 1409 3733; x_wconf 91' lang='lat' dir='ltr'><strong><em>eorum</em></strong></span> <span class='ocrx_word' id='word_1_429' title='bbox 1448 3686 1653 3742; x_wconf 91' lang='lat' dir='ltr'><strong><em>ortum,</em></strong></span> <span class='ocrx_word' id='word_1_430' title='bbox 1696 3685 1751 3732; x_wconf 91' lang='lat' dir='ltr'><strong><em>et</em></strong></span> <span class='ocrx_word' id='word_1_431' title='bbox 1787 3687 2039 3733; x_wconf 88' lang='lat' dir='ltr'><strong><em>numerat</em></strong></span> 
     </span>
    </p>
   </div>
   <div class='ocr_carea' id='block_1_54' title="bbox 471 3770 2035 3829">
    <p class='ocr_par' dir='ltr' id='par_1_54' title="bbox 471 3770 2035 3829">
     <span class='ocr_line' id='line_1_54' title="bbox 471 3770 2035 3829; baseline -0.003 0"><span class='ocrx_word' id='word_1_432' title='bbox 471 3774 881 3829; x_wconf 88' lang='lat' dir='ltr'><strong><em>multitudinem</em></strong></span> <span class='ocrx_word' id='word_1_433' title='bbox 926 3774 1206 3827; x_wconf 90' lang='lat' dir='ltr'><strong><em>stellarum</em></strong></span> <span class='ocrx_word' id='word_1_434' title='bbox 1259 3771 1517 3826; x_wconf 89' lang='lat' dir='ltr'><strong><em>omnibus</em></strong></span> <span class='ocrx_word' id='word_1_435' title='bbox 1561 3772 1643 3825; x_wconf 91' lang='lat' dir='ltr'><strong><em>eis</em></strong></span> <span class='ocrx_word' id='word_1_436' title='bbox 1684 3770 1907 3825; x_wconf 90' lang='lat' dir='ltr'><strong><em>nomina</em></strong></span> <span class='ocrx_word' id='word_1_437' title='bbox 1936 3786 2035 3825; x_wconf 82' lang='lat' dir='ltr'><strong><em>vo-</em></strong></span> 
     </span>
    </p>
   </div>
   <div class='ocr_carea' id='block_1_55' title="bbox 472 3864 2034 3933">
    <p class='ocr_par' dir='ltr' id='par_1_55' title="bbox 472 3864 2034 3933">
     <span class='ocr_line' id='line_1_55' title="bbox 472 3864 2034 3933; baseline -0.003 -11"><span class='ocrx_word' id='word_1_438' title='bbox 472 3882 605 3922; x_wconf 88' lang='lat' dir='ltr'><strong><em>cans</em></strong></span> <span class='ocrx_word' id='word_1_439' title='bbox 639 3868 704 3931; x_wconf 65' lang='grc' dir='ltr'><strong><em>δδ,</em></strong></span> <span class='ocrx_word' id='word_1_440' title='bbox 751 3876 806 3921; x_wconf 89' lang='lat' dir='ltr'><strong><em>et</em></strong></span> <span class='ocrx_word' id='word_1_441' title='bbox 836 3865 1095 3920; x_wconf 89' lang='lat' dir='ltr'><strong><em>omnibus</em></strong></span> <span class='ocrx_word' id='word_1_442' title='bbox 1139 3864 1413 3918; x_wconf 88' lang='lat' dir='ltr'><strong><em>creaturis</em></strong></span> <span class='ocrx_word' id='word_1_443' title='bbox 1436 3864 1656 3933; x_wconf 90' lang='lat' dir='ltr'><strong><em>propria</em></strong></span> <span class='ocrx_word' id='word_1_444' title='bbox 1690 3864 1782 3917; x_wconf 89' lang='lat' dir='ltr'><strong><em>dat</em></strong></span> <span class='ocrx_word' id='word_1_445' title='bbox 1812 3864 2034 3918; x_wconf 83' lang='lat' dir='ltr'><strong><em>nomina</em></strong></span> 
     </span>
    </p>
   </div>
   <div class='ocr_carea' id='block_1_56' title="bbox 472 3955 2035 4019">
    <p class='ocr_par' dir='ltr' id='par_1_56' title="bbox 472 3955 2035 4019">
     <span class='ocr_line' id='line_1_56' title="bbox 472 3955 2035 4019; baseline -0.003 -3"><span class='ocrx_word' id='word_1_446' title='bbox 472 3959 863 4016; x_wconf 88' lang='lat' dir='ltr'><strong><em>convenienter</em></strong></span> <span class='ocrx_word' id='word_1_447' title='bbox 893 3973 1005 4012; x_wconf 80' lang='lat' dir='ltr'><strong><em>sua</em></strong></span> <span class='ocrx_word' id='word_1_448' title='bbox 1049 3956 1359 4011; x_wconf 88' lang='lat' dir='ltr'><strong><em>voluntati?</em></strong></span> <span class='ocrx_word' id='word_1_449' title='bbox 1394 3955 1501 4010; x_wconf 85' lang='lat' dir='ltr'><strong><em>Sed</em></strong></span> <span class='ocrx_word' id='word_1_450' title='bbox 1543 3956 1659 4019; x_wconf 81' lang='lat' dir='ltr'><strong><em>hac</em></strong></span> <span class='ocrx_word' id='word_1_451' title='bbox 1707 3956 1877 4011; x_wconf 81' lang='lat' dir='ltr'><strong><em>Judai</em></strong></span> <span class='ocrx_word' id='word_1_452' title='bbox 1926 3973 2035 4011; x_wconf 88' lang='lat' dir='ltr'><strong><em>non</em></strong></span> 
     </span>
    </p>
   </div>
   <div class='ocr_carea' id='block_1_57' title="bbox 471 4047 2035 4121">
    <p class='ocr_par' dir='ltr' id='par_1_57' title="bbox 471 4047 2035 4121">
     <span class='ocr_line' id='line_1_57' title="bbox 471 4047 2035 4121; baseline -0.002 -16"><span class='ocrx_word' id='word_1_453' title='bbox 471 4051 800 4121; x_wconf 84' lang='lat' dir='ltr'><strong><em>intelligunt,</em></strong></span> <span class='ocrx_word' id='word_1_454' title='bbox 832 4049 926 4119; x_wconf 89' lang='lat' dir='ltr'><strong><em>qui</em></strong></span> <span class='ocrx_word' id='word_1_455' title='bbox 955 4058 1010 4102; x_wconf 91' lang='lat' dir='ltr'><strong><em>et</em></strong></span> <span class='ocrx_word' id='word_1_456' title='bbox 1040 4048 1339 4118; x_wconf 84' lang='lat' dir='ltr'><strong><em>Scriptura</em></strong></span> <span class='ocrx_word' id='word_1_457' title='bbox 1372 4048 1542 4102; x_wconf 89' lang='lat' dir='ltr'><strong><em>solam</em></strong></span> <span class='ocrx_word' id='word_1_458' title='bbox 1573 4047 1864 4102; x_wconf 89' lang='lat' dir='ltr'><strong><em>attendunt</em></strong></span> <span class='ocrx_word' id='word_1_459' title='bbox 1890 4047 2035 4103; x_wconf 87' lang='lat' dir='ltr'><strong><em>litte-</em></strong></span> 
     </span>
    </p>
   </div>
   <div class='ocr_carea' id='block_1_58' title="bbox 470 4140 2033 4211">
    <p class='ocr_par' dir='ltr' id='par_1_58' title="bbox 470 4140 2033 4211">
     <span class='ocr_line' id='line_1_58' title="bbox 470 4140 2033 4211; baseline -0.001 -13"><span class='ocrx_word' id='word_1_460' title='bbox 470 4158 608 4208; x_wconf 86' lang='lat' dir='ltr'><strong><em>ram,</em></strong></span> <span class='ocrx_word' id='word_1_461' title='bbox 636 4152 692 4198; x_wconf 90' lang='lat' dir='ltr'><strong><em>et</em></strong></span> <span class='ocrx_word' id='word_1_462' title='bbox 719 4141 787 4196; x_wconf 88' lang='lat' dir='ltr'><strong><em>ab</em></strong></span> <span class='ocrx_word' id='word_1_463' title='bbox 816 4142 930 4211; x_wconf 82' lang='lat' dir='ltr'><strong><em>ipsa</em></strong></span> <span class='ocrx_word' id='word_1_464' title='bbox 967 4140 1298 4195; x_wconf 91' lang='lat' dir='ltr'><strong><em>occiduntur</em></strong></span> <span class='ocrx_word' id='word_1_465' title='bbox 1345 4140 1413 4193; x_wconf 82' lang='lat'><strong><em>“.</em></strong></span> <span class='ocrx_word' id='word_1_466' title='bbox 1446 4140 1525 4193; x_wconf 87' lang='lat' dir='ltr'><strong><em>Tu</em></strong></span> <span class='ocrx_word' id='word_1_467' title='bbox 1558 4147 1763 4203; x_wconf 90' lang='lat' dir='ltr'><strong><em>autem,</em></strong></span> <span class='ocrx_word' id='word_1_468' title='bbox 1815 4156 1848 4193; x_wconf 95' lang='lat' dir='ltr'><strong><em>o</em></strong></span> <span class='ocrx_word' id='word_1_469' title='bbox 1892 4141 2033 4196; x_wconf 90' lang='lat' dir='ltr'><strong><em>divi-</em></strong></span> 
     </span>
    </p>
   </div>
   <div class='ocr_carea' id='block_1_59' title="bbox 470 4232 2035 4303">
    <p class='ocr_par' dir='ltr' id='par_1_59' title="bbox 470 4232 2035 4303">
     <span class='ocr_line' id='line_1_59' title="bbox 470 4232 2035 4303; baseline -0.001 -14"><span class='ocrx_word' id='word_1_470' title='bbox 470 4235 693 4290; x_wconf 89' lang='lat' dir='ltr'><strong><em>nissime</em></strong></span> <span class='ocrx_word' id='word_1_471' title='bbox 734 4243 789 4289; x_wconf 91' lang='lat' dir='ltr'><strong><em>et</em></strong></span> <span class='ocrx_word' id='word_1_472' title='bbox 818 4250 847 4288; x_wconf 89' lang='lat' dir='ltr'><strong><em>a</em></strong></span> <span class='ocrx_word' id='word_1_473' title='bbox 879 4234 991 4288; x_wconf 90' lang='lat' dir='ltr'><strong><em>Deo</em></strong></span> <span class='ocrx_word' id='word_1_474' title='bbox 1031 4234 1286 4303; x_wconf 82' lang='lat' dir='ltr'><strong><em>plantata</em></strong></span> <span class='ocrx_word' id='word_1_475' title='bbox 1328 4232 1585 4287; x_wconf 82' lang='lat' dir='ltr'><strong><em>Ecclesia</em></strong></span> <span class='ocrx_word' id='word_1_476' title='bbox 1629 4232 1899 4302; x_wconf 88' lang='lat' dir='ltr'><strong><em>paradise,</em></strong></span> <span class='ocrx_word' id='word_1_477' title='bbox 1953 4235 2035 4288; x_wconf 82' lang='lat' dir='ltr'><strong><em>in-</em></strong></span> 
     </span>
    </p>
   </div>
   <div class='ocr_carea' id='block_1_60' title="bbox 470 4325 2033 4399">
    <p class='ocr_par' dir='ltr' id='par_1_60' title="bbox 470 4325 2033 4399">
     <span class='ocr_line' id='line_1_60' title="bbox 470 4325 2033 4399; baseline -0.001 -17"><span class='ocrx_word' id='word_1_478' title='bbox 470 4327 695 4399; x_wconf 83' lang='lat' dir='ltr'><strong><em>gredere</em></strong></span> <span class='ocrx_word' id='word_1_479' title='bbox 736 4336 941 4381; x_wconf 89' lang='lat' dir='ltr'><strong><em>certam</em></strong></span> <span class='ocrx_word' id='word_1_480' title='bbox 982 4333 1038 4380; x_wconf 88' lang='lat' dir='ltr'><strong><em>et</em></strong></span> <span class='ocrx_word' id='word_1_481' title='bbox 1079 4340 1187 4379; x_wconf 92' lang='lat' dir='ltr'><strong><em>non</em></strong></span> <span class='ocrx_word' id='word_1_482' title='bbox 1217 4334 1492 4380; x_wconf 88' lang='lat' dir='ltr'><strong><em>errantem</em></strong></span> <span class='ocrx_word' id='word_1_483' title='bbox 1523 4325 1666 4379; x_wconf 89' lang='lat' dir='ltr'><strong><em>viam</em></strong></span> <span class='ocrx_word' id='word_1_484' title='bbox 1706 4341 1829 4379; x_wconf 91' lang='lat' dir='ltr'><strong><em>cum</em></strong></span> <span class='ocrx_word' id='word_1_485' title='bbox 1865 4326 2033 4380; x_wconf 87' lang='lat' dir='ltr'><strong><em>Paulo</em></strong></span> 
     </span>
    </p>
   </div>
   <div class='ocr_carea' id='block_1_61' title="bbox 467 4417 2035 4491">
    <p class='ocr_par' dir='ltr' id='par_1_61' title="bbox 467 4417 2035 4491">
     <span class='ocr_line' id='line_1_61' title="bbox 467 4417 2035 4491; baseline 0.001 -19"><span class='ocrx_word' id='word_1_486' title='bbox 467 4418 707 4491; x_wconf 85' lang='lat' dir='ltr'><strong><em>paradisi</em></strong></span> <span class='ocrx_word' id='word_1_487' title='bbox 741 4427 1071 4488; x_wconf 88' lang='lat' dir='ltr'><strong><em>spectatore,</em></strong></span> <span class='ocrx_word' id='word_1_488' title='bbox 1104 4417 1340 4487; x_wconf 88' lang='lat' dir='ltr'><strong><em>paradisi</em></strong></span> <span class='ocrx_word' id='word_1_489' title='bbox 1369 4418 1507 4482; x_wconf 90' lang='lat' dir='ltr'><strong><em>cive,</em></strong></span> <span class='ocrx_word' id='word_1_490' title='bbox 1539 4418 1767 4472; x_wconf 88' lang='lat' dir='ltr'><strong><em>audiens</em></strong></span> <span class='ocrx_word' id='word_1_491' title='bbox 1791 4435 1916 4473; x_wconf 90' lang='lat' dir='ltr'><strong><em>eum</em></strong></span> <span class='ocrx_word' id='word_1_492' title='bbox 1950 4419 2035 4473; x_wconf 88' lang='lat' dir='ltr'><strong><em>di-</em></strong></span> 
     </span>
    </p>
   </div>
   <div class='ocr_carea' id='block_1_62' title="bbox 2146 1924 3703 2001">
    <p class='ocr_par' dir='ltr' id='par_1_62' title="bbox 2146 1924 3703 2001">
     <span class='ocr_line' id='line_1_62' title="bbox 2146 1924 3703 2001; baseline 0.006 -26"><span class='ocrx_word' id='word_1_493' title='bbox 2146 1936 2445 1992; x_wconf 83' lang='lat' dir='ltr'><strong><em>synonyma</em></strong></span> <span class='ocrx_word' id='word_1_494' title='bbox 2491 1930 2547 1977; x_wconf 90' lang='lat' dir='ltr'><strong><em>et</em></strong></span> <span class='ocrx_word' id='word_1_495' title='bbox 2578 1924 2740 1978; x_wconf 90' lang='lat' dir='ltr'><strong><em>simul</em></strong></span> <span class='ocrx_word' id='word_1_496' title='bbox 2781 1924 3079 1979; x_wconf 87' lang='lat' dir='ltr'><strong><em>animantia</em></strong></span> <span class='ocrx_word' id='word_1_497' title='bbox 3131 1926 3406 1981; x_wconf 86' lang='lat' dir='ltr'><strong><em>animalia.</em></strong></span> <span class='ocrx_word' id='word_1_498' title='bbox 3435 1929 3572 1983; x_wconf 84' lang='lat' dir='ltr'><strong><em>Nam</em></strong></span> <span class='ocrx_word' id='word_1_499' title='bbox 3611 1931 3703 2001; x_wconf 88' lang='lat' dir='ltr'><strong><em>qui</em></strong></span> 
     </span>
    </p>
   </div>
   <div class='ocr_carea' id='block_1_63' title="bbox 2145 2017 3706 2092">
    <p class='ocr_par' dir='ltr' id='par_1_63' title="bbox 2145 2017 3706 2092">
     <span class='ocr_line' id='line_1_63' title="bbox 2145 2017 3706 2092; baseline 0.004 -23"><span class='ocrx_word' id='word_1_500' title='bbox 2145 2023 2229 2069; x_wconf 89' lang='lat' dir='ltr'><strong><em>est</em></strong></span> <span class='ocrx_word' id='word_1_501' title='bbox 2262 2031 2292 2069; x_wconf 89' lang='lat' dir='ltr'><strong><em>e</em></strong></span> <span class='ocrx_word' id='word_1_502' title='bbox 2321 2025 2465 2070; x_wconf 91' lang='lat' dir='ltr'><strong><em>terra</em></strong></span> <span class='ocrx_word' id='word_1_503' title='bbox 2488 2017 2707 2085; x_wconf 87' lang='lat' dir='ltr'><strong><em>genitus</em></strong></span> <span class='ocrx_word' id='word_1_504' title='bbox 2733 2025 2817 2071; x_wconf 91' lang='lat' dir='ltr'><strong><em>est</em></strong></span> <span class='ocrx_word' id='word_1_505' title='bbox 2848 2017 3091 2089; x_wconf 87' lang='lat' dir='ltr'><strong><em>ejusdem</em></strong></span> <span class='ocrx_word' id='word_1_506' title='bbox 3129 2018 3351 2088; x_wconf 78' lang='lat' dir='ltr'><strong><em>generis</em></strong></span> <span class='ocrx_word' id='word_1_507' title='bbox 3391 2022 3549 2092; x_wconf 90' lang='lat' dir='ltr'><strong><em>cujus</em></strong></span> <span class='ocrx_word' id='word_1_508' title='bbox 3588 2038 3706 2092; x_wconf 83' lang='lat' dir='ltr'><strong><em>qua</em></strong></span> 
     </span>
    </p>
   </div>
   <div class='ocr_carea' id='block_1_64' title="bbox 2146 2108 3705 2190">
    <p class='ocr_par' dir='ltr' id='par_1_64' title="bbox 2146 2108 3705 2190">
     <span class='ocr_line' id='line_1_64' title="bbox 2146 2108 3705 2190; baseline 0.005 -29"><span class='ocrx_word' id='word_1_509' title='bbox 2146 2116 2273 2190; x_wconf 71' lang='lat' dir='ltr'><strong><em>sunt</em></strong></span> <span class='ocrx_word' id='word_1_510' title='bbox 2305 2108 2358 2162; x_wconf 91' lang='lat' dir='ltr'><strong><em>in</em></strong></span> <span class='ocrx_word' id='word_1_511' title='bbox 2383 2116 2549 2173; x_wconf 89' lang='lat' dir='ltr'><strong><em>terra,</em></strong></span> <span class='ocrx_word' id='word_1_512' title='bbox 2584 2118 2639 2163; x_wconf 91' lang='lat' dir='ltr'><strong><em>et</em></strong></span> <span class='ocrx_word' id='word_1_513' title='bbox 2671 2109 2783 2164; x_wconf 91' lang='lat' dir='ltr'><strong><em>vita</em></strong></span> <span class='ocrx_word' id='word_1_514' title='bbox 2808 2119 2892 2165; x_wconf 91' lang='lat' dir='ltr'><strong><em>est</em></strong></span> <span class='ocrx_word' id='word_1_515' title='bbox 2926 2111 3146 2181; x_wconf 91' lang='lat' dir='ltr'><strong><em>propria</em></strong></span> <span class='ocrx_word' id='word_1_516' title='bbox 3175 2112 3555 2167; x_wconf 89' lang='lat' dir='ltr'><strong><em>animantium.</em></strong></span> <span class='ocrx_word' id='word_1_517' title='bbox 3601 2113 3705 2170; x_wconf 87' lang='lat' dir='ltr'><strong><em>Sed</em></strong></span> 
     </span>
    </p>
   </div>
   <div class='ocr_carea' id='block_1_65' title="bbox 2144 2202 3706 2271">
    <p class='ocr_par' dir='ltr' id='par_1_65' title="bbox 2144 2202 3706 2271">
     <span class='ocr_line' id='line_1_65' title="bbox 2144 2202 3706 2271; baseline 0.004 -15"><span class='ocrx_word' id='word_1_518' title='bbox 2144 2202 2309 2256; x_wconf 92' lang='lat' dir='ltr'><strong><em>homo</em></strong></span> <span class='ocrx_word' id='word_1_519' title='bbox 2336 2203 2559 2271; x_wconf 90' lang='lat' dir='ltr'><strong><em>quidem</em></strong></span> <span class='ocrx_word' id='word_1_520' title='bbox 2588 2202 2759 2257; x_wconf 90' lang='lat' dir='ltr'><strong><em>Adam</em></strong></span> <span class='ocrx_word' id='word_1_521' title='bbox 2793 2204 2973 2260; x_wconf 81' lang='lat' dir='ltr'><strong><em>factus</em></strong></span> <span class='ocrx_word' id='word_1_522' title='bbox 2996 2216 3080 2261; x_wconf 89' lang='lat' dir='ltr'><strong><em>est</em></strong></span> <span class='ocrx_word' id='word_1_523' title='bbox 3112 2213 3238 2259; x_wconf 89' lang='lat' dir='ltr'><strong><em>ante</em></strong></span> <span class='ocrx_word' id='word_1_524' title='bbox 3271 2206 3559 2262; x_wconf 91' lang='lat' dir='ltr'><strong><em>mulierem</em></strong></span> <span class='ocrx_word' id='word_1_525' title='bbox 3586 2225 3598 2261; x_wconf 91' lang='lat'><strong>:</strong></span> <span class='ocrx_word' id='word_1_526' title='bbox 3623 2214 3706 2263; x_wconf 82' lang='lat' dir='ltr'><strong><em>est</em></strong></span> 
     </span>
    </p>
   </div>
   <div class='ocr_carea' id='block_1_66' title="bbox 2145 2291 3701 2364">
    <p class='ocr_par' dir='ltr' id='par_1_66' title="bbox 2145 2291 3701 2364">
     <span class='ocr_line' id='line_1_66' title="bbox 2145 2291 3701 2364; baseline 0.004 -19"><span class='ocrx_word' id='word_1_527' title='bbox 2145 2291 2295 2346; x_wconf 91' lang='lat' dir='ltr'><strong><em>enim</em></strong></span> <span class='ocrx_word' id='word_1_528' title='bbox 2338 2299 2464 2347; x_wconf 89' lang='lat' dir='ltr'><strong><em>ante</em></strong></span> <span class='ocrx_word' id='word_1_529' title='bbox 2501 2293 2717 2357; x_wconf 86' lang='lat' dir='ltr'><strong><em>sacula,</em></strong></span> <span class='ocrx_word' id='word_1_530' title='bbox 2755 2306 2813 2347; x_wconf 88' lang='lat' dir='ltr'><strong><em>ct</em></strong></span> <span class='ocrx_word' id='word_1_531' title='bbox 2852 2294 2969 2349; x_wconf 91' lang='lat' dir='ltr'><strong><em>sine</em></strong></span> <span class='ocrx_word' id='word_1_532' title='bbox 3000 2294 3294 2364; x_wconf 81' lang='lat' dir='ltr'><strong><em>principio,</em></strong></span> <span class='ocrx_word' id='word_1_533' title='bbox 3328 2305 3383 2351; x_wconf 91' lang='lat' dir='ltr'><strong><em>et</em></strong></span> <span class='ocrx_word' id='word_1_534' title='bbox 3410 2296 3701 2361; x_wconf 88' lang='lat' dir='ltr'><strong><em>increatus,</em></strong></span> 
     </span>
    </p>
   </div>
   <div class='ocr_carea' id='block_1_67' title="bbox 2142 2383 3704 2454">
    <p class='ocr_par' dir='ltr' id='par_1_67' title="bbox 2142 2383 3704 2454">
     <span class='ocr_line' id='line_1_67' title="bbox 2142 2383 3704 2454; baseline 0.003 -15"><span class='ocrx_word' id='word_1_535' title='bbox 2142 2393 2198 2439; x_wconf 90' lang='lat' dir='ltr'><strong><em>et</em></strong></span> <span class='ocrx_word' id='word_1_536' title='bbox 2230 2383 2348 2439; x_wconf 84' lang='lat' dir='ltr'><strong><em>sine</em></strong></span> <span class='ocrx_word' id='word_1_537' title='bbox 2373 2392 2618 2454; x_wconf 88' lang='lat' dir='ltr'><strong><em>tempore</em></strong></span> <span class='ocrx_word' id='word_1_538' title='bbox 2647 2394 2771 2439; x_wconf 90' lang='lat' dir='ltr'><strong><em>ante</em></strong></span> <span class='ocrx_word' id='word_1_539' title='bbox 2798 2386 3120 2452; x_wconf 88' lang='lat' dir='ltr'><strong><em>Ecclesiam,</em></strong></span> <span class='ocrx_word' id='word_1_540' title='bbox 3159 2388 3301 2441; x_wconf 89' lang='lat' dir='ltr'><strong><em>Deus</em></strong></span> <span class='ocrx_word' id='word_1_541' title='bbox 3323 2388 3585 2444; x_wconf 85' lang='lat' dir='ltr'><strong><em>Verbum.</em></strong></span> <span class='ocrx_word' id='word_1_542' title='bbox 3610 2390 3704 2444; x_wconf 89' lang='lat' dir='ltr'><strong><em>llic</em></strong></span> 
     </span>
    </p>
   </div>
   <div class='ocr_carea' id='block_1_68' title="bbox 2147 2468 3699 2548">
    <p class='ocr_par' dir='ltr' id='par_1_68' title="bbox 2147 2468 3699 2548">
     <span class='ocr_line' id='line_1_68' title="bbox 2147 2468 3699 2548; baseline 0.005 -21"><span class='ocrx_word' id='word_1_543' title='bbox 2147 2481 2336 2529; x_wconf 89' lang='lat' dir='ltr'><strong><em>autem</em></strong></span> <span class='ocrx_word' id='word_1_544' title='bbox 2370 2473 2525 2546; x_wconf 88' lang='lat' dir='ltr'><strong><em>ﬁngit</em></strong></span> <span class='ocrx_word' id='word_1_545' title='bbox 2545 2468 2840 2530; x_wconf 88' lang='lat' dir='ltr'><strong><em>animantia</em></strong></span> <span class='ocrx_word' id='word_1_546' title='bbox 2863 2486 2990 2531; x_wconf 90' lang='lat' dir='ltr'><strong><em>ante</em></strong></span> <span class='ocrx_word' id='word_1_547' title='bbox 3008 2478 3174 2533; x_wconf 81' lang='lat' dir='ltr'><strong><em>Evam</em></strong></span> <span class='ocrx_word' id='word_1_548' title='bbox 3200 2495 3320 2548; x_wconf 84' lang='lat' dir='ltr'><strong><em>qua</em></strong></span> <span class='ocrx_word' id='word_1_549' title='bbox 3339 2478 3543 2535; x_wconf 89' lang='lat' dir='ltr'><strong><em>dicitur</em></strong></span> <span class='ocrx_word' id='word_1_550' title='bbox 3566 2481 3699 2535; x_wconf 87' lang='lat' dir='ltr'><strong><em>vita:</em></strong></span> 
     </span>
    </p>
   </div>
   <div class='ocr_carea' id='block_1_69' title="bbox 2149 2564 3704 2639">
    <p class='ocr_par' dir='ltr' id='par_1_69' title="bbox 2149 2564 3704 2639">
     <span class='ocr_line' id='line_1_69' title="bbox 2149 2564 3704 2639; baseline 0.006 -21"><span class='ocrx_word' id='word_1_551' title='bbox 2149 2564 2302 2636; x_wconf 87' lang='lat' dir='ltr'><strong><em>prius</em></strong></span> <span class='ocrx_word' id='word_1_552' title='bbox 2327 2567 2475 2622; x_wconf 89' lang='lat' dir='ltr'><strong><em>enim</em></strong></span> <span class='ocrx_word' id='word_1_553' title='bbox 2516 2567 2737 2623; x_wconf 86' lang='lat' dir='ltr'><strong><em>fuerunt</em></strong></span> <span class='ocrx_word' id='word_1_554' title='bbox 2765 2578 2954 2639; x_wconf 83' lang='lat' dir='ltr'><strong><em>gentes</em></strong></span> <span class='ocrx_word' id='word_1_555' title='bbox 2992 2570 3267 2638; x_wconf 78' lang='lat' dir='ltr'><strong><em>belluina,</em></strong></span> <span class='ocrx_word' id='word_1_556' title='bbox 3299 2581 3355 2626; x_wconf 88' lang='lat' dir='ltr'><strong><em>et</em></strong></span> <span class='ocrx_word' id='word_1_557' title='bbox 3383 2572 3462 2627; x_wconf 90' lang='lat' dir='ltr'><strong><em>sic</em></strong></span> <span class='ocrx_word' id='word_1_558' title='bbox 3496 2574 3550 2627; x_wconf 90' lang='lat' dir='ltr'><strong><em>in</em></strong></span> <span class='ocrx_word' id='word_1_559' title='bbox 3583 2573 3704 2627; x_wconf 62' lang='lat' dir='ltr'><strong><em>ulti-</em></strong></span> 
     </span>
    </p>
   </div>
   <div class='ocr_carea' id='block_1_70' title="bbox 2147 2658 3701 2729">
    <p class='ocr_par' dir='ltr' id='par_1_70' title="bbox 2147 2658 3701 2729">
     <span class='ocr_line' id='line_1_70' title="bbox 2147 2658 3701 2729; baseline 0.005 -17"><span class='ocrx_word' id='word_1_560' title='bbox 2147 2658 2251 2713; x_wconf 91' lang='lat' dir='ltr'><strong><em>mis</em></strong></span> <span class='ocrx_word' id='word_1_561' title='bbox 2279 2659 2621 2729; x_wconf 92' lang='lat' dir='ltr'><strong><em>temporibus</em></strong></span> <span class='ocrx_word' id='word_1_562' title='bbox 2664 2661 2965 2715; x_wconf 90' lang='lat' dir='ltr'><strong><em>constituta</em></strong></span> <span class='ocrx_word' id='word_1_563' title='bbox 3008 2672 3093 2718; x_wconf 90' lang='lat' dir='ltr'><strong><em>est</em></strong></span> <span class='ocrx_word' id='word_1_564' title='bbox 3128 2679 3316 2718; x_wconf 88' lang='lat' dir='ltr'><strong><em>carum</em></strong></span> <span class='ocrx_word' id='word_1_565' title='bbox 3358 2664 3620 2729; x_wconf 87' lang='lat' dir='ltr'><strong><em>Ecclesia,</em></strong></span> <span class='ocrx_word' id='word_1_566' title='bbox 3649 2666 3701 2719; x_wconf 89' lang='lat' dir='ltr'><strong><em>in</em></strong></span> 
     </span>
    </p>
   </div>
   <div class='ocr_carea' id='block_1_71' title="bbox 2146 2752 3699 2821">
    <p class='ocr_par' dir='ltr' id='par_1_71' title="bbox 2146 2752 3699 2821">
     <span class='ocr_line' id='line_1_71' title="bbox 2146 2752 3699 2821; baseline 0.003 -16"><span class='ocrx_word' id='word_1_567' title='bbox 2146 2766 2313 2821; x_wconf 91' lang='lat' dir='ltr'><strong><em>quam</em></strong></span> <span class='ocrx_word' id='word_1_568' title='bbox 2365 2752 2595 2807; x_wconf 81' lang='lat' dir='ltr'><strong><em>adduxit</em></strong></span> <span class='ocrx_word' id='word_1_569' title='bbox 2660 2768 2755 2807; x_wconf 88' lang='lat' dir='ltr'><strong><em>eas</em></strong></span> <span class='ocrx_word' id='word_1_570' title='bbox 2796 2752 2947 2808; x_wconf 77' lang='lat' dir='ltr'><strong><em>Deus</em></strong></span> <span class='ocrx_word' id='word_1_571' title='bbox 2989 2760 3045 2808; x_wconf 91' lang='lat' dir='ltr'><strong><em>et</em></strong></span> <span class='ocrx_word' id='word_1_572' title='bbox 3088 2755 3247 2809; x_wconf 89' lang='lat' dir='ltr'><strong><em>Pater</em></strong></span> <span class='ocrx_word' id='word_1_573' title='bbox 3285 2754 3352 2809; x_wconf 89' lang='lat' dir='ltr'><strong><em>ad</em></strong></span> <span class='ocrx_word' id='word_1_574' title='bbox 3404 2755 3699 2810; x_wconf 87' lang='lat' dir='ltr'><strong><em>secundum</em></strong></span> 
     </span>
    </p>
   </div>
   <div class='ocr_carea' id='block_1_72' title="bbox 2143 2842 3703 2916">
    <p class='ocr_par' dir='ltr' id='par_1_72' title="bbox 2143 2842 3703 2916">
     <span class='ocr_line' id='line_1_72' title="bbox 2143 2842 3703 2916; baseline 0.003 -18"><span class='ocrx_word' id='word_1_575' title='bbox 2143 2843 2314 2898; x_wconf 86' lang='lat' dir='ltr'><strong><em>Adam</em></strong></span> <span class='ocrx_word' id='word_1_576' title='bbox 2364 2842 2666 2909; x_wconf 88' lang='lat' dir='ltr'><strong><em>Christum,</em></strong></span> <span class='ocrx_word' id='word_1_577' title='bbox 2717 2854 2778 2899; x_wconf 91' lang='lat' dir='ltr'><strong><em>ut</em></strong></span> <span class='ocrx_word' id='word_1_578' title='bbox 2813 2844 3025 2901; x_wconf 86' lang='lat' dir='ltr'><strong><em>videret</em></strong></span> <span class='ocrx_word' id='word_1_579' title='bbox 3075 2847 3207 2916; x_wconf 90' lang='lat' dir='ltr'><strong><em>quid</em></strong></span> <span class='ocrx_word' id='word_1_580' title='bbox 3250 2862 3314 2902; x_wconf 88' lang='lat' dir='ltr'><strong><em>ea</em></strong></span> <span class='ocrx_word' id='word_1_581' title='bbox 3352 2858 3596 2903; x_wconf 89' lang='lat' dir='ltr'><strong><em>vocaret.</em></strong></span> <span class='ocrx_word' id='word_1_582' title='bbox 3640 2850 3703 2903; x_wconf 87' lang='lat' dir='ltr'><strong><em>Et</em></strong></span> 
     </span>
    </p>
   </div>
   <div class='ocr_carea' id='block_1_73' title="bbox 2144 2936 3703 3011">
    <p class='ocr_par' dir='ltr' id='par_1_73' title="bbox 2144 2936 3703 3011">
     <span class='ocr_line' id='line_1_73' title="bbox 2144 2936 3703 3011; baseline 0.002 -19"><span class='ocrx_word' id='word_1_583' title='bbox 2144 2936 2276 2992; x_wconf 90' lang='lat' dir='ltr'><strong><em>audi</em></strong></span> <span class='ocrx_word' id='word_1_584' title='bbox 2316 2937 2434 3008; x_wconf 89' lang='lat' dir='ltr'><strong><em>ejus</em></strong></span> <span class='ocrx_word' id='word_1_585' title='bbox 2462 2937 2661 2992; x_wconf 90' lang='lat' dir='ltr'><strong><em>Filium</em></strong></span> <span class='ocrx_word' id='word_1_586' title='bbox 2702 2936 2807 2991; x_wconf 91' lang='lat' dir='ltr'><strong><em>hoc</em></strong></span> <span class='ocrx_word' id='word_1_587' title='bbox 2853 2947 3039 3007; x_wconf 86' lang='lat' dir='ltr'><strong><em>aperte</em></strong></span> <span class='ocrx_word' id='word_1_588' title='bbox 3068 2938 3341 2995; x_wconf 89' lang='lat' dir='ltr'><strong><em>dicentem</em></strong></span> <span class='ocrx_word' id='word_1_589' title='bbox 3372 2957 3386 2993; x_wconf 89' lang='lat'><strong>:</strong></span> <span class='ocrx_word' id='word_1_590' title='bbox 3418 2940 3583 2996; x_wconf 87' lang='lat' dir='ltr'><strong><em>Nemo</em></strong></span> <span class='ocrx_word' id='word_1_591' title='bbox 3612 2958 3703 3011; x_wconf 88' lang='lat' dir='ltr'><strong><em>po-</em></strong></span> 
     </span>
    </p>
   </div>
   <div class='ocr_carea' id='block_1_74' title="bbox 2142 3030 3701 3095">
    <p class='ocr_par' dir='ltr' id='par_1_74' title="bbox 2142 3030 3701 3095">
     <span class='ocr_line' id='line_1_74' title="bbox 2142 3030 3701 3095; baseline 0.003 -11"><span class='ocrx_word' id='word_1_592' title='bbox 2142 3037 2241 3084; x_wconf 87' lang='lat' dir='ltr'><strong><em>test</em></strong></span> <span class='ocrx_word' id='word_1_593' title='bbox 2298 3030 2474 3084; x_wconf 83' lang='lat' dir='ltr'><strong><em>venire</em></strong></span> <span class='ocrx_word' id='word_1_594' title='bbox 2508 3032 2577 3084; x_wconf 92' lang='lat' dir='ltr'><strong><em>ad</em></strong></span> <span class='ocrx_word' id='word_1_595' title='bbox 2612 3046 2715 3095; x_wconf 93' lang='lat' dir='ltr'><strong><em>me,</em></strong></span> <span class='ocrx_word' id='word_1_596' title='bbox 2761 3032 2860 3083; x_wconf 86' lang='lat' dir='ltr'><strong><em>nisi</em></strong></span> <span class='ocrx_word' id='word_1_597' title='bbox 2906 3030 3069 3084; x_wconf 87' lang='lat' dir='ltr'><strong><em>Pater</em></strong></span> <span class='ocrx_word' id='word_1_598' title='bbox 3106 3047 3248 3085; x_wconf 87' lang='lat' dir='ltr'><strong><em>meus</em></strong></span> <span class='ocrx_word' id='word_1_599' title='bbox 3271 3032 3491 3087; x_wconf 77' lang='lat' dir='ltr'><strong><em>calestis</em></strong></span> <span class='ocrx_word' id='word_1_600' title='bbox 3524 3042 3701 3087; x_wconf 64' lang='grc' dir='ltr'><strong><em>τῖσαι-</em></strong></span> 
     </span>
    </p>
   </div>
   <div class='ocr_carea' id='block_1_75' title="bbox 2142 3122 3700 3181">
    <p class='ocr_par' dir='ltr' id='par_1_75' title="bbox 2142 3122 3700 3181">
     <span class='ocr_line' id='line_1_75' title="bbox 2142 3122 3700 3181; baseline 0.004 -6"><span class='ocrx_word' id='word_1_601' title='bbox 2142 3124 2213 3176; x_wconf 90' lang='lat' dir='ltr'><strong><em>rit</em></strong></span> <span class='ocrx_word' id='word_1_602' title='bbox 2253 3139 2371 3176; x_wconf 90' lang='lat' dir='ltr'><strong><em>eum</em></strong></span> <span class='ocrx_word' id='word_1_603' title='bbox 2421 3122 2487 3175; x_wconf 74' lang='grc'><strong><em>⁸⁸.</em></strong></span> <span class='ocrx_word' id='word_1_604' title='bbox 2540 3123 2681 3181; x_wconf 79' lang='lat' dir='ltr'><strong><em>Ecce</em></strong></span> <span class='ocrx_word' id='word_1_605' title='bbox 2726 3123 2983 3178; x_wconf 87' lang='lat' dir='ltr'><strong><em>audivisti</em></strong></span> <span class='ocrx_word' id='word_1_606' title='bbox 3026 3139 3214 3178; x_wconf 91' lang='lat' dir='ltr'><strong><em>vocem</em></strong></span> <span class='ocrx_word' id='word_1_607' title='bbox 3271 3125 3612 3181; x_wconf 88' lang='lat' dir='ltr'><strong><em>Dominicam</em></strong></span> <span class='ocrx_word' id='word_1_608' title='bbox 3648 3136 3700 3181; x_wconf 87' lang='lat' dir='ltr'><strong><em>te</em></strong></span> 
     </span>
    </p>
   </div>
   <div class='ocr_carea' id='block_1_76' title="bbox 2141 3213 3699 3287">
    <p class='ocr_par' dir='ltr' id='par_1_76' title="bbox 2141 3213 3699 3287">
     <span class='ocr_line' id='line_1_76' title="bbox 2141 3213 3699 3287; baseline 0.003 -19"><span class='ocrx_word' id='word_1_609' title='bbox 2141 3213 2427 3271; x_wconf 90' lang='lat' dir='ltr'><strong><em>docentem</em></strong></span> <span class='ocrx_word' id='word_1_610' title='bbox 2458 3214 2735 3285; x_wconf 91' lang='lat' dir='ltr'><strong><em>quomodo</em></strong></span> <span class='ocrx_word' id='word_1_611' title='bbox 2776 3215 3070 3269; x_wconf 83' lang='lat' dir='ltr'><strong><em>adduxerit</em></strong></span> <span class='ocrx_word' id='word_1_612' title='bbox 3117 3216 3320 3271; x_wconf 87' lang='lat' dir='ltr'><strong><em>bestias</em></strong></span> <span class='ocrx_word' id='word_1_613' title='bbox 3347 3218 3593 3287; x_wconf 89' lang='lat' dir='ltr'><strong><em>gentium</em></strong></span> <span class='ocrx_word' id='word_1_614' title='bbox 3634 3218 3699 3273; x_wconf 86' lang='lat' dir='ltr'><strong><em>ad</em></strong></span> 
     </span>
    </p>
   </div>
   <div class='ocr_carea' id='block_1_77' title="bbox 2141 3294 3701 3376">
    <p class='ocr_par' dir='ltr' id='par_1_77' title="bbox 2141 3294 3701 3376">
     <span class='ocr_line' id='line_1_77' title="bbox 2141 3294 3701 3376; baseline 0.004 -18"><span class='ocrx_word' id='word_1_615' title='bbox 2141 3304 2339 3359; x_wconf 86' lang='lat' dir='ltr'><strong><em>Filium</em></strong></span> <span class='ocrx_word' id='word_1_616' title='bbox 2369 3294 2465 3375; x_wconf 56' lang='grc' dir='ltr'><strong><em>(ιώ</em></strong></span> <span class='ocrx_word' id='word_1_617' title='bbox 2502 3313 2586 3360; x_wconf 89' lang='lat' dir='ltr'><strong><em>est</em></strong></span> <span class='ocrx_word' id='word_1_618' title='bbox 2618 3305 2864 3375; x_wconf 90' lang='lat' dir='ltr'><strong><em>ejusdem</em></strong></span> <span class='ocrx_word' id='word_1_619' title='bbox 2900 3306 3064 3360; x_wconf 90' lang='lat' dir='ltr'><strong><em>simul</em></strong></span> <span class='ocrx_word' id='word_1_620' title='bbox 3093 3322 3217 3361; x_wconf 89' lang='lat' dir='ltr'><strong><em>cum</em></strong></span> <span class='ocrx_word' id='word_1_621' title='bbox 3251 3324 3318 3363; x_wconf 91' lang='lat' dir='ltr'><strong><em>eo</em></strong></span> <span class='ocrx_word' id='word_1_622' title='bbox 3343 3310 3616 3376; x_wconf 87' lang='lat' dir='ltr'><strong><em>essentia,</em></strong></span> <span class='ocrx_word' id='word_1_623' title='bbox 3648 3312 3701 3365; x_wconf 90' lang='lat' dir='ltr'><strong><em>in</em></strong></span> 
     </span>
    </p>
   </div>
   <div class='ocr_carea' id='block_1_78' title="bbox 2140 3397 3699 3467">
    <p class='ocr_par' dir='ltr' id='par_1_78' title="bbox 2140 3397 3699 3467">
     <span class='ocr_line' id='line_1_78' title="bbox 2140 3397 3699 3467; baseline 0.004 -16"><span class='ocrx_word' id='word_1_624' title='bbox 2140 3398 2456 3467; x_wconf 89' lang='lat' dir='ltr'><strong><em>paradisum</em></strong></span> <span class='ocrx_word' id='word_1_625' title='bbox 2514 3398 2791 3452; x_wconf 82' lang='lat' dir='ltr'><strong><em>Ecclesia.</em></strong></span> <span class='ocrx_word' id='word_1_626' title='bbox 2844 3397 3213 3465; x_wconf 85' lang='lat' dir='ltr'><strong><em>Quamobrem</em></strong></span> <span class='ocrx_word' id='word_1_627' title='bbox 3274 3418 3467 3457; x_wconf 89' lang='lat' dir='ltr'><strong><em>rursus</em></strong></span> <span class='ocrx_word' id='word_1_628' title='bbox 3520 3404 3699 3459; x_wconf 88' lang='lat' dir='ltr'><strong><em>dicit:</em></strong></span> 
     </span>
    </p>
   </div>
   <div class='ocr_carea' id='block_1_79' title="bbox 2140 3491 3700 3561">
    <p class='ocr_par' dir='ltr' id='par_1_79' title="bbox 2140 3491 3700 3561">
     <span class='ocr_line' id='line_1_79' title="bbox 2140 3491 3700 3561; baseline 0.003 -15"><span class='ocrx_word' id='word_1_629' title='bbox 2140 3491 2279 3558; x_wconf 81' lang='lat' dir='ltr'><strong><em>Quos</em></strong></span> <span class='ocrx_word' id='word_1_630' title='bbox 2312 3494 2499 3546; x_wconf 86' lang='lat' dir='ltr'><strong><em>dedisti</em></strong></span> <span class='ocrx_word' id='word_1_631' title='bbox 2533 3494 2679 3558; x_wconf 84' lang='lat' dir='ltr'><strong><em>mihi,</em></strong></span> <span class='ocrx_word' id='word_1_632' title='bbox 2712 3493 2894 3559; x_wconf 89' lang='lat' dir='ltr'><strong><em>Pater,</em></strong></span> <span class='ocrx_word' id='word_1_633' title='bbox 2930 3496 3009 3548; x_wconf 87' lang='lat' dir='ltr'><strong><em>tui</em></strong></span> <span class='ocrx_word' id='word_1_634' title='bbox 3051 3506 3224 3561; x_wconf 88' lang='lat' dir='ltr'><strong><em>erant,</em></strong></span> <span class='ocrx_word' id='word_1_635' title='bbox 3258 3506 3307 3552; x_wconf 85' lang='lat' dir='ltr'><strong><em>et</em></strong></span> <span class='ocrx_word' id='word_1_636' title='bbox 3337 3500 3466 3552; x_wconf 82' lang='lat' dir='ltr'><strong><em>mihi</em></strong></span> <span class='ocrx_word' id='word_1_637' title='bbox 3498 3515 3583 3553; x_wconf 89' lang='lat' dir='ltr'><strong><em>eos</em></strong></span> <span class='ocrx_word' id='word_1_638' title='bbox 3611 3499 3700 3551; x_wconf 91' lang='lat' dir='ltr'><strong><em>de-</em></strong></span> 
     </span>
    </p>
   </div>
   <div class='ocr_carea' id='block_1_80' title="bbox 2138 3584 3700 3657">
    <p class='ocr_par' dir='ltr' id='par_1_80' title="bbox 2138 3584 3700 3657">
     <span class='ocr_line' id='line_1_80' title="bbox 2138 3584 3700 3657; baseline 0.002 -18"><span class='ocrx_word' id='word_1_639' title='bbox 2138 3587 2263 3640; x_wconf 86' lang='lat' dir='ltr'><strong><em>disti</em></strong></span> <span class='ocrx_word' id='word_1_640' title='bbox 2304 3587 2370 3639; x_wconf 63' lang='lat'><strong><em>‘9.</em></strong></span> <span class='ocrx_word' id='word_1_641' title='bbox 2426 3584 2606 3641; x_wconf 88' lang='lat' dir='ltr'><strong><em>Omnis</em></strong></span> <span class='ocrx_word' id='word_1_642' title='bbox 2650 3587 2788 3641; x_wconf 90' lang='lat' dir='ltr'><strong><em>enim</em></strong></span> <span class='ocrx_word' id='word_1_643' title='bbox 2850 3589 2938 3657; x_wconf 87' lang='lat' dir='ltr'><strong><em>qui</em></strong></span> <span class='ocrx_word' id='word_1_644' title='bbox 3004 3589 3203 3643; x_wconf 86' lang='lat' dir='ltr'><strong><em>audiuit</em></strong></span> <span class='ocrx_word' id='word_1_645' title='bbox 3233 3608 3264 3643; x_wconf 92' lang='lat' dir='ltr'><strong><em>a</em></strong></span> <span class='ocrx_word' id='word_1_646' title='bbox 3298 3590 3463 3644; x_wconf 88' lang='lat' dir='ltr'><strong><em>Patre</em></strong></span> <span class='ocrx_word' id='word_1_647' title='bbox 3510 3591 3580 3644; x_wconf 89' lang='lat' dir='ltr'><strong><em>ad</em></strong></span> <span class='ocrx_word' id='word_1_648' title='bbox 3623 3605 3700 3644; x_wconf 87' lang='lat' dir='ltr'><strong><em>me</em></strong></span> 
     </span>
    </p>
   </div>
   <div class='ocr_carea' id='block_1_81' title="bbox 2137 3679 3699 3749">
    <p class='ocr_par' dir='ltr' id='par_1_81' title="bbox 2137 3679 3699 3749">
     <span class='ocr_line' id='line_1_81' title="bbox 2137 3679 3699 3749; baseline 0.006 -19"><span class='ocrx_word' id='word_1_649' title='bbox 2137 3679 2297 3740; x_wconf 81' lang='lat' dir='ltr'><strong><em>venit,</em></strong></span> <span class='ocrx_word' id='word_1_650' title='bbox 2345 3686 2395 3730; x_wconf 89' lang='lat' dir='ltr'><strong><em>et</em></strong></span> <span class='ocrx_word' id='word_1_651' title='bbox 2434 3694 2586 3731; x_wconf 89' lang='lat' dir='ltr'><strong><em>omne</em></strong></span> <span class='ocrx_word' id='word_1_652' title='bbox 2623 3680 2759 3749; x_wconf 86' lang='lat' dir='ltr'><strong><em>quod</em></strong></span> <span class='ocrx_word' id='word_1_653' title='bbox 2803 3679 2945 3733; x_wconf 88' lang='lat' dir='ltr'><strong><em>dedit</em></strong></span> <span class='ocrx_word' id='word_1_654' title='bbox 2996 3682 3121 3734; x_wconf 82' lang='lat' dir='ltr'><strong><em>mihi</em></strong></span> <span class='ocrx_word' id='word_1_655' title='bbox 3158 3680 3339 3747; x_wconf 88' lang='lat' dir='ltr'><strong><em>Pater,</em></strong></span> <span class='ocrx_word' id='word_1_656' title='bbox 3388 3683 3459 3736; x_wconf 88' lang='lat' dir='ltr'><strong><em>ad</em></strong></span> <span class='ocrx_word' id='word_1_657' title='bbox 3496 3700 3578 3737; x_wconf 87' lang='lat' dir='ltr'><strong><em>me</em></strong></span> <span class='ocrx_word' id='word_1_658' title='bbox 3613 3700 3699 3739; x_wconf 77' lang='lat' dir='ltr'><strong><em>ue-</em></strong></span> 
     </span>
    </p>
   </div>
   <div class='ocr_carea' id='block_1_82' title="bbox 2138 3772 3697 3845">
    <p class='ocr_par' dir='ltr' id='par_1_82' title="bbox 2138 3772 3697 3845">
     <span class='ocr_line' id='line_1_82' title="bbox 2138 3772 3697 3845; baseline 0.007 -23"><span class='ocrx_word' id='word_1_659' title='bbox 2138 3772 2267 3833; x_wconf 88' lang='lat' dir='ltr'><strong><em>niet,</em></strong></span> <span class='ocrx_word' id='word_1_660' title='bbox 2307 3779 2355 3823; x_wconf 89' lang='lat' dir='ltr'><strong><em>et</em></strong></span> <span class='ocrx_word' id='word_1_661' title='bbox 2390 3788 2508 3824; x_wconf 90' lang='lat' dir='ltr'><strong><em>eum</em></strong></span> <span class='ocrx_word' id='word_1_662' title='bbox 2538 3772 2628 3841; x_wconf 87' lang='lat' dir='ltr'><strong><em>qui</em></strong></span> <span class='ocrx_word' id='word_1_663' title='bbox 2674 3773 2813 3825; x_wconf 84' lang='lat' dir='ltr'><strong><em>uenit</em></strong></span> <span class='ocrx_word' id='word_1_664' title='bbox 2862 3772 2931 3825; x_wconf 89' lang='lat' dir='ltr'><strong><em>ad</em></strong></span> <span class='ocrx_word' id='word_1_665' title='bbox 2989 3788 3070 3825; x_wconf 92' lang='lat' dir='ltr'><strong><em>me</em></strong></span> <span class='ocrx_word' id='word_1_666' title='bbox 3112 3789 3215 3827; x_wconf 83' lang='lat' dir='ltr'><strong><em>non</em></strong></span> <span class='ocrx_word' id='word_1_667' title='bbox 3250 3774 3401 3844; x_wconf 89' lang='lat' dir='ltr'><strong><em>ejicio</em></strong></span> <span class='ocrx_word' id='word_1_668' title='bbox 3446 3776 3589 3845; x_wconf 88' lang='lat' dir='ltr'><strong><em>foras</em></strong></span> <span class='ocrx_word' id='word_1_669' title='bbox 3630 3778 3697 3833; x_wconf 82' lang='lat'><strong><em>”.</em></strong></span> 
     </span>
    </p>
   </div>
   <div class='ocr_carea' id='block_1_83' title="bbox 2136 3861 3699 3935">
    <p class='ocr_par' dir='ltr' id='par_1_83' title="bbox 2136 3861 3699 3935">
     <span class='ocr_line' id='line_1_83' title="bbox 2136 3861 3699 3935; baseline 0.005 -18"><span class='ocrx_word' id='word_1_670' title='bbox 2136 3861 2432 3918; x_wconf 88' lang='lat' dir='ltr'><strong><em>Conﬁdant</em></strong></span> <span class='ocrx_word' id='word_1_671' title='bbox 2483 3879 2616 3934; x_wconf 88' lang='lat' dir='ltr'><strong><em>ergo</em></strong></span> <span class='ocrx_word' id='word_1_672' title='bbox 2660 3863 2849 3918; x_wconf 83' lang='lat' dir='ltr'><strong><em>bestia</em></strong></span> <span class='ocrx_word' id='word_1_673' title='bbox 2914 3865 3160 3935; x_wconf 89' lang='lat' dir='ltr'><strong><em>gentium</em></strong></span> <span class='ocrx_word' id='word_1_674' title='bbox 3206 3881 3304 3935; x_wconf 92' lang='lat' dir='ltr'><strong><em>per</em></strong></span> <span class='ocrx_word' id='word_1_675' title='bbox 3346 3868 3562 3923; x_wconf 90' lang='lat' dir='ltr'><strong><em>Patrem</em></strong></span> <span class='ocrx_word' id='word_1_676' title='bbox 3618 3869 3699 3925; x_wconf 86' lang='lat' dir='ltr'><strong><em>in-</em></strong></span> 
     </span>
    </p>
   </div>
   <div class='ocr_carea' id='block_1_84' title="bbox 2137 3955 3696 4023">
    <p class='ocr_par' dir='ltr' id='par_1_84' title="bbox 2137 3955 3696 4023">
     <span class='ocr_line' id='line_1_84' title="bbox 2137 3955 3696 4023; baseline 0.006 -15"><span class='ocrx_word' id='word_1_677' title='bbox 2137 3969 2335 4023; x_wconf 82' lang='lat' dir='ltr'><strong><em>gressa</em></strong></span> <span class='ocrx_word' id='word_1_678' title='bbox 2386 3956 2453 4010; x_wconf 93' lang='lat' dir='ltr'><strong><em>ad</em></strong></span> <span class='ocrx_word' id='word_1_679' title='bbox 2483 3955 2704 4021; x_wconf 83' lang='lat' dir='ltr'><strong><em>Filium,</em></strong></span> <span class='ocrx_word' id='word_1_680' title='bbox 2731 3955 3019 4012; x_wconf 88' lang='lat' dir='ltr'><strong><em>audientes</em></strong></span> <span class='ocrx_word' id='word_1_681' title='bbox 3047 3973 3174 4013; x_wconf 90' lang='lat' dir='ltr'><strong><em>eum</em></strong></span> <span class='ocrx_word' id='word_1_682' title='bbox 3199 3958 3473 4015; x_wconf 88' lang='lat' dir='ltr'><strong><em>dicentem</em></strong></span> <span class='ocrx_word' id='word_1_683' title='bbox 3508 3979 3521 4015; x_wconf 92' lang='lat'><strong>:</strong></span> <span class='ocrx_word' id='word_1_684' title='bbox 3556 3961 3696 4023; x_wconf 85' lang='lat' dir='ltr'><strong><em>Eum</em></strong></span> 
     </span>
    </p>
   </div>
   <div class='ocr_carea' id='block_1_85' title="bbox 2137 4046 3697 4119">
    <p class='ocr_par' dir='ltr' id='par_1_85' title="bbox 2137 4046 3697 4119">
     <span class='ocr_line' id='line_1_85' title="bbox 2137 4046 3697 4119; baseline 0.008 -21"><span class='ocrx_word' id='word_1_685' title='bbox 2137 4046 2226 4114; x_wconf 86' lang='lat' dir='ltr'><strong><em>qui</em></strong></span> <span class='ocrx_word' id='word_1_686' title='bbox 2262 4048 2401 4100; x_wconf 85' lang='lat' dir='ltr'><strong><em>venit</em></strong></span> <span class='ocrx_word' id='word_1_687' title='bbox 2452 4049 2521 4101; x_wconf 88' lang='lat' dir='ltr'><strong><em>ad</em></strong></span> <span class='ocrx_word' id='word_1_688' title='bbox 2574 4065 2656 4102; x_wconf 88' lang='lat' dir='ltr'><strong><em>me</em></strong></span> <span class='ocrx_word' id='word_1_689' title='bbox 2690 4065 2794 4101; x_wconf 91' lang='lat' dir='ltr'><strong><em>non</em></strong></span> <span class='ocrx_word' id='word_1_690' title='bbox 2836 4048 2984 4117; x_wconf 89' lang='lat' dir='ltr'><strong><em>ejicio</em></strong></span> <span class='ocrx_word' id='word_1_691' title='bbox 3031 4050 3192 4119; x_wconf 79' lang='lat' dir='ltr'><strong><em>foras.</em></strong></span> <span class='ocrx_word' id='word_1_692' title='bbox 3226 4051 3293 4107; x_wconf 89' lang='lat' dir='ltr'><strong><em>Et</em></strong></span> <span class='ocrx_word' id='word_1_693' title='bbox 3342 4054 3527 4109; x_wconf 87' lang='lat' dir='ltr'><strong><em>omnia</em></strong></span> <span class='ocrx_word' id='word_1_694' title='bbox 3570 4064 3697 4109; x_wconf 85' lang='lat' dir='ltr'><strong><em>sunt</em></strong></span> 
     </span>
    </p>
   </div>
   <div class='ocr_carea' id='block_1_86' title="bbox 2138 4136 3695 4216">
    <p class='ocr_par' dir='ltr' id='par_1_86' title="bbox 2138 4136 3695 4216">
     <span class='ocr_line' id='line_1_86' title="bbox 2138 4136 3695 4216; baseline 0.007 -26"><span class='ocrx_word' id='word_1_695' title='bbox 2138 4136 2274 4191; x_wconf 90' lang='lat' dir='ltr'><strong><em>mihi</em></strong></span> <span class='ocrx_word' id='word_1_696' title='bbox 2300 4138 2501 4193; x_wconf 89' lang='lat' dir='ltr'><strong><em>tradita</em></strong></span> <span class='ocrx_word' id='word_1_697' title='bbox 2525 4155 2553 4193; x_wconf 90' lang='lat' dir='ltr'><strong><em>a</em></strong></span> <span class='ocrx_word' id='word_1_698' title='bbox 2577 4139 2735 4195; x_wconf 90' lang='lat' dir='ltr'><strong><em>Patre</em></strong></span> <span class='ocrx_word' id='word_1_699' title='bbox 2756 4156 2898 4195; x_wconf 92' lang='lat' dir='ltr'><strong><em>meo.</em></strong></span> <span class='ocrx_word' id='word_1_700' title='bbox 2925 4141 3086 4196; x_wconf 87' lang='lat' dir='ltr'><strong><em>Pater</em></strong></span> <span class='ocrx_word' id='word_1_701' title='bbox 3109 4142 3255 4197; x_wconf 91' lang='lat' dir='ltr'><strong><em>enim</em></strong></span> <span class='ocrx_word' id='word_1_702' title='bbox 3281 4143 3457 4216; x_wconf 78' lang='lat' dir='ltr'><strong><em>diligit</em></strong></span> <span class='ocrx_word' id='word_1_703' title='bbox 3479 4146 3695 4211; x_wconf 86' lang='lat' dir='ltr'><strong><em>Filium,</em></strong></span> 
     </span>
    </p>
   </div>
   <div class='ocr_carea' id='block_1_87' title="bbox 2135 4229 3696 4301">
    <p class='ocr_par' dir='ltr' id='par_1_87' title="bbox 2135 4229 3696 4301">
     <span class='ocr_line' id='line_1_87' title="bbox 2135 4229 3696 4301; baseline 0.006 -18"><span class='ocrx_word' id='word_1_704' title='bbox 2135 4238 2191 4283; x_wconf 86' lang='lat' dir='ltr'><strong><em>et</em></strong></span> <span class='ocrx_word' id='word_1_705' title='bbox 2213 4229 2368 4284; x_wconf 91' lang='lat' dir='ltr'><strong><em>dedit</em></strong></span> <span class='ocrx_word' id='word_1_706' title='bbox 2392 4231 2441 4285; x_wconf 89' lang='lat' dir='ltr'><strong><em>ei</em></strong></span> <span class='ocrx_word' id='word_1_707' title='bbox 2474 4240 2796 4300; x_wconf 89' lang='lat' dir='ltr'><strong><em>potestatem</em></strong></span> <span class='ocrx_word' id='word_1_708' title='bbox 2821 4231 3000 4287; x_wconf 91' lang='lat' dir='ltr'><strong><em>omnis</em></strong></span> <span class='ocrx_word' id='word_1_709' title='bbox 3019 4242 3305 4301; x_wconf 86' lang='lat' dir='ltr'><strong><em>creatura,</em></strong></span> <span class='ocrx_word' id='word_1_710' title='bbox 3327 4235 3549 4291; x_wconf 90' lang='lat' dir='ltr'><strong><em>dicens:</em></strong></span> <span class='ocrx_word' id='word_1_711' title='bbox 3572 4237 3696 4292; x_wconf 82' lang='lat' dir='ltr'><strong><em>Pete</em></strong></span> 
     </span>
    </p>
   </div>
   <div class='ocr_carea' id='block_1_88' title="bbox 2136 4320 3695 4398">
    <p class='ocr_par' dir='ltr' id='par_1_88' title="bbox 2136 4320 3695 4398">
     <span class='ocr_line' id='line_1_88' title="bbox 2136 4320 3695 4398; baseline 0.005 -23"><span class='ocrx_word' id='word_1_712' title='bbox 2136 4340 2167 4375; x_wconf 95' lang='lat' dir='ltr'><strong><em>a</em></strong></span> <span class='ocrx_word' id='word_1_713' title='bbox 2193 4337 2273 4375; x_wconf 90' lang='lat' dir='ltr'><strong><em>me</em></strong></span> <span class='ocrx_word' id='word_1_714' title='bbox 2298 4330 2553 4392; x_wconf 90' lang='lat' dir='ltr'><strong><em>tanquam</em></strong></span> <span class='ocrx_word' id='word_1_715' title='bbox 2586 4320 2832 4388; x_wconf 88' lang='lat' dir='ltr'><strong><em>Filius,et</em></strong></span> <span class='ocrx_word' id='word_1_716' title='bbox 2852 4324 2984 4380; x_wconf 87' lang='lat' dir='ltr'><strong><em>dabo</em></strong></span> <span class='ocrx_word' id='word_1_717' title='bbox 3011 4326 3101 4379; x_wconf 89' lang='lat' dir='ltr'><strong><em>tibi</em></strong></span> <span class='ocrx_word' id='word_1_718' title='bbox 3132 4328 3485 4382; x_wconf 64' lang='lat' dir='ltr'><strong><em>hereditatem</em></strong></span> <span class='ocrx_word' id='word_1_719' title='bbox 3509 4338 3695 4398; x_wconf 85' lang='lat' dir='ltr'><strong><em>pater-</em></strong></span> 
     </span>
    </p>
   </div>
   <div class='ocr_carea' id='block_1_89' title="bbox 2135 4417 3693 4485">
    <p class='ocr_par' dir='ltr' id='par_1_89' title="bbox 2135 4417 3693 4485">
     <span class='ocr_line' id='line_1_89' title="bbox 2135 4417 3693 4485; baseline 0.004 -19"><span class='ocrx_word' id='word_1_720' title='bbox 2135 4428 2261 4468; x_wconf 87' lang='lat' dir='ltr'><strong><em>nam</em></strong></span> <span class='ocrx_word' id='word_1_721' title='bbox 2308 4422 2503 4484; x_wconf 84' lang='lat' dir='ltr'><strong><em>gentes,</em></strong></span> <span class='ocrx_word' id='word_1_722' title='bbox 2552 4429 2749 4485; x_wconf 88' lang='lat' dir='ltr'><strong><em>nempe</em></strong></span> <span class='ocrx_word' id='word_1_723' title='bbox 2789 4417 3015 4481; x_wconf 88' lang='lat' dir='ltr'><strong><em>bestias,</em></strong></span> <span class='ocrx_word' id='word_1_724' title='bbox 3051 4418 3407 4472; x_wconf 79' lang='lat' dir='ltr'><strong><em>Iuereditatem</em></strong></span> <span class='ocrx_word' id='word_1_725' title='bbox 3451 4428 3616 4485; x_wconf 82' lang='lat' dir='ltr'><strong><em>tuam,</em></strong></span> <span class='ocrx_word' id='word_1_726' title='bbox 3646 4429 3693 4473; x_wconf 89' lang='lat' dir='ltr'><strong><em>et</em></strong></span> 
     </span>
    </p>
   </div>
   <div class='ocr_carea' id='block_1_90' title="bbox 468 4506 3694 4579">
    <p class='ocr_par' dir='ltr' id='par_1_90' title="bbox 468 4506 3694 4579">
     <span class='ocr_line' id='line_1_90' title="bbox 468 4506 3694 4579; baseline 0.001 -16"><span class='ocrx_word' id='word_1_727' title='bbox 468 4518 683 4565; x_wconf 90' lang='lat' dir='ltr'><strong><em>centem</em></strong></span> <span class='ocrx_word' id='word_1_728' title='bbox 728 4508 873 4579; x_wconf 94' lang='lat' dir='ltr'><strong><em>quod</em></strong></span> <span class='ocrx_word' id='word_1_729' title='bbox 936 4523 1129 4562; x_wconf 83' lang='lat' dir='ltr'><strong><em>omnes</em></strong></span> <span class='ocrx_word' id='word_1_730' title='bbox 1176 4515 1441 4562; x_wconf 73' lang='lat' dir='ltr'><strong><em>creatura:</em></strong></span> <span class='ocrx_word' id='word_1_731' title='bbox 1484 4524 1604 4577; x_wconf 82' lang='lat' dir='ltr'><strong><em>qua</em></strong></span> <span class='ocrx_word' id='word_1_732' title='bbox 1639 4518 1767 4562; x_wconf 91' lang='lat' dir='ltr'><strong><em>sunt</em></strong></span> <span class='ocrx_word' id='word_1_733' title='bbox 1807 4508 1863 4563; x_wconf 92' lang='lat' dir='ltr'><strong><em>in</em></strong></span> <span class='ocrx_word' id='word_1_734' title='bbox 1896 4510 2035 4565; x_wconf 78' lang='lat' dir='ltr'><strong><em>calo</em></strong></span> <span class='ocrx_word' id='word_1_735' title='bbox 2065 4506 2110 4559; x_wconf 82' lang='grc' dir='ltr'>ι)</span> <span class='ocrx_word' id='word_1_736' title='bbox 2138 4506 2511 4573; x_wconf 85' lang='lat' dir='ltr'><strong><em>possessionem</em></strong></span> <span class='ocrx_word' id='word_1_737' title='bbox 2527 4513 2673 4560; x_wconf 89' lang='lat' dir='ltr'><strong><em>tuam</em></strong></span> <span class='ocrx_word' id='word_1_738' title='bbox 2703 4508 2950 4562; x_wconf 88' lang='lat' dir='ltr'><strong><em>terminos</em></strong></span> <span class='ocrx_word' id='word_1_739' title='bbox 2969 4508 3479 4577; x_wconf 74' lang='lat' dir='ltr'><strong><em>terra“.Audiant,</em></strong></span> <span class='ocrx_word' id='word_1_740' title='bbox 3508 4527 3694 4568; x_wconf 82' lang='lat' dir='ltr'><strong><em>rursus</em></strong></span> 
     </span>
    </p>
   </div>
   <div class='ocr_carea' id='block_1_91' title="bbox 468 4599 2034 4670">
    <p class='ocr_par' dir='ltr' id='par_1_91' title="bbox 468 4599 2034 4670">
     <span class='ocr_line' id='line_1_91' title="bbox 468 4599 2034 4670; baseline 0.001 -14"><span class='ocrx_word' id='word_1_741' title='bbox 468 4609 524 4657; x_wconf 87' lang='lat' dir='ltr'><strong><em>et</em></strong></span> <span class='ocrx_word' id='word_1_742' title='bbox 556 4602 612 4656; x_wconf 92' lang='lat' dir='ltr'><strong><em>in</em></strong></span> <span class='ocrx_word' id='word_1_743' title='bbox 659 4608 805 4655; x_wconf 88' lang='lat' dir='ltr'><strong><em>terra</em></strong></span> <span class='ocrx_word' id='word_1_744' title='bbox 834 4599 1154 4654; x_wconf 87' lang='lat' dir='ltr'><strong><em>describunt</em></strong></span> <span class='ocrx_word' id='word_1_745' title='bbox 1185 4616 1249 4654; x_wconf 91' lang='lat' dir='ltr'><strong><em>ac</em></strong></span> <span class='ocrx_word' id='word_1_746' title='bbox 1280 4600 1514 4670; x_wconf 88' lang='lat' dir='ltr'><strong><em>ﬁgurant</em></strong></span> <span class='ocrx_word' id='word_1_747' title='bbox 1539 4600 1817 4655; x_wconf 89' lang='lat' dir='ltr'><strong><em>Christum</em></strong></span> <span class='ocrx_word' id='word_1_748' title='bbox 1844 4609 1898 4654; x_wconf 89' lang='lat' dir='ltr'><strong><em>et</em></strong></span> <span class='ocrx_word' id='word_1_749' title='bbox 1931 4602 2034 4657; x_wconf 87' lang='lat' dir='ltr'><strong><em>Ec-</em></strong></span> 
     </span>
    </p>
   </div>
   <div class='ocr_carea' id='block_1_92' title="bbox 468 4693 2033 4768">
    <p class='ocr_par' dir='ltr' id='par_1_92' title="bbox 468 4693 2033 4768">
     <span class='ocr_line' id='line_1_92' title="bbox 468 4693 2033 4768; baseline 0.001 -18"><span class='ocrx_word' id='word_1_750' title='bbox 468 4696 690 4750; x_wconf 88' lang='lat' dir='ltr'><strong><em>clesiam</em></strong></span> <span class='ocrx_word' id='word_1_751' title='bbox 738 4694 804 4748; x_wconf 66' lang='grc' dir='ltr'><strong><em>δτ.</em></strong></span> <span class='ocrx_word' id='word_1_752' title='bbox 839 4695 1135 4765; x_wconf 89' lang='lat' dir='ltr'><strong><em>Propterea</em></strong></span> <span class='ocrx_word' id='word_1_753' title='bbox 1165 4710 1297 4764; x_wconf 86' lang='lat' dir='ltr'><strong><em>ergo</em></strong></span> <span class='ocrx_word' id='word_1_754' title='bbox 1326 4709 1437 4749; x_wconf 91' lang='lat' dir='ltr'><strong><em>non</em></strong></span> <span class='ocrx_word' id='word_1_755' title='bbox 1474 4693 1704 4749; x_wconf 83' lang='lat' dir='ltr'><strong><em>adduxit</em></strong></span> <span class='ocrx_word' id='word_1_756' title='bbox 1742 4694 1918 4765; x_wconf 89' lang='lat' dir='ltr'><strong><em>prima</em></strong></span> <span class='ocrx_word' id='word_1_757' title='bbox 1947 4696 2033 4768; x_wconf 89' lang='lat' dir='ltr'><strong><em>ju-</em></strong></span> 
     </span>
    </p>
   </div>
   <div class='ocr_carea' id='block_1_93' title="bbox 468 4786 2029 4858">
    <p class='ocr_par' dir='ltr' id='par_1_93' title="bbox 468 4786 2029 4858">
     <span class='ocr_line' id='line_1_93' title="bbox 468 4786 2029 4858; baseline 0.003 -18"><span class='ocrx_word' id='word_1_758' title='bbox 468 4795 653 4841; x_wconf 87' lang='lat' dir='ltr'><strong><em>menta</em></strong></span> <span class='ocrx_word' id='word_1_759' title='bbox 694 4786 953 4841; x_wconf 87' lang='lat' dir='ltr'><strong><em>animalia</em></strong></span> <span class='ocrx_word' id='word_1_760' title='bbox 982 4801 1103 4856; x_wconf 81' lang='lat' dir='ltr'><strong><em>qua</em></strong></span> <span class='ocrx_word' id='word_1_761' title='bbox 1136 4788 1291 4858; x_wconf 87' lang='lat' dir='ltr'><strong><em>jussu</em></strong></span> <span class='ocrx_word' id='word_1_762' title='bbox 1324 4786 1466 4841; x_wconf 83' lang='lat' dir='ltr'><strong><em>facta</em></strong></span> <span class='ocrx_word' id='word_1_763' title='bbox 1492 4796 1639 4851; x_wconf 88' lang='lat' dir='ltr'><strong><em>sunt,</em></strong></span> <span class='ocrx_word' id='word_1_764' title='bbox 1670 4786 1736 4841; x_wconf 90' lang='lat' dir='ltr'><strong><em>ad</em></strong></span> <span class='ocrx_word' id='word_1_765' title='bbox 1763 4788 2029 4844; x_wconf 84' lang='lat' dir='ltr'><strong><em>Adamum</em></strong></span> 
     </span>
    </p>
   </div>
   <div class='ocr_carea' id='block_1_94' title="bbox 468 4876 2034 4948">
    <p class='ocr_par' dir='ltr' id='par_1_94' title="bbox 468 4876 2034 4948">
     <span class='ocr_line' id='line_1_94' title="bbox 468 4876 2034 4948; baseline 0.003 -17"><span class='ocrx_word' id='word_1_766' title='bbox 468 4877 810 4947; x_wconf 84' lang='lat' dir='ltr'><strong><em>spiritualem</em></strong></span> <span class='ocrx_word' id='word_1_767' title='bbox 862 4876 1164 4942; x_wconf 87' lang='lat' dir='ltr'><strong><em>Christum,</em></strong></span> <span class='ocrx_word' id='word_1_768' title='bbox 1210 4878 1356 4933; x_wconf 90' lang='lat' dir='ltr'><strong><em>Deus</em></strong></span> <span class='ocrx_word' id='word_1_769' title='bbox 1402 4878 1457 4932; x_wconf 91' lang='lat' dir='ltr'><strong><em>in</em></strong></span> <span class='ocrx_word' id='word_1_770' title='bbox 1484 4878 1841 4948; x_wconf 89' lang='lat' dir='ltr'><strong><em>paradisum:</em></strong></span> <span class='ocrx_word' id='word_1_771' title='bbox 1876 4891 2034 4936; x_wconf 91' lang='lat' dir='ltr'><strong><em>erant</em></strong></span> 
     </span>
    </p>
   </div>
   <div class='ocr_carea' id='block_1_95' title="bbox 470 4969 2029 5039">
    <p class='ocr_par' dir='ltr' id='par_1_95' title="bbox 470 4969 2029 5039">
     <span class='ocr_line' id='line_1_95' title="bbox 470 4969 2029 5039; baseline 0.004 -15"><span class='ocrx_word' id='word_1_772' title='bbox 470 4969 614 5024; x_wconf 90' lang='lat' dir='ltr'><strong><em>enim</em></strong></span> <span class='ocrx_word' id='word_1_773' title='bbox 662 4977 823 5039; x_wconf 79' lang='lat' dir='ltr'><strong><em>typus</em></strong></span> <span class='ocrx_word' id='word_1_774' title='bbox 857 4984 921 5023; x_wconf 91' lang='lat' dir='ltr'><strong><em>ac</em></strong></span> <span class='ocrx_word' id='word_1_775' title='bbox 966 4969 1137 5039; x_wconf 84' lang='lat' dir='ltr'><strong><em>ﬁgura</em></strong></span> <span class='ocrx_word' id='word_1_776' title='bbox 1177 4969 1363 5039; x_wconf 91' lang='lat' dir='ltr'><strong><em>populi</em></strong></span> <span class='ocrx_word' id='word_1_777' title='bbox 1407 4970 1738 5037; x_wconf 83' lang='lat' dir='ltr'><strong><em>Judaorum,</em></strong></span> <span class='ocrx_word' id='word_1_778' title='bbox 1789 4972 1883 5027; x_wconf 91' lang='lat' dir='ltr'><strong><em>sed</em></strong></span> <span class='ocrx_word' id='word_1_779' title='bbox 1929 4990 2029 5030; x_wconf 89' lang='lat' dir='ltr'><strong><em>nos</em></strong></span> 
     </span>
    </p>
   </div>
   <div class='ocr_carea' id='block_1_96' title="bbox 470 5060 2025 5129">
    <p class='ocr_par' dir='ltr' id='par_1_96' title="bbox 470 5060 2025 5129">
     <span class='ocr_line' id='line_1_96' title="bbox 470 5060 2025 5129; baseline 0.001 -13"><span class='ocrx_word' id='word_1_780' title='bbox 470 5060 773 5116; x_wconf 88' lang='lat' dir='ltr'><strong><em>secundum</em></strong></span> <span class='ocrx_word' id='word_1_781' title='bbox 820 5060 1115 5129; x_wconf 90' lang='lat' dir='ltr'><strong><em>populum,</em></strong></span> <span class='ocrx_word' id='word_1_782' title='bbox 1164 5075 1273 5115; x_wconf 92' lang='lat' dir='ltr'><strong><em>non</em></strong></span> <span class='ocrx_word' id='word_1_783' title='bbox 1317 5060 1594 5116; x_wconf 90' lang='lat' dir='ltr'><strong><em>desertum</em></strong></span> <span class='ocrx_word' id='word_1_784' title='bbox 1612 5104 1639 5129; x_wconf 51' lang='grc'><strong><em>,,</em></strong></span> <span class='ocrx_word' id='word_1_785' title='bbox 1676 5062 1770 5117; x_wconf 91' lang='lat' dir='ltr'><strong><em>sed</em></strong></span> <span class='ocrx_word' id='word_1_786' title='bbox 1813 5063 2025 5121; x_wconf 90' lang='lat' dir='ltr'><strong><em>unitum</em></strong></span> 
     </span>
    </p>
   </div>
   <div class='ocr_carea' id='block_1_97' title="bbox 471 5150 2026 5226">
    <p class='ocr_par' dir='ltr' id='par_1_97' title="bbox 471 5150 2026 5226">
     <span class='ocr_line' id='line_1_97' title="bbox 471 5150 2026 5226; baseline 0.004 -22"><span class='ocrx_word' id='word_1_787' title='bbox 471 5150 788 5205; x_wconf 88' lang='lat' dir='ltr'><strong><em>volucribus</em></strong></span> <span class='ocrx_word' id='word_1_788' title='bbox 825 5150 972 5214; x_wconf 76' lang='lat' dir='ltr'><strong><em>cali,</em></strong></span> <span class='ocrx_word' id='word_1_789' title='bbox 1006 5151 1111 5205; x_wconf 89' lang='lat' dir='ltr'><strong><em>hoc</em></strong></span> <span class='ocrx_word' id='word_1_790' title='bbox 1145 5163 1252 5215; x_wconf 86' lang='lat' dir='ltr'><strong><em>est,</em></strong></span> <span class='ocrx_word' id='word_1_791' title='bbox 1293 5150 1546 5208; x_wconf 90' lang='lat' dir='ltr'><strong><em>ﬁdelibus</em></strong></span> <span class='ocrx_word' id='word_1_792' title='bbox 1568 5153 1662 5223; x_wconf 90' lang='lat' dir='ltr'><strong><em>qui</em></strong></span> <span class='ocrx_word' id='word_1_793' title='bbox 1709 5163 1837 5209; x_wconf 89' lang='lat' dir='ltr'><strong><em>sunt</em></strong></span> <span class='ocrx_word' id='word_1_794' title='bbox 1861 5170 2026 5226; x_wconf 89' lang='lat' dir='ltr'><strong><em>gene-</em></strong></span> 
     </span>
    </p>
   </div>
   <div class='ocr_carea' id='block_1_98' title="bbox 472 5244 1201 5315">
    <p class='ocr_par' dir='ltr' id='par_1_98' title="bbox 472 5244 1201 5315">
     <span class='ocr_line' id='line_1_98' title="bbox 472 5244 1201 5315; baseline -0.001 -17"><span class='ocrx_word' id='word_1_795' title='bbox 472 5244 574 5299; x_wconf 87' lang='lat' dir='ltr'><strong><em>rati</em></strong></span> <span class='ocrx_word' id='word_1_796' title='bbox 615 5260 682 5301; x_wconf 81' lang='lat' dir='ltr'><strong><em>cx</em></strong></span> <span class='ocrx_word' id='word_1_797' title='bbox 717 5260 857 5315; x_wconf 90' lang='lat' dir='ltr'><strong><em>aqua</em></strong></span> <span class='ocrx_word' id='word_1_798' title='bbox 888 5253 944 5299; x_wconf 91' lang='lat' dir='ltr'><strong><em>et</em></strong></span> <span class='ocrx_word' id='word_1_799' title='bbox 971 5244 1201 5314; x_wconf 89' lang='lat' dir='ltr'><strong><em>Spiritu.</em></strong></span> 
     </span>
    </p>
   </div>
   <div class='ocr_carea' id='block_1_99' title="bbox 540 5332 2030 5391">
    <p class='ocr_par' dir='ltr' id='par_1_99' title="bbox 540 5332 2030 5391">
     <span class='ocr_line' id='line_1_99' title="bbox 540 5332 2030 5391; baseline 0 -2"><span class='ocrx_word' id='word_1_800' title='bbox 540 5334 635 5389; x_wconf 82' lang='lat' dir='ltr'><strong><em>Est</em></strong></span> <span class='ocrx_word' id='word_1_801' title='bbox 669 5342 852 5389; x_wconf 90' lang='lat' dir='ltr'><strong><em>autem</em></strong></span> <span class='ocrx_word' id='word_1_802' title='bbox 889 5347 1082 5388; x_wconf 90' lang='lat' dir='ltr'><strong><em>revera</em></strong></span> <span class='ocrx_word' id='word_1_803' title='bbox 1112 5332 1383 5388; x_wconf 89' lang='lat' dir='ltr'><strong><em>audienda</em></strong></span> <span class='ocrx_word' id='word_1_804' title='bbox 1406 5341 1463 5388; x_wconf 92' lang='lat' dir='ltr'><strong><em>et</em></strong></span> <span class='ocrx_word' id='word_1_805' title='bbox 1489 5332 1829 5391; x_wconf 86' lang='lat' dir='ltr'><strong><em>&#39;admiranda</em></strong></span> <span class='ocrx_word' id='word_1_806' title='bbox 1858 5336 2030 5391; x_wconf 90' lang='lat' dir='ltr'><strong><em>sancti</em></strong></span> 
     </span>
    </p>
   </div>
   <div class='ocr_carea' id='block_1_100' title="bbox 469 5425 2030 5498">
    <p class='ocr_par' dir='ltr' id='par_1_100' title="bbox 469 5425 2030 5498">
     <span class='ocr_line' id='line_1_100' title="bbox 469 5425 2030 5498; baseline 0.001 -17"><span class='ocrx_word' id='word_1_807' title='bbox 469 5426 709 5498; x_wconf 85' lang='lat' dir='ltr'><strong><em>Spiritus</em></strong></span> <span class='ocrx_word' id='word_1_808' title='bbox 755 5425 1040 5497; x_wconf 88' lang='lat' dir='ltr'><strong><em>sapientia.</em></strong></span> <span class='ocrx_word' id='word_1_809' title='bbox 1088 5425 1374 5493; x_wconf 85' lang='lat' dir='ltr'><strong><em>Quomodo</em></strong></span> <span class='ocrx_word' id='word_1_810' title='bbox 1405 5426 1552 5481; x_wconf 91' lang='lat' dir='ltr'><strong><em>enim</em></strong></span> <span class='ocrx_word' id='word_1_811' title='bbox 1597 5426 1653 5481; x_wconf 90' lang='lat' dir='ltr'><strong><em>in</em></strong></span> <span class='ocrx_word' id='word_1_812' title='bbox 1690 5426 1922 5491; x_wconf 82' lang='lat' dir='ltr'><strong><em>Adamo,</em></strong></span> <span class='ocrx_word' id='word_1_813' title='bbox 1956 5428 2030 5483; x_wconf 86' lang='lat' dir='ltr'><strong><em>ita</em></strong></span> 
     </span>
    </p>
   </div>
   <div class='ocr_carea' id='block_1_101' title="bbox 466 5518 2028 5591">
    <p class='ocr_par' dir='ltr' id='par_1_101' title="bbox 466 5518 2028 5591">
     <span class='ocr_line' id='line_1_101' title="bbox 466 5518 2028 5591; baseline 0 -15"><span class='ocrx_word' id='word_1_814' title='bbox 466 5521 633 5577; x_wconf 86' lang='lat' dir='ltr'><strong><em>etiam</em></strong></span> <span class='ocrx_word' id='word_1_815' title='bbox 666 5520 721 5575; x_wconf 89' lang='lat' dir='ltr'><strong><em>in</em></strong></span> <span class='ocrx_word' id='word_1_816' title='bbox 749 5519 834 5575; x_wconf 91' lang='lat' dir='ltr'><strong><em>his</em></strong></span> <span class='ocrx_word' id='word_1_817' title='bbox 858 5518 1049 5575; x_wconf 89' lang='lat' dir='ltr'><strong><em>bestiis</em></strong></span> <span class='ocrx_word' id='word_1_818' title='bbox 1076 5518 1211 5574; x_wconf 89' lang='lat' dir='ltr'><strong><em>dicit</em></strong></span> <span class='ocrx_word' id='word_1_819' title='bbox 1235 5518 1587 5574; x_wconf 85' lang='lat' dir='ltr'><strong><em>creationem.</em></strong></span> <span class='ocrx_word' id='word_1_820' title='bbox 1606 5519 1739 5575; x_wconf 85' lang='lat' dir='ltr'><strong><em>Nam</em></strong></span> <span class='ocrx_word' id='word_1_821' title='bbox 1764 5520 1875 5575; x_wconf 88' lang='lat' dir='ltr'><strong><em>illic</em></strong></span> <span class='ocrx_word' id='word_1_822' title='bbox 1904 5522 2028 5591; x_wconf 90' lang='lat' dir='ltr'><strong><em>qui-</em></strong></span> 
     </span>
    </p>
   </div>
   <div class='ocr_carea' id='block_1_102' title="bbox 540 5605 1685 5698">
    <p class='ocr_par' dir='ltr' id='par_1_102' title="bbox 540 5605 1685 5698">
     <span class='ocr_line' id='line_1_102' title="bbox 540 5605 1685 5698; baseline -0.002 -10"><span class='ocrx_word' id='word_1_823' title='bbox 540 5634 587 5666; x_wconf 79' lang='lat'><strong>&quot;</strong></span> <span class='ocrx_word' id='word_1_824' title='bbox 647 5605 749 5688; x_wconf 84' lang='lat' dir='ltr'><strong><em>Job</em></strong></span> <span class='ocrx_word' id='word_1_825' title='bbox 797 5649 998 5698; x_wconf 76' lang='lat' dir='ltr'><strong><em>xxxv&quot;,</em></strong></span> <span class='ocrx_word' id='word_1_826' title='bbox 1043 5632 1095 5686; x_wconf 92' lang='lat'><strong><em>8.</em></strong></span> <span class='ocrx_word' id='word_1_827' title='bbox 1197 5630 1241 5661; x_wconf 80' lang='lat'>“</span> <span class='ocrx_word' id='word_1_828' title='bbox 1278 5632 1385 5686; x_wconf 85' lang='lat' dir='ltr'><strong><em>lsa.</em></strong></span> <span class='ocrx_word' id='word_1_829' title='bbox 1420 5648 1565 5697; x_wconf 78' lang='lat' dir='ltr'><strong><em>xu&quot;,</em></strong></span> <span class='ocrx_word' id='word_1_830' title='bbox 1596 5631 1685 5686; x_wconf 87' lang='grc'><strong>20.</strong></span> 
     </span>
    </p>
   </div>
   <div class='ocr_carea' id='block_1_103' title="bbox 468 5702 1784 5767">
    <p class='ocr_par' dir='ltr' id='par_1_103' title="bbox 468 5702 1784 5767">
     <span class='ocr_line' id='line_1_103' title="bbox 468 5702 1784 5767; baseline -0.003 -6"><span class='ocrx_word' id='word_1_831' title='bbox 468 5707 555 5762; x_wconf 64' lang='grc' dir='ltr'>ιιι.</span> <span class='ocrx_word' id='word_1_832' title='bbox 629 5704 675 5735; x_wconf 62' lang='grc'><strong><em>⁸⁴</em></strong></span> <span class='ocrx_word' id='word_1_833' title='bbox 714 5704 879 5759; x_wconf 83' lang='lat' dir='ltr'><strong><em>Hebr.</em></strong></span> <span class='ocrx_word' id='word_1_834' title='bbox 919 5720 1012 5766; x_wconf 88' lang='lat' dir='ltr'><strong><em>xu,</em></strong></span> <span class='ocrx_word' id='word_1_835' title='bbox 1044 5703 1133 5758; x_wconf 79' lang='grc'><strong><em>29.</em></strong></span> <span class='ocrx_word' id='word_1_836' title='bbox 1244 5702 1289 5734; x_wconf 76' lang='grc'><strong><em>⁸⁸</em></strong></span> <span class='ocrx_word' id='word_1_837' title='bbox 1334 5702 1474 5757; x_wconf 87' lang='lat' dir='ltr'><strong><em>Psal.</em></strong></span> <span class='ocrx_word' id='word_1_838' title='bbox 1516 5719 1687 5767; x_wconf 72' lang='lat' dir='ltr'><strong><em>CXLVI,</em></strong></span> <span class='ocrx_word' id='word_1_839' title='bbox 1733 5705 1784 5757; x_wconf 73' lang='grc'><strong>4.</strong></span> 
     </span>
    </p>
   </div>
   <div class='ocr_carea' id='block_1_104' title="bbox 468 5772 1966 5842">
    <p class='ocr_par' dir='ltr' id='par_1_104' title="bbox 468 5772 1966 5842">
     <span class='ocr_line' id='line_1_104' title="bbox 468 5772 1966 5842; baseline 0 -11"><span class='ocrx_word' id='word_1_840' title='bbox 468 5777 513 5810; x_wconf 79' lang='grc'>⁸³</span> <span class='ocrx_word' id='word_1_841' title='bbox 547 5775 702 5831; x_wconf 83' lang='lat' dir='ltr'><strong><em>Joan.</em></strong></span> <span class='ocrx_word' id='word_1_842' title='bbox 745 5790 870 5842; x_wconf 79' lang='lat' dir='ltr'><strong><em>xvn,</em></strong></span> <span class='ocrx_word' id='word_1_843' title='bbox 920 5774 1010 5828; x_wconf 66' lang='grc'><strong><em>24.</em></strong></span> <span class='ocrx_word' id='word_1_844' title='bbox 1083 5772 1128 5805; x_wconf 77' lang='grc' dir='ltr'><strong><em>⁸ο</em></strong></span> <span class='ocrx_word' id='word_1_845' title='bbox 1160 5772 1316 5829; x_wconf 82' lang='lat' dir='ltr'><strong><em>Joan.</em></strong></span> <span class='ocrx_word' id='word_1_846' title='bbox 1354 5789 1426 5838; x_wconf 78' lang='lat' dir='ltr'><strong><em>Vl,</em></strong></span> <span class='ocrx_word' id='word_1_847' title='bbox 1467 5772 1554 5829; x_wconf 79' lang='grc'><strong><em>57.</em></strong></span> <span class='ocrx_word' id='word_1_848' title='bbox 1631 5774 1672 5805; x_wconf 78' lang='grc'>⁶¹</span> <span class='ocrx_word' id='word_1_849' title='bbox 1716 5775 1853 5831; x_wconf 83' lang='lat' dir='ltr'><strong><em>Psal.</em></strong></span> <span class='ocrx_word' id='word_1_850' title='bbox 1910 5793 1966 5841; x_wconf 88' lang='grc' dir='ltr'>ιι,</span> 
     </span>
    </p>
   </div>
   <div class='ocr_carea' id='block_1_105' title="bbox 467 5847 624 5914">
    <p class='ocr_par' dir='ltr' id='par_1_105' title="bbox 467 5847 624 5914">
     <span class='ocr_line' id='line_1_105' title="bbox 467 5847 624 5914; baseline -0.019 -11"><span class='ocrx_word' id='word_1_851' title='bbox 467 5860 528 5914; x_wconf 84' lang='lat' dir='ltr'><strong><em>u,</em></strong></span> <span class='ocrx_word' id='word_1_852' title='bbox 574 5847 624 5901; x_wconf 84' lang='lat' dir='ltr'><strong><em>t.</em></strong></span> 
     </span>
    </p>
   </div>
   <div class='ocr_carea' id='block_1_106' title="bbox 1790 5635 2452 5701">
    <p class='ocr_par' dir='ltr' id='par_1_106' title="bbox 1790 5635 2452 5701">
     <span class='ocr_line' id='line_1_106' title="bbox 1790 5635 2452 5701; baseline 0 -12"><span class='ocrx_word' id='word_1_853' title='bbox 1790 5635 1831 5666; x_wconf 68' lang='grc' dir='ltr'>δ’</span> <span class='ocrx_word' id='word_1_854' title='bbox 1874 5636 2016 5690; x_wconf 80' lang='lat' dir='ltr'><strong><em>Psal.</em></strong></span> <span class='ocrx_word' id='word_1_855' title='bbox 2053 5653 2196 5701; x_wconf 66' lang='grc' dir='ltr'>χιιι,</span> <span class='ocrx_word' id='word_1_856' title='bbox 2240 5635 2328 5701; x_wconf 74' lang='grc'><strong><em>10,</em></strong></span> <span class='ocrx_word' id='word_1_857' title='bbox 2366 5635 2452 5689; x_wconf 81' lang='grc' dir='ltr'><strong>Η.</strong></span> 
     </span>
    </p>
   </div>
   <div class='ocr_carea' id='block_1_107' title="bbox 1861 5705 3119 5771">
    <p class='ocr_par' dir='ltr' id='par_1_107' title="bbox 1861 5705 3119 5771">
     <span class='ocr_line' id='line_1_107' title="bbox 1861 5705 3119 5771; baseline 0.002 -12"><span class='ocrx_word' id='word_1_858' title='bbox 1861 5705 1907 5736; x_wconf 76' lang='grc'><strong>⁸⁸</strong></span> <span class='ocrx_word' id='word_1_859' title='bbox 1945 5706 1987 5759; x_wconf 93' lang='grc' dir='ltr'><strong>ΙΙ</strong></span> <span class='ocrx_word' id='word_1_860' title='bbox 2038 5706 2165 5761; x_wconf 87' lang='lat' dir='ltr'><strong><em>Cor.</em></strong></span> <span class='ocrx_word' id='word_1_861' title='bbox 2216 5722 2293 5767; x_wconf 88' lang='grc' dir='ltr'>ιιι,</span> <span class='ocrx_word' id='word_1_862' title='bbox 2333 5706 2384 5761; x_wconf 88' lang='lat'><strong><em>6.</em></strong></span> <span class='ocrx_word' id='word_1_863' title='bbox 2460 5707 2503 5738; x_wconf 79' lang='lat'><strong>&quot;’</strong></span> <span class='ocrx_word' id='word_1_864' title='bbox 2549 5706 2758 5761; x_wconf 88' lang='lat' dir='ltr'><strong><em>Coloss.</em></strong></span> <span class='ocrx_word' id='word_1_865' title='bbox 2800 5722 2845 5771; x_wconf 82' lang='grc' dir='ltr'>ι,</span> <span class='ocrx_word' id='word_1_866' title='bbox 2891 5707 2979 5769; x_wconf 76' lang='grc'><strong>25,</strong></span> <span class='ocrx_word' id='word_1_867' title='bbox 3031 5708 3119 5761; x_wconf 73' lang='grc'><strong>24.</strong></span> 
     </span>
    </p>
   </div>
   <div class='ocr_carea' id='block_1_108' title="bbox 2078 5777 3348 5845">
    <p class='ocr_par' dir='ltr' id='par_1_108' title="bbox 2078 5777 3348 5845">
     <span class='ocr_line' id='line_1_108' title="bbox 2078 5777 3348 5845; baseline 0.002 -14"><span class='ocrx_word' id='word_1_868' title='bbox 2078 5816 2091 5831; x_wconf 95' lang='grc'><strong><em>.</em></strong></span> <span class='ocrx_word' id='word_1_869' title='bbox 2166 5778 2209 5809; x_wconf 83' lang='lat'><strong>&quot;</strong></span> <span class='ocrx_word' id='word_1_870' title='bbox 2251 5777 2438 5833; x_wconf 74' lang='lat' dir='ltr'><strong><em>Matth.</em></strong></span> <span class='ocrx_word' id='word_1_871' title='bbox 2485 5793 2597 5843; x_wconf 75' lang='lat' dir='ltr'><strong>VIII,</strong></span> <span class='ocrx_word' id='word_1_872' title='bbox 2642 5777 2727 5844; x_wconf 83' lang='grc'><strong><em>11,</em></strong></span> <span class='ocrx_word' id='word_1_873' title='bbox 2783 5777 2865 5833; x_wconf 76' lang='grc'><strong><em>12.</em></strong></span> <span class='ocrx_word' id='word_1_874' title='bbox 2941 5780 2988 5812; x_wconf 85' lang='grc'><strong><em>⁸³</em></strong></span> <span class='ocrx_word' id='word_1_875' title='bbox 3038 5778 3161 5835; x_wconf 87' lang='lat' dir='ltr'><strong><em>Ose.</em></strong></span> <span class='ocrx_word' id='word_1_876' title='bbox 3211 5794 3248 5845; x_wconf 92' lang='lat' dir='ltr'><strong><em>I,</em></strong></span> <span class='ocrx_word' id='word_1_877' title='bbox 3296 5778 3348 5834; x_wconf 88' lang='lat'><strong><em>9.</em></strong></span> 
     </span>
    </p>
   </div>
   <div class='ocr_carea' id='block_1_109' title="bbox 2132 4598 3689 4670">
    <p class='ocr_par' dir='ltr' id='par_1_109' title="bbox 2132 4598 3689 4670">
     <span class='ocr_line' id='line_1_109' title="bbox 2132 4598 3689 4670; baseline 0.006 -18"><span class='ocrx_word' id='word_1_878' title='bbox 2132 4598 2277 4663; x_wconf 89' lang='lat' dir='ltr'><strong><em>dico,</em></strong></span> <span class='ocrx_word' id='word_1_879' title='bbox 2313 4598 2451 4665; x_wconf 87' lang='lat' dir='ltr'><strong><em>hac,</em></strong></span> <span class='ocrx_word' id='word_1_880' title='bbox 2485 4615 2566 4655; x_wconf 89' lang='lat' dir='ltr'><strong><em>ea</em></strong></span> <span class='ocrx_word' id='word_1_881' title='bbox 2597 4616 2719 4670; x_wconf 88' lang='lat' dir='ltr'><strong><em>qua</em></strong></span> <span class='ocrx_word' id='word_1_882' title='bbox 2744 4609 2872 4655; x_wconf 90' lang='lat' dir='ltr'><strong><em>sunt</em></strong></span> <span class='ocrx_word' id='word_1_883' title='bbox 2897 4600 3067 4669; x_wconf 91' lang='lat' dir='ltr'><strong><em>intus,</em></strong></span> <span class='ocrx_word' id='word_1_884' title='bbox 3100 4611 3157 4657; x_wconf 90' lang='lat' dir='ltr'><strong><em>et</em></strong></span> <span class='ocrx_word' id='word_1_885' title='bbox 3202 4602 3428 4657; x_wconf 89' lang='lat' dir='ltr'><strong><em>audiant</em></strong></span> <span class='ocrx_word' id='word_1_886' title='bbox 3466 4604 3689 4661; x_wconf 87' lang='lat' dir='ltr'><strong><em>verbum</em></strong></span> 
     </span>
    </p>
   </div>
   <div class='ocr_carea' id='block_1_110' title="bbox 2133 4691 3690 4764">
    <p class='ocr_par' dir='ltr' id='par_1_110' title="bbox 2133 4691 3690 4764">
     <span class='ocr_line' id='line_1_110' title="bbox 2133 4691 3690 4764; baseline 0.004 -20"><span class='ocrx_word' id='word_1_887' title='bbox 2133 4698 2408 4757; x_wconf 88' lang='lat' dir='ltr'><strong><em>sanctum,</em></strong></span> <span class='ocrx_word' id='word_1_888' title='bbox 2446 4691 2634 4748; x_wconf 87' lang='lat' dir='ltr'><strong><em>bestia</em></strong></span> <span class='ocrx_word' id='word_1_889' title='bbox 2665 4692 2931 4763; x_wconf 87' lang='lat' dir='ltr'><strong><em>gentium.</em></strong></span> <span class='ocrx_word' id='word_1_890' title='bbox 2968 4693 3087 4748; x_wconf 86' lang='lat' dir='ltr'><strong><em>Non</em></strong></span> <span class='ocrx_word' id='word_1_891' title='bbox 3121 4693 3268 4749; x_wconf 91' lang='lat' dir='ltr'><strong><em>enim</em></strong></span> <span class='ocrx_word' id='word_1_892' title='bbox 3297 4694 3587 4764; x_wconf 88' lang='lat' dir='ltr'><strong><em>ejicientur</em></strong></span> <span class='ocrx_word' id='word_1_893' title='bbox 3608 4696 3690 4750; x_wconf 80' lang='lat' dir='ltr'><strong><em>fo-</em></strong></span> 
     </span>
    </p>
   </div>
   <div class='ocr_carea' id='block_1_111' title="bbox 2132 4784 3755 4855">
    <p class='ocr_par' dir='ltr' id='par_1_111' title="bbox 2132 4784 3755 4855">
     <span class='ocr_line' id='line_1_111' title="bbox 2132 4784 3755 4855; baseline 0.005 -17"><span class='ocrx_word' id='word_1_894' title='bbox 2132 4800 2241 4840; x_wconf 86' lang='lat' dir='ltr'><strong><em>ras.</em></strong></span> <span class='ocrx_word' id='word_1_895' title='bbox 2289 4784 2344 4841; x_wconf 91' lang='lat' dir='ltr'><strong><em>Si</em></strong></span> <span class='ocrx_word' id='word_1_896' title='bbox 2389 4794 2570 4840; x_wconf 88' lang='lat' dir='ltr'><strong><em>autem</em></strong></span> <span class='ocrx_word' id='word_1_897' title='bbox 2616 4785 2734 4839; x_wconf 91' lang='lat' dir='ltr'><strong><em>vult</em></strong></span> <span class='ocrx_word' id='word_1_898' title='bbox 2777 4784 2971 4839; x_wconf 90' lang='lat' dir='ltr'><strong><em>audire</em></strong></span> <span class='ocrx_word' id='word_1_899' title='bbox 3015 4784 3237 4841; x_wconf 83' lang='lat' dir='ltr'><strong><em>Judaus</em></strong></span> <span class='ocrx_word' id='word_1_900' title='bbox 3287 4785 3513 4855; x_wconf 89' lang='lat' dir='ltr'><strong><em>quinam</em></strong></span> <span class='ocrx_word' id='word_1_901' title='bbox 3564 4795 3693 4843; x_wconf 85' lang='lat' dir='ltr'><strong><em>sunt</em></strong></span> <span class='ocrx_word' id='word_1_902' title='bbox 3752 4842 3755 4847; x_wconf 85' lang='lat'><strong><em>.</em></strong></span> 
     </span>
    </p>
   </div>
   <div class='ocr_carea' id='block_1_112' title="bbox 2134 4876 3757 4949">
    <p class='ocr_par' dir='ltr' id='par_1_112' title="bbox 2134 4876 3757 4949">
     <span class='ocr_line' id='line_1_112' title="bbox 2134 4876 3757 4949; baseline 0.001 -17"><span class='ocrx_word' id='word_1_903' title='bbox 2134 4878 2297 4949; x_wconf 87' lang='lat' dir='ltr'><strong><em>cjecti</em></strong></span> <span class='ocrx_word' id='word_1_904' title='bbox 2343 4888 2405 4933; x_wconf 91' lang='lat' dir='ltr'><strong><em>ut</em></strong></span> <span class='ocrx_word' id='word_1_905' title='bbox 2432 4877 2855 4948; x_wconf 84' lang='lat' dir='ltr'><strong><em>ingrederentur</em></strong></span> <span class='ocrx_word' id='word_1_906' title='bbox 2882 4876 3093 4942; x_wconf 81' lang='lat' dir='ltr'><strong><em>bestia,</em></strong></span> <span class='ocrx_word' id='word_1_907' title='bbox 3121 4876 3307 4932; x_wconf 90' lang='lat' dir='ltr'><strong><em>audiet</em></strong></span> <span class='ocrx_word' id='word_1_908' title='bbox 3342 4879 3690 4934; x_wconf 88' lang='lat' dir='ltr'><strong><em>hortulanum</em></strong></span> <span class='ocrx_word' id='word_1_909' title='bbox 3750 4890 3757 4949; x_wconf 76' lang='grc' dir='ltr'><em>ζ</em></span> 
     </span>
    </p>
   </div>
   <div class='ocr_carea' id='block_1_113' title="bbox 2138 4966 3761 5041">
    <p class='ocr_par' dir='ltr' id='par_1_113' title="bbox 2138 4966 3761 5041">
     <span class='ocr_line' id='line_1_113' title="bbox 2138 4966 3761 5041; baseline 0.001 -18"><span class='ocrx_word' id='word_1_910' title='bbox 2138 4970 2301 5039; x_wconf 89' lang='lat' dir='ltr'><strong><em>hujus</em></strong></span> <span class='ocrx_word' id='word_1_911' title='bbox 2339 4968 2574 5039; x_wconf 85' lang='lat' dir='ltr'><strong><em>paradisi</em></strong></span> <span class='ocrx_word' id='word_1_912' title='bbox 2609 4967 2886 5023; x_wconf 90' lang='lat' dir='ltr'><strong><em>dicentem</em></strong></span> <span class='ocrx_word' id='word_1_913' title='bbox 2916 4985 2929 5021; x_wconf 92' lang='lat'>:</span> <span class='ocrx_word' id='word_1_914' title='bbox 2958 4966 3259 5037; x_wconf 89' lang='lat' dir='ltr'><strong><em>Oportebat</em></strong></span> <span class='ocrx_word' id='word_1_915' title='bbox 3294 4967 3441 5024; x_wconf 78' lang='lat' dir='ltr'><strong><em>feras</em></strong></span> <span class='ocrx_word' id='word_1_916' title='bbox 3482 4970 3690 5041; x_wconf 86' lang='lat' dir='ltr'><strong><em>ingredi</em></strong></span> <span class='ocrx_word' id='word_1_917' title='bbox 3754 5026 3761 5035; x_wconf 58' lang='grc'>,</span> 
     </span>
    </p>
   </div>
   <div class='ocr_carea' id='block_1_114' title="bbox 2136 5057 3764 5125">
    <p class='ocr_par' dir='ltr' id='par_1_114' title="bbox 2136 5057 3764 5125">
     <span class='ocr_line' id='line_1_114' title="bbox 2136 5057 3764 5125; baseline -0.001 -12"><span class='ocrx_word' id='word_1_918' title='bbox 2136 5059 2199 5113; x_wconf 91' lang='lat' dir='ltr'><strong><em>ab</em></strong></span> <span class='ocrx_word' id='word_1_919' title='bbox 2236 5057 2446 5114; x_wconf 87' lang='lat' dir='ltr'><strong><em>Oriente</em></strong></span> <span class='ocrx_word' id='word_1_920' title='bbox 2498 5067 2548 5113; x_wconf 88' lang='lat' dir='ltr'><strong><em>et</em></strong></span> <span class='ocrx_word' id='word_1_921' title='bbox 2597 5058 2886 5125; x_wconf 86' lang='lat' dir='ltr'><strong><em>Occidente,</em></strong></span> <span class='ocrx_word' id='word_1_922' title='bbox 2924 5069 2973 5113; x_wconf 88' lang='lat' dir='ltr'><strong><em>et</em></strong></span> <span class='ocrx_word' id='word_1_923' title='bbox 3029 5060 3325 5115; x_wconf 84' lang='lat' dir='ltr'><strong><em>recumbere</em></strong></span> <span class='ocrx_word' id='word_1_924' title='bbox 3367 5077 3485 5115; x_wconf 87' lang='lat' dir='ltr'><strong><em>cum</em></strong></span> <span class='ocrx_word' id='word_1_925' title='bbox 3527 5060 3693 5115; x_wconf 82' lang='lat' dir='ltr'><strong><em>Abra-</em></strong></span> <span class='ocrx_word' id='word_1_926' title='bbox 3758 5066 3764 5096; x_wconf 55' lang='grc' dir='ltr'><strong><em>λ</em></strong></span> 
     </span>
    </p>
   </div>
   <div class='ocr_carea' id='block_1_115' title="bbox 2132 5150 3690 5225">
    <p class='ocr_par' dir='ltr' id='par_1_115' title="bbox 2132 5150 3690 5225">
     <span class='ocr_line' id='line_1_115' title="bbox 2132 5150 3690 5225; baseline 0 -20"><span class='ocrx_word' id='word_1_927' title='bbox 2132 5154 2310 5217; x_wconf 79' lang='lat' dir='ltr'><strong><em>hamo,</em></strong></span> <span class='ocrx_word' id='word_1_928' title='bbox 2356 5160 2405 5206; x_wconf 89' lang='lat' dir='ltr'><strong><em>et</em></strong></span> <span class='ocrx_word' id='word_1_929' title='bbox 2431 5150 2607 5217; x_wconf 83' lang='lat' dir='ltr'><strong><em>Isaac,</em></strong></span> <span class='ocrx_word' id='word_1_930' title='bbox 2633 5161 2682 5205; x_wconf 90' lang='lat' dir='ltr'><strong><em>et</em></strong></span> <span class='ocrx_word' id='word_1_931' title='bbox 2716 5150 2875 5205; x_wconf 79' lang='lat' dir='ltr'><strong><em>Iacob</em></strong></span> <span class='ocrx_word' id='word_1_932' title='bbox 2916 5154 2972 5206; x_wconf 89' lang='lat' dir='ltr'><strong><em>in</em></strong></span> <span class='ocrx_word' id='word_1_933' title='bbox 3005 5170 3163 5225; x_wconf 88' lang='lat' dir='ltr'><strong><em>regno</em></strong></span> <span class='ocrx_word' id='word_1_934' title='bbox 3196 5152 3328 5217; x_wconf 89' lang='lat' dir='ltr'><strong><em>Dei;</em></strong></span> <span class='ocrx_word' id='word_1_935' title='bbox 3354 5152 3493 5220; x_wconf 79' lang='lat' dir='ltr'><strong><em>ﬁlios</em></strong></span> <span class='ocrx_word' id='word_1_936' title='bbox 3517 5161 3690 5205; x_wconf 85' lang='lat' dir='ltr'><strong><em>autem</em></strong></span> 
     </span>
    </p>
   </div>
   <div class='ocr_carea' id='block_1_116' title="bbox 2130 5242 3686 5315">
    <p class='ocr_par' dir='ltr' id='par_1_116' title="bbox 2130 5242 3686 5315">
     <span class='ocr_line' id='line_1_116' title="bbox 2130 5242 3686 5315; baseline -0.002 -17"><span class='ocrx_word' id='word_1_937' title='bbox 2130 5242 2378 5307; x_wconf 85' lang='lat' dir='ltr'><strong><em>thalami,</em></strong></span> <span class='ocrx_word' id='word_1_938' title='bbox 2412 5258 2609 5310; x_wconf 87' lang='lat' dir='ltr'><strong><em>nempe</em></strong></span> <span class='ocrx_word' id='word_1_939' title='bbox 2632 5243 2874 5311; x_wconf 80' lang='lat' dir='ltr'><strong><em>Judaos,</em></strong></span> <span class='ocrx_word' id='word_1_940' title='bbox 2925 5244 3066 5314; x_wconf 85' lang='lat' dir='ltr'><strong><em>foras</em></strong></span> <span class='ocrx_word' id='word_1_941' title='bbox 3095 5245 3212 5315; x_wconf 86' lang='lat' dir='ltr'><strong><em>ejici</em></strong></span> <span class='ocrx_word' id='word_1_942' title='bbox 3232 5246 3288 5298; x_wconf 87' lang='lat' dir='ltr'><strong><em>in</em></strong></span> <span class='ocrx_word' id='word_1_943' title='bbox 3329 5243 3567 5297; x_wconf 82' lang='lat' dir='ltr'><strong><em>tenebras</em></strong></span> <span class='ocrx_word' id='word_1_944' title='bbox 3596 5257 3686 5295; x_wconf 76' lang='lat' dir='ltr'><strong><em>ex-</em></strong></span> 
     </span>
    </p>
   </div>
   <div class='ocr_carea' id='block_1_117' title="bbox 2129 5333 3687 5407">
    <p class='ocr_par' dir='ltr' id='par_1_117' title="bbox 2129 5333 3687 5407">
     <span class='ocr_line' id='line_1_117' title="bbox 2129 5333 3687 5407; baseline -0.003 -19"><span class='ocrx_word' id='word_1_945' title='bbox 2129 5337 2341 5389; x_wconf 84' lang='lat' dir='ltr'><strong><em>teriores</em></strong></span> <span class='ocrx_word' id='word_1_946' title='bbox 2376 5335 2443 5387; x_wconf 82' lang='grc'><strong><em>⁸¹.</em></strong></span> <span class='ocrx_word' id='word_1_947' title='bbox 2474 5333 2671 5388; x_wconf 84' lang='lat' dir='ltr'><strong><em>Vocabo</em></strong></span> <span class='ocrx_word' id='word_1_948' title='bbox 2704 5336 2838 5391; x_wconf 87' lang='lat' dir='ltr'><strong><em>enim</em></strong></span> <span class='ocrx_word' id='word_1_949' title='bbox 2867 5335 3118 5407; x_wconf 82' lang='lat' dir='ltr'><strong><em>papulum</em></strong></span> <span class='ocrx_word' id='word_1_950' title='bbox 3162 5350 3354 5397; x_wconf 88' lang='lat' dir='ltr'><strong><em>meum,</em></strong></span> <span class='ocrx_word' id='word_1_951' title='bbox 3382 5350 3485 5387; x_wconf 91' lang='lat' dir='ltr'><strong><em>non</em></strong></span> <span class='ocrx_word' id='word_1_952' title='bbox 3525 5349 3687 5403; x_wconf 83' lang='lat' dir='ltr'><strong><em>popu-</em></strong></span> 
     </span>
    </p>
   </div>
   <div class='ocr_carea' id='block_1_118' title="bbox 2130 5422 3679 5493">
    <p class='ocr_par' dir='ltr' id='par_1_118' title="bbox 2130 5422 3679 5493">
     <span class='ocr_line' id='line_1_118' title="bbox 2130 5422 3679 5493; baseline -0.003 -12"><span class='ocrx_word' id='word_1_953' title='bbox 2130 5426 2240 5481; x_wconf 84' lang='lat' dir='ltr'><strong><em>lum</em></strong></span> <span class='ocrx_word' id='word_1_954' title='bbox 2284 5441 2457 5481; x_wconf 86' lang='lat' dir='ltr'><strong><em>meum</em></strong></span> <span class='ocrx_word' id='word_1_955' title='bbox 2488 5426 2555 5489; x_wconf 86' lang='grc'><strong><em>⁸³,</em></strong></span> <span class='ocrx_word' id='word_1_956' title='bbox 2597 5434 2645 5479; x_wconf 87' lang='lat' dir='ltr'><strong><em>et</em></strong></span> <span class='ocrx_word' id='word_1_957' title='bbox 2687 5428 3095 5482; x_wconf 84' lang='lat' dir='ltr'><strong><em>misericordiam</em></strong></span> <span class='ocrx_word' id='word_1_958' title='bbox 3146 5432 3475 5479; x_wconf 86' lang='lat' dir='ltr'><strong><em>consecutam</em></strong></span> <span class='ocrx_word' id='word_1_959' title='bbox 3514 5422 3679 5493; x_wconf 85' lang='lat' dir='ltr'><strong><em>Syna-</em></strong></span> 
     </span>
    </p>
   </div>
   <div class='ocr_carea' id='block_1_119' title="bbox 2128 5515 3679 5592">
    <p class='ocr_par' dir='ltr' id='par_1_119' title="bbox 2128 5515 3679 5592">
     <span class='ocr_line' id='line_1_119' title="bbox 2128 5515 3679 5592; baseline -0.006 -16"><span class='ocrx_word' id='word_1_960' title='bbox 2128 5535 2340 5592; x_wconf 90' lang='lat' dir='ltr'><strong><em>gogam,</em></strong></span> <span class='ocrx_word' id='word_1_961' title='bbox 2371 5535 2488 5575; x_wconf 90' lang='lat' dir='ltr'><strong><em>eam</em></strong></span> <span class='ocrx_word' id='word_1_962' title='bbox 2512 5535 2629 5589; x_wconf 78' lang='lat' dir='ltr'><strong><em>qua:</em></strong></span> <span class='ocrx_word' id='word_1_963' title='bbox 2646 5537 2747 5574; x_wconf 90' lang='lat' dir='ltr'><strong><em>non</em></strong></span> <span class='ocrx_word' id='word_1_964' title='bbox 2774 5530 2847 5574; x_wconf 88' lang='lat' dir='ltr'><strong><em>est</em></strong></span> <span class='ocrx_word' id='word_1_965' title='bbox 2878 5526 3152 5574; x_wconf 87' lang='lat' dir='ltr'><strong><em>consecuta</em></strong></span> <span class='ocrx_word' id='word_1_966' title='bbox 3176 5517 3587 5573; x_wconf 85' lang='lat' dir='ltr'><strong><em>misericordiam</em></strong></span> <span class='ocrx_word' id='word_1_967' title='bbox 3616 5515 3679 5567; x_wconf 79' lang='lat'><strong><em>“.</em></strong></span> 
     </span>
    </p>
   </div>
   <div class='ocr_carea' id='block_1_120' title="bbox 2560 5634 3679 5763">
    <p class='ocr_par' dir='ltr' id='par_1_120' title="bbox 2560 5634 3679 5763">
     <span class='ocr_line' id='line_1_120' title="bbox 2560 5634 3679 5699; baseline -0.003 -9"><span class='ocrx_word' id='word_1_968' title='bbox 2560 5634 2606 5667; x_wconf 78' lang='lat'>“</span> <span class='ocrx_word' id='word_1_969' title='bbox 2645 5636 2787 5690; x_wconf 84' lang='lat' dir='ltr'><strong><em>Psal.</em></strong></span> <span class='ocrx_word' id='word_1_970' title='bbox 2834 5653 2957 5697; x_wconf 79' lang='lat' dir='ltr'><strong><em>Lvn,</em></strong></span> <span class='ocrx_word' id='word_1_971' title='bbox 3014 5638 3066 5699; x_wconf 85' lang='lat'><strong><em>5,</em></strong></span> <span class='ocrx_word' id='word_1_972' title='bbox 3100 5638 3153 5693; x_wconf 87' lang='lat'><strong><em>6.</em></strong></span> <span class='ocrx_word' id='word_1_973' title='bbox 3264 5637 3311 5669; x_wconf 76' lang='lat'>“</span> <span class='ocrx_word' id='word_1_974' title='bbox 3348 5637 3367 5691; x_wconf 93' lang='lat' dir='ltr'><strong><em>l</em></strong></span> <span class='ocrx_word' id='word_1_975' title='bbox 3407 5637 3563 5692; x_wconf 81' lang='lat' dir='ltr'><strong><em>Joan.</em></strong></span> <span class='ocrx_word' id='word_1_976' title='bbox 3606 5650 3679 5697; x_wconf 86' lang='lat' dir='ltr'><strong><em>Iv,</em></strong></span> 
     </span>
     <span class='ocr_line' id='line_1_121' title="bbox 2560 5706 3679 5763; baseline -0.002 -2"><span class='ocrx_word' id='word_1_977' title='bbox 2560 5706 2758 5761; x_wconf 80' lang='lat' dir='ltr'><strong><em>Eoloss.</em></strong></span> <span class='ocrx_word' id='word_1_978' title='bbox 2800 5722 2845 5763; x_wconf 91' lang='grc' dir='ltr'>ι.</span> <span class='ocrx_word' id='word_1_979' title='bbox 2891 5707 2979 5763; x_wconf 76' lang='grc'><strong><em>25.</em></strong></span> <span class='ocrx_word' id='word_1_980' title='bbox 3031 5708 3119 5761; x_wconf 73' lang='grc'><strong>24.</strong></span> <span class='ocrx_word' id='word_1_981' title='bbox 3191 5707 3235 5740; x_wconf 70' lang='grc'><strong><em>⁸³</em></strong></span> <span class='ocrx_word' id='word_1_982' title='bbox 3267 5708 3424 5763; x_wconf 86' lang='lat' dir='ltr'><strong><em>Joan.</em></strong></span> <span class='ocrx_word' id='word_1_983' title='bbox 3472 5723 3553 5763; x_wconf 84' lang='lat' dir='ltr'><strong><em>vl.</em></strong></span> <span class='ocrx_word' id='word_1_984' title='bbox 3593 5707 3679 5760; x_wconf 71' lang='grc' dir='ltr'><strong>Η.</strong></span> 
     </span>
    </p>
   </div>
   <div class='ocr_carea' id='block_1_121' title="bbox 3300 5723 3681 5770">
    <p class='ocr_par' dir='ltr' id='par_1_121' title="bbox 3300 5723 3681 5770">
     <span class='ocr_line' id='line_1_122' title="bbox 3300 5723 3681 5770; baseline -0.005 -9"><span class='ocrx_word' id='word_1_985' title='bbox 3300 5723 3424 5762; x_wconf 86' lang='lat' dir='ltr'><strong><em>oan.</em></strong></span> <span class='ocrx_word' id='word_1_986' title='bbox 3472 5723 3553 5770; x_wconf 72' lang='grc' dir='ltr'><strong><em>νι,</em></strong></span> <span class='ocrx_word' id='word_1_987' title='bbox 3593 5723 3681 5760; x_wconf 59' lang='lat' dir='ltr'><strong><em>Ol.</em></strong></span> 
     </span>
    </p>
   </div>
   <div class='ocr_carea' id='block_1_122' title="bbox 3463 5774 3681 5832">
    <p class='ocr_par' dir='ltr' id='par_1_122' title="bbox 3463 5774 3681 5832">
     <span class='ocr_line' id='line_1_123' title="bbox 3463 5774 3681 5832; baseline -0.005 -1"><span class='ocrx_word' id='word_1_988' title='bbox 3463 5777 3522 5810; x_wconf 71' lang='grc'><strong><em>³⁸</em></strong></span> <span class='ocrx_word' id='word_1_989' title='bbox 3558 5774 3681 5832; x_wconf 79' lang='lat' dir='ltr'><strong><em>Ose.</em></strong></span> 
     </span>
    </p>
   </div>
  </div>
