4080 6562
490 367 594 431 999

1677 365 1738 425 S.
1780 367 2171 426 ANASTASII
2212 369 2534 431 SINAITAZ

3579 383 3710 453 1000

489 474 702 532 auxilii.
739 474 872 529 Nam
919 475 1011 545 qui
1047 484 1130 529 est
1155 474 1395 545 adiutor,
1432 484 1517 530 est
1566 476 1784 548 adiutor
1822 479 1877 532 in
1910 478 2039 547 peri-

2155 491 2276 539 acta
2320 488 2649 555 poenitentia
2707 490 3011 551 transmisit
3051 497 3119 551 ad
3169 494 3351 568 ignem
3406 503 3711 555 aeternum?

487 573 629 627 culis
661 582 715 626 et
768 571 934 627 rebus
985 570 1249 634 adversis,
1290 580 1351 623 ut
1396 571 1490 640 qui
1542 572 1650 625 vim
1695 573 1944 643 repellat.
1984 574 2051 630 Et

486 665 613 719 ideo
646 664 827 719 dictus
884 672 968 717 est
993 662 1201 724 Crzece,
1254 661 1465 733 βοηθὸς,
1497 678 1527 718 a
1583 664 1637 719 vi
1693 666 2045 736 repellenda:

484 756 630 826 quod
663 755 885 826 quidem
924 753 1128 807 dicitur
1176 752 1244 806 de
1295 754 1411 807 sola
1468 754 1729 809 Ecclesia.
1764 754 1819 809 Si
1862 764 2048 811 autem

481 862 699 902 omnem
756 860 974 899 carnem
1008 854 1065 898 et
1101 845 1378 899 carnalem
1436 846 1723 900 mulierem
1768 848 2048 903 existimas

480 937 755 991 nominari
772 934 1099 1005 adiutricem
1124 935 1365 989 hominis
1388 953 1399 987 :
1435 936 1711 1004 quomodo
1758 922 1866 990 non
1892 939 2045 992 inve-

479 1030 663 1083 nimus
689 1036 811 1097 post
834 1028 977 1079 hanc
1000 1027 1329 1098 adiutricem
1359 1044 1480 1096 quae
1503 1027 1646 1082 facta
1683 1038 1769 1084 est
1799 1030 1855 1083 in
1882 1045 2045 1099 para-

474 1119 619 1182 diso,
644 1119 806 1171 aliam
830 1133 1214 1187 quamcunque
1238 1119 1530 1173 mulierem
1557 1120 1753 1185 sancti,
1790 1130 1886 1176 aut
1911 1138 2042 1176 sau-

472 1220 642 1273 ctam,
681 1218 775 1263 aut
800 1209 1226 1280 prophetissam,
1261 1220 1356 1265 aut
1385 1211 1712 1280 patriarcha:
1731 1213 2040 1283 coniugem,

472 1290 801 1373 appellatam
829 1302 1155 1372 adiutricem
1184 1304 1290 1357 viri
1321 1303 1375 1356 in
1412 1312 1529 1358 tota
1583 1304 1768 1359 divina
1793 1304 2042 1376 Scriptu-

472 1397 564 1451 ra?
614 1395 915 1465 Diligenter
974 1394 1120 1449 enim
1171 1395 1278 1448 hoc
1306 1395 1537 1449 scrutati
1572 1410 1763 1451 sumus
1793 1407 1886 1463 ,et
1931 1413 2041 1452 non

476 1485 810 1540 invenimus.
845 1484 979 1539 Nam
1003 1485 1049 1538 si
1074 1500 1368 1540 commune
1395 1500 1619 1550 nomen,
1650 1495 1725 1551 et,
1753 1494 1812 1540 ut
1841 1487 2039 1551 dicam,

472 1578 789 1632 universale
826 1578 1054 1632 essetin
1083 1577 1342 1631 muliebri
1376 1592 1580 1647 genere
1608 1577 1764 1643 illud,
1802 1578 2038 1647 adjutor,

473 1670 593 1725 fieri
623 1685 733 1724 non
775 1678 961 1739 posset
1011 1678 1071 1723 ut
1110 1685 1221 1723 non
1262 1670 1429 1723 situm
1459 1678 1605 1725 esset
1648 1670 1703 1725 in
1758 1670 2040 1739 Scriptura

469 1761 679 1825 divina,
709 1762 792 1814 vel
820 1776 943 1816 cum
995 1761 1210 1830 accepit
1245 1760 1350 1814 sibi
1383 1760 1730 1830 adiutricem,
1765 1770 1859 1815 aut
1885 1761 2038 1824 Seth,

467 1854 846 1913 autLamech.
875 1862 968 1907 aut
1009 1853 1142 1917 Noe,
1197 1861 1294 1907 aut
1330 1852 1629 1915 Abraham,
1688 1862 1782 1907 aut
1839 1853 2041 1923 aliquis
2072 1830 2113 1884 Β

467 1947 631 2002 alius.
659 1947 765 2002 Sed
790 1946 843 2000 in
875 1945 1135 1999 omnibus
1163 1944 1257 2014 qui
1281 1945 1560 2016 coniuncti
1606 1953 1735 2000 sunt
1762 1962 1886 2000 cum
1916 1963 2038 2000 mu-

466 2036 721 2101 lieribus,
756 2036 830 2090 ita
853 2035 1095 2105 positum
1125 2035 1397 2089 invenies.
1437 2035 1533 2089 lllc
1562 2035 1711 2088 illam
1751 2035 1961 2105 accepit
1983 2036 2039 2089 in

470 2140 719 2190 uxorem,
738 2140 846 2178 non
877 2125 930 2178 in
952 2123 1302 2195 adiutricem.
1338 2123 1559 2193 Absque
1582 2125 1690 2178 ulla
1716 2136 2039 2180 controver—

467 2217 547 2269 sia
575 2216 659 2269 vir
684 2216 867 2285 potius
896 2224 980 2271 est
1022 2216 1242 2287 adiutor
1287 2218 1534 2287 cuiusvis
1564 2218 1838 2283 mulieris,
1863 2228 1923 2272 ut
1943 2220 2034 2288 qui

466 2310 542 2364 sit
574 2309 693 2379 eius
724 2318 910 2378 caput,
945 2318 1172 2364 curator
1232 2316 1288 2363 et
1316 2308 1591 2364 defensor.
1627 2309 1683 2364 Si
1725 2293 1907 2365 autem
1955 2312 2037 2366 fe-

467 2399 613 2453 mina
633 2408 719 2454 est
740 2399 985 2469 adiutrix
1018 2399 1273 2461 masculi,
1296 2414 1395 2453 cur
1423 2415 1536 2453 non
1564 2400 1738 2469 magis
1772 2400 2035 2455 mulieres

466 2491 523 2546 in
552 2491 716 2546 bellis
752 2499 899 2544 stant
931 2491 984 2544 in
1022 2491 1163 2554 acie,
1202 2490 1296 2545 sed
1346 2492 1453 2545 viri
1489 2500 1736 2562 pugnant
1769 2508 1871 2561 pro
1914 2509 2035 2547 mu-

464 2583 695 2637 lieribus
742 2592 840 2636 :et
878 2597 976 2653 per
1029 2584 1201 2636 maria
1257 2592 1489 2637 currunt
1539 2583 1667 2647 viri,
1718 2593 1775 2638 et
1828 2594 2033 2639 terram

465 2677 674 2741 colunt,
730 2685 785 2731 et
846 2676 1093 2730 omnium
1162 2691 1350 2729 curam
1399 2684 1638 2747 gerunt,
1694 2686 1751 2731 et
1801 2676 2036 2731 feminas

465 2778 797 2840 protegunt:
835 2768 1045 2824 nullam
1097 2783 1209 2822 non
1254 2768 1564 2823 machinam
1599 2768 1930 2823 adhibentes
1979 2779 2035 2823 et

464 2866 641 2913 artem
692 2870 751 2911 ut
791 2857 905 2912 suis
934 2856 1204 2911 uxoribus
1239 2873 1396 2927 opem
1450 2857 1678 2912 ferant?
1714 2856 1808 2912 Sin
1846 2870 2034 2913 autem

464 2960 729 3021 tanquam
778 2964 1004 3003 crassus
1047 2957 1103 3003 et
1152 2959 1365 3003 amator
1402 2949 1587 3003 carnis
1639 2949 1777 3004 dicis
1827 2951 2033 3005 coitum

464 3042 719 3104 masculi,
748 3040 1137 3113 adiumentum
1166 3058 1177 3093 :
1213 3056 1303 3094 res
1352 3055 1483 3111 ergo
1510 3040 1590 3095 sic
1619 3041 1860 3095 debebat
1897 3058 2032 3112 pro-

462 3133 686 3197 cedere,
717 3142 774 3188 et
826 3148 938 3187 non
982 3131 1157 3203 magis
1189 3140 1249 3186 ut
1278 3132 1333 3185 in
1382 3132 1583 3187 cubilis
1639 3134 2031 3202 congressibus

463 3227 726 3282 tollerent
767 3242 969 3282 uxores
994 3226 1206 3309 gladios
1237 3226 1352 3281 suis
1376 3226 1725 3298 coniugibus,
1760 3236 1821 3282 ut
1848 3228 2031 3284 cubile

462 3330 721 3395 pararent
749 3322 894 3380 aliis.

534 3436 640 3494 Sed
686 3446 745 3492 et
775 3436 950 3501 canis,
987 3442 1044 3491 et
1068 3451 1218 3503 ursa,
1244 3444 1300 3490 et
1325 3434 1520 3501 leaena,
1559 3444 1616 3491 et
1661 3436 1928 3509 hirundo,
1976 3446 2034 3493 et

457 3552 653 3593 omnes
702 3535 923 3590 feminae
971 3533 1314 3598 animalium,
1357 3533 1627 3588 deberent
1661 3535 1848 3588 vocari
1877 3535 2033 3605 adiu-

460 3632 629 3687 trices
650 3644 876 3685 suorum
911 3629 1308 3682 masculorum.
1340 3625 1448 3681 Sed
1473 3640 1584 3679 non
1610 3634 1696 3679 est
1725 3625 1827 3680 ita:
1860 3642 2032 3695 quan—

460 3722 758 3793 doquidem
806 3719 1066 3775 feminam
1099 3719 1539 3788 uniuscuiusque
1562 3716 1781 3787 generis
1805 3732 1904 3771 seu
1933 3732 2031 3771 vo-

458 3817 655 3881 lucris,
697 3829 797 3869 seu
836 3813 989 3873 ferae.
1024 3827 1122 3867 seu
1182 3811 1421 3882 reptilis,
1467 3818 1692 3866 vocaret
1746 3809 2032 3880 Scriptura

454 3907 787 3979 adiutricem
811 3902 1080 3969 masculi;
1123 3902 1222 3958 sed
1269 3918 1619 3972 nequaquam
1650 3903 1757 3957 hoc
1797 3902 1906 3957 dici
1937 3918 2034 3957 au-

452 3999 703 4055 divimus
720 3999 776 4053 in
796 3996 1082 4066 iumentis,
1106 4003 1203 4049 aut
1225 3995 1437 4060 bestiis,
1462 3980 1558 4049 aut
1577 3994 1919 4059 natatilibus,
1938 4004 2034 4049 aut

457 4089 815 4145 volucribus:
848 4086 942 4141 sed
971 4085 1028 4139 in
1059 4084 1178 4139 solo
1203 4082 1435 4138 Adamo.
1465 4084 1601 4139 Nam
1636 4084 1681 4139 si
1714 4084 1832 4139 dari
1864 4100 2032 4154 opor-

465 4191 545 4239 tet
600 4180 984 4251 adiumentum
1011 4191 1075 4231 ea
1105 4174 1407 4229 animantia
1454 4190 1577 4244 quae
1611 4182 1739 4229 sunt
1784 4174 2033 4243 subjecta

462 4273 651 4332 manui
692 4268 957 4330 hominis,
1001 4275 1059 4320 et
1109 4265 1165 4320 in
1187 4280 1309 4334 quae
1348 4278 1576 4334 regnum
1599 4263 1833 4327 obtinet,
1861 4262 2034 4333 magis

458 4376 630 4440 egent
652 4365 994 4435 adiumento.
1012 4358 1113 4413 Hic
1138 4366 1324 4411 autem
1348 4356 1636 4411 audiamus
1664 4356 2030 4421 contrarium,

460 4460 617 4532 quod
650 4453 862 4511 homini
888 4451 984 4522 qui
1034 4456 1121 4503 est
1146 4448 1405 4518 princeps
1451 4456 1507 4503 et
1532 4448 1790 4504 dominus
1816 4488 1832 4513 ,
1862 4463 1921 4504 et
1944 4450 2032 4504 cui

2152 572 2299 627 Bona
2326 585 2512 631 autem
2536 579 2847 637 etclemens
2882 584 3121 655 adiutrix
3146 586 3261 655 ipsa
3301 584 3509 640 Christi
3532 587 3710 643 Eccle-

2149 667 2253 733 sia,
2287 669 2543 738 praebens
2573 674 2960 740 peccatoribus
2987 678 3168 732 locum
3197 688 3254 732 et
3296 688 3516 747 tempus
3541 680 3710 747 pceui-

2151 761 2359 826 tentiaa,
2386 769 2443 816 et
2474 762 2719 819 latrones
2763 776 2821 821 et
2862 783 3065 838 magos,
3098 778 3153 823 et
3200 770 3297 824 Dei
3328 777 3622 840 negatores
3656 780 3710 825 et

2148 854 2472 912 idololatras
2514 867 2697 928 potest
2752 860 2968 916 allicere
3009 862 3156 917 cives
3189 862 3313 917 coeli
3363 872 3419 917 et
3465 864 3710 918 bmredes

2147 948 2387 1016 paradisi
2411 966 2477 1004 ac
2522 952 2675 1022 regni
2735 954 3022 1007 caelorum.
3058 954 3344 1019 Quomodo
3374 964 3556 1010 autem
3595 956 3708 1025 ipsa

2146 1040 2289 1094 facta
2339 1050 2422 1096 est
2478 1050 2536 1096 et
2578 1043 2877 1098 constituta
2918 1059 2982 1098 ac
3026 1044 3313 1100 nominata
3367 1045 3609 1115 adiutrix
3652 1057 3711 1100 et

2147 1134 2416 1188 servatrix
2440 1134 2652 1201 mundi,
2682 1134 2873 1190 audiat
2891 1136 3058 1190 surda
3085 1136 3367 1209 Synagoga
3392 1155 3552 1192 suum
3585 1155 3709 1208 pro-

2143 1225 2365 1294 phetam
2388 1225 2592 1281 Moscm
2640 1226 2955 1281 dicentem:
2993 1227 3063 1281 Et
3089 1230 3226 1282 misit
3285 1229 3539 1283 Dominus
3568 1230 3707 1285 Deus

2143 1315 2395 1367 exstasim
2424 1314 2479 1366 in
2499 1314 2783 1381 Adamum,
2817 1324 2867 1369 et
2897 1318 3072 1386 sopiit,
3122 1327 3172 1371 et
3220 1322 3415 1389 accepit
3452 1337 3615 1374 unam
3644 1340 3706 1373 ea:

2143 1407 2294 1459 costis
2322 1408 2458 1478 ejus,
2482 1416 2530 1460 et
2576 1407 2796 1478 replevit
2818 1425 3031 1463 carnem
3054 1426 3147 1480 pro
3171 1412 3285 1481 ipsa
3313 1428 3331 1473 ;
3358 1421 3405 1464 et
3429 1411 3707 1480 azdi/icavit

2142 1498 2396 1553 Dominus
2428 1499 2567 1553 Deus
2628 1510 2824 1554 costam
2865 1518 3024 1571 quam
3049 1505 3245 1572 accepit
3294 1519 3358 1555 ea:
3397 1505 3599 1557 Adamo
3650 1508 3706 1557 in

2143 1592 2434 1659 mulierem,
2471 1601 2520 1646 et
2558 1592 2777 1647 adduxit
2801 1609 2918 1647 eam
2944 1594 3011 1646 ad
3038 1593 3319 1647 Adamum.
3375 1594 3704 1649 Profundam

2144 1683 2233 1737 hic
2265 1683 2427 1739 video
2460 1683 2759 1739 dictionem
2784 1694 2839 1739 et
2875 1686 3247 1755 contemplatu
3266 1684 3707 1749 difﬁcilem,cum

2142 1777 2253 1829 sint
2299 1776 2471 1830 multa
2502 1776 2668 1832 dubia
2706 1776 2762 1831 in
2785 1777 2854 1832 iis
2883 1793 3004 1847 qua:
3036 1786 3167 1832 sunt
3223 1777 3523 1847 proposita.
3569 1777 3708 1832 illud

2140 1875 2265 1922 ante
2288 1868 2393 1922 alia
2420 1867 2626 1924 infideli
2648 1878 2704 1925 et
2720 1871 2927 1924 carnali
2943 1870 3131 1925 Judmo
3152 1871 3335 1940 exigat
3362 1871 3629 1933 Ecclesia,
3648 1882 3709 1926 ut

2141 1959 2288 2014 dicat
2320 1961 2621 2029 quomodo.
2660 1977 2785 2017 cum
2816 1964 2964 2018 Deus
3011 1972 3184 2017 staret
3208 1965 3365 2033 iuxta
3413 1962 3706 2027 Adamum,

2137 2063 2194 2108 et
2249 2053 2419 2108 veluti
2454 2055 2690 2125 quadam
2744 2054 2948 2110 medici
2992 2065 3130 2118 arte,
3179 2064 3239 2110 ut
3294 2064 3353 2110 tu
3400 2055 3707 2118 existimas,

2138 2152 2354 2199 secaret
2386 2145 2505 2216 eius
2531 2154 2760 2208 costam,
2801 2144 3278 2216 dicitScriptura:
3330 2144 3562 2216 Replevit
3588 2163 3705 2199 car-

2138 2250 2255 2287 nem
2278 2251 2374 2305 pro
2394 2251 2477 2300 ea,
2500 2244 2549 2288 et
2573 2236 2796 2289 adduxi:
2818 2252 2934 2289 eam
2955 2238 3024 2289 ad
3055 2236 3349 2301 Adamum;
3373 2252 3499 2291 cum
3528 2253 3705 2307 neque

2137 2326 2283 2381 Deus
2311 2330 2673 2392 recessisset,
2707 2344 2887 2398 neque
2919 2328 3117 2383 mulier
3164 2345 3283 2397 qua:
3311 2329 3453 2383 facta
3481 2338 3601 2383 erat
3639 2345 3706 2383 ex

2135 2416 2367 2480 Adamo,
2398 2417 2493 2471 sed
2516 2417 2680 2472 ambo
2704 2419 2869 2473 simul
2903 2427 3093 2473 essent
3114 2462 3128 2485 ,
3162 2417 3309 2473 unde
3334 2418 3565 2472 adduxit
3587 2434 3703 2473 eam

2137 2511 2283 2564 Deus
2307 2510 2373 2565 ad
2402 2509 2705 2565 Adamum?
2728 2509 3032 2581 Oportebat
3066 2510 3213 2566 enim
3244 2510 3465 2567 dicere:
3519 2510 3707 2579 Αζάἱβ-

2136 2604 2273 2656 cavit
2296 2602 2554 2657 Dominus
2578 2603 2717 2656 Deus
2740 2613 2937 2658 costam
2965 2606 3019 2657 in
3052 2602 3343 2667 mulierem,
3379 2612 3427 2656 et
3482 2605 3701 2657 ostendit

2135 2708 2252 2747 eam
2274 2694 2499 2749 Adamo.
2522 2695 2662 2749 lllud
2679 2696 2849 2761 enim,
2884 2696 3103 2749 adduxit
3126 2695 3537 2765 eam,siguiﬁcat
3559 2696 3701 2765 quod

2135 2794 2426 2856 postquam
2455 2788 2573 2858 ipsa
2626 2788 2771 2843 facta
2817 2797 2921 2852 est,
2953 2788 3138 2857 aliquo
3166 2788 3379 2857 aufugit
3428 2797 3486 2841 ct
3512 2789 3699 2857 procul

2135 2888 2391 2949 separata
2428 2879 2533 2934 fuit
2562 2897 2593 2935 a
2647 2896 2751 2936 suo
2781 2881 2925 2944 viro,
2960 2880 3159 2935 deinde
3214 2881 3360 2934 Deus
3420 2895 3542 2933 eam
3575 2895 3701 2934 con-

2132 2986 2353 3027 versam
2377 2970 2601 3026 reduxit
2626 2972 2694 3025 ad
2720 2970 2988 3025 Adamum
3012 2971 3178 3042 906
3198 2970 3503 3040 spiritalem
3530 2979 3586 3024 et
3620 2986 3700 3024 se-

2134 3073 2409 3131 natorem,
2435 3065 2782 3134 corporalem
2814 3072 2871 3119 et
2898 3064 3019 3134 eius
3048 3064 3337 3133 coniugem
3379 3062 3696 3116 Ecclesiam.

2057 3180 2100 3236 ρ
2133 3156 2421 3222 Quomodo
2457 3156 2604 3211 enim
2640 3156 2805 3225 paulo
2860 3166 2988 3211 ante
3035 3155 3172 3210 dixit
3202 3155 3491 3224 Scriptura
3529 3169 3698 3224 equo-

2134 3263 2259 3301 rum
2280 3256 2338 3302 et
2389 3247 2697 3301 bestiarum
2734 3257 2789 3302 et
2808 3247 3188 3317 iumentorum
3215 3246 3505 3301 ductorem
3530 3247 3698 3300 Deum

2134 3326 2506 3395 adducenfcm
2528 3341 2597 3393 ad
2625 3339 2896 3393 Adamum
2928 3349 2985 3393 et
3008 3339 3215 3393 bestias
3234 3348 3289 3392 et
3320 3339 3598 3401 volucres,
3626 3339 3698 3393 ita

2134 3445 2285 3486 nunc
2314 3446 2442 3486 eum
2473 3430 2643 3486 refert
2673 3446 2883 3502 sponsa:
2913 3430 3273 3485 deductorem
3333 3429 3697 3483 adducentem

2132 3537 2389 3593 sponsam
2438 3522 2506 3577 ad
2557 3537 2822 3593 sponsum
2866 3521 3171 3577 Christum.
3208 3518 3315 3575 Sed
3357 3524 3699 3574 revertamur

2133 3611 2202 3664 ad
2233 3610 2457 3665 initium
2515 3611 2807 3676 orationis,
2836 3618 3146 3681 quarentes
3180 3626 3248 3664 ex
3278 3624 3345 3664 eo
3366 3609 3580 3664 discere
3605 3606 3697 3679 qui

2128 3703 2288 3774 iubet
2333 3709 2391 3757 et
2438 3702 2601 3757 dicit:
2627 3701 2856 3768 Quwrite
2893 3711 2942 3756 et
2982 3703 3252 3757 invenietis
3285 3703 3353 3757 ⁸⁷.
3387 3702 3695 3768 Quomodo.

2132 3810 2260 3849 cum
2296 3803 2579 3850 narrasset
2631 3796 2792 3851 nobis
2820 3796 3100 3865 Scriptura
3132 3810 3478 3849 communem
3512 3804 3568 3851 ct
3617 3796 3699 3850 in~

2135 3885 2419 3940 dividuam
2492 3895 2549 3941 et
2612 3887 2987 3954 incorruptam
3051 3885 3293 3940 hominis
3334 3893 3391 3939 et
3448 3885 3697 3943 mulieris

2133 3976 2721 4046 creationem,quando
2740 3976 2907 4029 dixit:
2940 3975 3010 4029 Et
3038 3977 3155 4045 fecit
3186 3975 3319 4030 Deus
3337 3978 3697 4041 nominamur!

2132 4071 2420 4139 imaginem
2462 4068 2562 4124 Dei
2591 4068 2708 4139 fecit
2762 4070 2953 4139 ipsum,
2990 4068 3285 4121 masculum
3332 4076 3383 4121 et
3445 4071 3696 4138 feminam

2134 4163 2251 4233 fecit
2284 4165 2421 4236 ipsos
2444 4179 2461 4228 ;
2485 4170 2677 4232 postea
2696 4170 2883 4215 narrat
2897 4160 3153 4230 privatim
3177 4175 3242 4215 ac
3266 4160 3541 4231 sigillatim
3560 4162 3695 4216 duas

2134 4264 2417 4327 separatas
2440 4256 2827 4327 generationes
2862 4254 3086 4325 penitus
3129 4253 3377 4309 diversas
3422 4269 3487 4308 ac
3531 4254 3694 4308 dissi-

2135 4347 2313 4412 miles,
2336 4356 2391 4402 et
2420 4362 2543 4417 quae
2576 4348 2719 4400 inter
2762 4361 2821 4402 se
2867 4345 3077 4399 nullam
3126 4344 3331 4399 habent
3382 4345 3695 4400 similitudio

2137 4454 2472 4509 nem,neque
2491 4438 2638 4507 quod
2670 4437 2871 4492 attinet
2901 4438 2966 4492 ad
2989 4436 3418 4507 modum,neque
3448 4438 3596 4508 quod
3629 4439 3694 4492 ad

460 4525 603 4608 έιιηι
667 4546 855 4605 omnia
916 4543 1164 4613 subiecta
1214 4540 1319 4595 sub
1350 4540 1588 4610 pedibus
1616 4542 1769 4612 eius;
1809 4556 1923 4596 non
1950 4550 2033 4597 est
2066 4525 2107 4580 Ῑ)
2136 4532 2339 4587 locum.
2374 4530 2643 4585 Adamum
2685 4529 2960 4600 siquidem
3008 4530 3141 4585 fecit
3172 4539 3324 4585 extra
3383 4530 3695 4600 paradisum

464 4647 732 4700 inventus
768 4638 988 4707 adiutor
1032 4633 1359 4705 spiritualis,
1407 4632 1629 4703 adiutor
1654 4633 1799 4703 apud
1838 4634 2035 4701 Deum,

472 4738 692 4809 adiutor
716 4733 934 4794 animae,
955 4737 1106 4783 recte
1129 4740 1320 4782 curam
1347 4740 1548 4795 gerens
1581 4725 1729 4780 illius
1761 4725 2037 4781 hominis:

474 4831 647 4892 illius,
678 4826 924 4895 inquam,
947 4820 1044 4891 qui
1097 4816 1298 4874 cecidit
1326 4817 1385 4873 in
1446 4816 1711 4882 latrones,
1764 4828 1820 4873 et
1852 4834 1883 4873 a
1929 4820 2041 4873 Deo

475 4921 707 4993 aufugit,
729 4927 785 4975 et
808 4917 914 4970 fuit
946 4913 1294 4976 vulneratus,
1322 4918 1377 4964 et
1409 4908 1583 4964 evasit
1615 4909 1900 4981 prodigus.
1936 4911 2040 4977 Qui

477 5025 663 5074 autem
694 5022 956 5078 tauquam
1008 5005 1301 5061 haereticus
1321 5012 1377 5057 et
1418 5001 1638 5056 invidus
1662 5000 1927 5057 adversus
1971 5020 2041 5059 ea

470 5122 602 5180 [qua
656 5104 917 5159 dicuntur
955 5096 1315 5159 contradicit,
1371 5094 1469 5150 sed
1529 5104 1723 5149 contra
1767 5094 2033 5164 Spiritum

472 5205 730 5257 sanctum
755 5205 812 5249 et
837 5192 1117 5249 Christum
1148 5190 1243 5260 qui
1269 5203 1366 5257 per
1394 5203 1456 5241 os
1489 5185 1666 5251 Pauli,
1692 5201 2036 5258 quacunque

475 5287 829 5352 dicunturde
865 5285 1072 5341 Adamo
1101 5291 1158 5338 et
1193 5282 1325 5345 Eva,
1359 5279 1531 5334 refert
1576 5276 1646 5331 ad
1676 5276 1957 5333 Christum
1980 5289 2037 5334 et

481 5382 804 5443 Ecclesiam.
840 5378 896 5433 Si
916 5386 1101 5432 autem
1133 5374 1270 5428 dicit
1295 5369 1861 5442 JudmusJegitimum
1905 5386 2044 5440 quo-

481 5489 594 5547 que
620 5471 825 5536 cultum
862 5482 981 5522 esse
1013 5465 1319 5535 adiutorem
1368 5459 1648 5513 hominis:
1711 5460 2042 5530 cuiusmodi,

483 5580 693 5639 quaeso,
721 5570 803 5619 est
843 5560 899 5615 is
939 5556 1176 5628 adiutor,
1205 5552 1300 5624 qui
1331 5564 1548 5604 omnem
1606 5557 1921 5617 peccantem
1947 5548 2045 5602 ho.

482 5646 698 5717 minem~
715 5654 895 5710 statim
924 5652 1160 5724 puniens
1193 5649 1332 5703 citra
1364 5641 1851 5709 coudonationem,
1896 5642 2046 5697 nulla

554 5841 606 5877 ⁴¹¹
664 5838 854 5895 Iatth.
892 5853 986 5904 vn,
1010 5836 1061 5892 7.

2135 4626 2192 4680 in
2226 4623 2465 4696 quodam
2490 4623 2614 4678 loco
2638 4622 3017 4687 inenarrabili,
3043 4633 3100 4677 et
3128 4623 3620 4693 ininterpretabili,
3644 4630 3698 4678 et

2136 4715 2713 4787 incomprehensibili,
2770 4715 2917 4771 sicut
2946 4715 3111 4770 etiam
3174 4715 3305 4769 alibi
3336 4714 3471 4779 dixi,
3498 4716 3697 4770 deinde

2138 4824 2437 4876 eum,cum
2498 4817 2645 4865 esset
2690 4817 2869 4873 extra,
2920 4807 3227 4863 introduxit
3268 4808 3322 4862 in
3349 4807 3696 4878 paradisum:

2138 4905 2430 4960 mulierem
2457 4913 2639 4958 autem
2664 4903 2815 4957 intus
2844 4901 2975 4956 fecit
3019 4901 3075 4954 in
3135 4901 3410 4971 paradiso.
3439 4901 3697 4967 Quando-

2140 4997 2367 5068 quidem
2418 4994 2673 5050 Christus
2720 5007 2942 5063 quoque
2982 4993 3317 5047 intrinsecus
3366 5008 3394 5045 a
3424 4992 3586 5046 Patre
3634 5006 3700 5045 ex

2141 5092 2262 5145 loco
2317 5090 2506 5161 ignoto
2563 5096 2620 5142 et
2664 5076 3128 5156 ininterpretabili
3159 5086 3304 5156 (cum
3355 5093 3501 5140 esset
3556 5086 3700 5139 Deus

2144 5182 2407 5250 Verbum)
2461 5178 2529 5234 ad
2560 5194 2661 5233 nos
2686 5186 2774 5233 est
2819 5178 3121 5248 ingressus.
3154 5177 3360 5232 Deinde
3401 5177 3699 5233 Ecclesiam

2142 5292 2264 5345 qua:
2296 5275 2520 5337 dicitur,
2571 5272 2897 5341 adiutricem
2932 5270 3063 5325 fecit
3103 5286 3171 5325 ex
3226 5272 3449 5341 propria
3492 5272 3547 5324 in
3582 5270 3700 5338 ipso

2142 5376 2311 5423 costa.
2339 5367 2407 5422 Et
2438 5366 2562 5421 ideo
2585 5365 2791 5419 divisas
2826 5373 2881 5419 et
2915 5363 3213 5418 dissimiles
3260 5364 3454 5419 Adami
3484 5372 3541 5419 et
3576 5362 3701 5417 Erze

2143 5458 2533 5529 generationes
2559 5458 2719 5512 nobis
2765 5457 2934 5511 refert
2965 5472 3121 5511 sacra
3153 5456 3458 5527 Scriptura,
3516 5463 3577 5511 ut
3605 5453 3699 5523 qui

2144 5552 2297 5605 illum
2328 5549 2561 5621 quidem.
2587 5564 2654 5604 ex
2684 5558 2828 5603 terra
2856 5549 3097 5603 inanima
3143 5549 3295 5618 prius
3326 5548 3543 5603 ﬁnxerit
3582 5547 3703 5601 ina-

2146 5642 2387 5710 nimum;
2423 5650 2478 5699 et
2523 5640 2721 5697 deinde
2749 5639 2991 5696 Verbum
3037 5655 3197 5695 suum
3233 5650 3288 5695 et
3326 5640 3521 5705 Deum,
3578 5650 3700 5694 cum
