4080 6542
273 353 408 421 1091

1327 348 1408 411 IN
1447 342 1994 409 HEXAEMERON.
2026 367 2094 376 —
2121 343 2269 402 LIB.
2311 342 2396 402 IX

3366 319 3506 401 1002'

263 474 413 524 esset
439 463 695 521 inanimis
723 460 921 534 (neque
973 459 1122 514 enim
1147 472 1215 512 ex
1238 471 1296 512 se
1318 464 1404 512 est
1429 452 1657 524 animal)
1706 451 1830 508 ani-
1861 457 1904 513 Α
1935 449 2532 522 (Synagoga,inquam,
2561 449 2902 520 Iudaeorum)
2929 457 3186 504 manente
3226 463 3338 504 non
3367 448 3503 505 sub-

265 568 494 620 rnatum,
523 571 647 611 cum
679 568 788 608 non
817 561 965 607 esset
1000 551 1227 616 animal,
1284 549 1588 604 animatum
1625 543 1831 616 produ-

267 649 412 704 xerit
439 667 449 700 :
473 656 528 701 et
561 643 760 700 deinde
791 643 1068 709 animarit,
1095 640 1337 705 ﬁnxerit,
1393 649 1450 694 et
1487 637 1789 694 vivificarit
1818 654 1830 689 :

268 739 415 792 hanc
447 751 578 790 vero
612 749 679 788 ex
712 733 950 787 animata
993 732 1315 796 animatam,
1367 738 1424 785 et
1471 743 1541 784 ex
1593 727 1836 799 perfecta

268 828 591 900 perfectam,
631 833 688 880 et
713 840 778 879 ex
827 823 948 877 viva
1003 823 1280 878 viventem
1319 821 1488 876 vitam
1537 819 1838 876 fabricatus

269 921 344 975 sit
391 928 447 974 et
488 918 813 988 appellarit,
859 917 965 971 hoc
1015 925 1120 981 est,
1171 915 1223 970 ei
1253 914 1525 987 placuerit
1559 923 1620 969 ut
1672 915 1837 968 homo

269 1019 460 1065 mente
489 1020 544 1064 et
570 1009 755 1063 anima
800 1007 1064 1078 praeditus
1122 1007 1278 1062 ﬁeret
1315 1006 1578 1062 Verbum.
1640 1006 1840 1061 Factus

267 1106 420 1158 enim
451 1104 615 1157 homo
665 1102 965 1161 animatus.
987 1101 1289 1156 Ecclesiam
1346 1115 1412 1154 ex
1441 1116 1500 1155 se
1525 1098 1837 1166 aedificavit,

273 1196 573 1252 animatum
601 1191 811 1264 Spiritu
841 1203 1052 1248 sancto.

348 1288 406 1343 Si
473 1295 655 1342 autem
694 1301 817 1355 qua:
875 1285 1000 1340 dico
1067 1283 1283 1348 irridet,
1341 1297 1574 1354 corpora
1627 1281 1848 1350 sapiens

273 1379 524 1442 Iudaeus,
563 1379 681 1448 ipse
723 1377 888 1431 nobis
920 1376 1068 1431 dicat
1097 1375 1378 1445 quomodo
1407 1376 1552 1428 Deus
1588 1373 1846 1442 omnipo-

278 1480 426 1535 tens,
454 1469 547 1539 qui
573 1483 764 1522 omnes
790 1467 1042 1521 caelestes
1062 1465 1300 1519 virtutes
1326 1465 1380 1518 in
1410 1469 1692 1517 momento
1711 1469 1848 1515 tem-

277 1562 431 1632 poris
463 1561 627 1615 simul
677 1561 751 1613 ita
791 1567 853 1612 ut
884 1573 986 1628 per
1034 1573 1092 1612 se
1132 1565 1321 1613 essent
1381 1554 1613 1634 creavit,
1670 1553 1846 1608 solum

278 1654 560 1709 hominem
615 1661 671 1706 et
727 1651 1022 1706 humanam
1052 1649 1464 1705 multitudinem
1520 1664 1628 1703 non
1685 1646 1848 1702 simul

282 1743 464 1808 tinxit,
511 1758 689 1812 neque
741 1741 888 1811 ipsos
936 1741 1103 1804 duos,
1160 1739 1454 1804 Adamum,
1492 1738 1735 1808 inquam,
1793 1743 1850 1789 et

282 1833 494 1889 Evam?
529 1833 685 1888 Unde
715 1833 880 1886 etiam
913 1846 1038 1886 cum
1067 1845 1262 1885 omnes
1290 1829 1514 1884 fecisset
1563 1827 1770 1883 bestias
1795 1834 1850 1879 et

283 1923 586 1978 animantia
607 1929 664 1976 et
699 1922 955 1976 volucres
977 1928 1034 1975 et
1082 1919 1267 1990 pisces
1296 1917 1602 1974 secundum
1653 1931 1850 1987 genus,

283 2025 346 2071 ut
372 2022 698 2086 generarent
753 2014 1038 2068 masculus
1085 2020 1142 2067 et
1190 2012 1394 2066 femina
1451 2027 1550 2081 per
1599 2019 1854 2064 mutuum

283 2109 433 2164 inter
473 2122 530 2163 se
558 2121 919 2177 congressum
951 2113 1007 2160 et
1033 2107 1264 2169 coitum,
1292 2119 1637 2175 nequaquam
1666 2103 1721 2158 in
1748 2103 1858 2157 illis

283 2199 546 2256 omnibus
591 2198 895 2253 nominavit
925 2197 1214 2267 Scriptura
1239 2197 1546 2252 masculum
1592 2205 1648 2250 et
1682 2195 1848 2250 femi-

287 2309 437 2356 nam,
465 2292 572 2346 nisi
599 2291 653 2345 in
679 2291 796 2346 sole
827 2289 1054 2345 homine
1089 2299 1147 2344 et
1176 2289 1311 2351 Eva,
1365 2288 1597 2344 dicens:
1646 2287 1858 2342 Mascu-

288 2388 399 2442 lum
450 2396 501 2440 et
530 2388 780 2456 feminam
823 2386 942 2455 fecit
977 2401 1085 2439 eos.
1121 2381 1278 2449 Quod
1303 2381 1528 2451 quidem
1569 2395 1672 2434 nos
1699 2379 1861 2435 docet

287 2479 616 2536 admirabile
685 2479 1040 2548 mysterium;
1100 2476 1226 2531 dico
1293 2482 1480 2530 autem
1537 2473 1860 2544 mysterium

286 2573 498 2629 Christi
529 2580 586 2628 et
617 2572 896 2628 Ecclesiae.
944 2569 1087 2626 Dicit
1127 2568 1277 2624 enim
1314 2586 1327 2622 :
1367 2567 1436 2622 Et
1464 2567 1684 2620 immisit
1721 2564 1860 2619 Deus

289 2669 541 2721 exstasim
569 2668 623 2720 in
647 2667 868 2721 Adamo.
897 2666 1017 2720 Non
1045 2665 1206 2729 dixit,
1261 2665 1424 2729 misit,
1473 2663 1591 2728 sed,
1613 2664 1862 2728 immisit;

292 2759 401 2815 hoc
426 2768 538 2814 est:
566 2759 684 2813 Non
715 2758 782 2812 ad
827 2758 936 2812 hoc
987 2757 1152 2828 quod-
1194 2756 1436 2810 habebat
1463 2754 1860 2818 essentialiter,

293 2853 526 2907 immisit
550 2852 694 2907 Deus
740 2860 796 2906 et
825 2851 1006 2918 Pater,
1039 2850 1135 2905 sed
1164 2850 1232 2904 ad
1267 2849 1321 2903 id
1372 2847 1522 2919 quod
1570 2864 1670 2918 per
1708 2846 1864 2902 addi-

291 2944 503 3000 tionem
532 2959 598 2999 ex
624 2943 1034 3013 dispensatione
1050 2941 1244 2996 habuit
1266 2957 1364 3011 per
1386 2955 1629 2995 carnem.
1662 2940 1865 2994 Exces-

295 3037 371 3092 sit
404 3038 549 3091 enim
578 3036 753 3091 factus
775 3035 920 3105 quod
953 3050 1065 3090 non
1105 3042 1245 3099 erat,
1300 3048 1531 3088 manens
1586 3042 1771 3088 autem
1807 3031 1862 3087 id

1927 544 2094 614 jecta.
2126 544 2203 598 Ea
2234 543 2302 598 de
2333 558 2498 598 causa
2527 541 2663 597 dicit
2686 541 2834 611 quod
2862 541 3079 612 accepit
3105 557 3269 596 unam
3293 557 3362 598 ex
3383 543 3506 614 ejus

1933 635 2104 690 costis
2130 654 2142 688 :
2171 651 2280 690 una
2315 635 2464 690 enim
2503 635 2828 700 assumitur,
2859 633 2968 688 alia
2996 649 3126 688 vero
3182 633 3506 690 dimittitur.

1934 726 2080 780 Duas
2115 741 2245 796 ergo
2273 735 2456 780 costas
2485 725 2748 789 diximus,
2784 725 2923 779 duas
2961 725 3270 781 Ecclesias:
3307 742 3509 797 nempe

1933 835 2054 874 eam
2086 834 2209 888 qua:
2233 824 2320 873 est
2351 833 2417 873 ex
2433 817 2691 890 gentibus
2709 827 2766 872 et
2793 833 2913 873 eam
2941 835 3063 888 quae
3092 829 3257 874 estex
3278 819 3508 886 Iudaeis,

1936 909 2379 981 quandoquidem
2410 917 2636 980 propter
2649 925 2768 963 eam
2797 918 3005 965 costam
3031 928 3151 981 quae
3177 921 3395 983 sumpta
3423 923 3515 970 est

1938 1014 1995 1058 et
2026 1002 2293 1057 :ediﬁeata
2317 1001 2375 1056 in
2404 1002 2718 1066 mulierem,
2765 1001 2973 1056 dictum
3005 1012 3089 1058 est
3131 1003 3200 1059 de
3233 1003 3461 1061 Christo
3495 1025 3510 1061 :

1947 1095 2230 1166 Retinquet
2252 1103 2457 1165 patrem
2482 1112 2638 1150 suum
2662 1094 2969 1151 secundum
3016 1112 3264 1164 carnem,
3317 1114 3516 1170 nempe

1941 1188 2206 1258 populum
2258 1187 2570 1250 Iudaicum,
2612 1194 2662 1241 et
2706 1196 2933 1241 matrem
2980 1205 3134 1242 suam
3157 1205 3278 1258 quae
3335 1190 3516 1261 ipsum

1943 1281 2162 1351 peperit
2193 1279 2572 1351 Synagogam:
2603 1289 2651 1332 et
2699 1278 2988 1333 adhazrebit
3017 1281 3172 1333 uxori
3204 1297 3332 1344 sum,
3395 1298 3518 1352 quae

1945 1385 2014 1426 ex
2041 1387 2108 1426 eo
2134 1378 2265 1426 nata
2311 1381 2398 1426 est
2443 1381 2630 1435 costae,
2656 1371 2921 1425 Ecclesiae
2973 1370 3190 1426 scilicet
3236 1374 3515 1444 gentium:

1948 1471 1997 1517 et
2033 1473 2186 1517 erunt
2225 1463 2328 1516 duo
2359 1464 2414 1516 in
2439 1480 2651 1516 carnem
2683 1480 2847 1517 unam
2891 1463 2957 1516 ⁷⁸.
2996 1461 3253 1520 Christus
3284 1466 3432 1530 enim
3464 1475 3520 1521 et

1948 1553 2196 1609 Ecclesia
2227 1569 2336 1609 una
2385 1565 2471 1611 est
2521 1556 2816 1610 consensio
2865 1564 2921 1611 et
2975 1557 3360 1611 consonantia.
3411 1557 3524 1612 l‘ios

1950 1647 2096 1700 enim
2123 1662 2317 1702 sumus
2333 1663 2535 1718 corpus
2551 1648 2854 1713 Christi,et
2879 1649 3123 1703 membra
3145 1666 3212 1704 ex
3235 1652 3520 1715 membris,

1950 1746 2007 1792 et
2038 1755 2232 1795 carnes
2280 1748 2337 1795 et
2382 1756 2526 1797 ossa.
2560 1742 2677 1796 Dici
2708 1751 2936 1812 possunt
2969 1743 3132 1798 etiam
3192 1742 3313 1798 duae
3358 1753 3523 1800 eosne

1951 1832 2157 1888 Christi
2193 1833 2422 1888 secundi
2478 1832 2697 1899 Adami,
2727 1836 2846 1906 ejus
2869 1835 3134 1890 divinitas
3165 1845 3221 1892 et
3269 1837 3526 1892 humani-

1954 1937 2057 1993 tas,
2097 1929 2270 1983 altera
2302 1928 2525 1998 quidem
2558 1930 2775 2000 (nempe
2805 1931 2954 2000 caro)
2986 1931 3232 2002 subjecta
3271 1941 3327 1987 et
3363 1948 3527 2002 supe-

1955 2026 2071 2074 rata
2101 2035 2129 2073 a
2160 2035 2355 2074 somno
2374 2019 2594 2085 mortis;
2627 2020 2893 2075 divinitas
2924 2036 3058 2076 vero
3111 2037 3223 2076 non
3279 2023 3524 2093 subjecta

1955 2122 2011 2168 et
2052 2121 2311 2183 superata
2343 2128 2374 2166 a
2427 2126 2623 2167 somno
2658 2111 2875 2178 mortis,
2919 2112 3016 2167 sed
3065 2113 3230 2168 altior
3277 2115 3526 2185 subjecta

1956 2203 2129 2256 altera
2156 2214 2308 2257 costa
2335 2201 2539 2257 carnis.
2571 2200 2746 2270 Quam
2797 2201 3019 2272 quidem
3053 2219 3183 2257 cum
3218 2205 3528 2274 accepisset

1957 2295 2123 2360 Deus,
2162 2289 2460 2350 aediﬁcavit
2487 2310 2607 2349 eam
2661 2296 2714 2348 in
2744 2296 3036 2350 mulierem
3081 2295 3417 2351 Ecclesiam:
3470 2307 3529 2352 et

1957 2402 2060 2456 pro
2088 2402 2152 2441 ea
2172 2387 2404 2456 replevit
2424 2385 2629 2443 Christi
2643 2402 2887 2442 carnem.
2902 2386 3037 2440 Nam
3057 2403 3180 2441 cum
3198 2404 3298 2442 nos
3328 2388 3530 2455 imper-

1961 2478 2142 2533 tiisset
2175 2479 2493 2542 divinitate,
2525 2476 2769 2532 vicissim
2791 2493 2821 2531 a
2848 2478 3010 2533 nobis
3044 2479 3257 2548 accepit
3284 2495 3525 2533 carnem.

1960 2571 2038 2625 De
2076 2586 2184 2641 qua
2213 2570 2622 2641 permutatione
2661 2570 2774 2624 Deo
2822 2569 3043 2623 dicebat
3080 2569 3271 2633 David,
3330 2569 3528 2624 adver-

1963 2678 2057 2718 sus
2078 2663 2298 2718 Iudaeos
2330 2663 2644 2717 exclamans
2685 2671 2741 2717 et
2771 2661 2961 2717 dicens
3007 2679 3019 2714 τ
3069 2659 3533 2732 Erprobraverzmt

1963 2753 2490 2806 communicationem
2519 2750 2712 2806 Christi
2760 2752 2836 2804 tui
2867 2753 2908 2782 τε
2935 2768 2949 2816 ;
3009 2751 3116 2807 hoc
3173 2761 3278 2810 est.
3311 2769 3532 2808 carnem

1965 2845 2088 2900 Filii
2111 2845 2416 2899 affecerunt
2462 2843 2667 2914 probro
2717 2853 2776 2899 et
2817 2844 3172 2898 contumelia.
3220 2843 3288 2898 Et
3321 2847 3536 2900 immisit

1966 2936 2106 2992 Deus
2131 2936 2381 2990 exstasim
2405 2938 2459 2990 in
2477 2936 2670 2998 Adam,
2694 2943 2741 2988 et
2762 2936 2940 3006 sopiit,
2974 2943 3021 2987 et
3046 2937 3241 3006 accepit
3285 2954 3446 2992 unam
3472 2953 3537 2992 ex

1967 3030 2119 3084 costis
2138 3030 2273 3100 ejus.
2299 3029 2405 3083 Per
2432 3027 2539 3082 hoc
2563 3027 2827 3082 discimus
2860 3027 3008 3097 quod
3037 3027 3091 3081 in
3125 3028 3329 3084 Christi
3359 3039 3537 3086 morte

294 3129 444 3200 quod
481 3136 599 3184 erat
631 3129 776 3183 Deus
794 3127 1060 3182 Verbum:
1089 3126 1320 3182 excessit
1353 3140 1485 3180 cum
1511 3135 1654 3180 esset
1679 3125 1861 3179 nudus
1892 3137 1936 3196 ο
1972 3131 2164 3176 exorta
2193 3129 2279 3176 est
2331 3127 2387 3176 et
2442 3121 2500 3175 in
2558 3121 2736 3176 lucem
2766 3121 3040 3191 processit
3088 3122 3366 3189 Ecclesia,
3415 3138 3539 3194 quae

295 3230 354 3276 et
381 3220 795 3290 incompositus,
819 3218 997 3274 factus
1029 3215 1370 3288 compositus
1426 3219 1572 3273 Deus
1615 3218 1776 3273 simul
1811 3228 1868 3274 et

298 3312 486 3364 homo.
515 3311 590 3365 De
614 3327 720 3380 qua
737 3310 941 3364 exstasi
968 3325 1067 3366 seu
1111 3325 1342 3364 excessu
1400 3318 1456 3364 et
1485 3309 1868 3385 incarnatione

297 3403 442 3458 dixit
470 3403 520 3457 ei
551 3403 818 3472 prapheta
871 3402 1162 3457 llabacuc:
1216 3401 1523 3455 Dissecuisti
1581 3402 1635 3455 in
1671 3403 1870 3456 exstasi

299 3497 476 3567 capita
513 3505 783 3566 potentum
818 3495 885 3561 ⁸³,
916 3497 1021 3550 hoc
1080 3504 1186 3562 est,
1219 3496 1581 3552 adversarum
1631 3503 1873 3566 potesta-

300 3596 440 3643 tum.
466 3589 573 3644 Pro
603 3587 804 3644 exstasi
835 3597 1019 3642 autem
1046 3589 1190 3644 alius
1219 3588 1500 3659 interpres
1525 3589 1662 3644 dixit
1692 3598 1874 3660 torpo-

301 3696 448 3744 rem;
483 3681 646 3744 alius,
671 3688 997 3745 veternum;
1025 3679 1167 3735 alius
1201 3697 1480 3736 somnum.
1521 3681 1735 3752 Torpor
1771 3697 1872 3735 au-

302 3779 438 3835 tem,
462 3779 726 3826 veternus
745 3779 802 3825 et
829 3787 1080 3834 somnus,
1107 3782 1239 3827 sunt
1272 3774 1401 3828 vitae
1431 3783 1488 3828 et
1525 3775 1722 3828 mortis
1744 3789 1876 3844 par-

303 3861 538 3932 ticipes;
570 3871 629 3916 ut
653 3862 698 3917 si
728 3861 942 3919 diceret
975 3881 989 3917 :
1025 3864 1188 3918 Prius
1220 3864 1549 3920 immortalis
1582 3875 1637 3920 et
1666 3867 1876 3921 insom-

301 3955 399 4010 nis
423 3955 570 4009 Deus
590 3955 834 4011 Verbum
869 3955 922 4009 in
951 3971 1177 4010 excessu
1202 3963 1258 4009 et
1283 3956 1434 4009 exitu
1471 3971 1501 4009 e
1530 3955 1684 4010 cmlis
1710 3973 1875 4011 carne

303 4055 757 4117 suscepta,carne
775 4047 941 4103 etiam
960 4048 1199 4118 gustavit
1215 4063 1466 4102 somnum
1481 4049 1674 4102 mortis
1700 4049 1877 4104 factus

306 4138 918 4210 homo.Sapientissime
947 4149 1131 4194 autem
1158 4139 1367 4193 dictum
1399 4147 1482 4194 est
1514 4140 1661 4209 quod
1693 4140 1880 4194 Domi-

305 4246 416 4285 nus
439 4230 574 4284 Deus
600 4231 813 4284 immisit
846 4230 903 4283 in
930 4231 1106 4300 ipsum
1131 4229 1273 4283 hanc
1303 4231 1549 4283 exstusim
1574 4246 1667 4284 seu
1693 4246 1880 4286 exces-

305 4337 455 4386 sum,
485 4321 745 4390 etsopiit.
773 4321 905 4374 Deus
935 4322 1083 4374 enim
1111 4330 1165 4374 et
1198 4321 1360 4374 Pater
1381 4322 1590 4389 proprio
1613 4318 1744 4373 Filio
1777 4336 1880 4372 non

307 4413 574 4484 pepercit,
603 4412 694 4464 sed
726 4428 818 4481 pro
844 4411 987 4465 nobis
1009 4411 1244 4464 omnibus
1291 4412 1510 4465 tradidit
1538 4413 1708 4482 ipsum
1737 4412 1781 4444 “
1812 4412 1880 4466 ad

1971 3216 2194 3286 quidem
2240 3226 2324 3272 est
2373 3223 2544 3270 costa.
2597 3214 2965 3282 Quamobrem
3022 3213 3277 3271 Christus
3319 3231 3539 3286 quoque

1972 3319 2099 3381 post
2124 3317 2358 3363 mortem
2392 3318 2635 3378 punctus
2669 3308 2723 3361 in
2763 3323 2874 3361 uno
2925 3307 3121 3373 latere,
3184 3317 3440 3379 tanquam
3471 3326 3539 3364 ex

1972 3403 2312 3473 scaturigine
2345 3401 2531 3456 emisit
2564 3400 2886 3471 sanguinem
2919 3410 2976 3456 et
3006 3417 3240 3472 aquam;
3302 3404 3407 3459 hoc
3432 3417 3539 3472 est,

1972 3493 2296 3564 mysterium
2332 3501 2388 3546 et
2437 3495 2910 3562 regenerationem
2941 3494 3204 3550 Ecclesia:
3235 3512 3332 3565 per
3359 3497 3540 3565 ignem

1973 3595 2030 3639 et
2059 3602 2276 3655 aquam.
2312 3587 2379 3640 Et
2423 3602 2534 3640 non
2566 3586 2665 3640 fuit
2709 3588 2988 3642 sauciatus
3034 3588 3088 3642 iu
3133 3588 3309 3643 altero
3333 3590 3538 3647 latere.

1974 3677 2107 3748 quid
2148 3677 2294 3732 enim
2346 3678 2450 3733 fuit
2493 3677 2891 3748 impedimento
2912 3679 3225 3734 Iudaeorum
3279 3681 3537 3743 insaniae.

1975 3771 2274 3840 quominus
2308 3779 2594 3840 pateretur
2630 3771 2898 3827 Dominus
2947 3772 3000 3826 in
3025 3772 3319 3843 utrisque?
3351 3773 3457 3829 Sed
3481 3784 3544 3830 ut

1976 3862 2253 3918 discentes
2304 3863 2448 3932 quod
2496 3851 2645 3918 costa
2669 3865 2984 3919 Judaeorum
3054 3881 3173 3920 eam
3223 3883 3333 3921 non
3387 3869 3544 3922 novit

1980 3954 2248 4025 mulgere,
2297 3969 2360 4008 ea
2398 3953 2465 4008 de
2497 3970 2659 4008 causa
2691 3954 2943 4009 Christus
2969 3957 3289 4012 vulneratur
3323 3959 3376 4013 in
3410 3976 3541 4017 una.

1978 4047 2150 4104 Unam
2201 4054 2383 4100 autem
2412 4057 2618 4100 costam
2650 4047 2862 4116 accepit
2905 4048 3049 4102 Deus
3076 4049 3337 4104 Verbum.
3392 4051 3542 4118 Quo-

1977 4137 2125 4190 niam
2161 4145 2344 4191 autem
2379 4152 2446 4190 ex
2480 4136 2592 4190 sola
2627 4145 2802 4191 matre
2865 4136 3054 4208 (super
3100 4140 3377 4210 naturam)
3420 4160 3546 4198 car-

1979 4243 2106 4283 nem
2144 4227 2388 4298 suscepit
2431 4229 2637 4298 absque
2681 4229 2820 4294 viro,
2846 4231 3011 4284 etiam
3043 4232 3274 4300 replevit
3323 4251 3546 4290 carnem

1979 4338 2090 4377 non
2141 4321 2462 4377 semiuatam
2509 4338 2609 4391 pro
2642 4322 2731 4376 illa
2766 4331 2916 4376 costa
2949 4339 3070 4393 qua:
3103 4334 3320 4396 sumpta
3363 4338 3546 4385 estex

1985 4416 2192 4470 Adamo
2220 4414 2274 4468 in
2305 4430 2550 4469 uxorem.
2585 4416 2882 4486 Postquam
2931 4417 3109 4473 dixit:
3145 4419 3213 4474 Et
3267 4421 3545 4489 wdiﬁcavit

309 4511 567 4567 mortem,
624 4501 680 4556 in
712 4519 820 4571 qua
847 4501 1086 4557 excessit
1130 4501 1418 4571 impolluta
1453 4503 1575 4572 ejus
1616 4503 1799 4556 anima
1846 4518 1875 4557 a
1911 4489 1953 4544 ί)
1981 4505 2237 4560 Dominus
2273 4503 2409 4559 Dens
2446 4515 2664 4569 costam,
2695 4505 2901 4564 faciens
2930 4509 3235 4578 perfectum
3281 4521 3545 4580 punctum

313 4588 668 4650 sanctissimo
695 4609 926 4663 corpore
978 4601 1262 4663 separata:
1322 4609 1448 4648 cum
1494 4594 1611 4664 ipse
1656 4610 1878 4664 quoque

313 4687 640 4742 excessisset
664 4703 691 4740 a
720 4687 1075 4756 corruptione
1126 4688 1181 4742 in
1237 4687 1731 4757 incorruptionem,
1765 4697 1820 4742 et
1849 4703 1880 4742 a

315 4787 494 4833 morte
523 4779 588 4832 ad
618 4779 1114 4844 immortalitatem,
1159 4779 1369 4833 habens
1409 4794 1541 4832 vere
1575 4777 1880 4834 admirabi-

316 4871 426 4926 lem
448 4879 503 4925 et
532 4870 879 4941 spiritualem
909 4870 1171 4925 exstasim
1205 4885 1301 4925 seu
1334 4886 1644 4925 excessum.
1673 4871 1747 4925 De
1773 4887 1883 4941 quo

313 4961 452 5016 dicit
478 4962 663 5016 Deus:
720 4961 789 5015 Et
814 4963 1030 5016 immisit
1061 4961 1315 5015 Dominus
1361 4960 1500 5014 Deus
1540 4960 1788 5014 exstasim
1825 4963 1880 5014 in

312 5051 599 5116 Adamum,
627 5059 673 5104 et
702 5051 880 5121 sopiit,
916 5059 962 5103 et
989 5051 1183 5120 accepit
1204 5065 1367 5103 unam
1386 5065 1449 5104 ea:
1471 5051 1621 5104 costis
1653 5051 1786 5119 ejus.
1817 5049 1885 5103 Et

313 5157 417 5196 cur
442 5142 692 5196 costam?
743 5141 1062 5211 Subjectum
1098 5141 1408 5196 membrum
1432 5182 1445 5205 ,
1477 5140 1776 5195 dormienti
1799 5149 1886 5194 est

314 5248 426 5287 una
461 5243 613 5289 costa
640 5244 846 5304 praeter
875 5241 1075 5289 cmtera
1111 5235 1360 5290 membra
1388 5253 1402 5288 :
1438 5249 1605 5302 super
1632 5233 1740 5288 alia
1785 5249 1886 5286 au-

317 5337 430 5379 tem
464 5327 711 5382 membra
743 5337 827 5382 est
857 5327 1113 5396 imposita
1143 5342 1402 5396 superne.
1425 5326 1735 5381 Ostendens
1759 5340 1888 5396 ergo

315 5419 466 5475 Deus
496 5421 641 5491 quod
670 5429 821 5477 costa
845 5438 969 5490 quae
1001 5421 1107 5475 fuit
1127 5421 1422 5490 aliquando
1445 5421 1693 5490 subjecta
1713 5420 1890 5489 (nem-

317 5525 388 5580 pe
413 5511 680 5582 Ecclesia)
719 5513 1047 5585 subjieietur
1076 5512 1321 5578 Christo,
1363 5513 1538 5567 altera
1568 5513 1688 5582 ejus
1733 5521 1888 5566 costa

391 5713 436 5784 ξε
470 5711 670 5784 llabac.
697 5727 776 5784 tu,
805 5709 892 5764 15.
967 5711 1014 5742 ⁶⁹
1038 5711 1194 5765 Rom.
1219 5727 1332 5774 vni,
1367 5712 1455 5766 5‘2.
1510 5712 1554 5743 ⁷ο
1577 5711 1714 5766 Gen.
1755 5727 1812 5777 υ,
1835 5709 1933 5776 2-1;
1953 5709 2141 5767 Matth.
2169 5725 2276 5763 xxx.
2316 5714 2373 5776 5;
2413 5711 2608 5784 Ephcs.
2636 5724 2692 5775 v,
2723 5709 2812 5763 5i.

318 5783 366 5818 τ’
393 5783 438 5838 ΙΙ
469 5783 597 5838 Cor.
633 5798 708 5842 ιι,
743 5781 800 5835 2.

599 5878 867 5964 Parnm...
906 5876 1020 5939 Gn.
1060 5877 1394 5939 LXXXIX.

1980 4613 2210 4668 magnus
2238 4597 2512 4661 Clemens,
2541 4607 2598 4652 et
2640 4606 2771 4652 tunc
2797 4614 2992 4654 versus
3045 4599 3252 4656 faciens
3303 4603 3544 4670 initium,

1983 4689 2298 4758 subjunxit:
2333 4686 2505 4753 Quam
2529 4690 2726 4760 accepit
2757 4689 2821 4743 ab
2866 4689 3037 4745 Adam
3061 4693 3116 4744 in
3152 4692 3460 4757 mulierem;
3491 4705 3549 4750 et

1985 4781 2118 4835 mihi
2154 4781 2374 4835 videtur
2425 4782 2511 4850 pie
2535 4781 2828 4836 admodum
2877 4783 3177 4838 attendisse
3225 4785 3545 4842 dictionem.

1987 4872 2123 4927 Nam
2154 4871 2500 4926 'l‘hcodolion
2556 4887 2774 4942 quoque
2825 4871 2904 4926 sic
2935 4872 3193 4926 distinxit
3226 4873 3369 4930 idem
3419 4893 3548 4931 ver-

1988 4960 2141 5024 bum,
2166 4967 2228 5013 ut
2273 4959 2344 5013 sit
2382 4959 2434 5012 id
2487 4959 2633 5028 quod
2675 4959 2917 5012 dicitur:
2957 4959 3026 5014 Et
3063 4961 3341 5028 aedificavit
3373 4962 3552 5018 Domi—

1989 5068 2088 5105 nus
2119 5050 2280 5115 Deus,
2312 5059 2359 5103 et
2387 5052 2611 5113 ornavit,
2656 5059 3030 5120 vermstamque
3062 5060 3112 5104 et
3163 5051 3390 5124 lepidam
3435 5058 3555 5127 olfe-

1990 5146 2080 5208 (ξι,
2137 5152 2186 5198 et
2225 5143 2568 5210 sanctiﬁcat“
2629 5149 2826 5194 costam
2860 5145 3036 5196 carnis
3067 5161 3226 5214 quam
3264 5149 3457 5217 aceepit
3487 5148 3556 5200 ab

1995 5237 2194 5290 Adamo
2225 5234 2329 5290 sibi
2362 5235 2418 5288 in
2445 5249 2690 5294 uxorem,
2719 5249 2914 5304 nempe
2939 5235 3264 5291 Ecclesiam.
3287 5238 3397 5292 Cur
3419 5239 3556 5292 dicit
3607 5299 3612 5303 _

1991 5329 2226 5384 Paulus:
2267 5328 2534 5398 Despondi
2557 5344 2644 5382 vos
2670 5328 2763 5381 uni
2791 5330 2900 5382 viro
2931 5330 3169 5384 exhibere
3197 5333 3453 5401 virginem
3486 5333 3550 5386 7’.

1995 5419 2146 5476 Unde
2168 5428 2332 5475 etiam
2384 5419 2527 5473 Deus
2554 5419 2740 5473 unitos
2763 5429 2819 5473 et
2857 5420 3164 5490 desponsus
3209 5423 3337 5478 huic
3365 5433 3555 5486 eosne,

1995 5512 2192 5582 aitper
2225 5511 2547 5582 prophetam
2593 5511 2854 5566 adulterm
2915 5511 3242 5583 Synagogae:
3283 5513 3401 5568 Non
3433 5531 3560 5568 sum

2923 5709 2962 5741 τ’
3003 5710 3148 5767 Psal.
3187 5726 3438 5777 Lxxxvm,
3467 5711 3538 5767 52

3127 5869 3206 5931 32
