3792 6530
571 311 719 380 1003

1769 306 1832 365 S.
1873 298 2271 364 ANASTASII
2310 297 2637 360 SINAITE

3621 293 3722 362 lilii

574 421 814 494 amplius
835 417 918 474 vir
933 426 1084 484 tuus,
1110 426 1166 474 et
1198 423 1256 470 tu
1278 429 1388 469 non
1416 426 1477 468 es
1503 410 1741 480 amplius
1770 425 1908 464 uxor
1935 407 2138 462 mea".
2169 408 2215 464 Α
2244 403 2492 458 membra
2523 400 2774 473 corporis
2797 411 2925 458 sunt
2956 401 3111 455 unita
3155 402 3209 457 in
3251 418 3478 475 corpore
3503 404 3562 466 τι,
3582 421 3720 474 pom.

574 509 732 578 Quod
761 509 807 564 si
845 508 929 562 vis
959 508 1124 561 etiam
1152 503 1367 557 discere
1398 497 1691 555 aediﬁcium
1732 497 1898 567 hujus
1922 505 2085 550 costa:
2109 508 2140 546 a

575 601 690 656 Deo
719 598 1026 668 conjuncta:
1055 610 1176 664 quae
1205 592 1311 646 fuit
1335 587 1632 660 aliquando
1663 587 1882 641 deserta
1905 594 1962 638 et
1987 583 2142 638 dere-

572 692 728 756 licta,
758 689 886 745 audi
919 688 971 743 ei
1003 687 1218 740 unitum
1263 683 1582 753 angularem
1630 677 1866 748 lapidem
1901 677 2139 746 (ﬁrmum

575 792 635 840 et
685 778 1108 838 illabefactahile
1166 772 1605 842 fundamentum)
1651 770 1926 824 Christum
1959 768 2146 821 dicen-

581 883 689 929 tem
711 891 725 927 :
751 872 918 942 Super
942 867 1076 924 lianc
1099 875 1302 939 petram
1323 865 1588 931 wdiﬁcabo
1633 859 1919 916 Ecclesium
1950 876 2142 924 meam,

579 977 629 1021 et
661 976 824 1037 porta:
855 961 1053 1034 inferni
1101 978 1205 1015 non
1258 952 1615 1029 prcevalcbunt
1650 955 1894 1008 adversus
1930 969 2045 1005 eam
2076 953 2142 1004 ⁷⁸.

579 1057 707 1112 Fuit
737 1053 884 1109 enim
921 1047 1186 1119 ludiﬁcata
1241 1063 1397 1118 super
1436 1045 1837 1114 fundamentum
1869 1039 1994 1092 fidei
2027 1053 2147 1107 pro—

581 1147 858 1217 phetarum
878 1148 926 1194 et
946 1136 1304 1210 apostolorum
1327 1135 1394 1198 ⁷⁵,
1428 1132 1522 1202 qui
1567 1139 1695 1188 sunt
1744 1127 1874 1182 honi
1905 1124 2144 1195 operarii

581 1233 974 1306 sapientissimi
1005 1226 1373 1285 :ediﬁeatoris.
1397 1225 1626 1292 Quando
1653 1229 1836 1276 autem
1890 1221 2008 1273 haec
2037 1233 2145 1270 una

582 1337 734 1385 costa
802 1322 1045 1378 Ecclesia
1122 1320 1227 1373 fuit
1283 1315 1583 1371 aediﬁcata?
1647 1314 1741 1367 Est
1791 1309 2144 1380 perspicuum

581 1419 728 1491 quod
772 1415 994 1488 quando
1017 1413 1187 1466 altera
1236 1416 1387 1463 costa
1417 1406 1522 1459 fuit
1550 1399 1832 1466 derelicta,
1854 1411 1911 1455 et
1966 1398 2148 1453 dissos

579 1490 755 1568 lutum
779 1509 883 1564 fuit
915 1504 1159 1561 secundo
1185 1503 1447 1571 templum
1468 1495 1778 1552 Iudaicum.
1834 1492 1992 1559 Quod
2021 1490 2148 1560 qui-

582 1604 706 1659 dem
745 1617 870 1656 cum
901 1604 1050 1653 esset
1081 1605 1337 1664 tanquam
1367 1607 1472 1645 una
1509 1599 1661 1644 costa
1696 1587 1885 1641 Adami
1915 1583 2145 1648 Christi,

582 1693 873 1750 manifeste
905 1689 956 1744 id
988 1688 1141 1759 prius
1163 1683 1512 1740 describebat
1534 1696 1733 1735 nomen
1761 1678 1923 1748 primi
1952 1691 2148 1747 paren—

583 1785 657 1840 tis
683 1803 698 1850 ;
729 1798 861 1837 nam
899 1780 944 1834 si
966 1779 1033 1833 ad
1065 1777 1337 1832 calculum
1374 1773 1670 1828 reducatur
1694 1785 1893 1824 nomen
1931 1767 2147 1833 Adami,

584 1876 808 1932 conﬁcit
866 1885 1160 1927 numerum
1221 1866 1582 1937 quadraginta
1627 1873 1683 1918 et
1731 1877 1848 1928 sex,
1883 1861 2150 1930 templum

584 1968 736 2025 enim
784 1963 1099 2026 Judaicum,
1149 1946 1297 2028 quod
1353 1954 1671 2011 aliomanis
1723 1953 1823 2007 fuit
1882 1951 2150 2015 dirutum,

585 2049 919 2117 ediﬁcatum
947 2057 1128 2111 fuerat
1146 2053 1510 2125 quadraginta
1533 2065 1627 2103 sex
1654 2047 1833 2101 annis.

656 2153 727 2208 Et
745 2150 1023 2220 aediﬁcavit
1047 2148 1301 2202 Dominus
1324 2145 1462 2198 Deus
1483 2151 1680 2197 costam
1739 2158 1900 2212 quam
1957 2139 2155 2209 accepit

585 2243 684 2298 sibi
711 2242 774 2296 ab
803 2241 1007 2296 Adamo
1031 2240 1086 2292 in
1105 2251 1344 2300 uxorem,
1377 2242 1425 2288 et
1450 2234 1599 2286 duxit
1630 2249 1745 2286 eam
1773 2231 1842 2290 ad
1867 2231 2153 2294 Adamum,

586 2333 844 2388 videlicet
864 2339 990 2402 post
1015 2329 1432 2384 suscitationem
1462 2341 1568 2394 qua
1587 2324 1828 2394 scipsum
1847 2322 2152 2377 suscitavit.

585 2427 705 2483 Non
733 2425 998 2495 scriptum
1031 2431 1116 2477 est
1148 2422 1329 2476 enim:
1371 2419 1437 2472 Et
1463 2419 1705 2471 excitavit
1734 2416 1985 2469 Dominus
2014 2415 2154 2468 Deus

586 2519 870 2581 Adamum,
890 2526 937 2570 et
967 2517 1116 2569 duxit
1153 2514 1221 2568 ad
1251 2515 1422 2583 ipsum
1445 2509 1742 2565 mulierem.
1769 2507 1941 2561 Habet
1977 2505 2156 2561 ﬁdelis

586 2608 753 2664 etiam
787 2607 854 2662 de
899 2606 1064 2675 hujus
1108 2603 1253 2674 (post
1279 2601 1489 2657 Christi
1533 2597 2020 2664 resurrectionem)
2057 2597 2159 2650 Ec-

587 2701 769 2755 clesia:
799 2697 866 2753 ad
909 2697 1088 2767 ipsum
1150 2695 1413 2759 adventu,
1461 2692 1517 2746 in
1556 2689 1866 2760 Evangeliis
1915 2695 2157 2758 apertam

589 2787 1143 2845 demonstrationem.
1164 2785 1391 2852 Quando
1405 2783 1550 2838 enim
1573 2781 1816 2836 surrexit
1845 2797 1875 2834 a
1901 2780 2155 2845 mortuis,

591 2891 727 2937 tunc
751 2879 1012 2951 praecepit
1031 2877 1315 2948 apostolis,
1349 2875 1572 2930 dicens:
1601 2874 1801 2928 Euntes
1822 2875 1877 2926 in
1904 2872 2158 2944 mundum

592 2975 768 3027 docete
801 2952 979 3026 omnes
1007 2979 1201 3041 gentes,
1223 2966 1549 3038 baptizantes
1569 2982 1654 3020 eos
1672 2967 1726 3018 in
1745 2966 1955 3019 nomine
1977 2963 2158 3018 Patris

596 3073 646 3117 et
681 3062 804 3118 Filii
837 3071 885 3115 et
913 3061 1142 3133 Spiritus
1176 3060 1347 3114 sancti
1375 3059 1440 3112 ⁷⁸.
1475 3058 1686 3112 Euntes
1707 3057 1870 3127 907
1913 3057 2157 3126 colligite

592 3171 748 3212 meos
772 3154 913 3209 ﬁlios
978 3153 1299 3223 dispersos,
1353 3151 1600 3204 membra
1653 3151 1956 3220 diSpersa;
2006 3148 2159 3202 unite

594 3261 746 3301 meas
782 3260 978 3301 carnes
1007 3243 1214 3298 divisas
1243 3258 1258 3309 ;
1296 3242 1616 3311 conjungite
1656 3256 1774 3296 mea
1824 3256 1948 3296 ossa
1979 3239 2159 3295 disso-

595 3339 708 3392 luta
728 3354 744 3404 ;
766 3336 1022 3392 adducite
1053 3334 1120 3390 ad
1173 3349 1258 3388 me
1291 3343 1497 3387 costam
1546 3348 1667 3401 qua:
1694 3341 1782 3386 est
1814 3347 1844 3386 a
1885 3347 1971 3386 me
2005 3347 2164 3400 sepa-

594 3437 752 3496 rata;
801 3437 993 3484 vocate
1055 3426 1122 3481 ad
1181 3441 1267 3480 me
1325 3439 1554 3478 uxorem
1611 3440 1790 3479 meam
1825 3465 1840 3489 ,
1905 3440 2027 3494 quae
2069 3424 2164 3477 ah-

594 3523 760 3579 ducta
803 3532 889 3578 est
920 3522 1164 3592 captiva;
1216 3517 1480 3573 :ediﬁcate
1529 3533 1650 3572 eam
1676 3533 1869 3572 rursus
1903 3517 1958 3572 in
1986 3533 2161 3571 meam

596 3616 887 3686 conjugem
928 3613 1250 3668 Ecclesium.
1305 3612 1634 3683 Conjungite
1678 3610 1837 3670 mihi,
1905 3610 2000 3680 qui
2038 3625 2160 3663 sum

600 3707 738 3778 lapis
767 3707 968 3760 excisus
991 3721 1054 3758 ea:
1094 3714 1266 3758 monte
1318 3713 1510 3760 sancto
1541 3706 1654 3758 sine
1682 3703 1918 3756 manibus
1945 3702 2011 3765 ⁷⁷,
2044 3701 2164 3756 illos

599 3799 810 3868 lapides
842 3799 910 3852 de
939 3797 1146 3868 quibus
1185 3797 1319 3852 dicit
1347 3798 1516 3852 Isaias
1549 3813 1563 3850 :
1595 3795 1779 3851 Sancti
1812 3794 2024 3864 lapides
2050 3794 2166 3848 vol-

599 3900 806 3946 vuntur
857 3904 1024 3959 super
1077 3898 1314 3944 terram:
1363 3905 1464 3960 per
1521 3903 1661 3959 quos
1718 3887 1982 3942 aediﬁcata
2013 3895 2163 3942 costa

598 3981 807 4038 Christi
856 3981 1135 4045 Ecclesiae,
1171 3990 1228 4036 et
1259 3981 1572 4052 conjunctis
1603 3978 1868 4034 membris
1915 3978 2166 4048 cognatis

601 4073 782 4130 carnis
836 4087 970 4138 suae,
1024 4082 1081 4127 et
1134 4071 1345 4126 coactis
1383 4087 1448 4127 ac
1497 4069 1813 4125 constrictis
1867 4068 2024 4122 nobis
2070 4067 2164 4132 qui

607 4181 801 4222 sumus
821 4165 943 4236 ejus
976 4180 1101 4219 ossa
1127 4164 1352 4234 (unione
1377 4163 1444 4218 ad
1481 4164 1660 4234 ipsum
1703 4169 1760 4216 et
1798 4158 2168 4216 coalescentia

602 4258 780 4327 ﬁdei),
816 4257 1014 4313 videns
1046 4258 1185 4312 adeo
1208 4257 1437 4326 pulchre
1477 4273 1508 4311 a
1538 4257 1649 4311 Deo
1671 4256 1993 4311 aediﬁcatam
2037 4271 2170 4309 con-

602 4349 945 4419 corporalem
975 4357 1030 4403 et
1049 4351 1339 4419 eonjugem
1384 4363 1538 4404 suam
1589 4357 1797 4403 costam
1845 4347 2167 4408 Ecclesium,

2242 511 2366 550 mus
2408 495 2594 550 dicere
2645 495 2715 549 de
2765 509 3099 563 unoquoque
3137 509 3366 549 eorum:
3414 496 3515 550 Hoc
3557 515 3720 557 unum

2244 586 2445 640 ossibus
2469 587 2620 649 meis,
2658 592 2706 638 et
2740 601 2863 638 caro
2892 600 2956 637 ex
2998 601 3159 637 carne
3188 602 3324 638 mea.
3357 585 3566 651 Quando
3595 603 3722 647 autem

2247 695 2314 734 ex
2347 693 2512 733 causa
2568 677 2747 746 aliqua
2777 675 2940 730 luerit
2994 674 3202 731 ablatio'
3233 689 3288 732 et
3321 676 3515 732 divisio
3560 682 3743 753 alicujus

2247 771 2484 826 membri
2525 786 2556 824 a
2595 783 2847 838 corpore,
2882 783 2990 821 non
3028 768 3198 822 habet
3243 770 3476 838 amplius
3501 771 3643 824 locqu
3672 777 3722 826 di-

2247 876 2406 916 cere:
2433 860 2542 913 Iloc
2563 875 2703 912 nunc
2737 874 2791 911 os
2822 874 2886 911 ex
2911 858 3110 911 ossibus
3135 860 3282 921 meis,
3311 868 3362 910 et
3395 876 3513 912 caro
3550 878 3598 913 ετ
3622 881 3724 917 cum

2249 968 2400 1006 mea:
2435 951 2527 1006 sed
2571 952 2675 1005 hoc
2702 950 2806 1004 fuit
2849 949 3147 1018 aliquando
3174 965 3230 1003 os
3251 965 3318 1003 ea:
3357 952 3542 1003 ossibus
3570 957 3724 1013 meis,“

2249 1060 2377 1098 caro
2410 1059 2476 1098 ex
2505 1058 2737 1112 corpore
2765 1058 2908 1096 meo.
2936 1043 3096 1097 Nunc
3126 1052 3312 1096 autem
3335 1057 3444 1096 non
3474 1054 3548 1096 est
3565 1033 3745 1111 amplius

2247 1153 2310 1190 os
2331 1152 2512 1191 meum
2538 1130 2881 1204 neque'caro
2906 1152 3049 1200 mea,
3081 1134 3176 1189 sed
3213 1136 3432 1189 diversa
3475 1147 3567 1200 est,
3594 1140 3724 1198 ablata,

2247 1230 2454 1294 excisa,
2503 1228 2814 1284 abalienata
2854 1238 2940 1282 est
2989 1228 3058 1282 ab
3107 1228 3330 1281 ossibus
3369 1227 3502 1280 meis
3541 1238 3588 1281 et
3622 1246 3724 1286 (ante

2247 1332 2388 1370 mea.

2322 1409 2423 1462 llic
2453 1415 2635 1462 autem
2661 1409 2715 1463 in
2740 1409 2842 1464 hac
2857 1407 3167 1463 admirabili
3202 1407 3474 1478 stupenda
3500 1419 3624 1463 costa
3645 1413 3727 1464 Ad:-

2250 1501 2326 1555 mi
2359 1503 2454 1571 qui
2491 1501 2717 1566 dicitur,
2748 1517 2778 1556 e
2812 1503 3090 1556 contrario
3109 1517 3200 1558 res
3228 1501 3509 1556 dicuntur.
3529 1503 3634 1556 Nam
3654 1518 3724 1558 ante

2251 1590 2582 1645 ablationem
2606 1600 2661 1645 et
2695 1590 3022 1645 divisionem
3067 1600 3232 1645 costa:
3259 1607 3384 1660 qum
3416 1603 3607 1660 sumpta
3625 1605 3724 1645 estet

2253 1699 2472 1753 egressa
2504 1700 2570 1738 ex
2601 1700 2834 1754 corpore
2860 1686 3001 1755 ejus,
3035 1698 3148 1738 non
3183 1683 3428 1738 diximus
3478 1685 3620 1753 ipsam
3640 1703 3720 1736 ωτι
3748 1666 3749 1674 “

2256 1778 2451 1832 ossibus
2485 1779 2624 1849 ejus,
2659 1794 2836 1848 neque
2870 1791 3088 1832 carnem
3120 1793 3188 1832 ex
3218 1792 3390 1832 carne
3423 1779 3552 1846 ejus.
3578 1776 3724 1842 Quasi»

2253 1880 2435 1926 autem
2468 1881 2682 1942 sumpta
2705 1879 2789 1926 est
2816 1881 2874 1926 et
2905 1880 3032 1924 nata
3061 1886 3129 1924 ex
3157 1885 3394 1940 corpore
3422 1871 3550 1940 ejus,
3576 1880 3619 1923 et
3643 1871 3723 1924 lacu

2254 1977 2339 2022 est
2370 1976 2623 2036 tanquam
2656 1981 2858 2036 corpus
2885 1966 3026 2035 ejus,
3059 1964 3127 2018 ad
3161 1964 3347 2034 ipsum
3370 1972 3454 2018 est
3478 1962 3678 2020 adducta,
3698 1975 3751 2022 et,

2255 2066 2386 2112 tunc
2411 2058 2544 2112 dicit
2577 2076 2589 2110 :
2618 2055 2727 2112 Hoc
2758 2073 2894 2110 nunc
2917 2073 2972 2109 os
3008 2072 3070 2108 ea:
3105 2055 3308 2108 ossibus
3341 2055 3485 2116 meis,
3515 2063 3558 2106 et
3586 2070 3672 2105 caro
3694 2071 3751 2104 zz.

2255 2167 2414 2204 carne
2451 2167 2588 2216 mea,
2618 2150 2830 2204 scilicet
2861 2148 3106 2219 ejusdem
3128 2147 3373 2218 generis.
3401 2146 3543 2201 Unde
3560 2161 3633 2214 per
3652 2146 3724 2207 hoc,

2255 2243 2399 2312 quod
2435 2241 2568 2297 dicit
2621 2251 2677 2296 et
2706 2241 2858 2296 addit
2918 2239 3078 2302 illud,
3129 2239 3306 2301 Nunc,
3371 2237 3590 2290 ostendit
3617 2238 3724 2290 nobis.

2256 2336 2402 2405 quod
2430 2335 2583 2406 prius
2614 2350 2724 2389 nou
2753 2342 2870 2389 erat
2924 2333 3040 2388 haec
3070 2340 3222 2387 costa
3256 2331 3580 2392 Judaeorum,
3622 2345 3725 2395 neque

2257 2443 2320 2482 os
2351 2444 2419 2482 ex
2446 2427 2665 2481 ossibus
2701 2427 2840 2496 ejus,
2878 2440 3057 2494 neque
3081 2440 3209 2478 caro
3227 2439 3298 2477 ex
3337 2437 3495 2476 carne
3517 2423 3626 2489 ejus,
3645 2437 3723 2474 un.

2259 2519 2504 2588 inquam,
2529 2517 2742 2572 Adami.
2775 2515 2843 2570 Et
2877 2515 2921 2570 si
2947 2515 3173 2569 dixisset
3198 2513 3430 2584 quidem
3460 2531 3472 2564 :
3508 2511 3596 2564 Hoc
3626 2528 3662 2562 ω
3693 2526 3727 2560 τι

2258 2610 2454 2665 ossibus
2504 2611 2651 2674 meis,
2685 2609 2867 2662 locum
2913 2606 3145 2662 haberet
3206 2605 3437 2659 Judmus
3488 2599 3726 2671 intelligendi

2259 2702 2326 2758 ad
2354 2702 2591 2757 litteram
2647 2700 2702 2753 id
2753 2698 2900 2768 quod
2930 2698 3154 2752 dicitur.
3210 2696 3420 2750 Addito
3478 2703 3624 2748 autem
3659 2694 3725 2748 illo.

2258 2793 2430 2856 Nunc,
2458 2798 2647 2861 aperte
2677 2789 2838 2844 nobis
2863 2788 3102 2843 ostendit
3123 2787 3299 2857 quod,
3336 2804 3403 2841 ex
3443 2801 3541 2855 quo
3579 2785 3727 2838 excessit

2260 2883 2537 2940 secundus
2587 2883 2781 2946 Adam,
2835 2881 3069 2952 pulchro
3126 2890 3183 2936 et
3212 2881 3379 2934 beato
3411 2888 3464 2934 et
3497 2876 3724 2932 immutabili

2260 2991 2512 3039 excessu,
2537 2985 2592 3030 et
2616 2970 2839 3030 dormiit
2859 2973 2980 3044 (nos
3000 2988 3192 3028 omnes
3208 2973 3578 3039 viviﬁcantem)
3599 2967 3726 3021 tridui.

2186 3083 2227 3139 ο
2259 3079 2384 3119 nam
2412 3079 2567 3118 suam
2603 3075 2858 3128 mortem,
2887 3071 2945 3118 et
2976 3060 3190 3132 peperit
3219 3061 3501 3131 pulchram
3529 3074 3643 3112 suam
3665 3056 3724 3108 Ec-

2263 3158 2507 3223 clesiam,
2539 3165 2746 3213 costam
2767 3156 3261 3226 vconcorporalem,
3295 3164 3352 3209 et
3398 3151 3724 3222 mdiﬁcaviteau

2262 3250 2318 3304 in
2349 3267 2501 3304 suam
2527 3265 2774 3314 uxorem,
2819 3259 2875 3304 et
2910 3248 3140 3304 adduxit
3187 3263 3310 3302 eam
3347 3247 3484 3300 Deus
3523 3243 3578 3298 ab
3607 3253 3723 3294 errr-re

2263 3327 2584 3399 conversam
2637 3343 2706 3396 ad
2749 3341 3054 3408 Christum,
3088 3340 3265 3395 donec
3315 3334 3431 3393 haec
3477 3333 3622 3390 omnia
3641 3332 3724 3384 lacu

2264 3446 2413 3502 sunt,
2456 3437 2701 3490 nondum
2736 3444 2855 3490 erat
2899 3451 2954 3488 os
2994 3451 3057 3488 ea:
3099 3433 3299 3487 ossibus
3328 3433 3466 3502 ejus,
3501 3436 3542 3482 et
3579 3440 3663 3478 caro
3688 3435 3721 3469 rt

2264 3545 2420 3583 carne
2455 3529 2591 3598 ejus.
2625 3527 2762 3581 Illud
2805 3542 2969 3598 ergo,
3008 3525 3180 3588 Nunc,
3224 3524 3433 3578 dicitur
3477 3528 3648 3592 propter
3667 3513 3722 3564 ad-

2263 3631 2510 3686 ventum,
2541 3619 2762 3690 quando
2798 3635 2922 3674 cum
2961 3628 3107 3674 esset
3131 3633 3306 3688 prope
3345 3616 3598 3673 Adamum,
3622 3609 3719 3660 etest

2263 3713 2670 3785 propinquitate
2713 3713 3025 3780 conjuncta,
3061 3719 3118 3765 et
3158 3710 3336 3774 unita,
3369 3716 3422 3763 et
3451 3705 3670 3772 desponsa,
3692 3703 3723 3746 et

2265 3805 2540 3874 copulata.
2573 3803 2641 3857 Et
2677 3803 2799 3858 ideo
2827 3803 2894 3856 ab
2923 3802 3041 3872 ipso
3075 3819 3088 3854 :
3130 3801 3238 3855 Hoc
3274 3817 3414 3854 nunc
3445 3814 3494 3850 os
3535 3796 3586 3846 de
3601 3789 3722 3842 ouili:

2266 3898 2413 3960 meis,
2439 3904 2486 3949 et
2512 3912 2637 3949 caro
2677 3894 2739 3948 de
2763 3911 2922 3948 carne
2954 3911 3069 3947 mea
3096 3909 3113 3947 :
3143 3908 3286 3956 mea,
3329 3893 3552 3960 inquam,
3579 3879 3720 3937 Christi.

2264 4002 2331 4040 ex
2362 4001 2472 4055 quo
2496 3984 2661 4038 etiam
2685 3993 2815 4038 nata
2832 3992 2935 4037 est.
2963 3982 3031 4036 Et
3061 3981 3184 4034 ideo
3233 3980 3389 4034 audit
3415 3977 3572 4038 etiam,
3608 3968 3720 4023 Mr:-

2267 4094 2385 4130 rum
2421 4085 2569 4129 tuum
2605 4077 2869 4128 conversio
2894 4084 3005 4139 tua,
3035 4083 3083 4126 et
3108 4074 3216 4138 ipse
3267 4080 3514 4140 tanquam
3555 4061 3720 4117 Dominus

2267 4168 2510 4222 omnium
2556 4166 2933 4220 dominabitur.
2987 4163 3091 4218 Sed
3125 4163 3178 4216 in
3216 4178 3312 4217 sex
3356 4159 3554 4231 quidem
3589 4151 3718 4206 dierum

2268 4260 2565 4323 creatione,
2592 4259 2844 4312 ultimum
2897 4265 3047 4311 creat
3078 4263 3134 4309 et
3168 4253 3322 4324 ﬁngit
3355 4243 3718 4308 hominemne:

2270 4359 2453 4416 autem
2492 4366 2614 4420 quae
2672 4351 2778 4404 fuit
2832 4357 3038 4419 postea,
3074 4363 3201 4401 eum
3250 4345 3479 4416 primum
3507 4333 3669 4394 inducit.
3690 4334 3719 4378 tl

602 4439 825 4511 quando
847 4454 966 4494 eam
1003 4439 1071 4493 ad
1103 4454 1163 4494 se
1202 4440 1360 4494 duxit
1405 4440 1552 4494 Deus
1580 4448 1637 4493 et
1677 4440 1859 4504 Pater,
1910 4438 2049 4492 dixit
2080 4454 2169 4492 se-
2205 4432 2249 4488 D
2275 4441 2475 4498 deinde
2503 4457 2589 4496 res
2621 4457 2742 4511 quae
2769 4439 3025 4494 Ecclesia:
3058 4437 3306 4492 referunt
3338 4429 3604 4503 imaginem.
3642 4420 3718 4474 Nam

607 4533 827 4588 cundus
857 4531 1029 4586 Adam
1059 4541 1184 4602 post
1214 4534 1332 4603 ejus
1365 4548 1396 4587 a
1441 4531 1674 4585 mortuis
1713 4531 2126 4586 suscitationem
2154 4549 2167 4586 :

605 4623 718 4680 Hoc
741 4641 881 4679 nunc
909 4640 1044 4679 esea:
1079 4625 1275 4679 ossibus
1303 4627 1452 4690 meis,
1507 4634 1556 4678 et
1596 4641 1718 4678 caro
1763 4640 1825 4678 ea:
1851 4641 2008 4678 carne
2032 4642 2170 4681 mea.

606 4715 672 4770 Ei
695 4731 830 4788 ergo
871 4717 965 4788 qui
997 4718 1066 4773 ad
1104 4717 1342 4773 litteram
1391 4718 1570 4774 solum
1616 4717 1795 4772 nudas
1823 4718 2060 4773 attendit
2090 4719 2174 4774 di-

607 4808 823 4865 ctiones
845 4825 966 4880 qua;
1005 4811 1170 4866 dicta:
1200 4820 1350 4876 sunt,
1377 4810 1536 4866 valde
1559 4808 1930 4881 discrepantia
1963 4819 2020 4865 et
2042 4827 2176 4866 con-

607 4899 774 4953 traria
813 4908 943 4954 sunt
1007 4900 1177 4956 verba
1214 4900 1404 4956 rebus.
1464 4899 1600 4956 Nam
1649 4900 1898 4970 quandiu
1950 4900 2174 4971 quidem

2277 4537 2515 4606 primum
2571 4534 2793 4604 quidem
2853 4547 3076 4587 carnem
3137 4529 3380 4599 suscepit
3436 4523 3655 4579 Christus.
3688 4517 3719 4561 ει

2274 4627 2478 4682 deinde
2509 4627 2653 4682 facta
2693 4637 2779 4681 est
2814 4625 3076 4688 Ecclesia,
3111 4623 3165 4678 in
3189 4639 3297 4694 qua
3335 4620 3509 4676 bestiae
3556 4614 3716 4694 ἱιιετεεεὲ

2276 4727 2409 4775 sunt
2433 4719 2660 4774 ultimae.
2689 4719 2798 4789 Ipsi
2826 4717 3049 4773 Christo
3081 4719 3176 4786 qui
3212 4693 3522 4772 introduxit,
3541 4705 3595 4760 sit
3615 4693 3718 4771 :10?“

2277 4811 2333 4866 in
2367 4811 2563 4867 saecula
2590 4811 2937 4866 saeculorum.
2975 4810 3146 4864 Amen

679 5097 953 5172 'ipseeu
1015 5101 1070 5158 2.
1146 5103 1190 5134 "
1212 5099 1401 5157 Matth.
1445 5116 1557 5165 xvi,
1614 5099 1698 5156 18.
1765 5098 2045 5172 ,¹⁸Ερὶιθε.
2091 5111 2150 5166 tt,

2264 5138 2280 5154 .
2356 5096 2402 5131 "
2439 5095 2630 5158 Matth.
2671 5113 2856 5164 xxvnt,
2893 5097 2980 5154 19.
3059 5097 3104 5130 ⁷⁷
3131 5098 3268 5153 Dan.
3300 5111 3357 5162 n,
3383 5095 3463 5149 51.
3527 5088 3563 5120 ⁷⁸
3591 5075 3715 5152 Eph“

606 5177 670 5237 ν,
703 5168 799 5225 50.
