4080 6532
471 271 608 366 ms

1561 302 1644 364 IN
1682 300 2226 362 HEXAEMERON.
2257 325 2326 336 -
2351 302 2492 362 LIB.
2533 303 2604 364 Χ.

3550 309 3702 415 1006

2943 498 2946 502 .
3540 497 3646 530 ,η

1589 635 1934 733 LIBER
2013 640 2571 736 DECIMUS.

1441 834 1519 881 hii.
1569 841 1868 884 MULIEBIS
1908 834 2258 883 CBEATIONE
2302 842 2381 882 ET
2419 839 2717 884 PECCATG.

543 1084 666 1171 ipsa
700 1086 970 1153 r‘ocabitur
1001 1096 1474 1168 mulier,quo'niain
1503 1103 1713 1170 sumpta
1736 1108 1808 1151 est
1838 1091 1900 1150 ea:
1919 1100 2028 1150 viro
2058 1101 2104 1158 Α
2131 1104 2270 1159 mea,
2305 1097 2554 1166 quoniam
2606 1090 2932 1166 ampliﬁcata
2975 1099 3049 1153 est
3087 1099 3360 1169 foruicdtio
3393 1099 3484 1159 tua
3529 1104 3688 1178 supcll

445 1179 578 1249 suo.
623 1193 690 1247 Et
721 1207 822 1246 cur
853 1189 1036 1246 statim
1090 1189 1310 1252 mulier,
1362 1187 1417 1244 et
1471 1207 1581 1244 non
1629 1189 1800 1259 magis
1825 1203 2024 1242 conve-

462 1286 679 1340 nienter
704 1281 883 1336 ordini
919 1279 1244 1335 incrementi
1294 1293 1606 1349 corporum,
1641 1280 1876 1350 primum
1938 1278 2022 1332 in-

464 1379 604 1437 fans.
631 1373 830 1430 deinde
857 1373 1060 1443 puella,
1092 1367 1290 1426 deinde
1335 1372 1761 1433 adolescentula,
1814 1381 1870 1426 et
1893 1380 2026 1426 tunc

463 1468 682 1531 mulier,
706 1467 799 1521 εδδ
823 1465 1006 1520 statim
1034 1463 1335 1534 perfectam
1367 1472 1527 1518 vocat
1557 1463 1865 1527 nmlierem,
1921 1464 2024 1518 hoc

461 1572 566 1624 est.
607 1575 720 1615 rem
780 1556 1098 1628 perfectam,
1153 1563 1480 1618 matronam,
1534 1552 2022 1616 matremfamilias,

462 1659 716 1714 matrem,
771 1649 1043 1704 nutricem
1095 1656 1152 1701 et
1203 1647 1547 1716 genitricem,
1582 1654 1639 1701 et
1688 1647 1890 1701 multos
1929 1645 2026 1698 ha-

466 1747 684 1801 bentem
726 1742 903 1796 ﬁlios?
950 1740 1314 1808 Quamobrem
1363 1740 1498 1796 dicit
1549 1758 1562 1794 :
1605 1739 1725 1810 Ipsa
1758 1739 2025 1794 vocabitur

465 1834 694 1889 mulier?
723 1833 888 1904 Atqui
915 1831 1026 1902 jam
1062 1831 1201 1886 dixit
1222 1841 1343 1886 eam
1373 1846 1403 1884 a
1447 1830 1560 1884 Deo
1605 1829 1930 1884 aediﬁcatam
1966 1829 2023 1882 in

462 1930 767 1992 mulierem,
817 1935 872 1981 et
905 1923 1102 1979 deinde
1129 1923 1418 1978 adductam
1477 1921 1544 1976 ad
1592 1917 1881 1976 Adamum.
1916 1920 2025 1974 Sed

465 2030 529 2074 ut
555 2016 870 2073 ostenderet
918 2012 1062 2084 quod
1087 2012 1203 2066 itth
1237 2012 1552 2066 referuntur
1597 2010 1664 2064 ad
1701 2008 2024 2072 Ecclesiam,

463 2121 584 2178 qua:
608 2107 665 2160 in
695 2103 904 2160 ultimis
928 2103 1144 2156 saeculis
1167 2100 1272 2155 fuit
1296 2100 1566 2169 desponsa
1599 2098 1838 2161 Christo,
1867 2113 1932 2151 ea
1958 2097 2026 2150 de

460 2214 625 2254 causa
649 2198 705 2251 in
724 2196 896 2251 verbo
922 2194 1109 2248 futuro
1128 2192 1300 2262 ponit,
1323 2192 1512 2246 dicens
1543 2208 1555 2241 :
1585 2189 1708 2260 Ipsa
1731 2187 2026 2259 aliquando

459 2289 726 2345 vocabitur
763 2286 974 2349 mulier,
1019 2285 1267 2356 quoniam
1295 2284 1411 2354 ipsa
1443 2292 1652 2353 sumpta
1697 2290 1772 2335 est
1823 2297 1886 2333 ea:
1917 2282 2027 2334 viro

463 2397 577 2437 suo.
610 2381 774 2451 Atqui
803 2379 948 2449 quod
981 2395 1048 2433 ex
1080 2377 1200 2432 viro
1225 2377 1462 2431 sumitur
1499 2385 1595 2428 aut
1624 2375 1886 2436 nascitur,
1916 2390 2026 2428 non

2127 1187 2411 1244 Sodomam
2430 1190 2664 1242 sordrem
2690 1185 2840 1243 tuam
2871 1191 2937 1245 ⁸ο.
2967 1191 3032 1245 Et
3083 1194 3231 1249 mille
3260 1197 3363 1251 alia
3393 1197 3682 1268 ejusmodi,

2125 1288 2382 1349 tanquam
2418 1279 2681 1334 adultera:
2703 1282 2948 1336 cernitur
2988 1285 3129 1340 Deus
3161 1287 3346 1344 dicere
3391 1290 3687 1364 synagOga:

2123 1373 2177 1426 in
2227 1372 2367 1443 lege.
2397 1371 2552 1439 Quod
2587 1373 2632 1427 si
2674 1373 2896 1429 Judaus
2927 1390 2992 1430 ea
3045 1391 3166 1446 qua:
3207 1395 3236 1432 a
3267 1395 3354 1435 me
3403 1382 3684 1450 dicuntur,

2123 1462 2424 1540 toleranter
2444 1463 2597 1518 audit
2617 1471 2674 1518 et
2696 1461 2906 1533 patitur
2936 1483 2948 1518 :
2984 1468 3218 1522 ostendo
3255 1469 3305 1524 ei
3331 1473 3478 1540 quod
3519 1477 3684 1530 etiam

2121 1554 2241 1625 ejus
2265 1570 2403 1609 uxor
2424 1554 2706 1627 Synagoga
2730 1572 2797 1610 ex
2815 1564 2980 1612 carne
3003 1569 3088 1612 est
3111 1570 3317 1625 creata,
3347 1565 3492 1619 sicut
3517 1567 3686 1622 etiam

2125 1645 2390 1710 Ecclesia,
2423 1655 2484 1700 ut
2503 1663 2624 1716 quae
2644 1647 2716 1702 sit
2739 1656 2858 1702 orta
2892 1663 2960 1703 ex
2987 1647 3413 1711 circumcisione
3432 1661 3685 1729 praeputii

2121 1737 2354 1792 Abrahae
2374 1739 2537 1809 primi
2565 1741 3138 1810 parentisJudzeorum
3173 1763 3184 1798 :
3221 1749 3498 1816 quomodo
3526 1750 3689 1806 Chri-

2123 1827 2194 1882 sti
2241 1829 2489 1884 Ecclesia
2550 1829 2616 1884 ex
2663 1833 2827 1885 earnc‘
2889 1840 3056 1887 costa:
3119 1833 3334 1890 Adami.
3405 1838 3508 1892 Sed
3561 1838 3688 1894 tam

2124 1921 2218 1976 illa
2278 1921 2650 1993 (praeputium,
2717 1923 2961 1993 inquam,
3017 1921 3270 1994 Abrahaa)
3319 1926 3532 1996 abjecta
3585 1931 3690 1986 fuit

2122 2027 2248 2069 cum
2267 2015 2503 2084 primum
2531 2024 2615 2070 est
2645 2015 2994 2079 circumcisa,
3023 2027 3080 2072 et
3108 2017 3258 2072 humi
3296 2019 3400 2073 fuit
3459 2025 3688 2078 (ξοηρυῖ-

2125 2106 2246 2157 eata
2291 2104 2646 2172 :praadicens
2695 2106 3021 2176 ejectionem
3075 2107 3423 2164 Abrahamici
3471 2116 3688 2182 generis

2126 2190 2431 2248 lSraelitici.
2457 2192 2598 2248 Caro
2618 2203 2804 2249 autem
2835 2205 3000 2250 costae
3024 2211 3055 2250 a
3101 2194 3212 2251 Deo
3242 2197 3530 2263 honorata.
3570 2209 3689 2256 tan-

2125 2299 2289 2353 quam
2341 2284 2474 2349 vita,
2514 2301 2625 2340 non
2645 2285 2748 2340 fuit
2791 2287 2998 2356 ejecta;
3045 2285 3142 2340 sed
3175 2288 3360 2342 statim
3397 2305 3564 2346 manu
3591 2293 3686 2346 Dei

2124 2375 2228 2430 fuit
2256 2376 2524 2432 aediﬁcata
2573 2377 2626 2431 in
2661 2378 2950 2432 mulierem
2994 2378 3318 2448 perfectam,
3350 2396 3549 2452 nempe
3592 2384 3687 2440 Dei

462 2475 664 2530 dicitur
690 2472 795 2526 viri
820 2472 1020 2526 mulier
1046 2461 1317 2532 autuxor,
1348 2467 1443 2523 sed
1477 2467 1604 2530 ﬁlia,
1632 2473 1893 2530 autnata,
1931 2474 2026 2520 aut
2055 2448 2099 2508 Β
2127 2469 2446 2524 Ecclesiam.
2503 2468 2872 2536 Quamobrem
2911 2470 3056 2525 sicut
3105 2486 3232 2526 caro
3259 2472 3351 2528 illa
3414 2483 3470 2529 et
3501 2491 3689 2531 semen

463 2570 628 2634 ﬁlius,
653 2576 744 2623 aut
791 2566 932 2621 fetus
965 2563 1276 2635 :quomodo
1303 2563 1466 2617 etiam
1517 2561 1567 2614 in
1612 2560 1939 2614 animalibus
1971 2565 2027 2612 et

462 2660 774 2715 volucribus
808 2669 864 2714 et
893 2657 1105 2721 bestiis,
1133 2655 1313 2710 omnis
1340 2670 1468 2708 caro
1487 2669 1607 2724 quae
1621 2668 1687 2708 ex
1714 2668 1874 2707 carne
1899 2667 2027 2721 pro-

464 2752 611 2808 cedit
668 2750 942 2824 (videlicet
993 2748 1296 2804 substantia
1325 2762 1390 2800 ex
1430 2745 1738 2799 substantia
1780 2745 2026 2815 ejusdem

463 2843 629 2898 simul
669 2841 942 2906 essentiae)
972 2840 1116 2895 fetus
1163 2839 1369 2892 dicitur
1400 2848 1457 2894 et
1490 2837 1668 2902 ﬁlius;
1707 2837 1797 2891 hic
1845 2846 2026 2890 autem

463 2951 574 2988 non
600 2933 732 2987 dicit
753 2933 828 2987 ita
883 2931 952 2986 de
979 2946 1146 2986 carne
1181 2939 1344 2985 costa:
1392 2943 1514 2999 qua:
1573 2937 1789 2998 sumpta
1851 2936 1935 2982 est
1959 2943 2027 2981 ex

463 3026 584 3079 viro
603 3025 741 3094 ejus.
767 3024 907 3078 Ecce
934 3022 1038 3077 alia
1067 3037 1259 3076 rursus
1284 3020 1575 3074 dubitatio.
1599 3019 1850 3075 Nondum
1877 3019 2025 3072 enim

463 3123 584 3169 erat
607 3115 690 3169 vir
713 3115 832 3185 ejus
865 3113 1059 3177 Adam,
1093 3112 1336 3168 nondum
1366 3111 1547 3166 fuerat
1592 3111 1770 3166 coitus
1811 3120 1905 3165 aut
1934 3126 2026 3166 co-

465 3207 594 3275 pula
629 3212 722 3260 :e‘t
759 3205 1034 3275 quomodo
1093 3204 1229 3259 dicit
1276 3199 1422 3274 quod
1455 3219 1518 3258 ea
1569 3213 1783 3274 sumpta
1829 3205 1902 3258 sit
1959 3220 2025 3259 ex

464 3302 586 3355 viro
602 3299 740 3354 suo?
759 3299 854 3354 Est
874 3314 1004 3367 ergo
1021 3296 1278 3352 omnibus
1303 3296 1484 3351 modis
1506 3296 1857 3366 perspicuum
1879 3296 2024 3366 quad

466 3391 534 3445 ad
561 3390 840 3445 Christum
863 3389 1069 3460 potius,
1093 3395 1149 3442 et
1179 3389 1247 3442 ab
1279 3389 1395 3457 ipso
1418 3389 1657 3458 genitam
1687 3397 1744 3442 et
1803 3388 1852 3442 ei
1901 3389 2024 3442 uni-

468 3493 576 3538 tam
599 3481 899 3537 Ecclesiam
924 3481 1037 3536 haec
1064 3479 1378 3534 referuntur
1397 3489 1452 3534 et
1488 3479 1878 3549 praedicuntur.
1934 3481 2027 3534 Et-

464 3576 612 3629 enim
638 3575 788 3629 solus
812 3572 1066 3628 Christus
1103 3580 1186 3626 est
1215 3580 1270 3626 et
1295 3571 1533 3641 genitor,
1561 3581 1619 3626 et
1639 3573 1724 3626 vir
1757 3588 1867 3626 sua:
1893 3589 2025 3625 uxo-

466 3665 544 3719 ris
588 3673 644 3718 et
672 3669 887 3732 spOnsa:
939 3663 1215 3717 Ecclesiae.
1247 3661 1504 3716 Nonnulli
1535 3670 1716 3716 autem
1747 3666 1827 3716 cx'
1872 3677 2022 3716 com-

2126 2559 2580 2625 circumclsionis,
2609 2561 2745 2616 duas
2766 2561 3161 2632 appellationes
3190 2561 3384 2618 habuit
3413 2580 3510 2634 per
3572 2581 3692 2621 mu~

2125 2651 2315 2708 liercm
2351 2649 2582 2723 (Saram,
2622 2653 2869 2723 inquam,
2900 2653 3380 2723 primum,deinde
3407 2655 3686 2728 Sarram)‘;

2127 2743 2202 2799 ita
2231 2745 2393 2800 etiam
2447 2746 2546 2800 Dei
2583 2746 2826 2801 Ecclesia
2879 2745 2991 2801 Eva
3037 2747 3148 2801 duo
3178 2748 3388 2818 accepit
3413 2751 3638 2806 nomina
3671 2769 3689 2808 :

2125 2835 2426 2889 secundum
2463 2844 2648 2890 autem
2701 2836 2874 2906 priori
2915 2848 3077 2907 supra
3129 2837 3352 2892 modum
3400 2840 3601 2895 melius
3637 2853 3688 2895 et

2103 2926 2499 2994 excellentius.
2548 2927 2733 2982 Primo
2768 2929 2917 2982 enim
2969 2929 3248 2982 nominata
3301 2929 3404 2984 fuit
3464 2933 3683 2991 mulier.

2125 3023 2316 3083 postea
2392 3015 2504 3071 vita
2562 3035 2574 3068 :
2633 3028 2798 3086 quam
2851 3017 3018 3070 etiam
3094 3033 3192 3087 per
3254 3028 3442 3090 typum
3503 3023 3690 3090 expri-

2125 3123 2282 3163 mens
2334 3124 2469 3163 uxor
2527 3109 2788 3173 Abrahae,
2845 3120 3040 3166 vocata
3098 3121 3182 3167 est
3239 3115 3477 3183 primum
3523 3116 3686 3181 Sara,

2126 3201 2229 3255 hoc
2259 3209 2342 3255 est
2397 3202 2506 3256 dux
2541 3210 2596 3256 et
2647 3203 2936 3273 princeps;
2994 3203 3192 3259 deinde
3247 3206 3426 3271 Sarra,
3481 3208 3533 3263 id
3585 3221 3688 3270 est.

2126 3293 2415 3348 abundans
2448 3294 2655 3349 liberis.-
2701 3295 2998 3364 lmperavit
3026 3298 3174 3352 enim
3211 3299 3467 3354 omnibus
3501 3301 3690 3355 Ecclu-

2127 3383 2223 3444 sia,
2260 3397 2384 3435 cum
2433 3384 2634 3438 mullos
2663 3384 2972 3454 peperisset
3003 3386 3213 3442 ﬁdeles.
3270 3388 3393 3459 Ipsa
3425 3391 3694 3445 vocabitur

2126 3472 2316 3526 mulier
2339 3477 2588 3544 quoniam
2621 3493 2685 3529 ea:
2713 3478 2823 3530 viro
2844 3493 2937 3531 suo
2964 3489 3174 3549 sumpta
3199 3489 3295 3544 est,
3358 3493 3571 3553 propter
3601 3483 3694 3537 hoc

2128 3565 2386 3643 relinquet
2407 3569 2559 3622 homo
2587 3579 2792 3639 patrem
2818 3578 2866 3622 et
2890 3580 3135 3636 matrem,
3160 3581 3208 3625 et
3232 3574 3513 3627 adliwrebit
3543 3578 3696 3629 uxori

2124 3676 2250 3713 sum.
2283 3659 2503 3731 Propter
2535 3664 2628 3715 hoc
2664 3662 2838 3732 :quid
2869 3671 2952 3716 est
3000 3663 3123 3728 hoc,
3149 3664 3372 3736 Pr0pter
3397 3667 3534 3720 hoc?
3582 3667 3696 3722 Hoc

465 3753 887 3816 mentatoribus,
920 3754 1033 3808 haec
1063 3767 1280 3823 quoque
1307 3753 1516 3807 sic-visi
1546 3760 1675 3807 sunt
1717 3753 1907 3808 audire
1953 3753 2020 3808 de
2051 3789 2093 3847 ε
2124 3761 2224 3814 est,
2262 3762 2484 3820 propter
2514 3752 2567 3806 id
2599 3754 2744 3822 quod
2765 3765 2981 3824 sumpta
3012 3765 3097 3810 est
3140 3771 3208 3810 ex
3239 3757 3357 3811 viro
3392 3775 3403 3809 :
3439 3768 3694 3829 propter—

465 3846 730 3902 Ecclesia.
776 3845 929 3911 Erat,
981 3845 1261 3914 inquiunt,
1293 3845 1446 3914 prius
1491 3846 1642 3899 unita
1671 3846 1782 3900 Deo
1807 3847 2026 3915 quando

470 3939 611 3993 facta
666 3944 752 3993 est
794 3937 1078 3992 hominum
1130 3945 1345 3990 natura.
1397 3936 1603 3992 Deinde
1635 3952 1702 3992 ex
1742 3937 1864 3992 viro
1912 3939 2030 4009 ejus

473 4038 687 4100 sumpta
717 4041 802 4084 est
836 4029 972 4100 ipsa,
1004 4044 1099 4083 seu
1124 4029 1396 4083 abstracta
1422 4037 1477 4083 et
1505 4030 1731 4095 evulsa;
1763 4045 1792 4083 a
1813 4028 2030 4085 diabolo

469 4123 616 4177 enim
642 4122 822 4178 fuerat
867 4121 1100 4176 adducta
1149 4121 1204 4175 in
1262 4121 1634 4190 captivitatem
1690 4120 2026 4176 idololatriae.

539 4213 770 4281 Quando
795 4229 924 4284 ergo
958 4229 1077 4266 eam
1113 4229 1436 4267 conversam
1484 4212 1711 4268 deduxit
1737 4214 1881 4268 Deus
1911 4213 2031 4282 (qui

443 4291 652 4360 fuerat
673 4304 968 4373 aliquando
992 4305 1076 4356 vir
1109 4302 1247 4373 ejus)
1280 4303 1347 4357 ad
1406 4303 1647 4374 seipsum
1681 4303 2028 4375 (secundum,

472 4399 718 4468 inquam,
748 4397 1061 4465 Adamum),
1081 4396 1220 4450 dixit
1250 4415 1260 4448 :
1285 4395 1394 4449 Hoc
1419 4413 1556 4450 nunc
1577 4405 1700 4466 post
1713 4398 2030 4452 conversio-

470 4507 596 4545 nem
631 4507 687 4544 os
708 4507 771 4544 ea:
807 4489 1005 4543 ossibus
1032 4490 1180 4552 meis,
1211 4499 1260 4542 et
1284 4506 1408 4542 caro
1456 4504 1518 4542 ex
1546 4505 1704 4543 carne
1728 4505 1884 4554 mea;
1917 4491 2032 4560 ipsa

471 4581 738 4636 vocabitur
791 4580 979 4634 mulier
1037 4596 1133 4634 seu
1184 4596 1322 4636 uxor
1367 4595 1507 4646 mea,
1531 4580 1626 4650 qui
1666 4596 1799 4658 sum.
1820 4583 2032 4653 primus

469 4675 588 4742 ejus
618 4689 816 4742 parens
854 4684 910 4726 et
957 4673 1154 4743 conjux
1204 4671 1474 4727 Christus.
1522 4672 1790 4740 Quoniam
1838 4688 1905 4728 ex
1945 4690 2033 4728 me

471 4765 691 4820 Christo
717 4767 811 4835 qui
841 4781 961 4820 sum
992 4765 1076 4818 vir
1093 4765 1214 4835 ejus
1263 4774 1479 4835 sumpta
1506 4775 1610 4831 est,
1658 4766 1806 4822 furto
1837 4769 2032 4822 subre-

475 4865 588 4926 pta,
635 4866 691 4912 et
725 4873 870 4910 nunc
914 4855 1230 4921 revertitur,
1279 4856 1384 4911 fuit
1428 4857 1578 4912 enim
1622 4859 1726 4913 sub
1767 4857 2033 4921 alioiviro

476 4949 694 5019 (nempe
723 4947 964 5014 diabolo)
1017 4957 1074 5002 et
1101 4947 1368 5003 adultera.
1411 4947 1467 5004 Si
1499 4958 1682 5004 autem
1709 4949 2034 5005 contradicit

471 5041 712 5104 Judaeus,
743 5040 946 5095 debent
970 5040 1146 5096 nostri
1171 5040 1277 5094 hoc
1309 5039 1472 5103 scire,
1496 5041 1782 5095 audientes
1807 5042 2032 5094 omnino

2129 3859 2193 3898 ea
2256 3844 2401 3914 quod
2435 3845 2506 3899 sit
2535 3846 2654 3914 ejus
2677 3855 2848 3912 costa,
2882 3857 3032 3913 caro,
3057 3857 3112 3902 et
3144 3863 3226 3909 os.
3261 3850 3318 3903 et
3366 3852 3693 3916 membrum,

2129 3946 2185 3990 et
2216 3950 2362 4006 pars,
2385 3946 2441 3990 et
2461 3937 2628 3991 veluti
2660 3948 2848 4006 partus
2891 3940 3011 4009 ejus
3052 3951 3108 3994 et
3137 3940 3283 3995 fctus
3306 3951 3362 3995 et
3389 3945 3689 4012 generatio.

2130 4029 2362 4098 Propter
2393 4029 2499 4084 hoc
2524 4042 2690 4084 verus
2721 4029 2812 4084 ille
2839 4042 2895 4086 et
2933 4034 3087 4087 solus
3120 4033 3265 4088 Deus
3292 4043 3348 4088 et
3400 4035 3562 4090 homo
3595 4053 3695 4090 ne-

2129 4132 2221 4192 gat
2250 4131 2459 4192 patrem
2520 4132 2575 4178 et
2611 4132 2841 4178 matrem
2889 4141 3065 4180 suam.
3121 4126 3267 4180 Dixit
3292 4127 3441 4182 enim
3475 4146 3486 4180 :
3523 4130 3694 4183 Mater

2131 4229 2247 4267 mea
2307 4223 2357 4266 et
2407 4214 2598 4283 fratres
2627 4217 2727 4268 mei
2759 4216 2797 4268 ii
2827 4223 2948 4269 sunt
2979 4218 3067 4286 qui
3128 4216 3329 4286 faciunt
3371 4218 3692 4273 voluntatem

2132 4320 2305 4357 meam
2333 4302 2400 4357 ⁸¹.
2428 4304 2495 4358 Et
2530 4305 2814 4359 adhaerebit
2838 4307 2990 4359 uxori
3017 4321 3143 4360 saw.-
3181 4306 3416 4362 Uxorem
3448 4310 3569 4378 ejus
3624 4311 3692 4364 il-

2131 4393 2240 4448 lam
2275 4393 2400 4448 dico
2424 4409 2543 4463 quaa
2566 4395 2835 4464 processit
2859 4409 2926 4449 ex
2961 4395 3080 4465 ejus
3130 4392 3302 4449 latere
3331 4404 3388 4450 et
3437 4412 3602 4451 carne
3636 4404 3693 4452 et

2131 4486 2249 4541 suis
2277 4486 2512 4551 ossibus,
2536 4503 2658 4556 qum
2679 4495 2764 4541 est
2803 4487 2917 4541 sola
2948 4499 3084 4542 uxor
3111 4487 3304 4542 Adami
3339 4489 3645 4558 spiritualis
3678 4505 3694 4544 :

2132 4578 2282 4633 nulla
2311 4579 2460 4634 enim
2497 4579 2602 4634 alia
2626 4579 2828 4634 mulier
2857 4579 3128 4649 processit
3175 4595 3244 4634 ex
3281 4579 3401 4634 viro
3435 4596 3537 4635 suo
3589 4583 3696 4636 nisi

2133 4673 2225 4727 illa
2265 4673 2401 4728 sola.
2431 4671 2565 4726 Nam
2597 4679 2809 4726 caterua
2835 4685 3026 4726 omnes
3078 4671 3134 4724 in
3181 4669 3386 4724 mundo
3439 4671 3697 4725 mulieres

2131 4761 2439 4832 procedunt
2492 4769 2548 4815 et
2592 4768 2924 4828 generantur
2975 4775 3042 4812 ex
3088 4758 3436 4822 mulieribus,
3493 4760 3694 4814 deinde

2133 4852 2330 4907 alienis
2347 4862 2404 4907 et
2418 4851 2661 4907 externis
2678 4853 2778 4906 viri
2796 4853 3103 4922 junguntur
3121 4852 3491 4916 matrimonio,
3513 4869 3693 4924 neque

2133 4953 2316 5000 tamen
2338 4945 2618 4999 adhaerent
2633 4952 2688 4998 et
2702 4943 3169 5013 conglutinantur.
3188 4944 3322 4998 Nam
3351 4945 3496 5013 quod
3513 4944 3698 5000 adlue-

2134 5042 2219 5088 ret
2273 5033 2786 5104 ctconglutiuatur,
2839 5031 3043 5088 nullam
3099 5049 3279 5104 neque
3334 5035 3456 5091 loco
3510 5051 3693 5106 neque

474 5135 645 5188 Deum
677 5134 732 5188 in
769 5133 910 5204 Lege
935 5149 1163 5188 uxorem
1192 5133 1488 5203 aliquando
1523 5135 1899 5188 nominantem
1928 5133 2031 5204 Sy-
2062 5125 2300 5182 D'modo
2327 5125 2494 5180 habet
2513 5125 2679 5194 908
2700 5125 3024 5180 divisionem
3067 5142 3245 5196 neque
3271 5127 3695 5198 disjunctionem

473 5240 758 5296 nagogam,
789 5233 846 5280 et
872 5241 1020 5281 nunc
1071 5227 1292 5296 quidem
1319 5227 1369 5282 ei
1413 5226 1688 5281 dicentem
1723 5245 1736 5279 :
1770 5225 2032 5280 Pudorem

471 5319 662 5371 exuisti
679 5317 820 5388 apud
847 5334 1025 5372 omnes
1051 5319 1094 5350 "’
1123 5337 1134 5371 :
1161 5318 1262 5373 hoc
1285 5328 1390 5382 est,
1422 5333 1452 5372 a
1473 5333 1558 5372 me
1575 5317 1845 5381 deiecisti,
1878 5317 2033 5372 unita

473 5408 733 5463 omnibus
781 5408 888 5464 diis
925 5409 1193 5464 idolorum
1241 5410 1506 5464 fornicata
1561 5424 1644 5472 es,
1681 5416 1739 5462 et
1793 5407 2032 5462 adorasti

475 5513 694 5552 omnem
721 5507 1050 5554 creaturam.
1072 5500 1141 5555 Et
1171 5501 1295 5554 ideo
1319 5515 1512 5554 rursus
1542 5499 1593 5554 ei
1616 5498 1836 5554 dicebat
1855 5489 1882 5551 ἰ
1916 5497 2031 5551 Non

477 5605 593 5642 sum
647 5587 873 5658 amplius
913 5591 992 5644 vir
1026 5598 1173 5653 tuus,
1226 5599 1273 5643 et
1314 5599 1367 5642 tu
1411 5604 1515 5642 non
1549 5606 1600 5643 es
1633 5589 1856 5658 amplius
1899 5601 2033 5640 uxor

549 5754 594 5788 '"
624 5754 821 5814 .lcrem.
855 5772 934 5820 tu,
998 5754 1046 5808 l.
1147 5756 1191 5787 '°
1221 5755 1348 5810 (ise.
1405 5771 1461 5819 Il,
1513 5755 1566 5807 ξ’..

2139 5217 2208 5272 ab
2229 5217 2360 5281 alio,
2410 5215 2508 5272 sed
2541 5218 2711 5272 semel
2759 5215 2832 5272 ita
2878 5225 2962 5271 est
2989 5218 3448 5289 conglutinatam,
3494 5230 3558 5273 ut
3603 5235 3700 5274 aer

2138 5307 2248 5363 luci
2286 5307 2498 5372 unitur,
2529 5317 2586 5362 et
2614 5307 2823 5362 ferrum
2856 5307 2990 5378 igni,
3037 5317 3095 5364 et
3146 5308 3384 5364 tinctura
3437 5325 3702 5380 purpura:

2137 5397 2458 5470 chlamydis,
2492 5405 2547 5454 et
2567 5399 2747 5454 anima
2777 5399 3060 5455 individua
3109 5408 3196 5456 est
3247 5400 3401 5455 unita
3456 5402 3698 5473 corpori.

2137 5492 2414 5563 lntclliges
2442 5503 2626 5548 autem
2658 5508 2757 5565 per
2788 5494 2932 5549 hanc
2957 5507 3182 5548 uxorem
3235 5501 3292 5549 et
3319 5493 3423 5548 viri
3482 5509 3606 5549 cum
3636 5512 3700 5550 ea

2138 5585 2621 5656 agglutinationem
2689 5596 2745 5643 et
2807 5585 3217 5650 adhaasionem,
3297 5601 3434 5658 eam.
3496 5588 3702 5660 agglu-

1645 5753 1688 5784 ⁸¹
1725 5751 1912 5807 Matth.
1949 5767 2040 5815 xu,
2074 5751 2159 5805 ὅθ.
