3792 6544
482 310 616 375 1007

478 424 805 481 tinalionem
846 429 903 475 et
939 419 1309 474 adltmsionem
1372 418 1464 472 Dei
1525 417 1683 473 Verbi
1755 433 1877 488 quae
1938 434 2039 487 per

477 505 815 589 hy'postasim
844 514 902 568 ﬁt
933 529 1057 568 cum
1088 519 1275 565 nostra
1308 520 1524 573 natura,
1557 526 1679 578 qum
1700 510 1923 580 quidem
1951 519 2035 564 est

476 609 711 682 genitrix
755 605 1054 662 Ecclesiae:
1087 602 1345 684 quoniam
1383 600 1622 673 membra
1673 616 1863 675 sumps
1909 616 2033 659 cor-

474 704 625 772 poris
657 701 777 770 ejus
803 714 869 753 ex
903 709 1067 751 carne
1110 696 1247 765 ejus,
1274 702 1330 747 et
1353 692 1569 747 ossibus
1587 694 1705 763 ejus
1730 694 1798 757 δ’,
1830 708 2033 747 conve-

474 798 692 850 nienter
719 792 834 846 voci
866 788 1038 845 Pauli.
1078 787 1196 853 Quo
1224 785 1285 840 ﬁt
1312 794 1371 839 ut
1409 785 1813 854 quodammodo
1860 784 2032 839 Adam

473 888 545 940 sit
564 896 617 940 et
644 891 800 953 pater
826 890 882 935 et
903 879 1134 934 maritus
1151 894 1263 934 suae
1282 877 1489 940 uxoris,
1523 877 1666 931 sicut
1688 878 1851 932 etiam
1876 877 2035 933 Chri-

472 989 589 1033 stus
627 974 898 1031 Ecclesiae.
930 973 1091 1027 Pater
1121 972 1364 1040 quidem,
1426 979 1484 1022 ut
1534 971 1705 1039 ipsam
1767 986 2032 1040 generans

470 1086 568 1140 per
599 1082 792 1138 aquam
846 1074 901 1119 et
948 1063 1251 1133 Spiritum;
1310 1062 1543 1115 maritus
1565 1070 1773 1125 autem,
1828 1071 1889 1115 ut
1934 1062 2030 1132 qui

472 1162 631 1218 Verbi
665 1174 850 1215 semen
876 1158 931 1210 in
954 1171 1072 1210 eam
1103 1153 1342 1225 dejiciat.
1401 1153 1504 1207 Per
1544 1153 1688 1223 qunti
1717 1153 1917 1208 multos
1942 1164 2029 1209 at-

380 1306 385 1315 ,
468 1268 574 1322 que
612 1250 749 1305 adeo
778 1245 1207 1302 innmnerabiles
1234 1245 1334 1298 hos
1362 1244 1501 1299 ﬁlios
1541 1243 1724 1313 (ﬁlios,
1781 1243 2028 1312 inquam,

467 1340 737 1414 gentium)
767 1339 817 1394 ei
851 1337 1083 1408 peperit,
1113 1345 1168 1390 et
1197 1335 1447 1402 enutriit,
1480 1344 1535 1389 et
1565 1335 1737 1399 auxit,
1763 1343 1817 1389 et
1840 1337 2028 1390 multi-

466 1434 713 1506 plicavit.
753 1431 865 1485 Hoc
885 1432 1030 1484 enim
1054 1428 1215 1483 modo
1248 1430 1412 1483 etiam
1439 1427 1642 1483 Christi
1666 1427 1905 1497 adjutrix
1941 1430 2027 1484 di-

467 1529 611 1583 citur
650 1523 913 1588 Ecclesia,
943 1538 1009 1576 eo
1042 1521 1187 1592 quod
1247 1522 1364 1591 ipsa
1392 1530 1515 1591 post
1540 1522 1659 1592 ejus
1697 1523 2029 1592 assumptio-

466 1636 591 1675 nem
622 1623 941 1689 generet,et
960 1615 1171 1676 doceat,
1197 1623 1252 1669 et
1280 1613 1573 1676 illuminct,
1601 1614 1945 1683 etpraedicet,
1974 1625 2029 1670 et

466 1720 754 1769 convertat
784 1718 973 1780 gentes
1003 1706 1071 1762 ad
1098 1708 1290 1760 Deum.

534 1805 751 1861 Etenim
784 1801 1043 1876 quoniam
1076 1800 1228 1869 prior
1277 1798 1559 1869 Synagoga
1588 1799 1692 1852 fuit
1755 1799 2026 1866 adultera,

465 1908 521 1955 et
548 1898 720 1968 ipsius
750 1896 847 1951 ﬁlii
887 1910 1027 1964 quos
1060 1894 1206 1948 Deus
1235 1892 1426 1963 genuit
1454 1899 1509 1947 et
1544 1892 1597 1946 in
1627 1892 1797 1947 altum
1832 1894 2028 1947 extulit

464 2007 590 2046 eum
643 1995 1024 2059 spreverunt:
1067 1993 1292 2055 propter
1340 1984 1487 2038 hunc
1538 1995 1741 2049 actum,
1803 1986 2028 2055 reliquit

464 2083 717 2139 Christus
742 2088 953 2151 patrem
970 2093 1154 2141 suum,
1184 2092 1380 2145 nempe
1399 2076 1659 2146 populum
1686 2076 2022 2144 Judaeorum,

463 2186 519 2231 et
542 2185 770 2230 matrem
798 2186 953 2227 suam
979 2170 1340 2242 Synagogam,
1384 2177 1439 2223 et
1469 2169 1698 2224 adhaesit
1727 2170 1881 2224 uxori
1916 2187 2027 2226 suae

465 2283 628 2339 quam
651 2266 885 2335 sumpsit
916 2280 983 2318 ex
1012 2262 1288 2334 gentibus,
1328 2271 1383 2316 et
1408 2261 1631 2317 fuerunt
1674 2262 1785 2317 duo
1821 2262 1875 2317 in
1903 2279 2025 2318 car-

464 2377 588 2416 nem
624 2374 787 2413 unam
824 2357 989 2411 unius
1034 2355 1240 2425 populi.
1276 2354 1583 2425 Mysterium
1622 2357 1715 2409 hoc
1774 2374 2025 2427 magnum

463 2462 537 2507 est
566 2452 678 2524 (ego
708 2450 912 2505 Paulus
942 2448 1076 2517 dico)
1119 2450 1173 2501 in
1203 2446 1406 2502 Christo
1436 2457 1482 2501 et
1514 2446 1750 2501 Ecclesia
1770 2449 1815 2480 ⁸³
1851 2466 1867 2502 :
1910 2450 2026 2503 haec

464 2546 686 2599 fuerunt
714 2542 1055 2613 prmﬁgurata
1085 2548 1143 2595 et
1196 2540 1350 2610 prius
1381 2540 1675 2609 descripta.
1720 2539 1977 2605 Quantam
2003 2542 2025 2594 ?

464 2633 541 2687 Ea
563 2632 769 2685 scilicet
797 2645 918 2699 qum
941 2630 1141 2698 scripta
1166 2638 1295 2681 sunt
1317 2629 1384 2683 de
1405 2629 1611 2684 Adamo
1637 2638 1694 2684 et
1718 2631 1829 2685 Eva
1862 2648 1875 2683 :
1906 2632 2025 2702 ejus

463 2724 671 2780 scilicet
696 2721 865 2787 ﬁctio,
888 2722 939 2775 in
966 2736 1086 2775 eam
1131 2721 1448 2786 insufllatio,
1498 2723 1747 2792 positura
1773 2723 1828 2776 in
1864 2738 2025 2792 para-

463 2818 584 2874 diso
621 2816 688 2871 ad
721 2814 1058 2885 operandum
1107 2825 1164 2869 ct
1220 2814 1642 2869 custodiendum
1694 2824 2025 2883 praeceptum

462 2909 530 2963 de
555 2907 884 2962 animalibus
914 2907 1102 2961 datum
1125 2904 1355 2970 Adamo,
1389 2906 1666 2976 ingressus
1694 2906 1749 2959 in
1802 2906 2026 2975 paradi:

462 3017 606 3065 sum,
638 3012 882 3064 somnus,
916 2999 1166 3063 exstasis,
1199 3008 1349 3053 costa
1370 2997 1657 3059 aediﬁcata,
1681 2998 1802 3067 ejus
1850 2996 2025 3051 addu-

1656 308 1716 367 S.
1757 306 2155 367 ANASTASII
2194 308 2516 369 SINAIT/E

2067 426 2115 481 Α
2144 418 2272 473 Ideo
2295 422 2460 490 plane
2481 424 2743 492 quoniam
2772 425 2945 480 altera
2974 436 3058 482 est
3074 427 3293 484 Domini
3319 433 3504 501 anima,
3530 456 3643 497 nem.

2140 515 2477 594 pe‘irationis
2509 517 2784 587 particeps
2829 527 2885 573 et
2915 520 3248 594 intelligens,
3285 534 3341 580 et
3368 528 3464 582 alia
3498 532 3641 592 Eccle-

2141 589 2257 671 εἰπέ,
2287 622 2482 678 nempe
2519 610 2761 681 Spiritus
2798 622 3040 669 sanctus.
3076 589 3235 681 duod
3275 627 3452 674 autem
3502 589 3642 680 dit-er-

2140 716 2228 755 sas
2266 717 2458 757 carnes
2481 703 2719 758 habeant
2740 705 2842 759 viri
2868 715 2923 761 et
2949 707 3211 763 mulieres
3262 712 3387 765 audi
3416 714 3564 769 Deum
3586 719 3645 772 di-

2139 804 2356 849 centem
2383 813 2395 848 :
2428 794 2546 849 Non
2573 800 2894 867 permanebit
2925 801 3141 869 spiritus
3166 819 3313 857 meus
3335 806 3387 857 in
3412 807 3647 863 hominibus

2137 888 2270 953 istis,
2302 898 2577 959 propterea
2610 891 2746 960 quod
2774 893 2878 944 sint
2905 894 3003 962 ipsi
3033 906 3220 947 carnes
3250 895 3317 958 ⁸⁵⁵,
3345 898 3507 966 utqui
3529 903 3643 969 plane

2139 980 2413 1035 insaniant
2439 982 2493 1036 in
2515 981 2767 1037 feminas.
2796 984 2863 1039 Et
2907 1001 3099 1040 rursus
3122 986 3261 1041 dicit
3291 1007 3302 1041 :
3333 988 3583 1059 Effundam
3604 1013 3647 1047 ex

2135 1077 2325 1145 spiritu
2346 1093 2461 1129 meo
2488 1079 2542 1130 in
2559 1094 2764 1131 omnem
2780 1095 2993 1132 carnem
3009 1080 3077 1145 ⁸⁸,
3093 1090 3139 1132 et
3162 1080 3358 1134 videbit
3380 1086 3532 1137 omnis
3557 1104 3649 1140 caro

2135 1167 2373 1222 salutare
2392 1169 2487 1224 Dei
2514 1173 2680 1225 nostri
2702 1171 2769 1225 ⁸⁸.
2802 1172 2943 1226 Audi
2977 1188 3110 1242 ergo
3140 1173 3375 1227 Paulum
3400 1176 3553 1231 civem
3580 1196 3646 1247 pa-

2136 1261 2307 1315 radisi
2333 1260 2510 1331 (cujus
2542 1270 2626 1317 est
2656 1272 2862 1318 aeterna
2888 1265 3173 1335 memoria)
3220 1267 3506 1331 dicentem,
3532 1270 3650 1325 Chri-

2135 1363 2279 1409 stum
2297 1362 2351 1410 ει
2373 1356 2675 1410 Ecclesiam
2696 1372 2816 1412 esse
2839 1359 2894 1411 in
2912 1374 3124 1412 carnem
3147 1376 3314 1414 unam
3339 1362 3380 1392 "
3401 1377 3482 1416 :et
3502 1365 3647 1419 Adami

2133 1454 2189 1499 ct
2217 1446 2341 1503 Eva:
2364 1449 2672 1517 exemplum
2691 1447 2758 1502 ad
2786 1450 2933 1519 ipsos
2962 1452 3320 1508 referentem.
3349 1455 3544 1509 Dicitur
3574 1474 3647 1511 au-

2135 1544 2243 1592 tem
2277 1538 2442 1593 etiam
2489 1540 2651 1595 aliter
2701 1541 2746 1595 si
2808 1541 2912 1605 vis,
2969 1542 3102 1607 Eva,
3159 1543 3276 1598 vita
3314 1546 3380 1598 ad
3409 1546 3647 1617 imaginem

2132 1632 2329 1686 animae
2349 1631 2699 1688 viviﬁcantis.
2732 1632 2857 1689 llam
2876 1650 3006 1707 ergo
3033 1635 3144 1689 duo
3176 1640 3419 1706 (corpus,
3453 1640 3648 1709 inquam,

2131 1732 2187 1777 et
2222 1723 2422 1796 anima)
2447 1724 2583 1779 ﬁunt
2608 1742 2749 1781 unus
2782 1727 2967 1793 homo,
3013 1736 3070 1783 et
3099 1730 3179 1785 sic
3204 1731 3443 1799 perfecte
3498 1731 3645 1803 imple-

2059 1801 2102 1856 Β
2133 1822 2222 1868 tur
2247 1815 2379 1870 illud
2409 1817 2612 1870 :Erunt
2633 1817 2735 1871 duo
2760 1818 2813 1871 in
2843 1836 3005 1895 unam
3032 1837 3290 1887 carnem;
3324 1835 3408 1877 est
3434 1824 3560 1879 enim
3600 1844 3647 1880 es.

2128 1905 2363 1971 duobus,
2393 1906 2646 1965 Christus
2673 1927 2687 1963 :
2714 1911 2858 1966 Deus
2884 1896 3045 1966 simul
3069 1924 3126 1968 et
3155 1915 3345 1969 homo.

2197 2000 2317 2068 Ipse
2344 2016 2563 2070 quoque
2588 2002 2841 2057 advortes
2865 2004 3036 2073 quod,
3072 2006 3127 2061 in
3155 2017 3313 2061 sexto
3345 2009 3431 2062 die
3456 2012 3643 2065 creatio-

2127 2092 2214 2146 nis
2250 2108 2345 2146 sex
2373 2092 2611 2161 dierum,
2643 2095 2759 2150 haec
2798 2106 2929 2151 tunc
2960 2098 3294 2154 dicebantur
3324 2112 3379 2155 et
3423 2103 3595 2157 ﬁebant
3619 2123 3640 2158 δ

2127 2182 2261 2247 Deo,
2293 2184 2552 2254 quoniam
2606 2202 2673 2242 eo
2710 2198 2866 2243 sexto
2895 2190 2984 2245 die
3021 2192 3208 2246 saeculi
3270 2192 3428 2248 ﬁnem
3465 2211 3641 2264 accepe.

2127 2279 2255 2324 runt
2277 2272 2332 2325 in
2370 2270 2593 2328 Christo
2619 2284 2675 2329 et
2703 2276 2949 2332 Ecclesia
2974 2296 2987 2345 ;
3019 2280 3385 2338 nihilominus
3418 2285 3466 2338 in
3490 2294 3643 2354 quarto

2127 2361 2215 2416 die
2247 2361 2313 2416 de
2333 2364 2445 2418 sole
2476 2373 2531 2418 et
2554 2365 2683 2421 luna
2701 2367 3055 2435 disserentes,
3084 2374 3425 2429 ostendimus
3445 2375 3574 2439 illud,
3594 2377 3641 2429 Et

2126 2465 2281 2508 erunt
2300 2456 2402 2509 duo
2434 2458 2488 2511 in
2514 2475 2675 2512 carne
2699 2476 2829 2526 una,
2854 2460 3224 2533 intelligentes
3261 2466 3370 2519 duo
3403 2467 3635 2521 luminaria

2126 2547 2195 2603 de
2231 2548 2453 2606 Christo
2483 2560 2538 2607 et
2592 2552 2858 2610 Ecclesia.
2905 2556 3039 2611 Nam
3078 2558 3159 2612 sol
3197 2560 3417 2629 quidem
3449 2563 3639 2616 creditus

2126 2648 2359 2695 estesse
2415 2642 2623 2697 SiCCllﬂl
2684 2654 2740 2698 ει
2789 2655 3068 2701 terrenum
3110 2658 3276 2705 terrae
3325 2652 3633 2712 elementum;

2126 2732 2253 2786 luna
2286 2742 2469 2789 autem
2500 2736 2726 2805 spiritus
2755 2740 2927 2803 venti,
2970 2741 3023 2793 in
3045 2742 3166 2795 loco
3207 2743 3432 2811 spiritus
3465 2745 3631 2797 anima.

2127 2822 2292 2879 Unito
2320 2840 2451 2895 ergo
2476 2826 2607 2880 limo
2637 2836 2795 2883 terra:
2822 2840 2879 2883 et
2908 2831 3126 2900 spiritu,
3162 2834 3464 2889 efﬁciuntur
3491 2836 3631 2889 duoin

2127 2928 2297 2968 unum
2353 2915 2651 2971 hominem.
2694 2919 2944 2975 Fortasse
3005 2932 3189 2978 autem
3227 2926 3395 2997 magis
3428 2927 3634 2997 mysticus

2127 3021 2323 3062 sensus
2358 3010 2657 3065 creationis
2680 3012 2846 3068 habet
2884 3014 2988 3067 hoc
3016 3015 3199 3071 modo.

461 3096 593 3159 ctio,
630 3103 686 3149 ct
728 3103 877 3148 tanto
913 3092 1082 3163 magis
1108 3108 1252 3147 caro.
1285 3093 1518 3161 Propter
1546 3108 1667 3161 quae
1716 3092 1880 3146 etiam
1930 3092 2016 3146 di-
2050 3144 2093 3202 ο
2199 3100 2647 3172 Quandoquidem
2691 3104 2942 3161 Christus
2967 3108 3242 3164 inhabitat
3268 3112 3322 3164 in
3345 3112 3507 3175 nobis,
3532 3126 3629 3165 con-

461 3197 609 3243 ctum
632 3194 715 3240 cst
745 3204 756 3238 :
788 3184 1012 3255 Propter
1030 3185 1123 3238 hoc
1144 3183 1396 3253 relinquet
1429 3184 1579 3237 homo
1601 3192 1806 3254 patrem
1823 3192 1872 3238 et
1901 3202 2017 3238 ma-

462 3292 594 3334 trem
617 3288 664 3331 ct
684 3278 962 3332 adhazrebit
990 3278 1141 3331 uxori
1166 3292 1294 3340 suae,
1315 3284 1363 3329 et
1393 3284 1546 3330 erunt
1590 3277 1690 3329 duo
1720 3279 1773 3331 in
1812 3294 2024 3331 carnem

461 3389 645 3425 unam.
669 3370 973 3441 Mysterium
1002 3371 1093 3423 hoc
1119 3385 1371 3439 magnum
1401 3377 1496 3433 est,
1515 3385 1606 3439 ego
1634 3380 1811 3423 autem
1836 3370 1951 3423 dico
1969 3372 2023 3423 in

462 3464 665 3519 Christo
699 3472 747 3515 et
794 3460 1049 3515 Ecclesia.
1102 3459 1235 3513 Nam
1271 3459 1315 3513 si
1357 3467 1637 3529 spectetur
1666 3461 1872 3525 littera,
1913 3476 2024 3515 non

461 3566 610 3622 sunt,
643 3556 729 3609 vir
754 3566 810 3610 et
835 3554 1032 3609 mulier
1054 3551 1351 3622 conjugati,
1386 3567 1492 3606 una
1518 3566 1645 3607 caro
1685 3560 1739 3606 et
1771 3553 2024 3607 substan-

462 3648 555 3703 tia.
614 3648 721 3707 _Est
788 3652 972 3699 autem
1042 3644 1207 3699 etiam
1274 3644 1432 3713 longe
1496 3643 1825 3698 imbecillior
1894 3660 2023 3699 caro

462 3739 709 3795 mulieris
753 3754 920 3792 carne
962 3736 1086 3790 viri.
1120 3736 1188 3790 Et
1234 3735 1509 3805 quomodo
1566 3735 1712 3789 una?
1764 3734 1871 3790 Sed
1920 3752 2023 3791 nec

444 3831 642 3897 (omnis
678 3831 763 3884 vir
792 3829 1070 3883 desiderat
1103 3838 1158 3882 et
1193 3828 1427 3882 honorat
1453 3842 1607 3880 suam
1645 3844 1868 3882 uxorem
1899 3829 2023 3897 plus

460 3940 623 3993 quam
646 3932 856 3992 patrem
882 3936 1042 3975 suum
1071 3929 1127 3974 et
1154 3928 1409 3975 matrem.
1440 3919 1596 3975 Unde
1623 3921 1786 3975 etiam
1812 3922 1939 3977 licet
1964 3922 2019 3976 in

460 4017 580 4073 dies
630 4014 817 4069 videre
884 4013 1315 4069 innumerabiles
1369 4014 1463 4083 qui
1525 4014 1843 4084 relinquunt
1894 4030 2020 4069 suas

460 4124 679 4171 uxores,
733 4115 789 4162 et
826 4115 1109 4161 transeunt
1137 4106 1203 4160 ad
1249 4106 1414 4170 alias;
1452 4116 1662 4177 patrem
1712 4117 1890 4163 autem
1925 4116 2020 4162 aut

458 4207 688 4254 matrem
718 4214 827 4251 non
861 4197 1020 4252 facile
1047 4205 1228 4267 potest
1255 4213 1545 4266 quisquam
1566 4213 1767 4269 negare
1804 4209 1899 4253 aut
1927 4214 2019 4252 re-

455 4292 725 4362 linquere.
765 4291 928 4360 Atqui
979 4289 1241 4344 Dominus
1284 4288 1541 4345 Christus
1572 4302 1857 4361 postquam
1916 4292 2020 4346 fuit

458 4380 618 4439 nobis
652 4380 861 4442 unitus,
903 4394 1048 4432 unus
1100 4377 1206 4432 fuit
1234 4377 1537 4448 hypostasi,
1568 4395 1694 4434 cum
1739 4381 2017 4451 propriam

454 4473 767 4543 reliquisset
800 4468 1004 4524 tribum
1028 4484 1091 4523 ac
1105 4468 1506 4537 cognationem,
1538 4479 1593 4524 et
1626 4472 2013 4528 transiissetad

452 4563 693 4620 Graecam
726 4576 820 4616 seu
866 4559 1143 4631 gentilem.
1185 4557 1240 4613 Si
1284 4568 1468 4613 autem
1504 4577 1611 4616 una
1654 4570 1739 4617 est
1775 4579 1904 4618 caro
1935 4565 2020 4619 vir

452 4650 761 4720 corporalis
829 4660 886 4703 et
945 4648 1178 4712 mulier,
1246 4647 1475 4703 omnino
1517 4660 1775 4719 oportet,
1834 4654 1879 4708 si
1934 4656 2019 4709 vir

453 4743 526 4797 sit
572 4742 844 4804 inﬁrmus,
886 4739 1154 4793 inﬁrmam
1208 4754 1429 4809 quoque
1466 4757 1587 4797 esse
1626 4744 1936 4811 mulierem,
1964 4757 2020 4802 et

455 4848 645 4887 rursus
665 4833 709 4886 si
728 4831 928 4885 mulier
958 4830 1625 4902 allligaturautsenescat,
1654 4836 1815 4890 simul
1854 4838 2017 4893 etiam

453 4939 673 4978 carnem
720 4924 823 4977 viri
882 4922 1184 4988 tabescere,
1234 4932 1292 4978 et
1349 4926 1395 4979 si
1436 4925 1522 4980 vir
1559 4927 1807 4995 decedat,
1854 4932 2015 4987 simul

452 5032 670 5085 quoque
700 5017 840 5069 mori
877 5031 1121 5071 uxorem.
1177 5017 1447 5083 Quoniam
1482 5028 1666 5076 autem
1727 5039 1791 5077 ea
1822 5025 2017 5095 loquor

451 5122 574 5175 quae
596 5106 803 5160 faciunt
819 5106 885 5159 ad
908 5121 1128 5161 causam
1147 5107 1354 5164 Christi
1378 5109 1797 5177 defendendam,
1826 5125 1882 5171 et
1903 5133 2016 5173 sum

450 5198 702 5270 conjugis
739 5199 1017 5264 Ecclesiae,
1061 5216 1211 5255 arma
1260 5218 1419 5257 sumo
1470 5205 1735 5262 adversus
1774 5210 2011 5266 Judzeos.

449 5293 607 5349 Dicat
636 5307 767 5361 ergo
804 5291 939 5345 mihi
965 5292 1189 5347 Iudaeus
1223 5313 1235 5347 :
1268 5297 1326 5349 Si
1372 5300 1537 5352 homo
1586 5302 1754 5355 etvir
1784 5314 1912 5357 sunt
1962 5307 2016 5358 in

447 5399 662 5438 carnem
685 5400 869 5447 unam,
903 5383 1179 5451 quomodo
1195 5400 1307 5439 non
1325 5387 1500 5442 dixit:
1534 5389 1610 5443 Et-
1638 5395 1691 5445 in
1710 5411 1871 5449 unam
1901 5399 2018 5452 ani-

450 5489 617 5539 mam,
654 5472 802 5543 quod
838 5472 1059 5543 quidem
1087 5483 1204 5529 erat
1234 5475 1357 5531 aliis
1384 5479 1554 5548 magis
1608 5488 2018 5542 necessarium?

516 5662 559 5691 δ’
588 5662 788 5740 Ephes.
844 5665 1036 5740 uso;
1096 5666 1140 5697 ⁸³
1164 5666 1299 5723 ibid.
1332 5669 1419 5725 δῖ.
1496 5672 1541 5703 ⁸⁸
1574 5672 1709 5727 Gen.
1731 5690 1802 5740 vr,
1830 5676 1881 5729 3.

442 5728 569 5785 Cor.
598 5728 670 5798 vi,
706 5735 789 5787 16.
868 5734 960 5790 ⁸⁸1
998 5734 1106 5790 Cor
1154 5755 1224 5803 vr,
1270 5739 1353 5793 l7.

2130 3195 2415 3249 venienter
2441 3196 2492 3249 ei
2542 3196 2687 3265 quod
2718 3192 2982 3268 sciiptum
3014 3210 3098 3255 est
3126 3221 3138 3254 :
3178 3203 3477 3257 Inhabitabo
3502 3208 3543 3258 in
3570 3206 3629 3273 ip-

2127 3288 2197 3341 sis
2238 3296 2285 3340 et
2312 3288 2652 3343 inambulabo
2680 3289 2725 3321 ⁸⁸
2749 3332 2763 3353 ,
2797 3307 2859 3345 ea
2889 3292 2955 3347 de
2977 3310 3138 3349 causa
3172 3312 3335 3350 omne
3397 3313 3480 3351 cor
3514 3313 3628 3350 mun-

2127 3377 2255 3433 dum
2298 3380 2509 3433 unitum
2540 3382 2650 3436 Deo
2671 3383 2870 3447 Verbo,
2907 3386 3067 3438 ambo
3093 3397 3228 3441 sunt
3262 3388 3371 3442 duo
3411 3388 3459 3441 in
3506 3403 3624 3440 unam

2125 3485 2341 3524 carnem
2367 3487 2379 3522 :
2401 3486 2523 3524 nam
2546 3472 2640 3540 qui
2669 3473 2778 3527 Deo
2806 3474 3068 3540 adlireret,
3094 3487 3179 3531 est
3206 3494 3349 3532 unus
3374 3475 3623 3547 spiritus".

2125 3559 2240 3613 Non
2269 3560 2446 3614 solam
2485 3570 2665 3615 autem
2700 3562 2752 3616 in
2777 3564 2961 3631 rebus,
3004 3566 3098 3619 sed
3123 3568 3291 3621 etiam
3328 3569 3378 3621 in
3403 3568 3516 3636 ipsis
3539 3582 3625 3618 rer-

2125 3650 2212 3705 bis
2239 3651 2578 3706 licetaudire
2604 3652 2843 3707 divinam
2894 3656 3235 3724 Scripturam
3271 3660 3620 3729 conjungentem

2122 3754 2179 3797 et
2213 3760 2380 3797 unum
2430 3745 2717 3799 facientem
2774 3747 3040 3802 Adamum
3082 3762 3138 3803 et
3192 3751 3381 3815 Eram,
3421 3759 3621 3818 tanquam

2123 3851 2291 3889 unum
2321 3836 2618 3902 hominem,
2655 3838 2707 3891 in
2733 3847 2917 3910 typum
2943 3842 3144 3897 Christi
3176 3843 3487 3898 ctEcclesiae
3520 3839 3617 3893 :Fa-

2122 3928 2341 3998 ciamus,
2376 3929 2554 3999 inquit
2581 3932 2753 3997 enim,
2780 3933 3040 3986 hominem
3070 3935 3139 3987 ad
3158 3936 3434 4007 imaginem
3452 3944 3492 3987 et
3511 3931 3620 3985 simi-

2123 4019 2396 4074 litudinem
2431 4032 2688 4077 nostram.
2754 4025 2896 4080 Ecce
2934 4043 3055 4081 cum
3088 4028 3143 4080 in
3183 4046 3292 4084 una
3331 4044 3528 4099 persona
3556 4024 3615 4077 di.

2119 4112 2309 4178 sisset,
2343 4116 2623 4177 hominem,
2683 4117 2985 4188 subjunxit,
3046 4121 3280 4176 dicens:
3314 4122 3379 4175 Et
3420 4122 3617 4189 imperent

2120 4206 2337 4275 piscibus
2364 4209 2544 4261 maris.
2572 4208 2709 4262 Illud
2734 4219 2937 4276 autem,
2956 4211 3244 4283 Imperent,
3271 4225 3349 4268 est
3376 4227 3464 4265 vox
3484 4207 3616 4263 dualis

2121 4313 2218 4352 seu
2247 4299 2490 4368 pluralis,
2531 4300 2740 4356 unitate
2764 4302 2816 4355 in
2859 4303 3092 4367 binario,
3128 4316 3183 4359 et
3214 4305 3418 4359 binario
3443 4304 3487 4355 in
3529 4297 3611 4353 uni-

2122 4398 2232 4445 tate
2263 4407 2358 4446 eos
2387 4393 2746 4464 conjungens.
2788 4395 2855 4449 Et
2890 4412 3079 4451 rursus
3109 4397 3245 4452 dicit
3280 4398 3381 4452 :Et
3425 4391 3612 4465 fecitDo-

2049 4479 2089 4535 Ι)
2119 4485 2288 4537 minus
2308 4484 2446 4537 Deus
2464 4486 2756 4552 hominem;
2785 4487 2854 4540 ad
2888 4490 3168 4559 imaginem
3208 4490 3301 4544 Dei
3322 4491 3427 4559 fecit
3468 4490 3610 4557 ipsum.

2119 4575 2221 4629 hoc
2242 4585 2347 4640 est,
2371 4592 2497 4631 eum
2531 4577 2625 4646 qui
2646 4587 2730 4633 est
2758 4595 2901 4634 unus
2925 4590 2982 4635 et
3010 4582 3159 4636 solus
3183 4591 3424 4653 tanquam
3441 4581 3485 4634 in
3511 4578 3607 4631 duo-

2117 4668 2240 4722 bus.
2270 4668 2437 4738 quue
2464 4678 2548 4724 est
2584 4672 2934 4741 perspicuum
2964 4690 3031 4729 ex
3065 4674 3133 4728 iis
3169 4692 3291 4744 qua:
3331 4670 3559 4742 subjungit
3597 4684 3605 4716 :

2116 4760 2409 4817 Masculum
2432 4772 2480 4817 et
2509 4764 2757 4833 feminam
2797 4765 2915 4835 fecit
2932 4783 3034 4821 eos.
3062 4768 3221 4832 Ecce,
3261 4769 3391 4823 duos
3413 4763 3491 4836 qui
3516 4767 3607 4816 sum

2117 4854 2172 4907 in
2201 4870 2363 4909 unam
2391 4871 2628 4921 carnem,
2689 4874 2859 4912 unum
2895 4858 3028 4913 dicit
3052 4860 3345 4915 hominem.

2190 4944 2363 4998 Porro
2388 4954 2569 5000 autem
2596 4947 2650 5000 in
2687 4958 2960 5017 prmeepto
2992 4965 3212 5020 quoque
3238 4952 3305 5007 de
3324 4944 3547 5004 vescendo
3566 4948 3603 4993 ei

2116 5034 2477 5100 abstinendo,
2531 5037 2661 5093 licet
2711 5042 2903 5097 audire
2962 5044 3133 5100 Deum
3194 5048 3335 5103 idem
3361 5048 3598 5101 dicentem.

2119 5140 2316 5195 nempe
2347 5143 2515 5181 unum
2566 5128 2844 5187 hominem
2901 5150 3026 5189 cum
3080 5138 3188 5192 sint
3219 5140 3327 5194 duo
3358 5137 3456 5192 :De
3502 5129 3602 5185 omni

2118 5217 2258 5287 ligno
2279 5220 2416 5289 quod
2442 5228 2519 5274 est
2542 5222 2597 5275 in
2638 5226 2885 5292 paradiso
2923 5232 3187 5294 comedes,
3222 5228 3508 5302 alloquendo
3526 5222 3595 5276 h0-

2118 5310 2318 5363 mincm
2340 5328 2354 5374 ;
2378 5311 2439 5364 de
2469 5311 2610 5381 ligno
2633 5324 2808 5369 autem
2832 5324 3173 5389 cognoscendi
3198 5325 3378 5378 bonum
3400 5314 3595 5374 εεηωιυπι

2120 5418 2183 5456 ne
2212 5403 2516 5468 comedatis;
2534 5421 2635 5474 quo
2668 5417 2844 5462 autem
2872 5410 2954 5464 die
2971 5414 3034 5466 de
3059 5431 3119 5468 eo
3148 5412 3593 5474 comederint,morle

2119 5494 2435 5547 moriemini.
2462 5491 2630 5549 Vides
2668 5495 2759 5551 hic
2786 5514 3006 5572 quoque
3036 5521 3228 5563 rursus
3277 5509 3485 5564 diversas
3502 5508 3592 5573 ρετ·

1960 5678 2144 5733 “Joel
2192 5697 2248 5746 n,
2297 5682 2386 5740 28.
2457 5686 2503 5719 ⁸⁸
2544 5687 2675 5745 Luc.
2717 5707 2797 5757 ιιι,
2841 5695 2892 5746 ῦ.
2971 5693 3015 5724 ⁸⁷
3058 5695 3257 5767 Ephes.
3286 5691 3428 5764 v,‘29,
3504 5676 3586 5731 ⁸³η
