4080 6550
419 460 560 531 1009

416 592 580 632 sonas
603 579 875 656 nominari
906 600 1073 641 unum
1108 589 1407 660 hominem,
1447 597 1552 656 hoc
1580 611 1684 667 est,
1715 607 1980 664 unitatem

416 669 638 738 agnosci
666 669 722 724 in
753 671 991 744 binario,
1027 691 1251 751 propter
1276 697 1482 744 natura:
1536 693 1974 755 similitudinem.

414 757 519 815 IIic
546 760 795 831 docetur,
823 767 1124 842 dogmaque
1143 783 1206 858 et
1227 793 1422 849 magna
1453 797 1600 840 arma
1627 787 1978 861 validumque

416 857 682 920 tropzeum
710 856 875 914 refert
913 854 1157 919 Ecclesia
1206 867 1469 926 adversus
1507 873 1725 934 Iudaeos
1752 882 1847 950 qui
1876 899 1976 938 nos

412 955 672 1001 accusant
723 951 870 1018 quod
917 961 1219 1012 statuamus
1255 969 1364 1017 tres
1405 965 1566 1032 Deos,
1625 978 1682 1024 et
1710 972 1977 1031 Barbaros

411 1038 508 1107 qui
541 1040 702 1095 nobis
735 1042 926 1100 dicunt
954 1065 966 1100 :
998 1046 1056 1102 Si
1084 1049 1228 1106 Deus
1246 1064 1329 1108 est
1366 1072 1434 1111 ex
1461 1059 1594 1126 Deo,
1629 1077 1696 1116 ex
1737 1065 1847 1121 Deo
1874 1084 1975 1122 au-

410 1137 520 1183 tem
548 1140 632 1187 est
657 1133 826 1188 Filius
862 1154 874 1189 :
905 1142 1179 1208 quomodo
1219 1144 1336 1200 fieri
1369 1161 1568 1218 potest,
1621 1161 1680 1206 ut
1728 1155 1837 1212 duo
1863 1159 1974 1214 sint

409 1236 554 1276 unus
582 1224 760 1278 Deus?
784 1225 996 1292 Quibus
1026 1243 1174 1289 recte
1217 1247 1452 1308 apteque
1496 1249 1551 1298 et
1577 1246 1823 1314 apposite
1861 1249 1970 1304 dici

407 1323 589 1383 potest
624 1333 636 1369 :
674 1317 729 1372 Si
761 1319 872 1375 Eva
916 1337 983 1376 ex
1037 1324 1244 1382 Adamo
1281 1338 1382 1397 est,
1413 1332 1578 1387 homo
1606 1351 1673 1390 ex
1721 1338 1966 1406 homine,

406 1405 684 1472 quomodo
727 1407 860 1462 dicit
886 1411 1029 1467 Deus
1081 1413 1222 1472 duos
1267 1435 1436 1474 unum
1468 1423 1784 1482 hominem?
1820 1430 1874 1486 Si
1902 1449 1971 1488 ex

405 1508 493 1548 me
518 1511 729 1564 quaeras
750 1503 1026 1569 quomodo
1061 1505 1300 1564 Trinitas
1328 1512 1382 1566 in
1417 1515 1650 1582 unitate,
1689 1519 1779 1575 die
1807 1523 1965 1590 mihi,

402 1589 679 1656 quomodo
707 1591 954 1649 binarius
981 1596 1034 1650 in
1075 1601 1283 1656 unitate
1313 1602 1575 1662 dicuntur
1609 1609 1719 1666 duo
1774 1625 1965 1682 proto-

401 1677 601 1747 plasti?
626 1681 766 1738 Dicit
789 1686 935 1740 enim
969 1705 982 1741 :
1013 1687 1148 1743 Fecit
1182 1691 1316 1748 Deus
1343 1697 1623 1765 hominem,
1660 1703 1730 1756 ad
1777 1707 1966 1778 imagi-

401 1770 630 1833 nemJlei
656 1773 774 1842 fecit
805 1777 1001 1846 ipsum,
1031 1780 1136 1837 hoc
1163 1794 1268 1849 est,
1295 1803 1463 1842 unum
1491 1791 1768 1849 hominem
1806 1816 1818 1850 :
1848 1798 1965 1852 Ma-

399 1861 600 1916 sculum
634 1872 682 1918 et
729 1867 979 1936 feminam
1008 1872 1125 1942 fecit
1184 1893 1288 1930 eos.
1326 1879 1466 1937 Ecce
1504 1900 1673 1940 unum
1719 1888 1856 1943 dixit
1881 1891 1964 1945 di-

397 1969 581 2009 versas
614 1972 894 2026 personas.
948 1963 1120 2035 Igitur
1157 1973 1434 2038 quomodo
1472 1976 1580 2031 Eva
1643 1996 1708 2034 ex
1752 1982 1963 2039 Adamo
1997 1979 2036 2033 Β

393 2059 704 2115 progressa,
734 2066 878 2106 unus
915 2053 1081 2111 homo
1123 2072 1246 2112 cum
1278 2062 1395 2132 ipso
1421 2081 1452 2119 a
1493 2065 1605 2122 Deo
1651 2079 1734 2125 est
1758 2061 1958 2143 appel-

393 2135 520 2202 lata,
557 2139 629 2193 ita
650 2142 814 2197 etiam
847 2145 1018 2202 Filius
1048 2165 1372 2222 progressus
1420 2173 1450 2211 a
1487 2158 1668 2227 Patre,
1701 2171 1755 2216 et
1795 2135 1958 2220 Pater

390 2237 476 2298 est
503 2246 642 2284 unus
673 2234 833 2290 Deus.
880 2239 987 2293 Sed
1026 2257 1206 2312 neque
1261 2255 1390 2300 sunt
1425 2249 1536 2304 duo
1587 2252 1693 2318 Dii,
1746 2272 1847 2310 nec
1873 2258 1959 2312 di-

391 2330 615 2377 cuntur.
645 2325 767 2381 Haec
784 2337 964 2384 autem
997 2332 1171 2390 fusius
1202 2352 1232 2390 a
1258 2339 1420 2394 nobis
1439 2341 1581 2397 dicta
1610 2357 1738 2401 sunt
1765 2347 1820 2401 in
1834 2364 1959 2404 ver-

389 2410 477 2466 bis
510 2415 629 2468 :Ad
658 2419 964 2490 imaginem,
1011 2425 1066 2478 in
1101 2428 1304 2497 quibus
1333 2432 1663 2491 adduximus
1718 2439 1954 2508 plurima

389 2501 590 2560 divinae
629 2505 929 2580 Scriptura:
956 2518 1291 2586 testimonia,
1325 2523 1382 2578 in
1431 2527 1632 2594 quibus
1681 2530 1826 2586 Deus
1855 2550 1955 2588 no-

388 2597 561 2652 minat
588 2600 1016 2663 innumerabiles
1050 2611 1333 2669 hominum
1361 2634 1623 2687 personas
1656 2639 1823 2678 unum
1854 2627 1955 2684 ho-

387 2690 612 2758 minem,
647 2704 848 2753 uteum
877 2699 1011 2757 dicit
1045 2721 1057 2756 :
1089 2706 1278 2764 Delebo
1308 2712 1566 2770 hominem
1587 2733 1740 2786 quem
1767 2720 1862 2790 feci
1884 2724 1950 2779 9°.

388 2780 446 2836 Si
487 2794 668 2840 autem
699 2788 1131 2851 innumerabiles
1161 2815 1411 2868 personre
1451 2814 1657 2861 natura:
1684 2808 1792 2863 dici
1827 2827 1953 2881 pos-

385 2883 517 2928 sunt
542 2879 882 2950 unushomo,
917 2897 1207 2956 propterea
1238 2893 1383 2960 quod
1408 2903 1492 2949 est
1535 2898 1727 2952 eadem
1763 2916 1952 2956 essen-

387 2963 484 3026 tia,
517 2969 882 3042 multomagis
934 2984 1042 3031 tres
1088 2993 1335 3048 personae
1369 2983 1672 3042 divinitatis
1721 2999 1950 3059 possunt

384 3052 615 3127 intelligi
646 3069 701 3114 et
756 3064 1041 3132 prwdicari
1063 3086 1206 3126 unus
1258 3073 1423 3140 Deus,
1473 3052 1763 3148 propterea
1801 3083 1948 3152 quod

378 3156 470 3201 est
499 3150 686 3206 eadem
718 3167 913 3212 natura
943 3167 998 3213 et
1025 3162 1176 3215 nullo
1199 3163 1458 3244 distipcta
1489 3150 1834 3227 discrimine:
1869 3175 1949 3229 Ita

381 3239 547 3295 etiam
575 3243 739 3300 Israel
790 3249 845 3303 iu
904 3254 1179 3310 sexcentis
1232 3257 1477 3314 millibus
1505 3276 1858 3330 personarum
1890 3265 1945 3320 in

383 3346 490 3385 uua
522 3350 752 3403 persona
783 3345 1098 3398 nominatur
1124 3363 1265 3402 unus
1287 3349 1453 3406 Israel
1477 3368 1490 3417 ;
1535 3352 1606 3406 ita
1654 3355 1819 3409 etiam
1845 3357 1946 3412 As-
1975 3324 2018 3382 Ο

377 3425 580 3495 syrius,
611 3429 684 3483 ita
702 3432 864 3487 etiam
899 3433 1089 3501 Persa,
1128 3437 1218 3493 ita'
1255 3441 1418 3495 etiam
1453 3443 1642 3499 Ismael
1673 3446 1729 3500 in
1766 3447 1946 3504 inﬁni-

380 3516 710 3575 tismillibus
733 3539 1087 3592 personarum
1112 3529 1374 3588 dicuntur
1399 3551 1505 3589 una
1527 3551 1784 3606 persona,
1805 3556 1947 3610 quo-

378 3607 543 3662 modo
583 3627 725 3685 unus
764 3617 1079 3674 nominatur
1115 3621 1303 3690 homo,
1333 3627 1588 3694 quamvis
1619 3630 1803 3686 multa:
1831 3633 1942 3688 sint

378 3698 702 3770 hypostases
729 3722 823 3762 seu
855 3725 1123 3779 personae,
1152 3713 1340 3783 Persa,
1376 3718 1625 3788 inquam,
1660 3721 1940 3795 Assyrius,

375 3790 589 3849 Ismael.
621 3796 987 3863 Quamobrem
1045 3807 1182 3860 nulli
1213 3817 1298 3862 est
1325 3812 1737 3880 reprehensioni
1765 3816 1942 3874 allinis

378 3885 514 3942 tides
544 3887 1001 3963 Christianorum,
1031 3899 1322 3956 nominans
1339 3913 1451 3958 tres
1471 3904 1614 3975 (quae
1642 3919 1771 3962 sunt
1791 3911 1940 3982 ejus-

377 3978 500 4032 dem
554 3983 713 4038 simul
731 3988 1002 4060 ess’entiaa)
1039 3989 1344 4047 divinitatis
1372 3994 1731 4066 hypostases,
1769 4019 1938 4058 unum

369 4073 624 4128 ctsolum
666 4077 860 4146 Deum,
920 4097 1032 4136 non
1074 4092 1257 4139 autem
1298 4093 1413 4142 tres
1444 4089 1598 4146 deos.
1666 4093 1802 4148 Cum
1829 4095 1939 4154 huc

374 4178 546 4234 usque
573 4170 841 4225 orationis
860 4181 1060 4229 nostrae
1084 4191 1233 4230 arma
1261 4179 1644 4239 strinxerimus
1672 4191 1938 4244 adversus

365 4272 465 4310 eos
495 4259 588 4328 qui
613 4270 723 4316 tres
743 4262 878 4319 deos
908 4265 1120 4332 dicunt,
1155 4269 1445 4328 redeamus
1473 4276 1539 4329 ad
1573 4279 1771 4334 seriem
1812 4299 1938 4337 con-

365 4351 692 4416 sequentiae,
722 4355 1137 4412 considerantes
1165 4375 1412 4430 quaenam
1468 4364 1540 4418 sit
1570 4366 1746 4424 virtus
1799 4388 1937 4440 pra:-

362 4444 514 4514 cepti
540 4448 687 4516 quod
744 4451 827 4506 sic
881 4452 1168 4510 dicit:Ea:
1214 4461 1359 4513 omni
1407 4459 1549 4533 ligno
1579 4467 1718 4535 quod
1756 4479 1834 4522 est
1881 4473 1935 4526 in

363 4539 614 4606 paradiso
651 4545 904 4601 comedes.

1508 491 1586 551 IN
1625 494 2171 567 ΗΕΧΛΕΜΕΒΟΝ.
2205 533 2273 542 -
2306 511 2451 573 LIB.
2493 517 2566 575 X.

3505 534 3638 598 1010

2008 625 2054 678 Α
2082 623 2138 669 et
2177 617 2416 692 dispergi
2443 635 2695 695 possunt,
2720 633 3073 700 conveniunt,
3112 635 3308 706 inquit,
3337 641 3408 697 iis
3434 647 3527 713 qui
3557 648 3638 701 vi-.

2079 719 2214 764 vunt
2237 722 2436 782 praeter
2462 717 2761 774 hominem.

2150 801 2218 854 Et
2254 813 2406 858 erant
2437 808 2590 862 ambo
2629 811 2775 876 nudi,
2813 814 2985 870 Adam
3023 826 3074 871 et
3109 836 3242 874 uxor
3278 826 3410 895 ejus,
3446 835 3496 881 et
3530 846 3634 883 non

2079 893 2463 950 erubescebant.
2483 896 2540 952 Si
2577 908 2703 956 ante
2720 910 3206 976 transgressionem
3235 893 3456 984 quidem
3481 921 3634 976 dice.-

2079 993 2231 1037 retur
2259 985 2373 1042 haec
2407 989 2634 1046 nudatio
2665 993 2720 1048 in
2751 1001 3122 1068 protoplastis,
3154 1006 3260 1062 dici
3295 1021 3478 1078 posset
3509 1028 3630 1068 eam

2075 1089 2196 1131 esse
2225 1077 2642 1148 vituperabilem
2673 1101 2778 1141 nec
2809 1088 3137 1149 laudandam
3169 1115 3181 1149 :
3209 1101 3467 1168 quoniam
3499 1120 3632 1160 vero

2075 1169 2256 1224 statim
2287 1171 2354 1224 ab
2387 1172 2506 1242 ipso
2536 1184 2659 1230 ortu
2688 1186 2745 1231 et
2776 1181 3052 1238 creatione
3078 1185 3185 1240 fuit
3208 1203 3330 1244 eum
3359 1192 3440 1247 eis
3468 1196 3628 1250 nudi-

2074 1266 2174 1324 tas,
2199 1271 2324 1318 ante
2348 1266 2532 1321 omnia
2561 1269 2805 1338 quidem,
2827 1274 2895 1328 ad
2917 1274 3166 1332 Judaeum
3195 1297 3281 1335 me
3307 1296 3634 1344 convertens

2070 1353 2230 1421 cupio
2269 1371 2462 1412 rursus
2497 1375 2562 1413 ex
2603 1360 2726 1430 ipso
2765 1364 2976 1421 discere
3023 1373 3298 1438 quomodo
3339 1377 3488 1431 nulla
3524 1379 3628 1434 alia

2068 1452 2264 1498 natura
2305 1463 2337 1501 a
2379 1448 2491 1502 Deo
2527 1449 2668 1507 facta
2695 1455 2863 1520 nuda,
2897 1472 3036 1527 Opus
3064 1461 3256 1518 habuit
3294 1474 3624 1536 tegumenta,

2066 1534 2172 1590 nisi
2198 1538 2347 1594 solus
2370 1540 2564 1596 homo?
2585 1543 2725 1599 Nam
2743 1555 2800 1600 et
2819 1550 3016 1621 angeli,
3038 1561 3093 1606 et
3114 1553 3340 1622 ferat,et
3356 1558 3622 1628 jumenta,

2066 1637 2123 1679 et
2158 1629 2429 1698 volucres,
2457 1641 2512 1688 et
2546 1636 2950 1707 quadrupedes,
2980 1651 3036 1696 et
3076 1647 3305 1701 maxime
3343 1651 3560 1720 reptilia
3594 1669 3622 1707 a

2064 1715 2177 1770 Deo
2214 1730 2403 1776 creata
2443 1734 2572 1779 sunt
2608 1727 2776 1792 nuda,
2809 1747 2988 1800 neque
3027 1735 3197 1790 ullum
3235 1754 3309 1792 ex.
3343 1740 3411 1795 iis
3446 1758 3478 1796 a
3515 1744 3626 1799 Deo

2061 1808 2165 1864 fuit
2198 1809 2451 1868 indutum
2479 1817 2587 1872 nisi
2618 1820 2769 1875 solus
2800 1821 2984 1881 homo.
3014 1825 3073 1880 In
3108 1827 3243 1897 ipsis
3273 1847 3402 1902 ergo
3433 1846 3624 1903 proto-

2063 1899 2254 1968 plastis
2282 1904 2637 1963 nudationem
2669 1910 2949 1984 intelligis,
2977 1915 3142 1987 idque
3175 1899 3622 1995 simulvetvtypice

2064 1998 2119 2044 et
2156 1993 2556 2065 praefigurative
2595 2017 2624 2054 a
2667 2002 2778 2056 Deo
2817 2004 3011 2060 factam
3055 2024 3173 2064 esse
3215 2011 3271 2065 in
3308 2012 3525 2068 Christo
3566 2025 3623 2070 et

2058 2079 2322 2149 Ecclesia,
2345 2087 2401 2139 in
2429 2086 2622 2143 initiis.
2646 2091 2767 2146 Non
2794 2095 2939 2149 enim
2966 2097 3058 2166 qui
3088 2113 3304 2155 onmem
3329 2105 3618 2160 essentiam

2060 2178 2167 2226 tam
2200 2175 2412 2232 ratione
2443 2181 2730 2250 praeditam
2758 2202 2924 2256 quam
2956 2199 3233 2260 expertem
3269 2197 3499 2253 rationis
3538 2207 3619 2252 est

2057 2262 2352 2323 fabricatus
2371 2286 2468 2340 per
2488 2288 2545 2327 se
2567 2274 2836 2343 indutam,
2860 2295 2968 2335 non
2991 2292 3208 2352 poterat
3228 2285 3386 2342 facile
3407 2289 3618 2346 eilicerc

2056 2353 2331 2414 hominem
2359 2377 2470 2417 non
2496 2376 2743 2436 egentem
2775 2370 3195 2444 integumentis?
3225 2377 3330 2433 Sed
3361 2381 3617 2450 quoniam

2055 2447 2200 2502 Deus
2225 2451 2464 2509 Verbum
2495 2458 2598 2526 qui.
2618 2469 2736 2516 erat
2759 2462 2827 2518 ab
2855 2464 3015 2520 initio
3045 2467 3227 2523 nudus
3258 2479 3312 2523 et
3337 2471 3615 2542 incompo-

2055 2538 2215 2603 situs,
2246 2558 2274 2595 ρ
2309 2542 2419 2600 Deo
2443 2559 2566 2604 erat
2596 2556 3007 2623 componendus
3037 2567 3092 2613 et
3120 2559 3431 2616 induendas
3457 2538 3616 2631 pelli-

2054 2645 2203 2688 ceam
2228 2647 2426 2695 nostrae
2448 2642 2631 2698 carnis
2656 2646 2916 2713 tunicam,
2940 2665 3069 2705 caro
3091 2651 3264 2708 factus
3286 2663 3341 2708 et
3365 2654 3615 2710 habitans

2054 2723 2110 2777 in
2155 2727 2344 2794 nobis,
2387 2729 2513 2786 ideo
2555 2733 2700 2789 Deus
2739 2736 2908 2792 Adam
2956 2739 3232 2795 hominem
3284 2743 3612 2815 (secundum

2053 2816 2244 2872 Adami
2272 2826 2642 2894 prototypum)
2671 2827 2878 2884 nudum
2909 2832 3172 2898 condidit,
3197 2845 3252 2888 et
3279 2835 3397 2905 ejus
3421 2838 3610 2907 conju-

2051 2923 2172 2978 gem
2216 2913 2525 2981 mulierem,
2555 2917 2845 2989 imaginem
2874 2922 3130 2979 Ecclesia:
3158 2928 3274 2994 ipso
3307 2943 3497 2983 rursus
3531 2930 3612 2982 in-

2051 2999 2214 3057 dutae.
2245 3004 2378 3059 Nam
2411 3007 2720 3080 quicunque,
2750 3012 2948 3082 inquit,
2978 3016 3032 3068 in
3065 3014 3327 3072 Christum
3359 3019 3610 3087 baptizat‘i

2050 3095 2192 3160 estis,
2221 3095 2484 3153 Christum
2514 3103 2757 3158 induistis
2779 3106 2843 3160 ⁸³.
2870 3107 2936 3163 Et
2963 3108 3086 3163 ideo
3115 3109 3247 3166 dicit
3277 3112 3558 3183 Scriptura
3595 3134 3606 3166 :

2048 3184 2119 3239 Et
2149 3198 2301 3242 erant
2331 3193 2482 3247 ambo
2515 3195 2643 3250 nudi
2671 3197 2843 3252 Adam
2876 3208 2926 3253 et
2955 3201 3066 3271 ejus
3097 3219 3252 3270 uxor,
3275 3214 3324 3258 et
3354 3222 3456 3259 non
3487 3223 3609 3259 eru-

2050 3276 2318 3335 bescebant
2339 3283 2402 3338 θ’.
2421 3285 2523 3342 Ubi
2540 3287 2686 3342 enim
2703 3290 2948 3345 nondum
2968 3293 3168 3348 factum
3193 3304 3276 3350 est
3299 3305 3614 3366 peccatum,

2051 3365 2164 3422 illic
2205 3385 2314 3425 non
2355 3384 2608 3428 versatur
2647 3377 2824 3446 pudor
2875 3397 2886 3434 :
2934 3380 3111 3449 pudor
3152 3383 3296 3436 enim
3341 3393 3424 3440 est
3464 3384 3610 3438 fetus

2045 3464 2285 3530 peccati;
2334 3474 2390 3520 et
2419 3467 2512 3522 ubi
2541 3478 2626 3523 est
2655 3485 2792 3540 pura
2821 3481 2877 3526 et
2902 3475 3103 3527 munda
3137 3486 3349 3540 natura,
3377 3484 3431 3530 ct
3461 3477 3616 3531 nuda.

2045 3552 2112 3606 ab
2151 3556 2300 3610 omni
2341 3570 2568 3627 peccato
2611 3563 2912 3618 adventitio
2953 3574 3008 3620 et
3047 3565 3368 3620 indumento
3404 3567 3606 3623 veteris

2044 3643 2305 3714 hominis,
2341 3649 2472 3705 illuc
2504 3652 2687 3708 nullus
2722 3653 3029 3726 ingreditur
3063 3657 3262 3726 pudor.
3294 3658 3440 3712 Facti
3478 3667 3623 3717 sunt.

2039 3753 2171 3809 ergo
2187 3741 2509 3810 protOpIasti
2529 3741 2663 3798 n'udi
2688 3745 2756 3799 ab
2773 3747 2917 3800 omni
2935 3747 3079 3812 labe,
3101 3747 3332 3814 macula,
3356 3746 3607 3818 inquina-

2041 3840 2224 3885 mento
2239 3839 2295 3886 et
2313 3834 2562 3899 vulnere,
2590 3845 2645 3890 et
2673 3852 2737 3892 ea
2754 3837 2822 3893 de
2839 3853 3002 3893 causa
3037 3856 3145 3895 non
3167 3842 3561 3897 erubescebant
3589 3863 3602 3898 :

2039 3921 2285 3976 nondum
2316 3923 2464 3978 enim
2499 3926 2748 3982 sciebant
2780 3929 2914 3984 illud
2950 3941 3177 4001 propter
3206 3933 3353 4002 quod
3386 3943 3470 3989 est
3499 3950 3613 4005 pu-

2039 4011 2159 4065 dor.
2187 4012 2242 4067 Si
2264 4025 2446 4070 autem
2478 4018 2643 4072 etiam
2677 4019 2734 4073 in
2764 4021 2875 4076 Deo
2901 4023 3084 4078 Verbo
3113 4025 3196 4079 vis
3223 4027 3413 4082 audire
3444 4028 3598 4088 illud.

2038 4103 2251 4174 pudore
2285 4122 2398 4162 non
2426 4108 2794 4176 afﬁciendum,
2823 4114 2949 4168 audi
2978 4131 3126 4180 eum,
3154 4117 3392 4185 seipsum
3420 4119 3603 4172 nomi-

2036 4204 2281 4263 nantem,
2301 4199 2546 4269 judicem
2574 4201 2899 4272 iniquitatis,
2925 4221 3121 4275 nempe
3149 4207 3600 4263 condemnantem

2036 4288 2283 4359 iniquam
2335 4293 2666 4349 mundanam
2723 4297 2933 4366 peccati
2987 4297 3375 4369 irruptionem,
3424 4318 3601 4371 neque

2033 4381 2207 4437 Deum
2248 4384 2532 4440 timentem
2580 4386 2748 4458 (Deus
2787 4389 2933 4443 enim
2993 4392 3119 4458 est),
3177 4408 3354 4462 neque
3404 4409 3620 4448 verens.

2036 4475 2348 4540 hominem,
2378 4485 2437 4532 ut
2469 4478 2564 4548 qui
2598 4488 2749 4534 recte
2777 4480 2987 4551 judicet
3017 4491 3073 4537 et
3105 4483 3237 4537 citra
3273 4483 3436 4539 ullam
3472 4501 3596 4554 per-

2035 4585 2294 4625 sonarum
2331 4574 2736 4642 acceptionem.
2768 4573 2836 4628 Et
2870 4575 2993 4629 ideo
3025 4576 3282 4632 dicebant
3313 4578 3407 4648 qui
3440 4589 3600 4633 erant

437 4630 754 4688 Paradisum
798 4648 982 4694 autem
1004 4682 1018 4704 ,
1053 4652 1114 4696 ut
1150 4645 1436 4714 existimo,
1486 4651 1734 4707 nominat
1776 4654 1927 4709 illum
1961 4665 2007 4725 ι)
2036 4663 2090 4716 in
2117 4663 2378 4718 cathedra
2403 4663 2686 4721 Sadduczei
2720 4685 2732 4720 :
2760 4666 3032 4739 Magister,
3055 4670 3190 4741 quod
3214 4681 3346 4724 recte
3361 4673 3612 4742 judicas,.

364 4719 542 4790 ipsum
573 4725 842 4783 Adamum
882 4740 1109 4802 propter
1131 4753 1250 4791 eam
1282 4755 1403 4808 quae
1431 4753 1516 4798 est
1567 4742 1622 4796 in
1655 4744 1775 4814 ipso
1823 4747 1931 4800 cir-

360 4814 664 4871 cuitionem
695 4836 795 4888 per
846 4823 942 4879 Dei
999 4829 1512 4901 participationem;
1544 4836 1688 4906 ligna
1743 4848 1928 4894 autem

363 4908 622 4975 paradisi,
650 4928 772 4981 qua:
799 4915 854 4969 in
887 4917 1004 4986 ipso
1039 4929 1168 4975 sunt
1207 4924 1470 4992 plantata,
1527 4929 1930 5002 intelligentias

363 5000 748 5070 percipiendas
785 5017 840 5062 et
864 5012 1059 5068 vitales
1115 5015 1369 5072 virtutes.
1423 5019 1516 5074 Eis
1546 5000 1928 5090 utere,_Verbo

357 5088 608 5158 iubente.
638 5094 744 5151 Sed
776 5108 835 5153 ut
857 5101 955 5156 tibi
990 5103 1114 5159 data
1145 5118 1294 5174 sunt,
1326 5118 1382 5164 et
1403 5126 1504 5180 pro
1537 5088 1730 5168 natura
1761 5132 1928 5185 quam

361 5180 567 5238 habent
592 5187 759 5254 ligna,
789 5201 850 5245 ut
877 5211 997 5263 qua:
1038 5197 1147 5252 sint
1169 5199 1381 5256 scilicet
1403 5201 1688 5260 insensilia
1739 5217 1796 5263 et
1826 5209 1926 5264 im-

359 5273 588 5330 mobilia
611 5279 677 5333 ad
707 5297 925 5338 omnem
969 5287 1265 5345 helluinam
1312 5293 1703 5366 affectionem;
1740 5299 1808 5355 de
1836 5318 1923 5355 re-

360 5363 466 5420 bus
500 5376 684 5426 autem
717 5377 1009 5434 sensilibus
1036 5398 1156 5452 quae
1181 5387 1249 5439 ad
1279 5386 1384 5441 hoc
1421 5399 1477 5444 et
1501 5390 1635 5451 illud
1667 5363 1920 5448 dividan-

359 5465 452 5510 tur
479 5466 738 5531 tanquam
761 5467 828 5521 ad
860 5468 1062 5526 bonum
1084 5481 1139 5528 et
1160 5477 1385 5543 malum,
1411 5497 1532 5549 quae
1556 5481 1778 5551 quidem
1810 5483 1923 5540 dis-

360 5549 565 5606 tributa
597 5565 725 5611 sunt
751 5559 1144 5631 animantibus,
1174 5567 1292 5622 Non
1309 5570 1474 5641 909
1496 5549 1749 5628 comedes.
1783 5575 1918 5630 Nam

357 5643 526 5698 unius
558 5646 743 5705 forma:
781 5651 1078 5712 dictionem
1135 5661 1365 5716 verbum
1401 5664 1451 5717 ei
1491 5665 1744 5735 largitur,
1803 5677 1920 5722 teu-

354 5729 580 5789 dentem
602 5738 668 5792 ad
695 5756 864 5797 unum
895 5745 1182 5802 Dominum
1219 5767 1373 5821 :qua:
1398 5762 1580 5807 autem
1607 5764 1736 5809 sunt
1765 5757 1914 5810 varia

438 5911 484 5941 9°
512 5913 646 5969 Gen.
684 5933 734 5971 γι
781 5921 831 5976 7.
911 5923 951 5954 ί⁹¹
975 5923 1147 5982 Galat.
1175 5947 1252 5995 ut,
1275 5929 1361 5983 27.
1439 5933 1483 5962 Μ
1507 5931 1640 5985 Gen.
1672 5947 1724 5994 ιι,
1747 5933 1837 5986 9.3.

1611 6069 1636 6096 ο

1915 5936 2110 5993 “Luc.
2137 5955 2227 6002 xx,
2250 5939 2338 5995 2|.

2034 4765 2083 4810 et
2136 4773 2416 4828 personam
2472 4777 2575 4814 non
2628 4763 2849 4832 accipis,
2883 4765 2964 4816 dic
3013 4765 3083 4816 de
3128 4781 3281 4818 censu
3307 4764 3372 4818 ⁸³.
3408 4766 3609 4834 Itaque-

2034 4851 2253 4918 quando
2284 4861 2404 4906 erat
2433 4853 2657 4922 quidem
2689 4854 2871 4909 nudus
2901 4856 3066 4919 Deus,
3095 4872 3207 4912 non
3239 4856 3598 4913 suffundebat-

2033 4949 2125 4995 tur
2169 4943 2378 5012 pudore
2432 4964 2444 4998 :
2497 4945 2717 5015 quando
2757 4955 2941 5001 autem
2986 4964 3151 5002 carne
3193 4958 3449 5018 suscepta
3485 4966 3596 5005 non

2033 5033 2268 5102 amplius
2297 5043 2417 5088 erat
2441 5035 2643 5099 nudus,
2671 5035 3008 5092 adiciebatur
3030 5039 3274 5108 pudore;
3305 5049 3360 5093 et
3385 5039 3604 5109 pudore.

2033 5131 2372 5192 contempto,
2399 5139 2619 5179 crucem
2659 5143 2762 5197 pro
2797 5128 2958 5183 nobis
2996 5128 3276 5183 sustinuit.
3305 5129 3372 5182 Et
3404 5129 3528 5184 ideo
3563 5147 3596 5185 a

2029 5211 2234 5268 Judzeis
2267 5214 2537 5283 pulsatus,
2567 5215 2754 5288 flagris
2781 5234 2974 5283 ctesus,
3005 5227 3060 5273 et
3101 5229 3404 5289 consputus
3441 5221 3592 5276 dice-

2030 5300 2124 5356 bat
2164 5321 2176 5356 :
2220 5302 2441 5374 Tergum
2483 5323 2655 5359 meum
2690 5308 2811 5361 dedi
2850 5307 2919 5362 ad
2950 5309 3186 5380 flagella,
3217 5327 3378 5380 genas
3415 5321 3592 5366 autem

2029 5410 2171 5448 nteas
2204 5396 2274 5448 ad
2305 5395 2523 5467 alapas,
2556 5398 2742 5467 faciem
2781 5408 2958 5454 autem
3000 5418 3174 5456 meum
3212 5419 3314 5455 non
3355 5406 3520 5457 averti
3558 5423 3591 5458 a

2031 5485 2227 5554 pudore
2259 5497 2528 5556 sputorum
2553 5487 2612 5543 ³⁵.
2643 5489 2712 5543 Ει
2740 5507 2928 5545 rursus
2961 5491 3105 5546 idem
3135 5493 3296 5547 Iesus
3327 5509 3426 5562 per
3459 5509 3591 5563 pro-

2031 5577 2249 5645 phetam
2297 5578 2433 5633 dicit
2462 5579 2608 5634 Patri
2647 5600 2658 5634 :
2690 5581 2762 5635 Tu
2788 5585 2887 5636 scis
2912 5585 3288 5654 improperium
3319 5599 3511 5648 meum,
3539 5591 3590 5636 et

2025 5665 2276 5734 pudorem
2330 5684 2532 5733 meum,
2583 5678 2631 5723 et
2686 5673 3024 5726 reverentiam
3083 5689 3287 5737 nteant,
3337 5674 3586 5743 quoniam

2021 5759 2190 5826 pudor
2214 5758 2387 5814 vultus
2416 5763 2515 5814 mei
2544 5764 2808 5832 cooperuit
2838 5765 3002 5818 me".
3026 5765 3082 5817 Si
3114 5771 3294 5818 autem
3328 5773 3584 5844 tanquam

2415 5941 2459 5972 “
2485 5942 2584 5995 Isa.
2613 5958 2663 6007 L,
2687 5943 2739 5998 6.
2817 5943 2861 5974 ⁸⁸
2884 5943 3034 5999 Psal.
3073 5959 3252 6007 vam,
3275 5946 3326 6008 6,
3354 5946 3404 5998 8.
