4080 6538
520 495 649 577 tuli

1713 491 1772 550 S.
1813 485 2215 550 ANASTASII
2252 486 2575 547 SINAI'P.E

3605 478 3723 545 1012

513 609 775 684 carnalis,
797 606 868 663 de
899 605 1110 678 pudore
1138 601 1415 675 corporali
1449 603 1565 657 hac
1597 602 1862 673 intelligis
1895 603 1950 656 in
1985 616 2090 654 nu-
2120 598 2168 657 Δ
2195 599 2503 670 Salomonis
2546 597 2776 672 singulis
2817 596 2978 674 anuis
3017 594 3206 668 venire
3247 607 3310 647 ex
3351 590 3595 667 Tharsis,
3625 609 3729 664 qua

515 701 740 769 datione
770 695 966 752 Adami
997 703 1054 751 et
1079 693 1227 771 Erae,
1254 692 1344 773 dic
1378 693 1538 758 mihi,
1568 707 1696 747 cum
1729 692 1916 752 nullus
1947 690 2091 746 alius

514 794 732 871 adesset
761 806 886 846 cum
916 789 1022 851 eis,
1045 789 1331 859 cuiusnam
1365 795 1525 841 erant
1553 784 1766 856 pudore
1795 783 2088 863 alliciendi,

515 887 752 942 maxime
780 883 825 938 si
855 881 1179 960 nesciebant
1203 890 1330 958 ante
1360 861 1857 960 transgressionem
1883 885 2092 948 myste-

516 979 664 1033 rium
710 975 949 1048 partium
995 955 1226 1029 liberos
1254 955 1692 1044 procreantium,
1729 981 1786 1025 et
1827 969 1976 1040 quod
2021 968 2094 1023 sit

516 1069 816 1125 discrimen
841 1082 1036 1122 eorum
1059 1048 1428 1126 formationis,
1456 1079 1637 1134 neque
1662 1061 1809 1133 quod
1836 1076 1915 1117 ere
1938 1060 2094 1116 facta:

516 1173 645 1219 sunt
687 1161 754 1216 ad
805 1161 1012 1215 coitum
1071 1167 1128 1213 et
1167 1157 1470 1228 nuptialem
1517 1169 1898 1226 congressum,
1927 1163 1983 1207 et
2025 1151 2093 1206 ad

516 1256 625 1334 hoc
659 1272 690 1310 a
724 1255 835 1310 Deo
864 1253 994 1307 facti
1030 1251 1143 1307 sint
1170 1251 1450 1306 masculus
1481 1257 1537 1304 et
1561 1248 1797 1302 femina?
1829 1246 1931 1313 Qui
1963 1260 2094 1314 ergo

516 1364 582 1412 ea
628 1348 873 1403 nondum
921 1345 1204 1410 sciebant,
1239 1357 1478 1413 quonam
1527 1349 1686 1396 erant
1726 1337 2094 1409 perfundendi

517 1439 766 1511 pudore?
809 1437 1180 1506 Quamobrem
1223 1437 1342 1491 sine
1386 1431 1762 1490 controversia
1804 1429 2097 1487 referenda

517 1543 606 1605 est
630 1533 850 1586 nuditas
881 1531 947 1586 ad
978 1530 1256 1586 Christum
1291 1539 1347 1584 et
1377 1529 1677 1584 Ecclesiam
1716 1546 1729 1581 :
1759 1526 1931 1581 Erant
1959 1527 2098 1580 enim

517 1625 674 1703 umbo
701 1624 826 1677 nudi
855 1624 918 1677 ab
964 1625 1136 1694 initio,
1178 1623 1322 1677 Deus
1365 1621 1589 1692 quidem
1620 1621 1884 1684 Verbum,
1915 1619 2098 1673 nudus

516 1718 588 1777 ab
615 1717 984 1798 humanitate,
1014 1717 1261 1790 Ecclesia
1299 1727 1483 1771 autem
1533 1715 1681 1770 nuda
1712 1731 1742 1769 a
1773 1713 2094 1778 divinitate,

517 1795 800 1892 Christum
841 1795 1085 1867 nondum
1129 1811 1343 1880 induta.

570 1893 859 1961 Caeterum
890 1921 999 1971 non
1030 1905 1394 1982 erubescebat
1424 1913 1718 1984 antequam
1746 1910 1892 1979 esset
1914 1909 2099 1956 trans-

519 2014 727 2069 gressa,
761 1999 961 2075 partim
1001 1998 1249 2068 quidem,
1279 2005 1340 2055 ut
1379 2012 1538 2067 pura,
1564 2004 1622 2052 et
1651 1996 1764 2066 jam
1806 2001 1994 2072 parata
2032 1992 2100 2047 ad

520 2089 996 2164 incorruptionem
1045 2090 1096 2161 (a
1145 2098 1342 2143 natura
1387 2087 1538 2142 enim
1587 2085 1759 2141 habet
1807 2083 1987 2159 pudor
2044 2091 2105 2137 ut

521 2183 793 2237 consistat
828 2186 886 2236 in
926 2182 1116 2254 ﬁguris
1159 2191 1216 2238 et
1251 2181 1582 2252 corporibus
1624 2180 1681 2234 in
1717 2194 1839 2249 quae
1879 2177 2104 2236 omnino

519 2273 667 2329 cadit
709 2272 990 2344 corruptio
1036 2282 1092 2329 et
1140 2273 1430 2337 interitus,
1469 2280 1526 2327 et
1571 2278 1704 2326 sunt
1745 2267 2100 2339 materialia),

520 2367 726 2440 partim
762 2377 946 2422 autem
982 2375 1043 2422 ut
1071 2382 1194 2437 quae
1224 2367 1374 2420 nuda
1403 2374 1458 2420 et
1483 2374 1672 2434 aperta
1703 2362 1860 2426 facie,
1889 2357 2104 2425 Domini

521 2462 733 2518 .vultum
772 2460 1268 2529 contemplaretur.
1303 2458 1378 2513 De
1412 2474 1520 2527 qua
1554 2454 1819 2510 laudabili
1852 2451 2104 2506 nuditate

520 2552 660 2631 dicit
687 2537 850 2606 divus
882 2549 1088 2605 Paulus
1123 2568 1135 2602 :
1169 2548 1587 2619 Ingemiscimus,
1623 2542 1980 2598 habitaculum
2011 2559 2105 2595 no-

521 2657 690 2700 strum
733 2646 871 2717 quod
912 2661 974 2699 ex
1013 2643 1136 2698 cwlo
1176 2642 1484 2714 superindui
1522 2641 1787 2710 cupientes
1808 2638 1877 2702 9°,
1906 2652 2103 2706 nempe

522 2722 766 2794 futuram
818 2753 1114 2808 corporqu
1157 2734 1675 2804 incorruptionem,
1714 2731 1971 2801 siquidem
2024 2730 2106 2782 in-

523 2834 654 2893 duti.
682 2850 782 2886 non
815 2832 939 2886 nudi
967 2832 1301 2898 inveniamur
1320 2829 1386 2881 ⁸⁷.
1411 2829 1531 2882 Non
1558 2825 1691 2881 nudi
1718 2841 1747 2880 a
1773 2823 1946 2894 gratia
1981 2839 2106 2876 san-

525 2925 599 3003 cti
642 2909 915 3002 Spiritus,
956 2939 1121 2993 quam
1167 2921 1476 2980 nuditatem
1515 2928 1576 2973 ut
1614 2917 1814 2974 efﬁciat
1853 2917 2103 2970 innatum

524 3025 610 3072 est
638 3016 836 3092 tunicae
864 3015 1130 3074 malarum
1163 3013 1468 3088 actionum,
1494 3027 1601 3082 qua
1633 3009 1859 3071 indutus
1885 3009 1989 3063 fuit
2012 3007 2103 3061 ille

525 3109 619 3183 qui
649 3109 859 3187 ejectus
900 3115 984 3162 est
1021 3122 1052 3162 e
1091 3105 1334 3184 nuptiis;
1366 3119 1530 3174 quam
1570 3119 1680 3158 non
1717 3102 1971 3157 ferebant
2008 3099 2102 3170 qui

527 3181 683 3278 prius
729 3181 887 3277 erant
930 3198 1068 3254 nudi
1107 3181 1433 3270 protoplasti
1486 3215 1499 3274 ς
1548 3211 1726 3274 neque
1770 3208 1965 3253 rursus
2013 3193 2103 3246 ille

2191 702 2276 750 est
2302 692 2564 767 Hesperia
2593 679 2834 764 regionis
2864 685 3246 765 occidentalis,
3272 692 3327 738 et
3354 683 3496 740 ferre
3525 683 3590 760 ad
3619 700 3728 755 eum

2191 801 2390 842 aurum
2433 795 2492 841 et
2532 783 2803 857 ejusmodi
2847 780 3170 838 animantia.
3204 779 3322 834 Non
3369 784 3452 848 est
3494 793 3616 858 ergo
3660 778 3731 849 (ut

2191 888 2476 949 ostensum
2510 878 2616 948 est)
2650 892 2879 948 serpens
2914 873 3244 952 prudentior
3272 869 3527 926 omnibus
3563 870 3731 928 bestiis

2194 984 2376 1029 terrae.
2401 971 2770 1047 Quamobrem
2801 969 2889 1024 vel
2923 967 3203 1023 diabolum
3238 965 3374 1041 dicit
3404 964 3691 1034 ingressum
3719 985 3731 1020 :

2191 1067 2279 1122 vel
2322 1065 2520 1137 ipsum,
2555 1064 2766 1119 nudum
2812 1060 3053 1132 appellat
3096 1068 3408 1130 serpentem
3454 1055 3732 1136 Scriptura.

2194 1160 2325 1215 Mihi
2365 1167 2550 1214 autem
2589 1157 2831 1220 videtur,
2861 1153 3039 1230 prius,
3072 1151 3271 1222 melius
3305 1139 3734 1220 secundm-Sym-

2195 1253 2425 1308 machus
2461 1252 2610 1324 enim
2653 1259 2709 1305 et
2751 1247 2973 1318 Aquila,
3004 1229 3104 1316 pro
3150 1243 3479 1314 prudentior,
3510 1239 3737 1313 dixerunt

2195 1345 2442 1410 callidior
2468 1363 2486 1401 :
2516 1344 2664 1416 quod
2691 1341 2916 1414 quidem
2945 1337 3168 1410 proprie
3197 1334 3520 1405 intelligitur
3543 1342 3595 1394 et
3621 1331 3732 1388 dici-

2199 1450 2289 1497 tur
2319 1440 2386 1495 de
2421 1439 2613 1494 doloso
2647 1443 2842 1491 nostro
2876 1430 3214 1502 adversario.
3250 1427 3307 1484 Si
3345 1434 3523 1481 autem
3559 1425 3738 1496 quaeris

2198 1549 2297 1588 cur
2318 1547 2431 1585 non
2467 1529 2616 1585 nude
2657 1527 2773 1582 haec
2809 1527 2956 1582 Deus
2990 1531 3122 1579 tunc
3153 1528 3237 1594 est
3270 1518 3509 1594 locutus,
3535 1515 3621 1570 sed
3653 1531 3738 1586 pro

2199 1620 2417 1675 diabolo
2447 1616 2755 1676 nominavit
2805 1623 3146 1684 serpentem,
3196 1618 3388 1684 aperte
3430 1606 3574 1662 disce
3609 1606 3736 1676 quod

2199 1729 2323 1768 cum
2358 1712 2498 1766 mala
2530 1720 2586 1765 et
2611 1707 2910 1764 libidinosa
2946 1713 3107 1776 gente
3141 1704 3395 1774 loquens,
3426 1699 3596 1755 noluit
3625 1714 3737 1769 ape-

2199 1807 2312 1860 rire
2345 1804 2534 1860 lsraeli
2569 1817 2748 1876 neque
2781 1817 2904 1872 qua:
2937 1799 3004 1868 ad
3041 1777 3262 1868 angelos
3305 1800 3548 1864 spectant
3581 1809 3739 1863 neque

2200 1915 2323 1970 quae
2362 1898 2430 1953 ad
2473 1898 2726 1952 Satanam
2769 1894 2865 1966 qui
2907 1891 3250 1962 conculcavit
3293 1889 3490 1950 Evam,
3530 1902 3596 1942 ne
3633 1901 3740 1941 eum

2203 1994 2450 2049 colerent
2487 1999 2543 2046 et
2583 1989 2879 2044 adorarent
2917 1995 3177 2058 tanquam
3222 1983 3335 2037 Deo
3374 1980 3666 2043 fortiorem,
3692 1986 3745 2032 ut

2201 2085 2294 2156 qui
2322 2083 2592 2154 potuisset
2615 2098 2715 2136 sua
2745 2078 3033 2151 prudentia
3059 2074 3426 2149 protoplastos
3463 2087 3492 2126 a
3533 2070 3639 2138 Deo
3682 2068 3740 2123 ad

2205 2193 2264 2233 se
2293 2176 2596 2231 attrahere.
2629 2173 2712 2227 Tu
2759 2180 2943 2227 autem
2966 2185 3090 2224 cum
3115 2164 3365 2237 audieris
3386 2163 3525 2233 quod
3545 2177 3736 2232 serpens

2203 2280 2319 2325 erat
2366 2269 2674 2342 prudentior
2716 2263 2962 2319 omnibus
3004 2261 3183 2316 bestiis
3229 2269 3411 2328 terrm,
3444 2256 3581 2320 scias
3619 2250 3745 2327 quod

2201 2380 2369 2436 super
2397 2377 2614 2416 omnem
2645 2360 2939 2413 humanam
2973 2350 3329 2424 prudentiam
3364 2357 3447 2417 est
3475 2347 3623 2417 longe
3648 2344 3744 2399 for-

2203 2458 2313 2513 tior
2355 2453 2560 2522 diaboli
2602 2450 2900 2506 calliditas.
2939 2443 3316 2514 Quamobrem
3361 2439 3572 2511 dicebat
3607 2435 3746 2492 nobis

2201 2546 2469 2615 Dominus
2499 2561 2513 2597 :
2543 2543 2724 2598 Estote
2753 2540 3035 2612 prudentes
3063 2538 3199 2591 sicut
3229 2530 3607 2603 serpentes"'.
3629 2527 3744 2583 Nam

2201 2641 2461 2712 quoniam
2499 2636 2646 2709 genti
2681 2651 2802 2705 quae
2835 2649 2948 2687 non
2983 2631 3141 2686 facile
3176 2634 3400 2699 poterat
3429 2619 3743 2695 persuaderi,

2203 2733 2259 2787 in
2304 2731 2510 2786 vertice
2563 2728 2711 2782 illitis
2757 2725 2963 2780 montis
3020 2721 3171 2777 Sinai
3218 2720 3368 2774 Deus
3421 2733 3518 2787 per
3579 2713 3739 2782 Mosen

2202 2826 2379 2895 legem
2427 2821 2683 2882 ferebat,
2748 2834 2812 2878 ea
2855 2817 2931 2880 de
2966 2831 3132 2871 causa
3177 2827 3307 2868 cum
3353 2811 3470 2864 hate
3513 2806 3748 2875 scriberet

2204 2926 2413 2971 terrere
2454 2914 2648 2967 volens
2688 2908 3031 2965 incredulum
3077 2905 3360 2967 Israelem,
3396 2903 3476 2957 eis
3517 2897 3747 2954 describit

2202 3010 2377 3079 legem
2409 3021 2531 3077 qua:
2562 3004 2687 3058 data
2720 3012 2806 3058 est
2829 3001 3062 3067 Adamo,
3091 3009 3148 3055 et
3181 2994 3676 3068 transgressionem,
3699 2997 3748 3043 et

2203 3115 2428 3174 poenas,
2463 3107 2519 3153 et
2563 3095 2894 3157 sententias,
2930 3101 2985 3148 et
3027 3088 3481 3160 incondonabiles
3520 3079 3748 3141 extemi-

2203 3195 2493 3256 nationes,
2541 3198 2597 3244 et
2639 3187 2763 3241 illas
2808 3183 3116 3260 horrendas
3165 3181 3434 3236 adversus
3475 3183 3749 3245 serpentem

528 3273 728 3364 justus,
758 3271 815 3346 et
850 3293 984 3346 nulli
1026 3265 1203 3345 aﬂi‘nis
1242 3265 1691 3363 reprehensioni,
1723 3297 1779 3366 et
1816 3287 1940 3357 pius
1974 3285 2095 3358 Job.
2127 3306 2169 3363 (ς
2201 3285 2636 3347 exsecrationes,
2675 3290 2731 3334 et
2769 3279 2989 3333 dolores
3039 3285 3094 3330 et
3138 3274 3382 3345 gemitus
3425 3265 3677 3341 mulieris,
3704 3269 3752 3318 et

528 3385 598 3465 Et
633 3383 756 3449 ideo
791 3383 1012 3439 dicebat
1050 3401 1062 3436 :
1099 3382 1284 3459 Nudus
1319 3383 1388 3460 ab
1422 3382 1570 3453 omni
1607 3389 1834 3462 peccato
1867 3382 2004 3448 exivi
2041 3395 2104 3432 ea:

529 3486 710 3557 uentre
746 3478 932 3530 matris
967 3492 1114 3556 mete,
1148 3476 1212 3554 ait
1244 3493 1302 3531 ea
1333 3493 1538 3547 quoque
1570 3459 1739 3547 nudus
1774 3456 2013 3546 recedam
2035 3471 2102 3548 ’3.

530 3567 671 3647 l‘ium
696 3575 880 3620 autem
908 3576 962 3620 et
982 3552 1248 3638 Dominus
1273 3575 1328 3621 et
1350 3583 1450 3641 nos
1477 3575 1599 3637 post
1621 3566 2103 3632 resurrectionem,

533 3659 588 3721 in
623 3674 685 3712 ea
720 3657 969 3732 corporis
1007 3657 1254 3738 nuditate
1296 3657 1450 3737 nuilo
1491 3655 1701 3730 pudore
1743 3653 2106 3728 perfundendi

530 3752 762 3816 erimus,
792 3752 908 3822 ipse
941 3765 1160 3827 quoque
1190 3749 1444 3828 advertes
1473 3741 1526 3802 et
1558 3747 1871 3826 adnotabis.

603 3844 828 3916 Serpens
859 3852 1034 3915 autem
1063 3850 1177 3908 erat
1204 3841 1512 3910 prudentior
1535 3839 1770 3916 omnibus
1797 3839 1972 3916 bestiis
1995 3853 2110 3911 quia

533 3945 655 3991 sunt
697 3952 859 4008 supra
902 3945 1122 4010 terram.
1157 3929 1314 4007 Quod
1356 3939 1410 3985 et
1450 3939 1715 4008 quantum
1753 3931 1952 3986 attinet
1984 3930 2110 4005 qui-

535 4026 658 4080 dem
693 4027 760 4080 ad
796 4024 1149 4096 prudentiam
1181 4037 1304 4092 qua:
1332 4029 1417 4075 est
1447 4020 1499 4074 in
1525 4035 1660 4075 voce
1688 4028 1745 4075 et
1774 4029 1968 4075 natura
1999 4036 2108 4077 non

537 4102 750 4172 ratione
781 4116 1034 4191 praedita,
1064 4114 1236 4191 multa
1267 4127 1388 4167 esse
1415 4112 1673 4170 animalia
1703 4122 1956 4182 serpente
1982 4127 2114 4182 pru-

536 4210 810 4279 dentiam,
835 4223 997 4262 nemo
1021 4207 1116 4282 qui
1145 4206 1285 4276 sapit
1308 4205 1726 4284 contradixerit.
1749 4207 1939 4283 Neque
1964 4205 2112 4280 enim

534 4303 759 4358 «tornum
795 4300 1058 4372 custodit,
1089 4314 1268 4377 neque
1302 4279 1527 4374 gregem
1562 4279 1802 4376 unquam
1836 4306 2024 4373 servat
2053 4307 2116 4371 ut

536 4379 722 4459 canis;
752 4408 861 4446 non
890 4390 1039 4445 fures
1064 4390 1252 4460 abigit,
1276 4406 1380 4444 nec
1406 4370 1577 4444 terret
1597 4389 1770 4456 feras;
1797 4405 1904 4443 non
1932 4370 2112 4462 curat,

537 4487 710 4564 veluti
742 4483 980 4554 quadam
1016 4491 1134 4543 arte
1167 4481 1477 4560 medicinae,
1512 4467 1771 4547 vulneraj
1813 4497 1992 4551 neque
2015 4467 2116 4556 suo

539 4556 764 4662 (ioniino
803 4577 1080 4650 privatus,
1113 4575 1284 4646 ejulat
1323 4583 1380 4633 et
1417 4556 1612 4649 deﬂet,
1642 4589 1764 4634 eum
1803 4556 2114 4652 requirens.

2209 3377 2441 3451 sudores
2479 3382 2536 3430 et
2567 3380 2731 3426 terrae
2767 3365 3229 3428 exsecrationem,
3257 3369 3317 3416 et
3350 3362 3467 3431 ejus
3504 3355 3672 3427 spinas
3705 3361 3752 3406 et

2208 3467 2466 3534 tribulos,
2497 3473 2551 3519 et
2576 3461 2773 3516 mortis
2803 3455 3158 3519 sententiam,
3183 3462 3240 3509 et
3270 3453 3330 3506 in
3361 3459 3554 3505 terram
3581 3462 3641 3502 ex
3662 3457 3752 3513 qua

2208 3561 2466 3624 sumptus
2498 3559 2586 3606 est
2615 3547 3019 3609 reversionem,
3048 3551 3105 3600 et
3134 3541 3424 3597 interitum
3457 3535 3676 3592 hominis
3699 3546 3753 3586 ac

2208 3645 2651 3717 dissolutionem.
2678 3641 2812 3708 Quae
2843 3637 3069 3709 quidem
3103 3635 3291 3692 omnia
3326 3633 3472 3705 passi
3499 3635 3618 3687 sunt
3643 3640 3751 3696 pro-

2208 3739 2470 3813 toplasti,
2510 3737 2773 3808 quoniam
2821 3733 3091 3788 scelerato
3135 3728 3386 3800 serpenti
3433 3724 3752 3781 obedientes,

2210 3833 2394 3890 conati
2431 3841 2561 3899 sunt
2592 3830 2805 3903 seipsos
2839 3826 2974 3880 deos
3003 3823 3204 3888 facere,
3235 3821 3293 3875 in
3329 3823 3684 3888 contemptum
3708 3817 3754 3866 et

2211 3925 2578 4002 defectionem
2627 3925 2695 3978 ab
2741 3937 2854 3996 uno
2899 3928 2955 3973 et
3001 3918 3118 3973 solo
3163 3931 3300 3971 vero
3348 3915 3488 3979 Deo;
3537 3907 3754 3978 rapinam

2212 4003 2466 4084 arbitrati
2493 4019 2604 4090 Deo
2630 4030 2751 4073 esse
2776 4013 3040 4088 aequales,
3067 4011 3174 4064 hoc
3200 4015 3311 4073 est,
3337 4004 3688 4062 ascensionem
3709 4005 3754 4062 et

2213 4111 2272 4166 in
2308 4110 2477 4181 altum
2517 4092 2920 4173 elationem,‘et
2954 4118 3121 4173 super
3155 4099 3383 4170 angelos
3415 4091 3751 4152 extensiotem

2214 4204 2259 4260 si
2301 4183 2380 4258 dii
2421 4179 2639 4276 fierent.
2672 4199 2790 4254 Hoc
2827 4197 2976 4275 enim
3017 4193 3181 4250 tacite
3221 4187 3560 4262 signiﬁcabat
3596 4179 3750 4239 consi-

2213 4297 2349 4352 lium
2381 4271 2574 4368 dicens
2612 4310 2625 4345 :
2658 4291 2824 4362 Eritis
2857 4271 2987 4362 sicut
3017 4284 3090 4358 dii
3122 4290 3484 4355 cognoscentes
3515 4277 3684 4332 bonum
3711 4275 3750 4322 et

2216 4363 2440 4453 malum,
2475 4360 2688 4440 scilicet
2727 4360 2870 4439 ultra
2915 4365 3156 4440 mentem
3200 4375 3527 4446 angelicam,
3561 4367 3604 4423 si
3644 4360 3751 4419 facti

2215 4463 2402 4537 essent
2455 4478 2556 4533 dii.
2610 4477 2738 4532 Haec
2793 4483 2977 4530 autem
3036 4470 3223 4525 omnia
3280 4463 3585 4538 exponebat
3632 4459 3755 4513 Deus

2216 4568 2446 4640 pepulo,
2475 4582 2572 4622 eos
2609 4565 2887 4635 repellens
2925 4573 2983 4618 et
3017 4559 3190 4640 veluti
3229 4558 3536 4636 reprimens
3570 4568 3597 4606 a
3631 4546 3757 4640 deiet

539 4656 728 4749 Diuque
763 4636 958 4729 rursus
996 4636 1443 4737 quod-sphinges
1479 4674 1534 4720 et
1571 4636 1762 4745 simiaz,
1792 4636 1974 4736 potest
2011 4636 2116 4738 un?
2148 4663 2192 4718 D
2218 4636 2404 4716 ctione
2449 4674 2559 4729 qua
2604 4658 2794 4727 statim
2843 4636 3184 4710 laborarunt.
3217 4654 3272 4731 in
3302 4643 3521 4713 'Horeb,
3555 4657 3668 4700 cum
3707 4636 3754 4692 hi

538 4779 703 4841 qdam
732 4777 962 4832 serpens
998 4759 1197 4835 imitari
1234 4768 1290 4822 et
1313 4758 1570 4839 efﬁngere
1595 4757 1796 4829 figuras
1819 4768 2118 4830 gestusque

539 4863 598 4908 et
620 4854 799 4926 studia
827 4853 1133 4932 hominum.
1153 4849 1248 4906 llis
1271 4850 1419 4928 enim
1446 4848 1823 4930 animantibus
1867 4851 2120 4913 humanae

542 4955 756 5020 natura:
800 4929 915 5010 fere
964 4926 1104 5006 nihil
1152 4943 1327 5020 deest,
1359 4926 1464 4998 nisi
1515 4926 1710 5017 solum.
1749 4943 1948 5020 oratio.
1983 4927 2118 4998 Nam

542 5016 777 5115 naturali
805 5037 1042 5116 quodam
1075 5017 1270 5109 habitu
1301 5035 1512 5118 habent
1543 5045 1598 5091 et
1625 5052 1810 5118 rerum
1840 5046 1895 5106 et
1924 5016 2122 5108 figura-

546 5145 670 5184 rum
699 5114 835 5200 quas
860 5130 1051 5206 vident
1077 5129 1444 5209 imitationem
1472 5114 1528 5202 et
1553 5114 2025 5200 exercitationem.
2054 5129 2124 5184 Et

545 5223 672 5278 ideo
712 5223 886 5298 simia:
926 5222 1114 5288 Graece
1157 5223 1444 5288 dicuntur,
1477 5219 1722 5298 πίθηκοι,
1754 5223 1838 5275 ὅτι
1862 5220 1968 5276 πὰν
2001 5221 2125 5292 ὴθιέ

544 5316 818 5378 κούονται,
845 5315 901 5369 id
931 5323 1036 5391 est,
1062 5315 1322 5384 quoniam
1349 5298 1546 5369 omnes
1573 5329 1755 5385 mores
1783 5315 2120 5387 exprimunt.

545 5410 735 5479 Neque
763 5408 1115 5479 abominetur
1145 5406 1368 5472 auditor
1396 5407 1562 5480 huius
1594 5405 1846 5460 animalis
1877 5407 2122 5478 appella-

550 5501 759 5557 tionem
804 5510 1063 5570 tanquam
1110 5497 1388 5574 indignam
1436 5499 1667 5573 auribus
1710 5499 2125 5569 ecclesiasticis.

550 5592 820 5661 Audimus
846 5591 993 5646 enim
1020 5603 1214 5651 eorum
1237 5604 1360 5660 quge
1388 5597 1518 5664 sunt
1542 5586 1632 5643 his
1660 5587 1897 5662 minora,
1925 5584 1980 5641 in
2011 5587 2130 5657 lege

551 5687 670 5750 fieri
711 5685 1048 5740 mentionem
1088 5683 1158 5737 ab
1200 5681 1318 5752 ipso
1357 5681 1651 5753 impolluta
1686 5697 1781 5735 ore
1817 5681 1934 5740 Dei.
1960 5679 2132 5747 Quin-

549 5779 719 5834 etiam
780 5782 834 5831 in
888 5777 1053 5831 tertio
1103 5775 1248 5831 libro
1307 5776 1518 5846 Regum
1572 5774 1884 5830 invenimus
1936 5787 2130 5828 navem

623 5975 668 6007 '°
695 5975 736 6029 ll
765 5975 889 6031 Cor.
915 5992 964 6039 γ,
989 5975 1040 6027 2.
1119 5974 1162 6004 ’7
1191 5971 1322 6026 ibid.
1347 5971 1397 6024 5.
1477 5969 1520 6004 ⁸³
1542 5969 1644 6026 Jul)
1672 5987 1710 6037 ι,
1730 5969 1816 6022 21.

2219 4766 2504 4810 sermones
2563 4750 2746 4806 adhuc
2799 4748 2932 4804 Mosi
2987 4747 3312 4808 dicerentur
3365 4744 3420 4798 in
3467 4747 3671 4800 monte,
3709 4737 3758 4785 ei

2218 4846 2387 4902 etiam
2413 4845 2483 4900 ab
2510 4843 2636 4904 aliis
2664 4849 2855 4910 postea
2881 4840 3090 4896 secutis
3117 4835 3464 4902 idololatriis,
3490 4847 3604 4902 quae
3627 4825 3758 4882 illinc

2221 4947 2561 5010 acceperunt
2612 4937 2834 5010 initium
2891 4930 3350 5003 transgressionis
3398 4927 3466 5006 ab
3515 4924 3602 4978 illo
3650 4911 3757 5010 mali

2224 5007 2449 5086 auctore
2489 5009 2778 5098 serpente,
2813 5033 2871 5080 et
2910 5039 2942 5079 a
2979 5023 3130 5093 ligno
3169 5019 3314 5090 quod
3357 5017 3557 5096 dicitur
3592 5007 3756 5098 inobs-

2224 5107 2468 5194 dientize.
2504 5095 2843 5196 Etjfortasse
2875 5133 2942 5193 ea
2977 5098 3050 5171 de.
3079 5130 3245 5170 causa
3280 5113 3428 5167 Deus
3461 5107 3526 5166 ad
3556 5118 3643 5159 eos
3675 5095 3758 5153 ad-

2225 5196 2534 5272 monendos
2569 5220 2626 5265 et
2659 5210 2729 5288 ad
2764 5207 3137 5274 revocandum
3172 5206 3254 5261 eis
3289 5205 3343 5257 in
3377 5197 3673 5257 memoriam
3705 5203 3757 5243 ea

2224 5325 2347 5380 qua:
2375 5307 2515 5367 facta
2547 5283 2679 5373 sunt
2710 5304 2765 5358 in
2795 5302 3077 5376 paradiso,
3105 5299 3189 5356 eis
3217 5297 3432 5353 diversa
3459 5283 3758 5348 unanimiter

2223 5399 2479 5458 exhibuit
2499 5397 2750 5472 prodigia
2780 5383 2878 5467 per
2907 5401 3223 5466 serpentem
3251 5389 3416 5462 910
3446 5393 3501 5442 et
3527 5382 3714 5452 lignqu
3741 5387 3756 5424 :

2224 5508 2377 5564 nunc
2400 5477 2632 5560 quidem
2650 5474 2863 5566 virgam
2895 5485 3059 5568 Mosis
3085 5491 3457 5539 transmutans
3483 5476 3535 5530 in
3561 5479 3756 5538 serpen‘

2225 5563 2370 5654 tem,
2412 5581 2613 5656 deinde
2662 5563 2978 5661 serpentem
3029 5577 3088 5632 in
3137 5577 3346 5648 lignum
3390 5563 3752 5626 mortiﬁcans:

2225 5679 2380 5750 prius
2419 5658 2742 5753 describens
2778 5658 2928 5752 quod
2970 5687 3082 5752 non
3122 5673 3373 5745 oporteat
3408 5658 3621 5753 obedire
3652 5661 3754 5704 ser-

2226 5747 2378 5839 penti
2411 5767 2478 5823 ad
2511 5747 2726 5838 lignum
2760 5747 3125 5826 adorandum,
3156 5761 3241 5815 vel
3275 5755 3417 5829 quod
3451 5767 3544 5824 per
3571 5747 3750 5816 lignum

1895 5968 1963 6002 ’⁸⁸
1992 5966 2181 6022 Matth.
2210 5982 2262 6033 χ,
2295 5965 2376 6022 l6.
