4080 6526
262 420 395 484 1013

1361 426 1444 487 ΙΝ
1482 386 2031 487 HEXAEMERON‘.
2060 449 2127 465 —
2160 429 2307 490 LIB.
2349 431 2422 493 Χ.

3354 420 3493 487 10M

255 530 445 587 erucis
470 527 669 600 perdet
692 536 748 585 et
771 538 949 585 morte
979 528 1175 585 afﬁciet
1203 532 1504 601 paradisini
1534 533 1667 607 ligni
1696 548 1824 587 con-
1855 538 1898 595 Α
1925 542 2047 589 ctus
2068 533 2173 590 l'hit
2195 537 2473 607 particeps
2495 538 2605 591 dati
2633 555 2661 592 a
2686 538 2917 595 muliere
2950 557 2961 592 :
2988 536 3383 607 quod'quidem
3408 547 3495 593 est

255 622 527 677 sultorem
557 629 893 690 serpentem.
922 621 1154 692 Propter
1180 638 1343 692 quem
1374 639 1565 679 rursus
1593 634 1648 680 et
1674 626 1826 696 virga

254 714 552 779 Aaronica,
583 729 647 767 ex
685 713 836 783 ligno
866 713 1103 769 animata
1137 717 1339 785 serpsit
1369 733 1614 788 serpens,
1638 727 1694 773 et
1722 718 1826 772 fal-

255 822 350 862 sas
381 807 621 876 magicas
655 806 709 860 in
745 806 894 877 ligno
924 808 1198 876 serpentis
1225 808 1577 878 operationes
1604 818 1827 880 repente

256 898 627 968 consumpsit.
658 898 727 952 Et
757 898 811 952 in
843 898 992 969 ligno
1022 915 1216 953 rursus
1249 915 1476 970 serpens
1506 916 1690 955 :eneus
1718 916 1827 955 non

256 990 482 1059 spirans
518 992 572 1045 in
605 990 827 1045 deserto
863 1006 1169 1061 suspensus
1204 999 1323 1047 erat
1358 1009 1386 1045 a
1424 992 1571 1047 Mose
1614 1010 1626 1043 :
1665 993 1830 1047 tacite

256 1084 455 1139 dicens
493 1084 636 1153 quod
670 1084 775 1138 erit
807 1083 1099 1154 aliquando
1137 1094 1351 1155 tempus
1384 1085 1440 1139 in
1474 1100 1609 1155 quo,
1643 1086 1829 1155 subje-

256 1187 351 1231 cto
381 1176 605 1231 Christo
634 1175 989 1246 insuperabili
1023 1176 1242 1241 incude,
1269 1192 1566 1251 percussus
1594 1177 1828 1247 improbi

254 1267 481 1323 consilii
526 1267 779 1337 princeps
820 1283 1050 1338 serpens
1090 1268 1266 1323 Pilato
1310 1278 1565 1338 tanquam
1606 1269 1830 1323 mallea-

256 1369 381 1414 tore
414 1360 671 1414 malleum
708 1360 1031 1425 incutiente,
1059 1370 1115 1415 et
1142 1361 1416 1417 ustulatus
1446 1369 1501 1416 et
1529 1361 1744 1415 solutus
1775 1367 1835 1417 et

257 1459 442 1503 morte
502 1450 773 1514 affectus,
828 1450 884 1504 in
944 1451 1090 1521 ligno
1148 1460 1402 1505 mortuus
1459 1462 1713 1521 tanquam
1775 1452 1829 1505 in

258 1544 519 1595 columna
559 1541 783 1596 infamia
818 1551 1039 1597 notatus
1071 1543 1445 1612 proscribetur
1476 1542 1708 1607 mundo,
1738 1542 1833 1612 qui

262 1648 444 1700 usque
494 1632 561 1686 ad
609 1633 714 1686 hoc
768 1641 986 1703 tempus
1032 1642 1150 1687 erat
1199 1634 1254 1687 in
1302 1633 1599 1688 solitudine
1655 1632 1834 1688 omnis

261 1721 398 1775 boui
440 1740 451 1773 :
484 1731 538 1775 et
570 1722 949 1791 reprimentur
982 1738 1200 1778 morsus
1233 1723 1421 1794 populi
1452 1725 1622 1778 morsi
1652 1740 1682 1778 a
1713 1739 1833 1779 ser-

263 1824 458 1883 pente.
1210 1884 1211 1887 η

345 1906 408 1959 Et
437 1906 562 1958 dixit
592 1921 805 1974 serpens
841 1906 1048 1959 mulieri
1081 1924 1099 1960 :
1136 1904 1273 1972 Quid
1306 1906 1442 1976 quod
1472 1906 1604 1959 dixit
1637 1906 1775 1959 Deus
1812 1948 1827 1972 ,

260 1997 383 2051 Non
414 1997 688 2049 comedetis
724 2013 785 2050 ea:
815 1999 957 2051 omni
989 1998 1131 2069 ligno
1186 1998 1322 2069 quod
1356 2006 1431 2050 est
1462 1999 1515 2050 in
1551 1998 1836 2069 paradiso?

265 2088 337 2143 Et
370 2090 501 2141 dixit
538 2088 722 2143 mulier
752 2091 982 2160 serpenti
1017 2108 1034 2145 :
1068 2091 1151 2144 Ex
1180 2092 1321 2143 omni
1354 2090 1494 2162 ligno
1521 2090 1657 2161 quod
1683 2098 1755 2143 est
1779 2090 1835 2143 in

263 2181 520 2250 paradiso
554 2182 891 2244 comedimus,
922 2182 986 2233 de
1019 2182 1194 2251 fructu
1229 2192 1405 2236 autem
1440 2182 1568 2253 ligni
1597 2182 1733 2252 quod
1762 2190 1835 2234 est

262 2274 323 2325 in
352 2274 520 2324 medio
550 2273 782 2341 paradisi
809 2274 940 2326 dixit
966 2273 1126 2337 Deus,
1149 2273 1227 2327 Ne
1252 2291 1315 2328 ea:
1341 2292 1399 2328 eo
1419 2275 1722 2336 comedatis,
1746 2290 1838 2327 ue-

264 2383 369 2435 qne
390 2368 643 2437 tangatis,
667 2384 729 2419 ne
754 2369 1074 2421 moriemini.
1098 2368 1168 2423 Et
1191 2369 1326 2422 dixit
1347 2387 1559 2440 serpens
1586 2370 1795 2423 mulieri
1819 2386 1837 2423 :

266 2458 438 2512 Morte
474 2476 577 2511 non
619 2461 946 2525 moriemini,
978 2461 1174 2515 sciebat
1212 2464 1351 2516 enim
1391 2462 1528 2516 Deus
1565 2463 1701 2533 quod
1738 2478 1838 2528 quo

265 2547 352 2599 die
376 2563 437 2599 ea:
463 2564 519 2599 eo
548 2548 892 2615 comederitis,
923 2550 1227 2620 aperientur
1249 2553 1407 2605 vestri
1437 2551 1594 2616 oculi,
1618 2561 1666 2605 et
1695 2551 1839 2605 eritis

270 2645 531 2707 tanquam
555 2638 627 2691 dii
653 2649 1015 2709 cognoscentes
1042 2640 1233 2694 bonum
1258 2649 1307 2694 et
1330 2641 1550 2695 malum.
1571 2641 1725 2707 Quod
1751 2640 1841 2696 hic
1858 2641 1887 2663 ‘

272 2728 503 2797 quidem
546 2730 942 2783 sententiarum
984 2747 1046 2785 ac
1084 2732 1574 2803 intelligentiarum
1618 2733 1842 2803 pelagus

267 2828 330 2875 et
374 2821 671 2874 obscurum
716 2822 1076 2891 profundum,
1115 2840 1280 2893 supra
1323 2826 1508 2880 omnia
1550 2841 1672 2895 qua:
1716 2834 1843 2881 sunt

272 2912 630 2976 transmissa,
667 2914 828 2967 nobis
861 2916 933 2969 sit
967 2917 1307 2985 propositum
1342 2934 1450 2972 non
1484 2926 1568 2973 est
1595 2929 1843 2974 nostrum

272 3004 465 3060 dicere
514 3023 527 3057 :
570 3006 848 3075 proposita
890 3006 1036 3061 enim
1080 3007 1249 3062 dictio
1287 3009 1392 3063 hoc
1426 3025 1494 3063 ex
1529 3024 1587 3063 se
1625 3010 1839 3065 clamat.

274 3097 451 3163 Quam
478 3097 570 3167 qui
599 3098 861 3154 historice
884 3108 940 3153 et
962 3115 1071 3153 non
1102 3100 1464 3170 spiritualiter
1488 3103 1673 3172 potius
1699 3102 1844 3156 acci-

276 3190 475 3260 piunt,
509 3190 605 3245 sed
647 3199 921 3245 venantur
966 3190 1237 3246 dictiones
1284 3211 1295 3244 :

278 3282 498 3335 solvent
534 3282 872 3352 obiectiones
906 3298 1029 3352 quae
1057 3284 1139 3337 eis
1168 3283 1305 3337 (lunt
1336 3284 1405 3338 ab
1446 3285 1670 3350 Irenaeo.
1705 3284 1846 3338 Dicit

277 3373 429 3426 enim
465 3372 752 3427 decertans
784 3374 1048 3429 adversus
1078 3375 1519 3430 hmresiarchiam
1549 3392 1845 3432 exsecran-

279 3462 481 3515 dorum
522 3462 844 3533 Ophitarum
890 3482 903 3517 :
943 3464 1227 3529 Quomodo
1265 3466 1382 3521 ﬁeri
1418 3477 1599 3532 potest
1634 3480 1693 3523 ut
1728 3484 1846 3523 sero

280 3570 424 3624 pens
459 3556 549 3623 qui
590 3556 765 3611 iactus
800 3566 884 3611 est
921 3573 950 3611 a
982 3558 1114 3622 Deo,
1146 3569 1361 3622 natura,
1394 3576 1589 3630 expers
1623 3562 1849 3616 rationis

275 3655 340 3700 et
365 3647 581 3709 mentis,
606 3648 817 3703 ratione
835 3650 1096 3719 przeditus
1118 3659 1173 3705 et
1197 3651 1427 3720 loquens
1445 3653 1693 3707 dicatur?
1714 3654 1846 3708 Nam

278 3737 330 3791 si
374 3738 479 3791 sibi
517 3755 617 3792 suo
660 3741 802 3794 facto
838 3741 1205 3796 commodavit
1235 3744 1522 3808 rationem,
1554 3754 1610 3799 et
1638 3746 1846 3800 discre-

284 3827 531 3889 tionem,
563 3839 617 3883 et
658 3831 1073 3901 intelligentiam
1109 3842 1164 3886 et
1206 3835 1615 3903 responsionem
1654 3851 1849 3890 eorum

282 3936 414 3989 qua),
443 3921 763 3977 dicebantur
785 3940 814 3977 a
846 3924 1093 3987 muliere,
1152 3942 1283 3995 ergo
1313 3936 1366 3980 et
1396 3927 1572 3981 cuivis
1606 3928 1848 3997 serpenti

282 4029 399 4066 non
433 4023 515 4067 est
540 4016 766 4069 vetitum
799 4017 1094 4085 quominus
1124 4019 1228 4072 hoc
1257 4019 1438 4073 faciat.
1468 4018 1523 4073 Si
1554 4028 1733 4073 autem
1762 4019 1847 4074 di-

281 4112 435 4167 cent,
467 4105 653 4159 divino
681 4108 913 4161 consilio
944 4118 998 4162 et
1024 4109 1427 4178 dispensatione
1458 4125 1583 4163 eum
1611 4109 1846 4163 humana

279 4197 536 4250 oratione
569 4198 769 4267 alloqui
810 4200 974 4253 Evam
1001 4242 1015 4265 ,
1070 4207 1319 4253 statuunt
1356 4201 1525 4253 Deum
1566 4209 1847 4255 auctorem

285 4287 521 4354 peccati.
556 4287 661 4341 Sed
707 4304 887 4358 neque
934 4290 1166 4360 maligno
1210 4290 1339 4344 licet
1380 4292 1645 4356 daemont,
1676 4308 1742 4346 ex
1784 4307 1851 4347 eo

283 4379 433 4447 quo‘d
469 4395 578 4433 non
616 4388 699 4435 est
732 4382 798 4435 ad
834 4384 939 4436 hoc
975 4392 1037 4437 ut
1072 4383 1171 4447 sit,
1203 4392 1413 4437 natura:
1443 4401 1563 4453 qua:
1588 4394 1737 4439 caret
1761 4401 1849 4439 ra-

287 4471 440 4524 tione
465 4473 653 4542 largiri
680 4476 977 4537 rationem;
1007 4490 1130 4528 nam
1158 4490 1436 4543 nunquam
1466 4476 1760 4531 cessaverit
1783 4476 1849 4529 ad

1925 635 2176 696 apertum
2207 628 2476 684 indicium
2507 629 2759 698 perfectae
2785 629 3181 685 imbecillitatis
3211 636 3268 684 et
3291 630 3503 687 mentis,

1926 719 2152 786 ignavae.
2187 719 2322 773 Nam
2356 720 2574 774 mulieri
2609 720 2832 790 quidem
2867 727 2950 774 est
2982 719 3399 791 ignoscendum,
3430 728 3492 773 ut

1927 825 2048 879 qua:
2071 810 2239 865 fuerit
2261 822 2516 881 superata
2548 829 2578 866 a
2608 822 2860 883 serpente
2892 830 2907 867 τ
2932 812 3140 867 Adamo
3168 818 3350 867 autem
3377 826 3503 868 non,

1927 911 2010 957 est
2039 903 2454 973 ignoscendum,
2479 912 2537 957 ut
2561 903 2655 973 qui
2681 904 2846 958 fuerit
2871 912 3161 974 superatus
3182 920 3213 958 a
3237 903 3488 970 muliere,

1929 1009 2055 1048 cum
2101 994 2217 1065 ipse
2270 995 2327 1049 in
2370 996 2593 1065 propria
2644 1011 2874 1065 persona
2925 1012 2955 1049 a
3003 996 3117 1049 Deo
3172 995 3493 1051 mandatum

1929 1085 2222 1152 acceperit.
2256 1086 2391 1140 Nam
2435 1086 2636 1141 mulier
2668 1102 2793 1139 cum
2829 1085 2897 1139 ab
2932 1085 3140 1140 Adamo
3175 1087 3506 1141 mandatum-

1930 1175 2195 1240 audisset,
2249 1176 2323 1230 ita
2352 1177 2454 1230 fuit
2480 1177 2675 1231 affecta
2706 1188 2769 1231 ut
2794 1185 3197 1241 contemneret,
3225 1179 3309 1233 vel
3341 1178 3489 1248 quod

1930 1281 2040 1318 non
2077 1267 2235 1336 digna
2271 1277 2417 1321 esset
2447 1268 2634 1322 habita
2669 1284 2793 1323 cum
2827 1284 2934 1337 qua
2966 1269 3114 1323 Deus
3148 1270 3501 1339 loqueretur,

1930 1358 2014 1410 vel
2050 1368 2111 1412 ut
2140 1375 2260 1427 qua:
2290 1358 2431 1414 forte
2462 1360 2744 1415 dubitaret
2774 1368 2828 1415 et
2860 1360 3199 1417 existimaret
3223 1361 3501 1415 Adamum'

1932 1444 2041 1500 hoc
2064 1462 2129 1500 ex
2160 1463 2217 1501 se
2244 1448 2293 1502 ei
2326 1449 2640 1503 mandatum
2670 1449 2909 1504 dedisse.
2934 1450 3037 1505 Ubi
3069 1459 3253 1504 autem
3286 1450 3502 1505 invenit

1933 1550 2162 1606 serpens
2187 1554 2306 1593 eam
2336 1556 2581 1595 seorsum
2617 1550 2890 1611 agentem,
2922 1549 2981 1595 ut
3010 1551 3197 1611 posset
3225 1556 3343 1595 eam
3380 1543 3496 1611 pri-

1934 1629 2099 1682 vatim
2125 1630 2352 1699 alloqui,
2373 1647 2490 1685 eam
2516 1640 2611 1686 aut
2632 1633 2827 1687 videns
2849 1632 3226 1686 comedentem
3250 1648 3314 1685 ex
3338 1631 3499 1702 lignis

1934 1728 2030 1774 aut
2054 1737 2165 1775 non
2193 1723 2595 1789 comedentem,
2622 1725 2822 1780 obtulit
2846 1726 3029 1780 cibum
3054 1725 3210 1795 ligni.
3237 1725 3305 1779 Et
3328 1722 3500 1794 siqui-

1934 1814 2057 1868 dem
2088 1816 2491 1880 comedentem,
2517 1826 2600 1871 est
2621 1818 2973 1886 perspicuum
3004 1817 3150 1888 quod
3178 1832 3241 1871 ea
3274 1824 3419 1871 esset
3442 1816 3496 1871 in

1934 1922 2163 1975 corpore
2209 1906 2263 1960 in
2306 1908 2452 1977 quod
2496 1908 2642 1963 cadit
2680 1908 2937 1964 interitus
2981 1927 2995 1962 :
3036 1908 3303 1979 quidquid
3349 1908 3495 1963 enim

1936 1998 2105 2051 intrat
2152 1998 2206 2052 in
2252 2015 2333 2063 os,
2370 2000 2521 2053 vadit
2566 2002 2621 2054 in
2672 2016 2971 2056 secessum.
3008 2001 3063 2055 Si
3105 2016 3237 2071 ergo
3282 2001 3332 2054 in
3376 2017 3495 2055 eam

1935 2086 2166 2140 cadebat
2193 2087 2470 2151 interitus,
2496 2100 2579 2143 est
2606 2090 2956 2160 perspicuum
2987 2090 3133 2159 quod
3164 2098 3308 2145 esset
3332 2089 3498 2144 etiam

1937 2178 2204 2233 mortalis.
2241 2178 2297 2233 Si
2339 2189 2522 2235 autem
2557 2190 2675 2234 erat
2708 2181 2986 2245 mortalis,
3017 2196 3125 2234 non
3160 2189 3279 2235 erat
3310 2179 3501 2250 utique

1936 2270 2272 2335 exsecratio,
2304 2287 2482 2341 neque
2526 2273 2814 2327 sententiae
2849 2272 3225 2343 pronuntiatio
3261 2288 3366 2325 vox
3408 2272 3500 2326 illa

1937 2362 2031 2415 Dei
2062 2362 2251 2418 dicens
2283 2364 2491 2419 homini
2529 2383 2541 2419 :
2572 2365 2732 2421 Terra
2766 2383 2840 2431 es,
2872 2376 2918 2419 et
2950 2368 3002 2420 in
3040 2375 3237 2419 terram
3271 2374 3501 2420 reverte-

1940 2454 2011 2505 ris
2035 2454 2079 2484 ’θ
2110 2471 2123 2506 :
2162 2455 2305 2508 sicut
2334 2459 2498 2509 etiam
2532 2455 2698 2509 habet
2727 2471 2907 2510 rerum
2938 2456 3161 2510 veritas.
3193 2455 3286 2510 Sin
3318 2464 3501 2510 autem

1942 2560 2132 2599 rursus
2155 2561 2264 2599 non
2294 2547 2673 2602 comedentem
2700 2564 2929 2618 serpens
2959 2548 3172 2618 aspexit
3195 2549 3503 2613 mulierem,

1942 2637 2219 2706 quomodo
2254 2639 2503 2693 traduxit
2532 2640 2597 2694 ad
2634 2640 3029 2695 comedendum
3060 2656 3178 2695 eam
3208 2656 3330 2711 qua:
3360 2657 3507 2696 nun-

1942 2740 2102 2793 quam
2132 2726 2476 2781 comederat?

2011 2837 2146 2904 Quis
2176 2848 2357 2893 autem
2390 2840 2519 2894 huic
2548 2856 2767 2910 quoque
2799 2850 3031 2897 cruento
3065 2843 3355 2900 homicidae
3389 2862 3508 2901 ser-

1944 2929 2094 2997 penti
2133 2930 2416 2994 indicavit,
2476 2931 2621 3001 quod
2675 2949 2795 3001 quae
2834 2933 2942 2988 lata
2978 2943 3064 2989 est
3101 2951 3130 2988 a
3170 2936 3284 2990 Deo
3324 2937 3379 2991 in
3417 2952 3513 2992 eos

1944 3021 2141 3075 mortis
2185 3022 2487 3086 sententia,
2526 3039 2638 3077 non
2678 3034 2911 3079 ventura
2956 3024 3029 3079 sit
3074 3025 3140 3080 ad
3192 3026 3384 3091 linem,
3418 3029 3512 3097 qui

1947 3111 2084 3165 dixit
2120 3129 2133 3164 :
2173 3112 2284 3177 Quo
2315 3122 2489 3167 autem
2517 3114 2601 3168 die
2628 3116 2975 3181 comederitis,
3002 3127 3169 3171 morte
3199 3120 3512 3177 moriemini.

1285 3211 1295 3244 :
1337 3193 1526 3247 nescio
1574 3192 1844 3261 quomodo

1947 3203 2059 3258 Nec
2112 3204 2219 3259 hoc
2265 3208 2472 3271 solum,
2510 3207 2603 3262 sed
2652 3208 2819 3262 etiam
2869 3224 2993 3264 eum
3037 3225 3102 3265 eo
3149 3211 3293 3280 quod
3338 3223 3516 3269 morte

1952 3297 2248 3361 carebunt,
2280 3315 2472 3353 eorum
2519 3301 2840 3369 aperientur
2878 3304 3023 3357 oeuli
3067 3304 3159 3373 qui
3204 3304 3359 3374 prius
3404 3321 3515 3365 non

1954 3397 2103 3443 recte
2130 3389 2412 3454 videbant,
2439 3406 2502 3445 ea
2537 3400 2719 3445 autem
2752 3409 2872 3462 qua?
2901 3394 3106 3450 dicitur
3136 3396 3417 3465 apertione
3448 3396 3514 3452 ad

1951 3492 2183 3535 mortem
2210 3484 2479 3540 dederunt
2508 3486 2749 3540 aditum?
2780 3487 2917 3543 Cum
2947 3491 3388 3559 pra‘eedcntibus
3417 3509 3513 3547 au-

1952 3581 2061 3628 tem
2101 3574 2541 3632 dubitationibus
2583 3578 2699 3633 bzec
2736 3596 2956 3649 quoque
2996 3583 3340 3651 eoujungam.
3368 3583 3515 3650 Quo-

1953 3668 2117 3721 modo
2160 3669 2389 3725 rationis
2420 3686 2616 3740 expers
2648 3680 2702 3725 et
2733 3672 2847 3727 fera
2880 3672 3054 3727 bestia
3091 3674 3301 3729 audivit
3328 3690 3516 3731 vocem

1952 3758 2073 3821 Dei,
2106 3760 2327 3829 quando
2365 3762 2414 3816 ei
2455 3763 2787 3817 horrendam
2829 3764 3024 3818 effatus
3064 3774 3148 3819 est
3185 3766 3520 3821 exsecratio-

1955 3865 2103 3910 nem,
2139 3865 2302 3919 quam
2343 3853 2620 3921 accipiens
2653 3853 2873 3908 videtur
2910 3855 2963 3908 in
3002 3871 3099 3909 sua
3137 3871 3372 3924 persona
3408 3857 3536 3911 Deo.

1955 3940 2216 4003 astitisse,
2290 3942 2559 4012 siquidem
2622 3955 2770 3999 recte
2815 3944 2952 3998 dicit
2992 3961 3096 3999 vox
3143 3947 3451 4017 theologica
3501 3966 3529 4009 ξ,

1955 4030 2121 4084 Deum
2180 4048 2328 4085 nemo
2383 4033 2508 4086 vidit
2562 4050 2793 4103 unquam
2817 4033 2912 4097 ’9‘,
2957 4048 3134 4102 neque
3184 4034 3281 4088 Dei
3328 4051 3519 4089 vocem

1956 4120 2106 4174 auris
2141 4121 2357 4190 excepit
2387 4121 2709 4190 corporalis,
2740 4129 2833 4175 aut
2862 4138 3101 4190 unquam
3136 4122 3379 4176 audivit?
3409 4123 3538 4177 Hoc.

1956 4213 2104 4267 enim
2137 4229 2203 4267 ex
2231 4229 2365 4267 voce
2396 4214 2610 4267 Domini
2648 4214 2701 4268 in
2735 4214 3047 4285 Evangeliis
3078 4230 3270 4269 omnes
3302 4215 3520 4284 accepi-

1958 4319 2099 4358 mus.
2126 4305 2336 4359 Rursus
2368 4320 2499 4375 ergo
2530 4305 2595 4358 ad
2627 4320 2713 4359 me
2738 4305 2885 4370 veni,
2919 4320 2951 4359 o
2988 4305 3084 4369 ﬁli,
3111 4305 3313 4375 jubens
3340 4307 3522 4360 valere

1957 4396 2195 4450 litteram
2225 4414 2347 4466 quae
2377 4397 2579 4452 occidit
2610 4415 2623 4451 :
2653 4406 2708 4452 et
2736 4414 2983 4466 quaenam
3018 4398 3099 4465 (re
3125 4397 3346 4467 quidem
3379 4396 3521 4467 ipsa)

1960 4486 2124 4540 fuerit
2160 4486 2256 4541 Dei
2299 4487 2548 4556 Operatio
2584 4486 2651 4541 de
2689 4496 2944 4556 serpente
2981 4488 3075 4558 qui
3114 4488 3337 4551 dicitur,
3365 4495 3421 4541 et
3455 4487 3523 4541 de

286 4562 537 4617 fraudein
578 4582 675 4634 per
703 4575 987 4636 serpentes
1013 4578 1069 4621 et
1096 4567 1299 4621 bestias
1325 4576 1381 4621 et
1407 4569 1655 4622 volucres
1696 4569 1849 4638 loqui
1886 4577 1925 4630 D
1954 4577 2104 4646 ligno
2136 4587 2192 4631 οι
2222 4578 2474 4641 muliere,
2506 4588 2561 4632 ει
2593 4577 2869 4647 quomodo
2901 4594 2958 4631 se
2990 4579 3190 4633 habent,
3223 4587 3443 4641 natura,
3469 4586 3535 4632 et.

287 4671 415 4708 cum
459 4658 776 4713 hominibus
818 4670 873 4714 et
913 4676 1008 4713 eos
1050 4660 1326 4731 decipere.
1358 4662 1513 4719 Unde
1557 4674 1760 4724 autem,
1796 4671 1853 4719 et

286 4761 415 4800 cum
455 4758 601 4803 esset
639 4751 834 4815 bestia,
867 4752 1075 4805 audivit
1111 4754 1427 4808 mandatum
1466 4755 1611 4824 quod
1649 4771 1679 4809 a
1720 4757 1852 4820 Deo,

288 4839 499 4893 homini
544 4852 600 4897 et
638 4844 759 4905 soli.
790 4845 1015 4915 mystice
1051 4844 1237 4899 datum
1277 4856 1361 4900 est
1409 4866 1421 4900 :
1466 4863 1591 4901 eum
1637 4863 1705 4901 ne
1749 4848 1855 4903 hoc

290 4932 514 4998 quidem
548 4933 661 5002 ipsa
692 4934 975 4989 didicisset
1000 4936 1225 5001 mulier?
1250 4935 1361 4991 Cur
1388 4946 1568 4991 autem
1606 4953 1713 4991 non
1750 4954 1852 5007 pec

290 5022 406 5075 tius
428 5024 703 5079 hominem
729 5043 891 5094 quam
917 5029 1087 5096 ipsam
1115 5044 1402 5098 aggressus
1426 5039 1509 5084 est
1530 5030 1855 5084 mulierem?

289 5114 450 5179 Quod
495 5117 539 5170 si
580 5118 713 5171 mihi
754 5119 960 5173 dixeris
999 5120 1144 5188 quod
1186 5120 1252 5173 ad
1295 5136 1415 5174 eam
1461 5123 1755 5175 accesserit
1797 5130 1859 5176 ut

291 5223 420 5283 quae
458 5218 602 5264 esset
640 5211 988 5276 imbecillior,
1050 5219 1236 5267 contra
1279 5212 1471 5267 fortior
1513 5230 1576 5267 ae
1619 5213 1858 5275 virilior,

295 5308 556 5369 tanquam
603 5303 839 5372 adiutrix
876 5304 1114 5359 hominis
1158 5306 1413 5374 apparuit
1456 5306 1511 5358 in
1556 5314 1861 5375 transgres-

293 5396 455 5451 sione
491 5399 755 5454 mandati.
788 5401 905 5470 lpsa
941 5402 1087 5455 enim
1119 5409 1175 5457 et
1203 5402 1318 5455 sola
1354 5402 1565 5455 resistit
1593 5402 1858 5470 serpenti,

293 5497 355 5543 et
384 5505 508 5543 cum
539 5491 770 5560 quadam
806 5492 1115 5562 objectione
1149 5501 1203 5547 et
1233 5494 1587 5552 contentione
1624 5493 1863 5565 (callidi-

297 5587 412 5635 tate
446 5584 723 5655 superata)
754 5584 993 5639 comedit
1017 5601 1083 5639 ex
1112 5585 1289 5655 ligno;
1318 5586 1489 5641 Adam
1524 5597 1705 5641 autem
1738 5605 1863 5645 cum

296 5672 440 5727 nihil
474 5674 702 5730 omnino
731 5677 1096 5748 depugnasset
1126 5686 1222 5733 aut
1254 5679 1711 5749 contradixisset,
1742 5681 1863 5736 fru-

372 5850 782 5922 "Gen.m,l9.
859 5860 1275 5928 "'Joan.|,18.
1355 5865 1823 5932 ’Matth.xnx,i%.

1956 4669 2232 4737 quomodo
2268 4684 2356 4723 res
2388 4676 2540 4738 gesta
2573 4668 2644 4722 sit
2672 4669 2740 4722 ab
2776 4670 2953 4731 initio,
2986 4668 3405 4739 relinquendum
3442 4678 3537 4724 est

1956 4760 2058 4813 soli
2105 4760 2235 4826 Deo,
2265 4762 2357 4830 qui
2403 4776 2466 4815 ea
2515 4769 2571 4814 et
2617 4759 2749 4814 fecit
2790 4770 2845 4814 et
2891 4761 3055 4823 dixit,
3091 4769 3151 4815 et-
3187 4760 3543 4826 novitﬂuae.

1958 4862 2141 4909 autem
2171 4854 2344 4908 divini
2384 4855 2715 4922 interpretes
2746 4854 2815 4913 de
2852 4854 2937 4907 his
2970 4863 3097 4907 sunt
3132 4851 3540 4923 philosophati,

1958 4954 2013 4999 et
2062 4947 2341 5015 quomodo
2388 4946 2457 5001 de
2503 4946 2731 5001 Christo
2772 4955 2825 5000 et
2869 4946 3115 5000 Ecclesia
3163 4945 3422 5014 praeclare
3470 4956 3536 5000 et-

1960 5039 2363 5093 admirabiliter
2395 5040 2620 5093 fuerunt
2648 5039 3014 5109 praeﬁgurata,
3043 5037 3220 5091 dicam
3253 5036 3428 5091 fretus
3460 5036 3529 5091 iis

1963 5131 2056 5201 qui
2085 5132 2343 5186 dixerunt
2368 5150 2379 5185 ε
2406 5131 2507 5196 Qui
2535 5139 2710 5184 autem
2732 5139 2895 5201 potest
2925 5146 3133 5199 capere,
3158 5129 3406 5199 capiat";
3431 5136 3487 5183 et
3511 5144 3526 5181 :

1965 5223 2067 5288 Qui
2096 5223 2247 5276 habet
2284 5222 2455 5276 sancti
2498 5221 2737 5291 Spiritus
2776 5238 2933 5275 aures
2972 5220 3246 5283 audiendi,
3279 5218 3526 5273 audiat’.

1964 5316 2074 5369 Res
2100 5314 2347 5383 quaedam
2370 5322 2541 5367 artem
2566 5329 2782 5368 omnem
2808 5327 3100 5384 superans.
3122 5320 3177 5365 et
3193 5312 3305 5365 Deo
3328 5323 3529 5379 prope-

1965 5406 2188 5459 modum
2238 5404 2439 5459 similis
2484 5404 2873 5474 informisque,
2905 5413 2960 5459 et
3001 5419 3110 5458 non
3154 5398 3531 5456 materialibus

1934 5528 1939 5531 »
1966 5498 2230 5554 membris
2258 5496 2557 5552 ineﬂ'abilis
2588 5497 2945 5568 pulchritudo
2966 5511 3087 5566 quze
3114 5494 3182 5549 ad
3210 5493 3304 5548 Dei
3339 5489 3531 5560 imagi-

1967 5605 2095 5643 nem
2122 5588 2268 5643 laeta
2298 5587 2407 5643 fuit
2432 5596 2617 5643 nostra
2649 5588 2829 5643 anima
2857 5587 3069 5642 ratione
3092 5583 3317 5655 praedita
3346 5588 3401 5637 et
3427 5580 3531 5635 im-

1967 5679 2240 5746 mortalis,
2264 5695 2297 5735 a
2320 5680 2764 5737 suocressentiali
2790 5678 3055 5743 essentia,
3077 5676 3271 5732 effecta
3296 5680 3533 5730 essentia

1902 5866 1921 5896 ’
1945 5864 2135 5920 Matth.
2160 5878 2275 5929 xm,
2301 5862 2355 5917 9.
