3792 6534
596 377 731 445 1015

1790 381 1851 441 S.
1889 379 2285 470 ANASZI‘ASII
2320 381 2646 442 SINAITEF.

3639 382 3735 473 ποιεγ

592 509 662 548 ex
702 509 813 547 non
852 492 1110 555 essentia,
1135 502 1352 563 sumpta
1390 502 1529 547 erat.
1562 492 1776 547 Rursus
1811 503 1931 548 erat
1968 493 2163 548 simili-
2193 498 2235 553 A
2268 512 2414 550 rans.
2446 496 2503 552 ld
2542 506 2774 552 testatur
2799 496 2937 551 Abel
2971 495 3113 551 dona
3142 494 3260 549 Deo
3292 492 3541 558 oﬂ‘erens;
3565 491 3727 551 Lamech

596 586 760 649 tudo,
803 593 858 639 et
905 584 1288 645 simulacrum,
1329 592 1386 637 ct
1427 599 1494 637 ex
1542 583 1774 638 adverso
1824 585 2163 653 respondens

597 677 857 749 splendor
904 676 1153 731 informis
1209 675 1479 739 idearum,
1534 676 1801 746 principis
1855 685 1912 731 et
1963 676 2164 731 formas

594 767 844 825 facientis
862 767 957 821 Dei
975 766 1161 822 divino
1179 766 1347 821 factas
1369 766 1754 822 munere.lla:c
1773 784 1902 837 ergo
1916 778 1971 821 et
1988 768 2165 838 imago

597 870 651 916 et
681 858 984 915 similitudo
1011 859 1131 929 ejus
1156 859 1249 927 qui
1277 867 1360 913 est
1386 873 1551 928 super
1575 859 1864 929 imaginem
1891 869 1946 913 et
1974 859 2166 914 simili-

598 948 877 1012 tudinem,
911 956 967 1002 et
1004 948 1265 1018 apparuit
1302 957 1358 1004 et
1396 948 1501 1002 fuit
1538 950 1827 1019 appellata.
1860 949 2035 1016 Quam
2070 950 2166 1020 qui

596 1042 804 1096 dicitur
849 1055 1109 1110 serpens,
1144 1048 1203 1094 ut
1253 1041 1570 1111 intelligens
1618 1042 2010 1112 intelligentia,
2041 1058 2167 1097 cum

594 1135 827 1190 vidisset
872 1135 1273 1205 intelligentem
1330 1134 1533 1189 nudam
1582 1142 1837 1204 tanquam
1888 1134 2166 1205 reginam,

597 1237 730 1283 tunc
783 1226 1091 1297 virginem,
1154 1243 1385 1297 puram,
1440 1226 1738 1291 intactam,
1796 1226 2168 1297 incorruptam

593 1322 965 1393 juvenculam,
996 1320 1093 1374 Dci
1130 1312 1408 1389 sponsam,
1440 1334 1645 1373 corona
1676 1318 1986 1374 redimitam
2022 1322 2169 1385 (tan-

597 1429 760 1482 quam
795 1414 849 1466 in
881 1411 1119 1481 quodam
1154 1410 1415 1481 thalamo)
1448 1410 1636 1465 divino
1667 1425 1854 1464 amore
1891 1411 2169 1479 stipatam,

599 1507 655 1564 in
702 1506 932 1576 mystico
977 1520 1177 1559 arcano
1222 1513 1278 1559 et
1320 1504 1407 1558 cui
1460 1520 1567 1557 non
1614 1513 1699 1557 est
1743 1503 1828 1556 vir
1871 1503 2170 1568 admistus,

598 1599 838 1670 paradisi
884 1598 1140 1654 cubiculo
1188 1597 1518 1651 residentem
1569 1615 1579 1649 :
1631 1611 1755 1650 cum
1798 1604 1946 1649 esset
1987 1594 2175 1648 infelix

601 1692 1021 1756 exterminatus,
1049 1698 1105 1745 et
1138 1690 1205 1743 ab
1240 1689 1436 1743 axibus
1473 1688 1789 1743 coelestibus
1827 1687 2171 1741 exturbatus.

602 1785 897 1855 Postquam
931 1785 1009 1839 sic
1039 1783 1179 1837 vidit
1209 1781 1442 1836 formam
1475 1792 1530 1835 et
1561 1788 1813 1834 naturam
1844 1788 2088 1834 nostram
2120 1787 2176 1834 et

604 1878 811 1933 divinis
851 1876 1106 1932 manibus
1145 1874 1453 1936 formatam,
1484 1884 1540 1925 et
1582 1871 1767 1925 divino
1807 1870 2015 1939 Spiritu
2055 1869 2175 1923 ani—

605 1978 831 2033 matam,
854 1976 910 2021 et
932 1967 1200 2021 universa:
1229 1980 1350 2033 qua:
1375 1973 1457 2016 est
1481 1962 1583 2016 sub
1610 1962 1721 2017 sole
1749 1970 2017 2016 creatura:
2040 1960 2180 2030 regi-

606 2077 733 2118 nam
765 2059 1117 2114 constitutam
1147 2074 1160 2110 :
1191 2072 1300 2109 non
1328 2056 1510 2109 ferens
1541 2055 1768 2109 honoris
1791 2053 1966 2108 nostri
1992 2053 2179 2107 altitu'

609 2153 819 2217 dinem,
850 2150 1139 2206 aemulatus
1172 2155 1257 2201 est
1288 2147 1609 2209 sceleratus,
1643 2146 1859 2210 invidit,
1892 2160 2095 2215 angore
2124 2150 2181 2198 et

609 2245 799 2300 dolore
843 2252 926 2298 est
962 2242 1213 2304 allectus,
1247 2239 1454 2309 stupuit
1494 2249 1548 2292 et
1591 2238 1895 2292 admiratus
1933 2246 2017 2291 est
2054 2236 2179 2306 pul-

610 2336 1004 2399 chritudinem,
1036 2335 1302 2406 gloriam,
1347 2340 1695 2402 potestatem,
1753 2330 2035 2395 virtutem,
2066 2328 2181 2382 for-

613 2446 787 2494 mam,
819 2430 930 2484 Deo
962 2428 1199 2483 similem
1232 2428 1496 2481 visionem
1540 2434 1595 2479 et
1628 2424 1904 2479 decorem.
1934 2423 2183 2492 Cumque

612 2523 795 2577 omnia
844 2522 1158 2592 speculatus
1203 2529 1351 2575 esset
1399 2536 1461 2574 ac
1506 2520 1828 2582 lustrasset,
1866 2526 1928 2571 ut
1973 2516 2065 2587 qui
2111 2516 2185 2570 sit

612 2616 776 2670 simitl
825 2624 881 2668 et
922 2614 1195 2683 malignus
1241 2621 1295 2668 et
1348 2612 1597 2675 invidus,
1635 2609 1828 2665 fraude
1870 2624 1968 2663 sua
2013 2607 2185 2661 valuit

616 2707 901 2762 mulierem
933 2721 964 2759 a
994 2706 1114 2759 viro
1146 2705 1431 2765 seducere,
1464 2718 1693 2773 eamque
1729 2718 1854 2757 cum
1884 2699 2186 2770 accepisset

617 2812 865 2851 seorsum
910 2806 1160 2866 agentem
1210 2811 1273 2850 ac
1321 2802 1659 2865 separatam,
1708 2793 1925 2863 decepit
1968 2810 1981 2845 :
2032 2807 2183 2861 spem

616 2904 810 2942 vanam
861 2896 916 2943 et
958 2887 1178 2941 inanem
1225 2887 1277 2942 ei
1322 2902 1655 2957 suggerens,
1696 2886 1839 2941 sicut
1877 2886 1987 2955 jam
2035 2884 2186 2954 prius

618 2979 752 3033 dixi.
781 2978 1118 3048 Suggerebat
1144 2977 1289 3032 enim
1320 2977 1435 3030 fore
1468 2986 1525 3031 ut
1555 2994 1655 3047 per
1683 2993 1837 3031 esum
1870 2976 2067 3030 mulier
2094 2976 2188 3031 fie-

619 3082 704 3126 ret
730 3071 852 3128 dea.
880 3080 939 3123 ut
968 3087 1088 3140 qua:
1117 3070 1373 3125 evaderet
1400 3071 1510 3124 Deo
1538 3071 1731 3127 similis
1761 3082 1816 3125 et
1846 3071 2046 3125 collum
2078 3086 2185 3124 non

617 3163 853 3233 amplius
895 3162 1137 3217 ﬂecteret
1177 3162 1243 3216 ad
1287 3162 1460 3219 Deum
1504 3162 1841 3216 adorandum

616 3254 729 3309 Deo
770 3263 935 3318 esset,
965 3270 1302 3326 cognoscens
1344 3253 1528 3310 omnia
1574 3254 1715 3309 bona
1756 3264 1810 3309 ct
1853 3255 2018 3320 mala,
2047 3255 2190 3310 sicut

617 3346 779 3402 Deus.

690 3440 798 3494 llac
821 3453 915 3507 spe
942 3436 1087 3492 inani
1112 3438 1505 3508 phantasticam
1535 3439 1781 3495 mulieris
1807 3439 2001 3494 anima;
2022 3439 2191 3493 facul-

641 3539 783 3587 atem
807 3530 863 3584 in
888 3530 1058 3584 altum
1081 3530 1430 3586 extollensac
1450 3531 1808 3601 suspendens,
1834 3548 1952 3586 eam
1976 3532 2191 3603 decepit

618 3634 675 3678 et
706 3623 759 3677 in
796 3640 1039 3678 errorem
1083 3623 1315 3679 induxit.
1341 3624 1622 3680 Mulierem
1660 3635 1841 3682 autem
1882 3642 2029 3681 nunc
2066 3626 2190 3680 dico

622 3717 791 3772 Evam
834 3734 846 3770 ι
886 3725 1196 3786 serpentem
1232 3725 1416 3772 autem
1454 3733 1579 3772 eum
1613 3718 1705 3788 qui
1742 3718 1944 3774 dicitur
1973 3719 2192 3788 sapien-

625 3809 735 3863 tior
762 3808 1021 3863 omnibus
1048 3824 1169 3878 qua:
1200 3809 1331 3864 fecit
1356 3810 1620 3864 Dominus
1646 3811 1810 3874 Deus,
1837 3826 1957 3881 qua:
1983 3820 2111 3864 sunt
2139 3810 2193 3865 in

625 3912 791 3965 terra,
817 3901 911 3956 sed
944 3918 1054 3957 non
1084 3903 1248 3956 etiam
1278 3918 1399 3972 qua:
1427 3902 1480 3956 in
1511 3902 1689 3957 caelis.
1719 3902 1846 3957 ΙΙωο
1874 3903 2007 3956 mihi
2037 3902 2196 3956 intel-

619 3993 861 4065 ligantur
894 4005 1265 4065 congruenter
1296 3994 1490 4050 littera:
1522 3996 1627 4049 veli
1660 3996 1954 4050 exterioris
1984 4004 2040 4048 et
2070 4011 2193 4048 cor-

621 4088 773 4157 poris
832 4087 1163 4158 Scriptum,
1210 4102 1279 4141 ne
1337 4088 1519 4157 porcis
1572 4096 1627 4143 ct
1684 4088 1914 4143 canibus
1968 4089 2195 4159 (nempe

624 4178 945 4234 hominibus
970 4179 1063 4248 qui
1091 4178 1438 4233 delectantur
1458 4180 1977 4250 vituperationibus)
2004 4180 2197 4235 demus

620 4284 808 4324 ansam
847 4286 859 4321 :
898 4267 991 4337 qui
1024 4266 1214 4323 dicunt
1249 4268 1363 4322 hazc
1397 4285 1505 4323 non
1544 4269 1658 4322 fieri
1695 4269 1762 4323 ad
1801 4270 2057 4325 litteram.
2090 4269 2195 4336 Qui

621 4369 806 4414 autem
849 4374 880 4413 a
922 4359 1093 4413 Paulo
1139 4366 1268 4413 sunt
1312 4358 1537 4423 eruditi,
1570 4360 1662 4429 qui
1709 4360 1776 4413 ad
1817 4359 2096 4415 Christum
2141 4371 2197 4416 et

623 4450 929 4507 Eeclesiam
985 4450 1201 4505 reducit
1248 4451 1431 4504 omnia
1486 4466 1607 4521 qua:
1658 4461 1789 4506 sunt
1837 4452 1891 4505 in
1945 4452 2097 4521 lege,
2141 4462 2199 4507 et

2264 593 2432 661 (sicut
2461 588 2653 659 Adam)
2686 589 2753 644 de
2782 588 3002 644 Christo
3034 596 3295 657 tanquam
3330 587 3569 656 pr0pbeta
3596 590 3728 655 praui.

2264 698 2430 747 cens;
2459 682 2615 747 Scth,
2646 681 2768 751 ejus
2797 679 3089 749 imaginem
3119 677 3217 747 qui
3251 676 3319 730 ad
3343 676 3599 745 imaginem
3618 678 3731 733 iactus

2264 784 2405 839 erat,
2456 789 2760 838 renovans;
2792 773 2961 837 Enos,
2989 770 3085 842 qui
3131 770 3305 841 erepit
3351 770 3579 823 invocare
3602 787 3737 851 nomen,

2265 868 2519 933 Domini;
2554 866 2765 930 Enoch,
2795 865 2891 935 qui
2923 865 3137 934 primus
3164 874 3424 931 tanquam
3463 860 3560 913 Deo
3589 862 3729 929 plateis

2266 960 2422 1031 prius
2456 958 2751 1028 descripsit
2790 972 2855 1011 ac
2895 955 3147 1027 figuravit
3189 952 3640 1013 resurrectionem.
3668 956 3709 1005 im

2267 1051 2514 1107 mortalis
2562 1049 2793 1105 effectus
2839 1056 2897 1103 et
2938 1062 2969 1101 a
3014 1045 3126 1099 Deo
3174 1043 3501 1105 translatus;
3529 1042 3729 1096 afathth

2268 1142 2456 1197 Enocb
2491 1140 2667 1205 filius;
2702 1137 2939 1192 Lamech
2970 1136 3091 1207 ejus
3118 1148 3333 1203 nepos,
3366 1134 3457 1201 qui
3494 1135 3642 1202 genuit
3665 1136 3727 1187 Nec

2267 1231 2472 1289 Christi
2512 1230 2763 1302 figuram,
2801 1236 2857 1281 et.
2897 1227 3036 1281 dixit
3078 1244 3090 1279 :
3129 1226 3236 1280 Iste
3277 1242 3370 1278 nos
3410 1226 3732 1294 facietquicm

2271 1327 2335 1380 ab
2366 1327 2604 1396 operibus
2634 1334 2682 1377 et
2712 1321 3067 1392 afﬂictionibus
3098 1320 3316 1381 nostris,
3344 1329 3391 1371 et
3428 1336 3457 1372 υ
3494 1328 3608 1370 terra
3638 1310 3739 1385 qm

2273 1426 2569 1473 exsecratus
2612 1425 2685 1469 est
2732 1414 2985 1467 Dominus
3031 1411 3169 1465 Deus
3193 1410 3248 1475 ις
3286 1410 3423 1471 Noe,
3454 1425 3592 1477 quem
3627 1412 3727 1459 vine.

2272 1526 2395 1566 esse
2423 1508 2724 1579 perfectum
2754 1514 2809 1560 et
2832 1507 3043 1575 justum
3071 1510 3309 1557 testatus
3333 1510 3417 1555 est
3439 1501 3664 1559 Dominus,
3679 1522 3723 1565 «ιω

2274 1604 2438 1659 etiam
2466 1617 2592 1656 eum
2624 1600 2881 1670 placavit,
2910 1613 2979 1651 ne
3005 1605 3178 1650 totum
3199 1595 3367 1650 simul
3400 1595 3615 1648 interiret
3634 1610 3723 1661 gerit

2276 1697 2599 1751 humanum.
2628 1693 2699 1749 Ut
2725 1692 2889 1746 etiam
2919 1691 3053 1745 fecit
3081 1688 3373 1749 Dominus,
3399 1697 3618 1755 tanquam
3641 1686 3723 1737 hem

2277 1790 2495 1846 Patrem
2528 1784 2891 1843 reconcilians
2916 1798 3018 1852 pro
3042 1780 3386 1837 hominibus.

2344 1880 2599 1947 Quandiu
2626 1877 2845 1949 quidem
2874 1876 3010 1929 tales
3034 1874 3233 1928 habuit
3261 1872 3401 1925 filios
3424 1878 3475 1923 et
3494 1868 3723 1935 fructuqu

2279 1976 2481 2031 dicitur
2495 1971 2686 2028 Adami
2714 1970 2949 2023 humana
2970 1967 3243 2027 Ecclesia,
3264 1965 3560 2033 priusquam
3574 1974 3726 2024 compa

2279 2080 2423 2128 esset
2459 2079 2600 2123 terra
2623 2066 2691 2120 ab
2716 2060 3299 2126 idololatria,libidine
3334 2072 3395 2112 ac
3429 2055 3727 2115 luxuriamlu-

2280 2179 2407 2219 rore
2437 2162 2492 2217 in
2541 2159 2773 2214 feminas
2802 2175 2815 2209 :
2857 2170 3050 2209 revera
3095 2168 3225 2207 cum
3257 2151 3378 2204 viro
3411 2165 3502 2203 suo
3542 2157 3629 2201 erat
3651 2146 3728 2197 nudi

2281 2257 2392 2311 Deo
2418 2272 2431 2308 :
2463 2267 2641 2323 neque
2670 2249 2832 2305 ambo
2860 2245 3290 2307 erubescebant,
3318 2241 3410 2296 sed
3439 2240 3583 2293 libere
3600 2253 3642 2290 ac
3660 2253 3727 2285 an

2282 2346 2516 2402 fidenter
2546 2344 2601 2397 in
2637 2343 2809 2397 Deum
2834 2347 2955 2393 erat
2985 2336 3203 2399 affecta,
3243 2344 3305 2388 ut
3342 2348 3458 2402 qua:
3484 2339 3651 2400 peccata
3670 2342 3723 2375 rm

2281 2447 2429 2494 esset
2462 2434 2718 2491 obnoxia.
2753 2432 2828 2487 Ea
2860 2445 2991 2500 ergo
3019 2428 3099 2484 sic
3131 2428 3333 2481 aﬂ'ecta
3373 2434 3427 2479 et
3466 2424 3632 2477 lartante
3660 2436 3723 2471 (ω

2284 2533 2402 2587 viro
2437 2545 2558 2591 suo,
2594 2524 2946 2582 aemulatione
2991 2528 3176 2576 motus
3220 2519 3289 2573 ad
3320 2532 3435 2571 eam
3475 2514 3648 2569 accessit
3668 2528 3725 2562 et.

2283 2638 2439 2694 pens.
2474 2620 2795 2689 Serpentem
2830 2625 3015 2669 autem
3064 2612 3329 2674 audiens,
3378 2625 3469 2679 per
3506 2604 3724 2673 corporalem

2285 2722 2627 2783 serpentem,
2683 2707 2925 2775 intelligo
2973 2705 3275 2759 draconem
3324 2700 3469 2753 illum
3506 2696 3724 2749 desertorem

2285 2782 2449 2877 quem
2491 2804 2636 2859 Deus
2674 2801 2817 2870 apud
2850 2798 3047 2854 Jobum
3093 2795 3233 2849 dans
3267 2805 3513 2861 responsa
3546 2787 3603 2840 sic

2286 2874 2455 2954 navit.
2490 2897 2595 2951 Iste
2636 2903 2719 2949 est
2766 2891 2913 2946 enim
2943 2889 3035 2958 qui
3083 2886 3307 2955 decepit
3347 2880 3617 2938 Ecclesiam.
3645 2874 3722 2927 lliin

2287 2995 2433 3049 enim
2464 3004 2692 3059 serpens
2720 2985 2937 3041 mulieri
2964 2982 3191 3038 omnino
3213 2996 3324 3034 non
3350 2978 3500 3038 bona,
3520 2985 3657 3038 nempe
3673 2966 3719 3018 [εκ

2288 3087 2490 3143 clesiee.
2520 3084 2575 3138 Si
2610 3092 2792 3137 autem
2828 3078 2894 3133 ad
2940 3078 3177 3131 litteram
3214 3074 3390 3129 solum
3430 3068 3560 3125 audis
3580 3060 3721 3133 quzdi-

1891 3182 1903 3217 ε
1950 3162 2042 3216 ⁵θά
2089 3178 2187 3232 ρετ
2215 3181 2257 3239 C
2291 3189 2492 3235 cuntur
2526 3178 2595 3231 de
2629 3182 2883 3243 serpente
2914 3180 2971 3225 et
3002 3168 3256 3231 muliere,
3286 3163 3547 3237 oportebat
3567 3166 3722 3220 utrosqte

2295 3274 2458 3329 simul
2490 3270 2728 3341 aggredi,
2776 3276 2830 3321 et
2861 3266 3034 3321 multo
3074 3263 3250 3334 magis
3275 3260 3463 3314 virum.
3502 3254 3547 3307 Si
3569 3248 3721 3341 spiritu-

2295 3365 2423 3420 liter
2449 3373 2631 3417 autem
2676 3362 2852 3414 solum
2886 3356 3178 3426 intelligas,
3216 3368 3324 3407 non
3365 3344 3604 3417 oportebat
3624 3336 3721 3433 solun

2294 3455 2583 3525 attingere,
2641 3465 2837 3519 nempe
2880 3447 3183 3501 Christum.
3230 3442 3399 3497 Adam
3435 3432 3719 3525 eninthnmlit‘eI

2294 3522 2562 3617 deceptus,
2599 3552 2660 3597 ut
2705 3542 2800 3611 qui
2832 3549 2978 3595 esset
3008 3547 3169 3609 typus
3206 3530 3427 3592 Christi,
3463 3522 3720 3617 muliere-te-

2296 3638 2393 3710 fuit
2422 3603 2646 3705 'decepta
2681 3603 2737 3697 ⁸,-
2765 3644 2961 3698 nempe
3010 3603 3297 3680 hominum
3339 3628 3529 3673 natura,
3562 3603 3719 3710 Ecclesu.

2297 3703 2392 3785 list
2427 3703 2610 3783 autem
2640 3722 3011 3780 adnotandum
3039 3716 3183 3788 quod
3224 3712 3494 3769 mulierem
3517 3703 3719 3797 Wfﬁn?"

2294 3830 2351 3877 et
2373 3837 2404 3875 a
2430 3821 2551 3873 viro
2582 3834 2683 3871 suo
2713 3816 2931 3886 (nempe
2964 3807 3096 3877 Deo)
3126 3803 3320 3876 procul
3354 3790 3717 3887 remotam-intuit

2296 3924 2353 3969 et
2393 3910 2611 3979 decepit
2647 3878 2766 3961 eam
2811 3878 3037 3971 serpens
3066 3918 3080 3951 :
3113 3912 3217 3952 nec
3259 3908 3375 3948 eam
3408 3878 3716 3985 Ροίυίί

2295 4004 2539 4077 quandiu
2570 4000 2706 4054 vidit
2730 4014 2851 4052 eam
2879 4012 2907 4049 a
2934 3993 3055 4047 viro
3093 4004 3194 4045 suo
3221 4002 3331 4042 non
3356 3984 3620 4077 separatam.
3637 3963 3715 4077 mit

2296 4050 2870 4160 aperte
2913 4087 3127 4141 discere
3178 4078 3329 4151 quod
3376 4050 3438 4129 ad
3473 4050 3713 4160 Chrisi'tdf“

2298 4198 2496 4245 runtur
2522 4183 2825 4241 Ecclesiam
2862 4190 3206 4249 quaecunque
3246 4177 3369 4227 sunt
3400 4164 3538 4233 hujus
3560 4149 3715 4209 malum.

2297 4283 2417 4338 Non
2466 4276 2772 4333 invenimus
2814 4248 2959 4327 enim
3014 4266 3243 4322 omnino
3276 4260 3515 4316 Adamum
3555 4248 3713 4339 cum

2298 4383 2461 4445 pente
2490 4385 2610 4425 esse
2644 4366 2997 4422 collocutum.
3032 4359 3187 4415 Unde
3231 4355 3389 4409 etiam
3429 4364 3455 4401 a
3490 4344 3574 4445 Deo

2300 4434 2399 4522 cur
2429 4459 2753 4519 comederit.
2776 4472 2886 4510 non
2922 4452 3056 4507 dicit
3084 4469 3095 4503 :
3124 4448 3347 4517 Serpens
3376 4456 3447 4494 me
3472 4434 3710 4522 decepit?“-

623 4544 858 4599 maxime
884 4558 1005 4613 qua:
1036 4544 1237 4612 seripta
1265 4553 1393 4597 sunt.
1416 4542 1483 4596 de
1509 4544 1716 4599 Adamo
1740 4552 1795 4599 et
1820 4545 1953 4608 Eva,
1980 4561 2199 4615 compa-
2228 4527 2272 4581 θ
2301 4556 2493 4612 Mulier
2515 4552 2639 4607 mihi
2662 4549 2823 4610 dedit,
2848 4554 2894 4598 et
2916 4542 3135 4598 comedi.
3156 4540 3346 4593 Mulier
3367 4539 3521 4586 autem
3540 4511 3711 4615 dicitur;

625 4649 749 4689 rent
772 4635 1078 4705 spiritualia
1107 4649 1231 4689 cum
1258 4633 1672 4704 spiritualibus;
1699 4637 1785 4690 lex
1808 4636 1955 4689 enim
1981 4646 2066 4691 est
2089 4639 2200 4706 spi-

627 4728 901 4784 ritualis’.
930 4728 1285 4797 PerSpicuum
1330 4738 1417 4781 est
1456 4738 1638 4784 autem
1682 4729 1831 4797 quod
1871 4729 2034 4784 etiam
2078 4747 2199 4801 qua:

626 4830 756 4874 sunt
792 4821 845 4874 in
885 4821 1034 4891 lege,
1077 4822 1259 4876 omnia
1306 4822 1461 4892 prius
1493 4830 1623 4877 sunt
1653 4820 1927 4891 descripta
1960 4838 2023 4877 ac
2061 4840 2198 4892 prie-

630 4911 859 4981 figurata
914 4913 981 4969 dc
1038 4913 1281 4969 Christo.
1330 4914 1471 4985 Ergo
1510 4924 1566 4970 et
1594 4914 1901 4984 paradisus,
1935 4926 1991 4971 et
2029 4916 2196 4987 ligna,

630 5013 687 5057 et
716 5005 947 5071 fructus,
974 5017 1030 5062 et
1060 5008 1325 5070 Adamus,
1361 5018 1417 5063 et
1450 5009 1671 5072 mulier,
1695 5018 1751 5063 ct
1770 5009 1839 5063 ad
1864 5025 1984 5064 eam
2013 5026 2200 5065 acces-

632 5111 745 5157 sus,
772 5104 827 5150 et
863 5098 930 5151 de
972 5099 1086 5167 ipsa
1128 5100 1380 5164 victoria,
1408 5112 1464 5156 et
1499 5116 1746 5171 serpens,
1775 5110 1831 5155 et
1871 5102 2047 5165 cibus,
2080 5112 2203 5173 post

634 5186 917 5242 historiam
948 5205 1071 5258 quae
1098 5200 1180 5245 est
1208 5193 1274 5246 ad
1304 5193 1565 5257 litteram,
1594 5194 1660 5249 de
1689 5193 1910 5249 Christo
1937 5204 1992 5250 et
2016 5197 2203 5252 Eccle—

633 5278 713 5333 sia
747 5280 1090 5351 pra:figurata
1118 5283 1347 5337 fuerunt
1369 5294 1425 5339 et
1452 5286 1775 5342 adumbrata
1809 5288 1866 5342 in
1895 5288 2200 5358 Scriptura.

632 5371 770 5428 Nam
799 5372 1041 5427 humana
1067 5376 1289 5444 quidem
1320 5370 1616 5447 aliquando
1640 5392 1839 5435 natura
1864 5392 1986 5436 erat
2008 5383 2077 5438 ab
2106 5383 2209 5438 ini-

635 5465 713 5519 tio
734 5465 904 5519 veluti
931 5466 1025 5520 Dei
1047 5467 1205 5536 911
1231 5471 1452 5539 conjux,
1469 5487 1597 5526 eum
1620 5490 1925 5544 agnoscens
1945 5487 2002 5531 et
2022 5478 2209 5532 colens

634 5565 691 5612 et
727 5558 798 5613 ab
839 5574 908 5612 eo
950 5559 1355 5630 inseparabilis,
1397 5572 1652 5633 tauquam
1696 5568 1806 5622 Eva
1846 5585 1967 5638 quae
2006 5570 2209 5624 dicitur

637 5648 834 5705 mulier
853 5658 912 5703 et
939 5665 1074 5704 uxor
1102 5650 1449 5720 protoplasti,
1477 5654 1648 5708 Deum
1681 5656 1963 5713 iudividue
1994 5660 2209 5715 deside-

2306 4642 2530 4711 Serpens
2562 4654 2644 4692 me
2671 4635 2886 4704 decepit,
2920 4642 2967 4686 et
3003 4629 3221 4684 comedi.
3259 4628 3453 4681 Rursus
3474 4622 3607 4711 allle

2305 4701 2609 4792 seciatione
2645 4726 2934 4797 serpentis,
2962 4724 3030 4778 de
3074 4720 3297 4777 homine
3333 4728 3445 4770 eum
3486 4701 3588 4797 nihil
3610 4702 3710 4797 trial-*-

2304 4835 2467 4881 natur
2490 4824 2655 4883 Deus,
2690 4777 2785 4873 serd
2828 4816 2896 4871 de
2927 4813 3180 4868 muliere.
3210 4811 3278 4864 Et
3320 4807 3433 4860 ideo
3470 4777 3707 4883 diciteizi’s

2307 4936 2433 4973 nam
2464 4914 2766 4971 inimicitias
2810 4912 2947 4964 inter
2992 4918 3041 4960 te
3088 4915 3135 4959 et
3180 4902 3455 4958 mulierem.
3488 4888 3541 4944 Εί
3569 4880 3713 4934 curm“

2305 5013 2469 5068 etiam
2500 5010 2644 5063 inter
2673 5007 2853 5060 virum
2888 5002 3065 5056 ?Nam
3094 4997 3239 5069 quod
3267 4993 3445 5049 attinet
3479 4981 3530 5037 ad
3559 4976 3711 5069 lium?»

2308 5050 2469 5068 μω...
2893 5050 2904 5055 _
3100 5050 3126 5069 Ἰ
3156 5050 3163 5052 ἡ

2308 5104 2513 5159 amicos
2548 5116 2671 5154 esse
2711 5098 2827 5151 vult
2867 5094 3043 5147 virum
3070 5102 3125 5145 et
3157 5094 3466 5157 serpentem,
3487 5050 3713 5159 dicenszl’t:

2308 5211 2433 5249 nam
2460 5192 2763 5247 inimicitias
2795 5188 2931 5241 inter
2958 5196 3005 5238 te
3048 5192 3095 5236 et
3125 5180 3401 5237 mulierem,
3426 5151 3708 5249 quaecum“?

2309 5290 2399 5349 sit,
2430 5286 2524 5340 sed
2565 5300 2671 5338 non
2720 5283 2863 5334 inter
2891 5278 3039 5331 viros
3069 5294 3081 5329 :
3113 5286 3170 5329 ut
3200 5268 3404 5343 quando
3432 5264 3565 5331 ipsum
3585 5243 3709 5353 quit“:

2306 5381 2587 5435 Christum
2616 5375 2751 5431 dicit
2779 5390 2843 5426 ex
2870 5373 3065 5425 semine
3094 5368 3262 5423 David
3284 5348 3708 5450 semiudum-“wn

2306 5482 2362 5527 ct
2409 5470 2553 5541 quod
2587 5484 2761 5522 semen
2802 5465 3023 5519 Mra/ia:
3070 5431 3709 5561 αΡΡνεθίθηάίετῖθιξδῗῖἱῖ

2305 5530 2455 5622 esset
2475 5580 2541 5617 ex
2568 5561 2773 5616 semine
2798 5558 2925 5621 viri,
2955 5555 3048 5610 sed
3080 5571 3147 5609 ex
3175 5566 3329 5607 carne
3353 5535 3552 5600 mulieris
3569 5530 3707 5622 (le‘i‘fl

2305 5672 2527 5714 carnem
2578 5652 2910 5723 suscepisset
2960 5647 3306 5703 ineflahiliter
3342 5648 3389 5695 et
3432 5610 3693 5689 incompte”

707 5832 904 5890 “liam.
940 5849 1019 5893 ll],
1055 5834 1132 5888 li,
1216 5834 1230 5862 ι
1258 5832 1391 5886 ticu.
1423 5850 1468 5895 γ,
1496 5835 1583 5887 ες).
1664 5836 1679 5861 ³
1717 5835 1734 5891 l
1769 5836 1907 5892 Tim.
1950 5854 2005 5901 ιι,
2052 5839 2131 5894 li.

2279 5839 2428 5892 Rom.
2464 5834 2583 5899 1,5.
2664 5833 2680 5862 ⁷
2715 5829 2883 5888 Hebr.
2916 5846 2971 5893 ll,
3015 5830 3095 5886 l6.
