4080 6528
1154 290 1163 319 l

399 352 540 419 1017

1517 365 1599 424 IN
1638 368 2183 430 IIEXAESIERON.
2216 397 2282 406 -
2317 374 2460 432 LIB.
2501 376 2576 435 Χ.

395 464 647 518 sibiliter.
676 464 887 518 Etenim
915 480 1138 521 somnus
1168 469 1257 523 ille
1297 469 1485 523 Adami
1515 479 1569 524 et
1596 471 1824 525 exstasis
1855 488 1949 525 seu
1986 476 2034 531 Α
2064 476 2235 531 tulum
2280 480 2475 545 leonis,
2512 496 2611 535 nos
2637 482 2839 538 docens
2864 494 2918 539 et
2954 484 3154 539 tribum
3179 492 3233 540 et
3258 486 3439 542 locum
3481 492 3624 546 unde

393 570 651 610 excessus
674 556 940 625 ejusmodi
969 566 1025 610 ut
1052 558 1189 612 nihil
1212 559 1421 615 videret
1452 560 1504 613 in
1539 561 1783 631 ﬁngenda
1807 570 1956 615 costa

392 662 463 700 ex
505 662 572 700 eo
616 656 851 716 sumpta,
902 648 1055 717 prius
1089 649 1227 704 forte
1260 650 1605 705 describebat
1647 654 1823 707 omnis
1851 652 1953 725 viri

393 736 812 807 ignorationem,
849 746 902 792 et
933 755 962 793 a
1005 740 1117 795 Deo
1155 741 1335 796 Verbo
1375 753 1637 813 suscepta:
1670 743 1849 799 carnis
1876 743 1957 797 in-

392 832 929 901 comprehensibilita
939 842 1067 887 tem.

462 925 531 978 Et
565 925 695 979 dixit
738 941 963 995 serpens
1008 928 1244 982 mulieri.
1296 928 1554 984 Protinus
1600 928 1953 999 quaerendum

389 1023 475 1071 est
503 1015 556 1069 in
583 1016 698 1085 ipsa
722 1017 874 1071 arida
902 1018 1162 1083 dictione,
1192 1035 1427 1089 quanam
1453 1021 1520 1074 de
1547 1036 1730 1084 causa,
1757 1030 1955 1090 praeter

387 1108 570 1161 omnia
615 1108 912 1163 animantia
953 1118 1009 1164 et
1050 1111 1320 1175 volucres,
1367 1121 1677 1180 serpentem
1722 1111 1955 1181 appellat

388 1202 787 1266 adversarium,
851 1209 904 1255 et
959 1202 1218 1257 Ecclesia:
1264 1202 1678 1257 insidiatorem?
1727 1204 1796 1256 Et
1845 1202 1949 1257 dici

384 1301 569 1363 potest
610 1293 759 1363 quod
804 1294 988 1349 multae
1031 1294 1302 1364 serpentis
1350 1295 1713 1364 proprietates
1743 1294 1954 1348 assimi-

386 1384 574 1438 lantur
613 1385 817 1440 diaboli
849 1385 1362 1440 machinationibus.
1396 1387 1463 1440 Et
1504 1385 1738 1455 primum
1787 1387 1953 1441 totius

384 1478 508 1547 ejus
550 1479 793 1547 corporis
824 1478 1056 1549 dejectio
1087 1479 1141 1532 in
1178 1486 1396 1533 terram.
1432 1476 1621 1533 Omnis
1663 1478 1808 1531 enim
1852 1494 1953 1531 na-

390 1579 511 1625 tura
532 1571 974 1646 animatorumet
998 1570 1364 1624 inanimorum
1388 1568 1553 1623 habet
1576 1567 1781 1637 aliquid
1806 1567 1953 1636 quod

388 1677 606 1716 sursum
652 1662 850 1729 fertur,
886 1662 953 1716 ad
997 1668 1229 1731 superna
1260 1669 1468 1714 motum
1514 1659 1721 1713 habens
1750 1665 1806 1713 et
1853 1673 1952 1711 au-

388 1763 687 1824 gmentum,
726 1762 922 1824 prazter
966 1754 1140 1809 solum
1174 1762 1506 1824 serpentem.
1543 1752 1677 1806 Nam
1714 1750 1951 1820 idipsum

388 1847 534 1916 quod
578 1861 744 1916 super
777 1855 973 1901 terram
1008 1846 1274 1917 graditur,
1320 1845 1562 1900 ostendit
1601 1843 1747 1914 quod
1794 1859 1947 1897 suam

386 1939 755 2009 prudentiam,
809 1947 864 1995 et
920 1954 1014 1994 cor
1041 1954 1198 1994 suum
1240 1953 1341 1991 sua
1399 1946 1591 2007 sponte
1643 1936 1946 2000 conculcat,

383 2033 521 2086 nihil
552 2033 772 2102 penitus
801 2032 1075 2087 excelsum
1116 2040 1172 2086 et
1205 2032 1423 2086 cmleste
1465 2020 1825 2083 sentiens'aut
1859 2044 1951 2082 co-

383 2127 580 2197 gitans.
611 2125 973 2192 Quamobrem
999 2141 1139 2195 smpe
1175 2139 1326 2179 suam
1360 2123 1510 2178 exuit
1537 2122 1763 2176 formam
1808 2122 1950 2176 sicut

386 2233 611 2288 serpens
657 2218 807 2272 exuit
850 2217 1258 2287 transformatus
1310 2216 1364 2268 in
1413 2214 1658 2285 angelum
1734 2212 1859 2266 lucis
1905 2214 1947 2277 ⁸,

385 2317 646 2377 tanquam
689 2315 908 2362 mutans
954 2322 983 2359 a
1030 2305 1207 2375 prisca
1245 2304 1559 2375 prudentia.
1605 2304 1743 2359 Hinc
1783 2304 1948 2358 etiam

385 2413 659 2453 venenum
699 2398 1017 2453 lethilerum
1050 2413 1149 2467 per
1186 2412 1248 2451 os
1287 2404 1343 2450 et
1373 2396 1556 2450 inania
1590 2396 1817 2450 consilia
1849 2395 1951 2448 im-

386 2490 555 2545 mittit
589 2492 645 2545 in
690 2491 949 2557 animam,
996 2499 1051 2545 et
1096 2490 1221 2544 vita:
1280 2499 1650 2544 extremorum
1695 2490 1950 2544 observat

384 2581 722 2646 calcaneum,
761 2590 817 2637 et
853 2583 922 2637 ad
954 2582 1322 2636 insidiandum
1352 2581 1404 2635 in
1435 2581 1643 2635 semitis
1666 2581 1946 2635 hominum

385 2690 601 2745 semper
630 2674 828 2729 insidet
859 2683 919 2729 ut
952 2674 1213 2744 impediat
1247 2683 1468 2729 nostros
1495 2673 1562 2727 ad
1597 2674 1767 2728 Deum
1795 2689 1949 2743 gres-

386 2783 499 2822 sus.
538 2768 604 2821 Et
646 2767 769 2822 ideo
802 2767 985 2823 effecit
1028 2768 1173 2822 Deus
1215 2776 1275 2821 ut
1308 2774 1602 2821 venaretur
1626 2775 1681 2820 et
1711 2764 1948 2835 perime-

387 2869 542 2915 rctur
567 2860 873 2931 sapientum
906 2859 1364 2915 incantationibus
1388 2868 1443 2914 et
1472 2856 1747 2929 precibus.
1777 2858 1949 2912 Porro

384 2962 568 3009 autem
603 2954 746 3025 quod
802 2953 1022 3008 sibilant
1066 2961 1121 3007 et
1162 2962 1391 3007 evocant
1436 2968 1556 3022 qua:
1606 2951 1661 3006 in
1708 2967 1846 3021 aqua
1892 2960 1949 3005 et

384 3046 578 3116 spiritu
626 3046 922 3116 gignuntur
955 3045 1269 3109 animantia,
1320 3044 1575 3099 habentia
1622 3044 1849 3097 formam
1892 3052 1947 3097 et

386 3133 612 3204 ﬁguram
642 3136 931 3206 serpentis,
957 3135 1025 3189 ad
1057 3136 1493 3207 conjunctionem
1521 3144 1575 3190 et
1604 3135 1668 3188 ad
1701 3134 1904 3189 coitum
1930 3150 1944 3188 :

380 3227 677 3282 admodum
716 3229 962 3298 apposite
990 3226 1098 3282 dici
1128 3236 1307 3297 potest
1336 3226 1402 3282 de
1425 3226 1660 3297 maligno
1689 3227 1946 3282 dracone.

379 3319 500 3375 Non
526 3328 704 3389 potest
742 3320 889 3375 enim
919 3336 1013 3375 eos
1043 3335 1143 3374 suo
1181 3330 1299 3374 satu
1338 3318 1626 3389 impertiri,
1663 3320 1834 3375 donec
1865 3320 1949 3389 ip-

378 3425 471 3464 sos
490 3410 558 3465 ab
584 3426 723 3480 aqua
750 3419 804 3465 et
833 3411 1030 3481 spiritu
1055 3420 1331 3480 separatos
1353 3411 1407 3464 in
1432 3410 1638 3465 aridam
1675 3410 1945 3473 eduxerit,

378 3519 490 3557 non
516 3502 701 3557 valens
734 3501 849 3571 ipse
878 3503 1115 3573 seipsum
1154 3519 1295 3574 aqua
1318 3511 1374 3558 et
1400 3503 1596 3572 spiritu
1627 3502 1853 3573 tingere,
1890 3510 1949 3556 ut

378 3593 475 3663 qui
510 3592 579 3649 sit
604 3592 861 3647 inimicus
885 3602 939 3647 et
961 3593 1030 3647 ab
1051 3593 1131 3648 eis
1158 3594 1389 3647 alienus.
1422 3592 1481 3647 In
1514 3592 1735 3646 hortum
1763 3601 1946 3647 autem

378 3700 479 3740 seu
509 3684 835 3755 pomarium,
867 3684 1019 3751 dicit,
1052 3696 1316 3756 quantum
1351 3685 1471 3755 capi
1502 3692 1701 3755 potest,
1738 3684 1946 3755 ingres-

381 3793 502 3831 sum
537 3793 658 3832 esse
700 3777 983 3831 inimicum
1012 3777 1343 3832 bellaturum
1372 3776 1633 3830 adversus
1658 3776 1944 3829 mulierem

382 3885 505 3939 qua:
542 3870 764 3933 dicitur,
796 3869 949 3939 prius
993 3869 1331 3941 signiﬁcante
1366 3862 1647 3937 Scriptura
1702 3866 1845 3936 quod
1889 3867 1944 3921 in

383 3959 617 4015 hominis
644 3961 863 4014 hortum
891 3974 986 4015 seu
1014 3960 1321 4030 pomarium
1355 3959 1410 4013 in
1441 3958 1648 4012 ultimis
1682 3958 1943 4028 tempori-

380 4050 489 4105 bus
533 4050 848 4123 ingrediens
894 4050 1009 4121 ipse
1055 4052 1220 4106 draco
1268 4058 1514 4121 apostata
1561 4066 1657 4104 seu
1703 4050 1946 4104 delector

379 4153 638 4214 tanquam
655 4142 1029 4199 Antichristus
1052 4151 1107 4198 et
1128 4142 1331 4199 Christi
1355 4142 1720 4208 adversarius,
1742 4156 1839 4211 per
1868 4141 1945 4196 ci-

379 4238 513 4291 bum
553 4252 745 4291 rursus
772 4237 1009 4306 decipiet
1034 4236 1333 4291 Ecclesiam
1360 4235 1428 4289 ad
1459 4235 1563 4291 hoc
1596 4248 1657 4291 ut
1684 4236 1859 4304 ipsum
1889 4244 1945 4289 et

378 4343 489 4381 non
538 4327 711 4382 Deum
751 4326 944 4381 adoret
975 4335 1230 4395 tanquam
1276 4326 1468 4381 Deum.
1517 4326 1673 4393 Quod
1722 4326 1942 4396 quidem

375 4416 506 4470 fecit
530 4417 695 4470 etiam
729 4416 783 4469 in
810 4415 940 4480 Eva,
966 4426 1024 4468 ut
1050 4415 1306 4469 dixerunt
1329 4416 1422 4485 qui
1448 4416 1502 4469 in
1534 4415 1600 4470 iis
1632 4415 1795 4471 rebus
1815 4426 1944 4471 sum

375 4506 684 4563 exercitati.
708 4506 884 4573 Quod,
912 4506 1187 4576 inquiunt,
1216 4518 1341 4561 ante
1370 4507 1553 4561 omnia
1578 4508 1816 4562 comedit
1843 4509 1944 4562 Ec—

376 4599 565 4664 clesia,
598 4600 652 4653 in
680 4614 747 4655 eo
776 4608 902 4653 ante
926 4598 1107 4652 omnia
1134 4598 1379 4668 peccavit
1408 4598 1651 4653 Ecclesia
1684 4599 1773 4652 cui
1796 4598 1946 4652 dice-

376 4692 542 4747 batur
597 4691 664 4745 de
716 4700 970 4759 serpente
1016 4707 1029 4743 :
1078 4691 1198 4759 ipse
1266 4689 1581 4744 observabit
1631 4691 1943 4745 calcaneum

378 4794 556 4847 tuum,
591 4790 648 4837 et
679 4791 737 4836 tu
790 4782 1113 4837 observabis
1161 4783 1280 4853 ejus
1332 4792 1514 4852 caput.
1564 4781 1721 4848 Quod
1764 4791 1946 4837 autem

374 4877 619 4932 calcanei
659 4876 978 4931 observator
1008 4884 1064 4929 et
1106 4875 1348 4929 calcanei
1382 4884 1701 4944 persecutor
1733 4876 1803 4930 sit
1833 4877 1946 4931 An-

379 4968 689 5033 tichristus,
724 4968 840 5039 ipse
882 4984 983 5023 nos
1014 4967 1175 5022 docet
1199 4966 1375 5022 Moses
1400 4968 1455 5021 in
1486 4969 1591 5023 hoc
1617 4969 1737 5022 loco
1768 4967 1947 5049 Gene-

380 5059 479 5125 sis,
509 5058 746 5115 Leonem
775 5062 1056 5129 appellans
1075 5059 1356 5115 Christum
1390 5061 1443 5114 in
1472 5060 1948 5117 benedictionibus

377 5149 586 5205 Jacobi.
606 5149 794 5205 Catule
813 5150 995 5204 Leonis
1010 5151 1173 5214 Iuda,
1191 5167 1253 5205 ea:
1269 5153 1529 5222 germine,
1555 5150 1636 5218 ﬁli
1652 5153 1744 5215 mi,
1766 5168 1947 5205 ascen-

379 5240 505 5293 disti
532 5240 573 5305 ',
610 5248 667 5293 et
696 5256 817 5309 qua:
856 5239 1116 5310 deinceps
1148 5225 1473 5310 sequ-untur.
1511 5240 1570 5294 In
1604 5241 1945 5295 Deuterono-

380 5332 492 5384 mio
525 5339 707 5385 autem
744 5332 805 5395 ¹⁰,
842 5331 894 5384 in
936 5331 1415 5385 benedictionibus
1444 5331 1605 5387 Mosis
1640 5348 1776 5402 quas
1810 5349 1947 5402 pne-

380 5423 519 5479 dixit
541 5424 826 5479 duodecim
858 5424 1131 5489 tribubus,
1168 5434 1421 5494 tanquam
1449 5424 1650 5479 Christi
1687 5424 1945 5479 adversa-

382 5517 525 5570 rium
561 5517 913 5571 introducens
947 5516 1343 5571 Antichristum
1372 5517 1689 5586 prophetice
1724 5516 1944 5571 divinus

382 5608 578 5674 Moses,
610 5610 864 5664 similiter
886 5609 1050 5663 etiam
1081 5609 1257 5680 ipsum
1281 5608 1558 5664 Christum
1589 5610 1823 5681 appellat
1853 5628 1943 5663 ca-

454 5785 474 5817 ⁸
504 5785 544 5839 ll
578 5786 702 5841 Cor.
737 5804 807 5851 xl,
845 5788 926 5842 li.
1001 5789 1020 5817 τ’
1053 5786 1189 5844 Gen.
1235 5806 1375 5855 κως,
1410 5790 1462 5845 9.

1542 5793 1583 5825 ¹⁰
1632 5794 1795 5855 1101ηὸ
1825 5809 2007 5859 sunt,
2049 5794 2067 5847 l
2105 5807 2255 5861 seqq.

2056 577 2333 624 nascetur.
2380 569 2516 625 Cum
2548 581 2731 627 autem
2764 575 3005 629 venisset
3032 575 3098 628 ad
3134 576 3475 645 prophetiam
3522 581 3623 634 tri-

2054 658 2156 712 bus
2200 659 2333 725 Dan,
2370 661 2504 716 dicit
2534 681 2544 715 τ
2574 662 2793 718 Catulus
2839 665 2998 720 leonis
3043 665 3182 731 Dan,
3240 678 3288 720 et
3329 668 3527 721 exsiliet
3561 687 3625 724 ea:

2053 749 2231 805 Busan
2250 754 2311 806 ”.
2328 754 2498 807 Basan
2517 763 2698 810 autem
2716 757 2937 826 quidam
2964 759 3156 813 dicunt
3180 775 3297 815 esse
3322 760 3624 832 Scythopo—

2052 843 2169 909 lim,
2204 862 2325 915 qua:
2353 855 2435 901 est
2470 848 2774 917 propinqua
2808 849 3037 905 Calilaate
3067 869 3079 904 :
3109 852 3251 906 unde
3279 854 3444 907 etiam
3464 854 3624 909 Chri-

2053 945 2171 990 stus
2191 938 2459 1007 processit
2493 940 2791 994 secundum
2814 956 3056 998 carnem.
3083 943 3286 999 Locum
3318 955 3498 1001 autem
3523 948 3621 1003 tibi

2052 1044 2199 1084 nunc
2228 1031 2467 1085 ostendit
2492 1032 2813 1105 Antichristi
2848 1037 3177 1103 necessario,
3210 1039 3482 1094 undenam
3521 1040 3620 1095 ha-

2053 1118 2179 1175 beat
2227 1122 2432 1176 exitum
2478 1133 2534 1177 et
2577 1134 2785 1179 motum
2816 1143 2828 1178 :
2858 1127 3301 1198 quandoquidem
3347 1141 3472 1187 ante
3504 1134 3621 1203 ejus

2054 1212 2345 1268 adventum
2368 1216 2485 1284 ejus
2508 1215 2760 1286 deceptio
2786 1219 2988 1272 multos
3012 1220 3261 1276 homines
3285 1224 3621 1292 prmveniens

2052 1302 2289 1373 decepit,
2325 1305 2571 1360 dicentes
2605 1307 2751 1376 quod
2800 1324 2867 1361 ex
2911 1309 3149 1378 quodam
3181 1327 3316 1381 pago
3348 1313 3619 1368 Lcnchusi

2052 1406 2311 1450 nascetur
2340 1398 2729 1454 Antichristus.
2761 1400 2859 1454 llic
2890 1410 3071 1455 autem
3100 1402 3201 1456 fuit
3241 1412 3389 1458 astus
3415 1415 3469 1459 et
3502 1423 3619 1459 ma-

2052 1485 2213 1542 china
2242 1486 2463 1551 diaboli,
2493 1498 2552 1541 ut
2581 1488 2831 1542 homines
2872 1489 3019 1544 hunc
3050 1506 3115 1544 ex
3152 1489 3382 1562 Egypto
3422 1508 3618 1563 exspe-

2051 1586 2261 1630 ctantes
2301 1577 2528 1631 credant
2555 1586 2610 1632 ct
2653 1580 2927 1648 excipiant
2972 1580 3124 1634 illum
3153 1583 3243 1651 qui
3276 1584 3519 1639 nascitur
3553 1602 3619 1639 ex

2051 1665 2287 1730 Galilara,
2335 1682 2458 1721 eum
2514 1676 2771 1737 tanquam
2822 1670 3099 1725 Christum
3158 1672 3469 1737 adorantes,
3523 1675 3618 1743 qui

2051 1759 2211 1828 plane
2240 1768 2324 1813 est
2348 1761 2543 1829 planus
2567 1769 2621 1814 et
2646 1760 3037 1817 Antichristus.
3074 1763 3263 1817 Restat
3285 1779 3417 1833 ergo
3440 1772 3499 1818 ut
3519 1781 3619 1820 nos

2052 1866 2116 1904 ex
2148 1850 2335 1905 Jacobi
2384 1867 2603 1921 quoque
2642 1854 3089 1921 praedictionibus
3134 1866 3499 1919 congruenter
3525 1873 3616 1913 os-

2054 1941 2360 2005 tendamus,
2389 1959 2454 1996 ex
2489 1943 2635 1996 tribu
2669 1944 2783 1997 Dan
2814 1944 3113 2013 procedere
3142 1944 3537 2000 Antichristum
3562 1957 3618 2001 et

2054 2044 2363 2104 serpentem
2415 2036 2755 2091 mordentem
2821 2038 3135 2091 calcaneum
3190 2039 3347 2107 equi,
3399 2039 3493 2108 qui
3544 2038 3618 2095 ita

2055 2128 2357 2197 appellatur
2384 2137 2441 2181 ut
2467 2128 2561 2197 qui
2590 2144 2735 2181 nunc
2777 2128 2832 2181 in
2876 2129 3125 2198 paradiso
3160 2131 3320 2185 nobis
3354 2132 3617 2201 proponi-

2058 2228 2164 2274 tur.
2214 2220 2528 2274 Patriarcha
2568 2221 2715 2274 enim
2765 2236 2888 2275 cum
2945 2220 3164 2275 Christo
3209 2222 3488 2276 disserens
3540 2221 3619 2276 sic

2054 2312 2187 2367 dicit
2233 2313 2301 2367 de
2345 2313 2459 2366 Dan
2495 2330 2507 2365 :
2540 2311 2659 2365 Dan
2694 2313 2955 2383 judicabit
2987 2314 3237 2384 populum
3286 2330 3435 2367 suum
3485 2315 3621 2367 sicut

2054 2419 2161 2455 una
2185 2403 2346 2456 tribus
2371 2403 2425 2455 in
2456 2401 2648 2465 Israel,
2674 2411 2721 2454 et
2746 2402 2836 2470 ﬁet
2867 2403 2981 2456 Dan
3006 2420 3216 2473 serpens
3244 2405 3295 2457 in
3324 2406 3408 2457 via
3436 2406 3619 2468 sedens

2052 2497 2106 2549 in
2152 2496 2338 2550 semita
2383 2495 2622 2548 mordens
2668 2493 2973 2547 calcaneum
3018 2497 3154 2565 equi,
3187 2505 3235 2549 et
3278 2512 3428 2566 eques
3471 2498 3619 2551 cadet

2055 2598 2192 2641 retro
2247 2596 2547 2658 exspectans
2596 2586 2819 2641 salutem
2886 2586 3095 2640 Domini
3145 2588 3208 2640 η.
3261 2587 3399 2641 Ecce
3450 2587 3619 2641 habes

2055 2690 2239 2749 aperte
2269 2689 2577 2748 serpentem
2628 2687 2683 2733 et
2729 2679 3215 2733 calcaneum'sumi
3247 2679 3314 2733 de
3343 2679 3620 2733 Antichri~

2055 2781 2160 2831 sto.
2192 2778 2245 2825 et
2271 2769 2561 2825 ostendere
2610 2769 2708 2822 tibi
2737 2784 2921 2824 casum
2956 2785 3146 2824 eorum
3174 2768 3266 2839 qui
3296 2768 3621 2823 mordentur

2054 2862 2122 2916 ab
2156 2863 2271 2932 ipso
2305 2879 2317 2914 :
2354 2877 2451 2931 per
2480 2876 2642 2930 quem
2696 2860 2902 2929 primos
2941 2875 3158 2929 quoque
3200 2866 3470 2929 parentes,
3503 2859 3616 2912 Dan

2054 2954 2280 3009 deduxit
2311 2953 2377 3008 ad
2426 2953 2788 3022 impietatem.
2818 2952 2952 3007 Nam
2986 2952 3201 3007 etiamsi
3229 2952 3618 3006 convenienter

2054 3046 2156 3116 ipsi
2191 3044 2419 3100 dictioni
2466 3044 2579 3097 haec
2631 3043 2769 3096 facta
2821 3050 3026 3106 essent,
3078 3042 3131 3095 in
3184 3041 3437 3111 paradiso
3469 3043 3620 3095 visus

2052 3149 2197 3195 esset
2229 3139 2373 3193 Deus
2400 3138 2607 3191 Adamo
2640 3147 2695 3191 et
2723 3135 2939 3190 mulieri
2976 3135 3031 3188 in
3072 3133 3264 3204 ﬁgura,
3294 3143 3349 3189 et
3385 3149 3507 3187 cum
3539 3133 3623 3188 eis

2052 3230 2432 3293 disseruisset,
2478 3227 2573 3283 sed
2604 3236 2664 3281 ut
2707 3228 2799 3297 qui
2834 3242 2942 3280 non
2974 3236 3199 3295 possent
3225 3226 3402 3295 ipsum
3433 3224 3620 3278 videre

2050 3322 2346 3392 Opiﬁcem;
2378 3321 2509 3375 hinc
2543 3329 2767 3389 accepta
2801 3318 3087 3373 occasione
3108 3317 3378 3387 malignus
3407 3316 3617 3369 dznmon

2050 3415 2268 3485 decepit
2298 3414 2583 3468 mulierem
2614 3412 2664 3467 ei
2697 3427 2994 3481 suggerens
3018 3412 3189 3464 Deum
3222 3424 3343 3463 esse
3372 3407 3619 3478 ejusdem

2050 3508 2263 3580 generis
2298 3516 2353 3562 et
2385 3506 2627 3577 ejusdem
2658 3505 2819 3558 simul
2845 3503 3092 3557 essentia:
3119 3503 3273 3572 cujus
3300 3502 3416 3571 ipsa
3449 3508 3616 3564 esset,

2050 3600 2443 3656 convenienter
2478 3597 2667 3652 forma:
2713 3607 2769 3651 et
2804 3596 2989 3668 ﬁgurae
3019 3611 3181 3665 quam
3228 3594 3343 3665 ipsa
3374 3593 3614 3648 videbat.

2117 3690 2185 3745 Et
2217 3688 2340 3743 ideo
2371 3688 2503 3742 dicit
2532 3688 2583 3741 ei
2612 3705 2625 3740 :
2659 3685 2817 3751 Quid,
2856 3685 2993 3757 quod
3037 3686 3170 3739 dixit
3198 3684 3340 3738 Deus
3370 3702 3387 3738 :
3414 3683 3491 3737 Ne
3534 3699 3621 3736 co.

2049 3782 2267 3835 medutis
2292 3797 2355 3834 ea:
2378 3781 2519 3833 omni
2545 3779 2682 3849 ligno
2706 3779 2844 3849 quod
2872 3788 2944 3832 est
2967 3780 3019 3832 in
3055 3778 3345 3849 paradiso?
3370 3776 3507 3831 Hinc
3529 3786 3614 3830 est

2046 3872 2399 3943 perspicuum
2430 3871 2575 3941 quod
2611 3881 2737 3925 ante
2769 3885 2985 3923 omnem
3029 3885 3207 3934 esum,
3246 3869 3361 3923 haec
3393 3883 3622 3937 serpens

2045 3963 2373 4033 loquebatur
2402 3977 2527 4016 cum
2561 3960 2807 4014 muliere.
2836 3958 2951 4012 lloc
2980 3968 3084 4019 est,
3114 3974 3237 4012 cum
3262 3959 3447 4029 jejuna
3472 3966 3619 4013 esset

2047 4056 2287 4112 Ecclesia
2321 4055 2390 4109 ab
2431 4053 2580 4107 omni
2611 4061 2838 4123 peccato
2885 4061 2941 4107 et
2973 4051 3281 4105 idololatria
3311 4069 3324 4104 :
3356 4066 3479 4104 cum
3510 4067 3618 4121 qua

2049 4158 2304 4219 tanquam
2357 4162 2482 4201 cum
2524 4146 2753 4200 muliere
2806 4146 2986 4214 aliqua
3038 4146 3093 4199 in
3144 4143 3300 4199 initio
3345 4144 3619 4215 malignus

2047 4254 2275 4309 serpens
2302 4246 2357 4292 et
2385 4236 2551 4291 draco
2579 4236 2826 4290 delector
2856 4236 3041 4289 dolose
3075 4233 3352 4288 disserens
3376 4242 3432 4287 et
3452 4234 3620 4287 collo-

2046 4348 2239 4403 quens,
2274 4341 2330 4385 et
2359 4330 2426 4384 ad
2471 4328 2699 4399 impium
2732 4328 2934 4383 multos
2970 4326 3104 4382 deos
3129 4325 3343 4380 colendi
3371 4340 3618 4379 errorem

2045 4428 2234 4481 volens
2258 4425 2540 4490 seducere,
2567 4423 2782 4480 dicebat
2806 4423 3033 4494 quinam
3058 4422 3168 4476 sint
3192 4420 3227 4474 ii
3252 4420 3345 4489 qui
3372 4419 3427 4472 in
3458 4418 3617 4473 initio

2050 4521 2226 4591 ipsum
2257 4518 2457 4572 malum
2490 4517 2789 4572 daemonem
2834 4515 3151 4575 adorarunt,
3187 4522 3242 4566 et
3270 4512 3440 4565 Deum
3487 4511 3617 4564 reli-

2045 4619 2303 4682 querunt.
2331 4608 2471 4676 Quid
2500 4608 2647 4679 quod
2677 4607 2813 4661 dixit
2838 4607 2993 4661 vobis
3031 4606 3174 4659 Deus
3206 4619 3274 4658 ne
3318 4603 3619 4675 comedatis

2041 4718 2108 4759 ex
2150 4701 2297 4755 omni
2331 4701 2477 4771 ligno
2510 4698 2653 4770 quod
2682 4707 2768 4753 est
2798 4697 2852 4751 in
2886 4696 3180 4766 paradiso?
3224 4695 3335 4748 lloc
3384 4702 3469 4747 est
3497 4710 3510 4745 :
3538 4693 3615 4747 Ne

2044 4793 2284 4849 adoretis
2309 4807 2499 4847 omnes
2527 4800 2809 4846 creaturas
2838 4798 2892 4843 et
2922 4804 3031 4851 me,
3063 4786 3158 4841 sed
3192 4787 3241 4840 ei
3289 4786 3389 4840 soli
3428 4795 3615 4839 osten-

2045 4884 2188 4939 datis
2219 4884 2597 4939 adorationem
2628 4891 2686 4936 et
2722 4881 2950 4935 cultum.

2118 4975 2325 5031 Deinde
2370 4989 2494 5028 cum
2531 4972 2761 5026 dixisset
2804 4969 3010 5024 mulier
3054 4986 3069 5021 :
3112 4966 3189 5021 De
3232 4969 3375 5021 omni
3411 4966 3617 5036 quidem

2048 5065 2188 5133 ligno
2217 5065 2354 5135 quod
2382 5075 2457 5117 est
2484 5064 2538 5116 in
2574 5062 2828 5130 paradiso
2862 5060 3199 5123 comedimus,
3224 5060 3287 5113 de
3316 5061 3489 5129 fructu
3516 5076 3616 5112 au-

2050 5170 2152 5211 tem
2188 5158 2315 5227 ligni
2353 5156 2483 5209 dixit
2518 5153 2651 5207 Deus
2679 5170 2742 5206 ne
2781 5155 3052 5214 comeaite,
3096 5168 3260 5221 neque
3290 5153 3461 5221 ipsum
3492 5159 3617 5204 tan-

2045 5250 2149 5318 gite
2174 5265 2237 5301 ne
2261 5246 2582 5307 moriemini,
2612 5244 2888 5314 quomodo
2920 5245 3188 5314 malignus
3219 5243 3309 5297 ille
3348 5254 3434 5296 est
3473 5258 3620 5295 mor-

2049 5349 2192 5391 tuus.
2223 5336 2302 5390 Ad
2351 5336 2466 5390 haec
2511 5333 2805 5403 respondet
2848 5333 3078 5387 callidus
3111 5348 3333 5403 serpens
3374 5332 3563 5386 dicens
3597 5347 3614 5362 ο

2046 5428 2209 5496 912
2242 5426 2408 5480 Morte
2452 5442 2554 5478 non
2588 5423 2902 5485 moriemini,
2930 5423 3122 5477 sciebat
3167 5422 3313 5478 enim
3344 5421 3481 5477 Deus
3511 5437 3617 5490 quo

2048 5519 2130 5571 die
2152 5534 2215 5570 ea:
2244 5534 2301 5570 eo
2325 5516 2671 5579 comederitis,
2700 5522 2755 5569 et
2789 5530 2873 5569 mc
2902 5514 3284 5579 adoraveritis,
3309 5516 3615 5584 aperientur

2046 5610 2203 5662 vestri
2235 5607 2371 5662 oculi
2396 5624 2491 5679 per
2524 5623 2630 5672 me,
2658 5616 2705 5660 et
2732 5607 2877 5660 eritis
2904 5614 3156 5677 tanquam
3188 5606 3281 5672 dii,
3313 5608 3456 5661 sicut
3490 5620 3614 5659 sum

2337 5792 2373 5822 “
2410 5789 2541 5844 ibid.
2577 5788 2667 5844 22.
2744 5790 2784 5822 ¹’
2809 5789 2947 5845 Gen.
2976 5804 3116 5855 sur,
3153 5787 3335 5845 16-18.

3492 380 3625 446 1018
3697 406 3701 410 λ
