3792 6534
543 381 683 456 1019

533 511 673 571 ego,
720 512 1076 574 cognoscentes
1122 504 1312 560 bonum
1369 517 1416 561 et
1460 510 1680 566 malum.
1733 513 1949 568 Audis:
1986 515 2103 570 Non

533 593 679 648 .dixit
709 594 958 649 diabolus
990 614 1002 648 :
1030 595 1194 662 Eritis
1228 599 1362 653 sicut
1394 600 1552 667 Deus,
1587 604 1683 658 sed
1711 606 1845 659 sicut
1877 608 1973 672 dii,
2007 623 2104 663 eos

533 684 745 740 docens
782 695 837 741 et
871 686 1138 742 inducens
1183 689 1248 742 ad
1295 706 1541 747 errorem
1591 696 1772 752 cultus
1805 699 2104 754 multorum

538 778 786 841 deorum.
840 777 995 835 Unde
1042 781 1205 835 etiam
1254 783 1333 838 eis
1374 784 1544 840 Deum
1594 798 1815 844 accusat
1862 793 2101 850 invidiae.

536 867 741 931 Vobis,
780 869 976 939 inquit,
1021 870 1262 942 invidet,
1301 891 1368 929 ne
1413 892 1511 931 vos
1551 894 1769 950 quoque
1791 881 2102 946 eﬂiciamini

537 957 677 1011 sicut
706 957 840 1027 ipse,
877 958 950 1023 dii
997 975 1388 1031 cognoscentes
1419 969 1600 1029 omnia
1629 987 1642 1023 :
1675 980 1730 1026 et
1773 973 1896 1029 ideo
1938 977 2105 1046 jussit

535 1049 693 1105 vobis
723 1065 792 1104 ne
815 1052 1120 1115 comedatis
1148 1054 1216 1108 de
1250 1056 1364 1134 ipso
1407 1057 1588 1114 fructu
1626 1077 1768 1128 meo,
1800 1081 1978 1135 neque
2016 1085 2102 1124 me

535 1141 791 1210 tangatis,
820 1158 998 1212 neque
1041 1161 1126 1200 me
1158 1146 1419 1204 adoretis.
1450 1150 1512 1204 Ei
1549 1153 1697 1212 enim
1731 1157 1826 1226 qui
1861 1175 1948 1213 me
1972 1161 2104 1215 ado-

538 1242 641 1295 rat,
671 1232 736 1286 de
760 1234 1069 1302 cognitione
1101 1236 1370 1293 bonorum
1392 1251 1450 1300 et
1473 1245 1741 1300 malorum
1786 1249 1856 1303 do
1886 1253 2103 1321 sapien-

536 1325 668 1379 tiam
702 1325 1035 1392 int‘eriorem,
1071 1333 1441 1403 astrologiam,
1487 1335 1900 1406 divinationem,
1937 1360 2103 1399 vene-

536 1413 742 1480 ﬁcium,
783 1418 1185 1486 praedictiones,
1218 1427 1693 1495 prmcognitiones,
1722 1433 2101 1506 prodigiorum

531 1506 872 1572 cll‘cctiones,
911 1510 1326 1579 incantationes,
1372 1517 1674 1584 bestiarum
1707 1524 2096 1595 obedientiam,

533 1600 818 1664 volucrum
870 1603 1263 1671 ministerium,
1314 1609 1693 1678 jumentorum
1750 1618 2102 1676 transforma-

534 1692 733 1756 tiones,
767 1709 950 1755 rerum
998 1695 1313 1762 sublimium
1348 1704 1732 1770 scrutationes,
1768 1706 1909 1777 ignis
1953 1710 2099 1781 deje-

531 1783 789 1846 ctionem,
819 1785 1129 1860 pedestrem
1181 1807 1426 1860 gressum
1469 1810 1634 1864 super
1679 1814 1868 1866 aquas,
1917 1801 2094 1872 abyssi

531 1875 1049 1947 considerationem,
1083 1893 1398 1951 serpentum
1439 1885 1938 1959 interemptionem,
1975 1895 2095 1950 the-

531 1976 818 2016 saurorum
846 1966 1256 2024 revelationem.
1292 1973 1387 2027 llis
1414 1984 1468 2027 et
1492 1977 1760 2045 ejusmodi
1788 1982 1912 2036 aliis
1937 1984 2097 2039 innu-

531 2041 888 2110 merabilibus
931 2061 1392 2127 promissionibus
1426 2081 1549 2131 cum
1597 2071 1860 2128 molestus
1903 2074 2097 2131 fuisset

532 2144 752 2199 mulieri
789 2148 929 2216 (quae
975 2150 1307 2224 dicebatur),
1331 2173 1526 2227 nempe
1575 2172 1782 2226 natura;
1820 2166 2090 2233 humanae,

527 2236 831 2294 sceleratus
864 2255 1128 2310 serpens:
1156 2246 1405 2314 plurimis
1447 2252 1606 2306 annis
1650 2255 1701 2308 ei
1733 2261 2005 2324 persuasit
2040 2270 2096 2316 et

529 2325 811 2384 inclinavit
841 2340 901 2384 ut
935 2347 964 2385 a
1003 2334 1113 2388 Deo
1142 2336 1400 2394 deficeret
1427 2350 1482 2396 et
1506 2343 1683 2412 ipsum
1711 2349 1938 2407 coleret.
1967 2352 2094 2415 ldeo

526 2416 662 2471 dicit
689 2437 702 2472 :
729 2419 797 2474 Et
825 2424 948 2476 vidit
984 2427 1174 2481 mulier
1204 2431 1342 2500 quod
1371 2432 1561 2488 bonum
1604 2446 1733 2491 esset
1778 2439 1980 2511 lignum
2026 2447 2096 2499 ad

523 2510 914 2578 comedendum.
944 2515 1121 2585 Quare
1151 2531 1368 2590 apertos
1399 2525 1588 2581 habuit
1617 2531 1824 2596 oculos,
1854 2543 1909 2588 et
1944 2551 2096 2591 ama-

523 2601 606 2661 vit
637 2603 818 2671 cibum
854 2623 947 2662 seu
994 2621 1232 2680 gustum,
1265 2616 1410 2684 quod
1444 2617 1648 2674 bonum
1698 2634 1843 2678 esset
1884 2627 2090 2697 lignum

523 2695 592 2750 ad
618 2698 1011 2759 comedendum
1044 2721 1060 2770 ς
1091 2708 1269 2762 omnis
1297 2710 1444 2764 enim
1472 2711 1632 2767 cibus
1665 2719 2013 2786 cognoscitur
2035 2728 2092 2775 et

524 2788 794 2855 probatur
847 2807 943 2858 per
989 2805 1228 2864 gustum.
1281 2799 1644 2871 Quamobrem
1698 2805 1827 2861 hinc
1871 2823 2090 2879 quoque

525 2894 714 2944 tursus
738 2882 1060 2939 refelluntur
1082 2889 1174 2956 qui
1199 2891 1508 2947 existimant
1542 2896 1656 2952 lucc
1689 2898 1794 2954 dici
1823 2902 1996 2954 solum
2023 2903 2090 2956 ad

525 2967 763 3023 litteram
793 2989 804 3024 :
834 2972 901 3025 Et
933 2974 1056 3032 vidit
1092 2979 1281 3032 mulier
1314 2987 1448 3044 quod
1485 2987 1678 3042 bonum
1717 3002 1846 3045 esset
1890 2992 2090 3062 lignum

531 3059 599 3114 ad
619 3063 1006 3131 comedendum,
1042 3077 1093 3129 et
1111 3071 1403 3138 jucundum
1432 3079 1592 3132 oculis
1623 3083 1691 3134 ad
1719 3086 2014 3152 videndum,
2042 3097 2092 3142 et

526 3151 801 3220 pulchrum
852 3157 920 3210 ad
961 3162 1418 3221 considerandum.
1455 3171 1586 3225 Nam
1619 3177 1762 3243 quod
1796 3177 1861 3232 ad
1896 3194 2090 3250 corpo-

523 3244 691 3298 ralem
726 3248 944 3314 quidem
981 3252 1273 3310 dictionem
1308 3261 1504 3316 attinet
1531 3280 1651 3334 quaa
1689 3278 1772 3323 est
1801 3272 1856 3325 in
1901 3288 2085 3341 prom-

522 3344 640 3404 ptu,
700 3339 876 3392 visum
923 3351 1006 3396 est
1055 3347 1379 3414 quihusdam
1432 3353 1614 3411 dicere
1663 3361 1807 3428 quod
1856 3363 2084 3420 formam

521 3427 813 3492 quamdam
841 3447 1003 3500 supra
1035 3437 1251 3492 modum
1281 3442 1619 3510 splendidam
1649 3427 1703 3504 et
1726 3460 1947 3521 stupore
1975 3457 2088 3525 ple-

521 3531 646 3570 nam
684 3521 897 3576 mulieri
932 3523 1194 3584 indicavit
1234 3535 1501 3604 malignus
1543 3543 1761 3609 quando
1793 3562 1912 3600 eam
1953 3550 2086 3603 allo-

519 3609 813 3675 qucbatur,
849 3618 1077 3684 seipsth
1129 3623 1514 3693 transﬁgurans
1559 3631 1611 3682 in
1657 3634 1901 3701 angelum
1935 3637 2083 3702 lucis,

522 3706 582 3751 ut
613 3700 744 3754 dicit
771 3703 1061 3772 Apostolus
1098 3712 1158 3775 ¹³,
1193 3716 1416 3782 perinde
1451 3734 1514 3773 ac
1539 3720 1583 3775 si
1621 3700 1829 3780 diceret
1857 3745 1870 3779 τ
1897 3729 1954 3787 In
1985 3700 2086 3786 hac

521 3787 695 3843 forma
728 3802 782 3845 et
814 3795 984 3864 gloria
1013 3800 1164 3854 eritis
1195 3804 1336 3858 sicut
1367 3805 1465 3873 dii,
1495 3809 1540 3862 si
1589 3809 1799 3868 fructus
1831 3817 1935 3871 mei
1964 3818 2085 3874 fue-

523 3879 646 3934 ritis
675 3886 986 3956 participes.
1021 3891 1086 3945 Et
1115 3893 1213 3947 hac
1238 3895 1305 3950 de
1333 3913 1515 3965 causa,
1547 3902 1744 3974 inquit,
1770 3907 1977 3964 dictum
2003 3921 2086 3966 est

523 3969 655 4024 illud
703 3992 715 4027 :
765 3975 833 4030 Et
879 3981 1004 4038 vidit
1038 3985 1223 4052 mulier
1267 3987 1461 4056 lignum
1510 3969 1646 4063 quod
1681 3998 1974 4066 jucundum
2010 4012 2084 4056 est

520 4063 681 4118 oculis
713 4067 782 4118 ad
813 4071 1106 4136 videndum,
1141 4085 1189 4127 et
1215 4079 1486 4146 pulchrum
1518 4086 1587 4138 ad
1616 4090 2084 4161 considerandum;

485 4215 487 4217 ι
516 4165 586 4203 an
622 4163 802 4208 autem
839 4157 951 4214 haec
982 4162 1054 4215 ita
1088 4164 1342 4230 habeant,
1377 4188 1484 4229 non
1515 4174 1689 4230 habeo
1716 4180 1845 4248 quid
1884 4182 2081 4239 dicam.

521 4241 592 4297 Et
617 4248 877 4315 accipiens
906 4253 968 4303 de
1000 4254 1172 4322 fructu
1201 4260 1371 4328 ipsum
1406 4268 1642 4331 comedit,
1670 4278 1720 4322 et
1755 4272 1893 4326 dedit
1923 4279 2084 4331 etiam

519 4336 632 4388 uiro
676 4355 792 4401 suo,
823 4349 867 4393 et
908 4347 1147 4402 comedit.
1197 4349 1359 4420 Atqui
1407 4359 1649 4413 nondum
1685 4373 1802 4418 erat
1831 4368 1912 4420 vir
1939 4369 2079 4438 ejus,

518 4443 698 4499 neque
727 4431 840 4501 ipsa
867 4437 985 4505 ejus
1008 4440 1221 4496 mulier.
1243 4443 1353 4498 Cur
1378 4458 1558 4503 autem
1587 4468 1694 4509 non
1727 4457 1887 4512 ambo
1917 4460 2078 4518 simul

514 4521 896 4588 comederunt,
930 4527 1025 4581 sed
1069 4531 1265 4594 mulier
1296 4536 1531 4604 primum
1559 4559 1572 4594 :
1603 4543 1800 4608 deinde
1830 4549 1914 4602 vir
1956 4567 2078 4607 cum

518 4611 587 4666 ab
617 4629 680 4668 ea
710 4618 1028 4686 accepisset.
1063 4633 1116 4678 et
1161 4641 1266 4679 non
1301 4631 1646 4698 contradixit,
1681 4653 1858 4708 neque
1899 4644 2088 4702 excla-

519 4707 706 4768 mavit,
739 4725 914 4779 neque
946 4715 1168 4771 omnino
1213 4719 1266 4773 in
1317 4736 1435 4776 eam
1485 4725 1802 4795 infremuit,
1853 4742 1912 4789 ut
1960 4753 2081 4807 quae

517 4811 627 4850 non
673 4801 975 4860 obediisset
1003 4809 1255 4866 mandato
1287 4812 1419 4869 Dei?
1447 4815 1570 4874 llaec
1605 4835 1737 4893 ergo
1767 4824 1871 4881 hoc
1917 4829 2080 4885 modo

518 4903 579 4942 se
610 4890 832 4947 habent.

587 4981 854 5040 Convenit
895 5004 1024 5060 ergo
1052 4996 1320 5068 malignus
1356 4999 1566 5058 daemon
1601 5005 1838 5074 primum
1887 5009 2077 5066 Eccle-

519 5069 656 5124 siam
689 5091 700 5126 :
730 5078 973 5134 molestia
1002 5083 1202 5151 alfecit,
1249 5093 1538 5158 persuasit,
1585 5069 1818 5165 decepit,
1867 5101 2078 5168 accepit

519 5172 575 5216 et
616 5169 1029 5234 comprehcndit
1062 5174 1293 5233 fructum
1338 5184 1463 5238 mali
1495 5201 1640 5251 esus,
1672 5189 1924 5245 adoravit
1956 5209 2073 5248 ma-

519 5249 725 5320 lignum
775 5263 1029 5327 tanquam
1079 5264 1280 5332 Deum;
1316 5269 1512 5327 deinde
1558 5291 1681 5330 cum
1730 5281 2077 5348 comedisset,

520 5361 740 5403 reversa
770 5359 852 5404 est
897 5354 964 5407 ad
1011 5357 1206 5426 virum,
1243 5364 1450 5422 dimisit
1492 5383 1820 5441 serpentem.
1851 5374 1986 5431 Cum
2013 5395 2078 5433 ea

515 5453 649 5509 ergo
678 5451 825 5498 recte
855 5455 1000 5500 esset
1046 5464 1260 5509 reversa
1307 5457 1375 5511 ad
1416 5476 1542 5514 eum
1582 5479 1744 5532 quem
1776 5469 1915 5523 male
1945 5471 2077 5524 reli-

513 5540 734 5599 querat,
769 5535 852 5588 vir
881 5551 998 5590 eam
1041 5545 1253 5612 excepit
1302 5563 1461 5616 quam
1506 5552 1661 5608 valde
1692 5559 1988 5625 quaerebat,
2021 5570 2079 5616 et

515 5631 772 5692 tanquam
796 5628 1074 5699 prodigam
1099 5637 1462 5706 excepit.Non
1485 5650 1568 5697 est
1584 5659 1935 5717 conquestus,
1961 5670 2074 5709 non

591 5803 634 5838 ³³
659 5807 702 5868 ΙΙ
728 5807 855 5866 Cor.
888 5829 960 5879 χι,
992 5813 1071 5872 ll.

1153 5818 1193 5851 "
1222 5818 1385 5878 llebr.
1418 5840 1475 5894 ιι,
1508 5827 1561 5884 9.
1641 5829 1682 5862 "
1709 5829 1877 5889 Marc.
1911 5849 1948 5901 ι,
1983 5835 2064 5891 l3.

1743 397 1804 457 S.
1842 399 2238 460 ANASTASII
2277 403 2600 466 SINAITAB

3585 412 3684 475 1020

2133 523 2178 576 Α
2207 518 2530 589 increpavit,
2563 537 2671 576 non
2717 523 3090 594 exprobravit,
3120 539 3232 581 non
3267 525 3568 582 contumelia
3595 529 3688 584 ale-

2209 612 2306 675 eit,
2333 629 2444 667 non
2470 614 2668 684 repulit
2695 633 2708 669 :
2738 617 2832 671 sed
2856 633 2981 672 cum
3011 619 3081 673 ab
3101 635 3186 681 ea,
3213 619 3301 673 vel
3331 618 3498 688 potius
3519 636 3596 687 pro
3613 623 3689 690 ipsa

2209 705 2510 774 accepisset
2537 707 2777 762 fructum
2821 710 2975 780 ligni,
3005 724 3259 780 prompto
3286 720 3342 764 et
3380 710 3532 767 alacri
3562 714 3690 769 animo

2208 811 2333 850 eum
2351 798 2609 867 gustavit.
2628 800 2886 854 Fructum
2904 802 3037 871 ligni
3057 801 3301 872 intellige
3320 811 3535 856 mortem
3548 802 3687 858 Christi

2209 887 2263 941 in
2295 904 2459 944 cruce
2500 907 2513 943 :
2548 906 2709 960 quam
2743 908 2840 961 pro
2872 893 3137 957 Ecclesia.
3173 902 3428 964 tanquam
3455 909 3542 963 pro
3577 911 3688 950 more

2208 994 2304 1032 sua
2337 981 2406 1034 ab
2445 981 2560 1050 ipsa
2595 984 2825 1054 accepit,
2856 993 2911 1038 et
2943 985 3128 1040 triduo
3155 986 3411 1056 gustavit,
3437 994 3494 1040 ut
3520 1001 3598 1054 pro
3614 1003 3690 1040 om-

2208 1073 2370 1128 nibus
2398 1083 2642 1144 gustaret
2678 1087 2935 1142 mortem,
2963 1089 3332 1149 congruenter
3362 1079 3476 1133 voci
3512 1078 3687 1133 Pauli".

2207 1163 2379 1231 Quam
2410 1167 2631 1236 quidem
2675 1178 2906 1224 mortem
2937 1179 2992 1226 et
3021 1171 3203 1226 cibum
3235 1172 3399 1229 tacite
3428 1170 3690 1240 signiﬁcabat

2207 1255 2338 1309 illud
2368 1266 2582 1314 acetum
2613 1267 2669 1313 et
2693 1259 2762 1313 fel
2791 1260 2935 1329 quod
2971 1261 3025 1315 in
3050 1261 3212 1316 horto
3247 1271 3302 1316 et
3334 1260 3476 1328 ligno
3497 1259 3689 1330 Colgotln

2205 1349 2443 1410 gustavit
2473 1349 2564 1418 qui
2613 1349 2668 1404 in
2701 1352 2956 1407 omnibus
2998 1352 3067 1406 ad
3114 1353 3523 1408 similitudinem
3559 1351 3689 1412 Adami

2206 1437 2380 1492 factus
2405 1449 2488 1495 est
2526 1450 2723 1510 praeter
2749 1444 2924 1498 solum
2968 1455 3279 1514 peccatum.
3310 1443 3368 1498 Si
3398 1445 3532 1504 enim
3567 1447 3690 1497 omnia

2204 1536 2389 1581 nostra
2411 1529 2478 1583 ad
2513 1530 2932 1587 similitudinem
2973 1533 3134 1588 Jesus
3164 1550 3263 1587 sua
3293 1542 3482 1604 sponte
3519 1533 3603 1587 sibi
3631 1549 3688 1588 ac-

2204 1619 2590 1684 commodavit,
2607 1630 2691 1676 est
2706 1623 2926 1678 omnino
2943 1625 3293 1694 perspicuum
3311 1624 3450 1694 quod
3469 1626 3688 1684 tentatione

2203 1725 2420 1780 quoque
2453 1727 2614 1782 quam
2642 1727 2671 1766 a
2696 1713 2915 1767 diabolo
2945 1715 3128 1769 statim
3162 1723 3289 1786 post
3315 1716 3606 1784 baptismum
3629 1733 3686 1766 vo-

2205 1802 2439 1859 luntarie
2482 1805 2745 1874 suscepit,
2771 1807 2838 1860 ad
2869 1807 3286 1862 similitudinem
3317 1807 3498 1862 Adami
3520 1817 3691 1862 tentant:

2135 1871 2176 1925 Β
2200 1905 2283 1950 est
2307 1871 2882 1960 intent,abiliter,rVide
2909 1899 3055 1953 enim
3084 1900 3139 1953 in
3170 1900 3421 1970 utrisque
3446 1916 3600 1954 rerum
3620 1900 3687 1954 sibi

2195 2002 2264 2047 ex
2309 1986 2540 2042 adverso
2586 1988 2983 2058 respondentes
3029 1989 3369 2044 imitationcs
3408 1998 3460 2043 et
3491 1988 3686 2058 exempla.

2194 2074 2300 2131 hoc
2329 2084 2379 2130 te
2409 2086 2595 2145 aperte
2638 2077 2914 2142 decentia,
2949 2088 3004 2132 et
3039 2079 3184 2148 quod
3223 2079 3492 2149 quomodo
3518 2079 3686 2148 priorem

2192 2165 2458 2222 Adamum
2495 2184 2593 2238 per
2615 2170 2781 2223 Evam
2802 2170 3128 2225 adhortatus
3157 2180 3243 2226 est
3273 2171 3340 2226 ad
3367 2171 3682 2225 idololatrian:

2194 2259 2265 2316 ita
2292 2261 2456 2315 etiam
2490 2262 2731 2322 secundo
2753 2263 2963 2317 Adamo
2993 2278 3091 2331 per
3121 2278 3368 2326 carnem,
3399 2278 3585 2318 causam
3603 2263 3682 2332 qui-

2193 2349 2314 2404 dem
2346 2351 2590 2405 admovit
2634 2361 2690 2406 et
2735 2351 3116 2421 irruptionem,
3153 2352 3250 2407 sed
3285 2367 3501 2422 scopum
3529 2369 3611 2406 non
3634 2361 3682 2403 at-

2192 2445 2331 2514 tigit.
2364 2444 2445 2499 Ad
2474 2461 2602 2500 eum
2651 2454 2835 2499 autem
2870 2447 2964 2515 qui
3003 2446 3339 2502 contradicit
3382 2445 3678 2504 refellendum,

2190 2536 2388 2592 sullicit
2408 2553 2592 2592 rerum
2615 2538 2839 2604 veritas,
2869 2555 2991 2608 qua:
3015 2539 3124 2593 hoc
3146 2540 3316 2592 modo
3345 2555 3400 2593 se
3417 2539 3575 2593 habet.
3593 2537 3678 2592 Cum

2189 2623 2424 2690 primum
2469 2624 2616 2677 enim
2664 2634 2957 2694 generatus
2999 2626 3102 2681 fuit
3155 2627 3372 2695 primus
3403 2627 3568 2690 Adam,
3619 2643 3679 2697 per
3752 2641 3753 2704 ξ

2190 2713 2434 2784 conjugis
2458 2716 2576 2784 ejus
2599 2725 2804 2770 costam
2839 2717 3056 2788 (nempe
3095 2717 3292 2788 Evam)
3323 2733 3444 2772 eum
3473 2733 3678 2788 aggressus
3752 2719 3753 2768 1

2189 2811 2273 2857 est
2304 2803 2490 2868 Satan,
2517 2814 2572 2858 et
2602 2821 2725 2859 cum
2758 2805 2998 2875 primum
3028 2807 3315 2862 secundus
3342 2808 3502 2862 Adam
3529 2812 3678 2876 (nempe
3752 2811 3753 2876 ᾖ

2189 2896 2464 2966 Christus)
2507 2913 2688 2951 veram
2738 2898 2979 2951 ostendit
3024 2899 3490 2969 regenerationem
3528 2899 3594 2954 sui
3615 2899 3678 2951 lno

2190 2990 2464 3058 ptismatis
2497 3006 2594 3059 per
2619 3005 2772 3043 suam
2804 2991 3112 3061 conjugem,
3139 3007 3274 3046 eum
3308 3002 3506 3048 tentare
3527 3004 3678 3062 aggres-
3752 3013 3753 3060 ῃ

2191 3097 2284 3136 sus
2309 3091 2393 3136 est
2421 3091 2675 3136 tentator.
3617 3117 3620 3121 λ
3752 3111 3753 3156 3

2264 3176 2479 3230 Primus
2511 3177 2679 3232 Adam
2718 3179 2910 3234 habuit
2937 3179 3032 3234 Dei
3069 3179 3514 3242 insutﬂationem;
3543 3190 3678 3230 secun-
3752 3215 3753 3252 ᾖ

2189 3267 2312 3330 dus,
2338 3267 2602 3338 Spiritum
2634 3286 2697 3324 ex
2730 3272 2889 3326 cmlo.
2912 3273 3128 3326 Rursus
3157 3272 3210 3324 in
3243 3271 3422 3326 medio
3449 3270 3675 3340 plantarum
3752 3293 3753 3298 η

2183 3360 2284 3414 fuit
2337 3363 2568 3415 tentatio
2616 3363 2807 3417 Adami
2859 3364 2913 3420 in
2964 3364 3111 3419 fonte
3159 3364 3334 3419 Edem
3368 3371 3459 3417 :et
3502 3357 3672 3414 secunda
3752 3385 3753 3424 ξ

2185 3453 2436 3517 tentatio,
2491 3454 2545 3507 in
2593 3465 2779 3508 monte
2827 3455 3105 3510 Olivarum
3158 3455 3214 3509 in
3263 3455 3441 3510 medio
3482 3454 3670 3507 arborum
3752 3475 3753 3536 ξ

2183 3543 2403 3605 Christo
2452 3553 2535 3599 est
2577 3547 2820 3602 exhibita
2872 3549 3113 3617 surgenti
3165 3565 3235 3603 ex
3281 3548 3429 3602 fonte
3471 3542 3670 3601 Jordanis.
3752 3549 3753 3614 ἦ

2183 3634 2399 3688 Primus
2444 3635 2608 3689 homo
2640 3645 2878 3690 tentatus
2911 3647 2995 3691 est
3029 3653 3153 3691 cum
3182 3648 3332 3692 esset
3364 3637 3417 3690 in
3447 3635 3592 3689 medio
3611 3632 3670 3683 be-

2186 3727 2411 3780 stiarum
2441 3746 2452 3780 :
2477 3729 2728 3782 similiter
2747 3731 2911 3783 etiam
2942 3731 3008 3783 de
3033 3729 3257 3784 Christo
3281 3729 3416 3783 dixit
3445 3729 3613 3782 Marcus
3631 3724 3669 3781 ".

2184 3819 2328 3889 quod
2356 3831 2473 3875 erat
2507 3837 2627 3883 cum
2667 3823 2856 3885 bestiis
2901 3823 2955 3879 in
2986 3823 3206 3879 deserto
3245 3835 3492 3880 tentatus.
3514 3822 3616 3878 Cum
3634 3819 3668 3872 in

2183 3913 2438 3984 paradiso
2455 3915 2726 3985 jejunaret
2754 3925 2809 3969 et
2838 3917 2972 3969 nihil
2999 3917 3178 3970 adhuc
3208 3916 3519 3971 comedisset
3544 3913 3668 4010 burnt).

2190 4003 2443 4058 diabolus
2489 4020 2584 4074 per
2629 4005 2814 4059 cibum
2850 4007 3098 4060 exercuit
3133 3999 3669 4061 tentatibnemzsimili-

2184 4104 2268 4149 ter
2295 4096 2458 4151 etiam
2490 4096 2555 4150 ad
2591 4096 2866 4159 Christum
2902 4113 3023 4151 cum
3048 4100 3354 4167 jejunasset
3395 4093 3667 4168 quadraginta

2185 4188 2322 4251 dies,
2371 4204 2468 4259 per
2498 4189 2682 4242 cibum
2726 4191 2958 4252 accessit
2992 4191 3264 4261 malignus
3308 4186 3666 4286 dicenszD-ic-tl

2186 4279 2382 4349 lapides
2410 4281 2495 4333 isti
2524 4297 2685 4351 panes
2711 4281 2846 4348 ﬁant
2880 4283 2942 4336 ¹⁶.
2973 4283 3087 4336 lllic
3115 4283 3254 4337 dixit
3287 4297 3498 4352 serpens
3522 4298 3532 4332 :
3559 4278 3666 4331 Eritit

2181 4375 2314 4428 sicut
2346 4375 2454 4439 dii;
2481 4387 2536 4432 et
2561 4375 2692 4432 huic
2717 4375 2854 4428 dixit
2884 4393 2898 4429 ε
2932 4375 2988 4430 Si
3009 4375 3151 4444 [ilius
3182 4375 3281 4429 Dei
3304 4393 3375 4438 es,
3406 4375 3506 4437 dic;
3528 4371 3612 4424 haec
3629 4374 3664 4418 ει

2185 4465 2293 4519 illa.
2348 4467 2526 4521 Prima
2582 4467 2811 4525 tentatio
2863 4466 2967 4520 fuit
3019 4483 3112 4536 per
3160 4465 3600 4537 interrogationem
3631 4461 3663 4558 tl

2114 4567 2157 4622 ι)
2185 4559 2489 4613 contrarias
2515 4558 2854 4628 objectiones
2897 4575 2926 4612 a
2969 4559 3200 4613 muliere
3234 4568 3290 4613 et
3334 4562 3559 4627 serpente
3582 4568 3591 4603 :

2181 4651 2385 4708 militer
2409 4653 2572 4707 etiam
2606 4652 2821 4710 Domini
2854 4653 3083 4706 tentatio
3108 4661 3296 4706 secuta
3352 4659 3430 4705 est
3457 4640 3662 4702 contradiv

2182 4744 2361 4799 ctorie
2394 4744 2538 4798 inter
2569 4745 2748 4814 ipsum
2782 4753 2836 4799 et
2871 4745 3166 4812 malignum
3189 4743 3496 4833 daemonem.
3526 4737 3568 4791 Si
3585 4735 3659 4833 hac

2177 4851 2306 4906 ergo
2349 4837 2532 4896 omnia
2577 4836 2812 4890 similem
2865 4836 3071 4890 habent
3102 4843 3288 4906 typum
3322 4843 3376 4888 et
3409 4832 3590 4928 ﬁguram
3623 4832 3658 4873 tn

2175 4928 2353 4996 primo
2386 4927 2592 4982 Adamo
2624 4937 2679 4982 et
2702 4928 2756 4982 in
2799 4927 3038 4987 Christo.
3075 4929 3142 4984 de
3170 4937 3367 4982 caetero
3399 4941 3459 4978 ne
3484 4920 3656 4975 dubites,

2181 5017 2303 5072 sed‘
2318 5029 2469 5074 certo
2503 5021 2644 5074 scias
2667 5020 2813 5090 quod
2852 5021 2902 5074 id
2930 5021 3073 5090 quod
3099 5020 3318 5075 Christo
3343 5027 3420 5073 est
3444 5014 3656 5070 oblocutns

2182 5107 2390 5168 dicens,
2416 5119 2476 5164 ut
2501 5109 2703 5165 cadens
2730 5111 2981 5165 adorarct
3012 5112 3186 5180 ipsum
3223 5110 3506 5204 malignum.
3524 5101 3657 5204 (1ης-

2182 5213 2307 5250 nem
2337 5198 2378 5228 "
2405 5217 2416 5252 :
2447 5198 2550 5252 hoc
2572 5207 2692 5254 erat
2716 5200 2860 5270 quod
2887 5201 3168 5254 mulierem
3195 5198 3474 5254 Ecclesiam
3497 5198 3538 5246 in
3554 5201 3656 5258 prm-

2181 5287 2324 5356 cipio
2357 5297 2440 5342 est
2468 5289 2724 5354 adortus,
2772 5298 2828 5344 et
2866 5291 3138 5360 persuasit
3162 5331 3175 5354 ,
3209 5300 3265 5345 et
3310 5284 3517 5352 decepit.
3549 5272 3654 5333 Unde

2175 5381 2338 5435 ctiam
2357 5397 2478 5436 cum
2504 5383 2720 5451 probris
2735 5383 3009 5442 hominem
3042 5371 3652 5468 insectareturDeus.p05fc

2177 5486 2340 5538 quam
2374 5486 2498 5524 eum
2547 5470 2728 5532 induit
2771 5471 2951 5525 tunica
3001 5471 3247 5540 pcllicea,
3280 5469 3344 5523 de
3371 5465 3480 5521 cibo
3508 5465 3546 5514 ei
3578 5468 3652 5508 cn-

2177 5575 2300 5614 men
2334 5575 2442 5614 non
2488 5559 2739 5624 intentat,
2772 5559 2866 5615 sed
2911 5559 2978 5614 de
3022 5559 3207 5614 divina
3239 5557 3431 5613 visione
3464 5560 3509 5606 et
3541 5541 3647 5600 dele-

2173 5653 2377 5718 ctione,
2403 5652 2630 5709 dicens:
2663 5653 2794 5708 Ecce
2834 5652 3002 5722 factus
3036 5660 3112 5706 est
3140 5651 3308 5708 Adam
3341 5651 3458 5706 sicut
3483 5644 3648 5697 ttan

2116 3226 2156 3280 C

2143 5838 2186 5866 ”‘
2212 5835 2399 5893 Matth.
2431 5853 2504 5907 tv,
2539 5839 2592 5894 5.
2672 5837 2715 5872 "
2740 5836 2934 5892 Matth.
2979 5853 3054 5905 iv,
3084 5838 3142 5894 9.
