4080 6534
206 449 348 516 19⁵11

1318 513 1326 521 α

1336 439 1415 499 IN
1455 429 1998 499 HEXAEMERON.
2026 456 2098 466 --
2131 431 2278 490 LIB.
2318 430 2393 489 Χ.

3317 418 3451 493 10⁵22

202 564 363 616 uocis
392 568 448 613 ut
481 566 803 630 cognoscent
831 557 1023 611 bonum
1060 562 1109 608 et
1140 550 1341 607 malum
1365 570 1382 607 :
1406 552 1614 612 dicens,
1638 545 1780 601 Ada—
1808 546 1854 602 A
1880 554 2014 608 stos,
2043 545 2241 600 deinde
2267 524 2618 598 comedentes
2640 537 2878 607 aliquam
2905 551 2934 589 a
2966 541 3219 605 serpente
3245 547 3449 595 escam,

203 665 393 716 mum,
417 649 609 703 mundi
642 648 921 703 hominem
951 646 1006 699 in
1034 659 1255 715 genere.
1297 642 1375 696 Ita
1416 640 1566 696 enim
1596 636 1786 693 existi-

206 742 446 797 mabant
485 742 693 811 seipsos
738 755 860 795 esse
907 738 1060 802 deos,
1095 744 1351 805 tanquam
1392 733 1689 789 Saturnum
1730 736 1787 783 et

203 834 433 897 .‘ovem,
476 843 533 887 et
575 829 900 885 Mercurium
936 835 992 882 et
1022 823 1350 895 Apollinem,
1392 831 1449 876 et
1494 819 1786 874 Herculem

206 937 277 983 et
306 925 559 994 Serapio,
584 932 641 977 et
666 922 891 977 Dianam
923 928 979 974 et
1020 918 1261 988 reliquos
1294 915 1419 970 illos
1442 913 1581 968 nihil
1606 912 1787 966 minus

208 1034 389 1088 quam
442 1017 594 1072 deos.
641 1015 853 1081 Quibus
897 1011 1191 1068 admodum
1238 1006 1483 1078 apposite
1532 1003 1788 1059 convenit

210 1111 371 1181 quod
406 1119 531 1180 post
573 1110 776 1163 malum
818 1106 970 1159 illum
1004 1118 1157 1158 esum
1194 1100 1658 1171 protoplastorum
1704 1095 1789 1149 di-

212 1213 375 1257 ctum
407 1211 493 1256 est
519 1219 531 1253 :
556 1200 691 1265 Nam
720 1213 836 1251 cum
864 1194 1221 1255 comedissent,
1249 1188 1445 1259 inquit,
1476 1185 1644 1256 aperti
1665 1190 1787 1237 sunt

210 1309 405 1346 eorum
452 1289 608 1353 oculi,
653 1296 701 1341 et
741 1291 1090 1357 cognoverunt
1140 1281 1275 1353 quod
1326 1278 1451 1333 nudi
1483 1282 1634 1329 erant
1665 1289 1696 1327 a
1728 1287 1789 1326 re

212 1401 393 1456 quam
415 1383 797 1439 existimarunt
817 1395 875 1433 se
900 1393 1020 1431 esse
1044 1382 1386 1434 consecutos,
1417 1372 1790 1438 cognoverunt

212 1489 412 1534 autem
446 1475 591 1546 quod
634 1474 961 1529 aberrarunt
990 1484 1020 1523 a
1049 1484 1109 1522 re
1136 1479 1296 1536 quam
1323 1464 1706 1531 exspectarunt
1730 1470 1791 1510 se

215 1584 349 1625 esse
382 1574 748 1623 assecuturos.
779 1559 1047 1631 Cognovit
1083 1555 1297 1611 tandem
1324 1549 1567 1607 Ecclesia
1596 1555 1652 1601 et
1675 1560 1791 1599 om-

214 1663 318 1716 nis
361 1660 524 1715 homo
575 1656 670 1727 qui
713 1656 832 1725 ejus
869 1650 1044 1707 errori
1093 1647 1342 1711 adbzesit,
1378 1641 1526 1712 quod
1569 1640 1794 1695 fuerunt

218 1751 448 1822 decepti
470 1766 499 1804 a
527 1748 763 1819 maligno
788 1752 1061 1815 serpente,
1086 1748 1141 1794 et
1164 1734 1792 1800 cmentiebantputantes

220 1863 293 1902 se
325 1862 447 1902 esse
488 1844 636 1899 deos.
668 1837 898 1908 Quando
929 1843 1111 1891 autem
1161 1829 1341 1885 illuxit
1381 1825 1470 1879 tua:
1511 1839 1634 1877 vera
1676 1833 1794 1890 qua:

1884 648 1941 693 et
1972 653 2071 707 per
2104 638 2277 707 ipsam
2305 636 2483 689 visum
2516 641 2923 702 recuperantes.
2956 626 3093 683 Veni
3141 625 3209 681 de
3254 632 3454 681 caetero

1885 746 1915 784 a
1948 730 2087 800 typis
2121 728 2187 783 ad
2222 742 2406 783 rerum
2437 725 2745 779 veritatem.
2796 722 3064 776 Evertens
3108 716 3257 773 enim
3288 716 3454 772 Chri-

1884 830 2002 875 stus
2034 819 2183 873 illam
2214 818 2501 872 amborum
2535 814 2839 870 nuditatem
2859 854 2873 877 ,
2920 822 2976 867 et
3003 826 3206 867 curans
3236 808 3454 865 caecita-

1887 921 2017 976 tem,
2047 920 2103 965 et
2130 910 2357 964 abolens
2387 908 2585 962 malam
2633 906 2854 960 illorum
2898 919 3079 959 escam
3122 918 3220 972 per
3259 917 3455 972 quam-

1887 1006 2010 1060 dam
2036 1001 2497 1062 benedictionem,
2526 1008 2584 1053 et
2609 1014 2638 1053 a
2658 997 2883 1067 proprio
2909 1011 3036 1050 casu
3063 1010 3159 1050 eos
3189 994 3456 1058 excitans,

1887 1106 1943 1151 et
1973 1095 2242 1151 reducens
2270 1109 2367 1147 eos
2388 1092 2638 1147 videntes
2666 1089 2815 1144 unde
2842 1087 3098 1143 exierunt
3124 1102 3235 1141 non
3264 1086 3459 1142 viden-

1889 1198 2000 1256 tes;
2035 1187 2163 1241 audi
2192 1185 2325 1255 quid
2372 1183 2500 1240 facit
2544 1192 2832 1252 postquam
2863 1178 3107 1233 surrexit
3133 1194 3164 1232 a
3206 1179 3457 1234 mortuis.

1888 1282 2127 1351 Cleopha
2160 1281 2327 1344 enim,
2357 1288 2412 1333 et
2447 1278 2541 1348 qui
2588 1291 2714 1331 cum
2747 1290 2813 1330 eo
2843 1282 2960 1329 erat
3000 1273 3146 1327 Luca
3193 1272 3273 1343 (ut
3306 1272 3461 1327 dixe-

1890 1383 2020 1429 runt
2048 1372 2279 1444 mystae),
2308 1371 2375 1425 ad
2420 1371 2621 1425 Emaus
2655 1369 2723 1422 ab
2752 1366 3080 1428 Jerusalem,
3114 1364 3259 1419 sicut
3290 1364 3463 1418 Adam

1890 1476 1948 1524 et
1976 1469 2105 1531 Eva,
2134 1464 2420 1535 separatis,
2456 1472 2512 1517 et
2543 1463 2722 1516 lucem
2758 1473 2946 1513 veram
2981 1473 3089 1512 non
3123 1457 3460 1527 videntibus,

1889 1562 2038 1616 Iesus
2081 1560 2511 1631 appropinquans
2555 1554 2862 1609 ambulabat
2909 1569 3026 1606 cum
3068 1552 3138 1604 eis
3179 1567 3197 1604 :
3230 1557 3279 1603 et
3326 1548 3465 1602 oculi

1894 1670 2075 1708 eorum
2103 1652 2271 1707 adhuc
2301 1650 2611 1704 tenebantur
2651 1664 2713 1701 ne
2758 1663 2875 1701 eum
2912 1652 3250 1716 agnoscerent
3280 1644 3343 1697 η.
3369 1642 3466 1697 At:-

1894 1748 1987 1819 qui
2032 1747 2122 1800 hic
2166 1744 2387 1815 quidem
2432 1741 2537 1796 fuit
2567 1739 2791 1794 videndi
2822 1738 3088 1799 defectus,
3119 1736 3246 1792 audi
3279 1745 3463 1799 autem

1895 1841 2055 1896 etiam
2084 1854 2204 1908 qua:
2228 1837 2490 1905 deinceps
2518 1842 2646 1889 sunt
2679 1841 2866 1889 secuta
2895 1849 2909 1885 :
2939 1830 3155 1885 Factum
3183 1839 3257 1884 est
3288 1836 3464 1884 autent

221 1887 291 1902 συ
326 1887 447 1902 νων
489 1887 636 1899 νην.
673 1887 890 1908 κηηη
931 1887 1046 1891 πη
1689 1887 1696 1890 _

221 1938 502 1992 illuminat
521 1949 727 1989 omnem
749 1932 1008 1985 hominem
1027 1927 1091 1991 ³⁸,
1114 1923 1283 1994 aperti
1300 1914 1567 1981 suntoculi
1598 1914 1792 1968 animae

2088 1887 2202 1908 Tm
2234 1887 2485 1905 ___-_-_,-
2691 1887 2760 1889 νη

1913 1932 2025 1985 tum
2048 1932 2157 2000 ipse
2187 1927 2501 1982 recumberet
2532 1944 2647 1979 cum
2687 1926 2778 1988 eis,
2807 1924 3064 1994 accipiens
3093 1939 3282 1993 panem
3310 1922 3463 1976 bene—

220 2048 413 2085 eorum
452 2046 470 2083 :
502 2038 558 2084 et
585 2031 964 2097 cognoverunt
998 2018 1146 2090 quod
1176 2015 1331 2088 prius
1365 2020 1524 2067 erant
1566 2006 1699 2062 nudi
1745 2014 1798 2060 et

218 2124 442 2179 miseri.
469 2124 566 2178 Est
587 2121 734 2177 enim
760 2115 1134 2173 adnotandum
1158 2109 1304 2181 quod
1331 2123 1440 2163 non
1468 2104 1602 2160 dicit
1626 2120 1640 2157 :
1664 2100 1799 2157 Sunt

223 2218 381 2280 nudi,
420 2216 516 2271 sed
548 2213 693 2285 quod
722 2219 873 2266 erant
914 2210 1058 2279 prius
1104 2206 1180 2276 (in
1226 2212 1472 2270 tempore
1500 2194 1799 2268 praeterito)

223 2306 588 2359 (mentientes
618 2301 946 2357 idololatria.
976 2299 1092 2352 Alia
1127 2302 1210 2350 est
1247 2306 1376 2361 ergo
1412 2287 1584 2358 prima
1611 2300 1801 2339 eorum

224 2398 485 2467 nudatio,
516 2398 623 2452 hoc
646 2404 748 2459 est,
777 2410 806 2448 a
833 2392 995 2447 bonis
1022 2386 1302 2449 alienatio,
1325 2380 1679 2452 quamobrem
1702 2391 1805 2431 nec

226 2503 371 2561 tunc
401 2488 838 2551 erubescebant;
874 2485 977 2547 alia
1023 2491 1206 2537 autem
1251 2483 1332 2539 est
1378 2491 1443 2539 ea
1489 2487 1611 2543 quae
1658 2485 1805 2523 nunc

227 2585 444 2639 dicitur
473 2582 721 2645 nudatio,
748 2592 943 2646 nempe
975 2590 1004 2636 a
1034 2575 1145 2639 Deo
1173 2567 1460 2625 excidisse.
1488 2562 1588 2629 Qui
1622 2568 1803 2613 autem

228 2676 308 2730 ad
353 2676 591 2728 litteram
622 2672 796 2726 solum
825 2667 1058 2735 audiunt
1080 2678 1200 2733 qua:
1226 2659 1428 2728 scripta
1469 2661 1598 2715 sunt
1622 2652 1689 2706 de
1714 2667 1807 2720 pa-

231 2768 446 2831 radiso,
472 2776 527 2820 et
554 2763 842 2825 fructibus,
870 2770 927 2814 et
963 2758 1145 2829 lignis,
1175 2763 1231 2809 et
1260 2753 1406 2816 cibo,
1432 2760 1489 2805 et
1528 2752 1804 2816 serpente,

230 2871 297 2925 et
332 2861 480 2915 visus
519 2854 954 2925 recuperatione,
994 2850 1247 2905 incidunt
1288 2844 1344 2898 in
1375 2840 1661 2905 exitiosam
1701 2836 1810 2890 Ma-

233 2951 579 3004 nichaeorum
607 2956 663 3000 et
687 2944 1011 3014 Ophitarum
1036 2938 1390 3009 impietatem.
1417 2932 1501 2986 Illi
1526 2928 1673 2987 enim
1697 2942 1811 2981 sero

233 3042 398 3117 penti
435 3049 688 3110 tanquam
716 3033 1054 3093 benefactori
1091 3029 1355 3085 maximas
1391 3031 1560 3096 agunt
1587 3019 1807 3092 gratias,

236 3136 494 3189 dicentes
522 3131 665 3202 quod
698 3146 794 3199 per
828 3134 1138 3196 serpentem
1166 3120 1325 3175 nobis
1350 3113 1583 3172 accessit
1622 3112 1808 3177 cibus;

1901 2025 2032 2079 dixit
2059 2024 2126 2076 ὀ.
2154 2023 2290 2076 Ecce
2324 2019 2636 2074 benedictio
2662 2033 2762 2088 pro
2789 2016 3187 2071 exsecratione.
3217 2015 3287 2070 Et
3316 2016 3468 2085 fran-

1902 2135 2025 2188 gens
2071 2116 2212 2168 dedit
2257 2116 2358 2179 eis;
2399 2130 2581 2167 eorum
2631 2121 2806 2166 autem
2839 2112 3010 2182 aperti
3058 2119 3179 2164 sunt
3219 2108 3377 2173 oculi,
3417 2124 3469 2171 et

1903 2216 2223 2281 agnoverunt
2247 2224 2364 2261 eum
2394 2208 2460 2260 ".
2488 2206 2628 2260 Ecce
2653 2204 2824 2259 babes
2855 2217 3036 2258 escam
3069 2219 3081 2255 :
3113 2200 3285 2255 habes
3305 2200 3470 2257 etiam

1900 2321 2001 2375 per
2030 2317 2211 2357 escam
2260 2301 2411 2355 visus
2458 2298 2953 2368 recuperationem,
2991 2303 3047 2351 et
3088 2294 3182 2350 Dei
3236 2293 3471 2365 agnitio—

1903 2414 2029 2455 nem
2060 2412 2222 2466 quem
2258 2409 2355 2464 per
2383 2409 2563 2448 escam
2603 2393 2994 2462 ignoraverunt
3018 2386 3363 2459 protoplasti.

1975 2490 2180 2546 Deinde
2217 2487 2347 2558 quid
2380 2487 2439 2540 [it
2464 2494 2587 2555 post
2610 2491 2884 2554 sumptam
2920 2481 3147 2537 escam?
3181 2479 3467 2550 Surgentes

1903 2583 2022 2653 ipsa
2050 2583 2178 2636 hora
2199 2580 2393 2633 reversi
2428 2586 2549 2632 sunt
2578 2578 2632 2630 in
2690 2573 2987 2628 Jerusalem
3019 2574 3087 2629 “.
3111 2572 3255 2626 Ecce
3307 2570 3470 2625 etiam

1906 2688 2087 2728 acasu
2140 2669 2442 2727 excitatio:
2497 2682 2626 2722 ecce
2664 2666 2835 2719 etiam
2891 2664 3126 2734 pulchra
3168 2662 3236 2716 ab
3280 2676 3472 2717 errore

1908 2766 2171 2821 reversio.
2231 2763 2474 2817 Primum
2535 2759 2916 2820 comederunt,
2967 2755 3167 2811 deinde
3220 2753 3300 2808 sic
3347 2760 3475 2807 sunt

1895 2856 2139 2912 reversi.
2188 2856 2484 2923 Postquam
2516 2860 2698 2905 autem
2730 2851 2842 2904 Eva
2866 2848 3107 2919 primum
3148 2841 3477 2901 comeditex

1910 2951 2118 3013 fructu,
2168 2946 2370 3001 deinde
2412 2945 2479 2999 ad
2532 2944 2800 2998 Adamum
2842 2951 2927 2996 est
2974 2953 3215 3002 reversa,
3247 2944 3303 2992 et
3347 2950 3477 3001 eum

1910 3045 2091 3100 fructu
2144 3041 2430 3111 impertiit,
2476 3045 2531 3093 et
2567 3037 2827 3092 comedit.
2879 3034 2986 3089 Sed
3018 3032 3191 3088 Adam
3246 3047 3351 3085 non
3404 3034 3479 3085 est

1912 3135 2150 3203 deceptus
2173 3130 2238 3193 ”,
2280 3130 2385 3183 hoc
2407 3134 2512 3190 est,
2546 3123 2959 3181 Christus:sed
2997 3120 3159 3176 simul
3197 3118 3478 3187 accubuit,

237 3243 348 3299 per
378 3226 584 3289 cibum,
615 3222 956 3292 recuperatio
983 3218 1167 3282 visus;
1200 3231 1297 3285 per
1322 3228 1441 3267 eam
1466 3207 1688 3271 deinde,
1712 3219 1813 3259 nu-

1918 3226 2108 3279 volens
2132 3230 2194 3275 ut
2225 3226 2478 3289 surgeret
2500 3232 2623 3286 qua:
2645 3212 2943 3269 ceciderat.
2975 3212 3056 3265 Tu
3089 3217 3273 3264 autem
3298 3208 3482 3267 adhuc

238 3296 417 3399 ptiar;
448 3335 545 3388 per
572 3317 793 3385 nuptias
835 3322 1039 3372 autem,
1066 3308 1303 3364 mundus
1330 3324 1343 3359 :
1375 3311 1600 3374 propter
1642 3296 1813 3354 homi-

1918 3317 2220 3371 immorans
2278 3312 2331 3365 in
2384 3308 2597 3370 littera,
2660 3304 2951 3360 considera
3008 3303 3173 3358 etiam
3236 3301 3481 3370 ipsorum

240 3413 340 3468 nis
386 3420 569 3465 autem
619 3418 925 3479 peccatum,
958 3405 1105 3458 Deus
1137 3403 1317 3461 homo,
1343 3399 1518 3453 factus
1547 3402 1648 3449 est.
1681 3390 1820 3445 ilinc

241 3506 516 3560 caelorum
550 3516 778 3571 regnum
805 3510 860 3552 et
893 3498 1036 3552 bona
1060 3505 1262 3550 aeterna
1285 3504 1518 3561 quorum
1546 3494 1736 3547 auctor
1765 3490 1821 3538 et

242 3597 574 3653 conciliator
596 3594 699 3647 fuit
734 3591 895 3646 nobis
919 3603 1161 3658 serpens.
1195 3586 1341 3654 Ergo
1373 3597 1443 3635 ne
1473 3594 1574 3633 nos
1602 3588 1820 3647 quoque

244 3690 559 3745 incidamus
590 3687 646 3740 in
672 3700 863 3740 eorum
906 3682 1233 3751 impietates,
1260 3672 1581 3746 prophetico
1622 3666 1824 3723 intelli-

246 3798 445 3853 gamus
475 3781 541 3835 de
576 3779 795 3834 Christo
825 3784 880 3831 et
921 3772 1163 3829 Ecclesia
1191 3781 1530 3840 quaecunque
1560 3761 1822 3817 historice

250 3874 463 3941 scripta
505 3881 630 3924 sunt
659 3877 755 3923 aut
785 3868 924 3921 facta
956 3866 1008 3919 in
1039 3861 1317 3933 paradiso,
1344 3857 1589 3927 quaedam
1617 3862 1825 3923 tempo-

249 3966 399 4020 ralia
451 3973 754 4032 temporum
807 3956 1092 4013 intcrvalla
1146 3955 1201 4008 in
1247 3963 1578 4019 unoquoque
1633 3959 1823 4000 eorum

251 4058 477 4112 diverse
501 4055 882 4124 intelligentes,
908 4046 1124 4105 etiamsi
1148 4042 1381 4098 maxime
1408 4039 1590 4095 omnia
1614 4037 1706 4092 illa
1729 4052 1827 4090 au-

252 4153 476 4213 diamus
520 4157 772 4218 tanquam
816 4144 958 4199 facta
1006 4141 1062 4195 in
1103 4153 1213 4193 uno
1242 4147 1508 4204 tempore.
1537 4130 1699 4193 Aliud
1741 4137 1825 4192 est

254 4245 405 4299 enim
440 4242 570 4297 illud
610 4251 825 4308 tempus
860 4233 1078 4306 quando
1119 4240 1237 4286 erat
1266 4226 1511 4283 Ecclesia
1546 4239 1658 4277 non
1694 4236 1825 4275 eru-

256 4340 513 4399 bescens,
552 4342 615 4388 ut
644 4348 761 4403 qua:
799 4328 946 4384 nuda
988 4323 1235 4389 abomni
1262 4325 1488 4390 peccato
1529 4323 1675 4370 esset
1703 4328 1826 4368 cum

261 4445 364 4485 suo
389 4429 510 4481 viro
537 4444 549 4479 :
577 4434 634 4480 et
655 4422 802 4478 aliud
836 4434 1028 4483 rursus
1066 4426 1283 4484 tempus
1312 4409 1531 4482 quando
1573 4407 1708 4463 laxis
1734 4406 1831 4460 lia-.-

264 4525 424 4580 benis
456 4523 577 4577 viro
605 4520 798 4575 relicto
841 4511 1293 4570 consuetudinem
1328 4505 1523 4562 habuit
1563 4518 1686 4557 cum
1717 4516 1831 4555 ser-

1919 3406 2219 3465 actionem,
2251 3411 2307 3456 et
2337 3413 2521 3469 quaere
2575 3396 2700 3466 quis
2759 3410 2883 3449 cum
2944 3400 3089 3448 esset
3130 3387 3483 3457 Adam,quid

1922 3502 2102 3556 factus
2156 3504 2242 3551 est
2296 3502 2422 3563 post
2456 3488 2969 3559 transgressionem.
3000 3485 3133 3540 Erat
3163 3483 3310 3538 enim
3337 3490 3487 3537 totus

1921 3594 2137 3649 lucidus
2163 3599 2218 3646 et
2248 3585 2554 3655 deil‘ormis,
2580 3593 2636 3638 et
2683 3583 2859 3653 imago
2903 3578 3149 3650 quaedam
3185 3576 3267 3646 (ut
3293 3576 3368 3629 ita
3404 3575 3486 3629 di-

1922 3683 2064 3753 cam)
2094 3683 2207 3736 Deo
2230 3678 2444 3734 similis.
2468 3676 2600 3731 Post
2627 3672 3057 3728 inobedientiam
3093 3675 3277 3723 autem
3306 3666 3488 3719 factus

1923 3783 2008 3830 est
2034 3771 2365 3829 tenebrosus
2393 3776 2449 3821 et
2474 3766 2782 3827 inornatus,
2823 3770 3003 3816 atrum
3048 3765 3335 3829 peccatum
3364 3770 3486 3811 oms-

1923 3869 2057 3924 nino
2096 3865 2344 3920 indutus.
2373 3861 2498 3917 Hmc
2530 3874 2664 3927 ergo
2717 3863 3026 3911 evenerunt
3065 3852 3258 3921 primis
3287 3864 3490 3920 paren-

1925 3959 2095 4013 tibus.
2154 3955 2221 4010 Et
2268 3951 2438 4007 David
2488 3958 2679 4020 postea
2709 3945 2915 4000 deﬂens
2942 3943 3192 3997 dicebat:
3234 3940 3349 3994 Dies
3382 3939 3495 3993 diei-

1926 4054 2128 4102 eructat
2178 4042 2393 4098 verbum
2448 4049 2496 4093 et
2553 4052 2656 4092 nox
2714 4036 2853 4089 nocti
2904 4033 3189 4086 annuntiat
3240 4032 3492 4101 cognitio-

1926 4158 2045 4196 nem
2062 4138 2132 4190 “.

1997 4229 2211 4293 Adhuc,
2237 4225 2436 4295 inquit,
2477 4230 2739 4291 tanquam
2772 4218 2892 4273 dies
2927 4214 3097 4271 lucidi
3134 4221 3290 4269 erant
3327 4211 3490 4282 primi

1928 4330 2203 4396 parentes,
2235 4315 2454 4387 quando
2481 4314 2625 4383 (cum
2656 4327 2722 4366 ex
2759 4310 2912 4379 ligno
2943 4305 3188 4361 nondum
3218 4302 3494 4357 comedis-

1929 4416 2072 4485 sent)
2091 4413 2324 4469 verbum
2358 4406 2575 4464 consilii
2604 4403 2874 4474 serpentis
2900 4417 2930 4456 a
2958 4398 3192 4454 muliere
3222 4396 3287 4451 ad
3313 4395 3492 4449 virum

1931 4507 2175 4565 nondum
2210 4502 2598 4559 transibatzet
2638 4496 2741 4551 sub
2791 4490 3210 4561 intelligentiam
3246 4484 3517 4547 cadentis,

262 4627 453 4688 petite,
486 4625 543 4669 et
567 4614 702 4668 facta
732 4618 815 4664 est
850 4606 1119 4662 adultera.
1149 4601 1311 4657 Aliud
1339 4613 1529 4654 rursus
1566 4595 1672 4649 fuit
1699 4601 1833 4647 tem-
1862 4581 1905 4636 Ι)
1938 4601 2072 4660 sons
2116 4597 2299 4663 radios
2342 4593 2565 4666 penitus
2615 4586 2792 4643 induti
2826 4591 2985 4639 erant
3025 4588 3286 4651 tanquam
3340 4579 3497 4630 υεδιξ-

263 4727 394 4783 pus,
422 4708 661 4780 quando,
698 4702 926 4758 dimisso
968 4705 1223 4768 serpente
1253 4703 1309 4749 et
1346 4694 1396 4748 ei
1442 4689 1608 4755 veluti
1630 4702 1835 4743 renun-

266 4806 435 4867 tians,
471 4815 690 4857 reversa
715 4805 799 4853 est
826 4796 891 4851 ad
923 4794 1163 4864 priorem
1197 4790 1377 4845 virum
1408 4795 1463 4841 et
1493 4781 1834 4854 spiritualem

265 4895 560 4949 Adamum.
595 4891 708 4944 Hoc
749 4888 896 4943 enim
948 4885 1053 4942 fuit
1096 4892 1313 4950 tempus
1341 4879 1559 4948 quando
1584 4872 1839 4944 cognovit

268 4997 327 5041 et
364 4983 583 5056 agnovit
605 4998 663 5037 se
691 4996 811 5036 esse
842 4978 1041 5033 nudam
1072 4986 1128 5030 et
1152 4974 1456 5028 inornatam
1487 4977 1543 5024 et
1569 4966 1840 5021 deforma—

273 5091 411 5135 tam.
442 5080 556 5133 Hoc
597 5076 702 5131 fuit
730 5085 944 5143 tempus
973 5070 1191 5142 quando
1223 5068 1309 5121 vir
1341 5080 1461 5120 eam
1489 5060 1749 5129 suscepit,
1784 5066 1840 5111 et

270 5189 403 5235 cum
450 5187 513 5225 ea
554 5170 791 5223 fructum
826 5165 960 5235 ligni
993 5163 1249 5235 gustavit,
1284 5174 1382 5230 pro
1412 5172 1474 5211 ea
1503 5162 1678 5208 morte
1706 5150 1840 5204 affe-

271 5276 400 5319 ctus
430 5274 483 5316 et
530 5276 816 5332 resurgens
844 5275 874 5312 a
908 5255 1157 5312 mortuis.
1185 5252 1450 5319 Quoniam
1480 5258 1662 5302 autem
1701 5258 1846 5297 nunc

275 5375 307 5421 μ
345 5373 431 5410 me
461 5355 628 5409 verba
662 5353 800 5407 ﬁunt
828 5351 894 5406 ad
924 5347 1244 5409 Ecclesium,
1278 5359 1387 5398 non
1425 5349 1605 5395 autem
1652 5336 1719 5391 ad
1746 5335 1843 5390 Ju-

277 5450 451 5511 dmos,
481 5447 631 5512 audi,
668 5446 862 5505 ﬁdelis,
899 5452 954 5497 et
998 5441 1159 5496 ﬁdem
1190 5438 1331 5492 habe
1369 5444 1624 5505 tanquam
1648 5430 1843 5494 ﬁdelis,

279 5545 477 5598 videns
523 5538 1001 5596 indiscriminatim
1044 5534 1205 5605 913
1249 5529 1430 5586 omnia
1463 5542 1584 5598 quae
1619 5533 1746 5580 sunt
1788 5523 1844 5577 in

282 5635 561 5709 paradiso,
592 5649 705 5688 non
728 5631 974 5687 videntes
1002 5641 1152 5683 suam
1184 5622 1536 5683 nudationem
1567 5617 1845 5690 protopla-

363 5839 403 5868 “
433 5839 584 5921 ann.
623 5854 659 5905 ι,
686 5841 718 5894 0
816 5837 855 5869 "
897 5835 1028 5909 Luc.
1056 5848 1198 5900 xxtv,
1229 5831 1314 5901 15,
1345 5828 1429 5886 16.
1507 5827 1550 5861 ²⁰
1586 5829 1718 5887 ibid.
1754 5826 1813 5882 51]

1920 5825 1959 5856 ²¹
1996 5818 2128 5877 ibid.
2166 5816 2252 5873 51.
2329 5814 2374 5846 ²²
2400 5804 2641 5866 ibid.5'5.
2718 5801 2761 5834 ³³
2789 5797 2971 5855 ΙΤίιῐι.
3015 5787 3183 5861 ιι,14.

286 5925 439 5987 mu,
476 5928 527 5964 ο.

1936 4700 2191 4755 mentum.
2222 4687 2329 4742 Sed
2366 4683 2587 4756 quando
2618 4681 2733 4751 ipsa
2753 4690 3020 4749 persuasa
3043 4670 3306 4734 comedit,
3329 4668 3498 4723 etiam

1935 4792 2238 4840 nocturnas
2286 4776 2497 4849 peccati
2531 4773 2789 4828 tenebras
2840 4766 3043 4826 induit,
3076 4774 3337 4833 tanquam
3390 4774 3498 4815 nox

1936 4876 2196 4932 videlicet
2248 4870 2423 4926 oﬂusa
2468 4864 2731 4928 tenebris,
2764 4874 2945 4929 neque
2982 4855 3164 4912 sciens
3209 4851 3344 4923 quid
3381 4850 3500 4905 viro

1938 4969 2208 5030 consulat,
2236 4964 2331 5034 qui
2357 4965 2473 5032 ipse
2502 4971 2720 5030 quoque
2752 4953 2931 5008 factus
2958 4956 3044 5005 est
3079 4963 3183 5003 non:
3217 4946 3287 5001 ob
3314 4958 3506 5015 parem

1946 5058 2332 5135 ignorantiam,
2383 5063 2429 5108 et
2461 5051 2742 5106 annuntiat
2792 5045 3158 5115 cognitionem,
3209 5052 3405 5108 nempe
3448 5034 3507 5093 id

1946 5130 2094 5226 q'uod
2139 5147 2396 5222 cognosci
2437 5149 2619 5215 potest
2643 5138 2775 5200 boni
2830 5146 2886 5193 et
2938 5134 3088 5197 mali,
3117 5133 3169 5188 ei
3200 5130 3368 5185 tradit
3403 5144 3496 5184 an-

1953 5220 2234 5305 nuntians.
2257 5240 2363 5296 Sed
2390 5247 2475 5293 est
2494 5235 2658 5299 etiam
2684 5230 2844 5286 aliter
2871 5222 3348 5282 considerandum.
3371 5220 3507 5275 Nam

1950 5352 2109 5397 antea
2137 5335 2382 5408 quidem,
2413 5325 2655 5399 quandiu
2687 5322 3008 5393 priusquam
3040 5313 3357 5371 comederet
3385 5321 3507 5372 tan._

1949 5445 2112 5503 quam
2135 5402 2256 5481 dies
2284 5428 2403 5478 erat
2430 5415 2636 5480 lucida,
2660 5412 2893 5467 verbum
2919 5402 3289 5465 annuntiavit,
3306 5411 3509 5467 nempe

1950 5494 2186 5596 graviter
2202 5532 2267 5572 ac
2298 5526 2527 5570 severe:
2563 5507 2631 5563 de
2666 5505 2950 5561 voluntate
2985 5497 3131 5553 enim
3159 5494 3224 5549 ad
3279 5505 3509 5563 peccan-

1952 5581 2083 5673 dum
2106 5627 2215 5667 non
2238 5605 2456 5664 sinebat
2472 5602 2642 5657 Evam
2659 5592 2902 5667 longiori
2918 5590 3001 5646 uti
3030 5585 3299 5644 oratione.
3319 5581 3500 5649 Quan-

3279 5784 3324 5816 ”
3358 5778 3507 5849 Psal.
