3792 6590
633 431 654 494 1
665 432 767 495 023

1800 439 1861 500 S.
1897 441 2293 501 ANASTASII
2353 443 2676 504 SlNAlT.’E
3667 443 3739 510 Μ

624 555 700 600 «ιυ
741 555 924 599 autem
963 546 1168 600 malum
1200 547 1306 603 fuit
1345 561 1652 619 peractum,
1680 561 1737 606 et
1771 567 1930 606 suum
1961 553 2192 608 fruendo
2223 567 2265 616 Α
2291 558 2848 628 contemplationibus
2866 569 2988 627 quae
3023 556 3184 610 dicta:
3228 562 3364 608 sunt
3387 564 3480 623 per
3525 558 3738 618 universi

628 637 874 706 implevit
897 637 1258 703 desiderium,
1283 651 1339 696 et
1369 643 1559 698 sedata
1607 653 1692 698 est
1735 645 1930 699 satiata
1989 645 2184 711 libido,

627 741 760 786 tunc
787 732 1132 787 annuntiavit
1175 736 1567 804 cognitionem.
1613 738 1776 802 Ecce,
1837 739 2033 808 inquit,
2086 756 2189 793 nu-

622 819 739 871 dati
763 834 952 873 sumus
993 835 1061 873 ex
1106 820 1305 890 plantae
1351 825 1652 880 virtutibus
1703 836 1758 881 et
1803 829 2184 897 qualitatibus.

621 910 813 979 'Aperti
843 909 990 964 enim
1014 919 1137 964 sunt
1163 913 1362 968 mentis
1396 930 1578 969 eorum
1637 916 1794 981 oculi,
1823 925 1880 972 et
1919 933 2190 988 cognove-

627 1008 760 1055 runt
819 999 888 1054 ad
930 1001 1075 1070 quod
1139 1004 1341 1058 malum
1388 1005 1761 1070 devenerunt,
1821 1019 1878 1062 et
1931 1024 2179 1078 quaenam

607 1091 773 1162 “passi
809 1091 922 1145 sint
949 1091 1092 1146 inter
1120 1108 1179 1148 se
1208 1093 1491 1152 docentes.
1523 1097 1616 1152 Sic
1644 1098 1776 1152 mihi
1799 1100 1982 1168 placet
2017 1099 2182 1155 intel-

625 1181 795 1253 ligere
821 1187 1004 1240 omnia
1031 1203 1154 1256 quae
1177 1187 1379 1256 scripta
1409 1199 1536 1244 sunt
1560 1191 1627 1246 de
1665 1192 1923 1261 paradiso
1975 1201 2031 1247 et
2061 1208 2190 1263 pro-

608 1276 899 1344 .toplastis.
951 1277 1056 1331 Pro
1091 1278 1293 1333 Christo
1330 1281 1475 1334 enim
1525 1281 1712 1352 [magar
1743 1281 2002 1353 legatione
2042 1286 2088 1317 ⁸⁸
2136 1296 2192 1340 et

625 1384 727 1439 pro
753 1385 872 1425 mea
899 1386 1157 1440 germana
1188 1383 1381 1438 matre,
1421 1375 1532 1428 Eva
1563 1375 1810 1432 Ecclesia
1838 1376 1986 1441 vitae,
2027 1393 2192 1447 quam

2295 649 2401 703 hoc
2425 664 2566 718 opus
2595 665 2691 704 sex
2717 649 2952 712 dierum,
3010 647 3191 702 ﬁdelis
3241 646 3480 715 papulus
3521 644 3747 706 ﬁtarman“

2291 751 2482 796 contra
2511 741 2885 796 adversarios:
2922 755 3100 810 neque
3121 738 3241 793 erit
3267 751 3409 806 opus
3461 736 3670 795 adversus
3689 739 3747 804 di

2289 834 2695 904 potentioribus
2758 833 2980 903 tropaeis
3039 841 3132 886 aut
3190 833 3386 893 armis,
3431 847 3532 884 non
3571 813 3748 902 Μοειὶά

2289 941 2399 980 non
2423 925 2783 996 propheticis,
2809 941 2922 980 non
2977 924 3284 980 Davidicis.
3345 922 3468 977 liae
3512 925 3627 979 enim
3656 922 3747 996 ar“

2293 1027 2487 1072 nostra
2527 1017 2730 1072 militia:
2775 1018 3020 1072 carnalia
3063 1017 3130 1081 ³⁸,
3168 1031 3281 1070 nec
3326 1014 3553 1084 fragilia,
3583 1017 3649 1069 sed
3681 1017 3708 1071 ἢ

2291 1107 2535 1176 potentia
2571 1106 2639 1160 ad
2674 1105 3110 1160 destructionem
3156 1102 3657 1174 propugnaculorum
3689 1102 3747 1176 il

2289 1198 2674 1264 versariorum,
2707 1198 3110 1253 destruentium
3136 1211 3347 1250 eorum
3400 1195 3698 1264 cogitationes.

2292 1299 2510 1339 omnem
2552 1285 2902 1340 altitudinem
2949 1301 3075 1355 quas
3118 1285 3422 1339 extollitur
3464 1283 3672 1338 adversus

2293 1377 2595 1446 gnitionem
2643 1385 2701 1431 et
2737 1376 2901 1432 ﬁdem
2949 1377 3078 1432 Jesu
3115 1375 3335 1431 Christi
3372 1373 3484 1428 veri
3518 1374 3640 1427 Dein

613 1459 861 1534 defendo
892 1463 1154 1517 adversus
1181 1463 1399 1518 Iudaeos
1415 1476 1470 1520 et
1496 1465 1803 1532 haereticos,
1829 1467 1973 1522 ﬁdeli
1996 1469 2200 1537 populo
2294 1469 2384 1522 cui
2414 1468 2589 1538 gloria
2609 1477 2666 1524 et
2700 1468 2947 1538 potentia
2985 1469 3150 1523 simul
3199 1482 3333 1521 cum
3379 1465 3533 1519 Patre
3554 1472 3599 1518 et
3633 1481 3649 1518 ς

2297 1559 2527 1629 Spiritu,
2564 1560 2621 1613 in
2645 1560 2842 1614 saacula
2882 1560 3240 1614 saeculorum.
3279 1561 3478 1612 Amen.

625 1564 830 1623 tropaea
884 1555 1191 1624 erigenset
1225 1564 1494 1623 statuens,
1527 1566 1583 1611 et
1614 1557 1700 1612 his
1729 1558 2115 1630 intelligentiis
2135 1567 2194 1614 et

1706 1663 3748 1883 —-—————————a

1680 1923 2035 2009 LIBER
2113 1923 2839 2011 UNDECIMUS.

1291 2134 1369 2174 DE
1415 2132 1492 2174 IIS
1532 2133 1673 2184 ρυλε
1718 2130 1872 2174 POST
1920 2129 2168 2172 PRIMUM
2199 2129 2533 2174 PECCATUM
2572 2130 2810 2174 SECUTA
2847 2130 3172 2174 FUEBUNT.

691 2418 810 2473 Jam
843 2415 1066 2486 quidem
1101 2429 1132 2468 a
1176 2412 1339 2468 nobis
1389 2412 1556 2482 paulo
1590 2421 1717 2468 ante
1766 2421 1852 2468 est
1894 2419 2178 2468 ostensum
2209 2421 2251 2475 Β
2277 2415 2426 2485 nea),
2461 2416 2745 2485 cujusnam
2771 2417 2982 2486 pudore
3016 2416 3229 2484 aﬁ‘ecti,
3270 2433 3341 2473 ex
3383 2417 3520 2473 foliis
3540 2412 3748 2510 licusm-j

604 2490 769 2580 'quod
800 2517 925 2563 ante
945 2521 1127 2562 escam
1159 2515 1382 2576 apertos
1405 2505 1682 2559 habebant
1733 2505 1944 2559 oculos.
1989 2505 2180 2560 Dicere

617 2604 767 2658 enim
790 2600 934 2672 quod
959 2601 1084 2654 vidit
1125 2599 1315 2652 mulier
1344 2599 1482 2669 quod
1503 2599 1702 2670 lignum
1735 2607 1864 2670 esset
1892 2599 2083 2653 bonum
2113 2599 2182 2652 ad

620 2696 1013 2759 comedendum,
1043 2694 1284 2748 ostendit
1308 2709 1427 2748 eam
1463 2703 1625 2748 acute
1655 2694 1862 2748 videre.
1910 2693 2022 2749 Nec
2077 2693 2182 2748 hoc

619 2789 822 2851 solum,
871 2786 966 2840 sed
999 2786 1104 2839 hoc
1150 2799 1371 2854 quoque
1425 2783 1643 2848 dicere,
1689 2783 1836 2853 quod
1872 2785 2178 2855 jucundum

617 2891 706 2936 est
732 2879 798 2934 ad
822 2879 1143 2941 videndum,
1170 2887 1225 2932 et
1258 2877 1548 2947 pulchrum
1571 2877 1641 2930 ad
1671 2877 2176 2946 contemplandum,

619 2989 720 3044 per
753 2973 852 3026 has
874 2981 985 3026 tres
1013 2971 1285 3025 dictiones
1302 2969 1464 3039 plane
1511 2969 1749 3024 dicimus
1807 2970 2178 3040 perspicacem

617 3066 817 3129 aciem,
857 3064 1246 3132 curiosamque
1280 3071 1336 3116 et
1360 3069 1566 3116 certam
1609 3063 1945 3117 evidentiam
1981 3063 2180 3119 lucida:

615 3156 906 3211 oculorum
963 3155 1218 3210 visionis.
1255 3153 1407 3209 Unde
1461 3155 1626 3208 etiam
1683 3153 2046 3225 Symmachus
2077 3171 2178 3225 pro

618 3247 944 3316 aperientur,
990 3247 1194 3315 posuit,
1242 3244 1370 3313 fient
1417 3244 1786 3315 intelligentes.
1829 3246 2098 3300 Similiter
2125 3258 2179 3302 ct

616 3353 720 3408 pro
751 3339 923 3408 aperti
958 3347 1082 3391 sunt
1107 3336 1382 3390 amborum
1433 3337 1569 3390 oculi
1629 3336 1788 3400 dixit,
1833 3337 2177 3409 intelligentes

618 3428 745 3498 [acti
772 3437 917 3493 sunt,
943 3429 1047 3482 hoc
1069 3437 1172 3488 est,
1201 3428 1330 3481 lacti
1364 3435 1494 3480 sunt
1520 3426 1819 3496 sapientes.
1845 3437 1902 3482 et
1924 3429 1991 3483 ad
2021 3429 2176 3499 agni-

617 3523 825 3578 tionem
853 3538 967 3576 sute
995 3521 1262 3576 nuditatis
1283 3529 1557 3574 venerunt
1588 3521 1940 3575 oculianinue
1961 3538 2172 3578 eorum.

617 3618 694 3673 De
713 3617 918 3686 quibus
947 3615 1220 3685 l'ropheta
1257 3615 1441 3685 regius
1489 3629 1709 3684 quoque
1757 3615 1867 3669 Deo
1899 3624 2025 3670 vota
2054 3616 2178 3670 l‘un-

617 3711 805 3774 debat,
838 3709 1058 3764 dicens:
1085 3707 1275 3761 Revela
1301 3706 1476 3761 oculos
1505 3722 1668 3771 meos,
1706 3709 1956 3777 quoniam
1999 3707 2176 3764 lumen

619 3799 891 3855 oculorum
910 3806 957 3850 et
975 3799 1145 3868 ipsum
1199 3813 1303 3850 non
1338 3805 1412 3849 est
1442 3811 1643 3849 mecum
1694 3797 1762 3862 ’⁷,
1794 3797 1883 3849 sed
1933 3795 2175 3851 illumina
2204 3767 2245 3824 C
2280 3795 2465 3859 tionis,
2519 3795 2683 3848 tacite
2734 3795 3050 3865 signiﬁcare
3091 3812 3154 3852 ac
3212 3795 3516 3852 describere
3561 3785 3703 3840 ωεάῐπω

619 3891 793 3946 oculos
848 3906 1007 3954 meos,
1041 3906 1106 3943 ne
1157 3905 1392 3960 unquam
1447 3887 1773 3942 obdormiam
1818 3889 1874 3940 in
1911 3896 2078 3942 morte
2108 3888 2173 3943 “.

619 3984 836 4040 Peccati
876 3998 1008 4053 ergo
1042 3981 1376 4053 agnitionem
1403 3989 1462 4036 et
1495 3995 1823 4036 consensum
1857 3981 1924 4034 ad
1951 3996 2180 4035 conver-

619 4076 853 4138 sionem,
903 4073 1148 4143 intellige
1197 4082 1479 4142 aspectum
1533 4071 1843 4126 oculorum.
1891 4071 1987 4124 Est
2028 4072 2176 4126 enim

620 4168 913 4238 diligenter
966 4175 1022 4221 et
1066 4175 1322 4222 accurate
1385 4164 1762 4220 adnotandum
1829 4164 1998 4234 quod,
2053 4179 2176 4219 cum

619 4261 820 4315 mulier
859 4269 1006 4315 esset
1045 4275 1214 4329 prope
1248 4270 1583 4329 serpentem,
1612 4269 1668 4314 et
1701 4267 1954 4328 separata
1989 4273 2020 4310 a
2057 4257 2178 4313 viro

618 4353 737 4423 ipsa
757 4352 928 4423 prima
953 4352 1284 4406 comedisset
1311 4367 1376 4406 ex
1395 4351 1565 4422 ligno,
1589 4365 1701 4406 non
1733 4351 1916 4406 statim
1938 4351 2180 4420 respexit

618 4446 794 4501 donec
816 4460 1080 4500 conversa
1106 4443 1210 4498 fuit
1234 4444 1301 4498 ad
1328 4445 1530 4498 virum.
1559 4443 1694 4499 Cum
1729 4451 1913 4498 autem
1935 4441 2179 4511 accepis-

619 4549 706 4595 set
728 4548 783 4594 et
807 4537 1140 4593 comedisset
1164 4536 1471 4607 Spiritualis
1492 4536 1687 4601 Adam,
1709 4536 1814 4591 hoc
1852 4545 1957 4601 est,
1983 4551 2178 4606 passus

617 4638 766 4686 esset
783 4629 1057 4692 Christus,
1110 4637 1239 4682 tunc
1280 4643 1378 4696 per
1423 4627 1541 4696 ejus
1565 4627 1874 4696 passionem
1907 4641 2032 4680 cum
2057 4625 2177 4696 ipso

620 4722 861 4793 respexit
889 4721 1109 4774 mulier.
1149 4718 1205 4774 Si
1249 4726 1434 4772 autem
1469 4734 1558 4772 res
1606 4733 1718 4773 non
1752 4719 1832 4773 sic
1886 4717 2174 4787 intelligis,

619 4814 912 4884 oportebat
936 4813 1246 4876 mulierem,
1289 4825 1413 4865 cum
1446 4809 1622 4880 prima
1676 4809 2028 4875 comedisset,
2064 4810 2178 4880 pri-

618 4921 764 4958 mam
790 4906 1085 4974 respicere.

692 4995 984 5050 V’ideamus
1008 4995 1120 5066 jam
1149 5011 1212 5050 ea
1261 5011 1384 5066 qua:
1429 4994 1696 5065 deinceps
1734 5003 2060 5064 sequuntur.
2108 4992 2177 5048 Et

2255 2776 2523 2849 'utiliora,
2557 2785 2862 2855 cujusmodi
2894 2786 3146 2841 videmus
3187 2789 3323 2842 folia
3363 2789 3614 2858 palmarum
3637 2776 3748 2870 Indi-

3737 2393 3748 2440 1

2282 2513 2513 2561 suerunt
2551 2508 2926 2579 subligacula?
2953 2510 3086 2564 Nam
3108 2513 3155 2565 si
3192 2511 3459 2566 volebant
3505 2522 3724 2582 tegeretur

2281 2599 2430 2670 poris
2463 2600 2791 2666 nuditatem,
2859 2604 3026 2658 multa
3088 2605 3198 2659 alia
3238 2606 3537 2675 plantarum
3576 2605 3656 2658 loli:
3685 2603 3724 2658 al

2280 2705 2407 2745 cum
2462 2707 2622 2746 usum
2675 2702 2805 2748 sunt
2857 2710 2952 2748 sua
2997 2703 3196 2751 natura
3243 2697 3662 2752 accommodatiora
3687 2703 3719 2748 et

2281 2890 2492 2929 carum.
2525 2875 2646 2929 Non
2682 2886 2862 2930 tamen
2911 2879 3226 2942 renuimus,
3280 2894 3450 2948 neque
3494 2878 3718 2947 corporum

2279 2967 2455 3036 ipsius
2510 2967 2708 3022 divina:
2775 2969 3072 3039 Scriptura:
3115 2970 3411 3026 historiam
3460 2970 3715 3024 dissolvimus.

2280 3059 2492 3114 Rursus
2520 3069 2704 3114 autem
2731 3061 3027 3130 quaerimus
3053 3063 3339 3130 quomodo
3362 3063 3470 3117 haec
3497 3078 3522 3115 e
3557 3060 3714 3113 licumu

2280 3150 2613 3221 subligacula
2641 3151 2706 3206 de
2734 3151 2949 3207 Christo
2979 3153 3298 3208 etEcclesia
3327 3162 3448 3208 sunt
3470 3151 3713 3221 prteligunu.

2278 3242 2546 3309 siquidem
2580 3243 2720 3297 facta
2752 3253 2880 3298 sunt
2906 3246 3088 3298 omnia
3115 3261 3216 3314 per
3270 3245 3444 3314 ipsum
3467 3251 3513 3298 et
3529 3241 3580 3296 ad
3605 3243 3710 3308 ipsum

2279 3335 2648 3403 respicientis.
2676 3335 2745 3389 Et
2761 3341 3076 3389 ransuerunt
3102 3336 3234 3406 {alia
3260 3337 3410 3406 ﬁcus,
3430 3345 3472 3389 et
3491 3329 3712 3404 {eceruntah’

2276 3425 2672 3496 subligacula,et
2689 3428 2968 3482 audierunt
2987 3444 3154 3482 vocem
3179 3427 3394 3482 Domini
3411 3426 3495 3479 Dei
3507 3420 3708 3478 antistatis

2277 3520 2330 3571 in
2365 3517 2611 3588 paradiso
2636 3518 2688 3570 in
2711 3517 2947 3572 meridie.

2345 3611 2441 3665 Est
2468 3625 2782 3675 commune,
2818 3619 2872 3664 et
2895 3620 3088 3666 contra
3143 3611 3296 3681 quod
3335 3607 3462 3663 nihil
3485 3603 3568 3660 dici
3587 3609 3702 3672 potest.

2277 3702 2493 3774 dogma,
2518 3701 2803 3757 meridiem
2829 3705 2967 3757 sexti
2986 3704 3139 3758 illius
3168 3703 3284 3760 diei
3303 3695 3604 3759 hebdomadis
3619 3706 3702 3745 cn:-

2277 3888 2414 3943 sexti
2456 3887 2565 3942 diei
2596 3888 2802 3953 szeculi,
2829 3904 3024 3958 nempe
3065 3889 3363 3959 quinquies
3401 3881 3700 3940 millesimum!

2275 3979 2774 4050 quingentesimum
2797 3995 3025 4047 annum,
3044 3981 3104 4035 in
3131 3997 3247 4051 quo
3271 3979 3514 4036 Dominus
3538 3966 3699 4025 Deusta-

2277 4086 2368 4125 mo
2401 4070 2575 4127 factus
2603 4083 2706 4127 est.
2743 4073 2982 4143 Tempus
3025 4087 3157 4142 ergo
3186 4074 3335 4144 quod
3367 4079 3445 4127 est
3489 4073 3583 4121 ante
3606 4059 3697 4113 meri-
3746 4057 3747 4066 ‘

2277 4162 2424 4218 diem
2451 4164 2719 4235 signiﬁcat
2741 4165 2951 4218 cultum
2971 4163 3282 4236 legitimum
3308 4164 3574 4236 Synagogs.
3594 4161 3628 4206 ul
3647 4145 3694 4215 αἰεί

2278 4257 2475 4311 habeat
2509 4256 2640 4311 l'olia
2689 4256 2843 4320 ﬁcus,
2875 4274 3075 4328 nempe
3117 4271 3396 4313 sermones
3428 4248 3622 4323 quosdam
3647 4243 3688 4292 ῑῠ·

2276 4349 2600 4420 l'rugiferos,
2656 4358 2712 4405 et
2753 4360 3026 4420 praecepta
3094 4351 3374 4407 moderate
3425 4332 3693 4417 quodammodo

2277 4446 2604 4514 prurientia,
2628 4455 2684 4500 et
2714 4445 2770 4500 in
2811 4447 3105 4516 superﬁcie
3141 4440 3517 4517 quodammodo
3546 4427 3688 4517 ridentia

2277 4513 2496 4590 sordida
2515 4534 2800 4589 hominum
2831 4513 3095 4590 vulnera:
3127 4513 3257 4590 nam
3295 4532 3414 4588 folia
3439 4529 3546 4582 ﬁcus
3570 4513 3689 4613 νίᾶξξάε

2276 4626 2676 4698 quodammodo
2722 4627 2923 4681 radunt
2947 4628 3141 4682 sordes
3185 4639 3445 4685 vasorum,
3473 4633 3547 4690 per
3567 4607 3684 4665 111de

2277 4735 2425 4775 crem
2464 4735 2585 4789 quae
2611 4728 2694 4774 est
2751 4719 2807 4772 in
2841 4719 2924 4773 eis
2957 4719 3333 4790 asperitatem.
3387 4711 3476 4770 Sed
3507 4715 3548 4762 et
3570 4709 3687 4793 natur!

2276 4813 2580 4868 nuditatem
2601 4821 2657 4868 et
2684 4813 3077 4883 turpitudinem
3099 4830 3201 4869 con
3211 4820 3388 4885 tegunt
3410 4822 3492 4878 per
3513 4801 3684 4855 cireum-

2277 4906 2508 4959 sionem.
2544 4902 2888 4974 Quapropter
2909 4903 3078 4958 etiam
3111 4904 3261 4958 circa
3292 4903 3423 4957 illam
3445 4902 3594 4967 partem
3619 4889 3684 4972 (ιυέ

2278 4996 2521 5066 suscepit
2546 4995 3048 5060 circumcisioncm,
3085 5003 3386 5065 posuerunt
3423 4981 3548 5059 primi
3576 4979 3674 5066 uti!”

620 5093 967 5150 cognoverunt
1009 5063 1152 5154 guod
1212 5063 1364 5138 erant
1422 5085 1568 5147 nudi,
1610 5063 1657 5136 et
1713 5063 2022 5138 consuerunt
2050 5082 2178 5153 folia
2209 5107 2252 5162 ι)
2279 5063 2537 5160 parentes
2595 5086 2941 5157 subligacula
2998 5063 3271 5142 cx—foﬂis
3317 5085 3471 5139 ﬁcus:
3509 5073 3580 5162 bos
3607 5063 3682 5114 ίυτεε

620 5172 773 5240 ﬁcus,
823 5182 870 5226 et
903 5175 1132 5242 fecerant
1187 5175 1285 5230 sibi
1341 5175 1688 5247 subligaculo.
1731 5174 1866 5230 Cum
1899 5175 1953 5228 in
1996 5176 2180 5244 priore
2211 5160 2235 5162 _
2275 5181 2600 5237 ostendente
2642 5180 2892 5249 exemplo
2939 5179 3087 5250 quod
3143 5179 3196 5233 in
3239 5187 3441 5246 vespera
3486 5160 3677 5250 dicit?

622 5264 923 5320 nudatione
982 5266 1216 5323 dixisset
1280 5269 1514 5338 scriptor
1559 5283 1656 5323 eos
1696 5283 1807 5322 non
1867 5267 2177 5333 erubuisse,

2277 5271 2446 5328 tionis
2470 5272 2655 5328 saeculi
2705 5238 3062 5341 cooperietur
3090 5238 3466 5342 quodammodo
3483 5265 3524 5311 el

621 5373 772 5411 nunc
797 5357 931 5412 dicit
957 5360 1101 5427 quod
1127 5360 1358 5413 alterum
1399 5361 1632 5416 alterius
1658 5360 1922 5430 pudebat,
1976 5375 2177 5416 conse-
2273 5371 2366 5416 tur
2387 5362 2737 5418 circumcisio
2766 5326 2865 5431 per
2895 5361 3078 5416 velum
3106 5326 3343 5431 pellicem
3367 5351 3520 5408 tunica:
3541 5332 3676 5431 Clit-mf:
3746 5393 3747 5396 η

624 5465 803 5520 quens
835 5422 990 5506 enim
1011 5461 1130 5506 erat
1183 5452 1288 5506 hoc
1316 5453 1520 5509 dicere.
1549 5422 1686 5509 Cum
1722 5422 1916 5508 autem
1957 5453 2025 5508 ad
2069 5470 2177 5508 nu-
2275 5454 2580 5510 Suntenim
2601 5453 2731 5508 l‘olia
2765 5422 2976 5507 umbra:
3000 5422 3308 5507 efﬁcientia.
3332 5449 3424 5503 Lex
3445 5422 3678 5520 eninihthlll‘

625 5543 852 5614 ptialem
907 5543 1153 5598 nondum
1201 5543 1440 5599 coissent
1491 5546 1960 5616 coniunctionem,
1998 5563 2178 5618 neque

627 5635 836 5692 scirent
868 5645 1090 5706 propter
1115 5652 1276 5707 quam
1306 5651 1523 5692 causam
1547 5645 1732 5706 partes
1759 5637 2025 5708 genitales
2037 5639 2181 5708 apud

629 5744 728 5785 eos
752 5740 882 5784 sunt
919 5730 1137 5786 diversa
1179 5730 1351 5802 ﬁgura
1382 5731 1600 5801 (nempe
1653 5731 1898 5786 mascula
1942 5739 1998 5785 et
2026 5730 2184 5784 femi-

709 5855 757 5900 "
782 5867 976 5938 Eplles.
1007 5883 1082 5934 vt,
1112 5863 1200 5922 20.
1279 5866 1324 5900 "
1346 5865 1388 5920 ll
1412 5863 1538 5921 Cor.
1566 5881 1618 5931 Χ,
1651 5865 1699 5920 4.

1798 5866 1841 5898 ’⁷
1893 5864 2034 5921 Psal.
2065 5863 2334 5931 cxvtu,l8.
2411 5865 2455 5896 ³⁸
2485 5861 2626 5919 Psal.
2667 5879 2759 5928 xu,
2795 5861 2847 5917 4.

2284 5506 2984 5615 meammeam...
3011 5506 3246 5598 cui.“
3358 5536 3464 5592 ηερ,
3507 5506 3678 5615 tua

2287 5611 2817 5707 tegebatur—fructus
2847 5634 3055 5690 Christi
3091 5633 3145 5687 in
3169 5632 3428 5704 Scriptura
3463 5611 3674 5674 Judaorlm‘v

2288 5729 2383 5799 qui
2419 5727 2489 5783 ab
2511 5727 2596 5783 eis
2614 5743 2726 5782 non
2754 5727 3048 5782 videbatur
3086 5734 3310 5796 propter
3351 5707 3582 5792 operculum
3608 5709 3676 5749 cor.

2921 5863 2970 5893 ·¹⁹
2993 5860 3157 5916 Hebr.
3207 5877 3258 5923 ι,
3290 5859 3331 5912 Ι.
