4080 6530
188 330 338 399 i025

1259 343 1341 406 IN
1380 343 1924 405 HEXAEMERON.
1951 374 2020 384 -
2050 353 2194 413 LIB.
2231 356 2336 416 ΧΙ.

3298 370 3437 437 1026

190 446 286 502 dis
315 455 375 502 et
395 446 577 504 velum
610 449 870 507 foliorum
901 450 1198 509 verborum
1213 458 1572 512 exteriorum.
1608 458 1765 514 Unde
1793 463 1839 517 Α
1868 460 2034 533 hujus
2063 465 2281 532 litterze,
2300 477 2355 522 et
2382 469 2554 525 veluti
2578 488 2775 545 magno
2796 477 3033 546 quodam
3058 480 3237 551 lapide
3273 500 3441 556 aper-

185 539 367 593 etiam
395 550 481 596 est
507 544 822 600 contrarius
848 545 998 601 foliis
1025 546 1116 602 Sol
1129 548 1375 618 justitiae,
1395 564 1459 605 ea
1479 551 1764 605 exsiccans

186 639 249 686 et
286 633 619 700 emundans,
655 645 713 691 et
746 637 982 692 maxime
1008 639 1142 694 folia
1174 641 1340 711 hujus
1362 641 1519 697 ﬁcus.
1546 642 1761 697 Etenim

190 722 359 778 ticum
393 739 536 795 saepe
557 727 799 796 appellat
836 729 1103 787 Dominus
1130 733 1513 803 infrugiferum
1551 735 1762 789 cultum

190 814 512 887 Synagogae,
538 833 663 873 cum
692 834 813 874 eam
854 823 1080 891 quidem
1110 824 1268 897 9ιά
1309 826 1604 895 aliquando
1634 827 1764 882 visi-

188 915 365 963 tasset
416 926 514 979 per
543 911 870 980 triennium,
913 925 969 970 et
1015 933 1135 971 eam
1196 919 1500 988 aspexisset
1546 922 1760 977 nullum

190 998 393 1055 aﬂ‘erre
422 1000 687 1069 fructum,
721 1013 779 1059 et
803 1007 1058 1075 jussisset
1091 1011 1349 1081 agricolae
1409 1021 1469 1066 ut
1506 1028 1628 1068 eam
1659 1030 1760 1068 ex-

190 1088 494 1156 scinderet,
532 1109 603 1147 ne
634 1104 839 1151 terram
870 1110 1170 1170 occuparet
1198 1104 1448 1159 otiosam.
1489 1103 1626 1160 Cum
1658 1122 1758 1160 au-

194 1189 306 1234 tem
358 1191 639 1251 postremo
673 1202 867 1245 rursus
894 1194 1137 1250 venisset
1164 1197 1431 1266 justitiam
1462 1199 1676 1265 sitiens,
1702 1210 1757 1255 et

188 1274 515 1330 accessisset
564 1276 631 1329 ad
681 1276 844 1334 ﬁcum
891 1282 1109 1354 (nempe
1145 1288 1499 1355 Jerusalem),
1547 1301 1603 1346 et
1644 1308 1755 1347 non

188 1364 488 1423 invenisset
564 1370 672 1425 nisi
754 1373 905 1440 folia,
969 1394 1036 1433 ex
1113 1381 1315 1450 quibus
1376 1392 1534 1438 erant
1586 1389 1753 1441 etiam

187 1455 279 1511 illa
312 1459 676 1531 subligacula,
721 1480 842 1521 eam
893 1471 1191 1527 exsiccavit
1225 1474 1449 1531 dicens:
1486 1476 1603 1531 Non
1633 1496 1754 1532 am-

188 1550 323 1620 plius
361 1568 423 1605 e1:
448 1562 497 1606 te
523 1566 777 1611 nascatur
825 1563 1030 1630 peccati
1065 1564 1267 1633 fructus
1310 1568 1367 1620 in
1396 1577 1650 1622 retentum
1681 1571 1748 1625 ³ο.

186 1642 456 1707 Quoniam
486 1656 669 1701 autem
702 1649 812 1705 iota
842 1670 1005 1707 unum
1025 1664 1119 1708 aut
1134 1674 1270 1728 apex
1284 1675 1421 1713 unus
1449 1677 1551 1714 non
1570 1671 1751 1716 trans-

185 1736 276 1789 ibit
309 1754 372 1791 ex
407 1738 515 1810 lege
540 1742 700 1819 donec
750 1747 927 1801 omnia
953 1747 1089 1815 ﬁant
1118 1750 1159 1782 ³¹
1196 1751 1252 1805 in
1290 1752 1532 1820 Christo,
1563 1757 1747 1811 consi-

182 1827 319 1882 dera
349 1846 530 1885 rerum
564 1839 1038 1906 consequentiam.
1073 1840 1515 1901 ComcditAdam
1565 1849 1749 1905 cibum

187 1922 437 1979 mulieris
477 1926 835 1985 insidiatricis
872 1953 885 1987 :
920 1932 1124 1991 deinde
1176 1937 1420 2007 seipsum
1477 1944 1751 1999 succinxit

184 2014 525 2085 subligaculo
550 2032 839 2093 postquam
881 2026 1247 2083 comedisset:
1280 2030 1482 2087 deinde
1510 2036 1751 2091 comedit

185 2114 241 2158 et
272 2105 435 2163 latuit
460 2110 565 2164 sub
586 2112 737 2182 ligno
761 2114 817 2169 in
840 2117 1118 2186 paradiso,
1144 2128 1203 2175 et
1234 2120 1342 2176 fuit
1379 2126 1665 2195 quaesitus,
1693 2137 1749 2185 et

186 2205 377 2251 caetera
417 2215 539 2269 quae
578 2218 909 2273 sequuntur.
968 2209 1058 2266 Sic
1100 2212 1265 2268 etiam
1294 2214 1550 2273 Christus
1605 2237 1747 2291 smpe

186 2290 427 2348 comedit
451 2309 576 2349 cum
612 2296 728 2353 suis
776 2298 1063 2372 discipulis
1099 2305 1328 2377 legalem
1358 2308 1543 2365 cibum
1609 2290 1747 2368 insi-

183 2377 386 2437 diantis
411 2384 728 2458 Synagogze,
757 2402 811 2445 et
853 2393 1019 2447 etiam
1057 2398 1278 2466 quando
1300 2414 1534 2470 serpens
1576 2403 1748 2460 Judas

183 2471 310 2526 fecit
330 2477 703 2544 proditionem
753 2483 1061 2541 collocutus
1110 2504 1235 2544 cum
1277 2493 1531 2551 adultera
1570 2495 1746 2569 Syna-

182 2580 353 2635 goga:
411 2568 609 2627 deinde
659 2584 950 2645 postquam
988 2581 1339 2650 comedisset,
1400 2568 1630 2659 surgens
1676 2607 1744 2645 ex

178 2669 334 2709 omna
381 2657 554 2714 Adam
605 2664 928 2733 Spiritualis,
983 2673 1252 2728 suecinxit
1306 2692 1365 2731 se
1401 2657 1743 2751 subligaculo

179 2746 369 2802 lintei:
406 2750 609 2810 deinde
637 2770 736 2811 sua
768 2767 965 2828 sponte
989 2760 1129 2834 fugit
1166 2765 1221 2819 in
1254 2767 1499 2838 hortum,
1548 2746 1603 2828 et
1635 2774 1742 2829 fuit

177 2838 457 2907 quaesitus,
498 2852 824 2915 etegressus
844 2859 931 2905 est
953 2867 1019 2907 ex
1046 2853 1227 2910 horto.
1262 2858 1376 2929 Ego
1420 2869 1604 2917 autem
1639 2866 1742 2918 mi-

178 2943 271 2982 ror
312 2932 615 2989 cecilatem
653 2937 996 3006 Judaaorum,
1050 2956 1341 3016 prepterea
1385 2953 1530 3020 quod
1595 2954 1741 3009 Seri-

174 3031 336 3091 ptura
386 3034 472 3080 est
521 3028 660 3084 adeo
708 3041 900 3088 exacta
944 3042 1002 3089 et
1052 3050 1331 3095 accurata.
1395 3043 1613 3115 Etenim
1668 3047 1736 3102 de

170 3113 380 3171 Adamo
406 3118 673 3188 scriptum
698 3134 782 3179 est
805 3126 953 3193 quod
988 3127 1231 3198 seipsum
1263 3134 1503 3189 accinxit
1528 3154 1540 3189 :
1584 3138 1736 3192 simi-
1763 3167 1806 3227 ο

170 3206 293 3227 ,μη
549 3212 562 3227 .
640 3213 694 3227 η.
756 3217 817 3227 .,
932 3219 983 3227 η.
1302 3225 1310 3227 _

170 3206 296 3262 liter
324 3211 495 3265 etiam
530 3212 599 3267 de
637 3213 883 3272 Christo.
930 3219 985 3274 Si
1038 3232 1223 3276 autem
1260 3225 1346 3279 vis
1372 3226 1559 3283 videre
1604 3245 1733 3285 eum

168 3482 405 3538 cinctum
427 3487 759 3555 pendentem
790 3491 847 3546 in
882 3509 1068 3563 cruce,
1104 3515 1268 3569 supra
1294 3502 1423 3556 Adae
1458 3506 1729 3571 cranium,

168 3589 270 3643 pro
319 3576 531 3632 Adamo
563 3587 621 3634 et
665 3581 775 3636 Eva
811 3586 1132 3653 patientem,
1168 3591 1236 3647 de
1271 3594 1473 3662 quibus
1520 3597 1729 3654 dictum

165 3676 279 3721 est:
312 3669 378 3722 Et
405 3672 687 3727 audierunt
743 3694 919 3731 vocem
950 3680 1159 3736 Domini
1202 3684 1299 3739 Dei
1341 3686 1730 3746 deambulantis

163 3762 223 3813 in
244 3763 489 3829 paradiso
521 3768 755 3833 meridie,
776 3781 824 3825 et
855 3770 1125 3829 latuerunt
1154 3777 1327 3832 Adam
1353 3789 1404 3841 et
1431 3798 1566 3835 umor
1615 3786 1729 3855 ejus

162 3868 197 3903 α
222 3852 357 3920 facie
386 3852 593 3912 Domini
640 3859 733 3914 Dei
759 3863 813 3915 in
844 3866 1010 3919 medio
1039 3866 1167 3937 ligni
1198 3873 1453 3939 paradisi,
1497 3884 1544 3927 et
1572 3852 1727 3930 voca-

160 3944 235 3996 vit
307 3942 562 4001 Dominus
592 3949 722 4005 Deus
750 3952 1035 4021 Adamum,
1068 3967 1119 4011 et
1148 3960 1281 4014 dixit
1304 3964 1389 4018 ei:
1423 3965 1616 4031 Adam,
1642 3969 1727 4023 ubi

160 4035 338 4090 es?Et
364 4038 500 4093 dixit
544 4043 629 4097 ei:
653 4043 834 4100 Vocem
864 4057 1011 4103 tuam
1038 4053 1217 4106 audivi
1248 4055 1634 4114 deambulantis
1670 4064 1727 4115 in

160 4128 434 4197 paradiso,
454 4140 505 4184 et
527 4134 697 4201 timui,
724 4139 851 4208 quia
875 4141 1045 4194 nudus
1074 4158 1212 4207 sum,
1236 4153 1283 4196 et
1308 4145 1459 4200 latui.
1496 4150 1564 4203 Et
1592 4152 1725 4206 dixit

161 4220 209 4271 ei
256 4219 431 4276 Deus:
456 4222 583 4289 Quis
637 4227 728 4281 tibi
749 4224 1085 4287 annuntiaait
1117 4236 1253 4305 quod
1287 4238 1357 4290 sis
1403 4242 1592 4306 nudus,
1624 4246 1743 4298 nisi

160 4323 223 4361 ex
245 4308 427 4379 lignon
447 4329 509 4366 ea:
537 4331 640 4385 quo
666 4316 778 4371 solo
809 4319 901 4373 tibi
927 4324 1178 4379 mandavi
1210 4342 1276 4380 ne
1325 4332 1638 4398 comederes,
1659 4350 1724 4389 ea:

159 4414 218 4451 eo
250 4402 554 4458 comedisses
582 4406 608 4458 ?

1869 556 1958 620 tis,
1994 573 2190 628 nempe
2232 561 2570 619 obscuritate
2600 584 2616 619 :
2643 567 2775 632 Quis
2803 570 2962 625 nobis
3013 575 3253 631 revolvet
3304 580 3437 633 cali-

1867 646 2047 715 ginem
2079 649 2299 715 litteraa,
2330 663 2394 707 ut
2414 655 2557 710 intra
2582 658 2784 712 nubem
2810 662 3067 718 etdivina
3100 665 3218 721 haec
3250 669 3434 741 adyta,

1867 737 1923 792 iu
1959 738 2157 796 Sancta
2184 753 2502 801 sanctorum
2548 749 2845 813 intuentes,
2900 755 3188 812 videamus
3219 764 3433 819 occulta

1866 829 2030 900 hujus
2060 836 2304 904 mysterii
2344 840 2516 908 orgia,
2557 856 2676 910 qum
2722 844 2942 912 quidem
2995 851 3281 919 perspicua
3338 870 3433 907 or-

1869 922 2117 979 thodoxa:
2140 926 2266 980 ﬁdei
2303 930 2634 987 rectitudine
2667 950 2778 988 non
2822 942 3429 1011 comprehendet-imus,

1865 1013 1910 1067 si
1938 1014 2197 1072 historice
2224 1019 2447 1075 abducti
2484 1022 2750 1079 fuerimus
2796 1042 2827 1080 a
2876 1028 3136 1086 dictionis
3167 1036 3433 1090 crassitu-

1864 1103 2012 1158 dine.
2044 1106 2189 1163 Deus
2214 1110 2363 1164 enim
2399 1112 2493 1181 qui
2528 1113 2719 1183 implet
2753 1116 2952 1170 caelum
2986 1117 3046 1177 ρξ’
3070 1129 3292 1189 terram,
3337 1128 3431 1197 qui

1862 1192 2028 1248 dicit:
2069 1196 2187 1250 Non
2225 1200 2417 1254 videbit
2444 1188 2596 1256 homo
2650 1205 2837 1272 faciem
2871 1224 3039 1261 meam
3079 1219 3127 1262 et
3158 1213 3291 1266 vivet
3350 1188 3429 1283 £8;

1861 1285 2139 1353 quomodo
2166 1292 2440 1357 personali
2463 1294 2772 1362 pnesentia,
2812 1305 2867 1348 et
2918 1297 3074 1352 loeali
3136 1302 3296 1357 simul
3332 1323 3397 1360 va
3420 1340 3432 1351 ο

1861 1375 1998 1430 dens
2033 1380 2290 1446 transitu,
2322 1391 2379 1436 et
2403 1383 2559 1437 vocis
2580 1384 2752 1439 edens
2781 1386 3047 1446 sonitum.
3096 1390 3149 1444 in
3200 1395 3429 1451 meridie

1859 1470 2091 1524 accessit
2145 1470 2213 1525 ad
2261 1472 2844 1542 Adamum?Quanam
2903 1489 3085 1534 autem
3140 1483 3208 1538 de
3263 1501 3429 1543 causa

1857 1575 1983 1615 eum
2003 1563 2201 1632 puduit
2222 1565 2428 1619 nudum
2459 1569 2702 1637 conspici
2743 1586 2772 1624 a
2800 1571 2932 1635 Deo,
2966 1590 3088 1628 cum
3123 1579 3305 1632 statim
3356 1582 3430 1636 ab

1858 1652 2019 1709 initio
2045 1656 2228 1711 nudus
2248 1673 2277 1711 a
2304 1658 2416 1713 Deo
2442 1659 2639 1714 fuisset
2669 1665 2848 1718 factus
2884 1674 2940 1719 et
2974 1673 3236 1736 apertus?
3269 1672 3428 1743 igno-

1858 1746 2086 1801 rabatne
2101 1748 2269 1813 Deus,
2296 1750 2389 1819 qui
2411 1751 2619 1806 sciebat
2640 1755 2821 1809 omnia
2852 1768 2978 1811 ante
3000 1769 3181 1814 ortum
3210 1778 3423 1829 eorum,

1780 1822 1825 1878 Β
1854 1837 2033 1891 locum
2072 1838 2125 1893 in
2172 1856 2280 1909 quo
2310 1841 2515 1897 latebat
2564 1844 2759 1911 Adam,
2806 1858 2863 1902 et
2893 1851 3017 1905 ideo
3060 1856 3421 1913 exclamavit:

1851 1926 2025 1982 Adam
2042 1930 2129 1983 ubi
2161 1932 2260 1983 es?
2313 1931 2465 1998 Quod
2531 1944 2615 1989 est
2661 1948 2844 1992 autem
2874 1941 3288 2011 admirabilius,
3324 1964 3423 2003 cur

1852 2034 1959 2074 non
1994 2030 2154 2075 vocat
2196 2032 2483 2093 utrosque,
2514 2035 2573 2080 et
2593 2028 2767 2081 multo
2793 2032 2964 2101 magis
2986 2036 3274 2091 mulierem
3298 2055 3425 2109 qua:

1849 2111 2029 2168 fuerat
2049 2112 2309 2184 decepta:
2358 2116 2530 2171 Adam
2564 2120 2703 2173 enim
2747 2137 2850 2174 non
2909 2135 2983 2177 est
3011 2126 3276 2195 deceptus,
3327 2133 3423 2185 sed

1849 2204 2042 2259 mulier
2080 2207 2182 2277 fuit
2214 2208 2450 2277 decepta.
2480 2209 2762 2276 Quomodo
2803 2224 2986 2270 autem
3019 2233 3128 2272 non
3173 2222 3424 2278 cernitur

1848 2296 1994 2352 Deus
2036 2299 2266 2352 omnino
2315 2299 2487 2354 fuisse
2548 2301 2770 2357 locutus
2819 2320 2944 2359 cum
3010 2308 3243 2364 muliere
3290 2323 3421 2368 ante

1849 2391 2379 2459 transgressionem?
2399 2391 2666 2458 Quoniam
2690 2411 2821 2467 ergo
2844 2410 2932 2453 est
2959 2415 3152 2469 magna
3175 2412 3231 2456 et
3260 2419 3418 2459 com-

1847 2482 2128 2551 prehensa
2179 2483 2418 2539 difﬁcilis
2470 2501 2636 2556 super
2696 2490 2881 2545 omnia
2915 2508 3035 2561 quae
3075 2495 3231 2563 prius
3261 2497 3411 2554 dicta

1848 2586 1979 2631 sunt
2003 2592 2131 2631 vera
2156 2592 2351 2632 eorum
2386 2595 2509 2648 quae
2545 2591 2674 2636 sunt
2706 2585 2986 2653 preposita
3020 2589 3411 2651 consideratio.

1845 2685 1956 2724 non
2002 2670 2177 2726 solum
2207 2671 2275 2726 iis
2319 2672 2413 2741 qui
2465 2682 2595 2727 sunt
2636 2676 2842 2730 nostris
2899 2681 3276 2748 temporibus,
3314 2683 3412 2738 sed

1842 2762 2007 2817 etiam
2032 2763 2101 2819 iis
2134 2764 2230 2834 qui
2278 2764 2465 2819 multis
2510 2773 2634 2819 ante
2682 2767 2897 2822 saeculis
2935 2783 2964 2821 a
2998 2769 3111 2824 Deo
3138 2772 3292 2827 fuere
3325 2773 3411 2828 af—

1842 2850 1979 2916 ﬁati,
2008 2862 2065 2907 et
2108 2854 2165 2907 in
2195 2854 2262 2908 iis
2282 2864 2409 2909 sunt
2437 2856 2665 2926 pulchre
2692 2859 2917 2923 versati,
2951 2860 3095 2914 sicut
3137 2863 3303 2918 etiam
3329 2865 3413 2919 di-

1842 2946 1919 2999 cit
1946 2946 2287 3002 Adamantus
2309 2947 2513 3002 Christi
2557 2948 2876 3019 indagator:
2933 2951 3047 3006 haec
3092 2969 3310 3023 quoque
3336 2957 3407 3010 ad

1840 3036 2075 3091 aliorum
2132 3037 2550 3092 similitudinem
2596 3055 2908 3107 precemur,
2964 3052 3023 3096 ut
3076 3045 3413 3114 accipiamus

1840 3122 2071 3192 digitum
2098 3123 2191 3191 qui
2224 3124 2400 3193 tetigit
2422 3125 2616 3179 oculos
2636 3127 2764 3181 caeci
2788 3128 2856 3181 ab
2881 3137 3031 3183 ortu.
3052 3129 3155 3196 Qui
3177 3133 3405 3202 quidem

1837 3213 2352 3268 DominusAdamus
2372 3216 2553 3299 statim
2581 3216 2800 3275 abortu
2840 3218 2944 3273 fuit
2962 3220 3309 3287 immortalis,
3341 3234 3405 3279 ut

1836 3307 1930 3376 qui
1948 3306 2374 3362 fueritoculatus
2396 3308 2777 3376 aDeilumine,
2798 3320 2877 3375 ut,
2896 3328 3019 3369 cum
3038 3315 3405 3385 tetigissetnc»

1835 3410 1978 3455 stros
1989 3402 2197 3465 oculos,
2217 3400 2455 3456 diceret:
2472 3400 2765 3472 Ephplteta,
2780 3404 2916 3471 quod
2928 3416 3022 3465 est,
3038 3406 3317 3477 adaperire
3333 3409 3405 3464 “.

1833 3492 2020 3547 Nostri
2053 3492 2201 3547 enim
2265 3493 2409 3547 oculi
2444 3502 2702 3549 tenentur
2740 3510 2809 3549 ne
2858 3505 3047 3564 aperte
3075 3508 3399 3568 agnoscant.

1902 3585 2190 3655 Quomodo
2233 3586 2502 3655 propheta
2559 3586 2781 3655 quidem
2830 3587 3032 3651 Moses,
3078 3591 3164 3644 vel
3213 3593 3401 3661 potius

1831 3680 2058 3750 angelus
2085 3679 2181 3750 qui
2228 3679 2471 3749 loquitur
2520 3679 2576 3733 in
2607 3679 2747 3748 ipso,
2781 3696 2882 3749 per
2934 3697 3154 3738 omnem
3212 3695 3398 3741 actum

1830 3774 1926 3843 qui
1962 3781 2049 3828 est
2104 3773 2159 3826 in
2192 3771 2588 3851 inobedientia,
2623 3780 2681 3826 et
2714 3782 3003 3840 peccatum
3034 3774 3192 3844 ligni,
3242 3792 3397 3831 com-

1830 3881 2027 3921 munes
2047 3866 2181 3919 facit
2239 3874 2295 3919 et
2322 3865 2605 3934 conjungit
2652 3866 2844 3920 ambos
2882 3867 3270 3935 protoplastos,
3306 3869 3397 3924 vel

1829 3958 2016 4029 potius
2040 3957 2331 4012 mulierem
2356 3957 2527 4010 solam
2551 3956 2793 4011 ostendit
2825 3973 2947 4013 esse
2964 3957 3022 4012 in
3055 3959 3250 4027 culpa:
3275 3960 3393 4030 ipsa

1826 4059 1912 4105 est
1933 4050 2193 4113 allocuta,
2226 4050 2342 4117 ipsa
2380 4056 2466 4103 est
2519 4049 2767 4118 decepta,
2819 4051 2935 4119 ipsa
2971 4051 3233 4115 comedit,
3274 4053 3397 4121 ipsa

1825 4143 1947 4196 viro
1977 4141 2151 4203 dedit,
2171 4141 2287 4209 ipsa
2308 4140 2357 4195 ei
2382 4151 2466 4193 est
2495 4139 2773 4203 insidiata,
2798 4141 2913 4209 ipsa
2936 4141 3041 4196 fuit
3074 4158 3237 4196 causa
3260 4160 3393 4213 pec.

1826 4234 1956 4298 cati,
2000 4232 2300 4295 nuditatis,
2356 4232 2603 4296 timoris,
2655 4232 3163 4303 subligaculorum,
3215 4235 3389 4305 fuga},

1823 4324 2261 4381 absconsionisa
2306 4325 2662 4394 Demptum),
2708 4327 3124 4390 exsecrationis,
3171 4329 3386 4396 mortis,

1821 4428 1898 4482 et,
1927 4428 1988 4472 ut
2014 4418 2183 4472 semel
2208 4416 2413 4481 dicam,
2448 4417 2716 4471 malorum
2769 4417 3276 4475 innumerabilium.
3320 4421 3389 4477 Et

228 4491 479 4550 Fortasse
504 4513 615 4552 non
654 4510 742 4555 est
777 4502 1042 4571 alienum,
1093 4509 1241 4577 quod
1276 4510 1384 4568 illae
1434 4514 1714 4583 dixerunt,
1740 4507 1795 4568 D
1821 4512 2084 4568 cumhaee
2107 4509 2182 4562 ita
2210 4508 2467 4571 habeant,
2505 4508 2784 4579 quomodo
2831 4511 2978 4567 Deus
3024 4527 3148 4566 cum
3198 4528 3389 4569 acces-

158 4579 327 4636 Blaria
364 4593 422 4638 et
468 4584 687 4643 Salome
717 4599 774 4644 et
827 4591 1060 4659 Joanna,
1112 4608 1426 4666 quaerentes
1455 4617 1582 4657 eum
1624 4579 1717 4675 qui

158 4673 361 4729 latebat
414 4676 471 4730 in
501 4681 759 4748 paradiso
811 4682 1082 4755 Golgotha
1138 4691 1242 4745 sub
1293 4692 1461 4762 ligno,
1519 4673 1717 4767 nempe

153 4767 370 4822 nudum
389 4768 676 4827 Christum
707 4774 879 4831 Adam
910 4794 1072 4848 quem
1097 4783 1312 4837 vocavit
1332 4795 1383 4839 et
1409 4787 1719 4845 eduxitDo-

152 4862 341 4917 minus
372 4863 519 4920 Deus
545 4881 613 4921 ex
665 4866 913 4933 latebris,
939 4872 1184 4927 excitans
1214 4888 1339 4929 eum
1381 4892 1445 4931 ex
1485 4881 1719 4937 mortuis

150 4954 460 5010 secundum
491 4972 733 5025 carnem,
774 4960 880 5016 hoc
904 4978 1005 5017 nos
1040 4980 1258 5035 quoque
1305 4967 1492 5024 dicere
1517 4970 1584 5025 de
1613 4972 1717 5029 hoc

146 5047 361 5100 Adamo
389 5047 485 5116 qui
516 5047 720 5103 latebat
766 5050 819 5104 in
868 5050 973 5106 hoc
1018 5052 1179 5108 horto
1231 5054 1285 5108 in
1332 5057 1512 5113 medio
1558 5059 1715 5131 ligni,

148 5152 317 5207 quem
341 5154 593 5207 quaerens
620 5140 767 5196 Deus
798 5142 1064 5199 suscitare
1086 5145 1142 5198 in
1170 5145 1421 5213 meridie,
1444 5148 1513 5203 ad
1534 5150 1714 5220 ipsum

146 5230 399 5287 advenit.
424 5231 533 5287 Illae
567 5234 738 5300 enim,
773 5251 972 5305 nempe
1024 5236 1196 5293 Maria
1236 5239 1551 5310 Magdalene
1585 5258 1713 5298 cum

145 5323 372 5378 duabus
394 5324 519 5380 aliis
530 5325 815 5383 dicebant:
850 5328 979 5394 Quis
1002 5329 1227 5385 resolvet
1247 5332 1393 5386 nobis
1413 5333 1643 5404 lapidem
1666 5336 1711 5369 ³²

144 5425 209 5469 ut
239 5416 532 5473 videamus
560 5434 686 5475 eum
717 5421 811 5491 qui
840 5421 990 5478 intus
1020 5423 1189 5479 latet?

215 5509 488 5565 Similiter
523 5511 668 5567 idem
707 5513 841 5568 mihi
866 5530 1086 5585 quoque
1118 5519 1391 5575 succurrit
1420 5520 1712 5577 dicendum

142 5604 203 5657 iu
234 5603 546 5673 propositis
593 5614 650 5660 et
695 5622 805 5662 non
863 5608 1385 5679 contemplabilibus
1434 5618 1713 5689 mysteriis

1824 4606 1987 4661 sisset
2012 4604 2109 4658 illo
2140 4602 2373 4658 meridie
2404 4602 2472 4657 ad
2513 4602 2932 4672 inquisitionem
2970 4614 3027 4659 et
3059 4606 3230 4660 veluti
3254 4621 3387 4662 exa-

1824 4697 2182 4751 minationem
2217 4711 2413 4750 eorum
2460 4696 2554 4766 qui
2605 4712 2717 4751 non
2768 4697 3123 4761 obedierunt,
3148 4714 3257 4752 non
3286 4715 3386 4753 vo-

1822 4789 2220 4843 catmulierem
2244 4788 2314 4842 ad
2349 4788 2837 4853 examinationem,
2891 4805 2999 4842 non
3050 4803 3170 4843 eam
3204 4789 3385 4859 gravi-

1822 4892 1909 4937 ter
1943 4882 2211 4952 increpat,
2234 4896 2347 4935 non
2392 4880 2548 4949 ponit
2572 4881 2801 4935 omnino
2850 4880 2906 4934 in
2946 4881 3067 4950 ejus
3094 4896 3256 4950 pmna
3286 4896 3384 4936 ex-

1820 4973 2203 5037 secrationem,
2236 4987 2347 5026 non
2377 4970 2471 5025 dat
2503 4971 2555 5025 ei
2603 4980 2808 5026 terram
2855 4970 2924 5025 ad
2959 4971 3385 5039 comedendum,

1816 5082 1925 5120 non
1960 5064 2167 5135 Spinas,
2194 5079 2303 5118 non
2350 5063 2612 5128 tribulos,
2638 5080 2748 5117 non
2789 5063 3103 5128 esum’feni,
3145 5080 3255 5118 non
3284 5080 3383 5118 su-

1815 5160 2005 5215 dorem
2042 5159 2250 5221 vultus,
2279 5157 2374 5212 sed
2431 5173 2611 5227 neque
2657 5173 2778 5211 eam
2828 5157 3055 5227 expellit
3083 5166 3178 5212 aut
3200 5168 3377 5213 exter-

1814 5254 1987 5307 minat
2016 5267 2047 5306 a
2069 5250 2347 5321 paradiso,
2378 5265 2487 5305 non
2527 5250 2579 5304 ei
2610 5250 2835 5305 omnino
2884 5258 3107 5305 revocat
3154 5265 3382 5319 serpen-

1818 5354 1929 5400 tem
1954 5345 2011 5399 in
2045 5343 2392 5407 memoriam,
2426 5357 2536 5396 non
2557 5357 2676 5397 eam
2705 5342 2917 5412 pudore
2940 5342 3127 5406 afﬁcit,
3157 5341 3376 5397 dicens:

1815 5436 1926 5491 Cur
1940 5434 2204 5504 deeepisti
2220 5434 2522 5488 Adamum?
2543 5433 2647 5489 Sed
2665 5449 2788 5488 cum
2810 5435 3141 5490 ostendisset
3161 5448 3379 5490 omnem

1818 5528 2213 5598 benignitatem
2233 5536 2289 5581 et
2322 5527 2628 5582 bonitatem
2657 5526 2711 5581 in
2758 5527 3047 5582 mulierem
3086 5543 3206 5597 qui?
3230 5526 3378 5581 ceci-

1813 5623 1991 5688 derat,
2022 5620 2201 5691 pergit
2225 5619 2290 5675 ad
2315 5620 2616 5685 hominem,
2672 5628 2729 5674 et
2774 5619 2910 5675 dicit
2938 5619 3025 5674 ei:
3057 5620 3248 5684 Adam,
3288 5617 3376 5672 ubi

221 5778 269 5811 ³⁰
299 5779 487 5835 Matth.
521 5799 621 5835 XXI.
650 5785 736 5842 l9.
817 5789 856 5820 ³¹
880 5788 1067 5843 Matth.
1093 5805 1123 5842 v
1170 5790 1255 5849 l8.
1334 5794 1378 5828 ³’
1405 5794 1567 5853 Marc.
1596 5813 1707 5870 XVI,
1733 5800 1740 5852 Σ

1863 5802 1908 5834 ³⁸
1939 5800 2110 5856 Exod.
2131 5817 2316 5868 χχχιιι,
2345 5800 2432 5855 20.
2513 5801 2556 5831 3"
2584 5800 2746 5867 Marc.
2771 5815 2867 5863 vn,
2898 5800 2988 5855 54.
