3792 6534
702 302 837 366 ῙΟΞἸ

1900 312 1960 372 S.
2003 312 2396 374 ANASTASII
2436 314 2759 375 SINAIT/E
3718 332 3741 385 1η

702 461 754 500 es
778 446 804 498 Ρ
826 444 894 500 Et
923 446 1053 501 dixit
1083 447 1130 500 ei
1155 462 1173 500 :
1207 445 1399 500 Audivi
1425 461 1599 499 uocem
1641 453 1788 498 luant
1831 444 2175 509 ambulantis,
2216 454 2265 497 et
2295 436 2340 490 Α
2368 449 2534 513 Deus,
2560 450 2847 504 utvideret
2875 448 3008 519 quid
3032 464 3096 503 ea
3116 450 3340 504 vocaret
3366 458 3591 521 tanquam
3606 456 3745 529 adrep-

702 536 857 601 latui,
883 537 1135 607 quoniam
1175 551 1292 589 sum
1345 535 1534 588 nudus.
1594 534 1737 589 Audi
1780 543 1837 590 et
1882 534 2150 590 Adamum
2176 550 2265 589 re-

704 629 1067 698 spondentem
1098 642 1162 682 ea
1204 644 1326 697 qua:
1364 628 1477 681 Deo
1516 627 1873 681 conveniunt.
1909 626 2069 681 Solus
2114 627 2262 681 enim

697 719 960 788 quaesitus
979 726 1038 773 et
1060 726 1289 773 vocatus
1313 718 1609 788 respondet
1660 717 2035 787 singulariter,
2071 728 2128 773 et
2152 733 2262 772 non

698 809 984 880 conjunxit
1007 808 1114 862 sibi
1141 809 1452 862 mulierem.
1479 809 1599 862 Non
1616 812 1764 862 enim
1788 808 1943 867 dicit.
1973 809 2262 863 audivimus

696 916 872 953 uocem
910 907 1057 953 tuam
1110 898 1499 953 deambulantis
1522 901 1574 951 in
1603 899 1875 968 paradiso,
1900 908 1948 952 et
1992 901 2263 953 timuimus

696 994 821 1064 quia
853 992 979 1045 nudi
1023 1008 1223 1056 sumus,
1254 1001 1303 1045 et
1354 991 1629 1055 latuimus,
1681 992 1830 1060 quod
1871 990 2094 1059 quidem
2144 1000 2265 1045 erat

694 1099 907 1138 verum;
943 1084 1052 1138 Sed
1078 1086 1576 1137 mittensaccusare
1600 1098 1754 1137 suam
1767 1093 1997 1146 costam,
2023 1085 2261 1152 seipsum

695 1176 887 1247 prodit
916 1191 1015 1246 pro
1044 1192 1129 1230 ea.
1155 1176 1276 1229 llzec
1298 1190 1421 1228 cum
1442 1191 1837 1243 persequerer,
1868 1175 2109 1244 paradisi
2124 1176 2262 1231 civis

696 1269 902 1324 Paulus
939 1284 1159 1322 rursum
1188 1267 1460 1322 accedens
1484 1268 1537 1320 in
1576 1267 1843 1331 medium,
1877 1267 2048 1320 dixit:
2074 1266 2266 1337 Myste-

694 1362 838 1414 rium
881 1376 1134 1430 magnum
1177 1367 1271 1412 est.
1326 1358 1439 1427 Ego
1476 1366 1659 1412 autem
1709 1375 1833 1412 cum
1882 1358 2001 1428 ipso
2034 1360 2147 1412 dico
2206 1360 2263 1412 in

699 1452 906 1507 Christo
927 1460 975 1504 et
1001 1449 1237 1505 Ecclesia
1260 1450 1327 1514 ³⁸,
1373 1464 1475 1518 pro
1500 1466 1606 1518 qua
1634 1465 1692 1503 se
1728 1450 1881 1504 dedit
1916 1452 1983 1503 ad
2007 1459 2259 1503 mortem.

697 1539 855 1596 Unde
899 1540 1067 1593 etiam
1108 1556 1139 1592 a
1186 1539 1299 1592 Deo
1340 1546 1535 1591 vocato
1586 1553 1721 1591 vero
1769 1538 2001 1602 Adamo,
2040 1538 2263 1607 quando

698 1632 861 1696 dixit,
892 1632 1087 1697 Adam,
1124 1631 1207 1683 ubi
1227 1631 1325 1683 es?
1372 1645 1482 1683 non
1516 1630 1726 1683 dictum
1774 1639 1859 1684 est
1900 1631 1955 1684 in
1977 1630 2263 1701 Scriptura

699 1723 849 1793 quod
880 1722 1016 1777 exiit
1041 1730 1137 1775 aut
1190 1722 1341 1775 venit
1397 1721 1465 1774 ad
1498 1721 1693 1786 Deum,
1725 1730 1810 1775 est
1852 1722 1999 1776 enim
2047 1737 2264 1791 semper

698 1816 845 1887 apud
870 1816 1041 1869 Deum
1079 1812 1462 1883 inseparabilis
1490 1813 1683 1867 Filius.

770 1908 895 1962 Haec
941 1907 1328 1977 praemisimus,
1387 1922 1481 1960 ora
1522 1905 1839 1960 Judieorum
1886 1906 2259 1970 obstruentes,

696 2016 768 2055 ne
812 2015 915 2055 nos
942 2000 1233 2053 audientes
1259 2000 1444 2052 omnia
1473 1999 1669 2052 Adami
1714 2000 1783 2052 ad
1812 1997 2091 2053 Christum
2123 2000 2264 2052 refe-

704 2101 913 2158 rentes,
944 2092 1263 2146 existiment
1288 2106 1414 2146 eum
1438 2091 1607 2145 fuisse
1634 2092 1738 2146 sub
1793 2100 2040 2162 peccato,
2073 2101 2129 2145 et
2155 2091 2264 2144 cri-

697 2183 991 2239 minationi
1029 2183 1329 2237 obnoxium
1364 2190 1421 2239 et
1454 2185 1839 2239 exsecrationi.
1881 2184 2091 2239 Suﬂicit
2114 2183 2263 2237 enim

700 2276 1105 2332 demonstratio
1134 2290 1328 2330 eorum
1360 2291 1481 2345 quae
1504 2292 1653 2331 nunc
1679 2278 1823 2331 dicta
1866 2287 2013 2342 sunt,
2037 2276 2104 2329 ad
2135 2290 2263 2344 per-

698 2367 1041 2422 suadendum
1072 2367 1160 2422 vel
1198 2367 1431 2421 maxime
1471 2367 1778 2433 incredulo,
1817 2369 1963 2438 quod
2010 2384 2265 2437 quaecun-

698 2474 807 2529 que
854 2459 1077 2529 quidem
1125 2459 1343 2529 objecta
1399 2469 1529 2513 sunt
1582 2461 1822 2525 mulieri,
1874 2461 2088 2531 objecta
2135 2469 2264 2514 sunt

697 2555 1034 2621 accusando,
1079 2571 1417 2625 quaecunque
1466 2564 1648 2609 autem
1675 2555 1844 2609 Adam
1876 2571 1906 2608 a
1955 2556 2067 2609 Deo
2111 2554 2265 2608 audi-

699 2649 801 2715 vit,
822 2649 1030 2717 absque
1094 2650 1481 2703 criminatione
1521 2664 1619 2702 seu
1660 2648 2030 2711 accusatione,
2084 2662 2149 2701 ea
2197 2646 2264 2700 de

698 2740 924 2795 Christo
953 2739 1219 2794 dicuntur
1253 2755 1311 2794 se
1336 2739 1683 2794 demittendo
1719 2756 1819 2809 pro
1854 2740 2116 2804 Ecclesia,
2157 2739 2265 2793 sibi

700 2830 1057 2885 attribuendo
1116 2830 1265 2884 illius
1319 2840 1603 2900 peccatum
1649 2839 1705 2883 et
1745 2830 2176 2885 exsecrationem
2210 2840 2267 2885 et

701 2932 957 2977 mortem.
988 2923 1289 2991 Propterea
1310 2923 1457 2976 enim
1489 2922 1634 2976 Deus
1654 2922 1787 2977 fecit
1824 2937 1914 2977 res
1948 2922 2139 2976 Adami
2184 2921 2269 2976 di-

701 3036 892 3075 versas
917 3030 973 3075 et
1005 3020 1341 3074 excelsiores
1367 3034 1534 3088 supra
1586 3019 1897 3081 mulierem,
1940 3024 2001 3071 ut
2048 3032 2150 3071 nos
2183 3016 2266 3070 di-

2363 550 2420 596 et
2437 541 2531 610 qui
2547 550 2664 596 erat
2682 541 2764 595 eis
2792 540 3357 597 dominaturus.Unde
3377 541 3495 597 licet
3520 544 3679 611 videre,
3694 553 3745 605 eti

2362 647 2490 686 vere
2512 633 2790 687 hominem
2810 642 3067 703 tanquam
3092 633 3185 702 qui
3221 633 3389 687 habet
3409 643 3677 703 potestatem
3695 654 3745 692 eti

2365 721 2631 777 Dominus
2684 722 3243 792 (nempeChristum)
3284 735 3501 778 uxorem
3530 728 3745 787 nominant:

2361 811 2523 882 915
2534 814 2855 877 Ecclesiam,
2870 831 2935 869 ex
2955 815 3070 883 ipsa
3087 815 3456 883 appellantem
3470 818 3573 886 ejus
3584 826 3745 877 nomen.‘

2364 906 2493 956 tam.
2512 903 2649 958 Vere
2686 903 2831 957 enim
2860 904 3100 958 viviticat
3120 920 3264 973 quos
3284 914 3519 973 generat,
3535 912 3745 981 nempebip

2363 1010 2559 1056 amate.
2587 1000 2654 1054 Et
2683 998 2751 1054 de
2780 1000 2898 1053 solo
2924 999 3165 1063 homine,
3190 1000 3463 1068 Propheta
3479 1001 3594 1055 dicit
3614 1004 3687 1057 Deo
3705 1008 3745 1059 :l

2364 1093 2525 1146 nuisti
2553 1108 2669 1144 eum
2704 1091 2864 1161 paulo
2912 1093 3083 1144 minus
3116 1092 3179 1143 ab
3213 1091 3436 1161 angelis,
3463 1091 3745 1161 gloriatura

2362 1184 2627 1237 eoronasti
2670 1199 2809 1247 eum,
2848 1192 2897 1235 et
2926 1184 3241 1236 constituisti
3271 1200 3388 1235 eum
3418 1185 3538 1253 (non
3564 1196 3689 1238 autem
3718 1206 3745 1241 ec.

2360 1291 2519 1344 super
2574 1288 2734 1344 opera
2787 1290 3039 1326 manuum
3087 1281 3326 1336 tuarum,
3380 1283 3427 1326 et
3458 1276 3609 1328 omnia
3634 1280 3745 1346 mea

2361 1365 2453 1419 sub
2485 1366 2697 1437 pedibus
2728 1365 3189 1435 ejus“,etsolius,
3205 1381 3319 1420 non
3340 1374 3513 1419 autem
3534 1366 3745 1435 ipsorum

2363 1468 2471 1523 est,
2550 1475 2657 1513 non
2686 1458 2996 1521 amborum,
3044 1457 3139 1511 sed
3173 1458 3351 1511 solius
3374 1457 3571 1524 Adami,
3597 1460 3637 1512 in
3658 1460 3745 1526 lim

2363 1550 2590 1607 Christi.
2623 1551 2877 1605 Ostendit
2914 1550 3011 1605 tibi
3042 1551 3186 1605 hanc
3212 1566 3461 1620 magnam
3495 1562 3545 1605 et
3570 1553 3745 1622 income:

2364 1642 2528 1697 bilem
2559 1643 2924 1697 dilferentiam
2960 1642 3153 1697 Adami
3203 1642 3273 1695 ab
3300 1643 3441 1705 Eva,
3481 1642 3745 1712 honoreth

2292 1775 2335 1828 Β
2364 1740 2611 1808 gloriam,
2638 1748 2696 1793 ut
2724 1749 2913 1794 exacte
2950 1747 3005 1792 et
3038 1748 3299 1793 accurate
3332 1737 3502 1791 discas
3519 1738 3745 1805 quandoze

2362 1832 2439 1887 ris
2465 1832 2742 1887 hominem
2779 1832 2835 1887 in
2872 1832 3043 1900 ﬁgura
3078 1830 3290 1885 Christi
3318 1846 3375 1885 se
3398 1830 3631 1883 dimittere
3655 1830 3691 1881 ad

2361 1923 2575 1987 lierem,
2605 1931 2661 1977 et
2710 1923 2875 1977 simul
2904 1938 3028 1976 cum
3074 1939 3138 1976 ea
3182 1920 3471 1976 comedere
3502 1935 3559 1974 ex
3594 1921 3686 1990 ligno
3708 1939 3745 1969 τε

2362 2016 2526 2070 simul
2556 2015 2765 2078 videre,
2807 2024 2864 2070 et
2908 2014 3070 2069 simul
3116 2014 3347 2079 nudari,
3377 2022 3431 2069 et
3462 2014 3596 2068 simul
3625 2030 3745 2067 eoum

2362 2103 2491 2157 folia
2536 2102 2671 2158 ﬁcus
2701 2123 2714 2157 :
2740 2104 2845 2158 hoc
2872 2113 2981 2167 est,
3026 2104 3396 2173 praemeditari
3422 2114 3475 2159 et
3492 2114 3745 2172 componeret

2363 2196 2526 2251 simul
2576 2197 2733 2250 unire
2789 2197 3018 2251 verbum
3066 2212 3193 2252 cum
3236 2198 3409 2252 verbo
3444 2196 3745 2251 addeieusicw

2362 2300 2419 2345 et
2450 2290 2617 2345 simul
2646 2291 2842 2345 audire
2872 2306 3062 2345 vocem
3100 2290 3324 2345 Domini
3352 2289 3441 2345 Dei
3468 2288 3745 2343 ambulantis,c

2364 2383 2585 2448 timere,
2634 2395 2692 2438 et
2726 2383 2951 2454 fugere,
2993 2393 3049 2438 et
3099 2364 3301 2447 latere,
3336 2391 3390 2437 et
3427 2380 3581 2436 vocari
3604 2380 3745 2432 solum:

2363 2474 2848 2539 examinationem,
2884 2485 2941 2529 et
2967 2474 3135 2529 duras
3158 2490 3352 2543 poenas
3395 2488 3484 2543 pro
3505 2472 3577 2526 illa
3596 2470 3745 2535 suscitat

2364 2575 2419 2621 et
2446 2568 2621 2620 solum
2652 2566 2852 2635 expelli
2882 2582 2949 2620 ex
2997 2565 3283 2635 paradiso,
3317 2574 3373 2619 et
3408 2564 3630 2631 suscipere
3648 2570 3745 2613 ante:

2366 2657 2499 2712 tiam
2532 2658 2747 2712 mortis.
2801 2656 2927 2712 llaec
2978 2658 3164 2712 omnia
3215 2657 3433 2726 quando
3462 2653 3657 2724 aspexeris
3682 2648 3745 2702 Adi

2366 2766 2515 2804 mum
2555 2758 2611 2804 et
2635 2766 2798 2820 agere
2819 2759 2875 2806 et
2905 2750 3164 2817 suﬂ‘erre,
3194 2751 3461 2820 intelliges
3493 2748 3745 2809 Christumlaa

2366 2836 2618 2906 Paulum)
2651 2836 2749 2890 tibi
2778 2836 2963 2891 dicere
2988 2855 3000 2891 :
3026 2838 3202 2892 Adam
3232 2855 3336 2891 non
3366 2846 3433 2890 est
3463 2828 3745 2903 deceptus".llét

2365 2928 2513 2982 enim
2544 2927 2706 2982 modo
2731 2928 2972 2983 comedit
2999 2928 3267 2998 antiquus
3291 2929 3378 2983 ille
3407 2927 3457 2981 in
3482 2936 3619 2995 typum
3634 2920 3745 2979 Clausi

2366 3019 2474 3073 alio
2507 3030 2689 3074 autem
2725 3020 2889 3075 modo
2930 3022 3130 3075 mulier
3168 3022 3227 3075 in
3271 3030 3449 3092 typum
3478 3010 3746 3092 Ecclesia.

704 3126 989 3165 sceremus
1036 3120 1090 3163 et
1152 3109 1484 3163 doceremur
1509 3108 1996 3178 incomparabilem
2061 3107 2265 3162 Christi
2294 3113 2334 3169 C
2368 3102 2634 3163 modo’esl
2653 3110 3004 3180 intelligenda
3028 3110 3226 3164 Adami
3251 3112 3397 3164 visus
3420 3104 3686 3176 recuperata;

702 3202 1071 3257 diﬂ'erentiam
1102 3218 1267 3272 supra
1313 3201 1633 3255 Ecclesium.
1692 3202 1826 3256 Nam
1868 3217 1991 3255 cum
2039 3200 2268 3255 dixisset

702 3296 868 3359 Deus,
896 3294 1176 3349 Faciamus
1205 3295 1467 3348 hominem
1497 3295 1569 3347 ad
1594 3295 1879 3364 imaginem
1914 3303 1960 3347 et
2016 3292 2265 3347 similitu-

701 3388 877 3441 dinem
901 3398 1159 3450 nostram,
1213 3386 1349 3439 nihil
1403 3386 1675 3457 ejusmodi
1735 3386 1873 3440 dixit
1919 3384 1988 3439 de
2033 3385 2267 3439 muliere

713 3479 937 3549 quando
956 3494 1076 3533 eam
1108 3487 1227 3533 erat
1259 3480 1632 3533 fabricaturus
1657 3494 1723 3533 ex
1749 3479 1922 3533 latere
1945 3477 2161 3532 Adami.
2201 3476 2270 3531 Et

720 3572 1113 3627 rursusdicens
1130 3588 1146 3626 :
1166 3571 1306 3625 Fecit
1320 3572 1456 3627 Deus
1479 3574 1763 3637 hominem;
1780 3572 1849 3625 ad
1868 3571 2149 3640 imaginem
2172 3570 2269 3623 Dei

705 3665 826 3736 fecit
860 3664 1012 3718 illum
1033 3706 1048 3731 ,
1084 3681 1195 3719 non
1220 3665 1357 3719 dicit
1390 3666 1458 3719 de
1487 3680 1574 3729 ea,
1607 3664 1725 3733 fecit
1765 3664 1940 3729 illam,
1972 3664 2068 3717 sed
2114 3670 2268 3733 post-

705 3771 870 3826 quam
902 3756 1041 3811 dixit
1066 3756 1133 3811 de
1162 3757 1409 3821 homine,
1433 3757 1552 3826 fecit
1585 3755 1770 3829 illum,
1811 3765 1941 3811 tunc
1962 3756 2266 3827 subjungit,

705 3847 1002 3903 masculum
1029 3859 1077 3902 et
1107 3849 1493 3919 femiuamfecit
1520 3848 1660 3903 illos.
1718 3849 1982 3903 Similiter
2004 3849 2169 3903 etiam
2213 3849 2270 3902 in

703 3940 1035 4001 formatione
1061 3942 1322 4007 hominis,
1352 3940 1573 4012 quando
1610 3942 1959 4010 dixitaFecit
1997 3945 2133 3995 Deus
2180 3942 2273 3995 ho-

705 4035 899 4088 minem
919 4034 1042 4088 limo
1071 4044 1282 4105 accepto
1303 4043 1511 4099 eterra,
1536 4045 1581 4088 et
1598 4035 1880 4105 insuﬂlauit
1898 4036 1952 4088 in
1968 4036 2139 4104 ipsum
2165 4034 2272 4104 spi-

705 4125 870 4178 ritum
890 4124 1029 4189 vitw,
1065 4124 1271 4178 nullam
1295 4124 1429 4178 fecit
1471 4123 1808 4177 mentionem
1842 4121 2109 4176 mulieris.
2136 4120 2268 4173 Nam

706 4216 852 4288 quod
868 4217 1068 4272 attinet
1082 4217 1147 4271 ad
1163 4216 1620 4281 essentiam,nihil
1639 4214 2089 4270 habuitEcclesia
2106 4229 2171 4267 ex
2184 4212 2271 4265 di-

707 4310 839 4364 vina
870 4311 1298 4379 essentia.cujus
1329 4310 1432 4364 fuit
1463 4309 1773 4381 symbolum
1798 4307 2273 4377 insuﬂlatio,prius

2369 3102 2634 3163 modo’esl
2653 3110 3004 3180 intelligenda
3028 3110 3226 3164 Adami
3251 3086 3397 3164 vis-us
3420 3086 3745 3271 recuperatis:

2369 3200 2553 3264 modo,
2602 3200 2868 3256 mulieris.
2902 3201 3021 3255 Alia
3058 3209 3144 3256 est
3192 3202 3297 3255 viri
3328 3200 3544 3259 nudatio,
3565 3197 3633 3249 alia
3660 3208 3695 3243 au

2367 3294 2631 3348 mulieris.
2670 3294 2845 3347 Aliter
2878 3293 3029 3348 timet
3053 3294 3229 3349 Adam
3260 3294 3353 3364 qui
3377 3300 3453 3347 est
3483 3288 3628 3345 Christi
3649 3285 3743 3349 luunt

2380 3402 2492 3441 non
2519 3386 2818 3455 deceptus;
2863 3395 2918 3441 et
2942 3387 3103 3441 aliter
3121 3388 3284 3441 timet
3310 3385 3487 3440 mulier
3512 3382 3675 3447 decepta.
3693 3375 3743 3440 ll“

2381 3477 2529 3532 enim
2543 3493 2641 3547 per
2658 3477 3110 3543 inobedientiam,
3128 3479 3277 3535 sicut
3294 3478 3524 3539 Ecclesia;
3536 3474 3741 3527 Adimam

2370 3571 2586 3640 (nempe
2610 3570 2885 3641 Chrismsl
2911 3588 2976 3627 θο
2992 3572 3139 3642 quod
3162 3590 3264 3643 pro
3284 3570 3525 3626 ambobus
3541 3566 3578 3619 id
3595 3560 3743 3623 susdpab

2369 3662 2484 3717 Hoc
2511 3662 2674 3717 modo
2698 3662 3055 3733 intelligenda
3083 3673 3171 3719 est
3204 3665 3366 3719 etiam
3401 3658 3582 3715 nudatio
3607 3667 3693 3722 quam
3714 3661 3743 3729 Il

2368 3752 2617 3809 Calvaria
2640 3754 2921 3819 sustinuit,
2952 3764 3009 3810 et
3031 3756 3183 3827 fuga.
3208 3753 3540 3823 Quamobrem
3559 3743 3735 3817 periisse

2368 3850 2640 3904 sationem
2666 3849 2831 3904 etiam
2862 3849 3001 3920 fugit
3038 3848 3095 3902 in
3126 3849 3440 3920 Egyptum,
3466 3853 3512 3898 et
3532 3836 3731 3894 vocatum

2370 3941 2635 3996 Dominus
2676 3941 2820 3995 Deus
2839 3940 3102 3995 latentem
3133 3942 3190 3995 in
3226 3940 3462 4011 A-Zgypto.
3483 3934 3612 4000 Quare
3631 3922 3733 3978 dicax

2369 4031 2535 4087 etiam
2566 4050 2577 4083 :
2616 4031 2696 4085 Ea:
2722 4031 2951 4102 zEgypto
2979 4034 3155 4085 vocavi
3185 4031 3372 4085 Filium
3405 4042 3541 4081 meum
3558 4014 3729 4082 ’ἕρπε

2369 4124 2455 4179 vis
2482 4125 2651 4179 etiam
2684 4123 2870 4179 videre
2899 4123 3182 4179 Christum
3209 4119 3487 4177 voluntarie
3501 4117 3674 4169 timentem
3686 4114 3729 4167 lt“

2370 4216 2635 4280 Ecclesia,
2682 4217 2813 4271 audi
2848 4217 3239 4287 evangelistam
3282 4217 3345 4270 de
3389 4228 3448 4269 eo
3474 4210 3650 4263 dicentem

2371 4327 2487 4363 cum
2515 4318 2645 4363 esset
2672 4312 2729 4363 in
2758 4311 2948 4379 agonia
2971 4350 2985 4373 ,
3025 4312 3196 4364 orauit
3230 4308 3462 4363 intentius
3476 4303 3527 4363 ³’,
3548 4309 3584 4351 et
3597 4285 3727 4363 ideal“

708 4400 1025 4471 signiﬁcans
1077 4402 1173 4455 Dei
1210 4400 1375 4455 Verbi
1421 4416 1489 4453 ex
1519 4401 1679 4454 Patre
1724 4398 1777 4455 id
1828 4399 1974 4469 quod
2020 4414 2087 4453 ex
2113 4397 2274 4453 nobis
2372 4401 2538 4454 tristis
2563 4416 2725 4468 usque
2746 4400 2815 4454 ad
2848 4409 3067 4454 mortem
3086 4401 3128 4431 ⁸ο
3158 4419 3171 4453 :
3208 4398 3464 4454 medicans
3488 4387 3726 4447 tristitiam“?

706 4504 793 4550 est
822 4493 1036 4547 luteum
1089 4492 1416 4562 ingressum,
1444 4499 1501 4544 et
1545 4489 1937 4544 habitationem
1988 4489 2044 4543 in
2096 4489 2271 4559 hypo-
2303 4497 2347 4552 ι)
2374 4491 2546 4555 lieris,
2582 4501 2638 4545 et
2672 4507 2773 4562 pro
2791 4508 2853 4547 ea
2878 4492 3077 4548 ductus
3092 4492 3158 4547 ad
3186 4491 3485 4563 passionem.
3508 4478 3723 4547 ρυοωεωξε·

708 4585 864 4641 stasi.
909 4583 977 4638 Et
1008 4582 1133 4637 ideo
1162 4597 1272 4637 non
1320 4581 1414 4636 dat
1459 4581 1605 4635 Deus
1661 4580 1881 4638 mulieri
1926 4579 2271 4634 essentialem

709 4678 796 4734 sui
821 4674 1248 4732 insnﬂlationem
1276 4713 1293 4739 ,
1356 4672 1616 4743 quoniam
1672 4687 1786 4726 non
1830 4681 1917 4726 est
1972 4670 2273 4741 composita

708 4772 911 4828 mulier
937 4786 1006 4825 ex
1028 4768 1322 4823 divinitate
1343 4774 1401 4821 et
1426 4765 1792 4829 humanitate,
1852 4764 1997 4819 sicut
2018 4763 2273 4819 Christus

708 4865 917 4921 Adam:
972 4862 1069 4919 sed
1097 4878 1164 4917 ex
1189 4875 1303 4915 una
1324 4858 1439 4914 sola
1468 4872 1656 4923 carne,
1698 4870 1894 4926 nempe
1942 4856 2116 4909 latere
2164 4855 2271 4909 hu-

712 4956 1011 5013 manitatis.
1039 4957 1211 5010 Porro
1227 4961 1409 5009 autem
1432 4952 1488 5006 in
1518 4950 1792 5021 positione
1814 4963 2034 5018 quoque
2084 4956 2141 5003 et
2188 4949 2271 5002 in—

714 5065 905 5121 gressu
968 5048 1164 5103 Adami
1214 5047 1272 5101 in
1326 5043 1669 5116 paradisum,
1725 5057 1837 5096 non
1875 5041 2049 5096 dicit:
2099 5039 2270 5095 Simul

715 5138 863 5211 ponit
888 5154 1005 5191 cum
1032 5154 1090 5192 eo
1114 5135 1407 5191 mulierem.
1456 5134 1646 5205 Neque
1673 5147 1807 5188 vero
1844 5132 1901 5186 in
1948 5131 2270 5201 operatione

714 5228 847 5283 facit
901 5226 1064 5281 simul
1110 5242 1237 5281 cum
1288 5240 1356 5280 eo
1388 5222 1633 5292 operari,
1690 5238 1870 5293 neque
1914 5221 1971 5277 in
2021 5221 2272 5277 custodia

720 5317 887 5374 simul
940 5332 1063 5371 esse
1104 5316 1407 5372 custodem.
1448 5314 1557 5371 Sed
1607 5329 1788 5384 neque
1834 5330 1902 5371 ex
1948 5313 2098 5369 omni
2124 5313 2274 5384 ligno

715 5408 865 5481 quod
891 5418 977 5464 est
1012 5408 1069 5462 in
1100 5400 1352 5479 paradiso
1378 5408 1605 5479 jubetur
1641 5406 1935 5462 comedere
1988 5406 2097 5461 nisi
2123 5406 2275 5461 solus

714 5499 989 5555 Christus.
1015 5497 1123 5553 Sed
1154 5513 1330 5567 neque
1356 5498 1589 5567 imponit
1610 5497 1807 5552 mulier
1828 5511 2032 5552 nomen
2080 5495 2274 5551 bestiis

716 5602 775 5649 et
789 5592 1107 5647 volucribus
1136 5608 1149 5644 :
1182 5590 1251 5645 ad
1278 5590 1455 5646 solum
1478 5590 1626 5645 enim
1647 5590 1915 5645 Adamum
1935 5606 2033 5648 eos
2049 5590 2276 5646 adduxit

814 5711 859 5743 ⁸⁸
893 5710 1093 5781 Ephes.
1123 5726 1178 5778 v,
1216 5710 1304 5768 32.
1410 5710 1454 5741 “
1476 5710 1617 5766 Psal.
1659 5726 1770 5779 Vlll,
1798 5710 1911 5766 6-8.

719 5797 862 5846 nvr,
891 5781 978 5839 38.

2022 5710 2062 5744 ³⁷
2094 5713 2111 5767 l
2147 5713 2369 5780 Tim.n,
2404 5714 2488 5769 14.

2280 5871 2319 5886 ’δ’

2373 4592 2481 4638 tem
2514 4584 2831 4647 meridiem,
2880 4584 2976 4639 Dei
3015 4562 3480 4639 Verbiiadventum
3505 4584 3587 4626 esse
3611 4562 3721 4652 ΡΨ

2374 4673 2647 4739 dedimus,
2677 4687 2901 4728 necesse
2917 4682 3004 4728 est
3021 4675 3247 4729 omnino
3259 4672 3429 4726 videre
3440 4654 3628 4735 quomodo
3640 4650 3722 4739 ei”?

2373 4766 2443 4822 de
2477 4734 2701 4821 homine
2722 4766 3001 4821 communi
3033 4766 3146 4836 (qui
3179 4774 3261 4820 est
3282 4761 3430 4819 veluti
3456 4734 3610 4827 quidam
3628 4734 3723 4836 ἔδξῆ

2372 4870 2429 4913 et
2470 4858 2537 4913 de
2569 4858 2689 4929 ejus
2720 4858 2949 4929 conjuge
3000 4830 3264 4922 Ecclesia,
3291 4854 3428 4925 prius
3467 4850 3560 4901 sunt
3580 4830 3722 4929 dei“???

2375 4925 2659 5023 proposita
2684 4925 2921 5021 paradisi
2943 4962 3223 5021 mysteria,
3250 4959 3301 5004 et
3323 4946 3460 5000 linem
3475 4925 3721 5023 accerl‘l‘l'

2375 5044 2558 5099 nobis.
2595 5043 2734 5100 Cum
2775 5058 2908 5115 ergo
2958 5043 3281 5098 comedisset
3308 5036 3473 5093 mulier
3505 5038 3586 5096 ill"
3604 5017 3719 5115 dmin}

2374 5155 2442 5195 ex
2468 5138 2611 5193 malo
2664 5108 2963 5209 impietatis
3002 5138 3184 5193 fructu
3214 5134 3356 5206 ligni,
3390 5108 3721 5213 διέλυε-ΜΡίῖ

2376 5238 2598 5302 pentem
2628 5240 2888 5301 tanquam
2922 5237 3068 5286 esset
3097 5231 3216 5301 ejus
3240 5241 3384 5287 uxor.
3408 5200 3716 5302 ἀείηδθδίηῗῦῖ

2372 5290 2584 5384 liasset,
2607 5329 2667 5374 ut
2689 5290 2799 5392 jam
2834 5320 2947 5375 dixi
2978 5290 3157 5385 antea,
3192 5328 3244 5375 et
3274 5315 3333 5371 ad
3361 5308 3553 5367 malum”

2372 5319 2584 5384 tiasset,
2607 5329 2667 5374 ut
2689 5322 2799 5392 jam
2834 5320 2947 5375 dixi
2978 5332 3157 5385 antea,
3192 5328 3244 5375 et
3274 5318 3333 5371 ad
3361 5318 3553 5367 maritum
3576 5318 3703 5393 fw"

2372 5427 2551 5475 versa,
2589 5428 2699 5466 non
2736 5412 3047 5467 invenimus
3065 5428 3186 5467 eam
3210 5406 3416 5478 amplius
3430 5375 3713 5467 διηπίνίδ¹¹¹ί¹¹¹²ῗΙ

2372 5512 2471 5558 aut
2511 5520 2636 5559 cum
2700 5514 2955 5561 serpente
2993 5504 3217 5559 omnino
3260 5513 3365 5556 esse
3406 5465 3713 5561 locum"

2372 5512 2471 5558 aut
2511 5520 2636 5559 cum
2700 5514 2955 5574 serpente
2993 5504 3217 5559 omnino
3260 5513 3365 5556 esse
3406 5465 3709 5603 locutam;d0':::

2375 5612 2505 5668 ergo
2530 5613 2652 5668 quae
2686 5560 2915 5652 lueiunt
2942 5605 3066 5668 post
3088 5598 3207 5669 ejus
3228 5583 3553 5650 conversionem
3576 5560 3647 5617 ad!

2590 5716 2633 5749 ³⁸
2665 5714 2791 5771 058.
2830 5731 2900 5781 XI,
3088 5666 3132 5750 si
3160 5716 3281 5771 Luc.
3314 5720 3417 5769 SI"!
3440 5698 3502 5751 ιδ,
3569 5666 3698 5726 “Mill!

3724 5790 3733 6023 l
