4080 6528
332 344 478 414 1029

1409 348 1493 411 1N
1531 342 2081 409 HEXAEMERON.
2107 368 2176 381 —-
2205 326 2351 403 Lm‘.
2392 344 2496 403 x1.

3439 350 3576 416 1031}

325 474 481 514 mum
517 459 645 529 (hoc
667 469 774 525 est,
808 459 1111 531 Christum)
1154 458 1459 530 intelligere
1497 466 1715 528 oportet
1762 455 1905 509 bona
1935 458 1978 513 Α
2005 451 2170 507 lecta.
2196 454 2325 510 Haec
2349 454 2534 508 omnia
2566 470 2676 509 non
2705 461 2834 510 sunt
2864 455 3152 511 irascentis
3168 458 3390 528 judicis,
3419 480 3485 518 ex
3509 468 3577 521 iis

322 562 384 607 et
410 562 544 607 tunc
574 552 924 623 praeﬁgurata
944 552 1011 607 ad
1035 553 1295 607 Ecclesiae
1326 552 1686 613 beneﬁcium,
1717 559 1772 603 et
1802 565 1899 603 cu-

317 644 554 714 juslibet
574 644 818 699 hominis
840 644 934 714 qui
963 655 1049 700 est
1071 645 1317 715 ejusdem
1350 647 1508 716 cujus
1526 646 1642 714 ipsa
1659 642 1898 714 generis.

322 736 628 793 Oculorum
664 738 886 808 quidem
924 738 1077 794 visus
1122 740 1634 809 recuperationem,
1692 737 1902 792 Christi

324 845 471 885 vera:
503 830 644 885 lucis
669 831 1038 901 agnitionem;
1069 833 1337 887 nuditatis
1370 841 1555 887 autem
1582 831 1900 895 tectionem,

326 921 548 977 initium
582 937 780 977 sensus
820 923 886 977 ad
932 926 1350 980 correctionem.
1402 926 1535 979 Nam
1585 924 1898 993 sapientes,

326 1012 529 1082 inquit,
564 1022 752 1083 tegunt
777 1029 929 1068 suam
959 1015 1363 1070 verecundiam.
1399 1015 1543 1070 Audi
1567 1015 1715 1069 enim
1753 1013 1901 1083 quod

327 1104 424 1158 ﬁat
470 1113 735 1173 praeterea
787 1114 913 1174 post
942 1107 1136 1161 induta
1183 1108 1544 1178 subligacula.
1600 1107 1703 1174 Qui
1755 1106 1901 1161 enim

324 1196 483 1265 prius
504 1212 617 1250 non
649 1197 973 1252 obedierant
998 1200 1117 1255 voci
1157 1208 1213 1255 et
1238 1200 1497 1255 mandato
1528 1200 1622 1255 Dei
1656 1201 1749 1270 qui
1774 1211 1904 1255 ante

325 1289 611 1343 meridiem
643 1299 949 1360 temporum
974 1292 1217 1347 nondum
1244 1294 1560 1357 advenerat,
1586 1302 1641 1347 et
1661 1310 1759 1363 per
1781 1310 1901 1347 car-

323 1396 453 1435 nem
478 1382 638 1436 nobis
680 1398 790 1436 non
822 1385 1310 1455 appropinquarat,
1346 1394 1401 1441 et
1428 1386 1672 1439 nondum
1708 1387 1900 1440 ambu«

324 1474 477 1529 labat
512 1475 609 1529 Dei
660 1477 980 1545 praedicatio
1021 1487 1153 1532 tunc
1181 1494 1306 1532 cum
1339 1480 1394 1532 in
1431 1495 1649 1534 onmem
1695 1489 1903 1534 terram

325 1564 498 1619 exivit
530 1581 700 1620 sonus
719 1567 840 1636 ejus
877 1565 1111 1621 dicentis
1141 1585 1153 1620 :
1182 1567 1553 1621 Paenitentiam
1597 1571 1756 1639 agite,
1805 1588 1899 1640 αρι

325 1658 650 1727 propinquat
701 1658 841 1710 enim
896 1673 1112 1728 regnum
1157 1658 1501 1723 cazlorum“,
1548 1660 1769 1729 quando
1794 1678 1899 1715 vox-

326 1749 551 1805 Domini
582 1749 722 1803 facta
757 1759 842 1804 est
872 1766 1038 1820 super
1069 1766 1259 1820 aquas,
1294 1752 1513 1821 quando
1554 1754 1763 1806 tonitru
1802 1769 1899 1807 vo-

2006 562 2128 615 qua:
2177 556 2306 601 sunt
2347 547 2740 616 consequentia
2778 548 3045 603 historia}.
3078 550 3212 604 Nam
3268 567 3391 606 cum
3430 556 3581 612 Deus

2004 638 2235 693 dixisset
2264 638 2473 692 Adamo
2520 658 2532 692 :
2560 637 2686 704 Quis
2719 640 2810 693 tibi
2843 643 3163 695 renuntiavit
3190 645 3326 712 quod
3354 648 3425 700 sis
3475 666 3578 702 nu-

2004 732 2121 796 dus,
2154 732 2254 784 nisi
2273 732 2580 784 comedisses
2609 748 2671 784 ea:
2695 732 2835 801 ligno
2877 734 3011 802 quod
3042 735 3131 787 tibi
3143 735 3287 803 jussi
3320 754 3383 791 ne
3404 756 3577 794 come-

2003 824 2199 877 deres?
2238 823 2373 879 Vide
2424 824 2569 893 quod
2618 823 2791 878 Adam
2839 826 2950 879 Deo
2998 829 3295 896 respondet
3348 830 3575 888 dicens:

2002 914 2196 968 Mulier
2226 932 2385 985 quam
2422 914 2607 967 dedisti
2642 916 2767 989 nti/ti
2796 932 3015 980 mecum,
3048 919 3163 987 ipsa
3196 922 3319 973 mihi
3347 920 3486 975 dedit
3513 940 3578 977 ea:

2005 1006 2167 1078 ligno,
2227 1017 2276 1061 et
2325 1010 2539 1063 comedi.
2591 1009 2811 1063 Audisti
2850 1012 3127 1078 quomodo
3172 1031 3279 1067 non
3332 1019 3580 1085 peccavit

2002 1086 2198 1167 Adam,
2232 1112 2291 1156 ut
2320 1102 2411 1172 qui
2446 1118 2554 1157 non
2582 1102 2749 1157 fuerit
2779 1103 3041 1174 deceptus
3062 1108 3208 1161 ?non
3233 1108 3527 1165 dicitenim
3560 1132 3575 1166 :

2002 1192 2215 1263 Decepit
2240 1211 2319 1247 me
2354 1195 2561 1248 mulier.
2587 1195 2707 1249 Non
2739 1195 2876 1249 dicit
2910 1214 2922 1248 :
2956 1198 3036 1251 Me
3066 1202 3461 1269 supplantavit,
3485 1211 3580 1258 aut

2001 1300 2066 1339 ea
2107 1285 2241 1339 mihi
2279 1285 2383 1339 fuit
2417 1286 2624 1354 peccati
2658 1286 3004 1340 consiliatrix
3028 1330 3041 1353 ,
3068 1305 3136 1343 ne
3182 1292 3430 1347 conferat
3463 1295 3579 1347 cul—

2001 1393 2125 1446 pam
2148 1378 2204 1431 in
2221 1394 2345 1431 eum
2371 1380 2464 1447 qui
2497 1380 2667 1449 ipsam
2691 1370 2745 1434 ei
2772 1380 2945 1435 dedit.
2978 1383 3360 1438 Poteratenim
3394 1402 3451 1440 se
3476 1387 3574 1440 dc-

1999 1460 2446 1535 t‘endere,etDeo
2476 1473 2833 1543 respondere,
2864 1475 3054 1530 dicens
3083 1496 3099 1529 επ
3122 1476 3288 1532 Recte
3306 1478 3573 1534 habebam

1999 1579 2125 1619 cum
2171 1565 2326 1633 prius
2365 1581 2543 1620 essem
2585 1568 2767 1632 solus;
2797 1568 2889 1622 sed
2913 1569 3154 1639 adjutrix
3186 1584 3348 1641 quam
3373 1573 3578 1628 dedisti

1998 1656 2138 1709 mihi
2176 1672 2285 1710 non
2326 1666 2447 1711 erat
2476 1658 2738 1727 adjutrix,
2765 1660 2859 1713 sed
2886 1660 3108 1716 inimica
3144 1673 3200 1716 et
3242 1664 3571 1720 insidiatrix.

2070 1749 2219 1803 Nihil
2251 1758 2435 1803 autem
2465 1749 2602 1804 dicit
2650 1762 2747 1806 aut
2782 1753 2986 1822 cogitat
3033 1754 3375 1825 hujusmodi.
3432 1757 3579 1812 Dicit

329 1840 413 1894 cis
444 1842 767 1911 evangelica:
791 1843 993 1896 factum
1019 1852 1102 1897 est
1130 1844 1184 1896 in
1221 1852 1341 1897 rota
1363 1844 1576 1906 mundi,
1605 1845 1895 1900 audierunt
1931 1834 1970 1886 Β
2002 1840 2185 1909 itaque
2218 1858 2230 1893 :
2255 1840 2447 1894 Mulier
2468 1859 2628 1911 quam
2652 1842 2839 1896 dedisti
2858 1844 3005 1909 mihi,
3028 1845 3093 1898 ad
3114 1862 3198 1899 me
3220 1847 3573 1913 servandum,

328 1947 516 1986 vocem
564 1934 780 1987 Domini
838 1934 1076 1989 dicentis
1109 1952 1123 1988 :
1155 1934 1284 1990 Oves
1333 1951 1459 1989 mete
1505 1952 1679 1989 vocem
1727 1953 1898 1991 meum

326 2023 548 2078 audiunt
585 2027 649 2089 δ’,
705 2028 989 2079 audierunt
1017 2042 1191 2080 vocem
1229 2026 1442 2081 Domini
1489 2025 1809 2081 ambulantis
1844 2030 1898 2082 in

324 2117 576 2185 paradiso
609 2117 871 2173 Ecclesiae
901 2119 1264 2174 oleastrorum
1294 2121 1513 2188 (nempe
1542 2120 1809 2191 gentium)
1843 2130 1900 2176 et

323 2208 621 2265 dicentis:
683 2211 859 2266 Venite
916 2213 987 2266 ad
1042 2229 1144 2277 me,
1185 2230 1363 2267 omnes
1422 2217 1511 2284 qui
1565 2215 1896 2283 laboratis”,

324 2302 773 2373 quandoquidem
823 2305 970 2375 ligna
1015 2306 1268 2361 scinditis
1312 2308 1581 2362 montium
1622 2309 1689 2363 ad
1765 2309 1898 2364 deos

325 2391 518 2449 iranes
547 2396 972 2466 exsculpendos,
996 2406 1051 2451 et
1076 2397 1146 2453 iis
1183 2398 1400 2453 onerati
1432 2399 1568 2454 estis
1605 2408 1667 2453 ut
1689 2401 1899 2457 abeatis

322 2486 391 2539 ad
419 2488 617 2557 templa
645 2490 1002 2554 exsecranda,
1025 2498 1080 2545 et
1104 2506 1204 2561 ego
1234 2491 1303 2545 ab
1331 2492 1398 2546 iis
1419 2492 1678 2547 omnibus
1695 2510 1793 2548 vos
1824 2495 1901 2548 fa-

327 2574 470 2627 ciam
508 2576 813 2645 quiescere.
854 2578 922 2633 Et
954 2580 1259 2634 timuerunt
1303 2581 1593 2637 Dominum
1622 2584 1717 2653 qui
1744 2586 1900 2654 prius

328 2665 510 2734 ipsum
538 2684 647 2722 non
692 2670 983 2725 timebant.
1021 2672 1368 2740 Timuerunt,
1404 2676 1534 2745 quia
1574 2692 1683 2731 non
1726 2678 1901 2733 habe~

326 2757 460 2815 bant
502 2760 883 2818 indumentum
926 2766 1201 2835 nuptiale;
1252 2767 1497 2822 nondum
1545 2770 1691 2823 enim
1722 2770 1900 2839 bapti-

329 2852 439 2904 zati
460 2862 620 2907 erant.
642 2856 696 2908 in
726 2854 1027 2924 Christum,
1044 2867 1103 2912 ut
1121 2858 1399 2913 Christum
1427 2860 1738 2916 induerent.
1756 2863 1898 2917 Nudi

324 2954 504 3010 erant,
530 2947 681 3001 exuti
721 2949 893 3018 priori
921 2950 1243 3007 indumento
1271 2953 1707 3024 incorruptionis
1724 2964 1779 3010 et
1801 2956 1900 3009 im-

326 3038 697 3094 mortalitatis.
749 3040 854 3097 Sed
895 3044 1115 3113 quando
1179 3044 1479 3101 audierunt
1527 3064 1715 3103 vocem
1780 3050 1899 3117 ejus

324 3126 421 3196 qui
456 3129 656 3197 quaerit
678 3145 837 3186 ovem
855 3148 975 3202 qua:
998 3136 1259 3203 perierat,
1278 3144 1334 3189 et
1367 3144 1741 3207 tegumentum
1762 3138 1895 3207 ligni

324 3217 454 3270 vita:
481 3216 790 3288 Christiqui
818 3220 954 3275 dicit
999 3237 1098 3291 per
1128 3222 1460 3293 Prophetam
1500 3226 1568 3280 de
1594 3227 1753 3281 nobis
1787 3245 1799 3279 :
1830 3226 1893 3280 In

326 3309 553 3377 tegmine
573 3308 783 3364 alarum
811 3320 1025 3366 tuarum
1048 3324 1285 3385 proteges
1317 3333 1409 3370 nos
1422 3317 1620 3383 “,cum
1642 3318 1893 3388 fuerimus

323 3398 380 3452 in
415 3416 614 3454 arcano
647 3402 819 3458 vultus
859 3406 955 3458 tui.
998 3405 1066 3459 Et
1103 3423 1228 3462 cum
1258 3409 1561 3478 accepisset
1603 3410 1893 3481 prodigum

324 3490 473 3547 hunc
506 3493 716 3549 nudum
746 3496 1046 3562 hominem,
1069 3500 1163 3569 qui
1192 3502 1536 3556 extrinsecus
1576 3502 1722 3557 intro
1746 3512 1894 3558 recte

322 3594 447 3639 erat
478 3586 780 3657 ingressus,
812 3605 939 3644 eum
992 3592 1130 3647 texit
1168 3592 1359 3648 dicens
1393 3612 1405 3646 :
1433 3594 1626 3664 A/ferte
1665 3598 1894 3666 primam

318 3674 517 3730 stolam
536 3678 581 3709 ⁸⁵
606 3694 770 3748 quam
797 3680 900 3736 iste
931 3680 1334 3754 ferebatprius,
1368 3701 1566 3755 nempe
1602 3688 1894 3742 indumen-

324 3775 444 3820 tum
478 3767 930 3840 incorruptionis,
976 3782 1032 3827 et
1076 3773 1287 3830 induite
1312 3791 1460 3831 eum.
1498 3777 1726 3843 Quando
1762 3795 1894 3850 ergo

328 3858 491 3912 audis
516 3859 583 3915 de
613 3862 847 3918 Domino
881 3865 993 3919 Deo
1014 3876 1304 3934 praesente,
1329 3878 1385 3923 et
1404 3869 1622 3924 dicente
1650 3871 1891 3926 Adamo:

333 3948 429 4005 Ubi
463 3967 537 4014 es,
561 3952 615 4005 in
640 3953 845 4009 bonum
874 3957 1119 4028 intellige
1145 3959 1287 4014 hanc
1318 3961 1678 4016 vocationem.
1721 3961 1892 4029 Quem

323 4039 481 4094 enim
519 4045 712 4111 quarrit
752 4055 809 4100 et
840 4055 997 4101 vocat
1028 4048 1096 4102 ad
1140 4064 1198 4104 se
1225 4050 1388 4115 Dens,
1421 4058 1507 4105 est
1543 4051 1894 4121 perspicuum

322 4132 477 4201 quod
500 4134 706 4190 recedit
732 4138 955 4206 quidem
983 4156 1013 4193 a
1040 4140 1213 4207 malo,
1246 4156 1370 4195 cum
1402 4143 1514 4197 Deo
1540 4150 1722 4197 autem
1742 4142 1893 4199 inve-

323 4218 500 4274 nitur.
542 4219 655 4291 Sin
692 4235 877 4282 autem
921 4243 1047 4283 cum
1090 4229 1194 4295 ira,
1227 4240 1283 4285 et
1313 4232 1801 4298 excandescentia,
1835 4246 1895 4290 ut

323 4310 548 4379 quidam
581 4314 929 4385 existimant,
974 4320 1119 4374 Deus
1160 4321 1391 4376 accessit
1422 4321 1493 4376 ad
1529 4322 1796 4378 Adamum
1839 4334 1895 4379 et

323 4404 495 4461 Evam
535 4408 593 4462 in
630 4410 885 4479 paradiso
914 4412 984 4466 ad
1023 4428 1119 4467 eos
1142 4413 1454 4482 puniendos
1472 4414 1890 4481 etcruciandos,

2007 1942 2063 1988 et
2098 1932 2469 1989 liberandum,
2492 1942 2547 1987 et
2568 1934 3001 2002 suscipiendum,
3018 1936 3231 1989 eamihi
3255 1936 3407 1991 dedit
3430 1953 3575 1992 mor-

2000 2030 2109 2075 tem
2141 2020 2347 2089 abipsa
2381 2020 2705 2089 profectam,
2740 2022 2978 2075 fructum
3013 2023 3176 2094 ligni,
3210 2035 3573 2095 promptoque

1996 2124 2053 2170 et
2081 2114 2248 2168 alacri
2283 2114 2467 2167 animo
2497 2114 2731 2178 comedi,
2768 2115 2909 2170 nihil
2937 2115 3158 2185 penitus
3185 2118 3574 2173 contradicens

1998 2224 2180 2278 neque
2207 2224 2488 2263 recusans.
2517 2210 2818 2279 Propterea
2857 2210 3004 2264 enim
3034 2209 3205 2265 Adam
3230 2213 3431 2267 nullam
3473 2229 3571 2268 eo-

1999 2316 2119 2354 rum
2169 2300 2391 2369 penitus
2423 2299 2549 2354 facil
2586 2301 2953 2365 mentionem,
2988 2318 3111 2355 cum
3147 2303 3259 2357 Deo
3295 2303 3526 2373 loquens
3555 2346 3572 2367 ,

2000 2404 2061 2447 ut
2093 2392 2185 2462 qui
2225 2408 2403 2462 neque
2434 2401 2582 2448 esset
2633 2392 2985 2459 inobediens,
3024 2410 3203 2463 neque
3249 2411 3280 2449 a
3314 2405 3579 2465 serpente

1998 2484 2224 2538 omnino
2271 2484 2437 2537 ullam
2487 2484 2787 2553 accepisset
2847 2485 3243 2553 irruptionem,
3295 2502 3469 2556 neque
3503 2487 3573 2541 ad

1998 2591 2124 2630 eum
2164 2575 2390 2629 omnino
2413 2576 2758 2639 accessisset,
2780 2584 2839 2629 ut
2868 2592 3047 2646 neque
3086 2576 3356 2632 Christus.
3384 2579 3573 2647 Neque

1999 2687 2193 2726 rursus
2226 2673 2474 2727 cernitur
2517 2673 2664 2727 Deus
2701 2672 2754 2726 in
2792 2672 2885 2727 illa
2922 2674 3157 2727 terribili
3195 2675 3573 2730 exsecratione

2000 2764 2293 2833 serpentis,
2320 2764 2620 2834 quidquam
2643 2778 2768 2818 eum
2798 2780 2920 2819 esse
2947 2765 3270 2820 criminatus
3296 2766 3362 2819 de
3394 2766 3575 2820 homi-

1998 2871 2092 2919 ne,
2118 2865 2215 2909 aut
2251 2854 2318 2909 de
2345 2855 2554 2909 Adamo
2583 2856 2724 2926 apud
2747 2871 2876 2909 eum
2910 2858 3073 2910 ullam
3112 2844 3309 2912 fecisse
3340 2858 3575 2913 mentio-

1999 2962 2162 3012 nem;
2193 2947 2288 3003 sed
2320 2963 2446 3001 eum
2479 2964 2682 3017 susque
2712 2949 2891 3018 deque
2920 2961 3242 3003 exsecratur
3270 2950 3337 3004 de
3367 2951 3571 3005 mulie-a

2000 3054 2079 3101 re,
2115 3048 2171 3093 et
2202 3039 2392 3109 abjicit
2422 3039 2667 3094 ediciens
2705 3048 2764 3093 ut
2810 3041 3032 3095 caderet
3067 3057 3196 3095 casu
3247 3058 3276 3095 a
3317 3058 3426 3111 quo
3458 3058 3569 3097 non
3608 3072 3611 3083 ‹

2000 3141 2187 3202 posset
2210 3133 2462 3198 excitari,
2498 3145 2552 3189 et
2571 3143 2773 3189 aeterna
2799 3150 2924 3189 eum
2952 3134 3327 3189 condemnans
3348 3134 3571 3191 damna.

1999 3221 2149 3276 tione
2174 3263 2188 3286 ,
2228 3223 2491 3291 quoniam
2533 3223 2814 3277 mulierem
2856 3222 3156 3276 Ecclesiam
3211 3224 3407 3284 solam,
3461 3240 3571 3279 non

1995 3322 2176 3368 autem
2206 3314 2474 3369 Adamnm
2509 3315 2788 3370 Christum
2815 3314 3054 3383 decepit.
3084 3314 3236 3368 Nunc
3262 3316 3409 3369 enim
3430 3358 3444 3380 ,
3482 3316 3570 3370 in-

1996 3406 2136 3475 quit,
2171 3407 2309 3459 venit
2342 3407 2581 3477 princeps
2610 3405 2791 3460 mundi
2819 3406 2996 3475 hujus,
3033 3414 3080 3457 et
3116 3405 3170 3457 in
3206 3421 3287 3456 me
3316 3403 3450 3457 nihil
3488 3405 3571 3457 ine

1994 3501 2133 3552 venit
2157 3500 2223 3552 ⁸⁸.
2275 3498 2429 3554 Unde
2472 3500 2636 3554 etiam
2686 3508 2857 3552 ratam
2922 3510 2977 3551 et
3033 3505 3313 3566 acceptam
3359 3497 3571 3553 habens

1994 3589 2139 3644 Deus
2166 3589 2404 3644 insontis
2431 3590 2622 3644 Adami
2648 3589 3062 3660 responsionem
3096 3589 3147 3643 in
3172 3588 3394 3659 ﬁguram
3410 3589 3569 3645 Chri-

1995 3681 2062 3736 sti
2085 3682 2177 3751 qui
2203 3697 2312 3735 non
2341 3682 2609 3752 peccavit,
2638 3698 2763 3737 cum
2788 3682 3016 3735 dixisset
3040 3700 3051 3733 :
3081 3681 3272 3735 Mulier
3300 3700 3461 3752 quam
3479 3684 3570 3736 de-

1995 3774 2117 3826 disti
2146 3790 2369 3838 mecum,
2390 3790 2452 3827 ea
2482 3776 2605 3828 milii
2638 3774 2779 3828 dedit
2806 3791 2866 3827 ea:
2893 3775 3056 3843 ligno,
3095 3784 3143 3827 et
3171 3776 3392 3841 comedi,
3426 3777 3566 3831 nihil

1996 3865 2229 3933 amplius
2259 3880 2385 3919 eum
2424 3865 2747 3934 interrogat,
2779 3865 2874 3918 sed
2906 3866 3089 3918 statim
3126 3865 3193 3920 ad
3238 3882 3357 3921 eam
3389 3867 3564 3931 vadit,

1995 3953 2129 4008 dicit
2148 3953 2294 4007 enim
2319 3953 2522 4007 Moses:
2550 3953 2616 4006 Et
2636 3955 2683 4007 ei
2716 3954 2848 4007 dixit
2877 3954 3008 4007 Deus
3035 3971 3053 4007 :
3083 3953 3220 4019 Quid
3254 3956 3347 4009 hoc
3364 3958 3570 4027 fecisti?

1995 4045 2064 4099 Et
2123 4044 2254 4097 dixit
2312 4043 2542 4098 mulier:
2578 4042 2800 4115 Serpens
2834 4062 2915 4099 me
2974 4046 3202 4115 decepit,
3256 4058 3304 4101 et
3348 4052 3565 4107 comedi.

1995 4137 2282 4204 Quomodo
2315 4146 2496 4190 autem
2555 4136 2623 4190 de
2653 4136 2821 4191 Adam
2851 4152 2880 4191 a
2917 4137 3027 4191 Deo
3068 4149 3341 4203 accusata,
3371 4140 3439 4194 de
3475 4142 3570 4195 illo

1996 4246 2106 4284 non
2136 4229 2456 4297 respondet,
2486 4228 2580 4282 sed
2620 4228 2687 4282 de
2721 4243 2778 4282 se
2803 4228 2921 4283 ?An
2963 4244 3073 4283 non
3103 4238 3186 4284 est
3212 4232 3567 4301 perspicuum

1995 4320 2141 4392 quod
2173 4319 2469 4374 ostendens
2490 4328 2776 4389 peccatum
2806 4335 2915 4374 non
2949 4320 3148 4375 cadere
3178 4322 3232 4376 in
3257 4322 3572 4379 Adamum?

1996 4412 2227 4484 perinde
2255 4428 2319 4467 ac
2344 4412 2389 4466 si
2423 4411 2636 4466 diceret
2663 4413 2773 4466 Deo
2804 4430 2818 4466 :
2850 4411 3020 4467 Adam
3048 4423 3132 4467 est
3166 4412 3450 4480 innocens,
3469 4431 3570 4487 ego

322 4499 620 4568 oportebat
648 4516 774 4556 eum
810 4504 995 4558 statim
1025 4520 1251 4575 pergere
1281 4505 1349 4559 ad
1380 4516 1690 4576 serpentem
1719 4517 1774 4563 et
1798 4525 1898 4578 pu-
1927 4525 1971 4580 ι)
2000 4506 2114 4560 sola
2161 4505 2274 4559 Deo
2305 4518 2429 4558 meo
2452 4519 2561 4558 non
2584 4502 2765 4559 obedii
2786 4544 2799 4569 ,
2831 4513 2887 4558 et
2930 4505 3065 4574 fregi
3100 4514 3257 4574 pacta
3299 4518 3570 4563 conventa

325 4589 450 4644 nire
469 4601 755 4647 auctorem
786 4593 1081 4648 malorum.
1106 4593 1408 4663 Oportebat
1436 4596 1723 4651 mulierem
1762 4598 1899 4653 insi-

326 4680 621 4738 diatricem
673 4684 776 4738 viri
819 4685 1219 4753 condemnare,
1251 4697 1307 4742 et
1340 4703 1408 4742 ex
1445 4688 1700 4758 paradiso
1722 4699 1902 4744 exter-

326 4777 582 4844 minare,
628 4788 686 4835 et
726 4782 1092 4837 exsecrationi
1149 4791 1207 4837 et
1256 4782 1419 4837 morti
1468 4783 1762 4854 subjicere.
1803 4784 1902 4839 llic

323 4876 515 4923 autem
575 4870 637 4926 [it
712 4873 1088 4939 contrarium;
1149 4873 1369 4928 attende
1416 4873 1584 4929 enim.
1619 4872 1752 4929 Eam
1798 4890 1903 4930 nec

323 4969 673 5029 exsecratur,
690 4979 793 5020 nec
807 4965 1155 5030 criminatur,
1168 4981 1345 5036 neque
1362 4977 1537 5022 morte
1550 4968 1899 5034 condemnat;

324 5052 427 5106 sed
451 5061 508 5108 et
554 5066 795 5126 separat,
837 5066 892 5113 et
919 5058 1142 5115 redimit
1171 5059 1240 5114 ab
1269 5059 1592 5116 insidiatore
1626 5063 1746 5132 ejus
1784 5077 1903 5117 ser-

324 5155 496 5213 pente
516 5188 531 5212 ,
580 5148 632 5203 ei
666 5149 859 5205 dicens
887 5169 900 5204 :
927 5151 1133 5206 Panum
1168 5154 1495 5219 inimicitias,
1525 5163 1580 5208 et
1601 5155 1771 5210 veluti
1814 5171 1903 5210 re-

322 5235 559 5303 pudium
580 5240 719 5295 inter
745 5251 794 5295 te
820 5251 868 5296 et
894 5244 1188 5310 mulierem,
1209 5260 1332 5301 eam
1372 5262 1403 5301 a
1439 5256 1491 5302 te
1521 5247 1784 5312 liberans,
1844 5254 1903 5302 et

321 5325 540 5383 faciens
577 5340 637 5385 ut
656 5348 721 5388 ea
738 5335 871 5389 mihi
907 5336 1180 5393 adhaereat
1202 5338 1297 5408 qui
1325 5354 1447 5394 sum
1467 5339 1554 5394 vir
1573 5341 1693 5411 ejus
1717 5349 1772 5396 et
1790 5340 1899 5396 Do-

322 5418 533 5486 minus,
569 5430 628 5478 et
651 5439 772 5480 eam
803 5427 1040 5484 induens
1065 5430 1271 5495 tunica,
1296 5447 1493 5501 nempe
1524 5447 1613 5486 me
1655 5431 1748 5501 qui
1771 5448 1892 5487 sum

324 5519 625 5569 contextus
653 5531 721 5571 ex
743 5518 1018 5587 supernis.
1047 5518 1091 5571 A
1109 5529 1160 5574 te
1194 5520 1341 5575 enim
1380 5520 1562 5576 fuerat
1588 5521 1812 5587 nudata,
1838 5534 1895 5577 et

322 5616 451 5658 eam
485 5608 714 5664 nomino
751 5609 952 5677 Vitam,
990 5618 1052 5665 ut
1084 5626 1208 5681 quae
1236 5627 1267 5666 a
1297 5621 1349 5668 te
1384 5611 1563 5669 fuerat
1591 5622 1767 5669 morte
1807 5613 1891 5669 af-

304 5721 656 5847 -’i.":l5tl|atth.
689 5743 767 5791 ιιι,
795 5727 848 5781 2.
923 5729 967 5761 “
997 5727 1154 5783 Joan.
1206 5745 1258 5785 χ.
1312 5716 1396 5782 16.

1476 5729 1519 5760 ⁸³
1545 5729 1732 5786 Matth.
1766 5748 1837 5795 ιι,
1870 5731 1960 5788 28.

2000 4606 2178 4653 tecum
2216 4598 2374 4661 inita,
2397 4604 2452 4651 et
2489 4597 2667 4651 erravi
2695 4597 2839 4651 sicut
2865 4598 2985 4652 ovis
3011 4613 3132 4666 qua:
3162 4598 3346 4665 periit,
3374 4599 3570 4654 effecta

1998 4689 2310 4745 errabunda
2342 4705 2406 4745 ac
2436 4689 2568 4744 deos
2601 4691 2807 4755 colens,
2836 4700 2890 4745 et
2916 4706 3084 4759 super
3122 4699 3337 4745 montes
3363 4703 3419 4744 et
3458 4692 3572 4746 col-

1997 4783 2079 4839 les
2116 4782 2265 4838 nuda
2300 4798 2505 4852 vagans
2534 4797 2597 4837 ac
2620 4782 2861 4845 ﬂuitans,
2897 4791 2952 4837 et
2990 4783 3197 4852 polluta
3220 4782 3457 4838 sordidis
3485 4800 3574 4837 sa-

2001 4874 2336 4931 criﬁciorum
2369 4874 2844 4944 inquinamentis?
2867 4874 3134 4940 Quoniam
3164 4874 3317 4931 vafer
3340 4890 3570 4945 serpens

2003 4985 2091 5024 me
2142 4967 2401 5038 decepit,
2442 4973 2699 5036 tanquam
2755 4966 3062 5036 imperitam
3100 4966 3569 5022 adolescentulam

2003 5061 2366 5131 supplantans
2400 5068 2457 5115 et
2484 5059 2746 5113 aberrare
2780 5058 3010 5113 faciens.
3052 5058 3177 5113 Haec
3212 5075 3338 5113 cum
3368 5059 3571 5113 mulier

2001 5150 2395 5222 propemodum
2453 5150 2597 5219 apud
2652 5150 2824 5204 Deum
2877 5150 3251 5215 confiteretur,
3304 5166 3405 5221 per
3463 5150 3569 5205 hoc

2001 5242 2147 5313 quod
2168 5242 2305 5297 dixit
2337 5260 2349 5294 :
2385 5239 2609 5311 Serpens
2645 5257 2726 5294 me
2747 5240 2966 5311 decepit,
2997 5248 3057 5294 ut
3087 5256 3209 5310 quae
3242 5255 3397 5296 suam
3429 5240 3541 5294 indi

2002 5344 2181 5391 casset
2234 5334 2639 5404 paenitentiam,
2703 5344 2761 5390 et
2827 5334 2877 5389 ei
2941 5344 3089 5389 esset
3148 5334 3565 5390 condonatum:

2004 5427 2201 5483 transit
2225 5427 2369 5481 Deus
2394 5425 2461 5480 ad
2486 5426 2687 5480 malum
2716 5425 3032 5491 draconem,
3067 5425 3405 5482 defectorem
3447 5442 3565 5480 ser-

2000 5529 2241 5591 pentem,
2274 5518 2399 5573 etei
2437 5517 2573 5573 dicit
2596 5538 2609 5571 :
2632 5517 2740 5574 Cur
2774 5521 2869 5573 hoc
2906 5519 3118 5588 fecisti?
3147 5517 3253 5573 Sed
3294 5518 3425 5589 quia
3464 5518 3569 5573 hoc

1997 5613 2195 5678 fecisti,
2229 5620 2285 5667 et
2314 5627 2483 5668 ausus
2520 5628 2579 5667 es
2608 5613 2793 5668 statim
2839 5612 3093 5682 decipere
3125 5611 3291 5683 916
3327 5610 3565 5682 primum

2066 5732 2110 5762 “
2147 5732 2287 5787 Psal.
2336 5747 2497 5796 xxxv,
2540 5730 2627 5785 80.
2732 5730 2774 5762 “
2818 5731 2951 5786 Luc.
2998 5747 3086 5784 xv.
3133 5729 3222 5783 9.2.
3321 5730 3365 5758 ⁸⁸
3410 5727 3565 5787 Joan.
