4080 6538
618 342 749 410 1031

1796 351 1857 409 S.
1897 349 2291 410 ANAS’I‘ASII
2330 348 2653 411 SlNAIT/E

3694 360 3805 426 1032

616 460 936 530 ﬁgmentum
964 446 1225 514 manuum
1272 473 1552 526 mearum,
1588 459 1733 530 quod
1764 459 1969 515 factum
2002 470 2091 516 est
2117 461 2185 517 ad
2215 470 2258 525 Α
2288 473 2555 533 ponantur
2590 466 2876 520 inimicitia:
2909 466 2975 520 ab
2995 466 3101 522 hoc
3122 476 3366 538 tempore
3396 472 3531 525 inter
3557 479 3603 526 te
3631 485 3673 529 et
3696 483 3803 536 inter

613 562 792 603 meam
826 548 1116 620 imaginem
1144 558 1200 604 et
1225 548 1641 605 similitudinem
1668 568 1681 617 ;
1717 559 1773 604 tu
1805 566 1864 606 es
1897 567 2191 607 exsecran-

615 640 718 695 dus
751 641 820 695 ab
856 642 1112 696 omnibus
1144 642 1446 711 jumentis,
1491 651 1548 696 et
1587 643 1655 696 ab
1698 644 1956 698 omnibus
1993 644 2188 699 bestiis

613 748 737 802 qua:
769 742 896 787 sunt
924 748 1090 802 super
1111 742 1333 787 terram.
1368 735 1749 791 Exsecrandus
1771 753 1831 792 es
1858 748 1911 791 tu
1936 747 1991 792 et
2016 740 2185 804 solus,

615 824 713 879 sed
747 841 857 878 non
875 825 1086 890 Adam;
1122 836 1178 880 tu
1215 826 1385 889 solus,
1414 836 1469 881 ct
1498 844 1607 881 non
1636 830 1855 884 mulier.
1898 832 2004 887 Sed
2027 841 2084 886 tu
2129 850 2189 889 es

613 916 984 970 exsecrandus
1016 916 1085 970 ab
1123 916 1379 972 omnibus
1420 921 1556 974 meis
1604 922 1871 977 creaturis
1910 940 2030 993 qua:
2059 938 2189 980 sunt

613 1023 781 1077 super
816 1018 1019 1062 terram
1042 1049 1056 1074 ,
1099 1024 1211 1063 non
1257 1009 1325 1063 ab
1360 1010 1428 1064 iis
1461 1027 1582 1081 quae
1611 1022 1740 1067 sunt
1772 1013 1825 1067 in
1858 1015 2016 1069 ccelo.
2051 1016 2186 1070 Nam

611 1101 704 1170 qui
736 1100 791 1153 in
835 1100 929 1154 illo
973 1108 1124 1163 sunt,
1172 1102 1348 1170 angeli
1383 1103 1509 1166 mei,
1549 1112 1676 1158 sunt
1717 1105 2015 1171 benedicti,
2051 1124 2189 1176 quo-

613 1194 760 1247 niam
798 1209 883 1247 me
918 1194 1253 1249 benedicunt
1284 1196 1433 1250 missi
1463 1196 1529 1249 ad
1572 1214 1799 1251 munera
1831 1199 2185 1255 administra-

616 1284 774 1338 toria.
793 1285 873 1339 Tu
898 1286 1045 1339 enim
1071 1288 1325 1356 sperasti,
1356 1288 1399 1343 si
1429 1298 1748 1358 peccassent
1771 1291 2043 1355 homines,
2069 1292 2186 1347 ﬁeri

612 1374 735 1429 loco
767 1391 959 1429 eorum
999 1392 1093 1431 rex
1131 1380 1375 1432 omnium
1401 1396 1521 1449 qum
1570 1390 1700 1435 sunt
1753 1398 1920 1451 super
1956 1392 2183 1451 terram,

611 1465 801 1520 dicens
842 1483 856 1519 :
893 1467 998 1520 Ero
1059 1468 1247 1522 similis
1307 1471 1579 1524 Altissimo
1599 1472 1679 1538 ‘7;
1713 1473 1808 1526 sed
1854 1483 1947 1527 tua
1985 1491 2079 1544 spe
2127 1491 2188 1530 es

610 1557 912 1613 frustratus
938 1575 951 1613 :
979 1559 1062 1615 eis
1089 1561 1236 1614 enim
1258 1561 1327 1616 do
1348 1578 1566 1617 omnem
1589 1574 1915 1634 potestatem
1937 1568 2185 1623 calcandi

610 1666 774 1719 supra
817 1661 1084 1721 serpentes
1122 1662 1179 1707 et
1219 1654 1420 1708 collum
1454 1664 1627 1708 tuum.
1669 1656 1875 1711 Deinde
1916 1674 2040 1712 cum
2072 1659 2187 1714 hazc

612 1739 862 1803 dixisset,
888 1742 1138 1811 praedicit
1160 1745 1211 1797 ei
1242 1745 1406 1799 etiam
1436 1746 1627 1799 vitium
1648 1756 1703 1802 et
1725 1750 1918 1802 malam
1945 1761 2185 1806 mentem

2288 555 2578 610 mulierem.
2605 558 2715 611 Cur
2738 559 2882 613 enim
2916 558 3058 615 iacto
3101 560 3300 616 delicto
3330 574 3607 633 oporteret
3649 586 3801 639 postea

2214 720 2235 728 _
2288 648 2478 703 ulcisci
2510 665 2636 705 eum
2675 653 2770 720 qui
2824 651 2989 706 fecit?
3018 653 3123 707 Sed
3155 655 3240 710 his
3278 658 3463 711 verbis
3514 675 3616 714 non
3659 667 3803 721 credit

2286 736 2530 803 Iudaeus,
2560 740 2730 793 solam
2763 742 3055 797 attendens
3082 744 3336 800 litteram.
3372 745 3575 803 Deinde
3610 767 3705 806 non
3738 758 3803 811 vi-

2287 825 2384 881 des
2412 827 2511 898 (illi
2540 829 2685 901 dico)
2732 832 3011 888 terribiles
3060 834 3379 891 inimicitias
3431 838 3588 909 hujus
3632 843 3800 902 Christi

2287 919 2476 973 uxoris
2506 920 2787 985 Ecclesia,
2820 938 2957 991 quas
2990 924 3153 979 habet
3186 926 3451 984 adversus
3492 940 3805 1002 serpentem?

2286 1013 2405 1067 Non
2426 1013 2581 1068 vides
2609 1015 3049 1084 impressionem,
3067 1034 3174 1071 non
3191 1021 3344 1076 vides
3366 1032 3655 1092 certamen,
3673 1029 3805 1100 idque

2287 1121 2409 1160 cum
2446 1116 2505 1161 tu
2539 1108 2745 1177 primus
2774 1109 3267 1179 experiaris?Quid
3289 1116 3436 1169 enim
3468 1132 3571 1171 non
3602 1121 3807 1178 moliris?

2286 1198 2441 1264 Quod
2477 1216 2649 1269 genus
2688 1217 2886 1271 pugna:
2912 1218 3021 1256 non
3053 1205 3292 1259 excitas?
3314 1206 3487 1273 Quam
3517 1220 3683 1265 autem
3713 1231 3806 1270 ma-

2287 1306 2417 1343 num
2476 1307 2586 1345 non
2614 1308 2793 1347 armas
2844 1305 2905 1349 ut
2935 1309 3055 1349 eam
3104 1296 3350 1351 obruas?
3386 1298 3491 1354 Sed
3541 1309 3641 1356 stat
3664 1306 3807 1363 adhuc

2288 1378 2460 1446 magis
2497 1379 2650 1433 ﬁrma
2677 1386 2732 1434 et
2761 1383 2977 1437 stabilis
3008 1402 3021 1437 :
3055 1394 3111 1439 et
3136 1387 3442 1454 procedens
3470 1390 3713 1448 adversus
3731 1412 3807 1450 en-

2287 1480 2397 1529 ses,
2420 1466 2698 1523 Christum
2718 1486 2826 1524 non
2845 1481 3007 1542 negat
3034 1489 3045 1525 :
3069 1474 3137 1528 Et
3151 1477 3205 1528 in
3227 1475 3303 1530 his
3327 1481 3561 1533 omnibus
3577 1488 3806 1552 superavi-

2288 1559 2483 1624 mus“,
2522 1572 2585 1615 ut
2632 1578 2755 1616 cum
2784 1562 2950 1618 Paulo
2980 1564 3251 1622 dicamus.
3285 1569 3405 1623 Non
3434 1572 3584 1626 vides
3608 1590 3746 1630 enses
3762 1585 3806 1631 et

2289 1652 2514 1721 sagittas
2545 1655 2783 1722 potentis
2810 1656 2906 1711 Dei
2936 1668 3146 1722 acutas,
3171 1676 3268 1730 per
3294 1678 3431 1732 quas
3452 1665 3696 1723 adversus
3716 1686 3805 1725 ser-

2288 1752 2505 1810 pentem
2563 1754 2670 1799 stat
2699 1759 2907 1804 armata
2958 1751 3014 1805 in
3051 1754 3170 1807 acie
3214 1763 3271 1808 et
3303 1759 3517 1824 praelia,
3571 1773 3802 1820 armatura

613 1836 776 1905 cujus
806 1836 955 1891 nulla
995 1848 1313 1905 tangeretur
1346 1840 1690 1908 paenitentia,
1724 1842 1935 1906 dicens,
1967 1860 2073 1896 non
2103 1845 2191 1914 ju.
2221 1813 2261 1869 Β
2291 1835 2531 1904 undique
2561 1841 2789 1905 munita,
2842 1851 2898 1896 et
2923 1844 3169 1900 accincta
3201 1848 3385 1917 gladio
3410 1852 3653 1920 spiritus,
3682 1859 3801 1927 galea

612 1927 793 1982 bendo
822 1929 915 1983 sed
949 1931 1333 1999 prophetando
1371 1950 1383 1985 :
1418 1930 1590 2003 Super
1639 1943 1815 2004 pectus
1847 1945 1903 1989 et
1954 1946 2187 1991 ventrem

613 2027 783 2079 tuum.
810 2021 914 2076 hoc
933 2032 1038 2086 est,
1071 2024 1129 2076 in
1158 2024 1235 2077 ira
1261 2032 1315 2077 et
1337 2024 1619 2094 voluptate
1645 2034 1739 2079 tua
1760 2027 2019 2096 gradieris
2038 2029 2185 2084 nulla

612 2111 916 2166 movendus
945 2114 1289 2183 pmnitentia.
1318 2114 1387 2168 Et
1431 2123 1630 2168 terram
1678 2117 1912 2170 comedas
1948 2117 2187 2171 omnibus

611 2203 787 2258 diebus
812 2207 929 2260 vitae
964 2215 1100 2270 tace;
1142 2207 1245 2261 hoc
1268 2214 1371 2272 est,
1401 2207 1587 2276 lapsus
1609 2224 1639 2261 a
1668 2208 1877 2263 caelesti
1919 2209 2187 2279 sapientia

610 2296 1001 2365 etcognitione
1049 2297 1256 2361 divina,
1310 2306 1605 2352 terrestres
1646 2314 1855 2367 ponens
1907 2308 2102 2355 senSus
2133 2310 2191 2355 et

611 2388 918 2443 materiales
944 2429 958 2453 ,
997 2388 1390 2460 circumageris
1442 2405 1504 2445 ac
1549 2390 1827 2457 volveris;
1872 2399 1921 2444 et
1968 2393 2192 2445 inimici-

611 2479 711 2532 tias
746 2497 940 2550 ponam
990 2482 1127 2534 inter
1174 2490 1223 2534 te
1254 2490 1305 2533 et
1358 2480 1635 2535 mulierem
1684 2498 1847 2551 quam
1898 2482 2185 2553 decepisti,

610 2585 807 2641 nempe
835 2588 1014 2627 meam
1045 2573 1366 2627 Ecclesiam.
1397 2573 1612 2628 Gratias
1635 2574 1845 2638 agimus
1874 2582 1977 2629 tuae
1998 2576 2192 2631 inetia-

609 2660 708 2715 bili
734 2671 789 2716 et
832 2663 1188 2718 inenarrabili
1238 2666 1567 2729 clementiae,
1624 2666 1843 2722 Christe
1896 2668 2061 2733 Deus,
2093 2671 2186 2738 qui

608 2768 712 2809 nos
739 2754 1006 2820 liberasti,
1040 2766 1094 2809 et
1121 2757 1384 2825 separasti
1425 2773 1454 2811 a
1488 2759 1750 2813 societate
1780 2768 1836 2813 et
1865 2758 2184 2829 dilectione,

608 2855 667 2901 et
702 2847 940 2913 unione,
986 2855 1043 2902 et
1085 2847 1325 2903 amicitia
1368 2849 1593 2921 maligni
1637 2850 1843 2903 diaboli
1888 2852 2183 2920 serpentis.

610 2936 694 2990 Tu
718 2952 778 2991 es
796 2937 942 2991 Deus
969 2936 1061 3006 qui
1091 2936 1226 2991 facis
1252 2938 1402 2991 solus
1436 2939 1709 2993 mirabilia
1740 2954 1936 3007 magna
1959 2939 2005 2970 ⁸⁸
2041 2958 2053 2993 :
2089 2942 2183 3009 qui

608 3035 841 3099 propter
877 3038 1024 3082 tuam
1060 3028 1115 3081 in
1149 3044 1407 3098 sponsam
1434 3038 1579 3084 tuam
1606 3029 1904 3085 Ecclesiam
1942 3030 2183 3086 charita-

612 3130 720 3174 tem
752 3121 983 3189 posuisti
1012 3120 1325 3176 inimicitias
1342 3122 1486 3176 inter
1507 3132 1679 3177 noset
1700 3123 1984 3178 inimicum
2003 3132 2180 3189 tuum,
2211 3144 2250 3199 ρ
2286 3122 2392 3178 Sed
2467 3127 2684 3183 etiamsi
2753 3142 3005 3201 oporteat

610 3222 675 3266 ut
700 3228 809 3266 non
843 3212 1079 3283 amplius
1104 3214 1157 3268 ei
1194 3215 1520 3281 serviamus,
1545 3216 1642 3271 sed
1668 3216 1766 3270 tibi
1800 3218 1902 3272 soli
1925 3218 2050 3271 vivo
2074 3219 2185 3272 Deo

610 3318 743 3358 vero
767 3344 782 3367 ,
815 3304 908 3374 qui
956 3304 1095 3359 dicis
1130 3305 1441 3360 insidiatori
1484 3307 1649 3378 hujus
1689 3317 1794 3363 tua:
1832 3311 2080 3381 conjugis
2131 3318 2188 3366 et

612 3411 825 3466 sponsae
856 3397 1103 3452 mulieris
1139 3415 1151 3450 :
1187 3397 1502 3452 Inimicitias
1520 3416 1714 3468 ponam
1739 3402 1879 3454 inter
1910 3411 1958 3454 te
1980 3410 2028 3454 et
2050 3404 2187 3457 inter

612 3482 900 3539 mulierem.
935 3484 1142 3539 Portam
1195 3488 1541 3542 inimicitias:
1573 3504 1687 3543 rem
1718 3490 1976 3556 futuram,
1996 3500 2057 3546 et
2091 3507 2187 3562 p0-

612 3571 824 3628 néndas
851 3574 1171 3631 inimicitias
1202 3578 1477 3649 signiﬁcat
1505 3581 1639 3635 illud
1664 3622 1677 3645 ,
1709 3599 1938 3652 ponam,
1990 3600 2057 3639 eo
2089 3588 2184 3655 qui

612 3663 749 3719 dicit
771 3666 1094 3722 ostendente
1128 3686 1141 3720 :
1170 3670 1283 3739 Ego
1304 3670 1360 3723 in
1387 3671 1702 3727 novissimis
1727 3676 2073 3744 temporibus
2090 3694 2186 3746 po-

612 3772 739 3811 nam
762 3758 1082 3815 inimicitias
1116 3760 1259 3815 inter
1298 3771 1350 3816 te
1382 3771 1439 3817 et
1489 3764 1811 3819 Ecclesium.
1862 3767 1997 3821 Nam
2038 3784 2184 3823 nunc

612 3851 837 3921 quidem
867 3854 1038 3908 amica
1066 3863 1150 3909 est
1176 3855 1275 3909 tibi
1305 3857 1504 3911 mulier
1524 3897 1539 3921 ,
1569 3874 1716 3913 nunc
1736 3861 1936 3915 esttibi
1963 3864 2180 3933 conjux,

616 3958 771 3999 nunc
828 3960 949 4000 eam
998 3947 1231 4001 eﬂ'ecisti
1279 3947 1590 4017 captivam,
1647 3965 1796 4006 nunc
1835 3953 1932 4007 tibi
1989 3957 2181 4023 servit,

612 4052 762 4093 nunc
808 4048 892 4094 est
929 4040 1031 4095 tibi
1069 4042 1318 4113 subjecta
1343 4081 1359 4103 ,
1398 4059 1548 4097 nunc
1595 4053 1646 4099 te
1685 4045 1818 4101 colit
1871 4048 2182 4104 sacriﬁcans

615 4130 754 4185 ﬁlios
791 4148 919 4187 suos
954 4143 1010 4189 ct
1046 4134 1186 4189 ﬁlias
1218 4152 1346 4189 suas
1370 4136 1468 4190 tibi
1494 4146 1549 4191 et
1574 4138 1683 4192 tuis
1718 4139 2042 4207 daemoniis;
2083 4143 2179 4197 sed

612 4239 681 4278 ne
711 4224 981 4294 glorieris,
1012 4243 1194 4296 neque
1212 4227 1480 4292 eﬁ'eraris,
1507 4246 1687 4299 neque
1705 4242 1994 4300 propterea
2033 4234 2182 4287 inso-

612 4315 806 4371 lescas.
831 4317 966 4372 Nam
998 4320 1147 4372 venit
1171 4319 1327 4383 hora,
1351 4330 1407 4374 ct
1429 4337 1579 4374 nunc
1608 4331 1693 4376 cst
1715 4324 1933 4392 quando
1962 4326 2179 4379 veniam

612 4423 733 4463 eam
757 4410 988 4463 visitans
1025 4410 1278 4473 meridie,
1322 4420 1377 4465 et
1422 4412 1617 4466 faciam
1663 4415 1783 4483 ejus
1812 4415 2094 4481 ultionem,
2126 4428 2181 4473 et

2288 1927 2422 1995 spei,
2456 1929 2623 1985 lorica
2650 1932 2861 2003 ﬁdei”,
2900 1939 3091 2009 clypeo
3115 1940 3415 2011 baptismi?
3450 1946 3561 2001 Non
3593 1950 3727 2004 vides
3744 1954 3802 2006 in-

2287 2018 2431 2073 victa
2453 2031 2507 2076 et
2534 2011 2761 2081 infracta
2792 2044 2963 2096 arma,
2998 2033 3052 2087 in
3077 2035 3281 2103 quibus
3317 2042 3559 2093 conterit
3584 2051 3634 2096 et
3661 2045 3805 2101 aufert

2289 2123 2453 2183 caput
2480 2120 2753 2188 serpentis
2787 2122 2809 2175 ?
2840 2122 3069 2180 Crucem
3091 2167 3104 2191 ,
3140 2127 3397 2197 inquam,
3426 2148 3617 2203 corpus
3640 2148 3687 2193 et
3709 2154 3807 2194 san-

2288 2206 2507 2274 guinem
2542 2209 2694 2275 Jesu,
2726 2222 2872 2278 vota,
2924 2233 3136 2285 preces,
3196 2222 3438 2293 vigilias,
3484 2235 3538 2280 et
3582 2228 3677 2283 alia
3711 2246 3806 2299 qua!

2289 2296 2511 2352 molitur
2538 2300 2805 2357 adversus
2834 2316 3168 2375 serpentem,
3197 2320 3252 2365 et
3292 2312 3558 2369 adversus
3577 2332 3687 2371 eum
3720 2296 3803 2375 stat

2288 2387 2343 2440 in
2370 2390 2508 2456 acie,
2539 2407 2608 2445 ne
2641 2395 2877 2464 amplius
2899 2398 2947 2452 ei
2981 2402 3185 2456 serviat
3204 2404 3530 2474 ?Quocirca,
3556 2409 3620 2463 de
3644 2423 3804 2467 czetero

2288 2495 2411 2535 cum
2441 2498 2508 2537 eo
2540 2500 2734 2555 gerens
2758 2489 3093 2559 inimicitias,
3119 2504 3175 2549 et
3198 2512 3462 2555 conversa
3481 2502 3541 2555 ad
3564 2506 3801 2573 proprium

2287 2574 2464 2629 virum
2490 2577 2707 2648 (nempe
2727 2580 3053 2655 Christum),
3074 2589 3322 2657 quotidie
3352 2592 3495 2648 bello
3520 2595 3759 2651 invaditur
3778 2615 3799 2651 a

2290 2668 2621 2724 satellitibus
2652 2676 2928 2743 serpentis
2948 2719 2962 2743 ,
3002 2684 3445 2748 persecutionem
3476 2689 3802 2757 patitur.ver-

2287 2757 2532 2823 beralur,
2584 2772 2903 2835 torquetur,
2966 2772 3265 2839 occiditur,
3321 2778 3587 2844 vincitur,
3640 2780 3799 2848 injuria

2287 2848 2538 2916 afﬁcitur,
2560 2855 2836 2922 esuriens,
2866 2858 3013 2913 nuda
3043 2862 3601 2931 incedens,serviens,
3626 2871 3798 2936 sitiens,

2284 2938 2476 2995 liberis
2505 2943 2694 3000 orbata
2724 2955 2780 3001 et
2828 2951 3173 3006 membratim
3212 2954 3519 3026 discerpta,
3563 2975 3672 3013 cum
3711 2976 3800 3013 ser-

2286 3043 2448 3101 pente
2483 3044 2666 3091 autem
2693 3055 2874 3109 neque
2904 3042 3102 3108 foedus,
3128 3062 3310 3115 neque
3336 3052 3619 3107 amicitiam
3638 3055 3797 3108 iniens.

3098 3138 3303 3193 millies
3359 3141 3540 3197 subire
3591 3152 3798 3205 mortem,

2288 3228 2546 3285 prompto
2577 3230 2634 3275 et
2675 3222 2843 3276 alacri
2898 3226 3081 3281 animo
3109 3230 3361 3285 membra
3393 3248 3487 3287 sua
3538 3242 3589 3287 et
3634 3234 3801 3287 liberos

2289 3307 2398 3377 igni
2436 3310 2621 3373 tradit,
2653 3321 2707 3366 et
2752 3315 2967 3384 gladiis,
3024 3327 3081 3372 et
3113 3323 3431 3389 tormentis,
3469 3325 3642 3394 potius
3670 3340 3798 3393 quam

2287 3416 2413 3455 cum
2449 3412 2703 3472 serpente
2734 3405 2913 3463 fmdus
2953 3413 3230 3478 percutiat
3265 3424 3322 3467 et
3351 3416 3597 3471 amicitia:
3623 3417 3799 3470 obsides

2286 3491 2335 3545 ei
2363 3501 2458 3547 aut
2487 3493 2580 3547 det
2607 3504 2701 3548 aut
2738 3498 2990 3567 accipiat.
3018 3501 3221 3556 Eorum
3240 3513 3425 3560 autem
3458 3523 3571 3576 qum
3597 3523 3721 3560 nunc
3738 3506 3800 3559 di-

2285 3594 2488 3639 cuntur
2540 3603 2644 3642 nos
2690 3597 2859 3645 testes
2905 3609 3097 3649 sumus
3124 3597 3217 3665 qui
3268 3599 3501 3653 Verbum
3550 3602 3797 3655 audimus:

2284 3691 2385 3746 pro
2415 3676 2521 3733 ﬁde
2572 3680 2738 3750 hujus
2766 3683 3013 3740 mulieris
3048 3686 3282 3753 Christi,
3325 3692 3560 3759 pericula
3600 3691 3797 3761 quotidie

2285 3770 2571 3837 adeuntes,
2605 3776 2843 3845 serpenti
2889 3788 3071 3833 autem
3121 3797 3231 3835 non
3262 3783 3597 3839 obedientes.
3648 3784 3797 3837 Testes

2286 3861 2697 3918 inimicitiarum
2744 3878 2874 3923 sunt
2907 3870 3001 3938 qui
3030 3871 3084 3925 in
3115 3871 3351 3930 desertis
3397 3885 3451 3931 et
3485 3876 3733 3931 montibus
3756 3883 3797 3927 et

2284 3954 2560 4023 speluncis
2610 3957 2889 4014 decertant
2946 3962 3211 4020 adversus
3261 3977 3593 4038 serpentem.
3648 3966 3798 4021 Testes

2284 4044 2700 4102 inimicitiarum
2762 4052 2923 4121 hujus
2978 4055 3225 4110 mulieris
3273 4068 3406 4113 sunt
3453 4068 3695 4129 pastores,
3723 4054 3793 4123 qui

2282 4147 2401 4187 eam
2435 4136 2661 4203 pulchre
2689 4138 2886 4194 docent
2910 4143 3162 4211 quotidie
3190 4146 3379 4203 dicere
3407 4146 3690 4202 :Renuntio
3721 4144 3794 4197 Sa-

2284 4232 2423 4282 tanae
2454 4230 2599 4283 malo
2647 4234 2911 4301 serpenti,
2965 4243 3021 4290 et
3048 4238 3166 4306 ejus
3191 4240 3404 4303 cultui,
3451 4252 3503 4295 et
3538 4241 3645 4311 ejus
3664 4238 3792 4292 dece-

2282 4319 2478 4387 ptioni,
2508 4332 2565 4376 et
2593 4323 2709 4392 ejus
2734 4325 2918 4390 idolis,
2945 4339 3001 4381 ct
3030 4331 3147 4400 ejus
3194 4331 3563 4396 facultatibus,
3615 4341 3663 4385 et
3700 4328 3792 4397 citis

2284 4410 2662 4479 libaminibus,
2693 4424 2747 4469 et
2768 4419 2888 4487 ejus
2914 4421 3187 4476 servituti.
3229 4425 3413 4480 Testis
3435 4435 3517 4480 est
3548 4441 3574 4478 a
3602 4425 3695 4477 Deo
3714 4420 3789 4473 da-

612 4515 814 4571 ponam
838 4500 1155 4555 inimicitias
1176 4503 1450 4557 terribiles
1472 4514 1528 4557 et
1557 4504 1933 4573 implacabiles
1963 4506 2105 4561 inter
2128 4517 2180 4563 te
2216 4485 2255 4538 D
2286 4512 2462 4556 tarum
2488 4506 2896 4563 inimicitiarum
2912 4513 3014 4580 piae
3040 4514 3203 4585 hujus
3228 4518 3474 4573 mulieris
3492 4532 3618 4588 quas
3640 4526 3789 4568 SUSCC'

613 4602 670 4649 et
693 4592 983 4647 mulierem
1024 4593 1348 4649 Ecclesiam.
1375 4595 1497 4649 Non
1522 4597 1740 4650 veniam
1790 4598 1936 4651 enim
1964 4608 2094 4653 tunc
2118 4601 2187 4653 ad

613 4684 925 4738 mittendum
971 4685 1117 4739 inter
1154 4695 1206 4741 te
1255 4697 1311 4741 et
1338 4702 1459 4741 eam
1506 4703 1716 4758 pacem,
1767 4690 1857 4741 sed
1887 4688 2122 4759 gladium
2140 4691 2185 4723 δ’

613 4778 1019 4847 evangelicum,
1053 4778 1122 4832 ad
1154 4779 1512 4834 dividendum
1543 4779 2185 4850 etseparandumtema-

613 4869 824 4941 lignum
854 4880 911 4925 et
943 4871 1254 4926 adulterum
1296 4872 1476 4926 virum
1516 4880 1832 4942 serpentem
1878 4889 1907 4928 a
1953 4875 2185 4932 muliere

614 4976 777 5029 quam
799 4978 829 5016 a
867 4977 953 5017 me
979 4964 1248 5033 rapuisti:
1276 4973 1338 5019 ut
1375 4964 1597 5035 quando
1627 4979 1795 5034 super
1821 4979 2011 5021 omnes
2048 4967 2183 5021 alias

616 5052 901 5119 mulieres,
929 5070 1228 5126 synagogas
1258 5057 1574 5120 Persarum,
1611 5056 1891 5123 Indorum,
1918 5056 2181 5124 Arabum,

615 5141 1014 5198 lsmaelitarum
1046 5154 1099 5199 te
1130 5146 1344 5211 dilexit,
1376 5148 1452 5202 ita
1479 5162 1641 5217 supra
1673 5163 1864 5203 omnes
1893 5156 1945 5203 te
1969 5149 2181 5204 oderit:

615 5235 702 5288 vel
724 5236 931 5305 potius,
962 5245 1023 5292 ut
1044 5240 1211 5294 semel
1242 5241 1442 5307 dicam,
1468 5257 1661 5296 omnes
1689 5252 1742 5296 te
1772 5241 2013 5307 oderint,
2031 5244 2181 5315 (num

619 5328 755 5381 enim
787 5327 1093 5383 Judworum
1131 5331 1301 5385 solum
1364 5341 1437 5385 est
1468 5332 1606 5386 Deus
1632 5372 1647 5397 ,
1698 5348 1809 5387 non
1864 5335 2021 5387 etiam
2056 5351 2183 5404 gen-

620 5420 752 5475 tium
770 5420 815 5453 ⁵⁰
828 5422 873 5493 ?)
910 5434 1187 5494 noctuque
1204 5425 1507 5496 etjnterdiu
1529 5442 1589 5481 ea
1613 5427 1875 5482 adversus
1898 5435 1949 5482 te
1975 5440 2183 5483 armata

620 5518 676 5564 et
702 5516 963 5568 resistens
992 5525 1044 5570 te
1097 5516 1397 5571 interimat.
1436 5516 1493 5571 Si
1543 5518 1657 5572 hinc
1708 5518 1784 5573 ita
1827 5534 1936 5573 non
1974 5519 2181 5590 signiﬁ—

621 5613 769 5674 cant,
796 5607 1088 5677 oportebat
1114 5609 1286 5666 Deum
1314 5609 1387 5663 ita
1421 5609 1607 5664 dicere
1635 5611 1879 5681 serpenti
1916 5631 1926 5665 :
1969 5611 2037 5665 Et
2070 5629 2181 5665 ecce

694 5722 858 5799 ‘_’_lsa.
881 5741 987 5793 xxv,
1012 5727 1098 5783 14.
1173 5731 1218 5763 δ’
1240 5732 1377 5791 Psal.
1408 5748 1582 5799 Lxxvt,
1608 5732 1691 5788 15.
1768 5733 1811 5764 ⁵⁸
1832 5732 2019 5788 Matth.
2044 5750 2094 5799 κ,
2126 5734 2215 5789 5i.

1173 5731 1218 5763 “
1240 5732 1377 5791 Psal.
1408 5748 1582 5800 Lxxvt,
1608 5732 1691 5788 15.

621 5790 673 5822 ³³
710 5791 908 5862 Ephes.
943 5790 993 5863 v,
1018 5800 1107 5853 25.

2283 4592 2522 4675 pilucum
2577 4606 2852 4666 serpente,
2886 4599 3157 4656 idolorum
3205 4604 3535 4670 destructio,
3587 4605 3786 4673 ipsorum

2284 4681 2613 4749 templorum
2648 4686 2882 4751 eversio,
2907 4696 3212 4745 statuarum
3235 4693 3514 4756 contritio,
3548 4690 3787 4746 columna-

2285 4786 2404 4825 rum
2429 4773 2653 4841 deletio,
2682 4779 2828 4847 apud
2857 4789 3049 4849 gentes
3085 4784 3329 4853 Cognitio
3352 4785 3447 4840 Dei
3486 4785 3573 4855 qui
3593 4785 3678 4837 has
3708 4780 3784 4833 ho-

2282 4880 2382 4920 nas
2420 4865 2736 4924 inimicitias
2773 4872 3205 4941 praedestinavit.
3259 4878 3327 4931 Et
3367 4877 3506 4933 dixit
3541 4870 3782 4943 serpenti:

2276 4957 2483 5013 Portam
2509 4962 2812 5020 inimicitias
2834 4968 2971 5020 inter
2989 4975 3038 5021 te
3051 4977 3101 5021 et
3119 4969 3408 5024 mulierem.
3434 4970 3497 5024 Et
3525 4980 3673 5038 quare
3688 4976 3784 5016 mu-

2278 5049 2488 5115 lierem,
2519 5060 2575 5106 et
2616 5070 2727 5109 non
2763 5058 2947 5127 potius
2984 5058 3201 5113 virum?
3232 5060 3466 5115 Mulieris
3509 5061 3631 5113 enim
3659 5057 3783 5122 capt“

2280 5152 2354 5196 est
2371 5145 2449 5198 vir
2472 5146 2537 5208 ⁵³,
2569 5157 2626 5201 et
2646 5148 2823 5219 ipsum
2850 5150 2993 5221 (cum
3020 5153 3091 5207 sit
3123 5152 3402 5209 inimicum
3423 5152 3594 5222 caput)
3618 5147 3783 5203 bellum

2280 5253 2472 5307 gerere
2502 5256 2625 5295 cum
2665 5244 2842 5313 capite
2865 5247 3136 5315 serpentis
3167 5247 3421 5312 decebat;
3463 5246 3550 5301 sed
3579 5239 3696 5297 nihil
3718 5235 3785 5289 di-

2284 5330 2362 5385 cit
2396 5333 2690 5401 ejusmodi,
2716 5341 2975 5406 quoniam
3006 5340 3147 5394 nihil
3169 5350 3251 5395 est
3284 5353 3561 5395 commune
3584 5326 3781 5402 serpenti

2285 5443 2408 5482 cum
2450 5431 2725 5498 spirituali
2764 5430 2989 5499 Adamo’,
3022 5449 3217 5503 nempe
3261 5434 3489 5490 Christo.
3539 5429 3665 5485 Dicit
3700 5425 3782 5477 ita-

2282 5538 2389 5592 que
2431 5541 2444 5578 :
2472 5524 2675 5579 Panum
2708 5528 3009 5581 inimicitias
3036 5530 3173 5582 inter
3200 5539 3249 5583 te
3270 5540 3318 5583 et
3340 5528 3608 5583 mulierem.
3636 5520 3682 5574 Si
3702 5532 3783 5571 au-

2284 5622 2389 5668 tem
2428 5618 2793 5686 corporaliter
2816 5619 3075 5689 intelligis
3097 5620 3191 5674 Dei
3216 5620 3376 5675 verba
3409 5619 3471 5672 ad
3498 5619 3781 5683 serpentem.

2291 5737 2336 5769 '°
2356 5736 2512 5796 Rom.
2548 5755 2628 5797 nt.
2655 5738 2741 5795 9.9.
2820 5742 2859 5772 "
2888 5741 3043 5796 Rom.
3074 5757 3187 5807 γης,
3213 5741 3298 5795 57.
3373 5738 3453 5792 "l
3481 5735 3652 5790 Thess.
3676 5723 3779 5793 m3.

3969 3700 3971 3778 ι
