4080 6534
216 352 356 422 1033

1319 356 1401 419 ΙΝ
1424 354 1993 417 ΗΕΧΑΕΜΕΒΟΝ.
2022 378 2093 390 -
2122 355 2267 418 LIB.
2308 356 2414 418 XI.

3368 366 3504 432 ιοδι

209 464 345 520 vide
377 463 433 517 in
459 476 627 534 quam
651 462 827 521 multa
851 460 1056 521 incidis
1091 463 1337 520 absurda
1361 465 1442 519 sic
1465 463 1807 535 intelligens.
1841 474 1882 527 Α
1914 461 2081 518 modo
2112 464 2180 518 ad
2235 464 2386 521 mille
2426 480 2602 521 annos
2631 466 2749 523 haec
2796 478 2948 524 recte
2992 468 3214 541 legens.
3255 477 3501 533 nondum

211 554 286 612 Et
312 555 551 627 primum
579 555 830 627 quidem,
866 555 1017 627 quod
1047 556 1195 612 Dens
1220 555 1428 628 injuste
1453 571 1581 611 eum
1605 565 1691 612 est
1710 571 1808 611 ex-

211 658 487 705 secratus.
515 649 819 713 Nam,cum
847 649 1064 705 ratione
1090 658 1309 706 careret
1339 658 1397 705 et
1420 650 1805 721 intelligentia,

213 739 428 795 invitus
464 740 569 795 fuit
623 741 1063 797 instrumentum
1105 741 1340 808 diaboli;
1384 757 1487 797 nec
1517 741 1811 812 oportebat

213 831 382 889 irasci
425 835 792 888 instrumento
823 834 1036 905 experti
1060 834 1313 889 rationis.
1346 834 1625 899 Secundo,
1658 834 1810 905 quod

212 925 263 980 si
305 925 595 980 mulierem
616 926 789 981 solam
815 927 935 981 vult
965 926 1288 982 inimicitias
1318 941 1509 997 gerere
1531 942 1657 981 cum
1690 942 1811 981 ma-

211 1015 389 1086 ligno,
435 1023 522 1071 est
581 1017 941 1087 perspicuum
988 1016 1139 1087 quod
1179 1018 1299 1072 vult
1329 1017 1510 1072 virum
1539 1033 1661 1073 esse
1702 1033 1813 1073 ser-

210 1110 404 1180 pentis
437 1109 727 1165 dilectum.
754 1110 967 1175 Tertio,
1001 1110 1151 1180 quod
1197 1112 1244 1166 si
1285 1111 1433 1167 inter
1462 1112 1809 1182 corporalem

212 1211 532 1269 serpentem
573 1208 631 1254 et
668 1200 950 1255 carnalem
986 1210 1232 1260 nostram
1279 1200 1570 1256 mulierem
1620 1199 1810 1271 posuit

211 1291 365 1347 Deus
395 1292 741 1357 inimicitias,
763 1291 823 1346 in
860 1307 972 1346 uno
997 1303 1281 1348 momento
1314 1292 1580 1363 temporis
1605 1307 1811 1347 consu-

210 1392 438 1440 merent
476 1392 771 1454 serpentes
790 1398 987 1439 omnes
1008 1384 1274 1440 mulieres
1294 1423 1309 1449 ,
1327 1392 1385 1440 et
1423 1384 1659 1439 maxime
1689 1398 1813 1454 quae

209 1490 329 1531 non
362 1486 492 1531 sunt
526 1476 583 1532 in
608 1475 846 1531 urbibus
884 1476 1017 1532 dum
1047 1476 1352 1532 dormiunt.
1396 1476 1636 1543 Quarto,
1662 1475 1811 1547 quod

210 1568 475 1639 plurimae
510 1567 680 1623 etiam
734 1568 858 1623 aliae
894 1567 1087 1624 bestiae
1145 1579 1278 1624 sunt
1320 1568 1483 1625 nobis
1550 1568 1810 1624 inimicae.

210 1660 324 1715 Sed
372 1677 552 1732 neque
600 1669 807 1717 terram
832 1661 1085 1732 quotidie
1130 1661 1376 1718 comedit
1397 1677 1631 1733 serpens
1655 1702 1671 1728 ,
1711 1662 1811 1719 sed

209 1752 387 1808 etiam
423 1754 560 1809 alias
592 1766 750 1809 escas
785 1752 1063 1808 carnium.
1106 1752 1212 1809 Sed
1251 1770 1434 1824 neque
1458 1756 1553 1826 qui
1583 1757 1689 1812 sub
1721 1757 1809 1812 in-

1911 553 2222 623 cognovisti
2252 570 2374 610 eam
2413 571 2537 627 quae
2563 565 2648 613 est
2687 558 2744 613 in
2780 558 2915 629 ipsis
2945 561 3260 639 veritatem,
3284 580 3412 621 cum
3442 580 3502 624 tu

1912 660 1999 699 me
2029 646 2216 715 potius
2264 646 2502 703 deberes
2529 647 2588 703 in
2620 648 2708 705 his
2737 649 3075 717 illuminare,
3118 663 3182 709 ut
3229 656 3326 726 qui
3376 673 3439 713 ea
3470 676 3502 714 a

1910 736 2025 791 Deo
2057 738 2361 808 acceperis,
2392 748 2449 793 et
2485 740 2575 796 cui
2608 755 2674 795 ea
2708 749 2839 797 sunt
2894 743 3129 799 credita.
3164 745 3243 803 De
3276 756 3503 815 caetero,

1910 842 1942 880 a
1977 842 2063 881 me
2088 829 2183 897 qui
2217 844 2338 884 sum
2373 828 2643 886 barbarus
2662 840 2719 886 et
2741 833 2918 891 bestia
2940 836 3094 893 disce
3125 852 3350 894 sensum
3380 850 3504 895 tua-

1914 932 2037 970 rum
2061 916 2266 988 legum.
2305 918 2486 989 Atque
2519 928 2581 976 ut
2609 922 2853 993 maligno
2897 927 3127 996 quidem
3152 931 3402 1001 serpenti
3433 933 3508 986 sit

1913 1005 2140 1062 inimica
2173 1016 2230 1063 et
2247 1007 2299 1063 ei
2324 1024 2435 1063 non
2463 1009 2708 1077 obediat,
2732 1013 2952 1070 mulieri
2981 1025 3039 1072 et
3062 1019 3326 1076 Ecclesia:
3348 1021 3507 1076 dedit

1912 1096 2094 1165 Deus;
2128 1098 2428 1155 observare
2464 1110 2683 1167 autem,
2726 1119 2826 1159 seu
2859 1120 2986 1160 cum
3015 1107 3237 1167 insidiis
3258 1113 3381 1185 ejus
3408 1128 3504 1169 ca-

1911 1197 2013 1260 put
2037 1197 2352 1256 conterere,
2376 1207 2488 1246 non
2530 1202 2713 1263 potest
2733 1196 3001 1253 Ecclesia.

1983 1280 2051 1335 Et
2100 1290 2397 1352 propterea
2451 1299 2483 1339 a
2526 1286 2765 1343 muliere
2820 1289 2891 1344 ad
2944 1291 3230 1349 hominem
3283 1294 3503 1368 (nempe

1911 1372 2216 1444 Christum)
2272 1376 2521 1432 traduxit
2564 1380 2712 1435 Deus
2752 1382 3087 1451 orationem,
3149 1386 3342 1444 dicens
3384 1405 3504 1445 ser-

1912 1468 2067 1540 penti
2089 1487 2101 1523 :
2122 1469 2240 1539 Ipse
2264 1470 2556 1527 observabit
2578 1483 2742 1544 caput
2771 1482 2943 1548 tuum,
2978 1486 3031 1533 te
3060 1490 3357 1537 conterens
3377 1498 3502 1539 cum

1914 1559 2139 1616 insidiis
2170 1578 2182 1614 :
2218 1570 2267 1615 et
2310 1570 2367 1615 tu
2394 1561 2690 1618 obseruabis
2722 1565 2837 1636 ejus
2866 1567 3199 1635 calcaneum,
3247 1571 3359 1628 hoc
3393 1586 3500 1638 est,

1914 1661 2165 1709 extrema
2216 1654 2392 1711 totius
2439 1657 2697 1727 corporis
2742 1658 2954 1715 Christi
2998 1662 3127 1734 (hoc
3187 1674 3375 1721 autem
3416 1677 3506 1722 est

1915 1745 2189 1819 Ecclesia)
2242 1748 2301 1803 in
2347 1750 2618 1807 extremis
2661 1753 3013 1822 temporibus
3054 1771 3179 1811 eam
3226 1759 3501 1815 cribrans.

209 1846 583 1917 ιειιίεεηιίεω
637 1846 788 1902 cadi;
836 1862 1101 1921 εθιιρεηε,
1143 1862 1272 1902 cum
1322 1849 1396 1904 είι
1446 1850 1798 1914 immortalis,
1832 1843 1877 1899 Β
1902 1836 2211 1894 Calcaueus
2234 1846 2422 1895 autem
2453 1840 2576 1911 ejus
2602 1848 2659 1896 et
2684 1851 3023 1911 extremum,
3062 1856 3149 1903 est
3172 1849 3503 1907 Antichristi

210 1946 421 1993 terram
450 1938 716 2003 comedit,
740 1939 1000 1995 omnibus
1029 1939 1230 1996 diebus
1272 1943 1402 1997 vitae
1452 1958 1566 1997 suae
1608 1942 1812 1997 missus

210 2029 270 2085 in
322 2029 509 2101 ignem
544 2039 837 2086 internum.
884 2032 962 2087 De
1015 2032 1137 2102 ipso
1168 2040 1351 2088 tamen
1410 2044 1673 2104 serpente
1712 2033 1809 2104 qui

210 2120 370 2176 cadit
414 2121 520 2176 sub
574 2120 1020 2192 intelligentiam,
1052 2129 1109 2178 et
1158 2123 1227 2179 de
1266 2123 1515 2179 Ecclesia
1566 2125 1810 2196 intellige

211 2212 468 2267 divinum
521 2212 805 2283 eloquium
852 2214 1002 2284 quod
1032 2215 1170 2270 dicit
1203 2234 1217 2271 :
1259 2216 1467 2271 Ponam
1506 2219 1809 2273 inimicitias

210 2307 361 2359 inter
380 2306 677 2361 diabolum
709 2318 755 2362 et
806 2308 1105 2364 mulierem.
1150 2310 1317 2366 Beata
1355 2316 1440 2365 est
1490 2326 1623 2381 ergo
1662 2311 1810 2365 inter

210 2398 488 2453 mulieres
510 2400 628 2455 sola
650 2400 767 2455 haec
800 2403 1021 2457 mulier.
1053 2401 1194 2457 Hinc
1234 2402 1383 2457 enim
1407 2402 1675 2457 discimus
1698 2419 1812 2457 ma-

211 2500 389 2554 gnum
426 2485 626 2557 dogma
666 2486 734 2542 de
754 2488 893 2558 ipsa,
918 2489 1090 2544 etiam
1118 2489 1253 2559 ipsis
1278 2489 1433 2545 cmlis
1453 2490 1728 2545 excelsius
1756 2498 1812 2545 et

211 2578 593 2649 praestantius.
642 2578 935 2647 Quodnam
985 2591 1071 2637 est
1125 2582 1274 2636 hoc?
1307 2583 1441 2637 Dico
1492 2582 1640 2653 quod
1694 2584 1808 2639 sola

211 2686 337 2742 quae
369 2680 455 2727 est
482 2670 929 2728 Christianorum
961 2674 1210 2730 Ecclesia
1235 2673 1477 2740 Christi,
1509 2684 1594 2731 est
1630 2675 1810 2731 hostis

210 2769 269 2817 et
302 2762 533 2819 inimica
598 2766 873 2835 serpenti;
926 2766 1155 2836 reliquae
1211 2773 1397 2820 autem
1442 2782 1636 2821 omnes
1690 2783 1813 2837 qua:

213 2863 347 2908 sunt
389 2852 445 2907 in
510 2853 720 2909 mundo
780 2855 1077 2926 religiones
1131 2865 1188 2912 et
1218 2858 1353 2912 lides
1394 2859 1641 2929 gentium
1678 2860 1810 2929 (tam

213 2942 536 2999 Judrxeorum
561 2960 726 3015 quam
750 2945 1140 3018 Barbarorum)
1168 2956 1298 3002 sunt
1315 2949 1504 3004 amica:
1528 2958 1583 3005 et
1611 2959 1812 3005 contu-

215 3035 500 3101 bernales,
527 3044 584 3093 et
611 3038 896 3109 conjuges,
920 3046 977 3095 et
1000 3041 1241 3111 propriae
1272 3040 1478 3096 diaboli
1501 3040 1808 3111 serpentis:

214 3142 282 3183 ex
319 3144 394 3184 eo
426 3138 587 3195 natae,
622 3137 679 3185 et
715 3145 839 3200 quae
869 3146 938 3185 ex
976 3146 1044 3185 eo
1083 3140 1462 3202 concepcrunt
1493 3132 1696 3186 malum
1721 3148 1811 3187 se-

214 3236 343 3277 men
374 3222 847 3278 exsecrandorum
887 3222 1228 3294 dogmatum,
1276 3225 1414 3279 adeo
1451 3233 1512 3279 ut
1550 3224 1632 3281 eis
1666 3224 1811 3279 idem

212 3313 289 3384 sit
329 3323 394 3369 et
420 3323 579 3385 pater
607 3322 664 3369 et
691 3314 798 3379 vir,
831 3315 926 3385 qui
955 3317 1264 3371 introduxit
1297 3318 1691 3373 exsecrandam
1725 3318 1812 3374 sui

214 3406 366 3459 inter
397 3419 456 3459 se
483 3404 899 3476 corruptionem
944 3423 957 3460 :
991 3406 1096 3461 hoc
1122 3410 1270 3464 enim
1306 3409 1619 3479 signiﬁcant
1645 3411 1813 3466 etiam

215 3510 339 3565 qua:
372 3494 640 3566 deinceps
676 3504 992 3567 sequuntur
1020 3498 1116 3553 Dei
1145 3499 1315 3555 verba
1356 3500 1425 3555 ad
1468 3499 1651 3571 ipsum
1696 3517 1812 3557 ser-

215 3596 465 3657 pentem.
492 3588 627 3642 Nam
656 3604 780 3644 cum
807 3590 1038 3645 dixisset
1068 3590 1309 3647 :Ponam
1336 3593 1643 3648 inimicitias
1672 3595 1814 3649 inter

219 3686 268 3730 te
296 3684 348 3730 et
379 3677 657 3732 mulierem
678 3719 693 3745 ,
724 3680 1043 3751 subjunxit,
1072 3681 1267 3737 dicens
1301 3699 1315 3736 :
1343 3681 1416 3736 Et
1448 3685 1587 3737 inter
1632 3701 1810 3740 semen

219 3770 355 3841 ejus.
400 3769 566 3841 Atqui
620 3772 857 3827 debebat
893 3772 1079 3828 dicere
1118 3791 1132 3827 :
1184 3774 1252 3829 Et
1284 3776 1422 3830 inter
1464 3778 1603 3847 fetus
1653 3780 1811 3850 ejus:

219 3860 263 3915 si
298 3861 370 3916 ad
408 3864 749 3932 corporalem
785 3875 1101 3936 serpentem
1129 3875 1186 3922 et
1211 3868 1501 3923 mulierem
1544 3885 1812 3942 corpora-

219 3954 328 4009 lem
362 3955 537 4010 solam
577 3966 764 4012 essent
809 3973 873 4013 ea
928 3975 1051 4028 quae
1095 3958 1381 4015 dicuntur.
1434 3962 1633 4017 Mulier
1662 3964 1812 4019 enim

220 4060 331 4100 non
372 4047 583 4102 emittit
619 4063 840 4113 semen;
874 4049 970 4104 sed
1019 4066 1145 4105 cum
1174 4052 1489 4121 acceperit,
1532 4053 1679 4124 parit
1727 4054 1810 4110 fe-

222 4144 361 4194 tum.
400 4139 624 4195 Semina
674 4156 806 4212 ergo
856 4141 1122 4198 Ecclesiae
1168 4153 1301 4198 sunt
1338 4143 1429 4214 pia
1473 4145 1730 4217 dogmata
1756 4155 1814 4203 et

221 4228 534 4300 disciplinae
570 4246 707 4301 quas
763 4233 1057 4289 seminavit
1110 4234 1202 4289 ille
1230 4236 1507 4305 agricola,
1561 4238 1754 4295 dicens
1795 4258 1810 4295 :

223 4319 371 4376 Exiit
407 4324 497 4392 qui
524 4324 753 4378 seminat
782 4324 851 4378 ad
872 4325 1328 4381 seminandum“.
1354 4328 1568 4386 Rursus
1584 4345 1813 4401 serpen-

225 4412 293 4466 tis
313 4422 449 4467 sunt
472 4414 610 4468 mala
642 4414 853 4469 semina
883 4424 940 4469 et
964 4415 1152 4484 impia,
1184 4416 1569 4473 haereticorum
1603 4420 1813 4477 zizania

1910 1931 2205 2002 praesentia
2231 1942 2357 2001 Quae
2397 1930 2587 1988 futura
2619 1943 2707 1990 est
2734 1936 2793 1990 in
2819 1938 3088 1995 extremis
3120 1942 3501 2012 temporibus;

1910 2024 2031 2094 ejus
2061 2024 2211 2079 enim
2245 2032 2469 2095 tempus
2496 2026 2760 2085 observat
2788 2040 2847 2086 et
2869 2040 3157 2102 exspectat
3179 2035 3359 2091 malus
3387 2052 3508 2093 ser-

1910 2131 2070 2187 pens,
2120 2130 2233 2186 quo
2275 2124 2466 2173 utetur
2508 2125 2770 2190 tanquam
2817 2123 3217 2194 instrumento,
3264 2128 3334 2183 ad
3370 2144 3504 2199 snp-

1909 2205 2272 2276 plantandum
2308 2222 2509 2263 rursus
2548 2225 2649 2279 per
2694 2211 2883 2267 cibum
2915 2215 3223 2272 Ecclesiam
3268 2235 3282 2272 :
3332 2219 3503 2290 idque

1911 2312 2039 2352 cum
2091 2306 2223 2353 tunc
2267 2300 2341 2354 sit
2389 2299 2575 2355 futura
2624 2300 2820 2369 fames,
2872 2303 3017 2360 sicut
3049 2307 3219 2362 etiam
3275 2310 3508 2365 tradidi-

1912 2403 2039 2443 mus
2078 2388 2135 2443 in
2180 2389 2330 2443 libro
2380 2391 2755 2461 praecedente.
2802 2392 2962 2462 Quod
3016 2406 3203 2452 autem
3250 2399 3508 2457 Christus

1912 2478 2084 2534 fuerit
2120 2488 2311 2535 custos
2351 2480 2638 2548 Ecclesiae,
2684 2496 2799 2539 non
2844 2501 2987 2556 opus
3032 2488 3143 2542 erit
3184 2488 3256 2545 de
3303 2506 3373 2547 eo
3400 2493 3507 2548 alia

1912 2570 2109 2641 majori
2140 2571 2475 2641 probatione
2518 2589 2686 2643 quam
2731 2591 2795 2630 ea
2829 2577 2948 2632 sola
2973 2593 3097 2648 qua:
3121 2579 3262 2636 dicit
3293 2581 3349 2636 in
3378 2599 3507 2653 per-

1913 2678 2050 2718 sona
2100 2662 2312 2720 Christi
2358 2683 2370 2719 :
2411 2665 2484 2720 Et
2519 2669 2720 2739 accepit
2760 2667 3018 2724 Dominus
3047 2670 3187 2726 Deus
3218 2674 3509 2741 Adamum,

1913 2764 1964 2808 et
2016 2758 2188 2826 posuit
2242 2773 2365 2812 eum
2395 2759 2452 2812 in
2481 2760 2733 2829 paradiso
2792 2762 2863 2816 ad
2909 2779 3031 2817 eum
3075 2766 3409 2836 operantium
3458 2779 3510 2825 et

1913 2847 2336 2905 custodiendum.

1983 2936 2052 2991 Et
2081 2936 2209 2992 ideo
2245 2940 2432 3007 posuit
2454 2939 2713 2997 Christus
2744 2942 3060 3013 cherubim,
3102 2956 3161 3001 et
3198 2947 3509 3007 ﬂammeam

1912 3028 2288 3100 rhomphaaam
2315 3033 2656 3099 versatilem,
2673 3050 2798 3105 quae
2827 3034 2885 3090 in
2913 3037 3105 3093 orbem
3132 3041 3381 3097 custodit
3403 3043 3510 3098 Ec-

1913 3119 2162 3188 clesiam,
2209 3138 2281 3177 ne
2314 3123 2464 3179 intro
2507 3126 2706 3183 subeat
2733 3137 2903 3199 caput
2926 3132 3218 3201 serpentis.
3253 3135 3511 3192 Fortasse

1914 3222 2101 3268 autem
2151 3231 2346 3272 rursus
2403 3218 2571 3274 etiam
2618 3235 2683 3275 ea
2728 3220 2797 3277 de
2843 3237 3033 3289 causa,
3078 3241 3111 3281 a
3157 3228 3394 3285 muliere
3439 3230 3507 3285 ad

1917 3304 2102 3361 virum
2156 3307 2404 3363 traduxit
2452 3309 2753 3366 dictionem
2802 3313 2968 3380 Deus,
3026 3315 3222 3373 dicens
3262 3321 3506 3391 serpenti

1914 3398 1987 3454 de
2032 3397 2261 3455 Christo
2294 3418 2307 3455 :
2338 3401 2459 3474 Ipse
2507 3404 2802 3459 obseruabit
2840 3401 2999 3477 caput
3034 3416 3182 3465 tuum
3219 3428 3238 3466 :
3282 3424 3511 3483 propter

1916 3508 2110 3550 vocem
2162 3495 2312 3550 illam
2359 3511 2482 3565 quae
2513 3504 2778 3567 utrosque
2810 3501 3101 3571 coniungit
3130 3504 3397 3565 societate
3423 3506 3510 3561 di-

1914 3599 2051 3641 cens
2082 3604 2096 3641 :
2128 3586 2198 3641 Et
2225 3596 2378 3641 erunt
2405 3592 2509 3643 duo
2542 3589 2597 3642 in
2638 3606 2801 3643 carne
2839 3608 2948 3645 uua
2979 3594 3045 3656 ⁸⁸,
3078 3602 3143 3649 ut
3185 3612 3286 3666 per
3314 3613 3505 3654 vocem

1912 3675 2238 3731 femininam
2288 3678 2454 3733 simul
2485 3694 2550 3733 ac
2593 3680 2813 3736 virilem
2846 3697 2949 3737 nos
2990 3683 3188 3739 doceat
3219 3686 3503 3744 Christum

1914 3776 1974 3823 et
1994 3768 2302 3824 Ecclesium
2323 3784 2446 3824 esse
2476 3769 2827 3825 individuum
2852 3773 3116 3841 quiddam
3139 3774 3505 3847 ejusdemque

1915 3869 2152 3926 naturae,
2177 3861 2538 3931 ejusdemque
2560 3862 2765 3926 carnis,
2796 3873 2853 3918 et
2874 3867 3291 3936 concorporale,
3315 3877 3373 3923 et
3392 3868 3507 3924 sin-

1912 3951 2123 4021 gulare.
2156 3951 2435 4007 Conserva
2460 3953 2621 4018 mihi,
2646 3968 2680 4007 ο
2705 3952 2886 4009 ﬁdelis
2904 3964 2962 4010 et
2984 3970 3141 4011 sacer
3161 3968 3357 4025 coetus,
3387 3960 3505 4017 haec

1917 4042 2142 4099 assidue
2195 4046 2253 4097 in
2299 4045 2589 4109 memoria,
2619 4059 2743 4113 quae
2771 4043 2919 4099 dicta
2955 4053 3087 4099 sunt
3127 4046 3399 4121 (inquam)
3433 4051 3505 4105 de

1915 4149 2051 4190 voce
2092 4134 2282 4189 divina
2332 4150 2455 4204 qua:
2483 4134 2619 4189 dicit
2647 4135 2893 4206 serpenti
2925 4135 3170 4192 :Ponam
3200 4140 3506 4197 inimicitias

1915 4228 2055 4281 inter
2099 4235 2148 4281 te
2189 4236 2237 4282 et
2283 4226 2560 4281 mulierem
2596 4242 2762 4282 unam
2800 4235 2857 4283 et
2879 4227 3053 4283 solam
3092 4246 3107 4284 :
3139 4237 3198 4285 et
3229 4230 3354 4285 ideo
3393 4247 3506 4289 non

1916 4320 2076 4386 dicit,
2102 4321 2392 4387 mulieres;
2439 4322 2704 4393 quoniam
2754 4331 2968 4379 cetera:
2992 4340 3187 4381 omnes
3227 4341 3349 4398 quae
3377 4339 3510 4386 sunt

1920 4413 1978 4468 in
2030 4412 2242 4497 mundo
2278 4412 2437 4478 ﬁdes,
2467 4421 2673 4484 preter
2704 4429 2873 4471 unam
2903 4424 2962 4471 et
2994 4416 3138 4472 hanc
3166 4416 3372 4473 Christi
3415 4435 3509 4473 so-

224 4512 278 4556 et
334 4504 781 4573 prazdicationes.
841 4506 975 4573 Quae
1029 4507 1256 4578 quidem
1314 4510 1513 4566 videns
1563 4511 1822 4570 Christus
1856 4513 2035 4579 Diam
2088 4526 2318 4567 uxorem
2367 4521 2425 4567 et
2465 4511 2912 4568 Christianorum
2982 4512 3286 4569 Ecclesiam
3323 4554 3338 4579 ,
3381 4524 3513 4570 sunt

226 4595 593 4663 germinantia
638 4596 693 4650 in
730 4596 913 4651 medio
934 4597 1198 4653 frumenti
1228 4639 1243 4664 ,
1286 4599 1505 4657 dicebat
1534 4619 1548 4656 :
1572 4603 1827 4661 Inimicus
1926 4605 2120 4660 amicae
2145 4604 2441 4675 serpentis.
2477 4605 2554 4659 De
2583 4614 2783 4660 caetero
2812 4613 3023 4669 autem,
3051 4605 3273 4675 quando
3300 4606 3514 4663 videris

226 4683 379 4735 homo
432 4684 541 4737 hare
568 4685 945 4751 seminavit";
1002 4685 1108 4740 hoc
1144 4695 1231 4742 est
1267 4690 1447 4745 malus
1479 4706 1732 4762 serpens,
1770 4705 1830 4752 et
1927 4692 2176 4763 reliquas
2219 4694 2574 4748 mulieres-et
2617 4693 2776 4759 ﬁdes,
2818 4693 3249 4764 Judreorumque
3284 4703 3342 4749 et
3376 4695 3513 4750 Bar-

226 4780 522 4842 propterea
549 4783 808 4845 tanquam
838 4776 1056 4831 hostem
1086 4775 1350 4833 Ecclesiae
1378 4795 1505 4835 cum
1535 4782 1827 4854 alloquens
1926 4784 2189 4840 barorum
2238 4800 2575 4858 synagogas,
2626 4785 2961 4855 psallentes,
3013 4785 3336 4851 clamantes,
3395 4786 3516 4843 dies

226 4863 449 4919 dicebat
483 4882 497 4919 :
538 4866 747 4921 Ponant
782 4867 1088 4922 inimicitias
1110 4868 1250 4922 inter
1270 4876 1320 4923 te
1350 4878 1399 4922 et
1422 4870 1733 4939 mulierem,
1771 4885 1822 4929 et
1921 4876 2095 4933 festos
2114 4877 2815 4948 celebrantes,vigilantes,
2840 4876 3515 4948 jejunantes,sacrillcan-

227 4954 364 5009 inter
418 4972 596 5011 semen
647 4966 798 5012 tuum
832 4968 882 5013 et
932 4975 1111 5013 semen
1153 4960 1303 5030 ejus,
1359 4962 1472 5032 ipse
1526 4962 1821 5019 obseruabit
1924 4976 2029 5034 tes,
2074 4970 2406 5033 adorantes,
2460 4970 2633 5025 Deum
2682 4969 3069 5036 nominantes,
3104 4968 3270 5025 ﬁdem
3314 4970 3517 5042 praedi-

228 5056 410 5118 caput,
449 5059 497 5103 et
533 5058 588 5103 tu
629 5051 922 5106 observabis
958 5052 1073 5122 ejus
1100 5051 1434 5108 calcaneum.
1477 5054 1556 5109 De
1581 5057 1815 5113 muliere

229 5136 466 5209 loquens
514 5151 571 5197 et
618 5145 740 5215 ejus
787 5143 1019 5210 semine,
1050 5145 1331 5215 quomodo
1372 5147 1440 5201 ad
1511 5148 1814 5205 masculum

231 5230 479 5286 traduxit
505 5236 850 5300 orationem,
881 5234 1075 5290 dicens
1113 5254 1125 5289 :
1151 5236 1274 5307 Ipse
1306 5237 1600 5293 obseruabit
1633 5248 1817 5310 caput,

233 5329 283 5373 et
332 5329 389 5375 tu
437 5323 731 5379 observabis
764 5325 1077 5381 calcaneum
1122 5327 1235 5397 ejus
1277 5329 1303 5383 7
1364 5327 1555 5400 Ejus?
1618 5329 1824 5401 Cujus,

234 5410 497 5484 Nunquid
528 5416 815 5471 mulieris?
844 5418 1042 5474 Absit!
1098 5418 1222 5475 Non
1274 5418 1443 5475 habet
1480 5420 1630 5476 enim
1675 5422 1824 5492 quod

236 5499 448 5557 dictum
494 5504 658 5577 917
684 5516 790 5574 est,
823 5523 1070 5563 sensum.
1105 5509 1387 5574 Dissecor,
1415 5522 1472 5568 et
1520 5512 1602 5567 tui
1631 5528 1826 5570 rursus

235 5602 429 5651 teneor
466 5599 835 5657 admiratione
880 5602 1007 5673 (tibi
1034 5601 1228 5659 Judreo
1266 5620 1459 5661 rursus
1503 5606 1653 5677 dico)
1685 5622 1823 5678 quo-

1921 5070 2134 5124 cantes.
2185 5062 2445 5134 dogmata
2496 5070 2826 5128 statuentes,
2884 5062 3207 5135 Scripturas
3242 5064 3512 5134 legentes,

1925 5151 2209 5208 Christum
2251 5162 2438 5210 autem
2493 5155 2669 5213 Deum
2717 5170 2910 5211 verum
2951 5171 3020 5212 ex
3065 5157 3179 5212 Deo
3211 5172 3346 5212 vero
3400 5172 3513 5212 non

1925 5243 2280 5311 conﬁtentes,
2307 5255 2465 5302 certo
2496 5246 2640 5301 scias
2664 5246 2812 5317 quod
2834 5261 2915 5302 ere
2940 5262 3135 5305 omnes
3163 5257 3294 5304 sunt
3321 5248 3515 5304 amicat

1924 5333 2131 5391 diaboli
2182 5336 2405 5408 (nempe
2448 5338 2752 5408 serpentis)
2796 5346 2854 5395 et
2896 5340 3053 5395 nulla
3081 5356 3151 5396 ex
3194 5340 3264 5396 iis
3287 5349 3376 5396 est
3409 5339 3516 5395 ini-

1924 5428 2069 5483 mica
2109 5437 2168 5484 et
2199 5429 2271 5484 ab
2302 5444 2372 5485 eo
2409 5430 2618 5497 aliena,
2651 5430 2760 5487 nisi
2792 5430 2910 5502 ipsa
2954 5447 3132 5504 eaque
3165 5433 3280 5489 sola
3309 5432 3514 5490 Christi

1923 5519 2195 5585 Ecclesia,
2230 5530 2287 5576 et
2309 5522 2430 5593 ejus
2457 5538 2669 5578 semen.
2710 5523 2818 5580 Illae
2842 5525 2993 5581 enim
3017 5541 3214 5583 omnes
3236 5536 3369 5582 sunt
3400 5526 3517 5581 for-

1924 5613 2233 5670 nicationes
2261 5623 2316 5670 et
2347 5615 2635 5683 adulterae,
2668 5625 2723 5672 et
2754 5632 2821 5674 ex
2849 5619 3062 5675 semine
3085 5619 3365 5692 serpentis
3387 5632 3520 5674 con-

271 5803 275 5806 ’
310 5795 359 5830 ⁸⁸
395 5798 585 5855 Matth.
624 5818 737 5867 xm,
766 5803 818 5859 5.
895 5804 940 5836 ⁸⁸
963 5804 1100 5862 ibid.
1128 5806 1219 5863 59.
1296 5808 1343 5839 “
1381 5808 1519 5865 Gen.
1580 5826 1638 5875 il,
1678 5812 1782 5881 24;
1829 5814 2018 5872 Matth.
2059 5832 2168 5883 xix,
2219 5817 2284 5886 5;
2322 5817 2525 5891 Ephes.
2579 5835 2633 5887 v,
2685 5820 2775 5876 5i.

556 5894 833 5959 Psruoa.
868 5897 985 5959 GI.
1020 5897 1376 5965 ιχυίιχ.

3127 5914 3203 5978 83
