4080 6528
652 328 787 395 1035

1849 334 1909 394 S.
1964 335 2365 397 ANASTASII
2416 335 2741 398 SINAIT/E

3754 345 3857 413 1036

646 447 918 518 cipientes
967 455 1025 503 et
1068 447 1379 519 parientes,
1429 444 1665 502 fortasse
1722 458 1909 504 autem
1961 450 2232 507 habentes
2259 459 2307 515 Α
2335 452 2403 507 ad
2438 453 2633 525 ipsam,
2675 470 2840 526 quem
2890 465 3083 528 aperte
3133 448 3301 529 prius
3327 456 3620 530 descripsit
3661 476 3717 517 ac
3754 466 3859 536 ligu-

644 540 816 595 etiam
848 540 1134 611 proprium
1164 548 1222 595 et
1254 539 1503 595 innatum
1535 555 1724 597 semen
1770 552 2027 613 serpente
2072 544 2229 599 dete-

648 634 769 689 rius
800 653 812 688 :
849 634 940 688 ille
972 633 1120 688 enim
1146 642 1203 688 et
1232 631 1327 702 qui
1361 648 1487 688 cum
1516 648 1584 688 eo
1618 643 1747 688 sunt
1778 633 2057 691 daemones
2086 651 2231 706 saepe

646 726 883 783 confessi
911 732 1043 780 sunt
1064 732 1125 779 et
1166 724 1543 794 praedicarunt
1584 724 1869 779 Christum
1900 726 2099 781 Filium
2129 726 2229 782 Dei

644 818 923 873 altissimi.
962 816 1119 872 Unde
1152 817 1320 872 etiam
1353 817 1411 871 in
1450 818 1758 872 tentatione
1781 818 1833 872 ei
1863 819 2085 874 dicebat
2112 835 2231 875 ser-

642 923 781 978 pens
800 917 1060 976 umquam
1077 906 1217 961 Filio
1234 906 1362 961 Dei:
1383 904 1478 960 Dic
1498 914 1556 959 ut
1581 905 1781 977 lapides
1806 923 1971 976 panes
1996 906 2134 975 ﬁant
2148 908 2224 975 '7;

641 1004 698 1051 et
721 1005 980 1066 tanquam
1006 996 1145 1050 Filio
1177 996 1273 1051 Dei
1308 995 1529 1050 dicebat
1555 995 1765 1064 :Dejice
1789 1006 1838 1049 te
1864 998 2037 1067 ipsum
2071 997 2226 1052 deor-

639 1104 759 1142 sum
801 1087 847 1119 ⁵⁸
871 1103 939 1142 ex
980 1087 1185 1158 templo
1219 1096 1316 1142 :et
1348 1096 1606 1157 tanquam
1647 1088 1760 1142 Deo
1788 1088 2227 1158 deprecabantur

641 1195 836 1235 omnes
876 1196 948 1235 ne
989 1195 1087 1235 eos
1133 1179 1383 1234 mitteret
1432 1180 1490 1234 in
1538 1179 1817 1251 abyssum,
1872 1190 1927 1235 et
1965 1190 2224 1251 tanquam

637 1273 754 1328 Deo
798 1284 855 1328 et
898 1273 1135 1328 Domino
1176 1273 1426 1326 omnium
1452 1271 1677 1328 Christo
1723 1273 2127 1343 supplicabant,
2154 1283 2225 1329 tut

638 1367 724 1421 eis
759 1367 1111 1438 permitteret
1150 1366 1357 1419 intrare
1390 1366 1462 1419 :in
1513 1381 1699 1436 porcos
1743 1365 1812 1431 ‘9,
1857 1375 1914 1421 et
1961 1374 2221 1437 tanquam

637 1461 813 1516 Deum
842 1475 968 1515 eum
994 1458 1283 1530 adjurahat
1308 1458 1641 1513 daemonium
1674 1472 1744 1512 ne
1782 1459 1962 1529 ipsum
1996 1469 2222 1531 torque-

639 1564 747 1607 ret.
794 1551 941 1606 Nulli
990 1551 1141 1623 enim
1183 1552 1461 1621 justorum
1510 1550 1603 1619 qui
1647 1550 1874 1605 fuerunt
1922 1567 1952 1605 a
1995 1553 2218 1618 saeculo,

640 1646 1022 1715 tales'preces
1063 1653 1363 1699 trementes
1394 1643 1544 1699 εσθιί
1589 1653 1719 1699 sunt
1760 1645 2060 1712 daemones,
2113 1645 2219 1701 nisi

636 1735 743 1790 soli
790 1735 1014 1791 Christo
1044 1736 1179 1790 Deo.
1232 1733 1498 1790 Sciebant
1532 1735 1681 1790 enim
1724 1752 1791 1791 ex
1834 1736 1905 1792 iis
1951 1753 2073 1807 qua:
2122 1753 2220 1807 pa-

636 1826 939 1890 tiebantur,
974 1825 1125 1896 quod
1168 1824 1241 1879 ad
1274 1839 1469 1879 eorum
1509 1824 1815 1896 perniciem
1847 1836 1903 1881 et
1934 1827 2219 1883 interitum
2254 1816 2293 1869 Β

634 1927 695 1973 et
736 1918 995 1974 draconis
1029 1933 1221 1973 eorum
1257 1918 1549 1989 principis,
1599 1920 1754 1973 venit
1789 1918 1960 1990 judex
1994 1920 2061 1974 ad
2090 1936 2221 1976 Imu-

636 2010 830 2066 lierem
866 2020 923 2066 et
968 2011 1250 2066 hominem
1296 2010 1390 2081 qui
1438 2020 1824 2079 peccaverant,
1873 2028 1985 2067 non
2025 2022 2085 2068 ut
2127 2028 2222 2069 eos

632 2100 912 2171 judicaret
936 2110 1033 2155 aut
1073 2108 1479 2165 exsecraretur,
1526 2100 1623 2156 scd
1658 2111 1721 2157 ut
1763 2111 2033 2170 servaret,
2079 2105 2222 2160 sicut

637 2192 754 2261 ipse
802 2192 1062 2247 Servator
1089 2192 1228 2248 dicit
1255 2210 1267 2245 :
1295 2192 1412 2247 Non
1450 2195 1569 2247 veni
1599 2202 1657 2246 ut
1675 2194 1913 2264 judicem
1945 2196 2218 2262 mundum,

634 2281 726 2335 sed
757 2289 810 2333 ut
836 2295 1036 2335 servem
1063 2281 1128 2334 ⁶⁰.
1157 2280 1305 2335 Venit
1335 2282 1475 2336 enim
1519 2279 1682 2337 Filius
1714 2282 1940 2336 hominis
1975 2283 2045 2337 ad
2073 2299 2222 2354 qua!-

634 2370 859 2425 rendum
905 2379 954 2425 et
993 2372 1314 2426 seruandum
1359 2370 1499 2443 quod
1540 2374 1774 2443 perierat
1811 2373 1887 2440 “;
1936 2392 2039 2429 non
2080 2378 2221 2429 enim

632 2466 778 2518 venit
817 2464 888 2518 ad
929 2466 1223 2519 vocandum
1260 2466 1459 2536 justas,
1491 2466 1580 2520 sed
1621 2475 1917 2537 peccatores
1949 2469 2019 2522 ad
2060 2471 2222 2540 pani-

635 2557 859 2611 tentiam
886 2557 953 2623 ⁶¹,
987 2557 1249 2627 quoniam
1291 2573 1397 2610 non
1418 2574 1572 2629 opus
1610 2558 1805 2613 habent
1836 2560 1927 2630 qui
1953 2561 2074 2614 sani
2096 2569 2221 2613 sunt

634 2650 858 2715 medico,
888 2650 980 2704 sed
999 2652 1087 2719 qui
1117 2650 1255 2704 male
1282 2667 1338 2705 se
1366 2652 1561 2706 habent
1601 2653 1669 2706 ⁸³.
1706 2651 1771 2707 Si
1820 2667 1952 2723 ergo
1995 2662 2222 2723 propter

635 2741 1058 2811 benignitatem,
1104 2752 1160 2797 et
1202 2743 1575 2810 clementiam,
1608 2751 2046 2814 etpeccatorum
2080 2759 2219 2800 con-

635 2832 993 2886 donationem
1028 2832 1184 2888 venit
1227 2833 1283 2887 in
1333 2834 1506 2889 vitam
1555 2833 1835 2899 Christus,
1872 2835 2054 2905 Agnus
2096 2834 2217 2902 Dei,

634 2924 724 2993 qui
775 2922 911 2976 tollit
948 2934 1167 2993 peccata
1218 2924 1405 2978 mundi
1440 2924 1483 2956 ⁸⁸
1521 2940 1537 2978 :
1570 2925 1691 2995 ejus
1730 2932 1917 2980 autem
1948 2926 2221 2981 adventus

634 3013 690 3065 in
735 3011 1075 3081 paradisum,
1108 3014 1203 3081 qui
1234 3012 1339 3067 fuit
1371 3012 1440 3067 ad
1477 3028 1576 3068 eos
1616 3013 1712 3083 qui
1740 3024 2063 3084 peccarunt,
2088 3025 2220 3071 erat

633 3118 799 3157 verus
832 3112 995 3174 typus
1029 3105 1149 3173 ejus
1190 3103 1568 3160 adventusad
1612 3106 1905 3162 mulierem
1952 3123 2075 3178 qua:
2118 3108 2218 3163 de-

633 3204 791 3264 cepta
811 3195 837 3248 r
836 3203 1012 3258 uerat,
1041 3195 1230 3261 Evam,
1258 3196 1584 3263 Ecclesiam,
1603 3208 1862 3253 naturam
1887 3199 2216 3269 humanam;

636 3281 909 3351 intelligat
939 3282 1175 3352 quilibet
1219 3284 1386 3339 homo
1411 3285 1620 3352 ﬁdelis,
1653 3287 1799 3357 quod
1825 3303 1939 3343 non
1968 3289 2038 3344 ad
2083 3305 2218 3362 sup-

635 3371 865 3442 plicium
907 3373 1287 3445 irrogandum,
1316 3391 1497 3446 neque
1524 3376 1592 3431 ad
1619 3393 1839 3448 poenam
1866 3381 2214 3449 sumendam,

632 3477 813 3532 neque
852 3463 921 3517 ad
968 3464 1473 3530 exterminandum,
1513 3481 1691 3536 neque
1715 3467 1784 3521 ad
1816 3468 2215 3523 exsecrandum

633 3562 766 3610 tunc
817 3556 972 3612 venit
1014 3556 1162 3611 Deus
1192 3556 1262 3611 ad
1301 3557 1574 3613 Adamum
1611 3566 1668 3613 et
1700 3559 1892 3615 Evam.
1924 3559 2043 3616 Ovis
2068 3563 2217 3618 enim

637 3665 756 3721 quae
793 3651 1025 3720 perierat
1061 3650 1104 3681 ⁸⁸
1146 3657 1266 3705 erat
1297 3652 1579 3721 exemplar
1620 3652 1839 3719 Adami,
1870 3669 2050 3724 neque
2089 3672 2217 3712 cum

636 3742 719 3795 ira
771 3741 948 3811 ipsam
1010 3742 1265 3813 quaesivit
1316 3744 1512 3799 Pastor
1563 3744 1765 3812 bonus,
1830 3748 1927 3803 sed
1976 3750 2215 3819 gestavit

629 3831 904 3887 humeris:
924 3840 981 3888 et
1000 3833 1226 3904 dragma
1250 3850 1373 3904 quae
1392 3835 1674 3891 ceciderat
1694 3853 1761 3893 ex
1781 3838 1996 3905 decem,
2016 3857 2216 3913 nempe

629 3921 764 3987 Eva,
809 3931 928 3977 erat
952 3923 1228 3987 Ecclesia,
1258 3940 1443 3995 neque
1474 3942 1600 3981 eum
1637 3928 1720 3983 ira
1766 3931 2024 4000 quaesivit
2050 3941 2107 3988 et
2131 3934 2217 3990 in-

627 4014 782 4069 venit
810 4030 931 4070 eam
979 4016 1077 4071 Dei
1117 4016 1473 4088 benignitas:
1506 4027 1563 4075 et
1594 4020 1761 4077 homo
1802 4024 1898 4095 qui
1934 4025 2132 4081 incidit
2156 4027 2214 4085 in

624 4106 892 4172 latrones,
941 4106 1050 4164 fuit
1072 4110 1451 4179 protoplastus
1476 4111 1681 4180 Adam;
1712 4129 1896 4185 neque
1921 4131 2048 4173 cum
2086 4119 2214 4176 ullis

625 4201 792 4257 minis
835 4216 965 4258 eum
995 4203 1214 4259 curavit
1235 4214 1293 4260 et
1335 4206 1572 4276 gestavit
1600 4207 1853 4264 humeris
1876 4210 1922 4242 “
1945 4250 1961 4276 ,
2010 4212 2096 4268 uti
2120 4214 2215 4270 Je-

624 4304 723 4345 sus
772 4305 1015 4349 crucem.
1062 4293 1236 4349 Porro
1262 4302 1447 4351 autem
1481 4295 1664 4352 bonus
1691 4314 1915 4369 quoque
1941 4301 2084 4358 latro
2117 4318 2214 4359 ex-

624 4381 900 4450 primebat
945 4382 1260 4439 evidentem
1292 4394 1481 4456 typum
1514 4387 1732 4456 Adami,
1778 4400 1836 4445 et
1869 4391 2077 4448 donum
2111 4411 2210 4464 pa-

2333 546 2476 601 ravit
2522 546 2621 602 Dei
2674 548 2949 605 adventus
2995 549 3051 605 in
3094 550 3351 621 paradiso
3401 552 3462 606 in
3517 552 3610 608 illo
3652 558 3855 614 meridie.

2331 637 2458 694 Haec
2503 641 2823 697 necessario
2869 657 2993 697 sum
3028 644 3308 713 praefatus,
3338 652 3396 699 et
3423 647 3699 715 pramunii
3739 652 3860 706 audi-

2331 738 2507 785 torem
2538 746 2608 787 ne
2641 747 2787 804 aegre
2814 733 2977 799 ferat,
3008 743 3106 789 aut
3138 749 3207 789 ne
3235 742 3394 804 putet
3422 735 3615 791 audire
3639 738 3793 795 aliena
3818 743 3858 798 in

2330 822 2399 878 iis
2420 838 2559 894 quas
2575 823 2779 880 dicturi
2815 841 3007 881 sumus
3028 827 3592 897 contemplationibus
3621 830 3739 884 dum
3764 848 3859 904 age-

2328 930 2453 970 mus
2500 915 2569 971 de
2613 917 2816 987 pmnis,
2866 926 2927 971 ut
2962 933 3086 988 quae
3112 919 3226 973 sint
3264 933 3446 985 novae,
3477 919 3684 985 alienat,
3723 931 3771 978 et
3794 925 3858 979 in-

2328 1006 2643 1063 credibiles.
2673 1009 2793 1063 Non
2817 1018 2998 1063 cessat
3019 1009 3169 1064 enim
3202 1025 3449 1079 unquam
3472 1012 3643 1066 sancti
3666 1012 3859 1083 Spiritus

2326 1099 2503 1168 gratia
2533 1114 2751 1155 'ornare
2783 1108 2845 1155 et
2877 1115 3146 1156 coronare
3172 1100 3496 1171 paradisum
3522 1096 3761 1162 Ecclesiae
3785 1126 3859 1164 no-

2325 1189 2410 1244 vis
2450 1189 2683 1245 ﬂoribus
2716 1191 3125 1261 intelligentiis.
3146 1192 3284 1247 Nam
3310 1193 3459 1248 sicut
3478 1196 3593 1266 jam
3612 1197 3713 1251 dixi
3736 1210 3859 1256 antea

2325 1282 2479 1337 mille
2513 1289 2722 1338 exortze
2767 1291 2899 1337 sunt
2934 1283 3176 1339 haereses
3208 1300 3335 1355 qua:
3369 1286 3662 1342 audierant
3681 1291 3858 1359 quidem

2326 1374 2395 1427 de
2424 1374 2682 1443 paradiso
2713 1384 2770 1430 et
2801 1377 3182 1447 protoplastis,
3223 1378 3364 1433 nihil
3395 1387 3583 1434 autem
3625 1383 3858 1451 spirituale

2324 1462 2381 1516 in
2414 1462 2496 1518 eis
2538 1463 2951 1520 intellexerant.
2994 1466 3132 1521 Nam
3172 1466 3511 1523 Samaritani
3558 1471 3778 1540 quidem,
3808 1492 3857 1531 ex

2322 1569 2391 1610 eo
2424 1554 2572 1624 quod
2600 1555 2741 1611 dixit
2771 1575 2784 1611 :
2816 1556 2981 1612 Terra
3016 1575 3091 1624 es,
3126 1567 3175 1613 et
3207 1560 3264 1614 in
3290 1568 3496 1614 terram
3525 1566 3774 1619 reverteris
3792 1568 3853 1621 ":

2322 1647 2573 1702 arbitrati
2610 1656 2788 1703 totum
2819 1648 3102 1705 hominem
3132 1666 3255 1708 esse
3297 1654 3591 1709 mortalem
3618 1666 3856 1728 propterea

2321 1738 2469 1808 quod
2509 1740 2582 1795 sit
2629 1741 2912 1796 terrestris
2954 1742 3138 1799 anima
3176 1760 3402 1817 quoque
3456 1762 3582 1802 cum
3634 1764 3853 1819 corpore,

2323 1839 2602 1900 negarunt
2643 1833 3130 1889 resurrectionem.
3168 1834 3445 1908 Origenes
3474 1847 3655 1893 autem
3688 1839 3852 1907 infelix,

2323 1935 2451 1975 cum
2475 1920 2665 1977 nescio
2689 1923 2970 1993 quomodo
2986 1924 3269 1981 diceretur
3291 1942 3416 1983 esse
3440 1930 3673 2001 sapiens,
3698 1934 3855 1991 stultus

2322 2009 2503 2065 factus
2540 2020 2657 2076 est,
2698 2014 3073 2083 prostibulum
3106 2015 3281 2073 fuisse
3315 2021 3679 2089 pronuntians
3715 2024 3854 2080 locum

2324 2101 2784 2173 incorruptionis,
2846 2107 3055 2171 coitum
3114 2110 3372 2167 mulieris
3429 2128 3551 2170 esse
3605 2115 3854 2175 decernens

2325 2196 2617 2266 pulchrum
2649 2198 2894 2258 fructum
2945 2202 3079 2276 ligni
3129 2204 3540 2263 inobedientize.

2395 2330 2731 2388 Manichaeus
2776 2343 2963 2389 autem
2991 2335 3328 2394 existimavit
3357 2339 3503 2396 duas
3528 2356 3643 2398 esse
3676 2352 3852 2398 contra-

2322 2420 2435 2476 rias
2486 2430 2792 2492 potestates
2826 2424 3162 2492 divinitatis,
3195 2440 3514 2501 serpentem
3540 2444 3594 2489 et
3621 2434 3853 2506 Opilieem,

2321 2527 2446 2581 quae
2495 2511 2552 2568 in
2610 2513 2727 2569 acie
2766 2515 2911 2571 inter
2945 2532 3004 2572 se
3043 2518 3389 2579 decertarint
3439 2524 3495 2580 in
3526 2528 3786 2596 paradiso:
3812 2536 3852 2583 et

2322 2603 2531 2659 bonum
2576 2606 2800 2675 quidem
2833 2608 3007 2664 Deum
3038 2626 3160 2668 esse
3208 2624 3520 2672 creatorem
3557 2619 3753 2684 animae,
3781 2620 3851 2689 qui

2320 2706 2405 2752 est
2431 2697 2597 2753 etiam
2639 2698 2806 2755 homo
2841 2702 2909 2757 ad
2948 2703 3046 2758 Dei
3097 2703 3430 2777 iinaginem;
3476 2710 3671 2765 malum
3708 2722 3850 2766 autem

2323 2788 2497 2844 Deum
2523 2806 2644 2847 esse
2671 2792 2989 2849 effectorem
3037 2798 3307 2868 corporis,
3342 2801 3493 2870 quod
3534 2801 3723 2857 bellum
3746 2805 3852 2873 gerit

2322 2881 2588 2939 adversus
2632 2886 2896 2942 animam.
2925 2888 3000 2943 De
3034 2906 3146 2960 quo
3182 2891 3349 2947 etiam
3386 2895 3646 2965 scriptum
3674 2906 3763 2961 est,
3790 2898 3853 2951 in-

2322 2975 2444 3044 quit
2475 2994 2487 3030 :
2520 2976 2590 3032 Et
2617 2978 2775 3048 ﬁnxit
2800 2980 2943 3035 Deus
2980 2983 3243 3039 hominem
3268 2985 3397 3042 limo
3422 2998 3627 3061 accepto
3654 3006 3677 3043 ε
3724 2998 3850 3044 terra.

2324 3066 2562 3125 Hzeresis
2604 3079 2789 3125 autem
2816 3087 2939 3141 quae
2961 3073 3169 3130 dicitur
3198 3077 3630 3147 Encratitarum,
3658 3082 3851 3138 abstinet

2248 3152 2293 3215 C
2323 3174 2355 3214 a
2399 3161 2609 3230 nuptiis
2657 3173 2713 3218 et
2766 3166 3023 3234 muliere,
3082 3178 3342 3240 tanquam
3380 3187 3410 3226 a
3441 3188 3499 3227 re
3524 3174 3656 3227 mala
3679 3186 3727 3230 et
3749 3176 3853 3230 insi-

2322 3252 2507 3321 diosa;
2552 3254 2816 3312 similiter
2864 3259 3033 3315 etiam
3083 3262 3152 3316 ab
3188 3263 3454 3320 arborum
3501 3266 3764 3335 fructibus,
3807 3278 3869 3360 ut.

2322 3346 2418 3415 qui
2458 3346 2571 3401 sint
2617 3350 2827 3418 peccati
2868 3352 3193 3425 efficientes,
3226 3368 3459 3429 propter
3486 3360 3719 3418 arborem
3759 3346 3850 3432 quae

2323 3435 2529 3493 dicitur
2571 3438 2988 3500 inobedientire.

2389 3570 2503 3627 Nec
2540 3572 2648 3629 hoc
2697 3576 2899 3643 solum,
2938 3578 3034 3634 sed
3079 3581 3250 3637 etiam
3295 3584 3523 3655 plurimi
3562 3604 3623 3643 ex
3652 3587 3846 3644 Ecclesia

2320 3671 2724 3719 convertuntur
2762 3667 2830 3721 a'd
2880 3669 3077 3740 impias
3103 3673 3171 3728 de
3221 3675 3336 3731 Deo
3372 3680 3728 3751 cogitationes,
3755 3697 3846 3735 cor-

2318 3753 2584 3821 poraliter
2634 3767 2692 3813 et
2745 3754 2932 3816 crasse
2981 3765 3273 3823 audientes
3326 3786 3396 3826 ea
3431 3789 3552 3843 quae
3589 3775 3713 3829 facta
3747 3782 3844 3826 sunt

2318 3845 2377 3900 in
2424 3849 2703 3918 paradiso.
2760 3853 2819 3909 Si
2862 3855 3013 3911 enim
3049 3862 3402 3929 praess-iebat,
3446 3866 3704 3936 inquiunt,
3734 3868 3844 3921 Deus

2319 3936 2377 3993 id
2415 3942 2565 4011 quod
2609 3955 2964 4013 eventurum,
2999 3949 3119 4021 ipse
3166 3964 3255 4009 est
3295 3959 3421 4028 ejus
3452 3969 3663 4026 auctor;
3699 3958 3839 4028 utqui

2316 4033 2567 4101 serpenti
2591 4039 2934 4093 concesserit
2952 4043 3136 4096 statim
3155 4060 3516 4119 corrumpere
3541 4052 3701 4121 primo
3724 4065 3841 4105 crea-

2317 4126 2436 4174 tum
2482 4137 2622 4191 opus
2652 4140 2917 4182 manuum
2950 4130 3071 4186 Dei.
3111 4133 3253 4200 Quid
3296 4139 3449 4193 enim
3478 4156 3611 4210 opus
3631 4150 3732 4195 erat
3754 4154 3841 4193 om-

2313 4394 2669 4453 absurdiores
2727 4402 3129 4473 cogitationes,
3182 4400 3353 4481 quas,
3411 4430 3480 4471 ne
3544 4415 3837 4470 oli‘endantur

624 4473 796 4527 radisi
820 4472 984 4530 nobis
1014 4474 1272 4531 Christus
1298 4493 1397 4546 per
1421 4479 1603 4548 ipsum
1634 4482 1875 4551 aperuit.
1910 4484 1987 4540 De
2011 4496 2211 4542 caetero
2241 4497 2287 4553 ι)
2315 4486 2709 4558 simpliciores,
2759 4508 2872 4549 non
2920 4506 3006 4552 est
3034 4472 3262 4559 necesse
3302 4472 3509 4563 dicere.
3545 4510 3686 4565 Unde
3709 4509 3834 4564 etiam

623 4565 737 4618 noli
762 4580 871 4621 non
906 4566 1156 4633 credere,
1178 4569 1328 4638 quod
1351 4570 1516 4625 etiam
1538 4572 1807 4630 adversus
1840 4579 2211 4647 protoplastos

623 4656 719 4725 qui
767 4667 1096 4727 peccarunt,
1146 4668 1281 4715 tunc
1334 4661 1481 4721 Deus
1528 4664 1760 4719 multam
1802 4670 2052 4723 ostendit
2101 4671 2213 4726 cle-

620 4749 885 4803 mentiam
938 4750 995 4805 in
1044 4753 1226 4821 pcenis
1272 4770 1394 4824 quae
1421 4755 1490 4809 ab
1530 4755 1652 4826 ipso
1685 4758 1954 4815 adversus
1985 4776 2082 4817 eos
2109 4762 2210 4818 de-

621 4842 1018 4909 cernebantur,
1053 4845 1109 4899 in
1152 4846 1356 4915 quibus
1406 4848 1574 4903 verba
1624 4850 1848 4919 quidem
1904 4853 2208 4910 adumbra-

620 4932 701 4986 vit
729 4933 905 4990 instar
951 4938 1318 5007 quarumdam
1360 4942 1806 4999 exsecrationum
1833 4945 1901 5000 ad
1931 4954 2205 5005 terrorem

619 5025 869 5082 scelestae
910 5031 1092 5099 gentis
1135 5030 1476 5102 Judteorum,
1528 5037 1751 5107 quando
1802 5037 1979 5112 legem
2038 5058 2206 5116 expo-

619 5116 805 5172 nebat.

692 5209 771 5264 Ea
798 5222 1006 5278 autem,
1038 5215 1396 5284 praedicendo
1421 5237 1531 5279 non
1562 5225 1847 5294 puniendo
1878 5240 2012 5285 sunt
2039 5232 2210 5289 inter-

622 5310 862 5369 pretata,
900 5313 961 5359 ut
995 5305 1307 5363 referantur
1335 5312 1403 5366 ad
1434 5314 1705 5370 Adamum
1738 5326 1794 5372 et
1820 5317 2012 5387 Evam,
2041 5321 2110 5378 de
2140 5323 2211 5379 iis

622 5406 747 5461 qua
790 5402 952 5449 erant
984 5406 1255 5453 eventura
1305 5400 1588 5473 Ecclesiae,
1636 5409 1862 5477 quando
1905 5412 1962 5466 in
2012 5429 2207 5472 errore

620 5483 855 5556 degebat
879 5488 1027 5557 apud
1062 5501 1383 5561 serpentem
1410 5506 1537 5551 ante
1584 5499 1881 5556 adventum
1911 5502 2007 5559 Dei
2039 5505 2205 5563 Verbi

727 5685 773 5717 "
815 5686 1007 5743 Matth.
1050 5706 1125 5755 tv,
1181 5691 1235 5748 '5.

1312 5694 1359 5773 ξι
1400 5695 1545 5773 ibid:
1582 5699 1635 5756 6.
1715 5702 1761 5735 ⁸⁸
1803 5702 1994 5759 Matth.
2036 5724 2149 5773 vm,
2205 5712 2293 5765 3i.

2313 4594 2409 4636 eas
2441 4584 2665 4641 solvens
2712 4603 2946 4659 magnus
2979 4591 3069 4648 ille
3097 4595 3429 4657 Ambrosius
3457 4602 3625 4658 audiit
3666 4619 3719 4657 ea
3745 4617 3836 4672 qua:

2310 4674 2575 4732 dicuntur
2597 4679 2669 4733 de
2700 4680 3075 4759 inobedientia
3121 4698 3178 4743 et
3230 4695 3506 4762 paradiso,
3541 4707 3593 4751 et
3616 4696 3771 4766 lignis,
3795 4704 3837 4748 et

2309 4768 2509 4836 poenis,
2545 4778 2823 4842 etmorte,
2852 4792 2963 4832 non
3019 4795 3142 4835 esse
3200 4792 3458 4855 tanquam
3509 4806 3572 4845 ex
3614 4796 3834 4860 potestate

2310 4860 2599 4931 daemonis,
2643 4867 2740 4921 sed
2792 4883 2917 4927 esse
2969 4880 3230 4945 tanquam
3276 4894 3341 4933 ex
3387 4883 3609 4954 mystica
3644 4880 3833 4954 quadam

2310 4952 2751 5025 dispensatione.
2803 4962 2881 5017 De
2926 4976 3127 5022 caetero
3165 4980 3351 5027 autem
3407 4952 3615 5047 tempus
3641 4952 3713 5030 est
3736 4988 3835 5027 con-

2310 5046 2559 5104 siderare
2603 5051 2773 5108 verba
2819 5071 2942 5123 quae
2986 5073 3019 5113 a
3069 5061 3183 5117 Deo
3224 5064 3375 5121 dicta
3423 5077 3552 5122 sunt
3581 5066 3766 5123 mulieri
3793 5071 3834 5116 et

2308 5138 2542 5197 Adamo.
2572 5140 2704 5209 Quae
2725 5147 2952 5216 quidem
2981 5156 3234 5211 nonnulli
3272 5159 3584 5216 existimant
3607 5174 3712 5215 esse
3739 5170 3833 5211 sen-

2310 5234 2516 5290 tentias
2558 5245 2615 5291 et
2650 5240 3145 5302 condemnationes
3188 5252 3645 5307 exsecrationum.
3682 5247 3829 5304 Prius-

2305 5341 2473 5397 quam
2498 5339 2683 5386 autem
2707 5348 2773 5387 ea
2795 5333 3116 5406 dissolvam,
3147 5343 3393 5399 auditori
3443 5358 3632 5399 revoco
3654 5342 3701 5396 in
3740 5351 3830 5391 me-

2305 5423 2561 5490 moriam,
2592 5427 2743 5494 quod
2788 5430 2936 5500 apud
2958 5446 3085 5488 eum
3110 5434 3180 5491 de
3204 5438 3408 5507 quinto
3433 5438 3520 5495 die
3548 5438 3828 5494 disserentes

2304 5513 2547 5571 diximus
2576 5516 2645 5574 de
2677 5518 3066 5582 benedictione
3088 5528 3327 5599 piscium
3351 5531 3490 5587 facta
3518 5547 3546 5586 a
3566 5531 3690 5593 Deo;
3712 5518 3826 5595 ιιιιοά

2407 5717 2453 5748 ⁶⁰
2490 5717 2648 5797 {ean
2687 5738 2781 5787 xu,
2822 5725 2913 5780 47.
2990 5729 3032 5760 ⁶¹
3075 5728 3456 5797 Matth.'xvm,
3499 5733 3577 5785 Η.
3647 5728 3685 5760 ⁶¹
3719 5724 3820 5779 LUC-

652 5771 706 5823 ν.
748 5758 836 5813 52.
916 5760 961 5789 ⁸³
1003 5760 1167 5819 Marc.
1210 5780 1267 5830 ιι,
1310 5765 1361 5821 7.
1440 5768 1485 5800 ⁸⁸
1519 5768 1676 5826 Joan.
1720 5788 1758 5839 ι,
1799 5758 2011 5829 29.7w“
2051 5758 2219 5835 Ld'c.‘

2490 5758 2648 5773 um...
2690 5758 2781 5787 ιιι,
2822 5758 2913 5780 ευ.
2998 5758 3031 5760 τί
3075 5758 3269 5787 mauu.
3312 5758 3456 5797 xuu,
3499 5758 3577 5785 11.

2366 5785 2419 5841 6.
2502 5788 2551 5820 ⁸⁸
2588 5789 2721 5847 Luc.
2762 5810 2814 5860 x,
2855 5797 2923 5851 30
2960 5813 3116 5871 seqq.
3195 5804 3240 5834 "
3283 5803 3417 5860 Cen.
3462 5819 3532 5867 Ill,
3576 5801 3649 5856 l9.
