4080 6524
269 354 397 418 1037

1352 352 1433 413 ΙΝ
1475 352 2018 416 IlEXAEMERON.
2049 381 2115 393 -
2144 358 2293 419 LIB.
2341 360 2446 421 XI.

3387 352 3521 418 1038

264 477 488 540 propter
538 475 853 537 serpentem
887 474 944 520 et
986 464 1422 521 exsecrationem
1471 483 1569 522 seu
1604 466 1835 523 maledi-
1868 474 1909 527 Α
1940 467 2043 522 fuit
2062 468 2326 538 deceptus
2360 468 2569 524 sancita
2598 477 2727 523 sunt
2760 468 3065 540 asperrima
3090 476 3146 523 et
3172 467 3519 540 gravissima,

261 561 498 616 etionem
542 558 712 629 918
766 574 931 629 quam
983 566 1106 613 erat
1160 558 1397 623 laturus,
1450 575 1515 615 ea
1561 561 1628 614 de
1672 577 1835 616 causa

260 651 561 707 animantia
616 666 729 706 non
775 650 1047 720 impertiit
1094 652 1213 720 pari
1260 651 1669 707 benedictione.

330 744 449 799 Non
479 743 627 799 enim
654 742 901 797 invenies
926 743 981 797 in
1008 751 1122 797 tota
1151 743 1436 813 Scriptura
1469 744 1625 814 legis,
1656 743 1836 813 aliqua

258 851 327 889 ex
376 849 474 889 ore
531 834 629 889 Dei
686 833 858 888 fuisse
904 833 1221 898 benedicta,
1281 840 1339 888 et
1392 850 1586 888 rursus
1637 850 1667 888 a
1725 835 1838 889 Deo

259 925 431 979 fuisse
478 924 724 995 subjecta
768 924 1168 989 exsecrationi;
1214 932 1271 979 et
1322 923 1430 977 hoc
1481 925 1837 994 perspicuum

256 1032 325 1071 ex
356 1016 529 1071 Cbam
565 1015 678 1070 lilio
701 1015 837 1070 Noe.
867 1015 1003 1069 Nam
1034 1031 1159 1069 cum
1197 1014 1243 1069 is
1274 1029 1332 1069 se
1362 1014 1549 1085 inique
1579 1016 1839 1084 gessisset

258 1108 313 1162 in
350 1108 651 1164 nudatione
682 1109 877 1179 patris,
909 1118 967 1163 et
1004 1116 1298 1179 postquam
1335 1125 1366 1164 e
1403 1124 1598 1164 somno
1630 1110 1841 1165 excita-

259 1210 347 1255 tus
388 1202 505 1256 Noe
540 1202 859 1271 agnovisset
910 1201 1007 1256 ﬁlii
1057 1202 1250 1256 Chami
1304 1201 1676 1272 iniquitatem,
1728 1218 1840 1257 non

255 1310 425 1348 ausus
456 1302 541 1349 est
569 1295 684 1350 Noe
706 1294 982 1349 exsecrari
1013 1294 1210 1359 lilium,
1241 1296 1505 1364 quoniam
1537 1294 1641 1349 fuit
1668 1310 1697 1349 a
1727 1296 1841 1350 Deo

257 1382 586 1438 benedictus
631 1392 755 1453 post
806 1383 1077 1438 diluvium
1133 1399 1259 1439 cum
1295 1384 1513 1439 duobus
1563 1387 1684 1454 ejus
1721 1386 1837 1441 fra-

259 1475 461 1530 tribus.
514 1475 886 1541 Quamobrem
930 1490 1041 1529 non
1077 1475 1213 1530 dicit
1252 1493 1266 1530 :
1298 1475 1606 1530 Maledictus
1645 1475 1833 1541 Citam,

256 1568 356 1622 sed
402 1567 711 1622 maledictus
760 1567 1019 1623 Chanaan
1053 1569 1095 1599 ⁸⁸
1116 1610 1130 1631 ,
1163 1577 1484 1623 exsecratus
1516 1584 1615 1622 eos
1641 1568 1737 1637 qui
1771 1584 1837 1624 ex

258 1661 382 1728 ipso
426 1668 587 1714 erant
632 1658 924 1724 nascituri,
976 1667 1033 1714 et
1085 1673 1195 1713 non
1232 1658 1427 1714 Cham.
1477 1659 1603 1713 Haec
1652 1668 1836 1714 autem

257 1751 386 1805 dico
428 1750 691 1805 resistens
724 1752 876 1820 prius
920 1750 1219 1805 nominatis
1254 1750 1592 1816 hmresibus;
1626 1750 1694 1806 de
1734 1767 1837 1808 ete-

1941 560 1997 617 in
2051 562 2343 631 punitione
2391 570 2575 629 autem
2616 562 2741 617 Eva:
2782 561 3167 626 insidiatricis,
3228 576 3340 615 non
3393 572 3521 615 sunt

1939 652 2166 706 omnino
2213 654 2424 708 sancita
2450 670 2465 708 :
2497 670 2607 708 non
2632 656 2942 709 exsecratio
2966 664 3126 709 terrae
3155 654 3212 708 in
3238 654 3361 724 ejus
3391 668 3525 721 ope-

1941 743 2117 808 ribus,
2151 760 2261 799 non
2293 744 2454 800 cibus
2482 745 2731 800 dolorem
2762 756 3089 817 perpetuum
3121 745 3379 808 aﬂ'erens,
3411 759 3520 798 non

1939 849 2069 889 esus
2116 835 2321 901 herbae,
2365 851 2477 890 non
2521 836 2817 906 productio
2871 838 3176 907 spinarum,
3227 852 3339 890 non
3368 845 3523 889 ortus

1941 926 2298 993 tribulorum,
2346 942 2461 981 non
2510 928 2744 983 sudores
2800 929 3009 993 vultus,
3039 945 3152 983 non
3192 927 3437 983 reversio
3465 926 3520 981 in

1940 1026 2167 1083 terram,
2210 1034 2318 1073 non
2372 1034 2544 1084 mors,
2593 1036 2704 1073 non
2753 1020 2953 1092 cjectio
2991 1036 3058 1075 ex
3098 1020 3377 1091 paradiso,
3410 1034 3521 1074 non

1938 1110 2243 1179 prohibitio
2266 1110 2398 1182 ligni
2421 1111 2548 1165 vitae
2569 1152 2583 1175 ,
2602 1126 2713 1165 non
2733 1112 2882 1166 circa
2903 1112 3077 1181 ipsam
3106 1112 3356 1166 custodia
3388 1111 3523 1165 che-

1940 1203 2288 1268 rubinorum,
2311 1220 2423 1258 non
2470 1214 2663 1259 contra
2711 1218 2831 1257 eam
2854 1203 3172 1273 rhomphaaa
3196 1203 3471 1258 versatilis
3500 1204 3524 1255 ?

1940 1291 2075 1347 Nam
2109 1292 2203 1361 qui
2250 1292 2305 1345 in
2357 1291 2503 1347 idem
2534 1298 2823 1362 peccatum
2869 1289 3200 1354 inciderant,
3246 1290 3524 1346 debebant

1940 1384 2164 1438 easdem
2198 1393 2253 1438 et
2282 1399 2444 1455 pares
2473 1398 2664 1453 poenas
2699 1383 2908 1449 subire,
2938 1390 2997 1437 et
3031 1383 3207 1437 multo
3230 1383 3403 1453 magis
3426 1382 3524 1436 do-

1939 1476 2156 1546 ceptrix
2190 1477 2412 1532 mulier.
2445 1475 2502 1531 Si
2535 1484 2722 1530 autem
2751 1475 2889 1530 mihi
2917 1473 3333 1538 dicit-auditor,
3374 1473 3522 1543 quod

1939 1584 2067 1624 cum
2106 1568 2307 1623 mulier
2362 1576 2513 1624 esset
2561 1568 2692 1623 vitae
2738 1567 2890 1623 socia
2920 1576 2977 1622 et
3010 1567 3234 1637 conjux,
3264 1574 3321 1619 et
3353 1565 3525 1620 coha-

1941 1660 2128 1716 bitans
2156 1675 2281 1715 cum
2323 1659 2557 1725 Adamo,
2610 1669 2731 1715 erat
2763 1660 2991 1714 omnino
3036 1657 3186 1713 socia
3232 1671 3525 1727 poenarum

1939 1762 1997 1809 et
2035 1753 2409 1808 calamitatum
2463 1752 2648 1807 mariti
2692 1770 2705 1806 :
2758 1768 2869 1807 non
2914 1760 3062 1806 recte
3108 1756 3299 1805 censet
3338 1748 3385 1803 is
3428 1748 3522 1817 qui

259 1852 383 1897 tero
421 1858 520 1911 pro
550 1841 754 1897 Christl
805 1857 1026 1911 quoque
1072 1842 1319 1897 Ecclesia
1364 1857 1485 1896 eam
1531 1841 1837 1898 defendens
1870 1848 1912 1908 Β
1939 1846 2058 1900 haec
2104 1844 2259 1900 dicit.
2300 1844 2437 1899 Nam
2474 1844 2520 1899 si
2568 1844 2675 1899 hoc
2717 1844 2794 1899 ita
2845 1842 3094 1907 haberet,
3128 1839 3263 1911 quid
3294 1840 3524 1898 omnino

257 1934 380 1988 haec
419 1933 568 1999 dico;
601 1932 669 1987 ad
694 1932 794 1987 hoc
828 1942 889 1988 ut
914 1948 1038 1987 eam
1074 1932 1365 1988 ostendam
1390 1933 1579 1989 Judteo
1610 1942 1667 1989 et
1706 1934 1838 1989 Bar-

258 2027 414 2089 baro,
470 2026 541 2081 ab
582 2026 733 2081 omni
778 2026 875 2081 Dei
914 2026 1459 2083 exsecrationeesse
1509 2026 1744 2081 liberam
1786 2036 1842 2083 et

254 2118 326 2171 ab
353 2116 737 2188 indignatione
766 2115 1025 2172 alienam.
1056 2115 1200 2182 Quid
1221 2115 1370 2177 enim
1394 2114 1532 2169 dicit
1556 2114 1841 2186 Scriptura

256 2210 324 2265 de
359 2211 591 2265 muliere
614 2218 739 2279 post
759 2209 1194 2265 exsecrationem
1226 2209 1535 2278 serpentis?
1558 2208 1701 2263 Dixit
1733 2209 1842 2264 sci-

254 2304 393 2359 licet
419 2303 559 2357 Deus
591 2301 985 2372 :Multiplicans
1014 2300 1374 2371 multiplicabo
1414 2300 1619 2355 dolores
1647 2308 1762 2355 tuos
1792 2312 1841 2357 et

258 2397 485 2466 gemitus
517 2404 666 2461 tuos;
697 2397 754 2449 in
806 2394 1075 2450 doloribus
1131 2395 1307 2465 paries
1362 2394 1522 2462 ﬁlios,
1564 2404 1613 2449 et
1662 2396 1732 2449 ad
1761 2396 1841 2450 vi-

258 2504 383 2540 rum
415 2494 563 2541 tuum
599 2488 863 2541 conversio
897 2494 1011 2551 tua,
1062 2494 1110 2541 et
1152 2488 1261 2557 ipse
1318 2486 1411 2539 tibi
1460 2486 1838 2542 dominabitur.

257 2578 327 2633 Ut
376 2587 563 2634 autem
605 2579 1047 2649 contemplemur
1088 2577 1392 2634 dilucidius
1424 2577 1685 2650 mysteria
1719 2594 1842 2649 qute

256 2682 391 2727 sunt
428 2673 485 2728 in
533 2672 603 2727 iis
626 2687 749 2742 qua!
767 2670 1029 2725 videntur
1056 2684 1178 2754 esse
1218 2684 1416 2739 pmnaa,
1445 2670 1843 2740 conjungamus

255 2766 427 2819 etiam
452 2780 574 2834 qua»,
597 2763 745 2818 dicta
770 2770 900 2817 sunt
931 2762 1165 2817 Adamo.
1203 2762 1340 2817 Nam
1370 2761 1419 2816 ei
1455 2776 1675 2831 quoque
1708 2759 1843 2816 dicit

256 2857 408 2913 Deus
433 2874 445 2909 :
478 2854 742 2921 Quoniam
772 2856 1016 2909 audivisti
1044 2870 1262 2908 uxorem
1292 2860 1462 2917 tuam,
1499 2861 1550 2906 et
1575 2853 1843 2907 comedisti

257 2964 321 3001 ea:
358 2946 504 3018 ligno
541 2964 605 3002 ea:
656 2965 757 3019 quo
774 2948 915 3017 jussi
964 2947 1055 3002 tibi
1084 2963 1150 3001 ns
1194 2946 1509 3013 comederes,
1559 2944 1841 3001 maledicta

257 3047 333 3092 est
387 3047 531 3093 terra
566 3041 621 3094 in
643 3040 883 3110 operibus
909 3040 1008 3092 tuis
1038 3039 1131 3094 :in
1162 3036 1426 3093 laboribus
1450 3038 1689 3094 comedas
1722 3054 1841 3093 eam

256 3128 501 3183 omnibus
546 3129 723 3183 diebus
761 3130 881 3183 vita:
916 3137 1021 3184 tute
1057 3145 1075 3184 :
1112 3129 1295 3200 spinas
1350 3135 1401 3182 et
1457 3127 1675 3183 tribulos
1715 3145 1843 3200 pro—

1940 1945 2088 1993 esset
2112 1952 2253 2007 opus
2280 1936 2549 1993 adversus
2572 1951 2670 1991 eos
2691 1934 3055 1990 dlssimilibus
3086 1934 3287 2004 pretiis.
3319 1941 3376 1988 et
3404 1948 3526 2002 quas

1942 2031 2149 2085 habent
2199 2046 2450 2102 magnam
2515 2029 2891 2085 differentiam
2949 2037 3006 2083 et
3059 2016 3526 2098 repugnantiam?

1940 2120 2233 2191 Oporteret
2259 2119 2405 2175 enim
2435 2135 2586 2183 eum,
2610 2119 2758 2174 sicut
2782 2118 2894 2173 illic
2915 2118 2972 2171 in
2996 2116 3269 2187 principio
3302 2114 3524 2184 quando

1941 2210 2072 2266 fecit
2097 2226 2216 2275 eos,
2242 2211 2408 2279 simul
2428 2211 2512 2265 eis
2538 2210 2692 2266 dedit
2719 2226 2875 2265 esum
2905 2207 3133 2265 seminis
3163 2222 3287 2262 cum
3315 2206 3521 2261 brutis:

1942 2303 2017 2359 ita
2059 2303 2227 2358 etiam
2259 2302 2352 2358 hic
2385 2318 2606 2373 quoque
2640 2302 3013 2358 communiter
3045 2300 3178 2355 dare
3213 2314 3425 2370 pmnas,
3469 2308 3525 2351 et

1942 2393 2129 2449 dicere
2162 2412 2177 2451 :
2217 2414 2235 2445 ‹
2264 2393 2557 2451 Maledicta
2608 2404 2758 2451 terra
2794 2393 2850 2448 in
2896 2392 3161 2464 operibus
3196 2391 3418 2455 vestris,
3468 2390 3522 2446 in
3556 2440 3559 2441 ν

1941 2486 2228 2542 doloribus
2262 2487 2567 2543 comedetis
2615 2502 2759 2552 eam.
2806 2486 2994 2557 spinas
3033 2494 3090 2541 et
3128 2485 3367 2541 tribulos
3398 2499 3525 2553 pro-
3562 2512 3563 2515 η

1941 2578 2109 2634 ducet
2148 2578 2328 2644 vobis.
2373 2587 2433 2634 et
2460 2579 2767 2635 comedetis
2804 2578 3031 2635 herbam
3067 2577 3182 2648 agri
3230 2576 3284 2630 in
3320 2575 3523 2632 sudore
3556 2569 3561 2573 ’

1940 2672 2129 2727 vultus
2167 2671 2359 2739 vestri,
2392 2672 2569 2729 donec
2587 2671 2943 2730 revertemini
2977 2671 3035 2725 ln
3064 2680 3291 2733 terram,
3321 2684 3389 2724 ex
3417 2684 3524 2738 qua

1942 2759 2149 2829 sumpti
2174 2760 2346 2825 estis;
2384 2778 2403 2812 ι
2437 2759 2532 2815 sed
2562 2760 2703 2815 nihil
2738 2760 2847 2817 tale
2893 2759 3029 2816 facit
3056 2768 3154 2814 aut
3191 2758 3330 2815 dicit
3356 2760 3523 2815 Deus.

1942 2850 2100 2906 Unde
2122 2866 2248 2907 cum
2273 2852 2504 2909 dixisset
2524 2853 2771 2918 mulieri,
2795 2853 2860 2908 In
2880 2852 3146 2907 doloribus
3169 2854 3343 2923 paries
3363 2851 3523 2920 ﬁlios.

1942 2938 2082 2994 nihil
2120 2940 2227 2996 tale
2266 2940 2404 2997 dicit
2432 2940 2666 2996 homini.
2696 2942 2765 2996 Et
2796 2956 2896 3011 per
2923 2940 3242 2997 universam
3274 2939 3528 3010 Scripta.

1943 3046 2058 3089 ram
2099 3040 2287 3103 patres
2329 3032 2622 3088 nominans
2671 3032 2974 3103 genitores,
3012 3031 3109 3087 sed
3152 3046 3263 3087 non
3296 3040 3524 3094 matres.

1944 3138 2137 3178 rursus
2170 3122 2308 3179 dicit
2340 3122 2459 3179 ﬁeri
2492 3123 2743 3179 mulieris
2766 3122 3190 3180 conversionem
3220 3122 3291 3178 ad
3320 3122 3523 3182 virum.

258 3217 414 3272 ducet
439 3218 551 3283 tibi,
584 3227 634 3271 et
660 3219 892 3275 comedes
918 3219 1134 3273 herbam
1173 3219 1291 3290 agri
1321 3234 1339 3273 :
1370 3219 1426 3272 in
1449 3218 1641 3274 sudore
1669 3217 1843 3273 vultus
1870 3209 1913 3267 C
1953 3216 2326 3273 reversionem
2357 3224 2543 3273 autem
2567 3216 2671 3272 viri
2703 3216 2761 3271 in
2783 3223 3008 3272 terram.
3032 3216 3098 3271 Et
3124 3230 3316 3272 rursus
3343 3215 3525 3270 virum

258 3311 337 3363 tui
383 3309 618 3363 comede:
652 3326 843 3379 panem
865 3317 1032 3371 tuum.
1062 3309 1225 3363 donec
1258 3310 1539 3363 revertaris
1562 3310 1617 3363 in
1646 3319 1846 3364 terram

260 3417 324 3454 ex
366 3418 474 3472 qua
512 3408 755 3471 sumptus
792 3418 867 3467 es,
924 3402 1180 3472 quoniam
1210 3409 1357 3455 terra
1391 3416 1443 3455 es
1474 3409 1522 3454 et
1550 3402 1607 3455 in
1649 3409 1847 3455 terram

262 3494 563 3549 reverteris.
613 3493 843 3549 Alienus
890 3504 947 3550 et
998 3508 1219 3548 onmem
1266 3507 1491 3548 sensum
1530 3492 1847 3549 omnimode

260 3600 537 3655 superans
573 3593 659 3640 est
706 3585 754 3640 is
788 3584 882 3655 qui
926 3584 1046 3639 vult
1075 3584 1191 3639 haec
1235 3582 1547 3654 intelligere
1580 3597 1847 3653 corpora-

259 3675 415 3741 liter,
453 3685 510 3730 et
545 3674 601 3729 in
630 3674 729 3729 has
756 3674 850 3730 hic
897 3673 1105 3729 incidet
1146 3673 1539 3729 absurditates.
1584 3672 1719 3728 Dico
1745 3687 1847 3727 au-

262 3778 425 3824 tem:
481 3768 760 3839 quomodo
797 3774 1115 3837 serpentem
1184 3765 1410 3836 quidem
1454 3774 1847 3821 exsecraturus

261 3859 431 3925 Deus,
461 3859 515 3913 ei
560 3858 723 3915 all'ert
749 3873 971 3915 causam
1001 3873 1113 3913 suae
1139 3857 1560 3922 exsecrationis,
1606 3872 1731 3930 quae
1762 3863 1848 3915 est

260 3951 519 4021 deceptio
548 3951 833 4017 mulieris;
860 3950 1118 4007 similiter
1144 3948 1310 4008 etiam
1353 3948 1624 4006 Adamum
1660 3948 1846 4005 incre-

258 4056 403 4112 pans
419 4043 471 4097 ei
497 4042 760 4104 ostendit,
791 4041 986 4100 dicens
1013 4039 1303 4108 :Quoniam
1325 4040 1573 4095 audivisti
1594 4054 1846 4103 uxorem;

258 4134 533 4189 adversus
586 4134 879 4192 mulierem
921 4144 1131 4199 autem,
1163 4132 1218 4190 in
1264 4147 1429 4202 paena
1473 4132 1686 4186 nullum
1726 4146 1847 4186 om-

258 4228 397 4282 nino
437 4236 727 4298 peccatum
777 4235 874 4282 aut
922 4241 1147 4281 causam
1190 4224 1352 4284 alfert
1402 4226 1548 4283 Deus
1600 4239 1846 4296 :nempe

259 4337 375 4376 non
417 4320 754 4375 mentionem
802 4320 1101 4390 serpentis,
1138 4334 1249 4374 non
1296 4332 1499 4374 nomen
1548 4315 1681 4381 cibi,
1731 4331 1842 4372 non

259 4411 398 4481 ligni
445 4411 839 4468 inobedientize
885 4425 1066 4481 neque
1095 4409 1261 4468 aliam
1300 4407 1553 4478 quamvis
1580 4402 1839 4463 causam.

258 4504 327 4559 Et
370 4512 458 4559 est
506 4504 836 4561 miraculum
883 4512 1109 4575 stupore
1156 4502 1385 4575 dignum
1428 4501 1577 4572 quod
1615 4516 1846 4572 serpens

257 4592 487 4663 quidem
533 4594 627 4664 qui
656 4593 876 4664 decepit
912 4593 1223 4657 mulierem,
1258 4592 1545 4663 subjectus
1578 4590 1685 4645 fuit
1718 4598 1827 4645 tam

256 4686 415 4756 gravi
459 4694 516 4741 et
543 4685 760 4741 acerba:
780 4694 837 4741 et
876 4700 1163 4755 nunquam
1194 4684 1546 4739 condonabili
1569 4698 1833 4741 exsecra-

258 4776 401 4832 tioni
447 4777 503 4831 in
547 4786 848 4843 aeternum;
894 4792 1015 4847 quae
1061 4783 1247 4831 autem
1301 4775 1522 4845 decepit
1566 4790 1695 4832 eum
1743 4773 1842 4846 qui

257 4866 439 4923 factus
476 4878 561 4923 est
602 4869 671 4923 ad
701 4868 799 4924 Dei
833 4868 1128 4939 imaginem
1182 4876 1240 4923 et
1267 4867 1687 4923 similitudinem
1716 4866 1840 4937 (ho-

257 4962 466 5016 minem
488 4962 683 5026 Adam,
709 4963 980 5032 inquam),
996 4977 1026 5016 a
1049 4961 1160 5016 Deo
1186 4961 1391 5020 nullam
1415 4960 1843 5029 accepitcontu-

257 5054 478 5109 meliam
518 5071 532 5108 :
575 5070 700 5109 nam
736 5054 1120 5124 corporalibus
1161 5052 1383 5123 quidem
1421 5052 1637 5123 legibus
1666 5051 1842 5121 major

254 5152 343 5197 est
373 5145 535 5214 culpa
572 5145 693 5215 ejus
727 5145 823 5215 qui
859 5145 1078 5216 decepit
1105 5160 1313 5215 regem,
1339 5160 1503 5215 quam
1540 5144 1635 5213 qui
1666 5143 1833 5198 dece-

258 5235 340 5303 pit
368 5235 676 5289 mulierem.
699 5235 855 5305 Quod
875 5234 1023 5293 enim
1048 5249 1298 5306 serpens,
1323 5249 1504 5304 neque
1528 5242 1614 5288 est
1644 5248 1833 5297 ausus,

259 5340 442 5396 neque
467 5340 777 5396 aggressus,
796 5341 978 5396 neque
1021 5325 1205 5396 potuit
1252 5342 1266 5378 :
1317 5325 1421 5381 hoc
1465 5324 1665 5378 mulier
1710 5323 1841 5378 fecit

257 5414 526 5471 adversus
570 5414 768 5473 virum.
822 5415 955 5483 Quae
1005 5424 1135 5473 sunt
1187 5424 1370 5472 autem
1417 5416 1567 5471 omni
1612 5424 1839 5484 stupore

257 5506 423 5575 plena
454 5507 569 5564 haec
600 5514 729 5563 sunt
759 5524 773 5561 :
798 5506 1077 5579 quomodo
1100 5524 1225 5564 cum
1255 5507 1476 5577 sapiens
1490 5506 1695 5562 Christi
1727 5506 1837 5559 lin-

258 5613 363 5666 gua
400 5598 606 5657 Paulus
640 5598 788 5657 dicat
819 5615 834 5656 :
871 5598 1045 5654 Adam
1084 5616 1190 5656 non
1235 5611 1312 5653 est
1339 5600 1605 5670 deceptus,
1644 5598 1838 5653 mulier

260 5698 437 5742 autem
487 5690 584 5759 fuit
622 5690 835 5761 decepta
871 5691 939 5757 “,
979 5691 1035 5746 in
1085 5706 1249 5761 poma
1293 5691 1517 5761 quidem
1574 5691 1692 5765 ejus
1739 5691 1835 5762 qui

335 5829 381 5858 ⁸⁸
418 5827 555 5887 Gen.
597 5844 669 5893 ix,
723 5829 777 5885 Β.
852 5830 895 5862 "
934 5829 955 5889 Ι
997 5830 1139 5888 Tim.
1181 5845 1239 5897 tt.
1286 5830 1370 5888 l4.

1945 3308 2239 3366 nominans
2271 3316 2497 3374 terram,
2537 3324 2647 3364 non
2679 3307 2931 3363 nominat
2980 3307 3291 3365 mulierem.
3336 3308 3527 3377 Neque

1946 3413 2079 3454 vero
2126 3398 2247 3454 ﬁeri
2293 3407 2476 3470 potest
2502 3408 2563 3453 ut
2588 3398 2899 3469 appelletur
2922 3407 3091 3463 terra,
3114 3412 3239 3453 cum
3270 3396 3345 3451 sit
3375 3404 3527 3452 costa

1947 3490 2186 3545 viventis
2227 3498 2283 3545 et
2348 3491 2480 3545 vita.
2531 3490 2669 3545 Cum
2723 3503 2854 3560 ergo
2898 3489 2953 3543 in
2987 3489 3302 3560 'propositis
3348 3487 3530 3559 poenis

1948 3588 2099 3634 tanta
2131 3580 2205 3636 sit
2254 3580 2589 3651 perplexitas
2645 3590 2701 3636 et
2754 3580 3052 3647 dubitatio,
3104 3583 3216 3652 jam
3269 3581 3363 3636 diu
3411 3581 3529 3637 haec

1948 3686 2034 3727 me
2079 3682 2469 3742 persequente,
2510 3672 2657 3727 latus
2717 3688 2902 3728 meum
2974 3688 3140 3731 manu
3205 3673 3529 3743 frequenter

1946 3762 2141 3832 pungit
2180 3761 2405 3819 divinus
2449 3763 2747 3835 Apostolus
2777 3778 2973 3819 rursus
3017 3763 3210 3819 dicens
3240 3780 3253 3816 :
3287 3764 3410 3819 Haec
3438 3765 3527 3817 in.

1948 3852 2124 3923 tellige
2156 3854 2220 3909 de
2257 3853 2462 3911 Christo
2495 3865 2542 3908 et
2569 3855 2805 3911 Ecclesia
2827 3896 2841 3920 ,
2868 3854 2957 3910 cui
2990 3855 3136 3911 Deus
3166 3857 3224 3912 in
3253 3855 3529 3927 principio

1946 3943 2197 4013 praedicit
2242 3946 2589 4017 prophetice,
2646 3962 2757 4002 non
2797 3955 2980 4002 autem
3023 3946 3310 4013 iracunde,
3363 3947 3528 4004 dece-

1946 4035 2190 4107 ptionem
2214 4052 2339 4108 quae
2351 4046 2437 4093 est
2452 4038 2504 4093 ei
2531 4045 2796 4093 eventura
2819 4054 2833 4091 :
2853 4046 2909 4092 et
2927 4036 3128 4093 deinde
3144 4039 3532 4109 castigationes

1946 4138 2003 4185 et
2030 4129 2356 4187 amictiones
2384 4146 2508 4205 quae
2532 4131 2583 4185 ei
2614 4130 2879 4186 eveniunt
2900 4146 3000 4201 per
3022 4130 3427 4201 deceptionem,
3458 4132 3527 4187 ad

1946 4222 2066 4294 ejus
2088 4221 2404 4288 utilitatem,
2441 4230 2498 4279 et
2536 4222 2737 4278 deinde
2762 4223 3025 4293 optimam
3061 4239 3159 4294 per
3207 4223 3532 4282 aﬂlictiones

1946 4314 2015 4368 ad
2043 4314 2219 4368 Deum
2250 4315 2673 4370 conversionem
2708 4323 2766 4369 et
2804 4315 3062 4370 salutem.
3098 4315 3235 4370 Nam
3270 4326 3529 4386 tanquam

1948 4420 2044 4460 rex
2078 4406 2354 4475 quispiam
2388 4422 2514 4461 cum
2565 4422 2663 4461 sua
2709 4408 2942 4480 conjuge
2976 4423 3098 4479 quae
3144 4416 3395 4477 stuprum
3447 4418 3533 4466 est

1944 4496 2274 4562 admissura,
2305 4497 2551 4554 modeste
2576 4499 2983 4569 quodammodo
3016 4510 3073 4557 et
3098 4500 3532 4558 misericorditer

1946 4587 2244 4652 disserens,
2284 4588 2453 4643 Evam
2502 4590 2802 4661 alloquitur
2837 4592 3032 4649 dicens
3065 4611 3078 4648 :
3114 4593 3283 4656 Audi,
3305 4596 3529 4662 mulier,

1946 4694 2069 4750 qua:
2097 4694 2128 4733 a
2163 4694 2271 4741 me,
2301 4680 2432 4745 Deo,
2467 4680 2567 4734 tibi
2594 4697 2703 4736 non
2733 4683 2852 4737 sine
2881 4682 3074 4743 dolore
3099 4685 3530 4751 annuntiantur,

1941 4780 1999 4826 et
2029 4787 2150 4841 quae
2171 4770 2270 4850 tibi
2292 4780 2589 4841 protestor.
2618 4773 2701 4828 Tu
2739 4790 2825 4829 me
2856 4790 2917 4829 es
2950 4784 3237 4845 spretura,
3289 4778 3382 4847 qui
3407 4792 3529 4833 sum

1942 4866 2209 4924 Dominus
2231 4868 2376 4921 Deus
2399 4874 2527 4923 tuus
2550 4887 2563 4923 :
2583 4876 2637 4923 et
2660 4868 2865 4923 malum
2889 4878 3204 4938 serpentem
3229 4867 3530 4922 adoratura

1942 4968 1999 5014 et
2027 4960 2260 5017 cultura.
2284 4958 2395 5030 Ego
2413 4968 2595 5015 autem
2616 4960 3035 5016 conversionem
3051 4970 3109 5015 et
3125 4960 3358 5016 salutem
3379 4969 3529 5018 tuam

1944 5066 2229 5122 quaerens,
2280 5051 2654 5121 multiplicans
2701 5052 3083 5124 multiplicabo
3137 5053 3360 5108 dolores
3404 5061 3528 5109 tuos

1947 5150 2003 5197 et
2046 5141 2370 5197 amictiones
2423 5150 2546 5198 tuas
2577 5150 2633 5196 et
2661 5142 2900 5213 gemitus
2936 5151 3063 5199 tuos
3096 5150 3153 5211 et
3185 5142 3528 5202 calamitates

1948 5241 2070 5286 tuas
2104 5250 2116 5285 :
2150 5247 2298 5287 nunc
2328 5231 2551 5303 quidem
2590 5234 2685 5289 tibi
2720 5232 2964 5289 inferens
3001 5233 3297 5298 diluvium,
3321 5232 3524 5293 deinde

1944 5333 2151 5394 pestem
2178 5340 2242 5383 ac
2292 5323 2490 5380 famem
2512 5366 2527 5390 ,
2566 5334 2975 5390 terraemotum,
3016 5327 3260 5397 pluviam
3295 5325 3439 5399 ignis
3466 5335 3523 5383 et
3552 5392 3562 5404 ,

1942 5416 2244 5486 sulphuris,
2296 5416 2495 5486 pluvias
2533 5417 2899 5473 defectionem
2956 5433 3055 5488 per
3107 5434 3171 5476 os
3211 5418 3523 5493 prophetae.

1943 5506 2186 5576 pericula
2235 5522 2301 5561 ex
2345 5507 2505 5573 mari,
2536 5508 2783 5578 pericula
2817 5523 2882 5564 ex
2918 5508 3100 5574 bellis,
3144 5490 3221 5570 ext
3238 5490 3521 5579 gentibus,
3550 5490 3557 5499 ’

1941 5613 2009 5653 ex
2041 5598 2544 5667 perseeutionibus,
2589 5608 2645 5654 et
2682 5614 2847 5655 omne
2891 5615 3067 5670 genus
3112 5598 3523 5659 calamitatibus

1941 5698 1997 5747 et
2029 5689 2421 5748 afﬂictionibus
2463 5699 2520 5749 et
2567 5678 2875 5753 doloribus.
2922 5691 3295 5767 Quamobrem
3337 5689 3397 5753 in
3434 5688 3522 5752 his
