3792 6536
482 345 617 409 1039

1683 354 1746 417 S.
1786 351 2185 414 ANASTASII
2240 353 2572 415 SINAIT/E

3624 354 3725 417 1010

479 460 770 520 doloribus
802 458 987 530 paries
1014 459 1188 516 malos
1231 460 1395 525 filios,
1428 460 1735 518 emclentes
1772 462 1985 532 peccati
2018 468 2074 517 et
2103 466 2151 520 Α
2178 462 2379 517 mulier
2406 480 2530 534 quae
2560 464 2784 520 dicebat
2815 466 2955 521 Osee
2985 465 3273 536 prepbetz
3300 484 3313 518 :
3343 462 3445 518 Ibo
3466 472 3514 515 et
3540 478 3726 515 mam

460 553 844 629 impudicitia:
868 562 925 608 et
968 552 1279 623 iniquitatis
1331 564 1387 609 et
1416 554 1760 612 idololatriae.
1792 556 1900 611 Sed
1925 556 2073 611 bono

482 658 604 704 esto
641 648 852 711 animo,
899 662 1084 717 neque
1121 646 1364 701 animam
1399 646 1773 717 despondeas,
1817 664 1922 703 nee
1972 647 2073 701 de-

481 755 696 810 speres,
749 754 929 809 neque
988 740 1192 794 bonam
1230 754 1384 808 spem
1431 739 1774 795 contrahas:
1808 740 2074 810 quoniam

482 842 608 904 post
643 833 768 887 illos
791 832 997 887 multos
1016 847 1159 902 quos
1184 848 1287 904 ego
1321 833 1421 888 tibi
1464 833 1638 887 affero
1663 832 1887 888 dolores
1906 873 1920 893 ,
1952 842 2077 903 post

483 926 691 981 multos
739 925 980 996 gemitus
1024 942 1167 995 quos
1210 926 1276 980 ad
1326 942 1414 980 me
1462 926 1706 991 emittes,
1750 935 1874 996 post
1906 926 2077 981 casti—

482 1017 736 1088 gationes
786 1027 843 1073 et
876 1018 1078 1073 famem
1108 1034 1172 1072 ac
1206 1020 1618 1081 necessitatem,
1651 1018 1925 1072 annuntio
1974 1016 2076 1071 tibi

482 1110 743 1182 gaudium
793 1126 1054 1181 magnum
1101 1112 1249 1182 quod
1298 1111 1409 1166 erit
1464 1111 1617 1165 omni
1677 1111 1881 1181 populo
1930 1120 2073 1165 tuo:

484 1210 778 1272 postquam
831 1200 930 1255 tibi
970 1200 1138 1256 fuerit
1184 1202 1440 1271 adempta
1486 1201 1669 1256 omnis
1711 1201 1798 1256 via
1838 1210 1896 1257 et
1936 1200 2079 1256 ratio

486 1293 714 1349 humani
768 1294 983 1357 auxilii,
1032 1293 1100 1348 ad
1136 1294 1317 1349 virum
1359 1302 1518 1348 tuum
1551 1292 1900 1364 spiritualem
1926 1293 2077 1349 Ada-

489 1396 639 1436 mum
669 1384 888 1453 (nempe
912 1382 1219 1454 Christum)
1252 1383 1360 1438 erit
1384 1384 1674 1438 conversio
1713 1392 1827 1448 tua,
1876 1392 1932 1438 ct
1961 1383 2078 1453 ipse

492 1475 591 1531 tibi
627 1474 1006 1531 dominabitur
1052 1494 1081 1529 a
1117 1476 1253 1531 mari
1296 1492 1472 1548 usque
1502 1476 1571 1531 ad
1603 1494 1778 1541 mare,
1817 1486 1873 1532 et
1897 1492 1928 1531 a
1972 1476 2079 1532 llu-

490 1567 737 1623 minibus
766 1584 942 1639 usque
969 1567 1036 1623 ad
1066 1568 1203 1624 lines
1232 1569 1383 1624 orbis
1416 1577 1576 1624 terra:
1609 1568 1893 1633 Ecclesiae,
1927 1568 2075 1634 Evae,

490 1662 620 1716 vitae
656 1671 764 1717 tua:
808 1677 931 1731 quae
981 1661 1189 1717 dicitur
1233 1662 1456 1717 mulier.
1506 1660 1899 1717 Benedicimus
1951 1660 2075 1725 tibi,

488 1752 730 1819 Christe,
764 1755 860 1825 qui
905 1755 1111 1809 vocasti
1161 1770 1283 1820 nos,
1335 1764 1391 1810 et
1437 1755 1508 1809 ab
1560 1770 1751 1810 errore
1782 1753 1964 1809 fecisti
2008 1753 2077 1809 ad

490 1859 593 1899 nos
634 1860 665 1899 a
724 1854 778 1900 te
832 1845 1275 1900 conversionem.
1330 1845 1643 1901 Adoramus
1692 1855 1747 1901 te
1780 1845 1877 1916 qui
1907 1845 2084 1900 domi-

490 1948 657 1993 natus
689 1953 750 1993 es
781 1938 966 2005 nobis,
1002 1948 1261 2008 tanquam
1312 1938 1603 1994 Dominum
1636 1938 2078 1994 dominantium:

490 2046 560 2087 ne
601 2033 719 2102 ipsa
763 2040 859 2087 tua
906 2032 1111 2103 conjux
1140 2031 1343 2087 mulier
1379 2039 1436 2087 et
1486 2048 1689 2102 sponsa
1734 2033 2084 2103 opprimatur

490 2125 777 2181 dominatu
838 2125 968 2180 mali
1025 2124 1324 2195 serpentis.
1388 2124 1464 2180 De
1518 2134 1719 2180 etetero
1777 2125 1973 2195 psallat
2028 2135 2085 2182 et

490 2233 683 2288 magna
708 2234 842 2274 voce
857 2218 1056 2273 clamet
1070 2219 1191 2273 haec
1215 2217 1330 2272 vita
1350 2217 1551 2273 mulier
1574 2233 1700 2272 cum
1729 2217 1821 2273 illa
1846 2218 2083 2275 muliere

488 2324 610 2378 quae
666 2316 752 2363 est
798 2324 931 2363 vere
981 2309 1095 2363 vita
1138 2317 1195 2362 et
1241 2324 1365 2379 qua:
1408 2309 1581 2363 vitam
1634 2308 1775 2374 fert,
1828 2318 1885 2364 et
1936 2310 2084 2380 parit

488 2403 678 2467 vitam,
710 2401 901 2457 dicens
933 2419 946 2455 :
979 2401 1289 2473 Magniﬁcat
1330 2403 1513 2457 anima
1555 2416 1674 2455 mea
1703 2416 1831 2456 eum
1867 2402 1962 2471 qui
1998 2411 2085 2457 est

489 2494 628 2549 mihi
678 2494 1018 2560 dominatus,
1060 2510 1183 2565 qua:
1224 2511 1346 2551 sum
1387 2495 1638 2551 Ecclesia
1682 2510 1750 2550 ex
1780 2496 2081 2567 gentibus:

492 2585 561 2640 Et
609 2586 895 2641 exsultavit
924 2589 1143 2659 spiritus
1196 2605 1341 2643 meus
1398 2590 1454 2643 in
1514 2587 1622 2642 Deo
1670 2587 1902 2643 salutari
1946 2605 2081 2643 meo.

489 2678 629 2742 Quia
669 2680 898 2749 respexit
933 2679 1288 2736 humilitatem
1344 2681 1556 2737 ancilla:
1603 2697 1734 2737 suae.
1771 2680 1906 2736 Ecce
1942 2682 2083 2735 enim

489 2773 677 2827 abhinc
722 2773 932 2827 beatam
966 2790 1049 2827 me
1080 2774 1252 2829 dicent
1286 2792 1467 2830 omnes
1509 2777 1896 2846 generationes.
1941 2774 2085 2840 Quo-

490 2864 638 2917 niam
678 2864 799 2933 fecit
828 2866 1123 2934 patentium
1146 2866 1202 2920 in
1234 2866 1446 2921 brachio
1480 2867 1621 2922 Filio
1649 2882 1771 2932 suo,
1798 2876 1849 2921 et
1878 2867 2083 2937 disper-

489 2956 557 3009 sit
600 2956 848 3025 superbos
902 2956 1126 3012 Iudaeos
1159 2973 1222 3011 ea:
1271 2960 1425 3013 corde
1481 2961 1671 3014 mentis
1728 2975 1860 3025 sum,
1915 2960 1984 3015 Et
2028 2962 2084 3014 in

498 3044 671 3101 altum
718 3046 909 3101 extulit
946 3063 1051 3103 nos
1097 3047 1343 3103 humiles.
1384 3049 1691 3105 Esurientes
1741 3067 1907 3107 canes
1952 3067 2087 3124 gen-

494 3140 634 3193 tium
681 3140 1018 3210 populorum
1062 3140 1307 3212 implevit
1361 3143 1508 3197 bonis
1556 3143 1717 3211 panis
1744 3144 1895 3210 vitae,
1926 3155 1977 3198 et
2004 3145 2085 3198 di-

492 3240 619 3288 vites
648 3233 705 3287 in
741 3232 1033 3289 sacrificiis
1079 3243 1135 3290 et
1173 3235 1534 3291 libaminibus
1564 3236 1761 3291 dimisit
1798 3238 1989 3291 inanes
2012 3238 2080 3304 '°,

493 3340 562 3380 ne
598 3326 835 3396 amplius
860 3326 915 3381 in
945 3327 1028 3382 eis
1052 3328 1238 3383 colant
1271 3336 1329 3383 et
1363 3329 1600 3385 adorent
1631 3329 1840 3401 templo
1870 3331 2081 3388 diruto.

496 3420 862 3475 Excandescit
898 3429 954 3475 et
1001 3420 1345 3492 discerpitur
1389 3422 1509 3477 haec
1554 3422 1789 3478 audiens
1837 3423 2083 3491 Iudaeus,

494 3521 683 3568 etnon
723 3522 909 3585 potest
948 3513 1083 3569 falsa
1123 3514 1444 3570 ostendere.
1483 3514 1539 3570 Si
1571 3524 1754 3570 autem
1784 3530 1897 3571 non
1926 3518 1998 3571 ita
2027 3530 2086 3572 se

496 3606 664 3662 habet
739 3622 927 3662 rerum
978 3607 1205 3671 veritas,
1270 3608 1743 3680 quemadmodum
1794 3608 1850 3663 in
1899 3609 2088 3664 verbis

496 3698 595 3754 Dei
649 3699 718 3754 ad
762 3700 1057 3754 mulierem
1120 3700 1468 3771 interpretati
1515 3716 1746 3757 sumus:
1792 3699 1941 3756 dicat
1985 3701 2086 3757 Ju-

497 3794 671 3857 dreus,
717 3792 837 3856 ubi,
881 3808 1005 3848 cum
1041 3794 1337 3849 avertisset
1367 3795 1478 3850 Eva
1534 3804 1630 3850 aut
1662 3806 1916 3865 separata
1948 3794 2087 3851 fuis-

498 3892 583 3940 set
617 3882 686 3938 ab
726 3884 960 3949 Adamo,
1008 3885 1150 3941 dixit
1195 3888 1246 3941 ei
1278 3886 1425 3942 Deus
1467 3886 1590 3941 :Ad
1628 3888 1802 3941 virum
1839 3895 1987 3942 tuum
2014 3896 2090 3942 est

499 3978 766 4031 conversio
801 3985 891 4032 tua
917 3978 942 4031 Ρ
968 3977 1035 4032 Et
1079 3994 1318 4049 quonam
1367 3979 1419 4033 ei
1452 3978 1772 4035 dominante
1827 3979 1964 4035 dicit
1995 3980 2044 4034 ei
2074 3998 2086 4034 :

502 4066 593 4121 Vir
634 4069 726 4122 tibi
773 4068 1178 4124 dominabitur?
1224 4078 1487 4140 tanquam
1528 4070 1738 4126 scilicet
1787 4070 1839 4126 ei
1887 4070 2090 4141 aliquis

500 4158 823 4215 lnsultasset
873 4169 931 4216 et
977 4159 1030 4216 ei
1088 4169 1239 4216 esset
1288 4160 1591 4218 dominata.
1638 4161 1777 4217 Nam
1830 4160 2091 4217 omnibus

500 4251 679 4307 modis
734 4253 983 4307 cernitur
1031 4253 1149 4309 [nec
1192 4253 1395 4309 mulier
1433 4270 1464 4309 a
1513 4255 1637 4309 viro
1694 4263 1971 4325 separata,
2033 4262 2091 4309 et

499 4344 703 4400 deinde
752 4344 821 4398 ad
869 4360 995 4399 eum
1028 4360 1224 4399 rursus
1269 4361 1557 4401 conversa.
1592 4346 1730 4402 Nam
1776 4346 2089 4416 quirever-

500 4436 659 4501 titur,
704 4444 789 4491 est
820 4436 1177 4506 perspicuum
1224 4438 1373 4506 quod
1418 4437 1552 4492 illuc
1591 4439 1892 4493 revertitur
1941 4438 2089 4493 unde

497 4531 653 4600 prius
694 4530 927 4585 exierat.
977 4529 1108 4584 Mihi
1136 4530 1285 4585 enim
1334 4533 1512 4601 cogita
1542 4530 1888 4587 individuam
1922 4532 2090 4587 unio~

496 4638 623 4677 nem
653 4620 759 4676 viri
800 4630 856 4676 et
887 4620 1157 4684 mulieris,
1195 4619 1344 4691 quod
1370 4629 1457 4675 est
1483 4636 1707 4691 corpus,
1749 4620 2084 4687 membrum,

495 4724 551 4769 et
595 4727 748 4770 costa
781 4715 922 4786 ejus.
954 4713 1326 4781 Quamobrem
1356 4716 1424 4770 de
1452 4730 1517 4770 ca
1564 4730 1787 4785 quoque
1821 4713 2086 4770 dicebat:

497 4807 606 4862 lloc
637 4824 775 4861 nunc
802 4824 859 4862 os
889 4824 953 4863 ea:
982 4807 1181 4861 assibus
1216 4809 1362 4873 meis,
1392 4818 1441 4862 et
1474 4825 1600 4862 caro
1632 4824 1696 4862 ex
1733 4824 1895 4862 carne
1924 4825 2039 4863 mea
2071 4825 2089 4873 ς

497 4900 864 4967 quamobrem
894 4915 1088 4956 sumus
1110 4900 1220 4956 duo
1255 4901 1312 4956 in
1336 4916 1558 4956 carnem
1586 4917 1773 4957 unam.
1800 4900 2091 4968 Quomodo

496 5006 628 5061 ergo
673 5007 797 5047 eum
835 5008 942 5049 una
991 5010 1122 5051 caro
1161 4994 1233 5049 sit
1266 4993 1645 5078 conglutinata
1688 5004 1745 5050 et
1792 5010 1966 5049 unum
2000 5009 2083 5062 os,

498 5086 609 5139 duo
655 5087 766 5143 sint
812 5088 1118 5155 individue,
1159 5090 1304 5145 Deus
1332 5105 1483 5146 nunc
1526 5090 1663 5146 dicit
1708 5090 1974 5147 mulieri:
2007 5092 2090 5147 Ad

497 5178 669 5232 virum
716 5186 866 5233 tuum
912 5182 1011 5235 erit
1047 5183 1311 5237 conversio
1339 5191 1453 5248 tua,
1489 5191 1537 5236 et
1573 5184 1683 5253 ipse
1728 5183 1804 5236 tui
1840 5182 2087 5236 domina-

498 5270 685 5324 bitur!
719 5268 1007 5337 Quomodo
1045 5288 1108 5327 os
1137 5283 1193 5329 et
1227 5288 1355 5328 caro
1382 5288 1508 5328 cum
1540 5274 1610 5329 sit
1634 5275 1775 5345 ejus,
1812 5272 1879 5328 ad
1909 5273 2088 5344 ipsum

500 5361 885 5417 convertitur?
909 5363 1053 5435 Ergo
1077 5380 1176 5435 per
1214 5365 1400 5420 omnia
1426 5381 1548 5437 quae
1577 5366 1726 5422 dicta
1763 5375 1892 5421 sunt
1921 5365 2091 5421 disci-

500 5466 626 5513 mus
654 5451 803 5523 quod
842 5461 998 5508 extra
1048 5454 1230 5509 virum
1276 5470 1440 5509 suum
1485 5455 1759 5511 abscessit
1789 5456 2092 5520 mulier,et

498 5541 702 5600 deinde
744 5560 968 5601 reversa
1014 5554 1099 5600 est
1141 5544 1209 5600 ad
1265 5546 1467 5615 ipsum,
1508 5556 1566 5602 et
1608 5563 1805 5604 rursus
1835 5546 1979 5602 facta
2004 5554 2092 5601 est

497 5635 620 5705 ejus
663 5646 813 5692 costa
853 5645 911 5691 et
951 5635 1153 5693 mulier
1182 5643 1235 5693 et
1268 5652 1415 5692 caro.
1460 5637 1583 5707 Ipsa
1626 5638 1795 5711 919
1821 5649 1906 5695 est
1942 5639 2089 5695 enim

573 5816 618 5848 ”
672 5816 806 5871 Luc.
844 5833 881 5885 ι,
924 5816 1117 5875 Ποΰδ.
1190 5816 1233 5849 "
1276 5814 1413 5873 Osee
1453 5833 1512 5885 u,
1544 5818 1597 5875 7.
1675 5819 1719 5851 "
1750 5817 1890 5875 Gen.
1923 5835 1996 5888 xi,
2022 5819 2082 5875 ς.

2182 553 2254 607 ad
2288 556 2461 609 virum
2508 572 2684 609 meum
2725 558 2981 622 priorem,
3037 557 3292 626 quoniam
3336 564 3471 607 tunc
3501 553 3615 606 mihi
3643 566 3727 605 ωε

2180 645 2366 699 melius
2400 663 2563 716 quam
2594 663 2735 700 nunc
2764 648 2831 700 ⁷⁸.
2866 647 2934 701 Et
2960 657 3256 716 propterea
3296 644 3442 700 dicit
3473 644 3608 697 Deus
3632 644 3731 697 hinc

2178 736 2437 792 Ecclesia:
2465 752 2590 807 qua:
2648 737 2858 794 dicitur
2888 738 3090 792 mulier
3138 755 3151 791 :
3191 733 3260 792 Et
3299 737 3375 790 ad
3406 736 3579 791 virum
3616 745 3727 788 tam

2178 830 2441 883 conversio
2491 840 2607 895 tua,
2661 838 2711 884 et
2758 832 2868 901 ipse
2903 830 2997 884 tibi
3033 830 3422 884 dominabitur.

2252 921 2393 976 Hinc
2434 922 2700 977 discimus
2732 932 2989 992 epropter
3035 936 3159 976 eam
3203 935 3376 990 quam
3416 918 3474 971 in
3519 918 3730 971 extremis

2180 1015 2527 1085 temporibus
2591 1014 2760 1069 habet
2808 1015 2955 1069 Deus
2981 1014 3035 1068 in
3060 1013 3355 1068 mulierem
3386 1051 3403 1076 ,
3449 1009 3730 1063 dominatio-

2184 1121 2312 1161 nem
2334 1122 2348 1160 :
2370 1105 2520 1177 quod
2542 1122 2669 1161 cum
2694 1106 2937 1176 primum
2958 1104 3231 1173 plantavit
3250 1104 3406 1157 Deus
3433 1102 3723 1171 paradisum,

2180 1207 2372 1271 typum
2404 1198 2682 1263 Ecclesiae,
2735 1198 3042 1253 nominavit
3072 1197 3368 1267 Scriptum
3420 1196 3590 1250 Deum
3638 1214 3649 1247 :
3685 1204 3726 1249 et

2181 1291 2416 1354 addens,
2438 1290 2757 1346 Dominum.
2784 1290 2907 1346 Non
2937 1287 3087 1345 enim
3144 1291 3407 1346 invenies
3438 1290 3611 1359 ipsum
3637 1300 3729 1343 ante

2181 1384 2499 1455 paradisum
2520 1383 2797 1438 nominari
2821 1383 3116 1439 Dominum
3138 1394 3195 1439 et
3215 1384 3394 1438 Deum
3423 1400 3438 1437 :
3463 1382 3558 1437 sed
3577 1383 3731 1444 solum,

2182 1476 2378 1533 Deum.
2432 1476 2488 1532 Si
2530 1486 2714 1531 autem
2744 1477 2814 1531 ab
2866 1476 2992 1533 aliis
3044 1477 3113 1531 ad
3146 1478 3286 1532 alias
3319 1476 3594 1547 gradatim
3624 1487 3733 1529 tran-

2180 1569 2455 1625 scendens
2495 1570 3020 1635 demonstrationes,
3070 1586 3181 1625 non
3234 1572 3555 1626 satietatem
3608 1570 3734 1623 adero

2180 1663 2375 1719 lectori
2403 1663 2575 1718 multa
2606 1663 2841 1719 dicens:
2878 1664 2930 1719 ei
2984 1664 3277 1719 ostendam
3334 1664 3508 1719 falsas
3564 1677 3733 1733 quoque

2183 1754 2578 1809 similitudines
2610 1770 2677 1810 ac
2714 1754 2981 1825 paritates
3032 1754 3247 1808 erroris
3305 1754 3570 1809 mulieris
3593 1762 3639 1807 ct
3664 1753 3736 1809 Eo-

2113 1842 2157 1898 Β
2185 1851 2389 1907 ειεεὶω.
2425 1850 2672 1905 Primum
2700 1850 2849 1905 enim
2876 1850 3158 1921 quomodo
3184 1850 3395 1904 mulier
3432 1849 3491 1902 in
3528 1846 3736 1917 paradiso

2184 1960 2215 1999 a
2240 1953 2496 2014 serpente
2522 1943 2772 2007 seducta,
2799 1959 2960 2013 passa
2990 1952 3073 1998 est
3100 1958 3200 2013 per
3222 1942 3429 1997 oculos
3460 1956 3584 1995 cum
3608 1940 3735 1993 ridis-

2185 2048 2269 2093 set
2308 2036 2455 2107 quod
2488 2036 2696 2107 lignum
2757 2035 2965 2091 bonum
3004 2045 3090 2092 est
3134 2034 3204 2091 ad
3250 2032 3668 2093 comedendum,
3697 2040 3735 2085 et

2185 2140 2400 2203 gratum
2426 2130 2604 2185 oculis
2630 2130 2697 2184 ad
2734 2130 3063 2193 videndum,
3102 2137 3159 2184 et
3204 2130 3526 2199 Speciosum
3552 2125 3611 2180 ad
3631 2140 3727 2179 con-

2185 2220 2543 2276 siderandum
2568 2236 2583 2286 ;
2610 2219 2858 2275 secundo
2885 2228 3075 2275 autem
3116 2218 3315 2274 aﬂecta
3366 2226 3459 2273 est
3492 2217 3735 2271 aﬂ'ectione

2184 2327 2285 2383 per
2334 2320 2654 2368 contactum
2707 2328 2905 2367 manus
2950 2313 3131 2367 fructu
3184 2319 3472 2382 accepto;
3519 2318 3571 2365 et
3611 2309 3733 2362 tertio

2186 2420 2384 2459 rursus
2413 2419 2512 2475 per
2562 2418 2719 2459 esum
2755 2421 2768 2457 :
2795 2403 2875 2458 sic
2907 2403 3042 2458 mihi
3074 2403 3340 2472 deinceps
3368 2401 3444 2457 ab
3491 2418 3553 2455 ea
3581 2398 3734 2453 accede

2186 2497 2253 2551 ad
2286 2496 2613 2552 catholicam
2656 2494 2944 2550 hominum
2977 2496 3303 2559 Ecelesiam,
3347 2504 3409 2549 et
3443 2492 3643 2547 videbis
3669 2507 3734 2545 ea-

2185 2589 2313 2644 dem
2336 2604 2558 2659 quoque
2590 2589 2640 2644 ei
2675 2588 2729 2642 in
2758 2589 2957 2659 primis
2988 2588 3282 2643 accidisse.
3319 2587 3467 2642 Nam
3502 2600 3616 2639 cum
3646 2584 3734 2637 dux

2187 2692 2319 2738 tunc
2342 2692 2528 2739 essent
2556 2682 2946 2754 generationes
2975 2682 3267 2736 hominum
3309 2681 3371 2734 in
3404 2678 3659 2750 principio
3693 2676 3731 2731 in

2185 2776 2416 2841 mundo,
2453 2776 2548 2847 qui
2577 2776 2630 2831 in
2658 2775 2939 2847 propriam
2984 2784 3041 2831 ct
3090 2784 3409 2844 separatam
3466 2770 3733 2827 refereban-

2189 2879 2278 2924 tur
2328 2869 2726 2940 genealogiam,
2777 2876 3053 2938 erantquc
3104 2866 3490 2938 prmﬁguratio
3544 2868 3730 2918 duorum

2184 2961 2514 3032 populorum
2551 2968 2642 3016 :et
2672 2960 2764 3015 alii
2791 2960 3019 3031 quidem
3067 2960 3135 3015 ab
3161 2960 3404 3024 Adamo,
3456 2958 3544 3013 alii
3590 2968 3731 3009 vero:

2184 3054 2319 3111 Cain
2344 3053 2618 3125 parricida
2646 3054 3028 3125 procedebant
3052 3072 3065 3108 :
3088 3053 3182 3124 qui
3216 3053 3287 3107 ab
3318 3050 3728 3121 Adamuqmdem

2110 3189 2154 3249 ο
2187 3146 2582 3218 Ρνοοθάοδαηιν
2615 3146 2670 3201 in
2708 3146 2939 3217 ﬁguram
2986 3146 3178 3216 populi
3232 3144 3452 3201 Christi
3507 3142 3732 3199 habebant

2186 3238 2484 3310 quamdam
2551 3240 2788 3311 gratiam
2843 3241 3017 3297 sancti
3079 3239 3324 3307 Spiritus
3378 3239 3437 3293 in
3473 3239 3613 3292 vultu
3640 3252 3726 3291 sun.

2187 3350 2310 3405 qua:
2336 3349 2434 3389 eos
2469 3334 2797 3390 ostendebat
2824 3344 2883 3390 et
2935 3334 3230 3405 separabat
3256 3349 3287 3388 a
3330 3334 3541 3404 popqu
3565 3331 3724 3386 Caini;

2186 3436 2243 3483 et
2274 3426 2509 3483 maxime
2532 3427 2665 3482 Seth
2702 3442 2866 3498 quem
2901 3428 3097 3497 genuit
3142 3426 3317 3482 Adam
3346 3427 3421 3481 ad
3464 3441 3605 3481 suam
3638 3438 3727 3491 spc-

2188 3520 2329 3577 ciem
2352 3531 2409 3577 et
2440 3520 2757 3591 imaginem,
2787 3528 2848 3575 ut
2874 3520 3010 3575 dicit
3050 3520 3358 3591 Scriptura.
3412 3517 3727 3586 Quamobrem

2188 3612 2445 3667 homines
2471 3612 2564 3682 qui
2590 3620 2750 3667 erant
2775 3611 2829 3666 in
2868 3611 2962 3667 illo
2987 3621 3256 3682 tempore,
3284 3610 3449 3665 illum
3474 3610 3627 3664 Dcum
3662 3620 3727 3674 ap-

2188 3702 2493 3775 pellabant.
2526 3700 2631 3769 Qui
2657 3710 2843 3758 autem
2866 3702 3239 3758 nascebantur
3263 3718 3331 3757 ex
3364 3702 3575 3757 semine
3594 3697 3725 3757 Caini,

2191 3796 2249 3852 in
2279 3806 2467 3868 typum
2488 3796 2681 3866 populi
2711 3794 2955 3859 Israelis,
2979 3807 3137 3850 erant
3165 3794 3426 3864 hospites
3450 3806 3500 3849 et
3524 3790 3658 3846 alicui
3676 3788 3725 3842 ab

2191 3889 2286 3944 illa
2317 3888 2493 3959 gratia
2522 3898 2578 3943 et
2599 3886 3003 3943 illuminationc
3027 3902 3149 3956 qua:
3170 3895 3289 3941 erat
3322 3885 3378 3940 in
3410 3886 3579 3943 vultu,
3600 3879 3723 3949 utqui

2191 3981 2461 4052 originem
2496 3980 2785 4036 duxissent
2814 3996 2843 4035 a
2870 3979 3168 4051 parricida.
3196 3978 3565 4046 Quamobrem
3590 3970 3722 4041 iisqui

2190 4081 2441 4129 erantex
2464 4071 2675 4128 semine
2698 4070 2872 4127 Adam
2908 4070 3023 4143 (qui
3053 4079 3174 4126 erat
3200 4078 3366 4143 typus
3407 4068 3636 4126 Christil.
3656 4062 3720 4132 qui

2190 4162 2625 4218 nominabantur
2650 4160 2749 4217 lilii
2794 4162 2917 4226 Dei,
2960 4160 2997 4215 ii
3029 4161 3125 4231 qui
3152 4168 3314 4215 erant
3342 4176 3415 4215 ex
3457 4158 3597 4217 Cain,
3624 4153 3722 4208 inri-

2192 4255 2395 4311 debant
2440 4262 2667 4325 propter
2701 4253 3058 4324 Splendorem
3110 4252 3203 4320 qui
3258 4252 3344 4307 eis
3399 4250 3649 4307 eniincba:
3682 4244 3718 4297 in

2193 4350 2369 4417 vultu.
2398 4348 2439 4404 1i
2464 4362 2595 4419 ergo
2615 4346 2711 4417 qui
2738 4345 3069 4401 dicebantur
3095 4345 3199 4415 filii
3225 4344 3340 4409 Dei,
3372 4354 3436 4399 ut
3482 4343 3568 4415 qui
3587 4347 3719 4394 essent

2196 4442 2291 4496 lilii
2327 4441 2454 4496 Eva:
2477 4455 2507 4495 n
2531 4447 2727 4502 matre,
2763 4453 2862 4507 per
2908 4436 3102 4491 oculos
3131 4438 3369 4507 primam
3423 4436 3717 4503 susceperunt

2122 4526 2169 4587 υ
2194 4532 2584 4588 ασθοιῑοηεῐηε
2616 4530 2816 4585 deinde
2867 4528 3125 4593 alteram,
3181 4545 3281 4599 per
3332 4539 3536 4583 tactum
3566 4536 3612 4579 ct
3648 4535 3717 4589 gu-

2190 4634 2358 4679 stum.
2382 4622 2671 4691 Quomodo
2694 4620 2841 4676 enim
2871 4619 2940 4675 de
2970 4636 3035 4675 ea
3084 4620 3294 4675 dictum
3320 4630 3409 4676 est
3444 4618 3579 4691 quod
3618 4611 3714 4665 vidi!

2185 4714 2399 4785 lignum
2431 4715 2635 4770 bonum
2672 4712 2741 4769 ad
2772 4711 3199 4779 comedendum,
3243 4720 3299 4767 et
3348 4714 3525 4768 oculis
3555 4716 3713 4780 gratum

2191 4806 2262 4862 ad
2286 4806 2607 4872 videndum,
2636 4815 2694 4862 et
2713 4804 3011 4876 pulchrum
3066 4804 3135 4859 ad
3177 4804 3635 4861 considerandum,
3664 4800 3711 4850 ita

2190 4898 2359 4954 etiam
2391 4899 2663 4969 scriptum
2692 4906 2777 4954 est
2815 4897 2883 4953 de
2920 4896 3048 4952 ﬁliis
3076 4898 3197 4969 ejus
3231 4915 3245 4951 :
3275 4896 3346 4951 Et
3394 4899 3610 4951 viderunt
3644 4888 3713 4957 ﬁlii

2192 4991 2308 5057 Dei,
2342 4991 2448 5046 hoc
2473 4999 2579 5056 est,
2611 4989 2710 5061 qui
2762 4990 3035 5061 originem
3078 4988 3362 5044 duxerunt
3404 4990 3472 5043 ab
3514 4986 3707 5043 Adamo.

2192 5085 2336 5154 filias
2379 5085 2675 5147 hominum,
2699 5097 2901 5154 nempe
2951 5097 3146 5139 eorum
3175 5083 3272 5153 qui
3313 5080 3711 5138 descenderunts

2189 5176 2363 5234 Caino
2390 5219 2405 5240 ,
2437 5177 2576 5249 quod
2615 5178 2723 5230 sint
2755 5175 3008 5247 pulchris,
3052 5183 3104 5229 et
3141 5186 3455 5247 acceperunt
3511 5189 3586 5228 cas
3618 5183 3711 5222 m-

2193 5287 2275 5326 res
2295 5271 2364 5324 τ’.
2403 5269 2546 5325 Ecce
2573 5268 2925 5324 adactionem
2950 5268 3103 5324 visus
3127 5277 3185 5323 et
3225 5277 3426 5323 tactus.
3455 5268 3621 5322 Postea
3643 5274 3711 5312 au-

2192 5373 2302 5419 tem
2343 5361 2708 5421 comederunt
2765 5360 2971 5416 malum
3004 5360 3271 5425 fructum,
3338 5375 3522 5431 nempe
3567 5363 3708 5410 carnes

2192 5455 2592 5513 sacrificiorum
2624 5453 3052 5510 daemoniorum.
3104 5453 3213 5510 Sed
3246 5455 3363 5510 haec
3392 5453 3591 5525 quidem
3616 5449 3708 5500 sunt

2192 5546 2569 5603 inobedientia
2637 5555 2846 5601 natum
2900 5547 3172 5602 mulieris.
3234 5546 3498 5616 Deinceps
3546 5539 3705 5613 prima!

2190 5640 2311 5712 ejus
2340 5638 2500 5695 dolor
2529 5646 2584 5695 et
2616 5638 2854 5711 gemitus
2878 5638 2982 5694 fuit
3010 5638 3184 5695 totius
3212 5638 3403 5695 mundi
3440 5630 3703 5693 inundatio:
