4080 6532
318 406 455 473 ιοιι

1422 420 1505 481 ΙΝ
1541 422 2094 483 HEXAEMERON.
2131 424 2369 485 -LIB.
2407 427 2511 489 XI.

3465 420 3604 496 tota

311 536 373 585 ot
399 535 525 597 post
558 524 707 580 illam
734 523 957 582 dolores
1006 534 1062 581 et
1092 528 1331 598 gemitus
1372 529 1468 599 qui
1507 545 1632 586 eam
1661 532 1905 588 adduce-
1933 537 1977 592 Α
2007 532 2110 597 cis,
2155 548 2280 589 cum
2315 533 2587 592 deberent
2650 537 2837 608 potius
2882 538 3008 594 exui
3061 537 3115 594 In
3165 540 3601 609 examinatione,

314 617 451 674 baut
509 615 579 671 ad
642 616 1050 686 paenitentiam.
1103 618 1402 688 Propterea
1457 635 1592 692 ergo
1655 637 1760 678 nec
1808 636 1910 691 po-

313 710 459 766 situs
509 708 734 779 quidem
778 716 864 764 est
915 708 973 764 in
1018 718 1278 781 serpente
1323 711 1482 766 dolor
1510 728 1612 768 nec
1646 714 1907 785 gemitus,

308 799 466 871 quod
524 800 569 855 is
620 800 771 855 nulla
833 799 963 855 duci
1006 801 1183 871 possit
1246 803 1594 874 pmnitentia.
1647 805 1754 863 Sed
1811 822 1911 863 ne-

312 908 427 963 que
460 892 516 947 in
541 908 611 948 eo
642 892 791 949 dicta
819 895 1212 962 estconversio,
1242 897 1389 952 sicut
1416 897 1471 952 in
1506 899 1780 966 muliere;
1805 913 1907 955 ne-

313 1002 427 1057 que
470 1002 666 1042 rursus
696 986 752 1041 in
797 987 1023 1043 homine
1074 989 1258 1046 dictus
1288 1000 1375 1046 cst
1401 991 1682 1062 gemitus;
1722 1006 1906 1063 neque

311 1076 466 1132 enim
507 1076 838 1146 pmnitentia
871 1077 1079 1150 indiget
1105 1079 1278 1135 Adam
1309 1081 1637 1151 spiritualis,
1688 1092 1751 1138 ut
1807 1082 1905 1153 qui

313 1184 429 1224 non
465 1168 536 1225 sit
565 1169 851 1239 deceptus.
881 1170 1037 1228 Unde
1070 1188 1173 1227 nec
1202 1173 1260 1227 in
1306 1188 1375 1229 eo
1440 1174 1623 1245 posita
1659 1184 1744 1231 est
1771 1191 1906 1231 con-

314 1262 525 1328 versio,
556 1277 736 1334 neque
766 1264 915 1319 enim
964 1262 1069 1318 fuit
1123 1281 1364 1334 unquam
1411 1265 1709 1337 deceptus.
1764 1266 1905 1322 Hinc

311 1355 466 1411 enim
508 1371 687 1426 neque
717 1356 924 1426 aliquis
956 1357 1006 1411 ei
1031 1355 1239 1412 dicitur
1262 1357 1537 1415 dominari
1589 1358 1735 1414 sicut
1784 1374 1906 1414 mu-

312 1448 464 1512 lieri,
490 1465 616 1505 cum
655 1448 773 1519 ipse
801 1449 876 1504 sit
930 1447 1189 1504 Dominus
1231 1448 1632 1506 Dominantium
1662 1450 1727 1507 ⁷³.
1763 1451 1904 1508 Vide

311 1547 499 1594 autem
518 1540 796 1611 quomodo
827 1555 929 1595 nec
959 1540 1239 1596 hominem
1271 1541 1495 1612 subjicit
1544 1542 1595 1597 ei
1629 1558 1752 1612 qua:
1800 1558 1902 1613 pro

313 1629 435 1699 ipsa
458 1638 543 1686 est
566 1646 761 1701 pinnae,
788 1632 969 1687 donec
1000 1634 1122 1703 ejus
1153 1633 1222 1688 ad
1253 1633 1435 1704 ipsum
1474 1632 1609 1689 fecit
1657 1650 1897 1692 conver-

312 1722 550 1789 sionem,
583 1723 774 1779 dicens
799 1742 812 1778 :
840 1724 911 1778 Et
957 1724 1027 1779 ad
1055 1727 1230 1781 virum
1288 1735 1438 1781 tuum
1470 1729 1736 1783 conversio
1782 1738 1898 1793 tua,

312 1824 365 1868 et
389 1817 500 1887 ipse
536 1818 627 1872 tibi
659 1818 1042 1873 dominabitur.
1088 1818 1360 1886 Quoniam
1409 1836 1541 1893 ergo
1575 1837 1757 1877 sermo
1800 1822 1899 1878 Dei

310 1919 401 1964 est
422 1924 681 1980 Operans,
716 1919 977 1981 tanquam
1004 1926 1069 1967 ea
1096 1927 1387 1979 conversa,
1431 1922 1487 1969 et
1519 1914 1749 1985 proprio
1775 1915 1899 1971 viro

310 2001 361 2056 ei
395 2002 553 2058 unito
587 2019 687 2072 per
715 2004 978 2060 unionem
1010 2005 1067 2060 in
1102 2005 1382 2077 hypostasi
1420 2014 1582 2076 :post
1632 1996 1899 2064 unionem

309 2111 439 2150 eum
462 2097 647 2152 statim
686 2096 901 2153 inducit
922 2100 1066 2155 Deus
1106 2099 1347 2170 proipsa
1381 2100 1707 2171 patientem.
1752 2101 1900 2158 Dicit

307 2189 457 2245 enim
511 2202 916 2262 consequenter
964 2211 977 2247 :
1023 2192 1093 2249 Et
1143 2194 1275 2249 dixit
1305 2195 1516 2251 Adamo
1560 2214 1574 2251 :
1631 2195 1898 2262 Quoniam

309 2284 557 2338 audivisti
586 2301 761 2339 vocem
804 2287 983 2340 uxoris
1013 2292 1118 2341 tua:
1150 2294 1202 2341 et
1254 2289 1523 2342 comedisti
1559 2305 1623 2343 ea:
1648 2289 1790 2361 ligno
1834 2290 1898 2344 de

308 2390 413 2441 quo
434 2376 546 2430 solo
566 2377 657 2430 tibi
666 2378 806 2448 jussi
831 2395 895 2431 ne
918 2378 1234 2444 comederes,
1260 2380 1542 2436 maledicta
1568 2391 1644 2436 est
1674 2390 1817 2437 terra
1841 2384 1896 2438 in

309 2467 573 2539 aperibus.
616 2468 680 2524 In
721 2469 987 2525 laboribus
1009 2487 1129 2525 eam
1173 2472 1410 2527 comede:
1439 2475 1680 2529 omnibus
1713 2476 1894 2531 diebus

306 2564 552 2617 vitretua:
583 2579 602 2617 :
625 2564 809 2633 spinus
840 2571 890 2617 et
924 2564 1144 2619 tribulos
1167 2565 1415 2636 producet
1443 2566 1555 2631 tibi,
1585 2576 1635 2620 et
1657 2569 1894 2624 comedas

307 2671 501 2724 panem
521 2663 696 2721 tuum,
722 2656 883 2710 donec
906 2659 1188 2712 revertaris
1218 2658 1271 2711 in
1297 2667 1498 2713 terram
1524 2675 1587 2713 ea:
1615 2677 1719 2731 qua
1743 2678 1894 2716 sum-

306 2753 430 2817 ptus
452 2763 525 2813 es,
580 2751 830 2819 quoniam
878 2758 1021 2804 terra
1072 2767 1146 2817 es,
1182 2761 1230 2804 ct
1275 2752 1327 2806 in
1363 2760 1565 2808 terram
1594 2756 1889 2810 reverteris.

308 2837 436 2894 Haec
468 2856 593 2895 cum
628 2857 658 2895 a
689 2842 800 2896 Deo
850 2842 1157 2898 audivisset
1207 2843 1405 2909 Adam,
1443 2845 1629 2900 statim
1675 2847 1895 2902 vocavit

306 2947 508 2989 nomen
540 2936 728 2990 uxoris
761 2950 874 2990 suae
899 2937 1097 2992 Vitam.
1136 2935 1403 3002 Quoniam
1434 2954 1495 2992 ea
1556 2949 1652 3003 est,
1688 2939 1890 3010 inquit,

306 3030 482 3076 mater
504 3025 739 3079 omnium
756 3026 1060 3080 viventium.
1095 3026 1236 3094 Quid
1263 3027 1424 3094 dicis,
1461 3045 1495 3084 ο
1527 3030 1727 3086 homo?
1761 3031 1894 3087 Ter-

306 3115 562 3172 ribilesa
601 3119 714 3173 Deo
769 3120 1192 3176 criminationes
1234 3129 1364 3176 sunt
1416 3123 1471 3177 in
1514 3131 1568 3179 te
1604 3123 1891 3181 intentata:

2012 634 2386 696 congruenter
2419 628 2603 684 ordini
2659 630 2999 701 judiciorum
3032 631 3261 687 mundi?
3310 631 3605 700 Quomodo

2009 716 2058 772 si
2088 732 2217 773 reus
2245 727 2386 774 astat
2436 721 2609 777 Adam
2664 724 2748 792 (ut
2798 724 2894 794 qui
2927 725 3197 795 deceptus
3257 740 3288 780 a
3346 727 3601 797 muliere)

2010 811 2410 868 condemnatus
2435 812 2490 867 in
2524 813 2640 883 ipsa
2663 817 3098 882 examinatione,
3130 816 3313 872 Vitam
3344 818 3604 872 nomina-

2007 902 2088 956 vit
2141 901 2789 971 mulierem?Quomodo
2844 908 3010 965 homo
3058 908 3179 980 qui,
3223 917 3283 963 ut
3337 916 3395 963 tu
3436 909 3601 973 dicis,

2006 992 2185 1050 factus
2214 995 2319 1051 fuit
2346 997 2449 1051 sub
2473 998 2795 1065 maledicto,
2823 1000 3006 1069 potuit
3052 1016 3151 1070 per
3175 1000 3443 1072 Spiritum
3475 1016 3604 1056 san-

2006 1093 2156 1139 ctum
2197 1086 2531 1156 prophetare
2565 1087 2621 1142 in
2666 1089 2782 1159 ipsa
2818 1089 2953 1146 hora
3005 1090 3438 1157 maledictionis,
3477 1107 3600 1162 qua:

2003 1174 2191 1230 futura
2219 1186 2380 1232 erant
2400 1186 2525 1247 post
2549 1178 2740 1234 nescio
2769 1186 2907 1250 quot
2952 1180 3126 1235 millia
3159 1196 3456 1246 annorum,
3509 1180 3597 1236 di-

2004 1281 2137 1323 cens
2165 1268 2235 1323 de
2263 1270 2525 1326 muliere:
2550 1270 2678 1342 Ipsa
2695 1273 2794 1326 erit
2816 1281 2988 1327 mater
3010 1274 3245 1328 omnium
3270 1275 3552 1329 viventium
3571 1274 3599 1327 7

2002 1356 2292 1425 Quomodo
2315 1370 2500 1416 autem
2534 1377 2730 1416 rursus
2761 1371 3055 1432 postquam
3082 1378 3181 1418 eos
3212 1362 3414 1429 induit,
3448 1364 3596 1418 Deus

2002 1452 2274 1508 Adamum
2323 1455 2676 1510 subsannans
2704 1463 2761 1510 et
2787 1454 2983 1510 dicens
3011 1472 3024 1509 :
3054 1453 3190 1509 Ecce
3220 1455 3393 1509 Adam
3423 1455 3593 1527 {actus

2003 1554 2080 1601 est
2095 1546 2228 1600 sicut
2258 1563 2475 1602 unusea:
2507 1548 2675 1614 nobis,
2699 1561 2812 1603 non
2840 1548 3008 1603 simul
3033 1547 3201 1603 etiam
3240 1547 3448 1618 probro
3480 1534 3596 1602 alii:

2002 1639 2079 1695 cit
2100 1640 2393 1695 mulierem
2423 1655 2547 1711 quae
2570 1648 2689 1696 erat
2717 1640 2890 1712 magis
2922 1640 2981 1695 in
2998 1642 3161 1711 culpa
3186 1656 3353 1712 quam
3371 1639 3546 1696 Adam
3568 1639 3594 1695 τ

2003 1735 2113 1792 Sed
2142 1751 2244 1792 nec
2270 1751 2393 1792 eam
2426 1735 2589 1791 simul
2626 1749 2752 1790 cum
2780 1734 2899 1806 ipso
2928 1735 3191 1791 amandat
3211 1749 3281 1790 ex
3310 1732 3591 1806 paradiso,

2004 1846 2184 1902 neque
2216 1830 2267 1886 ei
2297 1828 2434 1885 dicit
2469 1828 2783 1884 :Maledicta
2800 1838 2876 1883 est
2898 1836 3042 1883 terra
3064 1830 3120 1884 in
3180 1830 3422 1900 operibus
3451 1830 3591 1883 tuis:

2002 1924 2149 1996 quod
2161 1923 2384 1994 quidem
2408 1922 2458 1978 ei
2477 1923 2649 1993 magis
2665 1923 2956 1994 oportebat
2974 1922 3161 1977 dicere
3179 1936 3341 1991 quam
3357 1921 3589 1977 Adamo.

2073 2016 2217 2087 Ergo
2243 2015 2289 2070 si
2320 2014 2507 2071 ﬁdelis
2528 2014 2677 2085 apud
2723 2016 2789 2070 te'
2836 2013 3115 2079 videatur,
3170 2014 3266 2084 qui
3301 2012 3590 2070 Christum

2002 2110 2169 2165 habet
2214 2110 2270 2165 in
2315 2124 2376 2165 se
2416 2110 2740 2178 loquentem
2779 2107 2984 2162 Paulus
3020 2096 3212 2163 dicens
3243 2107 3453 2162 :Adam
3484 2122 3589 2160 non

2001 2210 2078 2258 est
2104 2202 2344 2275 deceptus
2373 2203 2442 2267 ⁷⁸,
2495 2209 2583 2256 est
2624 2199 2983 2271 perspicuum
3033 2198 3183 2269 quod
3236 2214 3341 2254 nec
3374 2198 3479 2253 fuit
3532 2199 3589 2253 in

1998 2311 2125 2351 eum
2151 2295 2362 2351 crimen
2394 2294 2749 2350 intentatum.
2778 2292 2877 2347 Sin
2905 2298 3092 2347 autem
3128 2291 3235 2346 fuit
3263 2291 3477 2347 crimen
3502 2291 3589 2345 iu-

2002 2395 2299 2450 tentatum,
2328 2386 2531 2458 injuria
2556 2385 2786 2441 omnino
2813 2383 2919 2438 fuit
2942 2383 3176 2439 allectus
3205 2383 3279 2439 ob
3302 2382 3452 2438 illam
3473 2384 3586 2437 cri-

1998 2479 2381 2535 minutionem.
2420 2479 2477 2535 Si
2508 2487 2695 2533 autem
2721 2492 2832 2532 non
2857 2476 2964 2532 fuit
2988 2476 3191 2547 injuria
3212 2476 3468 2539 allectus,
3501 2483 3587 2532 est

1998 2573 2352 2645 perspicuum
2377 2571 2523 2644 quod
2552 2586 2657 2626 nec
2689 2569 2795 2625 fuit
2844 2568 3197 2625 maledictus.
3252 2566 3361 2624 Sed
3413 2583 3586 2624 uxore

1996 2682 2095 2725 sua
2122 2668 2191 2723 ad
2223 2667 2402 2739 ipsum
2421 2680 2663 2730 reversa,
2683 2663 2801 2735 ipse
2826 2679 2941 2718 non
2974 2663 3243 2733 deceptus
3264 2662 3431 2734 (sicut
3456 2660 3584 2717 mil-

1996 2761 2099 2817 lies
2126 2762 2239 2832 jam
2286 2758 2549 2829 diximus)
2576 2758 2633 2812 in
2661 2772 2722 2813 se
2767 2756 3015 2827 suscepit
3047 2771 3290 2827 pmnam.
3348 2754 3411 2809 Et
3445 2769 3586 2824 quo-

1997 2854 2145 2909 niam
2182 2851 2479 2907 universus
2511 2860 2717 2906 nostra:
2748 2849 3023 2905 orationis
3041 2863 3247 2920 scopus
3273 2856 3358 2903 est
3382 2845 3584 2901 adver~

1996 2962 2091 3003 sus
2126 2946 2368 3008 Judmos,
2393 2944 2465 3000 ad
2493 2942 2896 2999 obstruendum
2922 2957 3018 2997 ora
3056 2941 3276 2996 illorum
3319 2938 3582 3002 dicentia,

1995 3040 2143 3112 quod
2173 3039 2219 3094 si
2247 3038 2506 3095 Christus
2559 3036 2665 3091 fuit
2694 3035 3043 3096 maledictus,
3104 3040 3161 3087 et
3190 3032 3247 3087 in
3300 3027 3586 3085 Christum

1996 3130 2348 3187 maledictum
2374 3134 2558 3198 sperat
2596 3124 2896 3181 multitudo
2942 3123 3391 3180 Christianorum
3419 3138 3432 3175 :
3461 3136 3585 3176 om-

305 3217 537 3280 pr0pter
575 3212 887 3278 mulierem,
938 3222 997 3269 et
1048 3214 1479 3281 exsecrationes,
1505 3224 1563 3271 et
1604 3230 1802 3285 pinnae,
1834 3226 1891 3272 et
1917 3241 1962 3300 ο
1994 3225 2127 3279 ηἰιιο
2149 3235 2375 3278 necesse
2417 3230 2627 3276 estnos
2675 3220 2843 3276 etiam
2884 3235 2952 3274 ex
2982 3218 3316 3274 documento
3349 3215 3588 3287 prophe-

304 3304 618 3370 sententire,
660 3313 717 3361 et
746 3320 919 3371 mors,
955 3315 1011 3362 et
1039 3305 1452 3372 exterminatio,
1473 3315 1532 3362 et
1561 3307 1803 3373 dolores,
1834 3316 1892 3364 et

304 3409 506 3464 paenae,
529 3406 586 3453 et
613 3398 826 3462 tribuli,
850 3408 906 3454 et
933 3398 1189 3462 sudores,
1218 3408 1275 3454 et
1301 3400 1418 3465 irae,
1450 3408 1507 3456 ct
1543 3417 1891 3472 qumcunque

301 3494 437 3540 sunt
470 3489 655 3558 gravia
683 3506 696 3541 :
733 3497 789 3543 et
812 3504 934 3544 eam
962 3506 1086 3559 quae
1120 3489 1218 3545 tibi
1247 3492 1497 3546 omnium
1536 3491 1734 3547 horum
1788 3492 1893 3547 fuit

300 3596 469 3637 causa
514 3583 696 3639 Vitam
741 3586 1031 3655 appellasl
1073 3603 1195 3643 eam
1243 3605 1375 3660 ergo
1420 3587 1605 3660 potius
1663 3589 1892 3645 nomina

303 3683 563 3738 mortem,
594 3675 1018 3740 insidiatricem.
1046 3679 1433 3750 proditricem,
1457 3688 1514 3735 et
1533 3681 1702 3737 totius
1733 3697 1893 3737 mun-

300 3763 361 3820 di
390 3767 710 3824 scandalum
760 3777 816 3825 et
846 3770 1191 3843 naufragium
1229 3791 1241 3827 :
1276 3782 1336 3827 ut
1391 3790 1515 3844 qua:
1571 3791 1680 3829 non
1709 3775 1894 3831 feren-

301 3856 503 3914 dorum
536 3860 805 3917 malorum
840 3863 913 3919 sit
951 3864 1160 3920 mundo
1194 3867 1561 3931 conciliatrix,
1592 3876 1653 3922 ut
1675 3884 1798 3937 qua:
1821 3870 1894 3925 sit

300 3954 566 4010 omnibus
595 3955 874 4024 insidiata,
906 3966 1109 4029 utquze
1153 3975 1348 4016 omnes
1380 3960 1631 4017 ail‘ecerit
1664 3962 1890 4035 injuria,

300 4059 367 4103 ut
388 4064 510 4119 quae
537 4051 798 4107 omnibus
822 4052 1111 4107 interitum
1138 4054 1406 4119 attulerit,
1434 4063 1491 4110 et
1520 4070 1718 4110 omnes
1768 4072 1895 4126 per-

298 4140 532 4197 diderit.
563 4142 729 4209 Siste,
761 4144 960 4215 inquit,
1007 4144 1175 4200 homo
1225 4146 1319 4216 qui
1361 4146 1479 4201 haec
1525 4147 1668 4203 dicis
1702 4167 1715 4202 :
1754 4149 1893 4203 Deus

296 4241 377 4284 est
421 4234 511 4303 qui
546 4233 834 4304 justiﬁcat,
878 4235 995 4305 quis
1052 4244 1128 4289 est
1172 4237 1261 4305 qui
1312 4237 1619 4292 condemnet
1642 4238 1690 4271 ⁷⁸
1718 4239 1742 4292 ?
1770 4238 1893 4293 Non

294 4324 451 4381 cnim
509 4326 615 4381 fuit
681 4327 924 4383 hominis
985 4328 1208 4399 adjutor
1274 4329 1395 4401 ejus
1453 4330 1746 4397 inimicus,
1798 4347 1896 4387 ne—

234 4402 249 4413 ’
300 4430 417 4486 quc
453 4416 562 4471 erit
593 4433 857 4484 unquam.
900 4417 976 4474 De
1011 4428 1214 4474 caetero
1242 4434 1311 4474 ne
1339 4419 1487 4475 nuda
1522 4421 1686 4477 verba
1716 4431 1896 4478 atten-

296 4508 424 4575 das,
465 4508 558 4564 sed
595 4509 833 4580 aspicias
859 4510 926 4565 ad
973 4525 1161 4565 rerum
1198 4519 1475 4567 naturam.
1523 4511 1661 4567 Nam
1690 4514 1737 4568 si
1772 4513 1891 4570 haec

1997 3316 2109 3372 tico
2154 3313 2449 3371 ostendere
2499 3313 2711 3381 Judzco,
2771 3313 2920 3384 quod
2953 3328 3057 3385 pro
3103 3310 3356 3368 Ecclesia
3386 3320 3585 3381 passus

1992 3415 2078 3463 est
2107 3405 2384 3472 Christus,
2424 3421 2537 3461 non
2569 3415 2757 3461 autem
2790 3421 2891 3476 pro
2918 3406 3035 3460 suis
3063 3402 3326 3476 peccatis.
3376 3401 3586 3458 Scribit

1993 3502 2217 3573 quidem
2242 3510 2395 3558 certe
2416 3501 2583 3556 Isaias
2599 3499 2846 3555 clamans
2872 3496 3466 3554 adversusludatorum
3499 3495 3587 3551 in-

1992 3596 2378 3652 credulitatem
2399 3609 2413 3647 :
2433 3592 2678 3657 Domine,
2698 3593 2814 3663 quis
2831 3590 3052 3646 credidit
3072 3590 3284 3645 auditui
3311 3595 3507 3651 nostra,
3533 3595 3585 3642 et

1993 3689 2262 3745 brachium
2277 3686 2513 3751 Domini,
2536 3698 2733 3755 nempe
2750 3682 3025 3747 Christus,
3052 3683 3137 3737 cui
3159 3689 3234 3736 est
3253 3679 3537 3736 revelatum
3560 3678 3585 3734 Ρ

1993 3781 2386 3839 Annuntiamus
2416 3794 2597 3832 coram
2621 3779 2755 3848 ipso,
2789 3784 3048 3845 tanquam
3094 3790 3225 3845 puer
3249 3782 3298 3828 et
3323 3780 3584 3844 tanquam

1994 3875 2149 3928 radix
2176 3875 2231 3927 in
2252 3881 2396 3926 terra
2429 3871 2627 3924 sitienti
2658 3884 2677 3923 :
2700 3878 2748 3923 et
2777 3867 3002 3921 vidimus
3030 3867 3229 3936 ipsum,
3256 3872 3307 3918 et
3347 3881 3452 3919 non
3486 3865 3586 3918 ha-

1992 3965 2144 4020 bebat
2182 3964 2403 4035 speciem
2436 3978 2531 4016 nec
2578 3957 3177 4031 pulchritudinemned
3222 3959 3416 4028 species
3468 3957 3583 4027 ejus

1991 4058 2263 4121 indecora,
2294 4053 2542 4124 deﬁciens
2582 4060 2776 4124 praeter
2801 4050 2941 4120 ﬁlios
2974 4051 3242 4103 hominum
3264 4050 3331 4103 ".
3365 4048 3423 4102 In
3455 4063 3583 4117 pas.

1993 4150 2149 4206 sione
2188 4148 2373 4204 crucis
2402 4161 2532 4202 eum
2554 4162 2665 4201 non
2702 4142 2908 4198 habere
2955 4141 3197 4213 speciem
3228 4156 3409 4211 neque
3459 4141 3585 4211 pul-

1992 4241 2371 4298 chritudinem
2400 4239 2679 4300 audimus.
2710 4236 2976 4308 quoniam
3010 4234 3209 4288 malam
3262 4232 3583 4304 pulchritu-

1993 4337 2179 4392 dinem
2200 4336 2351 4391 illius
2377 4334 2514 4406 ligni
2541 4332 2690 4405 quod
2720 4330 2939 4401 aspexit
2961 4327 3166 4382 mulier
3196 4326 3492 4397 pulchrum
3516 4323 3585 4380 ad

1993 4427 2295 4483 videndum
2319 4433 2377 4480 et
2406 4424 2694 4496 pulchram
2722 4420 2933 4476 habens
2954 4417 3224 4489 speciem,
3249 4417 3411 4473 Jesus
3435 4415 3588 4471 dele-

1995 4520 2075 4575 vit
2107 4520 2162 4574 in
2181 4518 2357 4574 forma
2395 4516 2619 4588 propria
2657 4529 2757 4585 per
2780 4512 2992 4584 lignum
3022 4509 3230 4576 crucis,
3264 4507 3414 4579 quod
3466 4522 3588 4564 sus-

298 4603 529 4674 quidem
579 4602 901 4658 dicerentur
946 4602 1015 4659 de
1044 4603 1191 4659 nuda
1225 4604 1477 4669 muliere,
1509 4605 1671 4675 justas
1700 4615 1889 4663 essent
1921 4591 1964 4646 θ
1992 4613 2139 4684 cepit
2171 4627 2272 4684 pro
2315 4609 2590 4682 spirituali
2640 4623 2740 4664 sua
2780 4603 3051 4662 Ecclesia.
3092 4601 3394 4673 Subiunxit
3434 4600 3586 4657 enim

303 4706 416 4753 tua:
462 4697 923 4768 reprehensiones
961 4715 973 4751 :
1021 4713 1147 4754 cum
1194 4708 1380 4753 autem
1431 4698 1593 4753 nobis
1638 4698 1785 4753 adsit
1834 4710 1892 4756 et

298 4799 568 4860 sequatur
612 4790 1017 4860 inseparabilis,
1076 4790 1133 4846 in
1183 4806 1249 4847 eo
1276 4791 1423 4862 quod
1470 4790 1607 4847 dicit
1637 4792 1703 4848 de
1750 4792 1896 4849 Ada-

300 4896 397 4936 mo
430 4889 486 4935 et
533 4882 668 4947 Eva,
701 4882 1109 4937 sacratissimus
1152 4883 1378 4949 Paulus,
1436 4892 1493 4939 et
1525 4900 1723 4957 magna
1750 4902 1891 4942 voce

300 4973 507 5029 clamet
533 4992 546 5029 :
587 4975 895 5047 Mysterium
928 4977 1022 5030 hoc
1050 4993 1301 5047 magnum
1328 4986 1424 5061 est,
1444 4995 1537 5048 ego
1570 4987 1749 5033 autem
1776 4980 1892 5034 dico

300 5068 361 5121 in
390 5065 595 5122 Christo
616 5076 663 5123 et
690 5068 932 5123 Ecclesia
954 5070 1000 5101 ⁷⁸
1024 5085 1039 5134 ;
1080 5070 1308 5127 omnino
1334 5086 1562 5127 necesse
1590 5081 1675 5127 est
1702 5082 1761 5127 ut
1788 5089 1891 5129 nos

301 5173 481 5228 usque
509 5157 577 5213 ad
606 5175 776 5213 unum
806 5159 918 5214 iota
965 5167 1022 5214 et
1048 5175 1217 5214 unum
1259 5160 1494 5230 apicem,
1536 5162 1720 5217 omnia
1768 5179 1891 5233 qua:

299 5252 508 5322 scripta
536 5262 665 5308 sunt
687 5252 755 5307 de
787 5252 1134 5323 Protoplasto
1177 5253 1389 5309 Adamo
1450 5264 1507 5310 et
1527 5255 1664 5321 Eva,
1722 5257 1891 5313 intel-

297 5342 540 5412 ligamus
560 5344 627 5399 de
664 5343 888 5400 Christo
912 5353 969 5400 et
1001 5345 1269 5403 Ecclesia.
1301 5346 1357 5402 Si
1396 5356 1581 5403 autem
1613 5366 1891 5421 repugnas

299 5434 377 5491 iis
402 5452 526 5508 qua:
553 5436 703 5493 dicta
723 5445 885 5493 sunt:
916 5438 1005 5494 dic
1028 5439 1187 5505 mihi,
1212 5454 1421 5511 quaeso,
1453 5442 1734 5512 quomodo
1754 5445 1893 5516 nudi

300 5544 333 5583 a
365 5529 710 5601 subligaculo
740 5531 795 5585 in
822 5531 1230 5587 examinatione
1270 5532 1503 5604 ingressi
1537 5535 1889 5606 protoplasti,

301 5621 609 5694 lnjudicio,
643 5640 673 5677 a
706 5622 819 5677 Deo
848 5623 1028 5678 induti
1065 5632 1195 5679 sunt
1222 5633 1279 5680 et
1309 5626 1439 5681 tecti
1463 5627 1714 5697 pclliceis
1743 5628 1891 5682 tuni-

1501 5743 1526 5757 4

374 5823 422 5905 ξη
446 5822 633 5909 L'Pim.
667 5840 741 5887 γι.
934 5826 980 5858 ’⁸
1013 5826 1172 5882 Rom.
1200 5842 1316 5893 rm,
1340 5826 1427 5893 '53,
1463 5826 1551 5883 54.
1629 5828 1675 5859 ⁷⁸
1708 5827 1908 5909 Eph?“-

302 5894 414 5958 πει
445 5893 619 5950 Galat.
656 5912 735 5961 in,
782 5895 867 5950 i5.

1990 4706 2261 4779 propheta
2290 4704 2359 4759 de
2383 4720 2451 4759 eo
2489 4702 2684 4758 dicens
2717 4718 2730 4754 :

2058 4807 2361 4880 Ignominia
2398 4814 2473 4859 est
2502 4804 2715 4875 aﬂ‘ectus
2745 4808 2793 4854 et
2838 4815 2943 4852 non
2998 4804 3074 4851 est
3105 4802 3425 4867 reputatus;
3480 4794 3587 4850 hoc

1989 4908 2076 4957 est
2110 4917 2123 4955 :
2155 4899 2201 4954 A
2226 4900 2340 4954 Deo
2374 4896 2612 4952 traditus
2649 4893 2756 4948 fuit
2789 4898 3017 4962 propter
3060 4903 3184 4954 nos,
3217 4896 3273 4943 et
3302 4887 3588 4959 subjectus

1989 4988 2097 5044 fuit
2122 5003 2297 5060 poena:
2320 4994 2549 5057 propter
2579 4982 2895 5044 mulierem,
2922 4990 2978 5035 et
3025 4994 3137 5034 non
3163 4987 3456 5051 reputatus
3480 4977 3589 5034 fuit

1998 5082 2111 5153 pati
2141 5087 2367 5151 propter
2383 5093 2464 5133 se.
2490 5076 2606 5142 Ipse
2629 5076 2791 5137 enim,
2824 5071 3027 5142 inquit,
3059 5068 3168 5126 fert
3198 5079 3425 5141 peccata
3486 5087 3589 5126 no—

1999 5183 2135 5240 stra,
2184 5181 2242 5227 et
2271 5186 2372 5242 pro
2413 5169 2578 5225 nobis
2626 5167 2777 5223 dolet
2829 5164 3111 5221 audiens:
3177 5161 3463 5219 Maledicta
3511 5171 3589 5218 est

2002 5272 2166 5328 terra,
2199 5262 2310 5317 hoc
2340 5269 2446 5328 est,
2474 5269 2699 5315 terrena
2731 5269 2824 5314 tua
2876 5258 3009 5323 vita,
3063 5256 3207 5327 apud
3235 5254 3460 5311 Judaeos
3490 5255 3588 5325 qui

1994 5353 2077 5409 sic
2097 5352 2349 5424 judicant
2379 5352 2435 5407 in
2466 5350 2733 5422 operibus
2763 5348 2874 5404 tuis
2920 5346 3325 5405 ineii‘abilibus.
3359 5345 3591 5400 Maledi-

1996 5454 2148 5500 ctum
2202 5443 2350 5498 enim
2384 5442 2703 5497 nominatus
2730 5457 2792 5497 es
2848 5456 2878 5496 a
2914 5441 3066 5497 Mose
3110 5441 3334 5495 dicente
3369 5456 3384 5492 :
3423 5435 3594 5492 Male-

1995 5539 2164 5591 dictus
2195 5547 2269 5590 est
2286 5536 2456 5590 omnis
2492 5536 2582 5605 qui
2634 5534 2825 5605 pendet
2867 5535 2925 5590 in
2974 5534 3119 5606 ligno
3156 5533 3227 5587 ⁷⁸.
3265 5531 3336 5586 Et
3364 5529 3539 5585 Judaei
3573 5546 3589 5583 :

2000 5627 2102 5682 Iste
2134 5628 2286 5682 homo
2346 5634 2421 5680 est
2470 5624 2801 5689 maledictus,
2852 5627 3105 5697 quoniam
3157 5620 3447 5679 Sabbatum
3483 5636 3588 5673 non

1943 5844 1993 5892 γ,
2018 5826 2105 5881 39.
2176 5827 2421 5883 "lTim.
2451 5845 2509 5895 ιι,
2546 5830 2627 5884 Η.
2683 5828 2726 5860 ⁷⁷
2759 5829 2858 5883 lsa.
2893 5844 2999 5891 tm,
3034 5827 3140 5881 1-3.
3216 5825 3261 5859 ’⁸
3294 5825 3450 5880 Deut.
3478 5838 3588 5889 ut,
