4080 6546
606 362 740 429 1οἲ3

601 469 825 534 custodit
870 483 935 536 ⁷³,
968 481 1032 539 In
1063 482 1328 538 doloribus
1365 485 1538 556 ipsam
1595 490 1764 562 920
1787 496 2022 551 comedes
2046 514 2064 552 :
2091 500 2176 554 vi-

598 573 821 636 delicet,
861 573 984 629 sine
1018 585 1244 643 peccato
1270 577 1439 632 vives.
1484 578 1540 633 Si
1577 582 1727 635 enim
1780 583 1997 640 viveres
2054 604 2180 643 cum

600 672 846 731 peccato,
879 664 1118 719 mundus
1168 674 1219 719 te
1274 680 1535 739 tanquam
1577 672 1863 742 proprium
1896 675 2176 748 diligeret,

596 766 653 810 et
671 772 779 809 non
805 757 1057 812 molestia
1096 757 1358 813 afficeret.

668 847 793 903 Htec
811 858 996 904 autem
1037 852 1199 906 nobis
1224 853 1578 912 audientibus
1622 859 1691 913 ab
1730 860 1851 931 ipso
1897 861 2012 918 Deo
2042 880 2177 921 con-

595 936 813 1004 donari,
856 942 1238 1010 reputavimus
1259 961 1385 999 eum
1404 963 1524 1003 esse
1565 949 1825 1009 inlabere
1845 964 1899 1009 et
1919 956 2075 1027 plaga
2119 967 2177 1014 et

596 1028 651 1083 in
704 1031 1021 1099 afﬂictione,
1069 1045 1331 1103 tanquam
1385 1039 1478 1108 qui
1534 1056 1749 1110 poenam
1801 1045 2071 1102 subiisset
2120 1058 2178 1104 et

594 1129 827 1177 ntortem
870 1138 970 1192 pro
996 1126 1113 1180 suis
1139 1129 1398 1197 peccatis.
1436 1129 1554 1201 Ipse
1591 1144 1770 1188 autem
1811 1137 1933 1207 fuit,
1971 1141 2173 1210 inquit,

591 1212 901 1270 vulneratus
927 1226 1139 1289 propter
1169 1220 1477 1291 iniquitates
1502 1234 1732 1292 nostras,
1756 1244 1957 1300 nempe
1976 1248 2171 1289 eorum

589 1305 685 1373 qui
710 1321 902 1361 sumus
920 1324 987 1363 ex
1020 1310 1249 1367 muliere
1268 1312 1533 1379 Ecclesia,
1560 1326 1608 1369 et
1652 1323 1929 1388 tegrotavit
1959 1334 2175 1394 propter

589 1409 802 1466 peccata
836 1410 1039 1458 nostra.
1068 1401 1357 1473 Disciplina
1378 1408 1519 1476 pacis
1539 1408 1682 1464 nobis
1708 1428 1866 1483 super
1884 1414 2087 1483 ipsum;
2112 1416 2175 1471 li-

583 1484 709 1543 hore
732 1491 845 1561 ejus
873 1509 965 1546 nos
980 1495 1159 1547 sanati
1182 1511 1384 1549 sumus.
1405 1495 1523 1567 Ipse
1540 1501 1677 1553 enim
1698 1504 1927 1571 portavit
1957 1515 2172 1574 peccata

587 1582 899 1647 multorum,
934 1594 983 1638 et
1012 1597 1228 1658 prapter
1250 1598 1465 1658 peccata
1500 1600 1685 1647 nostra
1726 1595 1828 1663 fuit
1851 1599 2081 1653 traditus
2099 1600 2168 1655 ⁸⁸.

587 1673 770 1731 llabes
796 1675 1094 1746 perfectam
1134 1688 1191 1734 et
1227 1681 1575 1738 manifestam
1616 1689 2065 1756 supputationem
2116 1702 2172 1748 et

584 1765 1116 1823 demonstrationem
1151 1770 1298 1838 quod
1319 1786 1418 1840 pro
1453 1774 1694 1841 peccatis
1714 1777 1964 1834 mulieris
2014 1781 2170 1837 audit

1819 384 1878 449 S.
1921 386 2324 455 ANASTASII
2362 393 2688 463 ΞΙΝΑῙΤιΕ

3725 410 3845 480 1οΜ

2209 513 2249 568 Α
2278 520 2511 565 secretus
2532 523 2607 566 est
2629 514 2885 571 Dominus
2906 516 3098 572 Deus"
3129 536 3357 592 :nempe
3382 522 3436 577 in
3463 539 3620 593 poena
3647 526 3844 587 Adami.

2283 599 2519 669 Egresso
2538 604 2760 673 quidem
2787 615 2936 662 certe
2960 609 3076 664 Noe
3106 618 3162 664 et
3190 609 3318 665 filiis
3352 614 3474 683 ejus
3498 630 3563 669 ex
3586 631 3715 670 arca
3740 631 3848 687 post

2283 692 2575 759 diluvium,
2616 698 2698 751 eis
2752 702 3091 768 apertiorem
3127 703 3484 760 confirmavit
3513 707 3847 767 benedictio-

2282 800 2407 840 nem
2459 803 2566 857 qua
2601 790 2885 846 benedixit
2922 796 3316 865 protoplastos,
3353 806 3410 853 et
3452 810 3641 868 postea
3676 802 3845 858 dixit:

2280 877 2532 948 Cogitans
2571 892 2677 933 non
2711 881 2968 959 adiiciant
3007 885 3238 955 amplius
3266 891 3529 943 exsecrari
3559 900 3762 945 terram
3788 895 3845 948 ⁸⁸.

2280 969 2360 1023 Tu
2392 981 2576 1026 autem
2602 987 2728 1027 cum
2756 974 3000 1032 audieris
3019 979 3167 1047 quod
3199 994 3377 1050 usque
3418 980 3484 1036 ad
3510 998 3697 1037 arcam
3734 988 3849 1041 uni.

2277 1077 2437 1119 versa
2468 1071 2615 1119 terra
2646 1065 2751 1122 fuit
2806 1069 2911 1124 sub
2949 1072 3267 1137 maledicto,
3312 1074 3452 1129 nihil
3508 1076 3665 1131 aliud
3700 1088 3849 1148 putes

2277 1170 2400 1211 esse
2455 1157 2561 1211 nisi
2618 1158 2832 1215 Christi
2860 1162 3189 1227 Ecclesium,
3253 1165 3308 1219 in
3355 1182 3466 1236 qua
3503 1168 3847 1224 confirmavit

2276 1244 2444 1302 etiam
2499 1250 2646 1307 Deus
2695 1260 2752 1307 et
2808 1254 3098 1309 renovavit
3152 1265 3399 1311 veterem
3451 1257 3702 1312 hominis
3762 1259 3847 1314 be.-

2277 1338 2691 1405 nedictionem,
2750 1343 3018 1412 quoniam
3091 1354 3219 1415 post
3282 1345 3556 1401 diluvium
3640 1347 3699 1402 in
3760 1349 3849 1402 in-

2273 1432 2648 1489 numerabiles
2703 1433 3030 1493 afllictiones
3097 1446 3154 1493 et
3208 1439 3604 1509 castigationes
3662 1457 3693 1495 a
3750 1441 3849 1497 Deo

2273 1524 2432 1592 pulsa
2488 1524 2694 1580 cecidit
2748 1527 3041 1583 hominum
3105 1538 3303 1585 natura
3374 1532 3462 1586 cui
3523 1532 3848 1587 dominaba-
3938 1526 3943 1533 ’

2275 1622 2365 1668 tur
2412 1613 2687 1685 impietas.
2711 1616 2788 1671 Ex
2811 1617 2917 1672 hac
2950 1633 3081 1673 vero
3099 1619 3262 1676 nobis
3283 1622 3569 1691 proposita
3614 1621 3712 1675 Dei
3733 1635 3847 1676 cum

2272 1704 2483 1763 Adamo
2535 1708 2925 1776 collocutione,
2968 1725 3073 1765 nos
3116 1710 3383 1766 docemur
3438 1712 3619 1766 multo
3681 1712 3846 1783 magis

2272 1800 2638 1869 spiritualiter
2656 1802 2850 1858 audire
2879 1811 2935 1859 et
2972 1803 3282 1875 intelligere
3335 1820 3458 1874 quae
3490 1804 3759 1859 dicuntur
3784 1806 3844 1859 de

582 1856 755 1912 Adam
787 1859 971 1914 omnia
993 1876 1118 1930 qua:
1142 1871 1271 1916 sunt
1301 1863 1355 1917 in
1384 1880 1546 1934 poena
1587 1870 1897 1938 proposita,
1929 1888 2056 1927 cum
2094 1875 2154 1929 sil

2271 1856 2523 1959 paradiso
2547 1900 2602 1946 et
2628 1892 2795 1964 lignis
2854 1902 2911 1948 et
2939 1893 3125 1949 fructu
3154 1856 3625 1964 oquemjcomedit
3656 1896 3844 1951 mulier

583 1950 701 2020 ipse
725 1951 843 2012 sine
866 1962 1092 2022 peccato
1132 1954 1188 2009 in
1214 1962 1402 2026 typum
1430 1956 1658 2014 Christi.
1683 1960 1803 2016 Jam
1850 1962 2166 2032 videamus,

580 2044 628 2099 si
676 2043 960 2111 videatur,
987 2047 1453 2116 quemadmodum
1475 2052 1642 2106 etiam
1684 2053 1802 2125 ipsa
1822 2057 1971 2112 nuda
2001 2061 2167 2117 verba

580 2152 758 2206 poenae
787 2154 910 2209 quae
935 2139 1218 2208 dicuntur,
1244 2143 1456 2198 nullam
1480 2144 1722 2203 habeant
1756 2150 1853 2204 Dei
1890 2154 2036 2222 apud
2067 2154 2168 2209 ho-

579 2228 760 2285 mines
789 2231 1225 2287 exsecrationem
1254 2248 1354 2289 seu
1381 2235 1848 2294 maledictionem.
1872 2241 1993 2297 Non
2017 2244 2164 2299 enim

578 2317 718 2373 dixit
752 2318 804 2373 ei
846 2318 991 2375 sicut
1050 2321 1293 2390 serpenti
1328 2331 1385 2377 et
1423 2322 1595 2378 Caino
1644 2324 2002 2382 :Maledictus
2068 2337 2165 2397 tu;

577 2408 672 2463 sed
693 2408 978 2465 Maledicta
1003 2419 1146 2466 terra
1176 2412 1233 2466 in
1253 2413 1494 2484 operibus
1521 2416 1646 2469 tuis.
1696 2415 1761 2471 In
1784 2420 2049 2489 operibus,
2072 2421 2161 2478 in-

575 2501 716 2570 quit,
778 2503 902 2569 tuis,
936 2518 1060 2573 quae
1092 2518 1153 2559 es
1207 2512 1637 2574 compacturus:
1670 2515 1875 2564 terram
1914 2511 2158 2569 adorans

573 2604 631 2651 et
660 2596 946 2666 lapideset
966 2603 1174 2652 statuas
1203 2605 1261 2652 et
1288 2598 1408 2669 ejus
1464 2614 1636 2669 aquas
1690 2608 1747 2655 et
1772 2600 1956 2672 ignem
2016 2606 2160 2676 ejus,

574 2697 633 2743 tu
676 2704 799 2744 eam
834 2687 1003 2743 facies
1063 2687 1436 2745 maledictam.
1496 2689 1564 2745 In
1612 2690 1879 2748 doloribus
1924 2696 2161 2753 comedes

574 2798 716 2846 eam,
748 2795 837 2836 me
889 2780 1187 2838 inducente
1218 2782 1530 2838 siccitatem
1585 2792 1643 2839 et
1688 2785 2063 2855 sterilitatem,
2106 2799 2163 2845 et

572 2889 717 2942 saepe
747 2873 946 2928 famem
966 2872 1033 2928 ad
1066 2881 1216 2929 tuam
1237 2875 1661 2946 castigationem
1692 2887 1748 2937 et
1779 2878 2158 2951 afﬂictionem,

570 2964 847 3034 quomodo
876 2964 1045 3020 etiam
1100 2965 1213 3022 dixi
1241 2967 1464 3023 mulieri
1495 2986 1509 3023 :
1557 2969 1922 3042 Multiplicabo
1948 2973 2158 3029 dolores

570 3066 687 3110 tuos
721 3063 769 3109 et
798 3058 1023 3127 gemitus
1055 3065 1169 3113 tuos
1204 3075 1222 3113 :
1251 3059 1432 3130 spinas
1462 3069 1511 3115 et
1534 3062 1759 3117 tribulos
1785 3065 2038 3134 producet
2063 3068 2156 3122 tibi

570 3159 737 3214 terra,
779 3158 827 3203 et
861 3150 1099 3205 comedes
1156 3151 1369 3206 herbam
1405 3155 1543 3225 agri,
1578 3162 1771 3227 utpote
1800 3159 1949 3229 quod
2006 3167 2155 3216 terra

566 3241 640 3296 sit
671 3241 877 3297 inculta
910 3252 967 3298 et
1003 3243 1222 3299 deserta
1248 3221 1478 3316 propter
1502 3221 1909 3307 siccitatem-et
1942 3253 2155 3309 sterili-
2183 3221 2228 3283 δ

568 3339 757 3388 tatem.
787 3333 853 3388 In
871 3334 1063 3389 sudore
1089 3344 1140 3389 et
1174 3334 1354 3392 labore
1379 3338 1554 3394 vultus
1587 3342 1663 3395 tui
1692 3344 1925 3399 romedes
1962 3360 2154 3401 rarum

564 3434 622 3480 et
647 3424 905 3497 exiguum
933 3443 1127 3497 panem
1156 3435 1331 3496 tuum,
1361 3431 1522 3487 donec
1557 3436 1840 3490 revertaris
1862 3437 1919 3490 in
1953 3445 2153 3495 terram

565 3535 631 3573 ea:
653 3533 759 3589 qua
787 3529 1027 3591 sumptus
1057 3537 1145 3589 es,
1188 3523 1443 3594 quoniam
1489 3532 1637 3581 terra
1684 3543 1736 3581 es
1768 3536 1818 3582 et
1862 3510 1929 3584 ini
1949 3516 2152 3587 terram

564 3612 861 3666 reverteris.
910 3611 1038 3668 Haae
1076 3614 1301 3685 quidem
1365 3625 1452 3673 est
1501 3620 1901 3676 convenienter
1950 3622 2151 3679 litterae

560 3704 961 3774 contemplatio
983 3720 1178 3762 eorum
1207 3723 1330 3778 qua:
1355 3718 1488 3765 sunt
1514 3713 1820 3781 proposita.
1844 3714 1979 3769 Nam
2005 3716 2151 3772 sicut

562 3796 758 3851 dicunt
777 3796 1211 3870 historiographi
1237 3801 1531 3858 mundanae
1553 3804 1749 3874 prisca:
1771 3808 2106 3865 narrationis
2130 3826 2144 3866 :

560 3888 815 3957 dolores,
865 3890 1059 3958 fames,
1094 3893 1394 3962 siccitates,
1429 3897 1675 3967 penuriae
1708 3907 1766 3955 et
1798 3901 2143 3969 sterilitates,

556 3983 971 4053 persuadebant
1018 3986 1127 4043 illis
1174 3988 1419 4059 antiquis
1456 4001 1517 4047 ut
1572 4002 1998 4049 exsecrarentur
2029 4001 2144 4051 ter-

557 4090 696 4129 ram.
745 4074 902 4132 Unde
955 4078 1123 4133 etiam
1163 4079 1305 4136 fame
1354 4093 1672 4152 pereuntes,
1717 4084 1979 4142 dicebant
2022 4103 2144 4144 esse

554 4178 761 4223 terram
786 4184 818 4223 a
848 4168 962 4223 Deo
1008 4170 1358 4227 maledictam
1398 4189 1413 4228 :
1441 4177 1722 4245 quomodo
1750 4178 1919 4234 etiam
1965 4179 2141 4237 bene-

552 4261 781 4326 dictam,
811 4277 937 4317 cum
965 4263 1216 4318 cernitur
1252 4264 1474 4331 fertilis,
1503 4283 1625 4323 eam
1655 4271 1909 4326 nominat
1960 4272 2142 4328 homi-

551 4368 685 4407 num
714 4353 1081 4408 consuetudo.
1110 4354 1218 4410 Sed
1243 4370 1424 4427 neque
1449 4358 1681 4414 sationis
1703 4368 1824 4415 erat
1857 4362 2004 4431 apud
2037 4378 2137 4418 eos

548 4447 736 4517 aliqua
764 4446 1129 4518 experientia.
1170 4450 1374 4505 Dicunt
1413 4452 1563 4508 enim
1619 4472 1815 4512 rursus
1854 4458 2132 4521 historici,

2267 1988 2324 2036 et
2354 1982 2540 2038 homo.
2576 1983 2711 2038 Nam
2739 2001 2864 2039 cum
2895 1984 3011 2039 illic
3030 1984 3264 2042 dixisset
3298 1986 3446 2042 Deus
3477 2004 3490 2040 :
3517 1986 3637 2052 Quo
3679 1998 3846 2043 autem

2268 2075 2351 2129 die
2379 2091 2442 2129 ex
2470 2092 2529 2129 eo
2555 2077 2812 2143 comedes,
2837 2087 3004 2133 morte
3028 2081 3269 2135 morieris
3300 2097 3318 2135 :
3341 2081 3624 2151 quomodo
3651 2081 3759 2137 hoc
3796 2083 3845 2138 in

2265 2168 2445 2239 pcenis
2472 2184 2580 2224 non
2616 2170 2793 2225 solum
2831 2171 2917 2228 eis
2964 2174 3210 2237 sustulit,
3264 2174 3362 2230 sed
3406 2175 3489 2230 eis
3538 2174 3637 2229 dat
3688 2175 3844 2229 vitam

2266 2262 2566 2317 multorum
2593 2279 2892 2329 annorum,
2918 2264 3142 2321 mulieri
3173 2265 3397 2336 quidem
3418 2266 3619 2323 dicens
3648 2283 3766 2322 eam
3796 2267 3845 2322 in

2264 2352 2552 2409 doloribus
2576 2355 2720 2411 filios
2744 2357 3074 2426 parituram,
3106 2358 3317 2414 Adamo
3354 2369 3562 2426 autem,
3607 2359 3675 2414 In
3711 2359 3847 2414 dole-

2264 2446 2406 2501 ribus
2437 2447 2671 2503 comedes
2704 2457 2907 2504 terram
2954 2451 3192 2506 omnibus
3221 2452 3400 2506 diebus
3425 2455 3544 2508 vitte
3590 2464 3720 2508 tute.
3747 2452 3843 2519 Qui

2264 2549 2581 2596 autemnon
2620 2542 3040 2608 convenienter,
3095 2544 3258 2600 nobis
3297 2543 3592 2609 ineffabili,
3633 2546 3841 2601 cuidam

2264 2631 2361 2686 Dei
2378 2631 2778 2703 dispensationi
2797 2633 3112 2706 intelligunt
3129 2635 3497 2706 spiritualiter
3524 2636 3716 2691 omnia
3731 2653 3844 2706 qua:

2261 2724 2526 2781 dicuntur
2574 2726 2644 2782 de
2696 2727 2956 2798 paradiso
3000 2736 3326 2800 :coguntur
3382 2729 3613 2784 omnino
3671 2729 3843 2783 facere

2262 2825 2573 2886 serpentem
2598 2828 2884 2874 auctorem
2908 2829 2965 2874 et
2993 2820 3411 2876 conciliatorem
3439 2830 3496 2876 et
3522 2820 3842 2876 eﬁ‘ectorem

2261 2909 2538 2964 universa:
2575 2918 2779 2965 nostras
2806 2910 3094 2966 hominum
3124 2912 3519 2983 generationis,
3555 2920 3615 2967 et
3656 2913 3841 2967 mundi

2259 3000 2695 3066 constitutionis,
2730 3017 2829 3072 per
2852 3002 3042 3058 datum
3098 3004 3320 3060 mulieri
3374 3005 3702 3060 consilium.
3738 3004 3839 3060 Sed

2257 3106 2369 3145 non
2393 3091 2469 3147 ita
2492 3090 2654 3147 docet
2680 3091 2888 3149 chorus
2919 3103 3237 3150 sanctorum
3266 3096 3494 3152 Patrum
3529 3114 3543 3151 :
3575 3097 3678 3152 sed
3699 3098 3837 3168 quod

2258 3185 2428 3239 etiam
2458 3184 2668 3255 absque
2717 3195 2980 3257 serpente
3004 3196 3060 3243 et
3089 3188 3239 3259 ligno
3265 3195 3322 3244 et
3347 3189 3498 3253 cibo,
3531 3205 3599 3243 ex
3634 3191 3729 3244 illa
3758 3190 3838 3244 di-

2256 3276 2385 3331 vina
2414 3289 2552 3333 voce
2577 3293 2702 3347 qua:
2749 3277 2900 3333 dicta
2923 3286 3012 3333 est
3056 3279 3415 3349 protoplastis
3448 3297 3463 3334 :
3499 3279 3756 3345 Crescite,
3795 3287 3840 3332 et

2256 3366 2709 3439 multiplicamini,
2742 3375 2792 3422 et
2841 3367 3037 3439 replete
3067 3377 3305 3437 terram;
3334 3369 3588 3425 futurum
3626 3379 3751 3426 erat
3784 3378 3839 3424 ut

2255 3461 2587 3518 consisteret
2612 3478 2787 3534 genus
2820 3463 3126 3517 humanum
3152 3478 3254 3533 per
3298 3464 3579 3518 carnalem
3611 3478 3838 3533 genera-

2254 3550 2461 3607 tionem
2491 3551 2838 3608 dissimiliter
2862 3568 3025 3623 quam
3064 3552 3237 3608 creati
3263 3561 3425 3608 erant
3469 3552 3675 3621 angeli.
3710 3553 3836 3607 Pro-

2257 3644 2346 3699 cul
2380 3644 2528 3700 enim
2562 3659 2592 3699 a
2623 3644 2788 3700 nobis
2814 3644 3039 3700 recedat
3066 3642 3353 3715 Origenes,
3410 3652 3466 3698 et
3501 3651 3698 3716 mystae
3722 3642 3839 3699 Ori-

2251 3734 2427 3807 genis,
2456 3734 2671 3791 animas
2720 3742 2942 3791 nostras
2968 3735 3126 3805 prius
3158 3748 3283 3790 esse
3326 3733 3543 3789 visione
3586 3733 3835 3788 fabulose

2250 3827 2759 3898 apprehendentes.
2789 3827 2927 3882 Nam
2958 3842 3085 3883 cum
3126 3826 3218 3881 ille
3248 3836 3412 3882 natus
3440 3834 3614 3889 esset,
3644 3834 3705 3882 et
3742 3842 3835 3881 ex-

2248 3922 2500 3987 stitisset,
2529 3928 2585 3976 et
2607 3920 2674 3976 ad
2720 3920 3088 3985 identitatem,
3124 3926 3186 3973 ut
3218 3917 3294 3973 ita
3329 3918 3535 3983 dicam,
3592 3920 3833 3973 venisset

2247 4031 2373 4071 cum
2419 4013 2606 4069 tunica
2638 4013 2868 4083 pellicea
2907 4030 2921 4067 :
2956 4011 3149 4069 nescio
3188 4009 3337 4065 unde
3366 4018 3556 4065 motus
3596 4019 3656 4065 et
3691 4010 3832 4065 unde

2246 4103 2353 4159 hoc
2396 4113 2614 4169 nactus,
2640 4103 2837 4174 dogma
2891 4100 3202 4165 constituit,
3238 4098 3511 4154 Adamum
3550 4108 3608 4155 et
3649 4099 3815 4155 Evam

2244 4194 2417 4250 fuisse
2448 4195 2599 4266 (ante
2637 4195 2875 4264 tunicas)
2904 4193 3085 4249 nudas
3139 4200 3353 4247 mentes
3418 4192 3476 4246 in
3506 4208 3652 4261 quas
3682 4191 3828 4245 nullo

2243 4284 2407 4339 modo
2433 4284 2658 4341 caderet
2681 4285 2964 4349 interitus,
3003 4292 3060 4339 et
3086 4300 3208 4355 qua:
3244 4299 3357 4338 non
3388 4293 3577 4339 essent
3604 4298 3830 4353 capaces

2242 4377 2439 4431 mortis
2484 4385 2541 4431 et
2584 4375 2763 4432 fluxus
2797 4386 2853 4430 et
2883 4375 2994 4431 cibi
3025 4383 3081 4430 et
3116 4383 3281 4445 potus
3312 4383 3368 4430 et
3402 4374 3607 4429 somni.
3663 4375 3828 4441 Cujus

2239 4465 2613 4537 prodigiosam
2650 4466 2920 4520 insaniam
2956 4475 3210 4521 evertens
3241 4464 3696 4535 sapientissimus
3719 4465 3820 4520 Me-

546 4538 698 4609 quod
731 4539 946 4609 primus
1004 4540 1284 4597 Abraham
1322 4543 1585 4601 frumenti
1622 4562 1811 4603 semen
1868 4566 1967 4619 per
2010 4566 2135 4606 ara-
2166 4567 2210 4622 D
2242 4557 2486 4622 thodius,
2524 4574 2632 4612 non
2667 4573 2829 4612 unam
2876 4567 2971 4611 aut
3029 4558 3281 4621 alteram,
3317 4557 3415 4612 sed
3450 4558 3623 4613 etiam
3680 4557 3823 4613 deci-

548 4642 693 4685 trum
724 4632 1018 4688 seminavit
1050 4632 1108 4688 in
1132 4642 1278 4689 terra
1313 4652 1327 4689 :
1362 4634 1543 4695 nobis.
1572 4645 1633 4692 ut
1662 4640 1884 4709 opinor,
1917 4642 2131 4713 signiﬁ-

544 4739 675 4779 cans
705 4723 1019 4794 patriarcha
1048 4739 1152 4795 per
1187 4725 1520 4796 exemplum,
1552 4728 1701 4797 quod
1735 4744 1802 4784 ex
1853 4731 1976 4802 ejus
2046 4748 2134 4787 se-

543 4817 693 4873 mine
723 4817 1004 4873 videbitur
1034 4817 1278 4874 caelestis
1310 4819 1471 4889 panis
1497 4818 1752 4877 Christus
1777 4822 1830 4877 in
1864 4832 2010 4880 terra
2058 4826 2127 4881 ad

541 4926 700 4965 esum
722 4918 780 4965 et
794 4910 1030 4966 salutem
1055 4911 1364 4976 hominum,
1386 4912 1608 4982 quando
1627 4923 1771 4969 terra
1795 4917 2128 4972 Abrahami-

539 5016 619 5056 eae
646 5000 831 5059 Maria:
857 5003 1109 5073 Deipara:
1125 5003 1368 5074 pluviam
1395 5006 1636 5075 excipiet
1677 5008 1981 5064 caelestem.
2016 5009 2127 5067 Te-

542 5099 721 5147 statur
753 5102 938 5149 autem
960 5095 1199 5153 Lamech
1222 5114 1444 5169 quoque
1482 5108 1637 5168 pater
1668 5100 1804 5165 Noe,
1846 5102 1993 5172 quod
2016 5119 2126 5159 non

540 5185 824 5241 hominem
862 5188 1010 5245 Deus
1044 5200 1129 5248 est
1154 5198 1492 5255 exsecratus,
1521 5191 1617 5247 sed
1646 5191 1870 5257 famem,
1905 5205 1966 5251 ut
1990 5195 2127 5261 dixi,

538 5284 598 5329 et
632 5278 985 5346 corporalem
1021 5279 1377 5334 afllictionem
1414 5287 1544 5335 tunc
1575 5281 1764 5337 intulit
1815 5283 1927 5339 illis
1957 5301 2128 5356 gene-

540 5365 877 5421 rationibus.
908 5368 1044 5422 Nam
1078 5382 1207 5423 cum
1239 5369 1356 5439 ipse
1380 5382 1699 5442 generasset
1726 5372 1923 5440 filium,
1950 5375 2085 5432 dicit
2112 5396 2125 5430 :

538 5458 843 5516 Nominavit
864 5477 1051 5515 nomen
1080 5462 1196 5532 ejus
1217 5461 1349 5529 Noe,
1381 5466 1517 5536 quod
1542 5467 1926 5537 interpretatur
1950 5467 2127 5537 Quies,

539 5551 718 5609 dicens
756 5569 775 5608 :
799 5550 979 5607 Faciet
1012 5552 1111 5608 nos
1148 5555 1412 5625 quiescere
1449 5556 1513 5611 ab
1548 5558 1793 5628 aperibus
1828 5562 2046 5629 nostris,
2076 5569 2126 5616 et

542 5642 806 5701 laboribus
832 5663 1089 5715 manuum
1139 5634 1465 5716 nostrarum,
1502 5660 1550 5704 et
1578 5670 1611 5706 a
1646 5662 1790 5707 terra
1841 5672 2003 5725 quam
2034 5671 2126 5709 ca:-

2240 4663 2385 4701 mam
2402 4647 2563 4702 nobis
2586 4646 2749 4701 affert
2772 4646 3071 4715 Scriptura:
3086 4647 3498 4716 probationem,
3516 4646 3817 4701 ostenden-

2241 4744 2350 4790 tem
2397 4734 2545 4805 quod
2603 4736 2748 4791 Deus
2800 4735 2867 4790 ab
2898 4735 3057 4789 initio
3116 4750 3245 4790 vere
3284 4736 3417 4790 fecit
3468 4736 3755 4791 hominem
3790 4750 3819 4790 a

2239 4834 2384 4882 terra
2420 4825 2666 4897 genitum
2697 4834 2752 4880 et
2781 4832 3121 4891 terrestrem,
3143 4825 3421 4895 quomodo
3457 4826 3627 4880 etiam
3656 4825 3815 4880 nobis

2237 4918 2487 4987 loquitur
2514 4932 2614 4987 per
2640 4933 2703 4972 os
2730 4918 2908 4981 Pauli,
2934 4918 3127 4974 dicens
3154 4936 3167 4971 :
3199 4918 3410 4973 Primus
3432 4917 3608 4972 Adam
3626 4935 3653 4971 e
3678 4927 3819 4971 terra

2238 5011 2534 5075 terrestris;
2558 5009 2800 5079 primum
2858 5010 3005 5065 enim
3052 5019 3138 5066 est
3179 5019 3444 5067 terrestre
3465 5051 3479 5075 ,
3508 5010 3710 5065 deinde
3730 5024 3821 5081 per

2235 5102 2515 5159 Christum
2550 5103 2872 5173 spiritualc:
2903 5112 2963 5157 ut
2987 5105 3124 5158 sicut
3158 5106 3487 5176 portavimus
3533 5105 3820 5175 imaginem

2236 5199 2523 5261 terrestris,
2588 5205 2854 5267 portemus
2911 5198 3076 5250 etiam
3140 5198 3430 5269 imaginem
3484 5194 3708 5250 caelestis
3750 5196 3816 5247 ⁸⁸.

2236 5288 2371 5343 Nam
2424 5289 2469 5343 si
2505 5303 2606 5359 per
2663 5288 3121 5352 iuobedientiam,
3151 5288 3355 5359 inquit,
3416 5287 3607 5357 lapsus
3656 5287 3817 5341 homo

2234 5378 2338 5433 fuit
2366 5386 2771 5434 transmutatus
2823 5389 2879 5434 et
2914 5379 2969 5433 in
3000 5380 3243 5435 essentia
3278 5379 3549 5433 alteratus
3604 5377 3687 5449 (ut
3722 5376 3815 5448 qui

2231 5471 2382 5526 aliud
2424 5472 2493 5526 ab
2543 5472 2652 5526 alio
2692 5489 2895 5544 corpus
2931 5474 3149 5528 exuerit
3205 5482 3262 5529 et
3293 5472 3586 5544 induerit),
3640 5473 3695 5527 in
3752 5486 3817 5526 eo

2229 5563 2333 5619 fuit
2363 5581 2392 5619 a
2423 5565 2535 5619 Deo
2558 5563 2791 5623 affectus
2823 5564 3023 5636 injuria
3059 5583 3073 5616 :
3102 5565 3400 5635 oportebat
3423 5565 3568 5619 enim
3606 5564 3811 5619 datmoc

2232 5672 2329 5711 nes
2385 5671 2608 5727 quoque
2650 5657 2745 5727 qui
2790 5658 2955 5729 longe
3001 5659 3127 5729 plus
3164 5656 3534 5728 deliquerant,
3570 5657 3675 5712 hoc
3705 5652 3812 5726 pati

610 5824 654 5858 "
691 5826 847 5885 Joan.
884 5832 1050 5897 tx,l6.
1130 5833 1173 5861 ’θ’
1212 5832 1314 5889 lsa.
1358 5849 1466 5899 LIII,
1497 5833 1549 5899 5,
1587 5833 1667 5888 l2.
1745 5834 1785 5866 ‘“
1815 5835 1950 5891 Gen.
1981 5837 2139 5904 v,‘29.
2219 5838 2263 5870 θ’
2299 5837 2529 5907 Genux,
2557 5838 2646 5894 2i.
2708 5840 2753 5872 "
2783 5839 2952 5897 lCor.
2979 5856 3068 5907 xv,
3097 5839 3181 5895 47.
