4080 6590
328 390 463 464 1015

1411 395 1495 457 ΙΝ
1526 389 2086 456 ἨΕΧΑΕΜΕΒΟΝ.
2122 413 2194 455 -τ
2221 389 2367 450 LIB.
2407 390 2513 451 ΧΙ.

3463 392 3601 455 1046

321 521 450 565 ante
480 506 802 575 hominem;
837 515 895 562 et
927 520 995 561 ex
1020 513 1219 560 natura
1256 504 1551 560 immortali
1575 510 1911 575 experthue
1940 508 1987 565 Α
2017 508 2185 554 tatem
2208 516 2226 552 :
2258 507 2356 554 aut
2382 499 2429 554 si
2465 512 2659 555 rursus
2681 498 2927 572 tetigerit
2960 499 3015 556 id
3043 500 3191 573 quod
3212 512 3296 559 est
3317 502 3595 579 deterius,

322 600 569 655 materiae
608 607 665 653 et
700 598 755 652 in
786 612 951 668 quam
984 612 1093 652 non
1132 596 1282 653 cadit
1311 596 1568 651 interitus
1596 614 1610 663 ;
1646 594 1910 650 inducere

321 708 558 764 corpora
580 691 840 745 mortalia
865 699 923 746 et
948 690 1094 745 ﬂuxa
1122 698 1180 745 et
1205 690 1263 744 in
1288 704 1411 760 quae
1443 689 1668 744 caderet
1712 684 1909 741 interi-

323 793 438 839 tus.
473 783 793 839 Secundum
823 798 1021 838 rursus
1059 781 1195 836 dicit
1224 782 1408 846 Pater,
1442 779 1590 850 quod
1616 778 1910 834 diversitas

323 878 514 949 ﬁgurae
541 876 870 946 genitalium
914 873 1296 930 membrorum
1320 871 1516 927 Adami
1557 880 1614 927 et
1639 872 1786 936 Evae,
1819 884 1909 925 os-

323 969 506 1025 tendit
540 968 690 1038 quod
719 983 786 1023 ea
830 966 944 1022 illis
1000 966 1146 1021 facta
1173 966 1391 1020 fuerant
1446 965 1813 1019 instrumenta
1839 960 1910 1016 ad

321 1050 699 1133 procreandos
724 1071 781 1115 et
831 1057 1185 1115 seminandos
1211 1057 1373 1112 ﬁlios.
1429 1057 1702 1121 Tertium,
1759 1052 1909 1125 quod

319 1155 532 1210 dixerit
562 1154 848 1225 Scriptura
881 1152 1073 1208 statim
1107 1166 1236 1207 cum
1277 1150 1396 1221 ipsa
1435 1150 1717 1205 creatione
1757 1146 1911 1202 :Ma—

317 1247 526 1303 scului‘n
552 1257 601 1301 et
635 1247 889 1319 feminam
918 1246 1037 1316 fecit
1061 1261 1163 1299 eos.
1192 1245 1254 1299 ln
1282 1252 1479 1298 natura
1502 1242 1744 1297 increata
1767 1250 1824 1296 et
1850 1241 1910 1295 in

317 1353 491 1408 quam
540 1352 655 1391 non
689 1335 917 1391 caderet
966 1323 1250 1400 interitus,
1285 1332 1413 1404 quis
1459 1341 1582 1389 erat
1620 1347 1754 1386 usus
1787 1346 1909 1386 ma-

319 1431 467 1488 sculi
504 1439 561 1486 et
582 1429 845 1485 feminae?
886 1428 1178 1495 Quartum,
1223 1426 1375 1498 quod
1405 1441 1505 1497 per
1531 1424 1611 1481 eis
1639 1425 1843 1479 dictam
1876 1439 1910 1478 a

318 1525 437 1579 Deo
468 1521 921 1579 benedictionem
960 1537 973 1573 :
1004 1517 1253 1584 Crescite,
1287 1526 1337 1572 et
1378 1516 1830 1587 multiplicamini,
1860 1524 1909 1570 et

318 1612 523 1683 replete
551 1621 771 1676 terram,
798 1608 1116 1665 ostenditur
1138 1623 1332 1663 eorum
1365 1606 1605 1663 ﬁliorum
1653 1621 1909 1677 procrea-

319 1702 403 1758 tio
431 1718 528 1774 per
552 1711 733 1759 satum
758 1708 815 1757 et
841 1700 1121 1755 carnalem
1160 1708 1402 1770 partum.
1434 1698 1725 1766 Quintum,
1759 1697 1908 1769 quod

318 1803 453 1850 ante
476 1795 693 1865 lapsum
723 1794 870 1849 Deus
890 1791 1169 1847 mandarit
1196 1800 1258 1846 ut
1284 1790 1421 1862 ipsis
1466 1798 1523 1845 et
1544 1790 1816 1863 jumentis
1853 1796 1910 1845 et

318 1886 648 1941 volucribus
671 1885 987 1941 communis
1017 1892 1165 1940 esset
1186 1899 1318 1941 esus
1345 1883 1642 1940 seminum.
1680 1882 1907 1940 Sextum

322 1992 523 2033 rursus
566 1977 702 2033 dicit
746 1977 1009 2047 magister
1041 1993 1055 2031 :
1100 1976 1159 2032 Si
1201 1993 1355 2031 omne
1382 1976 1521 2048 quod
1548 1977 1716 2031 intrat
1744 1977 1800 2039 in
1828 1992 1907 2044 os,

319 2071 463 2124 endit
488 2072 544 2125 in
573 2087 834 2125 secessum
861 2070 1006 2136 ⁸⁸⁸⁸³,
1034 2079 1096 2126 ut
1119 2077 1204 2125 est
1236 2084 1339 2124 vox
1362 2068 1604 2135 Domini,
1632 2068 1751 2125 ﬁeri
1794 2085 1908 2124 non

320 2173 512 2233 posset
543 2170 605 2217 ut
633 2178 760 2218 eum
810 2163 916 2234 ipsi
949 2162 1320 2219 communiter
1357 2171 1547 2218 essent
1603 2161 1908 2234 participes

317 2270 452 2310 esus
475 2255 766 2319 seminum,
787 2254 883 2325 qui
902 2263 987 2311 est
1012 2256 1270 2327 proprius
1293 2253 1579 2326 iumentis,
1604 2270 1715 2310 non
1742 2254 1908 2309 etiam

325 2362 518 2417 parem
546 2356 603 2403 et
629 2347 699 2402 ab
731 2346 966 2403 interitu
993 2364 1107 2403 non
1137 2348 1307 2404 alieni
1334 2347 1544 2403 ferrent
1608 2348 1909 2403 necessita-

321 2449 456 2495 tem.
498 2438 808 2510 Septimum
832 2440 983 2511 quod
1017 2450 1072 2496 et
1094 2440 1274 2495 somni
1296 2456 1577 2507 excessus,
1611 2451 1667 2495 et
1695 2441 1908 2495 exeisio

322 2542 513 2598 costae,
545 2546 676 2587 sunt
703 2532 909 2588 indicia
943 2539 999 2588 et
1022 2541 1349 2604 argumenta
1387 2532 1574 2589 carnis
1602 2532 1908 2588 materialis

318 2634 378 2679 et
410 2639 441 2678 e
485 2633 631 2679 terra
675 2623 891 2694 genitae,
942 2632 1007 2678 ut
1048 2641 1171 2694 qua:
1197 2627 1382 2680 locum
1430 2641 1543 2681 non
1580 2626 1820 2681 habeant
1848 2624 1905 2679 in

322 2711 622 2767 immortali
664 2722 883 2769 natura.
912 2711 1201 2779 Octavum,
1226 2715 1273 2769 si
1307 2730 1505 2785 expers
1542 2716 1790 2771 materia:
1849 2724 1907 2771 et

322 2806 688 2875 incorporeus
727 2812 849 2860 erat
896 2805 1064 2860 homo
1103 2816 1233 2862 ante
1261 2807 1720 2873 inobedientiam,
1767 2823 1906 2878 quo-

318 2895 486 2950 modo
508 2895 645 2950 dicit
666 2894 735 2949 de
757 2904 911 2951 costa
941 2911 1008 2950 ex
1033 2912 1102 2952 eo
1133 2907 1354 2968 sumpta
1392 2916 1405 2953 :
1432 2897 1543 2953 Hoc
1568 2916 1709 2953 nunc
1750 2916 1806 2954 os
1840 2915 1905 2953 ea

316 2986 519 3040 ossibus
583 2987 733 3050 meis,
787 2995 836 3039 et
864 3003 990 3041 caro
1030 3004 1095 3041 ex
1142 3005 1302 3043 carne
1355 2991 1514 3044 mea?
1543 2991 1799 3057 Nonum,
1853 2993 1901 3048 si

318 3072 559 3128 Christus
591 3073 799 3128 dicitur
824 3076 1074 3145 primitiae
1098 3074 1145 3109 ⁸⁸
1171 3086 1219 3131 et
1259 3079 1637 3151 primogenitae
1660 3097 1725 3135 ea:
1754 3098 1900 3137 mor-

317 3166 424 3218 tuis
463 3167 508 3198 ⁸⁷
533 3174 619 3237 (ut
647 3167 743 3237 qui
780 3167 995 3238 primus
1028 3168 1244 3226 scilicet
1272 3172 1627 3228 suscitaverit
1668 3175 1902 3231 sanetis-

316 3255 523 3309 simum
551 3271 715 3311 suum
769 3272 971 3327 corpus
1023 3257 1093 3313 ab
1153 3258 1386 3315 interitu
1436 3261 1680 3316 alienum
1709 3269 1765 3317 et
1795 3262 1903 3317 im-

318 3347 597 3418 mortale),
627 3350 907 3418 quomodo
948 3347 1069 3403 ﬁeri
1101 3359 1285 3420 potest
1320 3361 1400 3419 ut,
1430 3362 1727 3423 antequam
1757 3364 1903 3410 esset

316 3440 745 3512 primogenitus,
776 3441 959 3497 factus
1002 3442 1076 3497 sit
1100 3442 1270 3499 homo
1322 3460 1354 3499 a
1405 3446 1518 3500 Deo
1549 3446 1604 3501 in
1650 3446 1903 3502 incorru-

318 3534 511 3604 ptione
534 3534 717 3589 carnis
747 3543 802 3589 et
826 3534 883 3587 in
910 3533 1367 3593 immortalitate?
1391 3539 1678 3594 Decimum
1713 3548 1900 3595 autem

315 3627 388 3682 ad
428 3628 577 3699 ipsos
626 3627 1164 3684 demonstrationem
1195 3630 1327 3686 facit
1379 3631 1473 3687 ille
1505 3632 1688 3700 Pater,
1751 3633 1901 3687 illam

316 3720 630 3777 Servatoris
676 3737 871 3778 vocem
911 3722 982 3778 ad
1038 3722 1373 3780 Sadducaeos
1413 3739 1535 3795 quae
1562 3725 1718 3791 dicit,
1750 3726 1900 3797 quod

316 3808 415 3878 qui
442 3808 592 3880 digni
616 3810 791 3866 habiti
826 3813 1038 3870 fuerint
1070 3812 1207 3868 illud
1257 3813 1521 3869 saeculum
1551 3814 1796 3884 assequi,
1843 3822 1901 3869 et

315 3897 469 3954 illam
528 3916 598 3956 ex
647 3905 886 3961 mortuis
958 3906 1448 3970 resurrectionem,
1486 3923 1652 3978 neque
1707 3925 1898 3965 uxores

312 3993 535 4059 ducunt,
568 4010 662 4049 nec
690 3997 1001 4065 nubunt”.
1047 3997 1241 4068 Neque
1294 3996 1443 4052 enim
1476 3999 1715 4067 amplius
1757 4001 1899 4058 mori

310 4095 572 4157 possunt.
602 4087 660 4143 Si
688 4103 822 4161 ergo
847 4106 959 4146 non
987 4098 1222 4161 possunt
1254 4090 1397 4145 mori
1425 4106 1552 4144 cum
1584 4092 1697 4146 sint
1731 4092 1787 4148 in
1814 4094 1901 4151 in-

309 4181 694 4251 corruptione,
723 4182 770 4237 si
806 4184 1034 4254 quidem
1077 4183 1361 4238 fabulatur
1410 4182 1697 4255 Origenes,
1753 4186 1901 4257 quod

309 4278 661 4349 resurgimus
690 4279 827 4335 tales
849 4286 1049 4336 natura
1064 4277 1337 4349 corporis,
1361 4277 1541 4350 qualis
1573 4286 1695 4334 erat
1724 4278 1899 4335 Adam

309 4380 442 4427 ante
466 4373 989 4444 transgressionem.

383 4462 493 4518 Sed
546 4464 907 4533 manifestum
935 4473 1020 4521 est
1063 4464 1359 4537 Origenem
1393 4481 1598 4537 negare
1646 4482 1901 4524 resurre-

2010 591 2171 661 921
2224 590 2527 661 perfectam
2559 591 2757 648 subeat
2785 602 3060 660 mortem;
3090 595 3240 664 quod
3289 596 3458 650 etiam
3516 599 3598 651 fa-

2011 695 2163 738 ctum
2184 691 2271 740 est
2297 683 2699 740 convenienter
2725 684 2847 740 voci
2880 700 3006 755 qua:
3031 685 3085 741 ei
3107 685 3247 741 dixit
3273 703 3287 739 :
3316 686 3480 742 Terra
3520 705 3597 752 es,

2012 785 2065 829 et
2094 779 2149 831 in
2174 785 2375 831 terram
2398 778 2699 832 reverteris.

2081 867 2191 924 Sed
2214 867 2283 923 de
2303 868 2407 923 hac
2438 867 2636 924 divina.
2657 868 2942 925 sententia
2981 868 3050 926 de
3082 878 3282 926 etetero
3317 869 3480 927 nobis
3502 885 3598 926 oc-

2010 961 2190 1017 currit
2221 962 2277 1015 in
2307 962 2602 1032 praesentia
2649 961 2951 1018 dicendum
2979 962 3245 1019 adversus
3298 962 3598 1019 Samarita-

2010 1066 2166 1106 num.
2205 1051 2358 1106 Hanc
2388 1051 2538 1107 enim
2564 1051 2729 1107 nobis
2750 1051 2995 1107 divinam
3016 1068 3210 1109 vocem
3236 1069 3444 1123 susque
3491 1054 3595 1109 de-

2012 1158 2118 1213 que
2144 1142 2422 1214 objicitad
2448 1142 2754 1215 negantiam
2788 1152 2845 1199 et
2874 1144 3201 1199 abolendam
3238 1154 3593 1202 mortuorum

2012 1235 2510 1301 resurrectionem,
2543 1250 2666 1306 quae
2688 1235 2824 1291 dicit
2842 1235 3054 1291 Adamo
3084 1252 3097 1289 :
3131 1236 3297 1291 Terra
3334 1254 3409 1302 es,
3442 1246 3492 1291 et
3537 1239 3594 1293 in

2013 1338 2215 1385 terram
2242 1330 2539 1384 reverteris.
2574 1328 2857 1385 Adversus
2892 1344 3058 1399 quem
3081 1328 3168 1399 (ut
3208 1329 3376 1384 etiam
3412 1329 3592 1386 dicam

2012 1420 2380 1492 corporalius)
2419 1419 2557 1475 illud
2604 1426 2731 1474 ante
2792 1420 2898 1475 alia
2953 1428 3173 1489 oportet
3231 1420 3592 1486 contendere,

2011 1511 2159 1581 quod
2188 1526 2300 1567 non
2328 1520 2415 1567 est
2438 1511 2652 1582 integre
2675 1527 2743 1567 ex
2792 1519 2941 1567 terra
2977 1528 2989 1564 :
3018 1510 3116 1567 sed
3155 1512 3342 1582 aliqua
3368 1512 3592 1583 quidem

2012 1618 2140 1673 pars
2170 1618 2238 1659 ex
2266 1612 2436 1666 terra,
2461 1603 2647 1674 aliqua
2705 1612 2893 1659 autem
2918 1618 3033 1658 non
3062 1619 3133 1660 ex
3164 1614 3334 1672 terra,
3377 1604 3476 1660 sed
3526 1596 3603 1661 ex—

2011 1696 2125 1751 Deo
2177 1711 2278 1765 per
2328 1695 2801 1752 insulilationem.
2856 1697 3093 1768 Propter
3156 1697 3303 1768 quod
3356 1699 3594 1753 animam

2013 1804 2233 1858 quoque
2260 1788 2543 1845 viventem
2570 1788 2793 1844 vocavit
2820 1789 2977 1845 illum
3007 1790 3193 1857 Deus;
3225 1798 3279 1846 et
3302 1792 3596 1862 oportebat

1939 1861 1983 1917 Β
2016 1879 2186 1952 (sicut
2238 1881 2404 1937 etiam
2443 1880 2582 1937 dicit
2632 1881 2863 1951 quidam
2920 1897 2988 1937 ex
3044 1881 3312 1955 externis)
3340 1861 3593 1954 quodex

2016 1979 2163 2026 terra
2200 1979 2306 2038 est,
2357 1972 2415 2027 in
2441 1982 2671 2038 terram,
2698 1972 2847 2042 quod
2877 1980 3063 2029 autem
3116 1989 3185 2030 ex
3215 1974 3327 2029 Deo
3374 1982 3479 2040 est,
3525 1975 3593 2030 ad

1982 2062 2185 2117 Deum
2217 2063 2426 2119 reverti
2470 2081 2483 2118 :
2520 2063 2973 2135 quandoquidem
3019 2079 3124 2120 nec
3172 2065 3287 2136 ipsa
3333 2072 3594 2123 universa

2009 2156 2260 2226 corporis
2300 2157 2544 2212 essentia
2578 2165 2665 2213 est
2696 2157 2908 2227 integre
2934 2174 3001 2213 ex
3031 2166 3198 2223 terra,
3218 2158 3315 2215 sed
3347 2175 3414 2215 ex
3444 2160 3592 2231 igne,

2008 2257 2067 2306 et
2094 2265 2163 2305 ex
2189 2266 2338 2315 aere,
2370 2258 2427 2305 et
2450 2266 2615 2322 aqua.
2648 2250 2744 2307 Sin
2770 2260 2955 2306 autem
2976 2250 3144 2306 homo
3170 2261 3257 2307 est
3280 2253 3493 2323 integre
3526 2268 3592 2307 ex

2010 2352 2178 2409 terra,
2201 2344 2343 2398 nihil
2368 2343 2555 2400 diﬁ‘ert
2578 2360 2609 2399 a
2640 2359 2770 2400 vase
2806 2344 2982 2411 fictili,
3012 2353 3068 2401 et
3097 2345 3210 2416 jam
3257 2355 3445 2417 posset
3472 2346 3595 2416 qui-

2008 2432 2147 2489 libet
2176 2433 2375 2505 ﬁgulus
2405 2435 2614 2507 ﬁngere
2635 2435 2912 2491 homines.
2950 2435 3057 2492 Sed
3091 2452 3274 2507 neque
3299 2436 3480 2493 factus
3508 2446 3596 2493 est

1979 2504 2153 2583 -alius
2183 2504 2352 2582 homo
2383 2542 2452 2583 ex
2483 2504 2630 2583 terra
2653 2528 2763 2584 nisi
2789 2529 2941 2584 solus
2963 2528 3136 2584 Adam
3176 2504 3198 2581 ξ
3214 2536 3272 2585 et
3299 2529 3593 2600 oportebat
3632 2520 3635 2523 λ

2007 2616 2066 2671 in
2090 2617 2273 2688 ipsum
2310 2617 2493 2673 solum
2516 2618 2666 2674 ferre
2686 2619 2884 2674 mortis
2906 2618 3263 2686 sententiam,
3299 2630 3357 2675 et
3394 2635 3506 2675 non
3536 2620 3593 2674 in

2008 2709 2183 2764 ullum
2210 2710 2402 2766 alium.
2432 2709 2636 2766 Omnes
2659 2709 2808 2766 enim
2842 2726 2946 2766 nos
2978 2711 3236 2768 homines
3290 2727 3485 2768 sumus
3525 2728 3593 2769 ex

2006 2799 2350 2869 hominibus,
2397 2810 2455 2858 et
2488 2818 2601 2857 non
2649 2818 2718 2857 ex
2757 2812 2904 2858 terra
2941 2821 2953 2856 :
3007 2812 3063 2859 et
3093 2803 3333 2860 maxime
3365 2804 3473 2860 hoc
3522 2805 3593 2861 do

2006 2893 2237 2950 muliere
2265 2894 2376 2949 dici
2402 2909 2515 2953 non
2541 2894 2707 2949 habet
2736 2894 2941 2962 locum,
2962 2896 3228 2965 quoniam
3252 2895 3397 2951 facta
3418 2905 3504 2952 est
3523 2912 3592 2952 ex

2003 2987 2179 3043 latere
2202 2986 2331 3041 vita:
2351 2985 2415 3058 υ.
2449 2985 2581 3058 viri]
2606 3003 2619 3040 :
2651 2995 2709 3043 et
2731 2995 3013 3058 oporteret
3039 2988 3091 3044 ei
3116 2988 3338 3045 dicere:
3365 2987 3519 3046 Costa
3537 3006 3590 3044 es

2003 3081 2250 3147 hominis,
2269 3088 2317 3134 et
2334 3081 2404 3135 ad
2428 3089 2631 3143 costam
2653 3082 3079 3152 reverteris..Sed
3105 3099 3286 3154 neque
3310 3074 3588 3151 volucres,

1927 3202 1973 3264 α
2006 3172 2052 3228 si
2085 3181 2411 3243 spectentur
2430 3172 2602 3229 verba
2626 3172 2982 3240 Samaritani,
3005 3175 3269 3247 subjecta:
3286 3184 3418 3232 sunt
3437 3193 3590 3232 mor~

2009 3264 2070 3330 ti,
2106 3280 2288 3334 neque
2318 3266 2500 3335 pisces
2530 3283 2543 3320 :
2580 3281 2693 3321 non
2723 3266 2873 3321 enim
2897 3267 3012 3323 nati
3035 3275 3163 3324 sunt
3192 3284 3261 3324 ex
3296 3279 3463 3335 terra,
3492 3269 3588 3325 sed

2004 3369 2072 3410 ex
2100 3355 2280 3425 aquis.
2316 3355 2607 3422 Quomodo
2631 3366 2819 3412 autem
2861 3374 2987 3413 eum
3019 3358 3077 3415 in
3103 3370 3376 3431 praecepto
3414 3361 3590 3417 dixis-

2002 3459 2092 3505 set
2125 3450 2273 3505 Deus
2296 3449 2508 3505 homini
2536 3468 2549 3504 :
2581 3450 2700 3517 Qua
2748 3462 2925 3509 autem
2945 3454 3030 3508 die
3078 3455 3409 3508 comederitis
3430 3470 3495 3508 ex
3519 3454 3587 3509 li-

2003 3559 2107 3614 gno
2130 3545 2475 3613 cognoscendi
2499 3544 2697 3600 bonum
2720 3553 2769 3600 et
2794 3545 3031 3612 malum,
3048 3556 3214 3601 morte
3248 3548 3545 3603 moriemini
3566 3565 3586 3604 .°

2002 3633 2095 3689 hic
2124 3634 2181 3689 in
2214 3635 2396 3705 poenis
2428 3636 2660 3692 omnino
2690 3652 2803 3693 non
2839 3639 3153 3694 nominavit
3199 3648 3456 3706 mortem,
3487 3640 3587 3696 sed

2002 3727 2408 3794 reversionem,
2437 3729 2630 3786 dicens
2661 3747 2681 3785 :
2700 3730 2863 3786 Terra
2894 3749 2971 3798 es,
3015 3740 3063 3785 et
3094 3733 3145 3786 in
3168 3742 3365 3787 terram
3411 3749 3587 3788 rever-

2002 3823 2152 3877 teris.
2191 3822 2274 3880 Tu
2296 3823 2479 3879 solum
2514 3823 2729 3881 redibis
2751 3833 2811 3881 et
2840 3826 3141 3882 reverteris
3172 3825 3227 3880 in
3270 3836 3494 3891 terram,
3528 3836 3587 3881 tu

2002 3915 2181 3983 solus,
2201 3932 2316 3973 non
2341 3917 2512 3973 etiam
2544 3919 2767 3973 mulier.
2801 3918 3074 3985 Quoniam
3116 3935 3251 3991 ergo
3280 3935 3391 3974 non
3445 3919 3587 3974 dixit

2002 4009 2151 4066 Deus
2180 4026 2196 4065 :
2230 4010 2402 4066 Terra
2436 4010 2592 4076 estis,
2622 4018 2677 4066 et
2711 4010 2765 4065 in
2818 4019 2967 4066 terra
3010 4012 3363 4067 revertemini
3392 4030 3407 4065 :
3445 4029 3586 4084 quo-

2002 4103 2170 4158 modo
2204 4104 2322 4160 illic
2353 4103 2727 4159 communiter
2766 4104 3026 4174 praecepit
3056 4122 3069 4158 :
3100 4104 3275 4159 Nolite
3297 4108 3584 4172 comedere,

2004 4210 2069 4249 ne
2093 4197 2403 4251 moriamini
2431 4197 2456 4251 ?
2493 4197 2563 4251 Et
2597 4212 2793 4252 rursus
2833 4195 2973 4250 dixit
3022 4199 3431 4253 communiter:
3467 4199 3586 4253 Ma-

2000 4287 2205 4345 sculum
2230 4297 2279 4343 et
2310 4288 2566 4358 feminam
2605 4290 2726 4360 fecit
2768 4305 2874 4354 eos,
2903 4301 2960 4344 et
2987 4290 3360 4359 communiter
3408 4290 3587 4345 domi-

2001 4380 2156 4437 nium
2181 4380 2433 4435 omnium
2475 4380 2631 4436 dedit
2662 4380 2765 4446 eis,
2801 4380 3174 4437 communiter
3216 4396 3398 4437 escam
3430 4382 3585 4452 prio-

2003 4488 2143 4538 rem,
2190 4480 2247 4527 et
2284 4472 2659 4529 communiter
2707 4473 2835 4528 vitae
2891 4471 3158 4543 degendae
3201 4473 3472 4527 rationem
3528 4474 3583 4529 in

307 4554 554 4608 ctionem
584 4555 788 4624 carnis,
816 4564 874 4612 et
912 4556 1040 4612 ideo
1062 4556 1242 4612 nudas
1270 4572 1335 4611 ac
1362 4556 1509 4612 solas
1534 4572 1656 4613 esse
1685 4559 1899 4615 animas
1930 4553 1977 4610 D
2000 4564 2261 4636 paradiso
2297 4583 2311 4621 ε
2353 4567 2727 4622 communiter
2779 4566 3149 4622 comederunt
3195 4581 3266 4621 ex
3317 4566 3487 4637 ligno,
3528 4575 3586 4622 et

306 4659 412 4700 nos
435 4654 493 4700 et
520 4646 816 4715 Adamum,
842 4649 1066 4720 quando
1086 4648 1271 4705 factus
1294 4649 1423 4716 fuit,
1454 4651 1624 4721 impie
1675 4650 1898 4707 fabula-

306 4745 423 4803 tur,
458 4747 521 4793 ut
564 4756 689 4810 quae
751 4751 941 4797 essent
974 4753 1104 4798 ante
1139 4758 1362 4813 corpus.
1415 4745 1596 4812 Atque
1622 4743 1718 4813 qui
1757 4744 1897 4800 dicit

302 4829 552 4899 quidem,
577 4833 656 4887 ait
689 4832 809 4904 ipse
832 4834 1169 4903 Methodius,
1200 4835 1606 4906 protoplastum
1633 4835 1895 4892 habuisse

278 4937 511 4994 corpus
544 4925 759 4983 ﬁrmius
789 4943 855 4982 ac
878 4928 1041 5000 longe
1069 4930 1291 4995 melius,
1323 4929 1471 5000 quod
1512 4930 1765 4986 ordinem
1796 4932 1895 4987 ba-

270 5015 476 5074 .bebat
504 5018 896 5076 intermedium
920 5022 1067 5076 inter
1094 5022 1384 5085 interitum
1422 5032 1480 5079 et
1524 5023 1896 5095 incorruptio-

299 5128 453 5177 nem,
489 5129 588 5168 seu
624 5116 984 5171 remotiorem
1015 5116 1084 5171 ab
1102 5116 1369 5181 interitu,
1398 5117 1446 5173 is
1474 5119 1702 5173 minime
1730 5119 1894 5174 aber-

298 5204 531 5258 raverit.
564 5203 739 5261 Nobis
782 5207 932 5262 enim
962 5207 1071 5263 hoc
1116 5208 1410 5264 conﬁrmat
1452 5210 1896 5280 sapientissimus

300 5292 589 5362 Salomon,
612 5297 808 5353 dicens
848 5298 1112 5370 :Propter
1141 5302 1589 5371 incorruptionem
1614 5303 1734 5372 fecit
1756 5301 1893 5357 Deus

296 5384 566 5441 hominem
594 5386 641 5419 ⁸⁸
677 5407 691 5443 :
725 5390 832 5445 hoc
864 5403 971 5457 est,
997 5392 1393 5448 intermedium
1424 5394 1570 5447 inter
1608 5393 1895 5449 inﬂexibi-

298 5476 515 5532 litatem
550 5489 608 5535 et
652 5480 890 5550 ﬂuxum,
950 5494 1009 5540 ut
1053 5495 1149 5540 aut
1176 5485 1245 5556 (si
1294 5484 1346 5540 id
1384 5486 1533 5555 quod
1580 5494 1665 5541 cst
1691 5488 1893 5544 melius

297 5568 556 5637 elegerit,
580 5581 639 5626 ut
668 5573 890 5629 videtur
932 5573 1102 5631 etiam
1126 5573 1399 5646 Gregorio
1430 5575 1734 5647 Theologo)
1765 5594 1890 5648 pro-

297 5661 462 5717 cedat
485 5664 553 5718 ad
586 5666 892 5736 perfectam
946 5668 1419 5740 incorruptionem
1480 5680 1537 5726 et
1565 5671 1889 5730 immOrtali—

371 5851 488 5888 ⁸⁸ο⁶¹
512 5855 702 5912 Matth.
730 5873 816 5920 xv,
852 5856 936 5912 Π.
1014 5857 1059 5891 ⁸⁸
1087 5857 1107 5913 ι
1140 5857 1266 5914 Cor.
1294 5874 1381 5926 xv,
1404 5857 1496 5913 9.0.

1574 5858 1617 5891 "
1648 5858 1863 5916 Coloss.
1916 5877 1955 5929 ι,
1988 5860 2069 5915 18.

2000 4659 2374 4715 communiter
2406 4660 2592 4715 visum
2614 4668 2951 4729 receperunt
2985 4675 2999 4713 :
3033 4660 3409 4715 communiter
3433 4659 3583 4714 fece-

2001 4756 2136 4803 runt
2190 4749 2551 4820 subligacula,
2599 4748 2972 4804 communiter
3030 4747 3331 4803 audierunt
3388 4764 3581 4804 vocem

2001 4842 2100 4899 Dei
2156 4842 2571 4898 deambulantis
2623 4842 2774 4898 sicut
2805 4842 2874 4896 de
2922 4857 2991 4897 eo
3030 4842 3186 4912 prius
3230 4841 3490 4909 diximus,
3525 4853 3584 4898 et

2001 4934 2375 4989 communiter
2397 4934 2723 4998 timuerunt,
2746 4942 2803 4988 et
2830 4933 2995 4988 simul
3025 4933 3370 4989 delituerant
3394 4953 3406 4988 :
3426 4950 3582 5005 opor-

2000 5026 2152 5081 tebat
2180 5027 2353 5081 etiam
2385 5041 2483 5081 eos
2511 5026 2605 5095 qui
2633 5025 2821 5080 omnia
2850 5026 3223 5080 communiter
3245 5025 3499 5082 fecerunt
3524 5038 3582 5084 ct

1996 5118 2144 5189 passi
2180 5126 2328 5182 sunt,
2370 5133 2723 5173 communem
2754 5127 2812 5173 et
2840 5118 3092 5173 eamdem
3131 5119 3579 5190 aDeo-accipere

1997 5211 2329 5267 sententiam
2350 5226 2473 5281 quae
2497 5210 2634 5266 dicit
2667 5209 2881 5265 homini
2911 5210 3076 5281 eique
3112 5210 3216 5269 soli
3247 5229 3261 5266 :
3310 5211 3473 5266 Terra
3502 5229 3576 5277 es,

1995 5315 2044 5359 et
2073 5306 2127 5359 in
2168 5317 2369 5357 terram
2396 5305 2687 5359 reverteris.
2716 5304 2817 5359 Hic
2845 5304 3019 5369 enim,
3066 5305 3113 5360 si
3143 5304 3281 5359 mihi
3313 5321 3425 5360 non
3452 5321 3579 5359 suc-

1994 5404 2221 5449 censeat
2243 5395 2628 5451 Samaritanus
2656 5404 2712 5451 et
2745 5395 2991 5460 Iudaeus,
3020 5411 3132 5451 non
3161 5397 3407 5466 loquitur
3431 5397 3578 5450 Deus

1994 5488 2063 5542 de
2090 5503 2200 5542 una
2239 5486 2458 5552 eadem,
2490 5487 2588 5543 sed
2615 5487 2683 5543 de
2705 5487 2944 5544 duabus.
2965 5488 3083 5543 Non
3112 5488 3260 5544 enim
3292 5498 3421 5543 tunc
3437 5487 3575 5541 dixit

1994 5579 2246 5635 homini:
2278 5580 2363 5634 Ea:
2402 5588 2545 5634 terra
2581 5597 2655 5647 es,
2705 5588 2753 5634 et
2781 5582 2837 5635 in
2858 5589 3072 5634 terram
3106 5582 3423 5637 reverteris:
3452 5580 3573 5643 sed,

1996 5674 2155 5731 Terra
2178 5690 2253 5741 es,
2279 5683 2327 5728 et
2359 5676 2412 5729 in
2445 5684 2640 5730 terram
2674 5675 2972 5739 reverteris,
3003 5672 3166 5737 aliam
3192 5683 3249 5729 et
3275 5673 3436 5729 aliam
3465 5680 3575 5727 ter-

2148 5862 2194 5894 ⁸⁸
2222 5860 2356 5916 Luc.
2392 5876 2479 5927 xx,
2509 5858 2595 5914 55.
2674 5860 2718 5891 ⁸³
2746 5860 2875 5931 Sap.
2914 5876 2952 5925 ι,
2990 5860 3072 5915 14.
