4080 6576
527 351 661 418 104⁸1

1720 348 1783 412 S.
1840 347 2244 412 ANASTASII
2295 343 2620 409 ειΝΑΙΤΑξ

3679 337 3820 403 1οιὸ

527 469 910 524 t-uminnuens
966 464 1036 522 Et
1063 467 1327 537 quoniam
1359 466 1582 521 videtur
1617 465 1806 520 multis
1839 465 1931 520 hic
1983 479 2112 518 sen-
2144 467 2189 521 Δ
2287 464 2562 532 Quoniam
2603 474 2740 532 ergo
2787 459 3090 515 didicimus
3147 455 3625 529 quemadmodum
3697 470 3822 509 ser-

523 578 621 616 sus
670 559 846 614 durus
899 565 956 613 et
1003 565 1232 612 coactus
1261 596 1277 623 ,
1325 557 1372 612 si
1413 557 1658 622 videtur,
1707 558 1813 612 hoc
1869 556 2118 626 probabo

523 650 816 720 exemplis.
867 650 1146 705 Ponamus
1198 649 1373 704 Deum
1426 649 1614 705 dicere
1681 650 1784 719 ipsi
1837 649 2120 703 elemento

525 753 687 798 term:
725 761 736 796 :
773 742 897 797 Tibi
930 742 1078 806 dico,
1111 756 1145 796 o
1191 747 1368 806 terra,
1418 753 1568 797 terra
1609 757 1671 797 es
1703 750 1761 797 et
1796 742 1851 795 in
1913 751 2118 796 terram

527 832 861 898 reverteris;
890 846 961 885 an
992 845 1104 885 non
1135 831 1429 886 manifesta
1460 841 1546 887 est
1572 832 1774 899 oratio,
1804 833 1952 902 quod
1983 832 2122 886 dicit

526 924 596 979 de
620 922 838 978 duabus
871 921 1078 977 terris?
1106 921 1177 976 Et
1206 937 1404 978 rursus
1430 923 1475 977 si
1494 923 1645 977 dicat
1686 938 1845 992 aqua:
1871 940 1882 976 :
1916 923 1987 977 Es
2009 923 2122 976 ele-

527 1025 800 1081 mentum,
814 1023 870 1070 et
882 1015 948 1069 ad
962 1016 1298 1070 elementum
1313 1017 1633 1082 reverteris,
1656 1025 1742 1071 est
1759 1016 2118 1086 perspicuum

527 1109 677 1178 quod
711 1109 850 1164 dicit
873 1109 942 1164 de
963 1109 1184 1164 duobus
1213 1110 1526 1164 elementis.
1575 1109 1848 1164 Similiter
1876 1108 2046 1163 etiam
2073 1107 2120 1162 si

528 1202 734 1258 dixerit
761 1201 959 1271 angelo
985 1219 999 1255 :
1029 1199 1102 1255 Es
1129 1201 1371 1272 angelus,
1399 1211 1448 1256 et
1481 1203 1552 1256 ad
1589 1203 1846 1273 angelum
1889 1210 2120 1256 reverte-

531 1297 626 1361 ris,
651 1292 984 1365 significavit
1012 1293 1177 1350 nobis
1234 1293 1375 1349 duos
1400 1295 1665 1366 angelos:
1700 1295 1776 1350 ita
1809 1295 1976 1349 etiam
2023 1311 2123 1366 per

532 1388 691 1450 illud,
726 1386 890 1441 Terra
916 1403 990 1451 es,
1023 1394 1072 1440 et
1112 1388 1169 1441 in
1205 1395 1409 1441 terram
1439 1389 1739 1454 reverteris,
1781 1403 2010 1443 necesse
2035 1399 2123 1444 est

534 1480 912 1551 intelligamus
961 1479 1127 1533 aliam
1177 1486 1235 1534 et
1285 1480 1451 1534 aliam
1481 1487 1709 1546 terram,
1743 1491 1800 1536 et
1850 1481 2018 1535 alium
2067 1491 2124 1538 et

533 1574 705 1628 alium
749 1571 946 1637 Adam,
1005 1578 1062 1627 et
1113 1572 1278 1627 aliam
1307 1581 1367 1627 et
1401 1573 1565 1628 aliam
1614 1572 2009 1640 reversionem,
2067 1583 2124 1629 et

534 1667 702 1721 alium
726 1674 780 1720 et
806 1665 977 1720 alium
1007 1663 1271 1720 reditum.
1298 1664 1424 1721 Haec
1441 1665 1725 1721 disserens
1750 1666 2120 1732 Samaritano,

537 1768 589 1812 te
627 1757 845 1812 lidelem
871 1756 1188 1826 praemunii,
1221 1764 1284 1810 ut
1339 1757 1616 1828 intelligas
1647 1757 1803 1811 illum
1859 1759 2125 1827 spiritua-

2222 573 2360 628 pens
2391 554 2636 612 comedit
2664 563 2866 608 terram
2893 552 3159 606 omnibus
3184 549 3539 617 diebusjvitte
3569 562 3694 604 sua:
3722 564 3739 601 :
3771 555 3828 602 et

2222 663 2420 704 rursus
2444 647 2725 717 quomodo
2752 645 3008 700 Christus
3031 660 3154 700 eam
3186 642 3473 699 consumit
3515 651 3572 696 et
3608 655 3830 709 expur-

2220 753 2312 814 gat
2343 758 2469 798 cum
2506 743 2634 796 feno
2669 749 2725 795 et
2782 740 2959 810 spinis
3021 750 3080 796 et
3107 740 3332 794 tribulis
3362 738 3470 793 :de
3505 746 3724 792 caetero
3759 752 3828 791 ne

2223 837 2445 901 timeas,
2466 850 2648 904 neque
2669 834 2894 889 dubites
2936 834 3147 888 referre
3183 834 3250 888 ad
3281 833 3464 902 ipsum
3523 831 3832 902 cogitatio.

2221 947 2348 985 nem
2390 939 2541 984 tuam
2561 930 2615 983 in
2635 929 2742 983 hoc
2767 927 2915 998 quod
2940 927 3148 982 dicitur
3179 945 3192 980 :
3229 926 3519 981 Maledicta
3566 935 3722 979 terra
3776 925 3830 977 in

2222 1025 2463 1096 aperibus
2496 1024 2620 1077 tuis.
2650 1023 2718 1077 Et
2744 1039 2757 1075 :
2784 1021 2847 1074 In
2873 1020 3139 1075 doloribus
3169 1019 3402 1072 comedes
3439 1033 3578 1079 eam,
3598 1027 3662 1070 et
3698 1030 3833 1085 pur-

2221 1117 2667 1187 gabistanquam
2702 1114 2974 1169 Dominus
3012 1121 3216 1167 terram
3260 1110 3453 1181 populi
3497 1110 3599 1163 tui.
3642 1106 3832 1162 Audio

2220 1210 2403 1264 vimus
2431 1211 2580 1264 enim
2613 1208 2911 1279 quamdam
2938 1207 3106 1261 etiam
3133 1206 3189 1259 in
3218 1204 3341 1274 ipso
3382 1211 3578 1257 sancto
3607 1201 3834 1270 Spiritu

2223 1302 2506 1357 tristitiam
2540 1309 2770 1371 propter
2824 1307 3114 1369 peccatum
3181 1297 3446 1358 hominis,
3482 1303 3544 1348 ut
3597 1292 3835 1363 quando

2223 1395 2361 1449 dicit
2380 1392 2587 1447 Paulus
2616 1409 2628 1445 :
2655 1391 2734 1445 Ne
2761 1391 2983 1443 tristitia
3012 1390 3250 1460 aﬁiciatis
3270 1386 3529 1458 Spiritum
3551 1394 3834 1447 sanctum,

2225 1487 2278 1540 in
2317 1502 2419 1556 quo
2438 1485 2634 1555 signati
2671 1483 2794 1536 estis
2822 1483 2877 1535 in
2902 1482 3039 1534 diem
3059 1478 3520 1550 redemptionis".
3546 1475 3701 1531 illud
3738 1490 3838 1528 au-

2226 1588 2375 1633 tem:
2411 1576 2606 1647 Spinas
2646 1583 2694 1628 et
2735 1574 2956 1628 tribulos
2995 1573 3248 1644 producet
3280 1572 3391 1634 tibi,
3419 1570 3683 1640 apposite
3748 1568 3836 1622 in-

2226 1669 2510 1724 tellexeris
2537 1668 2606 1723 de
2631 1667 2855 1723 Christo
2880 1678 2937 1722 et
2955 1665 3238 1737 Synagoga
3269 1664 3461 1719 lsrael.
3478 1662 3642 1719 Unde
3659 1662 3834 1716 etiam

2227 1761 2322 1814 tali
2345 1767 2506 1814 terra:
2537 1767 2671 1814 tunc
2699 1758 2940 1824 dicebat,
2978 1757 3203 1828 quando
3256 1757 3307 1810 ei
3355 1755 3628 1824 imposuit
3662 1769 3834 1808 coro-

535 1850 642 1904 lem
665 1825 938 1902 Adamqu
969 1847 1064 1916 qui
1097 1846 1237 1900 dixit
1265 1864 1277 1900 :
1311 1847 1423 1916 Ego
1465 1825 1544 1900 exi
1561 1846 1726 1901 Patre
1759 1825 1913 1912 exivi,
1967 1856 2017 1900 et
2046 1863 2128 1900 re-
2159 1825 2196 1880 Β
2227 1867 2352 1907 nam
2378 1868 2446 1906 ex
2473 1851 2649 1921 spinis
2682 1869 2695 1904 :
2728 1825 3048 1921 Exspectaoi
3081 1849 3290 1902 vineam
3320 1864 3494 1901 meam
3527 1856 3586 1900 ut
3629 1847 3837 1916 faceret

538 1948 711 1993 vertor
739 1940 809 1992 ad
833 1939 1050 1993 Patrem
1075 1955 1248 1992 meum
1269 1938 1408 1991 ⁹⁰·⁹¹.
1442 1937 1664 2010 Quaeret
1689 1947 1874 1994 autem
1899 1938 2125 1993 omnino

540 2030 848 2100 spiritu-alis
873 2037 931 2084 et
957 2029 1246 2084 studiosus
1276 2029 1500 2084 auditor
1532 2046 1544 2081 :
1592 2029 1649 2084 Si
1681 2029 1869 2084 omnia
1896 2037 2026 2084 sunt
2057 2029 2125 2083 de

539 2124 760 2178 Christo
784 2123 938 2192 prius
972 2119 1252 2192 descripta
1271 2131 1326 2176 et
1360 2122 1596 2192 ﬁgurata
1635 2121 1692 2176 in
1723 2123 1864 2194 lege,
1901 2134 1962 2177 ut
1988 2123 2128 2178 dicit

542 2216 858 2284 Apostolus,
881 2214 1158 2284 quomodo
1189 2215 1356 2269 etiam
1386 2229 1548 2284 poena
1576 2214 1788 2269 Adamo
1843 2217 2127 2286 proposita

542 2317 724 2379 potest
745 2308 811 2362 ad
840 2307 1121 2362 Christum
1155 2306 1354 2362 referri
1384 2308 1768 2377 spiritualiter,
1801 2309 1854 2362 in
1882 2309 2014 2379 ipsis
2036 2327 2130 2366 so—

542 2402 612 2455 lis
644 2409 700 2455 et
725 2398 891 2454 nudis
923 2399 1177 2462 vocibus,
1206 2408 1265 2454 et
1292 2400 1530 2455 maxime
1555 2401 1714 2467 illud,
1751 2400 2035 2456 Maledicta
2054 2412 2130 2457 est

544 2502 686 2546 terra
719 2493 774 2546 in
807 2491 1051 2562 operibus
1100 2491 1245 2544 tuis?
1279 2490 1568 2558 Quomodo
1628 2492 1749 2547 ﬁeri
1783 2501 1964 2563 potest
1987 2503 2047 2549 ut
2073 2495 2131 2549 in

542 2583 766 2638 Christo
791 2582 1019 2638 omnino
1057 2581 1430 2654 intelligamus
1476 2585 1969 2640 maledictionem?
2021 2585 2131 2641 Ta-

544 2691 672 2731 men
695 2676 958 2746 quoniam
987 2676 1152 2745 paulo
1193 2684 1320 2731 ante
1361 2675 1676 2731 audivimus
1721 2676 2006 2733 Christum
2041 2678 2131 2732 di-

545 2775 762 2822 centem
799 2769 1053 2838 serpenti
1115 2767 1508 2823 maledictione
1560 2785 1574 2822 :
1629 2769 1847 2824 Terram
1897 2771 2133 2826 comedes

547 2860 785 2914 omnibus
811 2860 987 2914 diebus
1013 2861 1135 2916 vitae
1163 2869 1287 2926 tute,
1319 2862 1426 2916 hoc
1448 2871 1554 2928 εει,
1584 2872 1885 2920 terrestres
1913 2874 1971 2919 et
2020 2881 2135 2920 ma-

549 2952 773 3008 teriales
803 2961 859 3007 et
919 2953 1148 3009 limosos
1177 2969 1377 3010 sensus
1400 2957 1634 3025 peccati.
1684 2957 1875 3024 Cibus,
1930 2958 2132 3029 inquit,

550 3045 824 3114 serpentis
852 3043 958 3099 fuit
977 3044 1308 3101 maledictus
1333 3053 1389 3101 et
1415 3047 1825 3105 condemnatus
1854 3049 1910 3104 in
1941 3051 2135 3106 inetia-

553 3135 760 3191 hilibus
784 3134 992 3191 Christi
1020 3137 1303 3206 operibus,
1334 3146 1398 3192 ut
1425 3145 1483 3193 et
1507 3154 1737 3210 serpens
1757 3149 1812 3196 et
1833 3143 1954 3212 ejus
1976 3142 2135 3197 cibus

549 3237 736 3284 essent
775 3228 1075 3284 maledicti.
1117 3228 1405 3296 Quomodo
1441 3233 1590 3287 enim
1616 3232 1776 3289 cibus
1803 3232 2013 3290 Christi
2051 3244 2137 3291 est

547 3324 786 3393 justitia,
838 3323 914 3378 ita
967 3323 1135 3378 etiam
1171 3325 1452 3395 serpentis
1495 3327 1655 3382 cibus
1699 3336 1786 3382 est
1817 3336 2133 3400 peccatum.

554 3417 667 3471 Nec
694 3415 917 3471 mireris
944 3431 1071 3471 cum
1095 3415 1257 3472 audis
1286 3425 1492 3473 terram
1516 3419 1797 3474 nominari
1845 3428 2139 3476 terrestres

554 3525 754 3566 sensus
792 3510 1024 3580 peccati,
1070 3509 1305 3566 audiens
1351 3510 1633 3567 Christum
1660 3528 1780 3568 eam
1812 3514 1978 3568 etiam
2034 3530 2138 3568 no-

556 3605 772 3660 minare
796 3603 1065 3658 mundum
1103 3603 1326 3673 quando
1370 3604 1507 3659 dicit
1547 3605 1834 3675 discipulis
1863 3623 1877 3659 :
1909 3606 2004 3660 Vos
2036 3623 2139 3660 non

557 3700 678 3753 estis
699 3712 763 3751 ea:
784 3696 979 3751 mundo
995 3697 1063 3762 θ’,
1083 3696 1226 3751 sicut
1246 3711 1347 3768 ego
1380 3712 1491 3751 non
1521 3713 1644 3752 sum
1672 3713 1738 3753 ex
1762 3698 1970 3753 mundo
1999 3699 2141 3753 :hoe

557 3801 664 3858 cst,
685 3807 754 3846 ex
779 3790 1048 3860 sapientia
1076 3797 1299 3845 terrena
1327 3799 1384 3846 et
1411 3790 1711 3845 mundana.
1739 3791 1814 3846 De
1841 3807 1950 3860 qua
1971 3792 2139 3846 etiam

559 3888 757 3941 clamat
779 3885 984 3939 Paulus
1011 3884 1292 3954 aliquibus
1329 3901 1343 3938 :
1376 3883 1552 3939 Nolite
1579 3901 1766 3956 sapere
1792 3894 2026 3950 terrena,
2050 3887 2142 3939 sed

559 3981 732 4051 sapite
759 3993 993 4048 superna
1019 3977 1087 4031 ’³.
1117 3977 1197 4032 Ita
1229 3976 1397 4031 etiam
1445 3977 1723 4048 PrOpheta
1753 3993 1857 4033 nos
1894 3977 2141 4047 idipsum

560 4074 741 4132 docet.
774 4071 1000 4126 dicens:
1026 4069 1088 4124 In
1108 4068 1382 4124 matutinis
1413 4071 1793 4140 interﬁciebam
1828 4088 2006 4126 omnes
2032 4088 2146 4142 pec-

559 4177 767 4220 catores
796 4172 952 4218 terra:
975 4163 1061 4216 οδε
1092 4163 1200 4218 hoc
1226 4172 1333 4228 est,
1358 4164 1708 4235 amputabam
1742 4181 1936 4221 omnes
1974 4167 2146 4221 malas

560 4255 926 4328 cogitationes
949 4254 1281 4324 irruptionis
1330 4256 1562 4325 peccati.
1591 4257 1668 4311 De
1714 4258 1918 4326 quibus
1952 4273 2146 4312 rursus

2229 1961 2410 2010 uvam,
2441 1945 2557 2014 fecit
2587 1952 2761 1997 autem
2786 1943 2968 2013 spinas
3001 1948 3048 1995 el
3077 1939 3297 1994 tribulos
3329 1940 3398 1994 ".

2298 2038 2491 2092 Restat
2513 2044 2574 2090 ut
2608 2036 2903 2090 audiamus
2931 2033 3030 2090 Dei
3059 2033 3229 2089 verba
3254 2049 3377 2103 qua:
3419 2031 3701 2101 deinceps
3749 2045 3838 2084 se-

2230 2138 2481 2202 quuntur
2517 2129 2586 2184 ad
2634 2129 2981 2198 corporalem
3025 2138 3083 2184 et
3113 2127 3461 2198 spiritualem
3528 2125 3832 2180 Adamum.

2231 2222 2530 2295 Subjungit
2554 2222 2706 2277 enim
2755 2222 2947 2277 dicens
2987 2239 3001 2275 :
3046 2203 3116 2275 Et
3148 2221 3386 2273 comedes
3417 2218 3639 2271 herbam
3695 2218 3833 2288 agri,

2229 2317 2286 2370 in
2323 2315 2515 2370 sudore
2547 2314 2724 2388 vultus
2768 2315 2845 2366 tui
2874 2312 3110 2366 comedes
3160 2327 3352 2382 panem
3387 2321 3557 2363 tuum.
3600 2307 3837 2375 Quaeres

2233 2407 2301 2480 (si
2332 2408 2498 2462 modo
2519 2407 2589 2462 iis
2606 2423 2729 2478 quae
2755 2407 2903 2460 dicta
2927 2414 3058 2461 sunt
3089 2405 3254 2459 ﬁdem
3281 2403 3510 2473 habeas)
3543 2399 3836 2471 quomodo

2233 2501 2439 2556 dixerit
2468 2502 2615 2556 Deus
2652 2501 2934 2555 hominem
2971 2498 3124 2554 vesci
3181 2497 3365 2551 tribus
3410 2495 3552 2548 cibis
3583 2511 3597 2547 :
3628 2507 3834 2562 nempe

2234 2595 2394 2666 prius
2422 2593 2650 2664 quidem
2685 2602 2866 2657 terra,
2917 2589 3164 2646 secundo
3201 2596 3384 2642 autem
3423 2584 3622 2647 herba,
3666 2586 3837 2637 tertio

2233 2703 2388 2752 vero,
2422 2702 2586 2758 pane,
2620 2685 2854 2756 prOprio
2880 2684 3007 2738 cibo
3030 2682 3302 2736 hominis.
3356 2679 3477 2734 Non
3513 2677 3667 2731 enim
3702 2674 3835 2729 dicit

2235 2781 2287 2836 ei
2313 2798 2328 2834 :
2357 2781 2422 2835 In
2453 2779 2720 2833 doloribus
2756 2777 2990 2832 comedes
3029 2784 3272 2838 terram;
3314 2787 3496 2842 neque
3553 2769 3625 2823 de
3657 2765 3834 2822 herba

2236 2874 2372 2928 dicit
2406 2890 2419 2925 :
2455 2872 2520 2925 Et
2562 2870 2824 2926 comedes
2852 2868 3086 2923 herbam
3136 2875 3310 2930 tuam,
3367 2863 3462 2919 sed
3506 2863 3614 2916 hoc
3648 2859 3832 2914 solum

2236 2965 2394 3037 ponit
2441 2965 2496 3018 in
2541 2978 2704 3032 pane,
2761 2961 2953 3016 dicens
2997 2977 3010 3014 :
3055 2959 3119 3014 In
3146 2958 3341 3013 sudore
3381 2955 3559 3009 vultus
3592 2951 3834 3006 comedes

2238 3071 2431 3126 panem
2460 3061 2605 3105 tuum
2640 3094 2652 3106 .
2689 3051 2820 3106 hinc
2850 3065 2952 3105 nos
2981 3048 3191 3103 docens
3221 3045 3370 3117 quod
3421 3053 3572 3100 terra
3605 3040 3830 3112 quidem

2163 3172 2206 3233 α
2240 3143 2474 3198 rationis
2507 3143 2788 3215 particeps
2835 3151 2922 3197 est
2949 3141 3175 3212 proprie
3209 3139 3369 3194 cibus
3401 3133 3705 3205 serpentis,
3740 3130 3830 3201 qui

2240 3233 2572 3305 intelligitur
2596 3232 2939 3292 idololatria,
2971 3245 3138 3300 quam
3176 3229 3344 3284 etiam
3383 3227 3533 3280 Deus
3569 3235 3830 3277 exsecra-

2241 3336 2332 3382 tus
2367 3337 2454 3383 est
2503 3336 2559 3382 et
2602 3325 2910 3381 maledixit.
2966 3323 3125 3379 Unde
3168 3322 3334 3376 etiam
3371 3327 3636 3386 tanquam
3676 3322 3832 3368 vetus

2240 3420 2348 3476 hoc
2407 3429 2464 3476 ct
2495 3420 2734 3491 primum
2802 3425 3110 3488 peccatum,
3156 3411 3529 3468 idololatriam
3580 3408 3828 3476 inquam,

2241 3517 2486 3586 primum
2517 3514 2696 3584 ponit.
2739 3510 2921 3566 Herba
2957 3517 3142 3563 autem
3173 3515 3259 3562 est
3297 3519 3494 3575 expers
3528 3501 3829 3555 rationiset

2241 3609 2525 3665 belluinus
2554 3607 2712 3662 cibus
2737 3613 3092 3676 peccatorum
3124 3599 3475 3655 inferiorum.
3503 3595 3674 3650 Panis
3701 3605 3828 3646 vero

2243 3710 2331 3756 est
2358 3701 2517 3755 cibus
2541 3699 2806 3764 hominis,
2830 3698 2925 3768 qui
2961 3695 3188 3766 quidem
3221 3693 3276 3746 in
3301 3690 3508 3746 sudore
3539 3696 3596 3741 et
3624 3685 3828 3740 labori-

2245 3791 2351 3847 bus
2399 3793 2660 3847 sumitur.
2717 3791 2786 3845 Et
2839 3789 2963 3844 ideo
3003 3787 3140 3842 dicit
3177 3786 3323 3839 Deus
3365 3783 3588 3852 (panem
3635 3778 3826 3833 dicens

2245 3887 2425 3941 solum
2489 3901 2612 3940 esse
2659 3883 2948 3954 proprium
2991 3877 3279 3948 hominis),
3325 3874 3574 3931 Comedes
3639 3885 3824 3942 pauent

2247 3990 2435 4034 tuum:
2465 3985 2656 4048 utpote
2685 3975 2836 4046 quod
2889 3973 3061 4029 herba
3093 3979 3150 4026 et
3181 3979 3331 4026 terra
3368 3967 3482 4022 sint
3515 3964 3827 4037 signiﬁcan-

2248 4073 2325 4128 tia
2346 4069 2562 4142 peccati
2589 4077 2647 4123 et
2675 4065 3002 4137 impietatis.

2318 4168 2493 4223 Aliter
2524 4181 2655 4236 ergo
2717 4164 2806 4218 illa
2864 4159 3144 4218 consumit
3195 4157 3453 4214 Christus
3511 4157 3735 4227 (nempe
3765 4166 3825 4207 ea

2247 4262 2440 4317 delens
2473 4269 2529 4314 et
2577 4257 2801 4328 penitus
2832 4252 3203 4323 interimens),
3238 4259 3297 4306 et
3344 4249 3509 4304 aliter
3543 4246 3823 4318 proprium

562 4351 824 4405 admonet
850 4365 948 4404 eos
977 4349 1074 4419 qui
1101 4349 1297 4404 vivunt
1324 4350 1380 4403 in
1417 4352 1682 4419 peccatis,
1726 4352 1917 4407 dicens
1952 4370 1966 4406 :
1997 4353 2144 4422 Deﬁ-
2179 4388 2207 4451 ἦ
2247 4370 2446 4426 panem
2485 4350 2730 4406 comedit
2780 4347 3117 4402 sanctissimi
3148 4345 3234 4400 sui
3270 4342 3547 4413 corporis,
3585 4355 3716 4394 eum
3740 4353 3827 4392 ex-

561 4444 706 4497 ciant
745 4447 1045 4512 peccatores
1068 4456 1101 4492 a
1127 4447 1273 4493 terra
1301 4440 1369 4505 ",
1403 4440 1559 4509 quasi
1588 4440 1820 4505 diceret.
1844 4443 1919 4496 De
1945 4451 2145 4497 caetero
2248 4461 2494 4518 purgans
2532 4452 2589 4499 et
2621 4441 2904 4498 comminu
2921 4454 3040 4504 ens,
3073 4447 3129 4494 et
3151 4437 3438 4500 deiﬁcans,
3480 4443 3537 4489 et
3581 4429 3823 4488 interitui

562 4533 826 4590 recedant
864 4537 1190 4601 peccatores
1216 4540 1512 4600 apeccato.
1571 4531 1648 4586 De
1679 4547 1792 4600 quo
1833 4533 2006 4587 Deum
2045 4548 2144 4603 ap-
2175 4523 2223 4580 1)
2250 4553 2363 4592 non
2396 4534 2698 4590 obnoxium
2729 4531 2990 4596 reddens,
3013 4540 3069 4585 et
3100 4543 3372 4584 renovans
3409 4526 3576 4582 etiam
3607 4540 3675 4580 ex
3714 4527 3823 4593 ipsa

562 4627 732 4696 pellat
759 4623 985 4678 dicens:
1025 4621 1290 4693 Exsurge,
1316 4622 1480 4686 Deus,
1492 4623 1679 4692 judica
1703 4624 2004 4693 terram";
2043 4625 2149 4680 hoc

2250 4629 2494 4694 unione;
2525 4627 2622 4682 sed
2652 4625 2818 4681 etiam
2845 4625 2941 4679 illo
2975 4631 3221 4692 tempore
3241 4635 3351 4690 quo
3371 4619 3536 4673 sudor
3561 4619 3674 4689 ejus
3712 4614 3819 4670 vul-

561 4727 667 4783 cst,
693 4715 1016 4772 Condemna
1041 4723 1307 4772 terrestre
1349 4723 1661 4786 peccatum,
1692 4717 1839 4786 quod
1878 4725 1963 4772 est
1991 4717 2151 4773 cibus
2249 4729 2332 4775 tus
2355 4721 2523 4791 factus
2549 4727 2623 4774 est
2640 4726 2901 4789 tanquam
2916 4723 3076 4788 guttae
3097 4714 3390 4785 sanguinis,
3418 4711 3642 4782 quando
3663 4711 3818 4764 etiam

561 4820 617 4865 et
644 4816 898 4877 sumptus
928 4808 1232 4880 serpentis,
1262 4810 1383 4880 ejus
1410 4809 1787 4864 condemnans
1814 4809 2059 4864 scholam
2075 4825 2148 4866 ne

561 4910 816 4957 versetur
857 4902 916 4957 in
957 4911 1076 4959 toto
1102 4917 1327 4974 genere,
1360 4901 1456 4957 sed
1493 4902 1675 4972 ipsum
1707 4903 2056 4958 abscondens
2093 4912 2150 4961 et

561 4995 746 5065 potius
781 4995 835 5049 in
871 4995 1117 5050 cinerem
1146 4994 1406 5067 redigens
1439 5002 1500 5049 ut
1538 4994 1605 5049 ad
1643 4995 1880 5049 nihilum
1922 4995 2140 5067 rediga-

563 5097 671 5140 tur.
723 5086 806 5140 Tu
852 5087 1003 5143 enim
1039 5087 1179 5141 Deus
1209 5097 1385 5142 noster
1433 5103 1494 5142 es
1535 5088 1669 5158 ignis
1730 5103 2037 5143 consumens
2071 5091 2139 5143 ".

559 5179 813 5235 Christus
851 5190 1036 5236 autem
1087 5197 1211 5236 cum
1253 5182 1324 5236 sit
1351 5181 1517 5247 Deus,
1549 5181 1704 5236 venit
1729 5180 1796 5236 ad
1824 5181 2140 5252 jaciendum

563 5274 744 5344 ignem
778 5273 834 5328 in
870 5283 1073 5328 terram
1134 5273 1355 5344 (nempe
1386 5276 1698 5342 peccatum)
1732 5283 1789 5327 et
1826 5272 2039 5337 fenum,
2087 5281 2146 5328 et

559 5367 772 5438 spinas,
797 5377 854 5421 et
892 5367 1147 5429 tribulos,
1178 5366 1487 5429 etculmos,
1521 5375 1576 5419 et
1602 5366 1811 5436 paleas,
1832 5373 1886 5422 et
1909 5366 2143 5431 zizania,

561 5471 825 5531 tanquam
849 5459 1139 5515 materiam
1162 5458 1416 5528 fetusque
1433 5469 1489 5514 et
1507 5459 1753 5529 germina
1779 5458 2147 5515 infertilitatis

558 5564 616 5611 et
640 5554 874 5626 peccati.

2249 4811 2471 4866 dicebat
2530 4826 2588 4865 se
2623 4824 2745 4865 esse
2776 4809 2989 4864 tristem
3053 4821 3228 4876 usque
3271 4805 3337 4859 ad
3365 4814 3603 4858 mortem
3628 4804 3667 4858 '.
3693 4803 3818 4858 Nam

2249 4913 2375 4976 post
2423 4904 2543 4976 ejus
2577 4911 2817 4958 mortem
2852 4900 3116 4970 deinceps
3143 4897 3358 4969 aufugit
3390 4897 3616 4952 tristitia
3656 4895 3818 4950 etdo-

2247 4999 2356 5063 lor,
2393 4997 2609 5069 aufugit
2629 4996 2961 5068 etgemitus,
2992 5009 3113 5062 qua:
3133 4999 3293 5047 erant
3316 4998 3444 5044 ante
3480 4988 3815 5059 passionem:

2247 5099 2305 5146 et
2332 5107 2434 5162 pro
2477 5091 2559 5145 eis
2591 5099 2677 5145 est
2727 5088 3105 5144 introductum
3138 5084 3402 5156 gaudium
3458 5092 3514 5137 et
3551 5081 3739 5136 laetitia
3769 5085 3817 5132 et

2249 5182 2578 5246 exsultatio,
2608 5189 2665 5236 et
2692 5179 3061 5248 incorruptio.
3101 5177 3282 5247 Atque
3316 5175 3554 5231 sudores
3601 5172 3813 5242 quidem

2243 5283 2300 5330 et
2323 5275 2565 5338 dolores,
2595 5283 2652 5329 et
2707 5273 2917 5338 herbae,
2951 5281 3007 5326 et
3044 5270 3239 5340 spinae,
3289 5278 3348 5324 et
3406 5269 3618 5332 tribuli,
3644 5276 3700 5321 et
3731 5263 3815 5318 tri-

2247 5367 2422 5432 stitia,
2466 5366 2652 5420 omnia
2684 5365 2975 5434 hucusque
3007 5363 3253 5428 luerunt,
3285 5362 3466 5418 donec
3496 5368 3676 5415 morte
3697 5357 3815 5412 aﬂ'e-

2247 5463 2371 5511 ctus
2410 5471 2671 5511 reversus
2704 5466 2788 5509 est
2827 5455 2882 5509 in
2903 5453 3183 5524 propriam
3218 5461 3422 5508 terram
3447 5468 3515 5507 ex
3547 5467 3655 5520 qua
3681 5463 3810 5504 sum-

2247 5560 2376 5623 plus
2407 5559 2512 5616 est,
2544 5566 2611 5605 ex
2638 5566 2745 5620 qua
2776 5549 2942 5605 etiam
2977 5548 3084 5602 fuit
3121 5554 3437 5616 assumptus
3487 5558 3615 5598 cum
3651 5537 3814 5598 sancti

634 5758 748 5788 ’Μ’
771 5757 931 5811 Joan.
965 5771 1074 5816 ενι,
1097 5755 1184 5810 28.
1247 5757 1292 5788 υ
1327 5755 1486 5809 Joan.
1511 5771 1626 5817 vni,
1651 5755 1741 5810 25.
1799 5756 1843 5786 ”
1866 5754 2172 5818 Coloss.m,
2203 5755 2256 5809 2.
2335 5753 2382 5786 ³⁸
2413 5753 2556 5808 Psal.
2587 5769 2635 5810 c.
2656 5754 2707 5809 8.
2779 5754 2822 5784 "
2849 5752 2992 5807 Psal.
3021 5766 3132 5805 Clll.
3162 5750 3248 5804 35.
3325 5749 3372 5780 "
3397 5747 3540 5804 Psal.
3570 5762 3742 5810 um,
3763 5745 3808 5802 3-

565 5827 612 5858 "
664 5828 826 5884 Deut.
870 5843 942 5890 iv,
993 5826 1082 5881 Μ.
1160 5825 1204 5858 ⁵⁸
1235 5826 1437 5897 Ephes.
1469 5842 1541 5891 iv,
1578 5825 1666 5879 30.
1747 5827 1790 5859 ”
1824 5825 1929 5881 Isa.
1956 5841 2008 5881 v.
2050 5825 2101 5879 ι.

2184 5824 2198 5856 ⁸
2225 5823 2365 5879 Luc.
2387 5839 2516 5888 xx",
2547 5825 2633 5879 ιω.
