4080 6570
314 386 461 454 1019

1436 393 1517 458 IN
1547 388 2071 457 IIEXAEMERON
2097 355 2243 454 LIB.
2266 390 2372 456 XI.

3433 394 3573 467 1050

301 503 564 575 corporis
592 508 786 556 natura
820 501 1030 563 eterra
1074 501 1257 572 genita
1284 541 1299 566 ,
1332 511 1709 571 congruenter
1760 501 1887 554 voci
1924 508 1964 559 Α
1996 497 2131 554 Nam
2166 510 2221 556 et
2253 501 2308 556 in
2337 500 2451 556 Deo
2482 510 2536 557 et
2578 501 2790 573 angelis
2820 513 2875 558 et
2908 502 2964 558 in
3016 501 3334 563 hominibus
3372 523 3575 581 conge-

303 611 438 666 quae
464 596 513 651 ei
547 595 704 660 dixit,
735 594 897 649 Terra
930 611 1005 661 ea,
1041 603 1101 649 ut
1124 594 1219 665 qui
1250 596 1328 649 sis
1354 597 1541 658 homo,
1563 605 1613 649 et
1644 596 1698 649 in
1727 594 1891 648 aliam

308 696 514 740 terram
566 684 843 738 reverteris
884 683 1207 738 caelestem:
1244 682 1298 736 in
1343 690 1545 737 terram
1589 682 1895 752 spiritualis

307 776 573 840 Israelis,
629 790 771 829 vera:
813 783 1017 829 nostra:
1067 773 1122 828 in
1181 773 1337 828 caelis
1381 772 1798 843 promissionis,
1842 773 1893 826 in

308 878 523 923 terram
577 867 792 922 mitium
826 905 845 931 ,
888 867 943 921 in
998 874 1201 921 terram
1255 873 1541 930 salictam,
1586 864 1641 918 in
1694 872 1895 919 terram

308 966 372 1012 et
442 958 717 1027 regionem
782 957 1080 1012 viventium
1172 966 1228 1012 et
1324 957 1601 1041 civitatem
1675 955 1895 1009 Domini

309 1052 606 1116 virtutum,
678 1050 985 1106 Jerusalem
1067 1050 1372 1107 caelestem.
1430 1051 1705 1117 Quoniam
1765 1062 1897 1119 ergo

308 1166 414 1219 per
450 1150 729 1204 mulierem
768 1150 934 1203 vitam
957 1188 973 1213 ,
1009 1163 1174 1218 quam
1203 1164 1269 1202 ex
1315 1164 1419 1204 suo
1458 1148 1668 1218 peperit
1703 1147 1893 1212 latere,

308 1256 515 1295 somno
556 1241 771 1310 sopitus
799 1240 891 1310 qui
928 1248 1177 1295 naturam
1213 1240 1489 1303 vivificat,
1532 1251 1586 1294 et
1616 1238 1698 1294 sic
1727 1253 1790 1294 ea
1813 1246 1899 1294 est

308 1343 575 1387 euectus
596 1332 690 1400 qui
719 1332 887 1386 dicit:
929 1331 1038 1403 Ego
1070 1348 1187 1386 sum
1216 1333 1323 1387 vita
1346 1334 1399 1398 ²;
1434 1333 1547 1385 hare
1579 1331 1720 1386 facta
1746 1340 1892 1397 sunt,

306 1434 373 1479 et
400 1425 552 1480 venit
580 1425 634 1478 in
666 1424 964 1491 mundum,
994 1434 1046 1480 et
1089 1439 1187 1495 per
1228 1424 1403 1494 ipsam
1448 1423 1704 1479 dissolvit
1738 1438 1896 1477 mor-

308 1522 449 1576 tem,
482 1520 536 1567 et
566 1527 660 1581 per
692 1512 867 1581 ipsam
901 1513 1198 1567 viviticavit
1230 1513 1319 1568 illa
1352 1513 1603 1583 gentium
1633 1513 1895 1568 animalia

309 1620 442 1675 qua:
468 1607 520 1659 in
553 1605 867 1674 paradisum
907 1605 974 1660 ad
1009 1607 1185 1675 ipsum
1226 1608 1440 1661 fuerant
1482 1605 1812 1671 introducta,
1843 1615 1899 1661 et

309 1711 418 1768 per
442 1697 613 1766 ipsum
640 1697 937 1752 vivificavit
970 1707 1221 1752 mortuos
1248 1714 1315 1752 ex
1347 1698 1562 1759 inferis,
1593 1707 1649 1752 et
1675 1697 1896 1753 mortali

310 1796 529 1842 natura:
554 1787 722 1842 vitam
754 1798 840 1843 est
875 1788 1137 1859 largitus:
1168 1804 1233 1844 ea
1268 1789 1336 1845 de
1373 1805 1540 1871 causa
1580 1799 1635 1845 et
1675 1804 1893 1861 poenam

1995 591 2107 646 nita
2128 601 2213 649 est
2247 593 2379 649 vita.
2422 592 2695 648 Existimo
2742 605 2926 650 autem
2983 604 3039 650 et
3087 608 3376 667 propterea
3425 603 3571 672 quod

1994 680 2239 737 Ecclesia
2269 683 2341 738 sit
2369 684 2666 738 multorum
2702 700 2960 755 generum
3008 692 3064 741 et
3094 688 3393 745 multarum
3441 707 3575 763 gen-

1997 781 2155 843 tium,
2186 778 2395 832 habens
2419 794 2579 833 suum
2606 794 2806 849 corpus
2836 786 2889 833 et
2922 780 3318 850 plenitudinem
3350 799 3418 839 ex
3459 786 3577 840 uni-

1994 886 2159 925 verso
2188 885 2388 940 genere
2416 871 2572 940 quod
2608 881 2694 927 est
2738 874 2843 927 sub
2889 874 3062 929 caelo:
3109 876 3412 933 vindicavit
3466 879 3573 935 sibi

1997 977 2192 1016 nomen
2239 963 2480 1017 maxime
2543 966 2826 1033 generale:
2870 966 3151 1035 quomodo
3212 968 3303 1024 illa
3354 986 3577 1042 quoque

1997 1054 2262 1110 terribilis
2286 1064 2341 1109 et
2361 1057 2629 1126 stupenda
2661 1055 2832 1111 bestia
2870 1059 3015 1128 apud
3068 1059 3343 1116 Danielem
3380 1062 3578 1134 τίμιαι

1997 1156 2149 1201 caret
2197 1147 2441 1212 nomine,
2485 1156 2539 1203 et
2568 1163 2678 1201 non
2727 1148 2891 1202 habet
2934 1151 3215 1220 (tanquam
3246 1154 3444 1223 aliena)
3476 1170 3578 1210 no-

1998 1255 2121 1295 men
2149 1241 2483 1307 consistens,
2514 1250 2801 1310 propterea
2834 1242 2977 1311 quod
3027 1243 3140 1311 ipsa
3174 1260 3394 1316 quoque
3425 1250 3578 1315 prius

1997 1331 2274 1387 describat
2317 1347 2381 1385 ac
2415 1334 2610 1401 figuret
2654 1347 2881 1400 regnum
2931 1331 3304 1390 Romanorum
3336 1347 3390 1391 et
3420 1338 3580 1394 Chri-

1998 1422 2326 1475 stianorum.
2357 1420 2585 1487 Oportet
2612 1429 2793 1475 autem
2825 1428 3020 1491 praeter
3047 1422 3159 1479 haec
3178 1426 3362 1479 omnia
3397 1429 3583 1481 adver-

1996 1520 2145 1576 tere,
2192 1512 2472 1582 quomodo
2528 1512 2643 1567 hzec
2715 1511 3020 1581 spiritualis
3088 1515 3292 1583 conjux
3351 1517 3581 1572 secundi

1997 1604 2214 1670 Adami,
2264 1620 2296 1660 a
2338 1603 2600 1660 deteriori
2639 1605 2859 1659 nomine
2895 1604 3127 1675 profecit
3174 1606 3228 1661 in
3273 1609 3489 1665 melius.
3522 1608 3582 1664 In

1998 1697 2269 1768 principio
2297 1697 2445 1751 enim
2481 1705 2673 1751 vocata
2705 1706 2789 1751 est
2823 1695 3015 1760 Costa,
3051 1706 3104 1752 et
3134 1706 3281 1753 secta
3318 1714 3414 1753 seu
3438 1701 3581 1755 divi-

1999 1805 2093 1845 sa:
2137 1790 2501 1860 significante,
2550 1798 2609 1844 ut
2651 1790 2917 1856 arbitror,
2968 1790 3071 1845 hac
3111 1793 3488 1860 amputatione
3527 1802 3583 1850 et

308 1882 515 1937 mortis
549 1881 719 1936 subiit
745 1897 922 1938 novus
952 1884 1151 1946 Adam,
1193 1891 1250 1937 et
1290 1863 1490 1937 nomen
1518 1897 1637 1937 sua:
1680 1883 1893 1947 uxoris,
1930 1862 1973 1919 Β
2005 1884 2279 1941 divisione
2306 1883 2669 1940 defectionem
2713 1897 2742 1937 a
2776 1882 2887 1938 Deo
2918 1899 3040 1954 qua:
3070 1895 3187 1939 erat
3208 1885 3256 1940 ei
3294 1897 3579 1943 eventura.

312 1974 541 2045 (nempe
565 1973 845 2046 Ecclesiae)
898 1976 1084 2045 posuit
1124 1975 1292 2029 vitam
1347 1975 1609 2045 quoniam
1656 1974 1775 2045 ipsa
1813 1982 1899 2028 est

313 2078 499 2120 mater
519 2066 757 2119 omnium
789 2067 1075 2120 uiuentium
1124 2068 1166 2133 ³,
1208 2066 1537 2123 absconsum
1584 2065 1638 2119 in
1675 2064 1900 2120 Christo

310 2156 490 2211 vitam
542 2156 586 2212 ⁵.
654 2156 795 2213 Hinc
858 2158 1125 2214 docemur
1187 2174 1445 2229 magnam
1519 2156 1898 2213 admirabilem

316 2248 582 2305 Ecclesiae
608 2250 1014 2320 gloriationem.
1064 2251 1228 2306 Beata
1259 2262 1316 2307 et
1358 2262 1438 2306 ter
1464 2251 1622 2307 beata
1658 2259 1746 2306 est
1775 2265 1902 2320 spes

311 2343 456 2397 etin
496 2342 664 2397 altum
705 2343 872 2398 elatio
904 2343 1371 2400 Christianorum.
1407 2342 1543 2398 Nam
1571 2359 1668 2413 per
1692 2359 1755 2399 ea
1778 2359 1902 2414 quae

314 2434 471 2491 dicta
503 2446 631 2491 sunt
661 2436 927 2493 discimus
959 2439 1105 2508 quod
1132 2453 1326 2492 omnes
1356 2438 1583 2507 reliqua:
1614 2436 1747 2491 fides
1780 2453 1904 2507 quae

315 2542 454 2588 sunt
492 2535 544 2588 in
573 2533 780 2588 mundo
811 2539 943 2587 sunt
972 2540 1224 2593 mortuae,
1251 2542 1305 2584 et
1328 2539 1534 2583 matres
1558 2537 1902 2582 mortuorum

315 2623 650 2694 populorum
682 2630 737 2677 et
765 2624 1033 2692 gentium,
1078 2630 1133 2673 ut
1165 2635 1289 2689 qua:
1319 2618 1371 2672 in
1398 2632 1457 2673 se
1488 2631 1596 2671 non
1627 2614 1905 2670 habebant

315 2731 450 2770 eum
482 2718 574 2785 qui
605 2714 758 2780 dicit,
799 2713 911 2783 Ego
942 2729 1057 2767 sum
1092 2713 1222 2776 vita,
1268 2726 1447 2782 neque
1489 2718 1814 2782 regenerant
1850 2718 1904 2764 et

319 2808 605 2862 \‘ivilicant
632 2823 728 2878 per
754 2816 971 2861 uterqu
1005 2820 1161 2873 aqua:
1196 2813 1250 2857 et
1276 2803 1541 2875 Spiritus,
1578 2820 1710 2860 suos
1760 2803 1903 2860 filios

316 2910 381 2955 et
406 2900 664 2971 populos:
708 2899 805 2956 sed
828 2906 957 2954 sunt
984 2900 1103 2953 sine
1138 2897 1351 2952 semine
1372 2937 1387 2963 ,
1422 2906 1477 2952 et
1508 2897 1683 2953 vidua:
1731 2896 1903 2951 fontis

317 2994 472 3059 vitae,
509 3008 615 3047 non
655 2991 902 3047 fruentes
935 3004 1076 3061 aqua
1102 2989 1224 3044 viva
1274 2998 1329 3044 et
1366 2989 1597 3044 saliente
1642 2989 1696 3044 in
1732 2989 1903 3044 vitam

316 3097 607 3141 mternam.

399 3176 529 3232 Sola
553 3191 682 3248 ergo
713 3175 831 3247 ejus
859 3174 1100 3231 Ecclesia
1135 3175 1341 3231 dicitur
1383 3184 1437 3230 et
1478 3173 1589 3228 vita
1629 3181 1685 3227 et
1726 3181 1904 3229 mater

318 3268 931 3325 onmium'viventium.
956 3266 1023 3320 Et
1062 3275 1350 3337 propterea
1391 3266 1512 3336 ejus
1551 3265 1718 3320 etiam
1767 3281 1905 3321 uxor

242 3406 247 3415 .
319 3371 411 3417 est
439 3373 647 3426 mater,
682 3373 795 3414 non
841 3368 1184 3414 mortuorum
1228 3359 1322 3414 sed
1348 3358 1584 3413 omnium
1620 3358 1906 3412 virentium

320 3455 609 3511 Christum
654 3468 839 3507 veram
884 3452 1085 3518 vitam;
1132 3463 1185 3507 et
1228 3450 1545 3520 quicunque
1592 3465 1659 3504 ex
1697 3466 1762 3506 ea
1796 3464 1905 3505 non

324 3548 597 3611 nascitur,
649 3556 732 3601 est
766 3553 1019 3600 mortuus
1062 3553 1307 3615 peccato.
1350 3543 1671 3614 Corporalis
1721 3550 1906 3597 autem

324 3639 531 3694 mulier
552 3638 744 3691 Adami
777 3636 1107 3707 corporalis,
1136 3652 1246 3691 non
1282 3647 1365 3691 est
1406 3645 1578 3689 mater
1608 3634 1905 3691 viventium

323 3732 423 3785 sed
466 3740 810 3785 mortuorum
862 3730 1171 3784 hominum.
1220 3728 1298 3783 De
1348 3729 1452 3784 hac
1480 3740 1664 3783 autem
1732 3738 1908 3783 matre

323 3824 627 3895 spirituali,
660 3839 770 3878 non
806 3824 940 3879 dicit
974 3823 1119 3893 quod
1143 3822 1216 3877 sit
1251 3831 1424 3876 mater
1449 3822 1694 3876 omnium
1725 3819 1908 3874 homi-

326 3931 484 3980 num,
538 3915 633 3970 sed
682 3926 857 3969 mater
895 3915 1140 3968 omnium
1183 3912 1527 3978 viventium,
1571 3922 1634 3967 ut
1672 3927 1794 3983 quae
1838 3912 1911 3965 sit

326 4009 462 4073 vita,
498 4016 555 4063 et
588 4023 651 4062 ea
677 4008 746 4063 de
780 4022 949 4064 causa
993 4006 1220 4061 omnino
1259 4020 1371 4060 non
1406 4004 1711 4059 nominavit
1764 4004 1909 4059 Deus

326 4103 385 4156 in
432 4102 551 4171 ejus
586 4116 776 4171 paena,
844 4109 1117 4155 mortem:
1167 4098 1615 4170 quandoquidem
1658 4113 1781 4153 cum
1838 4097 1911 4151 sit

325 4196 441 4250 vita
471 4193 775 4249 secundum
800 4201 1075 4257 naturam,
1102 4200 1185 4246 est
1213 4190 1391 4246 aliena
1416 4190 1446 4244 ξι
1477 4199 1673 4254 morte,
1694 4205 1910 4259 perma-

324 4302 467 4343 nens
496 4295 722 4339 aaterna.
756 4282 813 4339 Si
852 4292 1034 4338 autem
1069 4297 1154 4336 me
1202 4297 1350 4336 nunc
1381 4291 1539 4353 urget
1585 4280 1807 4337 Iudaeus
1851 4290 1909 4336 ut

324 4378 629 4448 intelligam
655 4376 996 4447 corporalem
1028 4374 1224 4429 Adami
1265 4390 1490 4429 uxorem
1527 4382 1755 4429 matrem
1787 4388 1908 4428 om-

324 4472 483 4525 nium
511 4469 812 4524 viventium
844 4486 857 4523 :
893 4482 1120 4523 necesse
1143 4476 1228 4522 est
1251 4468 1480 4521 omnino
1508 4477 1567 4521 ut
1589 4467 1763 4522 dicam
1784 4482 1903 4522 eam

2007 1976 2212 2033 Deinde
2252 1984 2376 2046 post
2420 1974 2526 2029 hoc
2560 1974 2828 2029 aedificata
2868 1982 2923 2028 et
2964 1975 3017 2029 in
3075 1976 3271 2030 melius
3302 1977 3581 2033 excitata:

2006 2076 2291 2137 prepterea
2323 2064 2469 2136 quod
2486 2064 2554 2119 ad
2576 2064 2758 2118 virum
2791 2064 3071 2119 Christum
3105 2068 3582 2138 appropinquarit,

2007 2159 2281 2231 appellata
2325 2168 2410 2214 est
2464 2158 2681 2212 mulier.
2740 2156 3031 2212 Postremo
3089 2168 3275 2214 autem
3333 2162 3575 2217 omnium

2008 2252 2277 2321 appellata
2308 2259 2393 2306 est
2428 2247 2554 2304 Vita
2577 2294 2594 2317 ,
2633 2259 2696 2304 ut
2736 2265 2859 2318 qua:
2886 2265 2916 2303 a
2963 2260 3140 2305 morte
3189 2251 3488 2322 profecerit
3517 2254 3585 2310 ad

2007 2345 2199 2400 vitam.
2231 2342 2328 2398 Vir
2355 2353 2534 2398 autem
2565 2343 2687 2413 ejus
2724 2358 2834 2397 non
2876 2342 2973 2410 ita,
3006 2345 3099 2398 sed
3142 2359 3209 2400 ex
3242 2347 3454 2402 meliori
3486 2364 3589 2403 no-

2009 2440 2158 2494 mine
2185 2437 2386 2507 accipit
2413 2437 2586 2507 pejus.
2622 2437 2677 2490 In
2705 2437 2897 2507 primis
2945 2438 3090 2492 enim
3125 2437 3298 2493 Adam
3326 2456 3585 2509 maguum

2008 2530 2275 2584 honorem
2310 2537 2366 2582 et
2392 2527 2620 2599 gloriam
2648 2528 2911 2597 adeptus,
2954 2537 3013 2582 ut
3046 2530 3139 2598 qui
3170 2529 3242 2585 sit
3280 2531 3589 2599 appellatus

2010 2618 2191 2690 imago
2220 2628 2271 2674 et
2303 2619 2610 2675 similitudo
2647 2617 2780 2683 Dei;
2824 2619 3025 2674 deinde
3056 2629 3243 2689 postea
3284 2622 3589 2691 appellatus

2008 2720 2092 2765 est
2136 2711 2336 2776 homo,
2391 2720 2445 2765 et
2491 2721 2678 2782 postea
2723 2726 2917 2767 rursus
2961 2710 3176 2767 Adam:
3217 2722 3271 2767 et
3308 2724 3589 2783 postremo

2010 2802 2294 2869 omnium,
2347 2813 2529 2870 terra,
2581 2814 2642 2858 ut
2682 2819 2777 2874 per
2822 2804 2936 2859 haec
2985 2815 3171 2874 aperte
3206 2805 3483 2862 discamus
3536 2816 3591 2862 et

2009 2897 2331 2951 erudiamur
2366 2911 2709 2966 qumcunque
2736 2905 2868 2950 sunt
2899 2896 2953 2951 in
2990 2897 3348 2966 prot0plasto,
3393 2898 3586 2953 referri

2010 2984 2079 3039 ad
2130 2983 2298 3039 Evam
2346 2984 2687 3050 Ecclesium,
2732 2995 2787 3041 et
2834 2986 3105 3041 Adamum
3143 2988 3449 3043 Christum.
3498 2990 3592 3046 Sic

2009 3078 2155 3133 enim
2197 3096 2318 3132 cum
2358 3078 2410 3134 in
2442 3079 2710 3150 principio
2759 3089 2892 3135 esset
2926 3080 3179 3148 splendor
3231 3090 3283 3136 et
3314 3082 3592 3138 character

2010 3170 2321 3226 substantia:
2375 3173 2543 3240 ipsius
2568 3174 2587 3204 ⁷
2628 3172 2720 3227 Dei
2752 3173 3162 3242 inaspectabilis
3182 3215 3196 3241 ,
3226 3174 3455 3243 seipsum
3479 3175 3592 3230 exi-

2010 3261 2210 3314 naniuit
2254 3261 2390 3314 servi
2429 3260 2659 3329 formam
2714 3263 2974 3331 accipiens
3022 3263 3066 3328 ⁸,
3118 3271 3177 3316 ut
3227 3261 3469 3319 Ecclesia
3520 3280 3591 3321 ex

2008 3350 2360 3405 mendicitate
2399 3350 2675 3406 diceretur
2718 3352 2861 3407 vita:
2907 3353 2958 3406 id
3000 3352 3231 3418 effecta,
3282 3362 3335 3409 et
3367 3370 3432 3409 ex
3469 3355 3592 3425 ipso

2010 3442 2328 3507 nominata,
2373 3450 2427 3496 ct
2472 3442 2525 3497 in
2575 3443 2716 3497 libro
2760 3443 3060 3499 viventium
3108 3448 3400 3504 collocata.
3450 3448 3589 3505 Nam

2010 3534 2157 3603 quod
2186 3534 2252 3589 ad
2287 3536 2527 3606 reliquas
2557 3535 2692 3591 fides
2720 3538 2952 3603 attinet,
3000 3539 3068 3594 de
3104 3540 3186 3596 eis
3231 3541 3437 3596 dictum
3467 3550 3587 3601 est:

2013 3625 2298 3681 Deleantur
2314 3627 2377 3683 de
2399 3628 2535 3683 libro
2566 3630 2867 3697 viventium,
2889 3631 3126 3687 ﬁliorum
3161 3634 3370 3690 scilicet
3401 3635 3592 3692 Eccle-

2012 3720 2128 3784 siae,
2163 3721 2357 3777 matris
2394 3723 2715 3789 viventium,
2765 3734 2819 3779 et
2861 3741 2981 3779 cum
3001 3726 3168 3796 fustis
3210 3744 3312 3782 non
3344 3729 3588 3784 scriban-

2014 3825 2103 3868 tur
2125 3815 2167 3869 '.
2201 3814 2424 3884 lnjustaa
2446 3815 2591 3869 enim
2626 3824 2757 3870 sunt
2788 3832 2909 3886 quae
2945 3816 3116 3872 Deum
3151 3831 3506 3890 negaverunt,
3537 3836 3593 3879 et

2014 3907 2274 3977 injustum
2324 3906 2584 3963 Satanam
2650 3909 2966 3980 elegerunt:
3015 3910 3101 3965 cui
3154 3912 3318 3967 etiam
3379 3915 3590 3971 cultum

2013 4016 2110 4069 per
2158 4001 2302 4055 idola
2361 4001 2623 4056 exhibere
2684 4002 3042 4070 praetulerunt
3094 4005 3283 4061 relicta
3324 4005 3589 4065 Ecclesia.

2014 4090 2145 4158 Quae
2179 4091 2398 4161 quidem
2435 4101 2495 4146 ut
2522 4091 2649 4147 [iliis
2678 4092 2987 4160 abundans,
3011 4104 3065 4149 et
3099 4111 3241 4165 δεῖρε
3268 4096 3508 4165 pariens.
3536 4108 3592 4154 et

2015 4183 2255 4240 fecunda
2283 4184 2472 4240 sobole
2493 4225 2508 4249 ,
2538 4193 2593 4240 et
2626 4186 2829 4243 multas
2872 4187 3081 4243 habens
3110 4202 3378 4259 personas
3398 4228 3414 4254 ,
3465 4191 3592 4244 uni-

2012 4276 2224 4331 versale
2256 4276 2340 4347 (ut
2382 4277 2455 4331 ita
2489 4277 2690 4348 dicam)
2734 4279 2897 4335 habet
2931 4295 3157 4349 nomen,
3188 4281 3333 4339 sicut
3360 4291 3444 4338 est
3480 4282 3590 4338 vita

2013 4367 2362 4424 universalis.
2393 4368 2523 4439 Ejus
2553 4379 2738 4425 autem
2780 4373 2861 4428 vir
2894 4371 3148 4432 Christus
3181 4417 3198 4443 ,
3260 4384 3323 4432 ut
3368 4376 3459 4448 qui
3509 4388 3593 4436 est

2011 4461 2349 4531 unigenitus,
2377 4470 2431 4516 et
2460 4479 2623 4518 uuam
2654 4464 2861 4521 habens
2883 4482 3201 4537 personam,
3247 4487 3371 4525 cum
3408 4473 3479 4527 sit
3504 4474 3591 4527 in-

322 4576 451 4617 esse
477 4568 708 4616 matrem
736 4560 1099 4631 angelorum:
1131 4575 1257 4613 nam
1295 4560 1371 4614 illi
1398 4561 1564 4614 etiam
1603 4560 1897 4631 plusquam
1937 4568 1981 4624 ι)
2011 4551 2268 4608 dividuus
2296 4594 2309 4619 ,
2356 4554 2521 4609 unius
2564 4571 2812 4625 personae
2860 4557 3210 4629 hypostatico
3254 4562 3478 4618 nomine
3510 4574 3593 4621 est

326 4668 431 4710 nos
454 4663 584 4709 sunt
613 4653 874 4707 viventes.
907 4650 1048 4718 Quid
1079 4651 1250 4720 ergo?
1280 4650 1494 4722 inquit:
1523 4650 1765 4707 Ecclesia
1793 4660 1906 4707 est-

325 4761 398 4800 ne
429 4746 594 4800 etiam
624 4753 800 4799 mater
823 4740 1187 4814 angelorum?
1218 4740 1577 4812 Nequaquam
1604 4760 1618 4809 ;
1651 4744 1743 4797 sed
1770 4758 1906 4813 quo-

328 4838 478 4891 niam
513 4838 596 4891 vir
627 4836 748 4906 ejus
780 4846 863 4890 est
900 4850 1091 4891 eorum
1125 4843 1365 4901 creator,
1416 4834 1711 4904 adoptione
1738 4836 1902 4890 etiam

322 4928 528 4983 dicitur
549 4943 739 4982 eorum
766 4936 960 4982 mater.
988 4926 1259 4994 Quoniam
1277 4926 1425 4996 ipsos
1453 4927 1615 4981 etiam
1640 4925 1904 4995 fecitejus

325 5019 831 5075 administratorios
879 5019 1149 5090 spiritus,
1185 5018 1281 5088 qui
1317 5018 1603 5072 mittuntur
1635 5018 1703 5072 ad
1745 5020 1907 5073 mini-

325 5112 550 5167 sterium
582 5113 625 5177 ⁵,
659 5112 727 5167 ad
762 5128 884 5166 eam
920 5119 975 5166 et
1002 5126 1099 5182 pro
1129 5125 1219 5165 eo.
1242 5109 1469 5180 Oportet
1499 5111 1645 5165 enim
1669 5126 1765 5166 eos
1794 5127 1909 5166 ser-

324 5206 445 5260 vire
504 5205 776 5276 adoptiva:
820 5204 982 5259 matri
1031 5213 1085 5259 et
1129 5203 1349 5273 conjugi
1402 5203 1505 5258 viri
1548 5203 1668 5272 ejus
1708 5212 1762 5257 et
1810 5202 1909 5258 Dei

325 5296 599 5367 ipsorum.
632 5294 787 5350 Unde
815 5311 940 5350 eum
965 5296 1150 5350 omnia
1175 5296 1455 5350 contineat
1481 5305 1535 5351 et
1561 5295 1727 5358 vivat,
1766 5294 1911 5352 Deus

326 5388 588 5457 imposuit
609 5387 658 5441 ei
691 5402 889 5441 nomen
926 5387 1163 5441 maxime
1187 5387 1440 5458 generale
1466 5396 1521 5442 et
1542 5388 1905 5458 comprehen-

326 5481 499 5535 dens:
531 5495 652 5534 eam
683 5480 965 5549 appellans
988 5478 1195 5543 vitam;
1227 5478 1499 5548 siquidem
1529 5479 1637 5533 vita
1684 5495 1791 5533 non
1818 5488 1903 5535 est

324 5585 528 5627 nomen
556 5571 880 5643 personale,
925 5571 1017 5626 sed
1066 5570 1263 5626 uniens
1302 5577 1357 5626 et
1400 5571 1895 5642 comprehendens.

394 5773 415 5803 '
445 5773 640 5829 lJoan.
666 5789 741 5837 ιι,
768 5772 878 5839 25;
912 5772 998 5835 η,
1024 5770 1076 5825 6.

325 5853 370 5910 Ι.
399 5843 455 5900 ὃ.
524 5843 546 5876 ⁸
578 5844 809 5914 Philipp.
838 5859 899 5908 tl,
927 5843 979 5897 6.
1057 5843 1077 5875 ’
1106 5841 1254 5897 l‘sal.
1281 5857 1472 5908 txvm,
1506 5843 1597 5899 29.

1159 5771 1179 5803 ³
1203 5771 1339 5845 Gen.
1400 5786 1482 5834 In.
1516 5773 1609 5845 29.
1686 5773 1704 5807 ⁵
1727 5775 1941 5834 Coloss.
2002 5793 2083 5845 tu,
2118 5780 2170 5837 5.

2013 4643 2351 4699 nominatus.
2373 4643 2551 4714 Atque
2572 4654 2816 4715 poteram
2842 4647 3062 4716 quidem
3098 4650 3187 4703 hic
3209 4667 3430 4722 quoque
3462 4670 3593 4709 cou-

2012 4735 2236 4789 tendere
2279 4736 2546 4792 adversus
2595 4737 3045 4809 Samaritanum;
3082 4743 3176 4798 sed
3210 4746 3257 4799 si
3289 4747 3458 4802 multa
3501 4748 3590 4802 di-

2011 4841 2155 4893 cam,
2189 4828 2357 4881 timeo
2402 4829 2710 4884 satietatem
2745 4832 3086 4886 auditorum.
3128 4831 3247 4902 ipse
3290 4836 3436 4890 enim
3463 4852 3591 4891 cor-

2012 4920 2252 4989 poralem
2297 4920 2494 4976 Adami
2541 4938 2766 4978 uxorem
2794 4922 2985 4980 dicens
3022 4934 3077 4980 et
3123 4926 3435 4998 intelligens
3465 4945 3589 4986 esse

2011 5022 2238 5067 matrem
2262 5014 2509 5069 omnium
2534 5016 2861 5083 viventium,
2900 5019 3212 5075 necessario
3251 5021 3334 5077 vel
3386 5023 3589 5079 invitus

2008 5104 2211 5159 fatetur
2240 5121 2366 5161 esse
2399 5108 2643 5162 viventes
2668 5110 2881 5165 animas
2913 5111 3232 5167 hominum:
3277 5113 3361 5168 sin
3404 5126 3587 5172 autem

2008 5196 2142 5252 dicit
2164 5199 2484 5266 morientes,
2540 5202 2711 5257 Deum
2777 5204 3019 5259 ostendit
3065 5221 3187 5261 esse
3242 5208 3585 5263 mendacem.

2008 5288 2128 5343 Non
2182 5290 2295 5359 jam
2340 5291 2617 5351 invenitur
2673 5297 2871 5352 mulier
2909 5307 3088 5353 mater
3137 5300 3439 5356 viventium
3491 5302 3588 5357 sed

2014 5401 2386 5456 mortuorum,
2440 5391 2505 5444 ad
2554 5390 2967 5445 similitudinem
3004 5391 3405 5462 jumentorum.
3450 5394 3588 5451 Nam
3678 5434 3687 5441 ς

2012 5484 2155 5552 quod
2190 5484 2385 5538 attinet
2417 5482 2486 5537 ad
2530 5481 2971 5548 Samaritanum,
3015 5492 3071 5539 et
3121 5489 3275 5541 canis
3323 5496 3379 5541 et
3431 5488 3587 5542 asina

2007 5573 2119 5645 jam
2169 5586 2299 5631 sunt
2344 5588 2549 5632 matres
2613 5577 2863 5632 omnium
2923 5577 3265 5636 viventium:
3312 5579 3585 5651 siquidem

2251 5780 2454 5840 'llebr.
2481 5784 2630 5849 1,”.

2708 5784 2888 5843 ‘Dan.
2942 5804 3039 5853 vn,
3086 5789 3293 5861 lseqq.
3375 5789 3581 5848 ’llebl’.
