3792 6574
458 356 593 427 1051

1670 358 1733 444 Su.
1776 355 2175 419 ANASTASII
2212 359 2542 422 SINAITxE

3597 370 3709 434 163!

458 470 605 526 nulla
645 476 730 524 est
759 465 1070 522 diﬂerentia
1100 464 1299 522 animae
1342 464 1599 523 animalis
1624 477 1679 523 ct
1709 469 1908 524 animae
1946 469 2046 524 lio-
2076 476 2119 533 Α
2149 487 2336 526 sorum
2364 472 2497 543 Regi
2537 473 2763 530 Christo
2786 475 3039 546 [gloriam
3077 480 3446 547 emittamus,
3490 497 3631 541 nunc
3668 502 3711 543 cl

460 563 649 618 minis.
698 562 804 617 Sed
835 548 926 617 isti
969 560 1190 631 quidem
1219 576 1378 616 suam
1412 561 1616 617 erroris
1665 562 1807 616 viam
1856 562 2041 633 ingre-

458 658 723 712 diantur:
758 669 859 711 nos
887 663 1079 717 autem
1109 654 1202 710 hic
1228 654 1432 709 librum
1470 655 1723 711 tinientes
1747 697 1764 722 ,
1821 655 2044 711 univer-

2146 579 2364 635 semper
2382 575 2438 622 et
2464 566 2520 621 in
2553 568 2757 624 saecula
2789 570 3142 629 saeculorum.
3194 574 3395 629 Amen.

466 876 3692 907 ’Μ

1017 1034 1368 1169 ΤΟΥ
1463 1029 1991 1167 ΑΓΙΟΥ
2097 1028 3174 1173 ΑΝΑΣΤΑΣΙΟΥ

956 1266 1069 1323 ΕΙΣ
1106 1264 1251 1321 ΤΗΝ
1309 1264 1836 1322 ΠΝΕΥΜΔΤΙΚΗΝ
1869 1264 2246 1322 ΑΝΑΓΩΓΗΝ
2285 1267 2426 1324 ΤΟΥ
2475 1266 2902 1327 ΕΞΔΗΜΕΡΟΥ
2936 1272 3232 1329 ΚΤΙΣΕΩΣ

1488 1429 1861 1521 ΛΟΓΟΣ
1934 1426 2604 1522 ΔΩΔΕΚΑΤΟΣ
2643 1432 2710 1522 ⁸.

1327 1789 1895 1922 SANCTI
1990 1791 2845 1929 ANASTASII

977 2030 1058 2092 ΙΝ
1092 2028 1635 2095 SPIRITUALEM
1672 2030 2122 2097 ANAGOGEN
2148 2032 2692 2098 HEXAEMERE
2723 2035 3212 2101 CREATIONIS

1447 2210 1797 2301 LIBER
1900 2210 2732 2308 DUODECIMUS.

534 2562 684 2619 Fecit
726 2573 932 2631 quoque
962 2556 1224 2613 Dominus
1269 2554 1413 2612 Deus
1437 2556 1571 2614 Adae
1618 2566 1669 2613 et
1713 2559 1871 2613 uxori
1918 2558 2034 2630 ejus
2067 2566 2110 2622 Β
2206 2558 2319 2615 Kal
2355 2559 2447 2615 sm

2206 2558 2319 2615 Kal
2355 2559 2689 2628 ἐποιήσατο
2720 2562 2934 2634 Κύριος
2971 2567 3006 2620 ὀ
3033 2566 3177 2633 Θεὸς
3206 2566 3286 2633 τῷ
3306 2569 3497 2641 Ἀδὰμ
3526 2572 3617 2626 καί
3644 2573 3701 2640 τῇ

459 2656 668 2711 tunicas
698 2653 972 2724 pelliceas,
1002 2660 1053 2705 et
1074 2650 1251 2705 induit
1280 2666 1370 2704 eos
1402 2661 1452 2704 ι.
1481 2650 1717 2718 Quinam
1747 2652 2037 2722 verojudi-

456 2749 565 2804 cati
596 2745 674 2800 illi
703 2753 758 2799 et
788 2741 1163 2806 condemnati,
1193 2740 1281 2795 dic
1324 2754 1534 2811 quaeso,
1572 2741 1665 2811 qui
1709 2741 1777 2796 ab
1812 2741 2041 2797 immor-

459 2841 662 2898 talibus
696 2836 955 2892 manibus
973 2834 1370 2905 omnipotentis
1403 2835 1520 2899 Dei,
1552 2834 1728 2890 instar
1755 2835 1907 2905 nupti
1932 2852 2034 2890 nu--

458 2943 675 3005 ptzeque
700 2929 899 2995 induti,
941 2927 1185 2992 deducti,
1221 2925 1400 2981 ornati
1436 2925 1503 2981 ad
1537 2941 1707 2982 novas
1740 2926 1902 2981 veluti
1936 2944 2040 2981 nu-

459 3028 602 3098 ptias
625 3020 1058 3091 comparantur?
1090 3034 1269 3090 neque
1290 3019 1435 3073 enim
1468 3018 1717 3074 mortalis
1746 3018 1891 3074 ullus
1920 3034 2037 3084 rex,

464 3135 640 3191 neque
673 3116 900 3172 humilis
935 3113 1190 3185 princeps
1221 3112 1461 3183 propriis
1490 3113 1607 3168 suis
1650 3113 1905 3168 manibus
1935 3112 2039 3166 lio-

461 3222 573 3269 stes
619 3226 751 3266 suos
795 3207 1016 3263 ornabit
1056 3205 1140 3260 Vel
1188 3203 1470 3260 ornandus
1521 3204 1645 3260 aliis
1680 3204 1880 3259 tradet.
1928 3202 2040 3257 lmo

462 3305 648 3376 potius
697 3306 893 3357 exutos
942 3312 1039 3354 eos
1078 3304 1133 3352 et
1179 3295 1465 3367 suppliciis
1512 3294 1737 3350 affectos
1779 3304 1833 3349 et
1866 3294 2042 3348 nudos

462 3393 649 3453 currui
698 3391 953 3463 religatos
1007 3388 1299 3444 traducens
1351 3389 1723 3459 triumphatos
1771 3386 2041 3441 incarce-

463 3504 578 3545 rem
618 3485 890 3544 detrudet.
950 3481 1142 3539 Nonne
1186 3480 1352 3551 igitur
1392 3480 1712 3553 mysterium
1766 3477 1928 3533 nobis
1951 3476 2045 3531 ali-

463 3582 609 3653 quod
680 3576 1101 3649 subsignilicare
1156 3574 1407 3629 videntur
1469 3573 1672 3628 tunica:
1724 3572 1831 3626 illa:
1888 3570 2043 3641 pelli-

464 3677 612 3733 (ιρωῖ
672 3674 1001 3742 Quicunque
1048 3669 1194 3726 enim
1228 3683 1260 3723 a
1292 3663 1407 3723 Deo
1460 3667 1705 3721 induitur
1739 3673 1793 3720 et
1845 3664 2046 3735 tegitur

463 3770 519 3822 in
546 3764 874 3837 protectionc
909 3760 1008 3814 Dei
1037 3757 1152 3813 caeli
1180 3755 1594 3812 commorabitur
1626 3755 1674 3808 ι).
1714 3753 1925 3810 Nedum
1951 3755 2045 3825 ju~

463 3861 609 3917 dicio
636 3856 910 3915 obnoxius
938 3853 1113 3926 possit
1144 3850 1401 3908 inveniri.
1434 3849 1572 3905 Illud
1600 3858 1786 3904 autem
1816 3849 1904 3904 hic
1941 3866 2043 3905 no-

464 3955 551 4010 bis
595 3948 989 4007 atlcndendum
1018 3955 1123 4011 est,
1160 3943 1439 4015 quomodo
1482 3940 1631 3997 brevi
1672 3942 1887 3998 duobus
1934 3942 2043 3999 illis

464 4045 609 4104 Deus
639 4045 934 4108 diversam,
971 4056 1125 4097 suam
1157 4039 1357 4109 cuique
1389 4037 1626 4106 legitime
1657 4038 1882 4092 multam
1915 4053 2045 4108 par-

471 4140 630 4203 titus,
661 4135 849 4191 statim
882 4130 1147 4203 aequalem
1173 4128 1281 4184 illis
1308 4136 1360 4183 et
1392 4126 1649 4193 similem,
1683 4126 2044 4197 ejusdemque

462 4230 623 4303 pretii
671 4227 931 4285 veSIitum
979 4223 1276 4287 concessit,
1310 4221 1467 4291 quasi
1510 4220 1564 4275 in
1598 4235 1763 4276 unam
1806 4220 2043 4275 animam

462 4320 916 4394 conspirantibus
945 4316 1283 4387 quihusdam
1314 4321 1370 4368 et
1397 4313 1453 4367 in
1486 4327 1658 4369 unum
1694 4312 1908 4383 jugum.
1943 4310 2048 4366 Ne-

467 4432 575 4486 que
601 4416 751 4470 enim
788 4426 1034 4467 consona
1060 4418 1145 4465 est
1172 4406 1261 4463 illa
1292 4407 1590 4472 connexio,
1641 4408 1912 4478 siquidem
1946 4422 2044 4478 par

464 4507 599 4563 illud
636 4506 874 4560 divisum
910 4511 994 4559 est
1015 4517 1111 4571 per
1137 4498 1544 4555 accusationem
1585 4498 1715 4553 Adae
1766 4498 2041 4569 objectam

462 4618 493 4656 a
528 4600 661 4665 Deo,
699 4593 849 4667 quod
876 4592 1178 4648 audivisset
1208 4604 1393 4645 vocem
1426 4587 1635 4643 uxoris.
1665 4586 1832 4644 Nefas
1860 4598 2043 4647 autent

463 4694 567 4749 fuit
592 4707 714 4746 eam
741 4688 819 4744 illi
851 4702 1047 4743 rursus
1082 4683 1423 4754 conjungere
1467 4698 1590 4754 quae
1617 4682 1722 4755 ipsi
1771 4694 1963 4741 auctor
1990 4696 2047 4742 et

462 4801 630 4841 causa
669 4784 849 4839 fuerat
879 4778 1288 4838 maledictionis
1336 4786 1391 4833 et
1420 4776 1635 4833 mortis.
1689 4774 1878 4849 Neque
1912 4792 2044 4833 vero

467 4878 745 4933 maledicti
775 4884 906 4933 sunt
939 4874 1181 4944 majores
1214 4870 1421 4936 nostri,
1457 4880 1515 4926 ut
1545 4868 1768 4940 quidam
1828 4878 2041 4940 putant,

462 4973 666 5042 quippe
690 4969 769 5024 illi
801 4985 910 5023 non
942 4975 1087 5038 post,
1116 4963 1209 5022 sed
1231 4972 1358 5019 ante
1383 4960 1846 5029 maledictiouem,
1874 4979 1904 5018 a
1932 4962 2043 5020 Deo

463 5063 720 5118 vestitum
760 5061 915 5116 illum
967 5064 1322 5129 acceperunt,
1355 5055 1616 5127 pelliceas
1658 5054 1893 5111 tunicas.
1920 5054 2039 5114 Non

463 5154 611 5226 quod
663 5154 806 5209 Deus
845 5153 971 5209 illos
1015 5162 1070 5207 et
1106 5151 1319 5221 absque
1367 5149 1571 5205 tunicis
1612 5147 1741 5205 vita:
1779 5148 2042 5209 indurare

535 5330 562 5359 ι
597 5315 735 5373 Gen.
769 5330 851 5383 ιιι,
890 5313 983 5370 21.
1058 5314 1088 5355 ιι
1122 5313 1268 5372 Psal.
1299 5328 1389 5381 xc,
1423 5316 1469 5371 l.

2139 2652 2378 2722 γυναικὶ
2413 2652 2601 2708 αὑτοῦ
2628 2653 2884 2724 χιτῶνας
2914 2655 3307 2727 δερματίνους
3330 2677 3343 2691 °
3386 2664 3490 2717 καὶ
3526 2665 3699 2720 ἐνέδυε

2137 2758 2254 2798 σεν
2284 2747 2528 2813 αὐτούς.
2562 2747 2674 2801 Καὶ
2716 2749 2861 2802 ποῖοι
2887 2740 3033 2804 οῦτοι
3064 2753 3371 2821 κατάδικοι,
3398 2756 3433 2828 ἢ
3467 2757 3700 2827 κατάκρι-

2138 2851 2241 2902 τοι,
2264 2835 2386 2888 εἰπέ
2425 2854 2540 2909 μοι,
2571 2840 2618 2892 οί
2650 2838 2755 2892 ὑπὸ
2781 2840 3072 2911 ἀχράντων
3100 2845 3195 2899 καὶ
3221 2844 3385 2901 θείων
3411 2849 3609 2921 χειρῶν
3624 2848 3696 2901 τοῦ

2142 2928 2580 3000 παντοκράτορος
2612 2929 2770 2998 Θεοῦ,
2808 2931 2964 3005 δίκην
2994 2935 3229 3006 νυμφίου
3262 2940 3359 2993 καὶ
3389 2938 3608 3011 νύμφης
3630 2941 3697 2992 Ev-

2139 3018 2412 3090 δυόμενοι,
2464 3022 2561 3075 καὶ
2609 3022 2992 3096 συναγόμενοι,
3039 3028 3135 3081 καὶ
3183 3031 3575 3101 κοσμούμενοι,
3624 3038 3695 3085 κει

2141 3112 2303 3165 οἱονεὶ
2345 3114 2911 3187 νυμφοστολοόμενοι;
2946 3117 3071 3174 οὔτε
3107 3119 3215 3193 γὰρ
3247 3121 3510 3193 βασιλεὺς
3546 3125 3693 3196 φθαρο

2140 3201 2254 3270 τὸς,
2291 3203 2412 3257 οὐδέ
2445 3222 2530 3269 τις
2567 3205 2752 3279 ἄρχων
2779 3208 3007 3278 εὐτελὴς
3034 3213 3369 3285 κατάρξεται
3417 3217 3545 3281 τοὺς
3586 3216 3696 3277 ὅλως

2143 3296 2628 3369 προκεκρουκότας
2670 3298 2820 3372 αὐτῷ
2851 3300 2928 3374 (1)
2974 3303 3136 3369 ίδίαις
3183 3308 3374 3377 χερσὶν
3419 3309 3693 3364 ἐνδόσειτέ

2145 3402 2277 3439 ποτε
2298 3400 2315 3418 ο
2366 3386 2482 3441 ἀλλ’
2516 3386 2643 3442 οὔτε
2683 3389 2751 3443 δι’
2792 3392 2999 3465 ἑτέρων
3036 3395 3258 3467 χειρῶν.
3291 3398 3513 3453 Μᾶλλον
3542 3399 3594 3452 δὲ
3622 3400 3694 3451 ἐκ·

2142 3474 2331 3543 δύσας,
2384 3479 2479 3533 καὶ
2524 3480 2799 3549 κολάσας,
2851 3485 2951 3540 καὶ
3020 3490 3266 3558 γυμνοὺς
3307 3490 3691 3562 Granum-elisa;

2145 3566 2529 3642 Θριαμὸεύσει,
2563 3573 2658 3627 καὶ
2698 3574 2757 3629 ὲν
2803 3576 2998 3650 εἱρκτῇ
3033 3581 3408 3637 κατακλείσει.
3442 3583 3691 3640 Οὐκοῦντί

2144 3678 2279 3716 ποτε
2309 3664 2440 3735 ἡμῖν
2470 3664 2756 3736 βούλονται
2797 3668 2894 3723 καὶ
2922 3671 2973 3724 oi
3006 3673 3234 3743 χιτῶνες
3264 3670 3414 3730 οὗτοι
3439 3715 3455 3740 ,
3486 3677 3532 3731 oi
3569 3676 3687 3743 L576-

2149 3771 2302 3823 μενοι
2352 3754 2692 3827 δερμάτινοι,
2729 3761 3036 3833 μυστήριον
3084 3765 3495 3837 ὑπεμφαίνειν;
3527 3769 3578 3823 '0
3604 3767 3687 3837 γὰρ

2148 3843 2252 3898 ὑπὸ
2279 3845 2414 3900 Θεοῦ
2442 3847 2759 3921 ἐνδυόμενος
2783 3852 2877 3906 καὶ
2903 3856 3262 3927 σκεπόμενος,
3293 3860 3365 3913 ἐν
3394 3860 3581 3930 σκέπῃ
3604 3856 3685 3913 τοῦ

2149 3936 2297 3992 Θεοῦ
2327 3938 2436 3992 τοῦ
2462 3941 2725 4009 οὐρανοῦ
2754 3945 3193 4016 αὐλισθήσεται
3214 3966 3229 3981 ο
3265 3950 3388 4007 ἀλλ’
3416 3954 3477 4006 οὐ
3508 3952 3685 4007 κατάδιο

2147 4042 2261 4091 κος,
2296 4027 2422 4082 οὔτε
2448 4032 2781 4105 κατάκριτος
2806 4038 3157 4109 γνωρίζεται.
3174 4042 3385 4096 Ἐκεῖνο
3411 4044 3468 4098 δὲ
3491 4043 3679 4099 ἐνταῦθα

2146 4117 2293 4189 ἡμᾶς
2335 4124 2663 4195 γενομένους
2701 4126 3116 4186 διασκοπεῖσθαι
3146 4135 3290 4206 χρήο
3320 4136 3442 4201 πῶς
3478 4136 3680 4208 βραχέως

2144 4211 2381 4286 διάφορα
2420 4217 2515 4271 καὶ
2555 4219 2991 4293 παρηλλαγμένα
3036 4228 3151 4289 τοῖς
3199 4225 3355 4281 δυσὶν
3382 4231 3412 4283 ό
3443 4230 3565 4295 Θεὸς
3604 4228 3679 4297 ἰδίᾳ

2145 4306 2240 4358 καὶ
2288 4309 2615 4382 ἁναμέτρως
2642 4312 2722 4384 τῷ
2755 4315 3099 4389 νομιζομένῳ
3125 4319 3384 4391 ἐπιτίμια
3412 4322 3547 4388 δοὺς,
3572 4322 3679 4390 παρ’

2144 4401 2287 4457 αὐτὰ
2319 4403 2531 4475 ὁμοίαν,
2562 4408 2655 4461 καὶ
2688 4409 2828 4481 ἴσην,
2862 4412 2957 4466 καὶ
2983 4413 3250 4487 ὁμότιμον
3276 4422 3393 4482 τοῖς
3421 4420 3563 4473 δυσὶν
3590 4417 3677 4472 σκί-

2145 4510 2257 4565 πην
2307 4496 2625 4569 ἐχαρίσατο,
2668 4500 2745 4565 ὡς
2789 4503 3085 4575 όμοψύχοις
3130 4508 3242 4561 ’τισὶ⁵
3286 4511 3388 4565 καὶ
3438 4511 3676 4583 ὁμοζύγοις

2143 4586 2525 4658 τυγχάνουσιν.
2562 4592 2635 4645 Οὐ
2670 4592 2780 4665 γὰρ
2826 4599 3111 4666 συμφωνεί
3147 4598 3288 4673 αὕτη
3334 4604 3369 4673 ἠ
3424 4604 3671 4673 συνάψειν

2145 4679 2242 4733 καὶ
2264 4680 2294 4751 ἡ
2321 4680 2419 4750 μὲν
2438 4681 2568 4746 δυὰς
2592 4683 2776 4754 ἐκείνη
2806 4685 3022 4759 ἐτμήθη
3042 4690 3109 4758 τῇ
3131 4690 3393 4763 ὲγκλήσει
3423 4694 3513 4748 τοῦ
3530 4692 3672 4761 Ἀδὰμ,

2143 4773 2449 4847 τηρηθείσῃ
2484 4776 2635 4847 αὐτῷ
2680 4777 2787 4832 ὑπὸ
2836 4780 3000 4847 Θεοῦ,
3034 4781 3110 4846 ὠς
3143 4784 3447 4842 ἀκούσαντι
3482 4788 3571 4857 τῆς
3602 4803 3672 4853 γδ-

2144 4865 2350 4930 ναικός.
2375 4867 2449 4920 Οὐ
2482 4866 2592 4938 γὰρ
2620 4864 2687 4941 ἦν
2716 4868 2938 4941 θεμιτὸν
2965 4872 3129 4929 πάλιν
3155 4876 3395 4947 συνάψαι
3425 4878 3561 4949 αὑτῷ
3576 4873 3670 4929 ταύ-

2142 4978 2245 5033 την
2264 4976 2279 4991 ·
2309 4962 2425 5031 είγε
2446 4964 2731 5029 ἐπίϐουλος
2754 4967 2903 5040 αότῷ
2928 4968 3121 5038 γέγονε
3148 4971 3246 5025 καὶ
3271 4974 3528 5044 πρόξενος
3550 4969 3671 5028 θανά·

2140 5073 2235 5111 του
2255 5055 2353 5111 καὶ
2382 5058 2651 5130 κατάρας.
2682 5060 2758 5114 Οὐ
2784 5061 2987 5130 τοίνυν,
3019 5064 3163 5118 καθά
3186 5083 3334 5131 τινες
3359 5067 3569 5130 οἴονται,
3587 5067 3670 5117 ἐπι·

2138 5153 2446 5224 κατάρατοι
2479 5153 2771 5223 γεγόνασιν
2812 5156 2862 5209 οί
2912 5156 3295 5229 προπάτορες·
3345 5160 3469 5214 ἐπεὶ
3511 5158 3594 5213 οὐκ
3624 5154 3669 5208 ἄν

1972 5426 2202 5492 ΝΟΤᾹΞ.

531 5523 551 5542 ⁹
585 5518 780 5576 Editus
808 5527 895 5575 est
917 5516 1096 5575 Lond.
1131 5518 1293 5581 l682,
1318 5518 1395 5585 4°,
1432 5534 1556 5573 cum
1587 5521 1843 5576 versione
1875 5529 1927 5576 et
1955 5537 2050 5577 ca-

464 5591 857 5662 stigationibus
907 5591 1141 5645 Andreae
1171 5590 1411 5670 Dacerii,
1447 5599 1503 5670 e_t
1545 5592 1831 5670 maniissa
1859 5591 2050 5670 edito-

464 5660 559 5716 ι-ιε⁷
579 5676 734 5716 parnt
769 5677 972 5716 ALLlel
991 5660 1433 5729 expostulatione
1459 5661 1526 5715 de
1543 5660 1839 5729 suppressa
1859 5662 2044 5718 incas-

464 5749 585 5787 sum
614 5750 652 5805 _a
695 5733 972 5805 Ilieplogis
999 5732 1211 5803 aliquot
1256 5729 1691 5805 Parisiensilius.
1716 5729 1766 5786 J.
1802 5731 2040 5805 Chryso-

466 5802 627 5859 stomi
670 5804 738 5859 ad
773 5800 1074 5859 Caesarium
1093 5800 1447 5858 'monachum
1499 5800 1748 5871 epistula.

2223 5526 2300 5597 (Ι)
2336 5528 2484 5595 Τοὺς
2507 5532 3075 5601 προσκεκρουκότας
3106 5534 3290 5600 αὐτῷ.
3335 5533 3413 5590 Ita
3462 5550 3553 5589 ms.
3594 5528 3661 5586 sud

2147 5608 2356 5675 certum
2377 5610 2483 5675 ἐει
2518 5600 2619 5670 legi
2667 5602 3023 5675 deberent;
3058 5607 3525 5675 προκεκρουκότας
3554 5620 3565 5633 ο
3598 5603 3660 5675 Ιιρ·

2142 5676 2277 5744 stes,
2316 5668 2794 5744 in_iniico_s,qui_in
2831 5672 3065 5744 aliquem
3095 5668 3402 5741 uﬂ‘end'unt,
3452 5686 3501 5730 et
3527 5675 3587 5728 ita
3619 5669 3657 5723 in

2139 5738 2259 5808 ejus
2294 5738 2505 5804 odium,
2539 5738 2881 5798 inimicitiam
2923 5738 3230 5803 incurrunt.
