4080 6528
255 341 391 406 1057

1381 342 1464 403 IN
1497 342 2021 403 UEXAEMERON
2063 341 2208 402 LIB.
2253 342 2395 401 XII.

3403 340 3544 405 1053

252 458 352 506 καὶ
385 453 654 520 πονηρόν
681 467 693 485 ³
747 452 841 506 lat
892 451 1113 507 πάντων
1145 453 1240 506 καὶ
1276 453 1794 526 ὑπαναμιμνὴσκων
1823 458 1851 507 6

1958 454 2078 509 deut
2141 453 2320 522 primo
2372 461 2680 522 serpentem
2742 450 2990 518 dixisse,
3045 452 3214 508 Erilis
3262 459 3415 524 quasi
3466 459 3542 510 dii

252 546 386 610 Θεὸς
411 544 604 610 ταῦτα,
627 544 770 615 Πρὸς
799 544 894 598 τὸν
915 545 1115 615 ’Λδαμ,
1148 545 1336 616 φησὶν,
1370 545 1605 617 ἐροῦμεν
1631 546 1848 617 πρῶτον

255 639 358 708 μὲν
385 638 467 690 ὅτι
497 639 524 690 6
556 636 975 705 δφις,Ἕσεσθε
996 637 1082 704 ὡς
1108 638 1262 702 Θεοὶ,
1281 632 1426 699 εἷπε,
1450 638 1849 706 γικὼσκοντες

252 731 514 793 ἅπαντα,
557 727 787 792 πολλοὺς
838 729 1018 794 θεοὺς,
1074 731 1170 783 καὶ
1225 729 1517 783 πολυθεῖαν
1564 729 1850 784 διδάτκων.

255 824 406 890 Πλὴν
439 823 520 874 ὅτι
551 821 675 874 οὔτε
705 822 971 893 ἐλάλησεν
999 823 1026 876 6
1051 823 1226 895 Ἀδὰμ
1256 823 1335 894 τῷ
1359 823 1503 892 ὕφει,
1528 821 1653 876 οῦτε
1680 823 1853 894 ἐώρα-

255 932 352 968 κεν
402 914 588 979 αὑτὸν,
623 913 748 967 οὔτε
801 916 1163 985 ἐπλησίασεν,
1210 915 1337 970 οὗτε
1393 914 1563 984 αὐτῷ,
1597 915 1720 968 οὔτε
1773 915 1852 986 τῷ

251 1007 462 1077 δένδρῳ
490 1008 590 1078 τῆς
624 1008 916 1078 παρακοῆς
936 1023 948 1038 ·
971 1008 1113 1061 ἀλλὰ
1143 1009 1281 1079 μόνη
1313 1010 1476 1079 γυνή.
1514 1009 1625 1063 Καὶ
1663 1011 1711 1062 εί
1743 1009 1852 1078 ἄρα

257 1099 510 1153 ὠνείδισε
542 1101 672 1171 περὶ
711 1099 821 1154 τῶν
865 1101 1128 1171 ῥημάτων
1158 1101 1252 1154 τοῦ
1281 1101 1459 1170 ὄφεως
1499 1100 1594 1154 καὶ
1632 1102 1852 1164 πάντως

254 1193 505 1264 ἐξορίσαι
554 1192 744 1263 ἐχρῆν,
775 1193 876 1264 τὴν
916 1196 1156 1261 γυναῖκα
1190 1193 1394 1259 μᾶλλον
1417 1193 1628 1262 ὀφείλει
1657 1193 1686 1244 6
1720 1192 1853 1256 Θεὸς

251 1283 346 1338 διὰ
377 1283 538 1339 τοῦτο
561 1285 826 1356 ἐξορίσαι.
847 1284 1116 1338 Ἐνταῦθα
1139 1285 1195 1338 δὲ
1225 1285 1520 1355 ἐπίστησον
1554 1283 1692 1354 μετὰ
1719 1284 1851 1337 πολ-

254 1375 355 1446 λῆς
389 1393 534 1438 τινος
555 1378 650 1429 καὶ
674 1375 825 1440 θείας
848 1377 948 1446 τῆς
971 1377 1340 1447 ἀνακρίσεως,
1368 1379 1564 1449 ὅτιπερ
1593 1379 1734 1448 μετὰ
1751 1381 1851 1450 τὴν

254 1468 473 1522 ἔνδυσιν
496 1469 691 1522 τούτου
719 1469 812 1522 τοῦ
835 1469 1066 1540 χιτῶνος
1095 1469 1195 1522 οὐκ
1217 1470 1296 1523 ἔτι
1325 1471 1519 1540 μνείαν
1546 1473 1669 1525 τινὰ
1695 1473 1852 1542 ποιῆο

255 1577 352 1612 σαι
399 1561 498 1630 τῆς
543 1561 802 1628 γυναικὸς
835 1561 974 1631 μετὰ
1005 1560 1098 1614 τοῦ
1124 1560 1318 1632 Ἀδὰμ,
1348 1564 1377 1616 6
1401 1563 1566 1628 Θεὸς,
1605 1564 1718 1616 ἀλλ’
1744 1565 1852 1618 ἴδια

253 1652 441 1704 πάντα
489 1652 617 1723 περὶ
660 1651 754 1705 τοῦ
807 1651 1099 1732 ανθρώπου
1143 1653 1328 1722 λέγει·
1378 1655 1514 1725 φησὶ
1555 1656 1851 1726 γάρ·Ἰδοὺ

267 1742 444 1812 Ἀδὰμ
474 1744 726 1813 γέγονεν
748 1746 824 1811 ὡς
851 1743 938 1810 εἷς
969 1745 1038 1808 ἐξ
1073 1746 1243 1813 ήμῶν
1264 1747 1372 1801 τοῦ
1392 1748 1711 1816 γινώσκειν
1743 1767 1851 1802 κα-

1953 546 2177 600 scientes
2205 546 2406 607 omnia,
2445 543 2526 598 sic
2566 543 2770 598 multos
2811 543 2942 598 deos
2990 544 3363 599 inducentem.
3402 546 3540 602 Tum

1953 638 2120 690 etiam
2161 637 2294 690 illud
2325 636 2655 704 adjicicmus
2687 651 2881 706 nempe
2911 637 3081 690 Adam
3117 652 3242 690 eum
3283 649 3544 707 serpente

1955 745 2068 784 non
2116 745 2239 786 esse
2295 729 2662 791 collocutum,
2716 729 2827 782 imo
2885 744 3064 798 neque
3114 745 3240 784 eum
3299 730 3540 794 vidisse,

1954 838 2130 891 neque
2170 823 2238 877 ad
2289 839 2416 876 eum
2462 821 2786 886 accessisse,
2839 832 2896 877 ut
2944 839 3122 892 neque
3163 824 3229 876 ad
3279 825 3536 878 arborem

1964 914 2374 979 inobedientize,
2415 915 2508 969 sed
2547 914 2830 968 mulierem
2865 917 3058 970 solam.
3093 916 3274 980 Quare
3301 917 3346 970 si
3387 916 3461 970 ita
3491 917 3540 970 ei

1956 1007 2121 1060 verba
2165 1007 2438 1075 serpentis
2489 1007 2824 1076 exprobrare
2871 1008 3038 1061 voluit
3094 1007 3259 1072 Deus,
3305 1018 3361 1063 et
3412 1025 3538 1063 eum

1956 1112 2183 1166 prorsus
2208 1099 2428 1167 ejicere,
2462 1099 2743 1152 mulierem
2778 1099 2964 1167 potius
2991 1100 3234 1168 oportuit
3256 1102 3403 1169 ejici.
3441 1100 3542 1156 Hic

1954 1203 2087 1242 vero
2119 1189 2358 1254 attende,
2387 1205 2596 1259 quaeso,
2622 1204 2748 1242 eum
2791 1189 2964 1242 tnulto
2993 1198 3048 1242 et
3082 1190 3272 1242 divino
3296 1190 3535 1260 quodam

1949 1280 2165 1350 judicio
2197 1290 2253 1335 et
2289 1281 2661 1351 indagatione,
2698 1280 2911 1335 scilicet
2941 1289 3066 1350 post
3096 1283 3357 1336 amictum
3386 1284 3538 1338 illum

1955 1373 2174 1438 tunicae,
2213 1371 2384 1428 Deum
2421 1389 2700 1442 nunquam
2741 1374 2878 1428 alias
2915 1374 3163 1427 mulieris
3196 1375 3534 1434 meminisse.

1955 1466 2049 1520 sed
2084 1465 2269 1520 omnia
2303 1465 2563 1534 deinceps
2580 1463 2646 1519 de
2672 1480 2782 1519 uno
2800 1475 3010 1519 tantum
3043 1463 3536 1530 homine,dixisse;

1954 1558 2030 1611 ait
2058 1557 2204 1612 enim
2233 1576 2244 1611 :
2282 1557 2416 1612 Ecce
2449 1557 2622 1610 Adam
2646 1559 2821 1627 factus
2847 1570 2920 1611 est
2958 1559 3114 1626 quasi
3131 1575 3265 1611 unus
3290 1575 3354 1612 ea:
3389 1561 3538 1614 nobis

1953 1648 2123 1702 sciens
2147 1648 2351 1702 malum
2386 1658 2435 1702 et
2465 1652 2680 1712 bonum,
2724 1651 2883 1718 quasi
2913 1649 3120 1704 diceret
3145 1669 3157 1704 :
3206 1649 3344 1704 Ecce
3373 1666 3535 1719 quem

1955 1740 2353 1795 delineavimus
2393 1749 2578 1810 typum
2613 1740 2906 1809 quemdam
2939 1749 2994 1794 et
3031 1742 3261 1811 liguram
3309 1742 3536 1796 secundi

250 1837 375 1890 ,ιὸν
405 1837 502 1890 καὶ
528 1838 832 1907 πονηρόν·
857 1838 934 1902 ὡς
963 1838 1048 1894 ἵνα
1071 1841 1253 1912 εἴπῃς,
1273 1841 1404 1895 Ἰδοὺ
1431 1841 1522 1894 τὸν
1548 1842 1852 1912 ἐσκιαγρα-

1958 1831 2084 1886 Adae
2129 1831 2357 1887 Christi.
2414 1829 2575 1886 Nunc
2613 1847 2746 1885 vero
2793 1833 3034 1886 nondum
3074 1842 3291 1901 tempus
3335 1842 3420 1886 est
3480 1841 3541 1886 ut

253 1931 513 2001 φήσαμεν
564 1931 797 1986 τυπικόν
849 1950 969 1986 τινα
1025 1934 1386 2004 πρωτότυπον
1444 1933 1537 1988 τοῦ
1595 1935 1850 2006 δευτέρου

266 2023 445 2093 Ἀδὰμ
481 2025 739 2095 Χριστοῦ.
787 2026 899 2080 Καὶ
942 2024 1038 2080 νῦν
1078 2025 1232 2080 οὔπω
1263 2026 1456 2097 καιρὸς
1505 2027 1591 2080 ἵνα
1634 2028 1851 2100 ὲκτείνῃ

251 2116 358 2188 τὴν
391 2119 546 2188 χεῖρα
580 2118 672 2171 καὶ
715 2117 852 2189 λάϐῃ
899 2119 994 2172 καὶ
1045 2119 1410 2191 συμμετάσχῃ
1440 2118 1531 2172 τοῦ
1565 2118 1724 2183 ξύλου
1756 2122 1854 2190 τῆς

253 2207 407 2277 ζωῆς
428 2250 445 2277 .,
472 2210 594 2278 ἥτις
626 2210 774 2264 ἐστὶν
803 2211 831 2262 6
855 2209 1008 2272 Θεός.
1041 2210 1242 2264 Μέλλει
1272 2210 1380 2282 γὰρ
1416 2211 1582 2264 εἰσέτι
1614 2213 1646 2281 ἡ
1675 2211 1842 2282 ἄρρη-

252 2317 352 2363 τος
385 2301 683 2372 σάρκωσις,
717 2302 808 2355 καὶ
853 2302 1036 2371 φάγῃ,
1071 2302 1218 2356 τοῦτ’
1250 2303 1398 2356 ἐστιν
1445 2305 1504 2356 ὲν
1545 2306 1658 2366 τοῖς
1702 2303 1853 2366 ἐντὸς

254 2390 457 2445 ἑαυτοῦ
487 2391 673 2445 τοῦτον
695 2391 900 2465 κρύψῃ,
932 2393 1028 2445 καὶ
1053 2390 1291 2458 ζήσεται
1317 2387 1471 2454 οὗτος
1495 2393 1523 2442 6
1554 2390 1744 2460 φαγὼν
1765 2393 1852 2455 εις

252 2483 370 2536 τὸν
397 2483 604 2537 αἰῶνα.
621 2484 872 2547 Ἀείζωος
900 2484 1010 2554 γάρ
1036 2485 1184 2536 ἐστιν
1209 2485 1237 2536 6
1275 2482 1732 2552 Βιϐρωσκόμενος,
1755 2481 1851 2535 καὶ

256 2577 676 2648 μεταληπτικῆς
723 2577 996 2631 ἀθανάτου
1047 2578 1107 2630 οὐ
1151 2577 1325 2630 δεῖται
1373 2577 1557 2647 ζωῆς·
1588 2575 1712 2628 ὃθεν
1757 2577 1852 2630 κοιλ⁵

253 2669 498 2723 ἐνταῦθα
529 2669 742 2723 τελείαν
776 2669 1034 2722 ἀπόδοσιν
1063 2670 1390 2740 ἐποιήσαντο
1416 2667 1510 2722 τοῦ
1537 2668 1779 2739 ῥήματος
1803 2670 1850 2720 οἱ

253 2761 596 2830 ἐρμηνευταὶ
618 2761 714 2814 καὶ
731 2760 865 2815 alca
894 2759 1135 2825 Ἐξαπλᾶ
1166 2761 1584 2831 συνταξάμενοι·
1619 2760 1714 2814 καὶ
1740 2759 1851 2811 λοι-

255 2852 365 2904 πὸν
395 2852 567 2923 ἀρχὴν
601 2853 805 2922 στίχου,
834 2853 909 2915 ὡς
940 2851 1035 2905 τοῦ
1063 2853 1359 2921 κεφαλαίου
1377 2853 1526 2916 ὄντος
1563 2851 1852 2904 ἀνακολούο

255 2940 380 2997 Θου.
412 2941 730 3009 ἀπήρξαντο
778 2941 1028 3009 λέγοντος
1055 2957 1068 2971 ·
1117 2942 1229 2996 Kal
1274 2942 1708 3006 ἐξαπέστειλεν
1743 2943 1851 2996 αὺ-

1954 1926 2134 1980 mittat
2180 1941 2402 1979 manum
2454 1939 2606 1978 suam
2648 1934 2704 1979 et
2750 1926 3026 1995 particeps
3073 1927 3166 1979 tiat
3213 1927 3342 1995 ligni
3388 1927 3532 1989 vita,

1953 2035 2075 2089 quae
2103 2030 2187 2074 est
2212 2020 2372 2072 Deus.
2403 2017 2646 2072 Moretur
2667 2019 2812 2072 enim
2838 2019 3018 2073 adhuc
3039 2019 3328 2074 inetl'abilis
3353 2020 3538 2073 incar-

1953 2107 2123 2169 natio,
2147 2116 2199 2161 et
2227 2106 2528 2171 manducet,
2564 2108 2617 2162 id
2644 2118 2748 2173 εει,
2778 2109 2918 2164 intra
2954 2125 3013 2165 se
3045 2111 3266 2174 condat,
3297 2119 3350 2164 et
3378 2125 3535 2164 man-

1953 2195 2164 2250 ducans
2198 2197 2334 2250 vivat
2365 2197 2420 2249 in
2449 2209 2706 2250 aternum
2744 2199 2791 2251 ⁸.
2822 2197 2918 2252 Est
2941 2197 3086 2252 enim
3126 2214 3344 2268 semper
3377 2200 3538 2253 vivus

1953 2286 2046 2355 qui
2089 2288 2386 2342 manducat
2431 2304 2582 2354 eum,
2615 2304 2792 2358 neque
2821 2289 3026 2359 indiget
3055 2290 3166 2344 vita
3214 2291 3534 2354 immortali,

1953 2379 2110 2446 cujus
2138 2380 2410 2448 particeps
2439 2379 2530 2442 sit.
2557 2379 2699 2434 unde
2729 2379 2818 2434 hic
2841 2380 3110 2449 integrum
3139 2392 3194 2434 et
3220 2381 3532 2435 absolutum

1953 2486 2176 2524 sensum
2213 2470 2537 2540 interpretes
2561 2471 2740 2526 fecere
2762 2481 2816 2526 et
2847 2473 2940 2541 qui
2973 2471 3211 2542 llexapla
3233 2475 3532 2542 digessere,

1953 2562 2164 2631 reliqua
2192 2563 2444 2617 versiculi
2466 2563 2801 2634 principium
2829 2566 3034 2628 exorsi,
3057 2567 3214 2634 quasi
3233 2567 3535 2635 capitulum

1952 2668 2077 2707 eum
2115 2653 2382 2722 superiori
2411 2656 2638 2710 minimc
2678 2655 3060 2726 conjungatur
3089 2657 3193 2711 hoc
3234 2657 3435 2713 modo:
3467 2656 3534 2710 Et

1952 2747 2127 2800 emisit
2165 2764 2286 2800 eum
2320 2749 2539 2818 (nempe
2579 2748 2775 2818 Adam)
2811 2748 3069 2803 Dominus
3108 2750 3252 2804 Deus
3289 2752 3354 2805 de
3381 2767 3541 2819 para-

1952 2838 2066 2891 diso
2097 2839 2407 2907 voluptatis,
2429 2849 2486 2892 ut
2517 2851 3042 2908 operareturterram
3078 2843 3142 2896 de
3164 2859 3269 2912 qua
3297 2853 3536 2912 sumptus

1952 2939 2028 2983 est
2060 2930 2112 2985 ll.
2142 2930 2273 2986 Scio
2305 2945 2424 3000 qua:
2457 2947 2487 2985 a
2525 2933 2687 2986 nobis
2718 2932 2864 2987 dicta
2897 2943 3049 2999 sunt,
3079 2949 3141 2988 ea
3176 2934 3348 2988 videri
3375 2933 3536 2989 audi-

256 3033 392 3096 τὸν,
427 3033 572 3086 τοῦτ’
595 3033 742 3087 ἐστιν
785 3034 876 3088 τὸν
911 3034 1108 3104 Ἀδὰμ,
1145 3035 1360 3101 Κύριος
1401 3035 1433 3087 ὁ
1470 3034 1615 3100 Θεὸς
1645 3034 1714 3087 ἐκ
1743 3034 1849 3088 τοῦ

1958 3021 2167 3076 toribus
2217 3019 2455 3075 tliﬂicilia
2493 3032 2547 3077 et
2585 3024 2863 3089 violenta,
2916 3040 3090 3094 quare
3131 3026 3327 3079 iterum
3374 3041 3536 3080 resu-

257 3126 635 3192 παραδείσου
675 3125 788 3193 τῆς
817 3127 1052 3195 τρυφῆς
1082 3124 1430 3196 ἐργάζεσθαι
1472 3123 1590 3193 τὴν
1625 3123 1744 3194 γῆν
1782 3124 1849 3188 ἐξ

1958 3114 2150 3168 merula
2195 3125 2346 3169 sunt.
2379 3113 2611 3180 Quidam
2657 3114 2744 3170 hic
2788 3126 3004 3185 putant,
3050 3117 3104 3170 in
3154 3118 3222 3172 iis
3263 3115 3434 3171 Judaei
3481 3126 3534 3172 et

254 3211 333 3284 ἧς
361 3215 618 3284 ἐλήφθη.
648 3213 776 3270 οἶδα
805 3218 887 3270 ὃτι
924 3219 1064 3273 πάνυ
1097 3217 1460 3288 βεϐιασμένον
1495 3217 1745 3286 φαίνεται
1774 3217 1852 3290 τῷ

1959 3202 2265 3271 Samaritae,
2305 3205 2376 3259 ita
2412 3221 2610 3260 sonare
2641 3207 2806 3260 verba
2836 3207 2964 3262 Dei:
3004 3206 3140 3260 Ecce
3159 3208 3334 3260 Adam
3361 3208 3536 3277 factus

258 3307 511 3376 ἀκροατῇ
559 3305 624 3358 τὸ
671 3306 849 3377 νόημα
881 3307 989 3360 τῶν
1023 3308 1332 3379 εἰρημένων
1357 3324 1371 3340 ·
1402 3307 1481 3362 διὸ
1515 3308 1621 3380 χρὴ
1648 3309 1852 3362 ἀνειλαο

259 3395 458 3450 ϐέσοαι
499 3397 664 3450 πάλιν
706 3397 898 3453 ταῦτα.
932 3399 1161 3452 Δοκοῦσί
1199 3416 1343 3462 τινες
1378 3400 1632 3465 ἐνταῦθα,
1671 3398 1730 3466 ἐξ
1779 3395 1854 3454 ὧν

261 3489 374 3540 εισι
395 3488 488 3541 καὶ
512 3488 756 3543 Ἰουδαῖοι
789 3491 880 3544 καὶ
903 3491 1260 3563 Σαμαρεῖται,
1288 3493 1370 3546 ὅτι
1398 3493 1589 3547 τοῦτον
1616 3494 1708 3547 τὸν
1731 3493 1854 3548 νοῦν

262 3579 450 3649 έχουσι
486 3579 554 3633 τὰ
594 3580 688 3634 τοῦ
737 3581 872 3635 Θεοῦ
916 3584 1169 3654 ῥήματα·
1206 3583 1364 3638 Ἰδοὺ
1390 3585 1576 3654 Ἀδὰμ
1607 3585 1857 3654 γέγονεν

264 3671 348 3736 ὡς
381 3669 469 3737 εἷς
496 3671 566 3737 ἐξ
600 3672 790 3741 ἡμῶν,
831 3673 906 3737 ὡς
940 3675 1192 3746 ἐνόμιζον
1220 3673 1341 3729 τῶν
1367 3675 1548 3745 τριῶν
1589 3675 1856 3731 ὑποστά-

265 3781 450 3831 σεων,
477 3765 585 3820 τοῦ
609 3766 928 3835 γινώσκειν
949 3768 1143 3822 καλὸν
1164 3769 1262 3822 καὶ
1293 3771 1586 3836 πονηρόν.
1606 3771 1714 3824 Kal
1738 3771 1856 3824 νῦν

263 3857 526 3925 μήποτε,
559 3858 796 3929 ἐκτείνῃ
822 3859 956 3928 ξτὴν
995 3860 1164 3930 χεῖρα
1198 3863 1296 3914 καὶ
1337 3861 1493 3930 λάϐῃ
1523 3862 1630 3915 τοῦ
1660 3861 1854 3926 ξύλου

269 3947 387 4014 τῆς
414 3947 562 4016 ζωῆς
595 3950 693 4003 καὶ
725 3949 919 4019 φάγῃ,
957 3951 1055 4004 καὶ
1082 3950 1321 4017 ζήσεται
1365 3954 1453 4017 εις
1503 3951 1610 4005 τὸν
1645 3951 1853 4018 αιῶνα,

268 4037 802 4108 ἐξαποστείλωμεν
838 4041 1026 4094 αὐτὸν
1065 4041 1135 4094 ἐκ
1182 4041 1286 4094 τοῦ
1329 4040 1699 4109 παραδείσου
1743 4041 1856 4110 τῆς

268 4129 526 4198 τρυφῆς.
577 4131 764 4195 υῦτως
808 4133 857 4184 oi
901 4131 1088 4186 πολλοὶ
1125 4131 1233 4184 τῶν
1281 4132 1584 4205 ἀνθρώπων
1621 4133 1854 4191 νοοῦσιν.

282 4224 426 4276 Ἀλλ’
455 4224 517 4276 οὺ
568 4209 744 4278 κεῖται
780 4225 954 4288 οὕτως
987 4225 1047 4278 τὸ
1078 4223 1276 4295 νόημα.
1305 4227 1347 4278 Τ
1350 4226 1378 4279 ὸ
1419 4226 1478 4279 δὲ
1507 4226 1694 4280 ποιοῦν
1726 4225 1858 4280 αὐτὸ

269 4317 330 4368 τὸ
375 4316 649 4370 σκοτεινὸν
695 4317 791 4370 καὶ
834 4317 1064 4386 ἀσαφὲς,
1097 4318 1271 4372 ἐκεῖνό
1298 4319 1468 4383 ἐστιν,
1495 4319 1618 4372 ἀντὶ
1648 4318 1743 4372 τοῦ
1775 4321 1856 4372 εἰ·

275 4411 424 4462 πεῖν·
451 4409 559 4463 Καὶ
590 4408 709 4463 νῦν
743 4410 908 4464 οὔπω
940 4409 1148 4479 καιρὸς
1181 4411 1282 4465 ἵνα
1307 4409 1467 4480 φάγῃ
1500 4408 1606 4464 τοῦ
1641 4409 1853 4473 ξύλου,

1955 3311 2031 3355 est
2060 3302 2216 3369 quasi
2240 3319 2378 3356 unus
2409 3319 2474 3357 ea:
2513 3303 2696 3370 nobis,
2727 3305 2780 3358 id
2809 3313 2919 3367 est,
2956 3320 3020 3358 ea:
3056 3305 3225 3359 tribus
3255 3304 3538 3359 Trinitatis

1955 3393 2213 3462 personis,
2265 3395 2433 3448 sciens
2481 3396 2674 3449 bonum
2713 3405 2762 3450 et
2801 3401 3022 3451 malum.
3063 3397 3220 3451 Nunc
3265 3399 3429 3467 igitur
3475 3412 3540 3450 ne

1957 3491 2133 3542 mittat
2177 3505 2392 3542 manum
2418 3505 2575 3543 suam
2615 3500 2667 3544 et
2698 3502 2873 3544 sumat
2913 3493 3076 3544 etiam
3112 3491 3177 3542 de
3218 3491 3361 3561 ligno
3394 3493 3535 3554 vim,

1954 3593 2000 3635 et
2029 3583 2267 3635 comedat
2295 3593 2345 3636 et
2390 3584 2527 3637 vivat
2569 3586 2624 3637 in
2677 3595 2954 3650 retentum,
2994 3586 3300 3638 omittamus
3330 3601 3449 3637 eum
3475 3585 3541 3637 de

1954 3673 2204 3742 paradiso
2243 3675 2553 3744 voluptatis.
2585 3675 2650 3730 Et
2681 3679 2751 3730 ita
2797 3678 3017 3746 quidem
3048 3677 3202 3730 multi
3237 3677 3534 3746 accipiunt.

1957 3767 2143 3838 Neque
2175 3777 2357 3824 tamen
2381 3769 2470 3824 hic
2494 3783 2621 3823 vere
2653 3785 2847 3824 sensus
2879 3778 2983 3824 est.
3005 3766 3134 3822 Inde
3160 3778 3340 3822 autem
3366 3769 3536 3822 totius

1957 3860 2064 3915 loci
2099 3860 2387 3915 dillicultas
2425 3868 2552 3914 nata
2593 3869 2699 3924 est,
2740 3859 2886 3929 quod
2919 3873 3018 3928 pro
3055 3857 3213 3910 Nunc
3257 3873 3382 3926 ergo
3425 3855 3537 3925 (14)

1956 3951 2193 4006 nondum
2253 3960 2454 4020 tempus
2507 3959 2617 4016 est,
2667 3959 2724 4003 ut
2770 3951 3009 4003 comedat
3057 3951 3119 4002 de
3171 3949 3341 4016 ligno,
3402 3949 3538 4003 dicit

1958 4044 2214 4113 scriptor,
2261 4059 2398 4097 nunc
2437 4059 2560 4113 ergo
2601 4060 2665 4096 ne
2697 4044 2970 4104 comedat,
3006 4053 3110 4096 etc.
3144 4040 3256 4094 Nisi
3289 4042 3432 4095 enim
3466 4042 3541 4096 ita

1958 4146 2127 4200 esset,
2153 4145 2328 4206 utego
2354 4136 2490 4200 dixi,
2511 4136 2735 4190 omnino
2762 4149 2872 4189 non
2895 4132 3194 4201 ejiciendus
3219 4132 3315 4186 fuit
3341 4131 3537 4197 Adam,

1959 4229 2055 4284 sed
2075 4229 2189 4297 ipsa
2217 4229 2434 4294 mulier,
2457 4244 2580 4298 qua:
2598 4242 2820 4282 manum
2849 4227 3022 4288 misit.
3052 4242 3173 4296 qua:
3201 4224 3542 4280 ευιιιίιιυιιιρι·

1960 4320 2191 4388 accepit,
2237 4334 2358 4389 qua:
2409 4318 2647 4373 comedit
2697 4319 2870 4388 prior,
2927 4317 3186 4388 deditque
3236 4318 3353 4370 viro
3413 4331 3535 4371 suo.

1962 4412 2104 4477 Quin
2137 4411 2318 4482 potius
2354 4412 2660 4481 ejiciendus
2702 4410 2806 4464 l‘uit
2841 4425 3067 4480 serpens
3102 4410 3373 4464 malorum
3418 4425 3539 4464 om-

275 4496 433 4553 εἶπεν
483 4503 512 4555 6
556 4501 930 4574 συγγραφεὺς,
961 4503 1022 4556 τὸ
1044 4501 1153 4574 γὰρ
1177 4501 1312 4568 νῦν,
1334 4503 1567 4572 μήποτε,
1601 4502 1650 4554 el
1682 4501 1738 4553 δὲ
1782 4500 1852 4571 μὴ

1968 4503 2119 4558 nium
2179 4505 2334 4575 origo
2377 4514 2431 4558 et
2479 4503 2621 4559 l'ons.
2680 4501 2779 4557 Hie
2825 4513 3006 4557 autem
3053 4511 3246 4557 contra
3294 4501 3542 4556 evenisse

273 4590 450 4645 ταῦτα
495 4591 666 4656 οὕτως
715 4593 830 4663 εχει
871 4593 947 4655 ὡς
974 4587 1150 4658 εἷπον,
1179 4593 1279 4646 οὐκ
1310 4592 1478 4664 ἐχρῆν
1510 4592 1648 4656 ὅλως
1683 4591 1856 4663 ἐξορι-

277 4683 478 4752 σθῆναι
501 4683 593 4738 τδν
616 4685 810 4754 Ἀδὰμ,
841 4685 956 4741 ἀλλ’
977 4686 1148 4759 αὐτὴν
1172 4688 1431 4755 γυναῖκα,
1471 4684 1568 4756 τὴν
1610 4685 1859 4739 ἐκτείνα-

278 4789 403 4838 σαν,
436 4776 530 4828 καὶ
561 4776 1042 4848 ἀποτολμήσασαν,
1069 4779 1164 4833 καὶ
1197 4777 1490 4845 λαϐοῦσαν,
1516 4778 1611 4832 καὶ
1635 4776 1861 4849 πρώτην

1969 4595 2319 4651 manifestum
2346 4609 2449 4662 εει,
2483 4596 2573 4650 ubi
2609 4611 2716 4650 non
2735 4595 2809 4648 rei
2827 4595 2911 4649 illi
2941 4597 3046 4649 duo
3075 4596 3208 4665 (15),
3229 4593 3323 4649 sed
3352 4594 3542 4648 insons

1968 4700 2181 4744 tantum
2240 4689 2476 4758 ejicitur.
2519 4688 2704 4758 Neque
2745 4704 2874 4743 vero
2921 4689 3182 4755 deceptus
3222 4697 3305 4739 est
3347 4684 3540 4738 Adam.

1975 4781 2264 4850 Nunquam
2309 4782 2447 4833 enim
2498 4780 2628 4833 illud
2665 4782 2775 4848 (lli)
2816 4780 2882 4835 de
2931 4780 3152 4833 Christo
3203 4775 3542 4843 impeecabili

277 4866 586 4934 φαγοῦσαν,
632 4870 728 4927 καὶ
770 4869 850 4940 τῷ
891 4870 1049 4946 ἀνδρὶ
1102 4869 1508 4941 μεταδιδοῦσαν,
1559 4869 1759 4940 μᾶλλον
1806 4870 1852 4924 δὲ

1972 4875 2218 4931 desinam
2277 4882 2584 4928 occentare.
2643 4872 2811 4942 Igitur
2869 4872 2914 4926 si
2978 4888 3084 4924 non
3142 4871 3403 4938 deceptus
3461 4878 3545 4923 est

280 4958 534 5013 ἐκϐαλεῖν
586 4961 756 5033 ἐχρῆν
802 4961 908 5034 πρὸ
950 4962 1156 5034 ταύτης
1183 4962 1276 5016 τὸν
1309 4964 1480 5017 αίτιον
1511 4963 1729 5018 πάντων
1756 4962 1852 5016 τῶι

1974 4982 2150 5038 neque
2219 4966 2383 5021 etiam
2441 4964 2683 5033 dejectus
2748 4963 2872 5017 fuit.
2929 4960 3052 5016 Non
3090 4962 3229 5016 enim
3289 4959 3543 5015 exsilium

363 5139 391 5178 ⁸
423 5136 579 5197 loan.
615 5155 694 5208 vr,
733 5140 822 5197 51.
900 5144 928 5186 ι
960 5145 1097 5202 Gen.
1137 5162 1219 5215 ιιι,
1243 5145 1334 5205 23.

1807 5287 2039 5346 ΝΟΤιΕ.

363 5390 476 5462 (ιι)
503 5388 610 5446 Pro
635 5399 688 5446 et
715 5407 855 5446 nunc
892 5409 1033 5463 ergo.
1066 5393 1239 5450 Totus
1271 5395 1359 5450 hic
1380 5395 1534 5450 locus
1572 5394 1710 5450 [inde
1744 5411 1870 5452 cor-

294 5471 510 5532 ruptus,
543 5478 716 5532 quare
749 5472 956 5517 certum
985 5475 1070 5519 est
1099 5466 1171 5520 ita
1201 5465 1399 5520 debere
1437 5466 1674 5531 restitui,
1720 5467 1868 5520 Ἀντὶ

290 5531 608 5607 τοῦ-εἰπεῖν,
643 5533 754 5607 Kal
789 5532 907 5587 νῦν
935 5535 1102 5607 οὔπω
1127 5535 1331 5607 καιρὸς
1382 5535 1512 5607 Ira,
1540 5536 1698 5607 φάγῃ
1759 5536 1864 5591 toi

294 5599 694 5739 figmenti
724 5605 752 5658 6
780 5605 1132 5676 συγγραφεὺς
1169 5599 1250 5672 τε,
1309 5599 1415 5660 Kal
1452 5599 1569 5662 νῦν
1589 5599 1825 5677 adacta

370 5741 480 5813 (l5)
516 5742 610 5797 Rei
637 5744 719 5797 illi
753 5746 873 5799 duo.
906 5745 1045 5816 Lego
1068 5746 1195 5810 τοὺς
1221 5746 1535 5812 δύοαῑτίους
1556 5747 1651 5819 τῆς
1681 5747 1834 5817 ἁμαρ

1968 5397 2092 5484 τίσις
2106 5396 2653 5484 ,μὴὲεωρισμέερςι
2673 5403 2780 5484 εις·

2045 5463 2159 5544 (1-6)
2187 5463 2484 5544 'qunaua'm
2507 5467 2676 5544 illud,
2708 5475 2815 5524 etc.
2843 5463 3261 5544 ilendosissirna
3301 5469 3387 5517 est
3416 5463 3550 5544 scri-

2007 5535 2063 5593 ιε’
2096 5539 2254 5617 lectio
2281 5535 2554 5617 :_eme_nda
2589 5538 2751 5617 igitur
2784 5538 2913 5617 ε.οῦ
2944 5538 3052 5608 γὰρ
3081 5535 3366 5617 παῦσομαι
3413 5535 3549 5617 cim-

1999 5624 2022 5660 ι
2055 5609 2243 5679 φωνῆς
2298 5609 2403 5663 ὑπὸ
2443 5607 2680 5680 Χριστοῦ
2730 5608 2826 5662 τοῦ
2890 5606 3285 5680 ἀναμαρτήτου
3337 5606 3549 5674 ταύτην

1963 5695 2034 5749 κη
2044 5680 2274 5748 ρύττων.
