4080 6528
578 332 717 397 1059

1782 338 1847 402 S.
1876 338 2279 403 ANASTASII
2321 342 2647 406 SINAITIE

3704 338 3826 405 1060

568 448 690 515 ejus
720 444 859 517 (l7),
901 445 1003 503 sed
1043 445 1269 505 emissio
1324 445 1677 504 describitur.
1714 450 1927 524 Quippe
1982 455 2148 509 emisit

2262 458 2450 511 κακῶν
2489 453 2919 524 ὄφινοἙνταῦθα
2942 452 3257 508 τούναντίον
3290 450 3508 524 ὁρῶμεν
3536 449 3826 521 γινόμενον,

566 556 687 595 eum
744 538 1006 593 Dominus
1061 538 1203 593 Deus
1265 541 1331 593 de
1393 542 1652 611 paradiso
1713 544 2023 616 voluptatis,
2100 557 2148 601 ut

2259 548 2403 614 τοὺς
2434 547 2544 601 δύο
2580 548 2809 613 αιτίους
2836 547 2938 616 τῆς
2966 545 3243 618 ἁμαρτίας
3290 545 3366 613 μὴ
3409 541 3794 613 ἐξωρισμένους
3813 560 3827 574 ⁹

566 642 881 702 operaretur
935 640 1133 686 terram
1184 630 1250 685 de
1302 647 1409 702 qua
1449 646 1690 701 sumptus
1749 646 1847 691 est.
1908 636 2148 694 Emissut

2258 640 2349 693 τὸν
2374 640 2433 693 δὲ
2461 639 2703 693 ἀναίτιον
2732 639 3198 710 ὲκὸαλόμενον.”0
3220 637 3397 705 Ἀδὰμ
3424 635 3534 705 γὰρ
3576 634 3678 689 οὐκ
3715 635 3831 702 ηπαο

570 728 719 781 enim
816 725 1088 781 Dominus
1176 727 1480 781 secundum
1568 732 1902 784 voluntatem
1974 739 2161 800 pater-

2258 730 2416 800 τήθη.
2447 731 2522 783 Οὐ
2578 730 2688 801 γὰρ
2736 730 2997 800 πείσομαι
3049 729 3147 784 τοῦ
3202 729 3597 799 ἀναμαρτήτου
3651 727 3833 799 ταύτην

568 834 696 874 nam
758 817 915 889 quasi
972 832 1038 871 ex
1095 818 1354 887 paradiso
1412 818 1566 875 sinus
1623 821 1677 874 in
1717 830 1965 877 nostrain
2016 824 2148 879 hanc

2258 821 2567 890 κηρύττων.
2600 821 2665 873 El
2705 815 2798 874 οὖν
2836 820 2936 873 οὐκ
2963 820 3243 891 ἠπατήθη,
3273 819 3395 873 οὐδὲ
3426 816 3727 888 ἐξωρίσθη.
3769 820 3831 873 Οὔ

566 921 770 966 terram
809 908 1149 964 cruciatibus
1181 911 1397 980 plenam
1422 949 1438 975 ,
1473 920 1532 964 ut
1563 924 1886 982 operaretur
1924 915 2156 969 salutem

566 1009 812 1054 nostram
838 998 1029 1053 dicens
1052 1015 1064 1051 :
1089 997 1251 1054 Pater
1268 1016 1413 1053 meus
1440 1014 1695 1070 operatur
1711 1012 1761 1055 et
1791 1018 1885 1073 ego
1910 1007 2153 1073 operari,

565 1100 622 1145 et
648 1104 747 1143 nos
777 1090 1081 1145 custodiret
1115 1106 1183 1145 ne
1210 1091 1547 1145 obediremus
1583 1093 1823 1147 stimulis
1861 1098 2077 1163 peccati
2102 1106 2157 1153 et

566 1180 988 1236 incredulitatis.
1054 1180 1323 1252 Ejecitque
1380 1183 1556 1237 Adam
1606 1193 1656 1237 et
1700 1183 1978 1239 collocavit
2034 1196 2155 1243 ante

564 1273 876 1343 paradisum
896 1271 1180 1343 voluptatis
1210 1282 1259 1327 et
1280 1275 1469 1329 statuit
1492 1273 1756 1329 Cherubin
1772 1285 1821 1329 et
1849 1277 2154 1345 ﬂammeum

564 1364 807 1434 gladium
837 1374 995 1436 atque
1028 1366 1328 1421 versatilem
1347 1367 1417 1420 ad
1444 1368 1843 1422 custodiendam
1860 1370 2000 1423 viam
2024 1372 2153 1441 ligni

566 1454 688 1509 vita:
731 1454 780 1509 i.
811 1456 976 1523 Audi,
1010 1470 1215 1526 quaeso,
1258 1472 1387 1512 ecce
1426 1458 1598 1513 exivit
1643 1459 1792 1514 solus
1842 1460 2006 1515 homo
2057 1461 2152 1532 qui

565 1545 849 1616 ingressus
891 1556 1030 1602 erat.
1062 1548 1220 1605 Nunc
1253 1549 1418 1620 igitur
1459 1550 1555 1605 ubi
1590 1552 1857 1621 serpens?
1896 1552 1988 1607 ubi
2026 1569 2152 1607 mu-

564 1637 704 1693 lier?
733 1639 825 1694 ubi
868 1640 1126 1696 animalia
1158 1642 1181 1696 ’ί
1216 1657 1393 1712 neque
1426 1644 1570 1698 enim
1612 1644 1853 1709 exivere,
1882 1644 2150 1715 quidquid

565 1736 759 1784 contra
795 1730 1064 1801 probrose
1098 1742 1369 1787 conentur
1398 1731 1570 1787 Judaei
1602 1744 1657 1789 et
1689 1733 2007 1813 Samaritae.
2027 1736 2149 1790 Non

2255 910 2366 980 γὰρ
2403 910 2730 981 γέγραπται,
2751 908 2964 981 Ἐξορία
2990 910 3103 981 [γρ.
3138 905 3448 980 ἐξώρισενῙ,
3473 906 3594 960 ἀλλ’
3628 906 3832 971 Ἐξαπο-

2257 1002 2441 1073 στολή.
2460 1000 2883 1067 Ἐξαπέστειλε
2919 1002 3051 1074 γὰρ,
3079 1005 3237 1072 φησι,
3273 1001 3490 1068 Κύριος
3513 1002 3545 1052 ὁ
3579 998 3724 1064 Θεὸς
3745 1000 3836 1052 τὸν

2271 1092 2447 1162 Ἀδὰμ
2471 1093 2541 1147 ἐκ
2561 1093 2667 1147 τοῦ
2692 1093 3062 1161 παραδείσου
3090 1092 3201 1161 τῆς
3225 1090 3481 1161 τρυφῆς,
3506 1089 3833 1159 ἐργάζεσθαι

2255 1183 2442 1238 πάλιν
2463 1182 2579 1252 τὴν
2599 1182 2719 1253 γῆν
2744 1185 2814 1247 ἐξ
2850 1180 2926 1254 ἧς
2960 1185 3218 1253 ἐλήφθη.
3262 1181 3647 1251 Ἐξαπεστὰλη
3686 1182 3788 1251 γὰρ
3812 1186 3834 1235 ό

2256 1274 2483 1346 Κύριος,
2514 1274 2659 1329 κατὰ
2688 1274 2883 1345 βουλὴν
2914 1274 3178 1348 πατρῴαν
3229 1275 3305 1339 ὡς
3360 1274 3468 1328 ἀπὸ
3511 1272 3833 1344 παραδείσου

2253 1364 2362 1418 τῶν
2398 1364 2615 1418 κόλπων
2634 1364 2743 1417 τῶν
2770 1365 3060 1436 Πατρικῶν
3086 1366 3166 1429 είς
3190 1365 3290 1436 τὴν
3314 1363 3595 1435 ἡμετέραν
3626 1363 3729 1433 γῆν
3749 1362 3832 1432 τὴν

2254 1455 2554 1523 ἐπώδυνον,
2597 1457 2927 1528 ἐργάζεσθαι
2976 1459 3074 1529 τὴν
3110 1458 3269 1531 ἡμῶν
3314 1458 3615 1529 σωτηρίαν,
3651 1456 3830 1525 λέγων·

2265 1548 2329 1602 '0
2357 1549 2559 1618 Πατήρ
2572 1569 2691 1620 μου
2715 1549 3034 1620 ἐργάζεται,
3062 1551 3224 1621 κάγὼ
3254 1551 3590 1621 ἐργάζομαι·
3618 1551 3714 1603 καὶ
3743 1568 3831 1618 φυ-

2252 1639 2466 1693 λάττειν
2518 1642 2667 1712 ἡμᾶς
2712 1643 2923 1714 μήποτε
2967 1642 3324 1713 ἐμπαρῶμεζν
3367 1642 3448 1713 τῷ
3492 1641 3709 1713 κέντρῳ
3749 1640 3835 1710 τῆς

2253 1734 2513 1797 ἀπιστίας
2562 1736 2657 1789 καὶ
2706 1735 3004 1807 ἁμαρτίας.
3057 1736 3167 1790 Καὶ
3209 1735 3463 1801 ἐξέϐαλε
3504 1736 3618 1788 τὸν
3653 1733 3830 1795 Ἀδὰμ.

563 1822 734 1878 exivit
767 1824 964 1880 mulier
1005 1825 1147 1895 ipsa,
1189 1842 1312 1898 qua:
1338 1828 1447 1881 vita
1484 1827 1708 1885 dicitur.
1745 1830 1848 1884 Sed
1897 1845 1964 1886 ea
1998 1812 2148 1886 intus

2254 1827 2353 1881 καί
2398 1826 2733 1893 κατῴκισεν
2774 1828 2963 1882 αὑτὸν
2997 1829 3288 1883 ἀπέναντι
3328 1828 3435 1883 τοῦ
3471 1826 3831 1896 παραδείσω

563 1914 834 1969 remansit
895 1916 1179 1973 viviticans
1238 1928 1295 1973 et
1358 1918 1611 1973 nutriens
1677 1922 1959 1977 animalia.
2024 1920 2145 1977 Non

564 2003 738 2075 ejecta
777 2016 882 2071 est,
944 2023 1123 2079 neque
1176 2010 1311 2065 exiit
1366 2027 1641 2082 unquam.
1694 2012 1792 2067 sed
1836 2013 2009 2082 ejecta
2066 2021 2154 2069 est

565 2097 763 2153 ancilla
788 2106 878 2154 tua
904 2099 1213 2172 Synagoga,
1244 2111 1447 2159 utvera
1478 2104 1701 2160 libertas
1733 2104 1881 2160 intus
1912 2114 2148 2160 maneat.

563 2185 751 2259 Neque
772 2192 921 2247 enim
954 2191 1098 2249 illius
1124 2195 1339 2251 ancilla:
1361 2195 1539 2251 hieres
1569 2196 1675 2250 erit
1708 2210 1833 2250 cum
1865 2195 1980 2250 tilio
2011 2195 2145 2250 libe-

563 2294 661 2345 ra,
690 2293 851 2353 atque
880 2294 939 2338 ut
961 2285 1213 2343 ﬁdelibus
1240 2298 1296 2343 et
1325 2285 1529 2343 Judaeis
1566 2288 1698 2343 illud
1730 2297 1910 2342 ratum
1951 2286 2145 2342 faciam

561 2380 619 2424 et
657 2373 1010 2441 continuem,
1049 2392 1144 2446 per
1195 2378 1335 2434 alias
1392 2378 1654 2435 mulieres
1701 2378 1809 2435 illis
1859 2376 2148 2434 ostendam

565 2478 675 2518 non
697 2464 931 2535 ejectam
954 2466 1131 2525 fuisse
1156 2469 1463 2525 mulierem.

2250 1919 2363 1989 τῆς
2387 1919 2621 1990 τρυφῆς
2639 1937 2653 1951 ·
2679 1920 2775 1974 καί
2804 1920 2985 1984 ἔταξε
3010 1921 3083 1974 τὰ
3104 1920 3398 1990 Χερουϐὶμ
3426 1920 3525 1974 καί
3553 1918 3673 1987 τὴν
3702 1922 3832 1987 φλο-

2251 2013 2429 2082 γίνην
2444 2012 2753 2081 ῥομφαίαν
2771 2010 2887 2079 τὴν
2900 2011 3338 2081 στρεφομένην,
3378 2011 3714 2081 φυλάττειν
3731 2008 3833 2077 τὴν

2252 2104 2401 2159 ὁδὸν
2443 2104 2551 2159 τοῦ
2592 2104 2784 2168 ξύλου
2832 2101 2940 2171 τῆς
2969 2103 3136 2171 ζωῆς.
3168 2105 3455 2169 ⁸Ἄκουσον,
3500 2101 3827 2174 παρακαλῶ

2252 2196 2363 2249 ίδοὺ
2380 2194 2607 2265 ἐξῆλθεν
2628 2196 2657 2248 ὁ
2678 2195 2966 2267 ἄνθρωπος
2986 2194 3148 2266 μόνος
3169 2198 3199 2249 ὁ
3221 2197 3315 2251 καὶ
3337 2195 3538 2261 ἔξωθεν
3559 2193 3830 2248 εἰσελθών.

2251 2282 2386 2338 Εἶτα
2411 2284 2516 2338 ποῦ
2546 2287 2574 2339 ὁ
2601 2284 2759 2355 δφιςς
2782 2285 2885 2339 ποῦ
2913 2287 2945 2355 ὴ
2980 2287 3116 2356 γυνή
3139 2302 3154 2352 ;
3191 2285 3294 2340 ποῦ
3323 2286 3393 2341 τὰ
3423 2285 3627 2357 θηρίας
3654 2285 3714 2339 οὐ
3735 2284 3832 2353 γὰρ

2251 2373 2497 2443 ἐξῆλθον,
2523 2373 2628 2427 κᾶν
2681 2373 2853 2444 μυρία
2899 2374 3257 2447 φιλονεικήσῃ
3304 2376 3333 2430 ὁ
3378 2375 3642 2439 Ἰουδαῖος
3669 2374 3762 2428 καὶ
3805 2372 3831 2424 ὁ

2253 2464 2624 2535 Σαμαρείτης.
2658 2464 2775 2518 Οὐκ
2802 2465 3027 2534 ἐξῆλθεν
3058 2466 3199 2538 αὐτὴ
3227 2469 3261 2540 ἡ
3311 2468 3450 2540 γυνὴ
3487 2468 3522 2540 ἡ
3570 2465 3829 2536 λεγομένη

562 2553 712 2624 ζωὴ,
740 2558 859 2612 ἀλλ’
885 2560 995 2614 ἔσω
1035 2563 1154 2617 ἐστὶ
1220 2562 1560 2630 ζωοποιοῦσα
1606 2565 1701 2622 καὶ
1751 2563 2039 2637 ἡρεμοῢσα
2087 2560 2183 2617 καὶ
2222 2561 2496 2633 τρέφουσα
2531 2560 2602 2614 τὰ
2634 2559 2819 2631 θηρία·
2864 2562 2963 2615 οὐκ
3008 2562 3274 2634 ἐξεϐλήθη
3325 2564 3450 2617 οὐδὲ
3529 2563 3829 2617 ὲκὸαίνιταί

562 2669 715 2709 ποτε.
735 2656 1029 2731 Ἐξεϐλήθη
1062 2660 1171 2732 γὰρ
1200 2662 1233 2732 ἡ
1262 2661 1525 2733 παιδίσκη
1557 2680 1651 2715 σου
1693 2660 2018 2732 Συναγωγή,
2051 2659 2142 2714 ίνα
2178 2658 2213 2729 ἡ
2246 2654 2456 2728 ἀληθὴς
2518 2655 2801 2727 ἐλευθερία
2830 2657 2989 2729 μείνῃ
3017 2658 3127 2712 ἔσω
3146 2674 3159 2688 '
3184 2658 3246 2712 ού
3272 2656 3382 2729 γὰρ
3438 2658 3831 2729 κληρονομήσει

560 2746 592 2799 ό
624 2747 739 2811 υίὸς
772 2750 874 2821 τῆς
902 2752 1196 2824 παιδίσκης
1230 2753 1373 2824 μετὰ
1408 2754 1504 2807 τοῦ
1534 2754 1651 2807 υἱοῦ
1684 2754 1787 2824 τῆς
1833 2753 2147 2824 ἐλευθέρας,
2189 2750 2283 2803 καὶ
2342 2751 2492 2813 ὅπως
2519 2750 2613 2804 καὶ
2652 2749 2732 2821 τῷ
2774 2750 2955 2819 πιστῷ
3000 2749 3096 2804 καὶ
3146 2749 3225 2821 τῷ
3248 2748 3489 2821 Ἰουδαίῳ
3556 2750 3833 2821 βεῦαιώσω

562 2836 657 2891 τὸν
695 2838 879 2909 λόγον,
914 2841 973 2909 δξ
1012 2841 1216 2913 ἑτέρων
1246 2843 1527 2913 γυναικῶν
1567 2843 1795 2907 τούτους
1838 2844 2037 2905 πείσω,
2067 2841 2149 2894 δτι
2187 2838 2288 2891 οὐκ
2315 2837 2579 2908 ἐξεϐλήθη
2607 2838 2744 2908 αὑτὴ
2777 2839 2809 2907 ἡ
2837 2839 2995 2909 γυνή.

634 2929 920 3003 Ingressus
965 2944 1049 2989 est
1078 2933 1209 2988 olim
1253 2934 1308 2989 in
1368 2949 1552 2990 arcam
1583 2933 1699 2990 Noe
1758 2949 1884 2990 cum
1916 2933 2148 2988 muliere

2321 2926 2552 2997 Είσῆλθέ
2585 2944 2715 2981 ποτε
2747 2927 2870 2980 Νῶε
2898 2928 2980 2991 είς
3007 2925 3107 2998 τὴν
3133 2926 3370 2981 κιϐωτὸν
3403 2929 3542 3000 μετὰ
3573 2929 3679 2999 τῆς
3707 2928 3831 2987 ίδὶας

564 3037 689 3091 sua,
718 3034 773 3080 et
801 3041 929 3082 cum
955 3026 1308 3097 egrederetur
1331 3041 1398 3081 ex
1425 3040 1491 3081 ea
1520 3026 1686 3082 simul
1724 3025 1891 3082 etiam
1937 3024 2146 3081 descri-

2252 3018 2532 3088 γυναικὸς,
2552 3018 2648 3071 καὶ
2670 3017 2757 3082 ὲξε
2767 3018 3034 3089 ρχομένου
3058 3018 3231 3074 αὑτοῦ
3252 3020 3311 3085 ἑξ
3333 3022 3505 3092 αὐτῆς
3526 3023 3830 3091 γέγραπται

566 3116 714 3171 bitur
736 3118 985 3176 mulieris
1015 3120 1220 3177 exitus.
1252 3118 1395 3175 Olim
1416 3120 1471 3175 in
1496 3118 1949 3191 Mesopotamiam
1978 3118 2148 3173 exivit

2252 3108 2345 3163 καὶ
2372 3109 2405 3179 ἡ
2442 3106 2621 3175 ἔξοδος
2664 3108 2768 3179 τῆς
2806 3110 3071 3177 γυναικὸς
3102 3110 3271 3165 αὐτοῦ
3303 3113 3404 3166 σὺν
3429 3114 3601 3182 αὐτῷ.
3620 3112 3829 3183 Ἐξῆλθι

564 3209 838 3265 Abraham
872 3219 1078 3267 etcum
1116 3227 1184 3267 eo
1242 3212 1441 3267 mulier
1478 3212 1639 3283 ejus,
1685 3220 1740 3265 et
1789 3224 1914 3264 cum
1976 3210 2023 3265 is
2077 3224 2145 3264 ex

2252 3200 2413 3255 πάλιν
2436 3200 2693 3273 ’Δὸραὰμ
2724 3204 2806 3265 εἰς
2831 3203 3286 3273 Μεσοποταμίαν,
3305 3204 3403 3258 καὶ
3429 3203 3723 3275 συνεξῆλθε
3745 3205 3831 3256 καὶ

567 3300 802 3374 Egypto
820 3301 942 3374 (18)
976 3304 1356 3374 egrederetur,
1394 3303 1641 3373 legimus
1670 3300 1835 3357 etiam
1856 3301 2142 3356 mulierem

2252 3293 2283 3363 ἡ
2317 3290 2453 3362 γυνὴ
2483 3290 2647 3347 αὐτοῦ
2682 3291 2778 3345 σὺν
2804 3291 2987 3362 αὐτῷ’
3024 3293 3289 3358 ὡσαύτως
3332 3293 3429 3348 καὶ
3472 3294 3826 3365 ἐξερχομένου

566 3395 688 3464 ejus
714 3394 881 3450 simul
925 3411 1227 3467 egressam.
1276 3395 1461 3450 Exivit
1492 3394 1624 3449 ol‘lm
1664 3391 1833 3449 Jacob
1879 3409 1943 3448 ex
1981 3392 2147 3447 domo

568 3484 786 3543 Laban:
830 3486 1018 3558 ibique
1064 3486 1252 3542 divina
1290 3484 1579 3555 Scriptura
1629 3500 1759 3540 cum
1794 3486 1966 3539 multa
2012 3500 2148 3555 qua-

568 3575 697 3630 dam
735 3587 789 3633 et
815 3586 1009 3633 exacta
1056 3576 1339 3646 diligentia
1376 3574 1487 3631 Liaa
1522 3585 1577 3631 et
1626 3575 1886 3631 Rachelis
1932 3574 2144 3630 exitum

568 3665 754 3724 refert.
782 3667 965 3724 Exivit
991 3668 1122 3723 olim
1154 3678 1212 3723 et
1242 3666 1421 3724 Moses
1452 3683 1485 3724 e
1516 3666 1762 3732 Madian,
1793 3674 1849 3722 et
1874 3664 2147 3720 describi-

570 3767 661 3814 tur
690 3760 943 3817 mulieris
988 3760 1112 3831 ejus
1157 3760 1340 3817 exitus
1368 3775 1493 3816 cum
1518 3775 1585 3816 eo
1606 3800 1621 3825 ,
1662 3759 1911 3829 adeoque
1944 3758 2149 3812 multas

569 3850 708 3907 alias
740 3853 997 3909 mulieres
1032 3869 1159 3910 cum
1184 3854 1457 3911 viris‘suis
1488 3866 1741 3924 egressas
1773 3851 1829 3907 in
1860 3850 2147 3921 Scriptura

568 3942 748 4014 legere
767 3955 873 4001 est.
918 3944 1053 4003 Peto
1087 3947 1256 4019 igitur
1283 3964 1385 4004 cur
1418 3947 1595 4019 prima
1628 3946 1719 4001 illa
1766 3944 1909 4009 sola,
1943 3944 2149 4015 princio

572 4036 746 4106 pium,
781 4038 956 4104 radix,
997 4049 1183 4112 caput,
1221 4040 1355 4107 vita,
1388 4040 1575 4112 regina
1604 4049 1657 4095 et
1686 4048 1864 4094 mater
1898 4036 2146 4093 omnium

574 4123 894 4191 viventium,
916 4142 1042 4183 cum
1061 4128 1183 4185 viro
1203 4143 1306 4184 suo
1328 4142 1435 4183 non
1456 4142 1682 4200 egressa
1705 4135 1840 4182 este
1866 4124 2145 4196 paradiso,

573 4226 632 4273 ut
664 4233 843 4289 neque
871 4220 1130 4275 animalia
1155 4220 1247 4275 illa
1275 4228 1329 4275 et
1353 4218 1605 4290 iumenta
1624 4258 1641 4284 ,
1674 4234 1799 4289 qua:
1827 4218 1973 4273 Deus
2005 4215 2149 4272 ultro

569 4308 637 4363 ad
660 4324 785 4364 eum
824 4309 1051 4366 adduxit
1084 4320 1143 4365 ut
1169 4311 1379 4366 videret
1417 4309 1549 4380 quid
1584 4318 1803 4364 vocaret
1824 4324 1887 4362 ea
1913 4308 1936 4361 ?
1960 4306 2150 4377 Neque

569 4399 716 4456 enim
752 4400 799 4456 si
825 4416 1047 4472 egressa
1082 4400 1284 4465 forent,
1317 4416 1510 4456 eorum
1534 4400 1743 4455 exitum
1771 4398 1931 4454 nobis
1962 4398 2151 4470 Scrip-

571 4500 693 4547 tura
730 4493 1016 4555 tacuisset.
1046 4493 1140 4547 sed
1172 4493 1357 4561 potius
1389 4501 1444 4547 et
1477 4495 1697 4563 quando
1726 4504 1781 4547 et
1810 4492 2147 4563 quibuscum

567 4599 787 4651 egressa
819 4583 995 4641 forent
1030 4595 1285 4641 accurate
1313 4584 1650 4654 scripsisset,
1684 4584 2146 4653 quemadmodum

2249 3387 2414 3441 αὑτοῦ
2439 3388 2498 3454 ὲξ
2532 3385 2810 3455 Αἰγύπτου
2835 3388 2868 3457 ἡ
2896 3385 3073 3451 ἔξοδος
3094 3387 3349 3460 Ἀϐραὰμ
3376 3388 3472 3442 κα)⁵
3495 3392 3595 3460 τῆς
3623 3390 3830 3462 Σάρρας

2250 3479 2686 3551 συγγέγραπται.
2705 3477 2928 3547 Ἐξῆλθέ
2960 3496 3093 3532 ποτε
3115 3479 3313 3533 Ἰακὼό
3334 3481 3400 3534 ὲκ
3424 3479 3519 3533 τοῦ
3553 3479 3709 3535 οἴκου
3743 3478 3828 3533 τοῦ

2248 3571 2458 3637 Λάϐαν,
2492 3572 2586 3624 καὶ
2623 3569 2952 3641 μνημονεύει
2986 3573 3019 3642 ὴ
3066 3573 3259 3645 Γραφῇ
3297 3572 3436 3644 μετὰ
3462 3573 3669 3644 πολλῆς
3693 3588 3829 3635 τινος

2248 3663 2349 3733 τῆς
2389 3662 2677 3734 ἀκριϐείας
2723 3665 2822 3717 σὺν
2868 3663 3017 3734 αὐτῷ
3044 3663 3144 3735 τὴν
3171 3665 3348 3730 ἔξοδον
3376 3665 3476 3737 τῆς
3508 3666 3715 3737 Ῥαχὴλ
3745 3665 3829 3717 καὶ

2247 3755 2346 3826 τῆς
2378 3754 2806 3825 Δείας.Ἐξῆλθε
2836 3756 2933 3810 καὶ
2958 3756 3203 3827 Μωῦσῆς
3242 3759 3307 3812 ἑκ
3350 3758 3578 3829 Μαδιάμ
3618 3758 3715 3811 καὶ
3745 3757 3827 3825 γέ-

2248 3862 2494 3918 γραπται
2519 3847 2613 3901 καὶ
2637 3848 2671 3918 ὴ
2698 3846 2874 3912 ἔξοδος
2900 3847 2999 3918 τῆς
3031 3848 3291 3916 γυναικὸς
3318 3847 3483 3902 αὐτοῦ
3517 3850 3615 3903 σὺν
3643 3848 3787 3918 αὐτῷ
3810 3862 3823 3877 ·

2248 3940 2347 3993 καὶ
2377 3939 2543 4004 ἄλλας
2577 3939 2633 3993 δὲ
2665 3939 2869 4011 μυρίας
2900 3938 3238 4006 συνεξοδίους
3264 3943 3531 4010 γυναῖκας
3558 3941 3703 4012 μετὰ
3729 3939 3827 3993 τῶν

2249 4032 2466 4088 οἰκείων
2494 4033 2705 4105 ἀνδρῶν
2726 4034 2980 4105 εὑρήσεις
3001 4035 3060 4087 ἐν
3084 4037 3151 4105 τῇ
3179 4034 3392 4105 Γραφῇ.
3412 4034 3523 4088 Καὶ
3553 4032 3695 4096 πῶς,
3714 4030 3824 4086 sint

2253 4141 2366 4196 μοι,
2383 4124 2523 4197 αὑτὴ
2542 4125 2733 4196 πρώτη
2750 4126 2843 4179 καὶ
2861 4126 2993 4197 μόνη
3020 4126 3184 4197 ἀρχὴ,
3199 4126 3296 4179 καὶ
3321 4125 3465 4198 ῥίζα,
3484 4124 3579 4178 καὶ
3601 4123 3821 4193 κεφαλὴ,

2249 4217 2343 4271 καὶ
2358 4214 2495 4289 ζωὴ,
2523 4218 2618 4271 καὶ
2639 4217 2953 4288 βασίλισσα,
2983 4218 3083 4271 καὶ
3101 4218 3285 4289 μήτηρ
3312 4217 3532 4270 πάντων
3554 4215 3665 4268 τῶν
3699 4214 3824 4280 ζών-

2250 4326 2358 4361 των
2390 4304 2544 4374 οὖσα,
2568 4309 2629 4362 οὐ
2661 4307 2956 4379 συνεξῆλθε
2985 4308 3063 4376 τῷ
3084 4307 3241 4377 ἀνδρὶ
3270 4310 3333 4361 ὲκ
3361 4306 3453 4361 τοῦ
3480 4306 3821 4375 παραδείσου,

2249 4400 2372 4454 οὔτε
2411 4400 2480 4456 τὰ
2508 4401 2673 4474 θηρία
2702 4400 2884 4455 ἐκεῖνα
2916 4401 3013 4455 καὶ
3036 4400 3108 4456 τὰ
3140 4400 3334 4471 κτήνη,
3365 4399 3508 4471 ἅπερ
3536 4402 3565 4453 ό
3593 4398 3728 4460 Θεὸς
3754 4396 3825 4451 δι’

2249 4493 2443 4550 ἑαυτοῦ
2488 4494 2617 4567 περὶ
2660 4493 2949 4564 τὸνἈδάμ
2991 4494 3306 4565 είσήγαγεν,
3336 4493 3462 4547 ίδείν
3510 4492 3564 4546 τί
3614 4491 3821 4545 καλέσει

2248 4588 2429 4655 αὑτάς
2465 4588 2525 4641 Et
2550 4587 2659 4657 γὰρ
2688 4585 2930 4657 ἐξῆλθον,
2972 4585 3073 4639 οὐκ
3104 4584 3170 4639 ἂν
3220 4585 3494 4638 ὲσιωπᾶτο
3521 4584 3579 4637 ὲν
3604 4586 3673 4653 τῇ
3716 4580 3823 4650 θείᾳ

568 4681 833 4725 eteorum
866 4670 1178 4741 ingressum
1208 4671 1521 4743 descripsit.
1557 4669 1624 4726 Et
1648 4672 1907 4742 quoniam
1955 4672 2022 4727 de
2061 4688 2146 4728 re-

2252 4680 2445 4750 Γραφῇ
2490 4680 2525 4748 ἡ
2574 4677 2751 4743 ἔξοδος
2794 4676 2995 4741 αὐτῶν,
3022 4676 3349 4747 ἁλλ’ὦσπερ
3394 4674 3694 4745 διηγήσατο
3736 4671 3823 4741 τὴν

570 4761 673 4816 bus
701 4764 977 4819 extraneis
1031 4771 1089 4819 et
1117 4762 1415 4834 paradoxis
1451 4763 1608 4820 nobis
1644 4764 1896 4835 inceptus
1920 4776 2003 4821 est
2031 4782 2148 4822 ser-

572 4867 685 4922 mo,
712 4868 809 4924 per
833 4853 939 4911 alia
970 4854 1157 4913 itidem
1191 4871 1259 4912 ex
1292 4855 1579 4928 Scriptura
1614 4856 1777 4927 petita
1802 4856 2024 4914 ιιυιίωοε
2049 4873 2143 4915 ar-

648 4990 664 5034 ί
694 4987 853 5047 Joan.
882 5006 937 5059 v,
978 4992 1066 5049 Π.
1146 4993 1163 5046 1
1200 4992 1338 5051 Gen.
1366 5008 1451 5061 ut,
1476 4991 1568 5049 24.

2254 4769 2478 4831 εἴσοδον,
2509 4768 2683 4831 οὕτως
2733 4766 2959 4838 ἔμελλεν
3005 4768 3181 4820 εἰπεῖν
3208 4769 3341 4837 ἡμῖν
3390 4765 3486 4819 καὶ
3531 4764 3716 4827 ὁπότε,
3742 4762 3823 4815 καὶ

2254 4862 2392 4935 μετὰ
2418 4862 2561 4926 τίνος
2583 4858 2794 4931 ἐξῆλθε.
2827 4859 2935 4913 Καὶ
2961 4859 3151 4933 ἐπειδὴ
3183 4859 3312 4930 περὶ
3341 4856 3507 4924 ξένων
3528 4856 3623 4913 καὶ
3655 4870 3820 4925 παρα-

2118 5154 2350 5213 NOT/E.

647 5264 763 5332 (ΓΙ)
802 5262 925 5340 Non
947 5264 1087 5340 enim
1116 5265 1364 5340 exsiliunt
1411 5268 1547 5340 ejus.
1587 5268 1797 5340 Quippe
1830 5269 2147 5340 legendum

577 5337 631 5391 iu
660 5336 924 5407 κείω-ού
958 5336 1387 5406 γὰργέγραπται
1409 5336 1758 5407 ἐξορισμὸζί,
1791 5336 2150 5404 ἀλλ’ἐξαπο-

573 5403 1138 5479 οτοβήζνείροιὶιις,
1183 5403 1247 5479 οὗ
1288 5408 1397 5479 γὰρ
1420 5403 1756 5477 γέἠραπται,
1807 5403 2149 5479 Ἐξώρισεν,

576 5475 718 5551 an;
746 5474 1157 5551 ἐξαπέστειλε.
1183 5475 1250 5530 Et
1286 5474 1336 5530 id
1359 5474 1545 5551 verum
1571 5489 1672 5541 est.
1706 5474 2026 5535 vertendum
2052 5474 2153 5551 igi-

577 5547 993 5617 tur,nou_enin1
1016 5546 1272 5615 scriptum
1304 5555 1404 5607 est,
1436 5549 1631 5617 ejeeit:
1665 5551 1754 5603 sed
1775 5552 1968 5604 emisit.

652 5614 766 5691 (με)
814 5614 893 5668 Ea:
922 5613 1176 5691 zEgypto.
1222 5617 1439 5672 Notavit
1460 5613 1589 5691 olim
1647 5620 1815 5691 varro
1870 5636 1995 5690 qua:
2056 5637 2152 5691 per

578 5682 977 5758 diphthongum
999 5682 1399 5752 scriberentur,
1434 5703 1497 5743 ea
1535 5690 1857 5758 simpliciter
1889 5682 1917 5744 Ξι
1975 5682 2140 5745 rusti-

580 5756 661 5811 cis
698 5757 990 5827 enuntiari,
1020 5758 1090 5813 ita
1136 5767 1193 5813 ut
1221 5772 1342 5814 cum
1391 5760 1583 5815 urbani
1611 5756 1853 5818 dicerent
1902 5762 2134 5828 laedunt,

2256 5271 2447 5327 rustici
2498 5270 2699 5326 bedum
2743 5270 3100 5342 scriberent;
3145 5271 3240 5328 sed
3293 5277 3481 5342 postea
3515 5278 3818 5327 senescente

2258 5342 2486 5411 imperio
2516 5345 2667 5413 ineo
2704 5341 2774 5396 ab
2811 5342 3072 5413 ouinibus
3120 5342 3234 5398 fere
3291 5341 3577 5413 peccatum
3627 5349 3818 5413 est,_ut

2256 5429 2433 5480 neque
2462 5412 2766 5483 scriberent
2793 5411 3179 5483 diphthongos,
3212 5411 3389 5481 neque
3422 5427 3612 5483 earum
3662 5411 3815 5483 ratiu-

2253 5499 2375 5536 nem
2415 5484 2467 5535 in
2494 5482 2798 5551 pangendis
2836 5481 3087 5537 versibus
3118 5484 3381 5538 haberent
3416 5500 3430 5547 ;
3486 5482 3611 5536 inde
3642 5482 3694 5536 in
3743 5481 3814 5534 la—

2251 5552 2469 5621 pidibus
2510 5560 2564 5605 et
2595 5552 2932 5607 membranis
2967 5552 3235 5623 Afgyptus
3274 5554 3451 5621 prima
3470 5551 3620 5606 brevi
3644 5593 3659 5617 ,
3696 5553 3813 5606 hinc

2249 5623 2412 5695 sepire
2443 5637 2540 5692 pro
2569 5622 2754 5695 stevire
2783 5623 2992 5695 enigma
3024 5622 3122 5694 pro
3171 5624 3421 5695 a'nigma,
3477 5622 3664 5678 seuera
3724 5635 3829 5694 pre

2245 5693 2471 5762 spluera,
2507 5702 2560 5748 et
2588 5693 2756 5748 multa
2786 5693 2913 5748 alia.
