4080 6534
272 361 407 426 1061

1393 360 1472 420 IN
1499 353 2025 422 HEXAEMERON
2081 351 2230 413 LIB.
2288 351 2428 411 XII.

3408 353 3548 419 1062

267 478 436 542 δόξων
465 474 811 547 πραγμάτων
861 474 890 526 6
915 471 1087 540 ’λόγος
1135 471 1305 538 ἐστὶν,
1341 469 1403 534 ἐξ
1430 470 1630 541 ἐτέρων
1665 469 1774 523 τῶν
1804 468 1863 520 ἐν

1975 478 2129 535 gnam
2158 477 2265 518 non
2289 462 2525 518 esivisse
2546 461 2806 518 animalia
2832 463 2943 519 illa.
2977 462 3094 521 Una
3126 479 3254 521 cum
3285 463 3400 523 Noe
3423 483 3550 525 ante

265 573 334 641 τῇ
369 571 560 639 Γραφῇ
591 566 928 637 ἐγκειμένων
955 564 1164 634 ἐλέγχω
1187 563 1348 617 πάλιν
1371 562 1462 616 τδν
1478 561 1750 627 Ἰουδαῖον,
1776 560 1858 613 ὅτι

1975 556 2249 621 liluvium,
2269 554 2470 625 saepius
2481 555 2628 610 enim
2647 556 2780 611 illud
2794 556 3006 628 oggerit
3022 555 3238 628 Scriptu
3249 561 3548 625 ra,anima-

264 664 370 716 οὐκ
401 661 624 733 ἐξῆλθον
656 659 728 713 τά
756 659 922 730 θηρία
951 657 1144 712 ταῦτα.
1183 655 1446 728 Εἰσῆλθον
1481 655 1580 709 σὺν
1606 655 1684 725 τῷ
1712 653 1857 716 Νῶε,

267 753 436 807 πάλιν
471 753 652 820 λέγει,
683 749 792 821 πρὸ
818 749 911 803 τοῦ
944 746 1332 817 κατακλυσμοῦ
1362 748 1420 800 ἐν
1448 749 1512 817 τῇ
1545 744 1765 814 κιϐωτῷ
1793 743 1863 796 τά

265 843 435 914 θηρία
469 843 565 896 καὶ
612 839 682 894 τὰ
731 841 937 909 κτήνη⁸
985 838 1081 892 καὶ
1130 837 1438 908 γέγραπται
1477 836 1573 889 καὶ
1614 837 1647 908 ἡ
1686 835 1862 899 ἔξοδος

263 934 451 986 αὐτῶν
504 933 603 985 σὺν
655 930 839 1001 αὐτῷ’
871 930 965 983 καὶ
998 928 1231 1001 ἀριθμὸς
1263 928 1422 999 ἐτέθη
1473 926 1614 998 μετὰ
1663 926 1864 995 πολλῆς

263 1030 368 1096 τῆς
407 1025 713 1096 ἀκριϐείας.
731 1024 967 1093 Ὁμοίως
1013 1023 1110 1076 καὶ
1161 1023 1262 1095 τὴν
1311 1021 1488 1086 ἔξοδον
1513 1022 1623 1074 τῶν
1650 1020 1866 1091 κτηνῶν

263 1119 364 1173 τοῦ
388 1118 644 1188 Ἀϐραὰμ
675 1117 770 1170 καὶ
796 1116 891 1170 τοῦ
923 1115 1046 1170 Λώτ
1065 1129 1079 1143 ⁸
1115 1115 1212 1168 καὶ
1243 1115 1479 1184 μάλιστα
1511 1115 1613 1184 τὴν
1639 1112 1736 1167 τοῦ
1759 1113 1866 1166 Ἰα-

268 1211 389 1265 ιξὼϐ
415 1212 684 1281 διηγεῖται
719 1212 850 1280 ⁴ἡμῖν
887 1210 921 1280 ἡ
948 1207 1067 1263 θεία
1101 1207 1292 1279 Γραφὴ
1334 1209 1398 1260 ἐκ
1438 1205 1868 1276 Μεσοποταμίας

265 1302 575 1374 γενομένην
596 1318 608 1331 ·
641 1303 703 1354 ού
742 1301 902 1372 μόνον
932 1302 1008 1367 δέ,
1039 1301 1176 1355 ἀλλά
1203 1301 1297 1354 καὶ
1323 1301 1422 1372 τὴν
1455 1301 1694 1371 ἄμετρον
1725 1299 1866 1369 πλη-

268 1394 371 1447 θὺν
399 1394 509 1448 τῶν
554 1394 708 1461 ζώων
748 1394 860 1448 τῶν
903 1395 1000 1449 σὺν
1025 1394 1102 1466 τῷ
1130 1393 1342 1466 Ἰσραὴλ
1375 1393 1434 1460 ἐξ
1469 1392 1748 1462 Αἰγύπτου
1782 1391 1869 1457 ἐξ·

271 1483 559 1538 ελθόντων.
592 1485 702 1538 Καὶ
748 1485 866 1548 πῶς
917 1484 1139 1550 λοιπὸν,
1181 1485 1305 1538 εἰπέ
1365 1502 1478 1555 μοι,
1508 1483 1714 1538 τούτων
1760 1484 1869 1537 τῶν

271 1577 620 1630 θεοπλάστων
641 1577 846 1649 Θηρίων
879 1578 972 1631 καὶ
995 1576 1171 1642 ζώων,
1200 1578 1259 1630 ού
1293 1577 1436 1631 κατὰ
1465 1575 1766 1648 πρόσταξιν
1790 1575 1868 1638 ὡς

270 1670 342 1723 τὰ
367 1669 529 1722 λοιπά
565 1669 680 1734 ζῶα
713 1670 1050 1738 γεγονότων,
1084 1670 1200 1723 ἀλλ’
1231 1670 1566 1741 αύτοχείρως
1592 1668 1697 1722 ὑπὸ
1734 1667 1870 1721 Θεοῦ

271 1757 626 1825 κτισθέντων,
657 1759 691 1829 ἡ
727 1759 825 1828 μὲν
867 1760 926 1812 ἐν
965 1759 1278 1830 παραδείσῳ
1309 1757 1512 1820 εἴσοδος
1540 1756 1868 1825 γέγραπται,

1961 654 2032 710 lia
2062 652 2382 720 etjumenta
2409 652 2654 722 ingressa
2678 661 2806 707 sunt
2832 653 2885 707 in
2917 668 3127 719 arcam,
3148 654 3422 726 simulque
3456 656 3554 711 de-

1963 746 2220 802 scribitur
2237 760 2423 799 eorum
2447 745 2728 815 ingressus
2742 761 2867 801 cum
2886 745 3019 812 Noe,
3039 748 3364 804 eorumdem
3385 749 3552 805 etiam

1966 854 2226 894 numerus
2247 845 2504 892 accurate
2520 838 2732 908 positus
2748 849 2851 894 est.
2871 839 2962 896 Sic
2979 847 3034 896 et
3055 841 3261 897 exitum
3277 841 3555 912 jumento-

1965 949 2087 987 rum
2107 931 2340 986 Abrahae
2357 939 2412 985 et
2431 931 2802 1001 jumentorum
2827 932 2946 999 Lot,
2967 937 3347 1005 prrecipueque
3364 934 3554 992 Jacobi

1966 1038 2029 1078 ex
2057 1023 2448 1092 Mesopotamia
2493 1023 2798 1078 discessum
2826 1025 2985 1080 nobis
3014 1037 3200 1081 narrat
3246 1027 3554 1098 Scriptura,

1969 1131 2146 1186 neque
2183 1115 2235 1170 id
2265 1125 2498 1182 tantum,
2525 1116 2621 1170 sed
2651 1125 2705 1171 et
2725 1116 3050 1171 immensam
3090 1121 3408 1175 animalium
3433 1137 3555 1193 quae

1966 1222 2033 1262 ex
2059 1206 2295 1278 Egypto
2338 1207 2766 1262 exiveruntcum
2793 1206 2993 1264 lsraele
3020 1211 3422 1266 multitudinem
3455 1229 3555 1282 po.-

1971 1300 2071 1355 nit.
2104 1302 2174 1356 At
2211 1301 2304 1371 qui
2348 1301 2463 1356 lleri
2503 1301 2702 1371 potuit,
2741 1301 2850 1367 dic,
2871 1317 3083 1372 quaeso,
3119 1312 3178 1357 ut
3209 1304 3549 1376 reliquorum

1971 1392 2200 1448 istorum
2234 1392 2553 1447 animalium
2585 1392 3063 1463 etjumentorum,
3097 1409 3220 1464 qua:
3257 1411 3364 1449 non
3390 1396 3553 1465 jussu

1971 1483 2067 1539 Dei
2102 1494 2161 1539 ut
2182 1484 2366 1539 omnia
2405 1485 2510 1539 alia
2536 1484 2861 1552 animantia,
2887 1485 2982 1540 sed
3009 1487 3077 1540 ab
3103 1486 3235 1556 ipsis
3253 1487 3372 1556 ejus
3407 1487 3554 1540 mani

1969 1575 2074 1630 bus
2103 1574 2339 1629 formata
2363 1584 2491 1630 sunt
2514 1584 2567 1630 et
2598 1576 2797 1641 ellicta,
2824 1577 2876 1629 in
2920 1575 3238 1646 paradisum
3268 1577 3555 1648 ingressus

1971 1676 2458 1733 commemoretur,
2487 1675 2541 1721 et
2566 1666 2794 1721 omnino
2831 1677 3076 1722 taceatur
3107 1667 3332 1723 exitus?
3372 1667 3555 1723 Terri-

1975 1755 2104 1811 bilis
2130 1756 2275 1810 enim
2311 1765 2365 1811 et
2393 1757 2534 1811 mira
2568 1772 2708 1826 pene
2737 1773 2823 1813 res
2859 1759 2952 1823 sit,
2983 1757 3050 1828 si,
3074 1759 3247 1829 aspis,
3303 1775 3552 1830 serpens,

271 1853 307 1923 ὴ
339 1851 396 1905 δὲ
428 1850 606 1915 ἔξοδος
638 1851 820 1905 αὐτῶν
849 1851 988 1914 ὅλως
1027 1852 1128 1904 οὐκ
1161 1851 1503 1922 ἐμφέρεταις
1530 1847 1742 1918 Φοϐερὰ
1774 1847 1868 1900 καὶ

1975 1846 2180 1915 vipera,
2206 1844 2377 1900 draco
2410 1855 2462 1900 et
2491 1847 2744 1916 scorpius
2784 1862 2892 1901 una
2925 1863 3050 1901 cum
3093 1847 3322 1902 muliere
3357 1863 3553 1919 pecca-

270 1942 558 2014 παράδοξα
602 1943 908 2014 πράγματα
957 1945 1005 1996 εἰ
1037 1945 1071 2014 ἡ
1101 1944 1290 2010 ἀσπὶς,
1325 1943 1418 1997 καὶ
1464 1944 1492 1996 6
1536 1942 1678 2012 δφις,
1708 1941 1804 1994 καὶ
1831 1941 1866 2011 ἡ

271 2035 411 2105 ἔχις,
441 2036 534 2089 καὶ
577 2037 606 2089 6
647 2036 884 2107 δράκων,
915 2035 1011 2088 καὶ
1042 2037 1071 2090 6
1101 2036 1364 2107 σκορπίος
1400 2033 1540 2106 μετὰ
1585 2035 1685 2104 τῆς
1738 2051 1866 2087 ποτε

271 2129 642 2200 πλανηθείσης
662 2128 920 2198 γυναικὸς
937 2128 1030 2182 τοῦ
1052 2128 1208 2193 ξύλου
1223 2129 1323 2198 τῆς
1341 2127 1486 2199 ζωῆς
1503 2126 1864 2191 ἀπολαύουσι,

271 2221 372 2274 καὶ
399 2221 500 2275 ούκ
529 2204 713 2291 ἐξόρια
757 2221 900 2275 αύτά
945 2223 974 2275 6
1002 2221 1136 2286 Θεὸς
1169 2223 1234 2276 ἐκ
1265 2221 1361 2276 τοῦ
1397 2221 1734 2292 παραδείσου
1769 2219 1869 2271 οὐκ

272 2311 553 2368 ἐκώλυσεν
575 2328 592 2345 ⁸
631 2314 732 2367 οὐκ
755 2313 1056 2386 ἐπέτρεψεν
1082 2315 1268 2378 αὐτοῖς
1301 2313 1376 2385 μὴ
1408 2312 1768 2386 προσεγγίσαι
1792 2309 1872 2381 τῷ

1970 1939 2108 1994 trice
2135 1937 2390 1992 fruantur
2414 1939 2562 2008 ligno
2584 1940 2731 2003 vitae,
2751 1953 2930 2007 neque
2954 1938 3100 1994 Deus
3123 1956 3222 1996 eos
3242 1957 3272 1996 e
3295 1941 3555 2011 paradiso

1970 2030 2265 2101 fugaverit,
2295 2047 2469 2101 neque
2498 2032 2844 2086 interdixerit
2866 2032 2946 2087 eis
2973 2034 3232 2088 accedere
3252 2034 3319 2088 ad
3344 2035 3552 2104 lignum

1970 2125 2115 2189 vitae,
2142 2138 2319 2194 neque
2348 2124 2414 2178 de
2443 2124 2510 2178 iis
2539 2133 2593 2179 et
2612 2127 2843 2181 muliere
2876 2127 3078 2181 dixerit
3101 2125 3266 2194 Deus,
3301 2127 3381 2183 Ne
3410 2142 3555 2183 nunc

1972 2215 2270 2270 extendant
2303 2231 2530 2270 manum
2563 2232 2719 2271 suam
2740 2259 2755 2284 ,
2797 2227 2852 2272 et
2884 2227 3105 2273 sumant
3129 2227 3184 2274 et
3226 2219 3557 2277 manducent

1979 2308 2046 2362 de
2071 2308 2222 2379 ligno
2256 2310 2381 2364 vitae
2403 2319 2457 2365 et
2492 2310 2677 2365 vivant
2714 2311 2767 2366 in
2803 2320 3092 2367 :eternum.

275 2404 422 2476 ξύλῳ
469 2405 568 2476 τῆς
599 2405 765 2476 ζωῆς.
791 2407 906 2460 Οὐκ
935 2407 1124 2478 εἴρηκε
1171 2405 1301 2477 περὶ
1334 2405 1536 2470 αὐτῶν,
1567 2404 1600 2475 ἢ
1639 2403 1740 2475 τῆς
1773 2398 2052 2472 γυναικὸς,
2082 2400 2166 2453 ὅτι
2218 2401 2445 2472 Μήποτε
2505 2402 2787 2458 ἐκτείνωσι
2862 2405 2962 2479 τὴν
2993 2409 3171 2479 χεῖρα,
3209 2408 3302 2462 καί
3348 2407 3554 2465 λάϐωσι

273 2498 372 2549 καὶ
400 2498 614 2565 φάγωσι
636 2497 730 2550 τοῦ
760 2497 918 2562 ξύλου
948 2498 1048 2569 τῆς
1072 2497 1240 2569 ζωῆς,
1272 2499 1367 2552 καὶ
1392 2498 1648 2569 ζήσονται
1678 2497 1760 2559 εἰς
1779 2493 1871 2548 τὸν
1909 2494 2104 2548 αἰῶνα.

352 2589 464 2641 Ka‘t
497 2589 636 2653 πῶς,
665 2589 788 2642 είπέ
837 2606 955 2660 μοι,
990 2589 1084 2644 τὸν
1117 2589 1408 2663 ἄνθρωπον
1437 2590 1496 2643 δν
1529 2590 1652 2644 κατ’
1683 2589 1873 2642 εἰκόνα

276 2683 379 2735 καὶ
419 2683 680 2752 ὁμοίωσιν
709 2681 874 2736 αὑτοῦ
905 2683 1198 2754 πεποίηκε,
1242 2684 1336 2739 καὶ
1367 2681 1446 2753 τῷ
1476 2680 1644 2738 αὑτοῦ
1678 2680 1873 2751 ἐνεψύ-

278 2792 460 2845 χωσεν
491 2775 850 2846 ἐμφυσήματι
901 2774 1066 2843 οὕτω,
1105 2775 1226 2836 πῶς
1271 2774 1412 2846 ὑπὲρ
1446 2765 1734 2843 τὸντφιν,
1780 2774 1874 2828 καὶ

276 2869 384 2937 τὴν
415 2870 652 2936 γυναῖκα
675 2868 805 2931 τοὺς
831 2868 1038 2931 αἰτίους
1063 2869 1163 2937 τῆς
1188 2867 1466 2938 ἁμαρτίας
1488 2865 1682 2937 ἔμελλε
1711 2883 1876 2920 κατα-

279 2960 471 3028 κρῖναι
499 2960 593 3012 καὶ
625 2958 868 3029 ἐξορίσαι
904 2959 1314 3030 ἀσυγχωρήτως
1343 2957 1507 3012 αὑτὸν
1541 2958 1703 3029 μόνον
1731 2958 1873 3030 ὑπὲρ

281 3049 468 3104 πάντα
514 3049 800 3126 τάθηρία
845 3049 918 3104 τά
967 3049 1405 3120 ἐναπομείναντα
1452 3050 1511 3101 ἐν
1558 3049 1874 3120 παραδείσῳ

279 3141 688 3209 καταδικάσαι;
735 3142 871 3214 φησί
901 3140 1033 3214 γὰρ,
1069 3143 1153 3195 ὅτι
1195 3141 1621 3207 Ἐξαπέστειλε
1657 3141 1874 3210 Κύριος

281 3240 317 3289 ό
354 3237 500 3305 Θεὸς
553 3239 665 3292 τὸν
725 3237 903 3307 Ἀδὰμ
930 3238 999 3291 ἐκ
1028 3238 1136 3292 τοῦ
1173 3237 1565 3305 παραδείσου,
1602 3236 1698 3291 καί
1736 3253 1875 3290 κατ-

281 3328 510 3394 ῴκισεν
539 3330 729 3384 αὐτὸν
755 3330 1048 3384 ἀπέναντι
1079 3328 1189 3398 τῆς
1217 3329 1451 3399 τρυφῆς
1473 3329 1579 3384 τοῦ
1595 3328 1875 3398 παραδεί-

285 3438 427 3486 σου,
481 3421 579 3475 καί
610 3421 790 3486 ἔταξε
826 3423 899 3476 τὰ
932 3421 1244 3491 Χερουϐὶμ,
1287 3421 1384 3474 καί
1426 3419 1544 3490 τὴν
1573 3421 1877 3491 φλογίνην

279 3512 592 3581 ῥομφαίαν
620 3513 736 3582 τὴν
767 3510 1188 3581 στρεφομένην
1220 3510 1550 3580 φυλάττειν
1581 3510 1698 3577 τὴν
1731 3509 1877 3564 ὁδὸν

287 3603 398 3659 τοῦ
429 3603 621 3669 ξύλου
649 3602 760 3673 τῆς
789 3602 960 3672 ζωῆς.
995 3601 1236 3656 Ὀλωλεν
1268 3598 1361 3656 οῦν
1394 3601 1683 3674 ἄνθρωπος
1710 3601 1878 3673 μονώ·

286 3713 468 3760 τατος,
503 3696 620 3764 εἴγε
657 3695 801 3767 ὑπὲρ
836 3697 963 3758 τοὺς
991 3695 1168 3767 θῆρας
1195 3695 1581 3765 κατεδικάσθη.
1624 3691 1876 3747 Ἐδυστύ-

289 3806 467 3860 χησαν
489 3787 547 3841 δέ
577 3788 672 3841 καὶ
700 3787 769 3843 τά
817 3788 1122 3859 Χερουϐὶμ,
1163 3788 1273 3841 τῶν
1303 3787 1489 3859 θηρῶν
1536 3785 1631 3839 καὶ
1661 3784 1875 3858 κτηνῶν

290 3879 390 3930 καὶ
439 3879 708 3948 ἑρπετῶν,
751 3880 890 3950 μετά
925 3879 1107 3951 πάσης
1160 3880 1347 3943 ἀδείας
1398 3877 1493 3931 τοῦ
1542 3875 1874 3948 παραδείσου

289 3970 699 4034 ἀπολαυόντων,
733 3971 875 4025 αύτά
922 3970 980 4024 δέ
1025 3970 1120 4023 τοῦ
1168 3970 1507 4041 Χερουϐίκου
1556 3967 1745 4038 θρόνου
1783 3967 1877 4019 καὶ

287 4063 394 4133 τῆς
426 4063 784 4134 προσωπικῆς
832 4061 1076 4127 δουλείας
1121 4062 1216 4116 καὶ
1251 4062 1555 4133 παρουσίας
1598 4063 1693 4118 καὶ
1741 4063 1877 4116 ἀπο-

289 4155 538 4217 λαύσεως
568 4156 667 4223 τῆς
694 4155 866 4209 ἀϊδίου
898 4155 1058 4226 δόξης
1097 4155 1349 4226 θυρωροὶ
1380 4154 1479 4209 καί
1519 4158 1872 4225 συκοφύλα-

289 4264 398 4314 stac
432 4248 758 4321 κηπωρικῆς
793 4251 1003 4320 γεηρᾶς
1037 4248 1402 4320 θηροτροφίας
1435 4242 1576 4303 εἶναι
1617 4249 1875 4318 ταγέντα,

2041 2583 2108 2639 Ει
2155 2586 2248 2655 qui
2305 2585 2484 2655 potuit
2535 2585 2680 2642 Deus
2726 2587 3004 2645 hominem
3053 2606 3218 2662 quem
3273 2593 3340 2648 ad
3399 2611 3557 2653 suam

1972 2677 2266 2745 imaginem
2299 2686 2354 2732 et
2381 2677 2796 2734 similitudinem
2834 2680 2962 2737 fecit
2985 2728 3000 2750 ,
3032 2700 3192 2754 quem
3229 2686 3418 2742 divino
3453 2706 3556 2744 suo

1972 2768 2156 2823 alﬂatu
2184 2770 2471 2836 animavit,
2498 2771 2573 2825 ita
2598 2787 2765 2842 porro
2794 2788 2921 2828 eum
2959 2775 3140 2844 ipsum
3168 2794 3279 2848 prae
3304 2793 3560 2851 serpente

1973 2869 2028 2914 et
2063 2860 2294 2915 muliere
2324 2860 2508 2915 delicti
2552 2863 2883 2919 auctoribus
2920 2865 3210 2936 judicare,
3251 2869 3472 2938 ejicere,
3508 2884 3562 2929 et

1978 2951 2132 3005 illum
2162 2952 2353 3022 [ipsum
2387 2953 2567 3009 solum
2617 2970 2783 3026 super
2810 2957 2916 3011 alia
2961 2961 3148 3014 omnia
3191 2962 3454 3019 animalia
3504 2968 3560 3022 in

1977 3045 2236 3114 paradiso
2265 3048 2561 3104 resitlentia
2601 3049 2754 3104 nulla
2795 3065 3059 3107 concessa
3095 3055 3254 3110 venia
3295 3059 3560 3114 condem-

1977 3137 2147 3191 nare?
2173 3139 2307 3194 dicit
2331 3141 2477 3195 ettim
2503 3160 2515 3196 :
2546 3139 2614 3196 Et
2641 3143 2815 3196 emisit
2843 3143 3103 3200 Dominus
3132 3146 3272 3202 Deus
3298 3150 3470 3204 Adam
3497 3167 3563 3205 ex

1975 3229 2252 3298 paradiso,
2280 3232 2559 3288 collocavit
2586 3250 2704 3288 eum
2733 3243 2855 3290 ante
2890 3238 3205 3306 paradisum
3247 3242 3560 3313 voluptatis,

1974 3330 2021 3374 et
2039 3322 2230 3376 statuit
2257 3321 2539 3378 Clterubim
2562 3333 2610 3379 et
2634 3325 2940 3395 ﬂammeum
2959 3328 3199 3400 gladium
3217 3341 3374 3402 atque
3391 3350 3564 3390 versa-

1978 3412 2122 3464 tilem
2137 3412 2206 3492 ad
2233 3414 2637 3469 custodiendam
2665 3418 2805 3469 viam
2836 3416 2969 3487 ligni
2987 3419 3126 3474 vitta.
3147 3422 3318 3492 Igitur
3336 3426 3563 3481 omnino

1977 3503 2129 3556 solus
2159 3491 2326 3558 homo
2350 3505 2514 3574 periit
2541 3506 2812 3576 siquidem
2839 3523 2951 3578 prie
2983 3512 3197 3567 caeteris
3231 3514 3562 3574 animalibus

1978 3596 2395 3653 condemnatus.
2420 3597 2558 3652 Male
2577 3601 2743 3654 etiam
2780 3611 2966 3656 actum
2989 3612 3074 3658 est
3098 3621 3223 3660 cum
3257 3606 3562 3677 Cherubin,

1977 3688 2178 3759 quippe
2198 3688 2426 3759 reliquis
2449 3691 2706 3747 omnibus
2726 3693 3078 3760 animalibus,
3099 3711 3290 3753 secure
3307 3702 3563 3769 paradiso

1978 3780 2287 3836 [ruentibus
2311 3782 2426 3853 ipsa
2458 3783 2779 3854 Cherubim,
2805 3786 3108 3865 _Cherubici
3128 3791 3332 3858 throni,
3369 3811 3562 3865 perso-

1979 3874 2120 3928 nalis
2150 3875 2451 3940 servitutis,
2477 3861 2876 3944 praesentiae'et
2899 3879 3174 3938 fruitionis
3208 3861 3426 3940 aeternae
3447 3888 3565 3957 glo-

1979 3965 2073 4019 ria:
2091 3964 2352 4034 ianitores
2374 3976 2422 4019 et
2440 3967 2574 4036 ﬁcus
2596 3968 2840 4024 custodes
2873 3970 2988 4041 (l9)
3011 3972 3195 4029 hostili
3221 3985 3563 4048 teri-eumque

1979 4057 2242 4111 custodiae
2294 4057 2554 4128 przelecta
2592 4098 2607 4124 ,
2667 4061 3090 4120 condemnatum
3144 4078 3453 4137 serpentem
3511 4085 3564 4125 et

1979 4148 2266 4202 mulierem
2284 4149 2439 4220 jussa
2462 4159 2593 4205 sunt
2623 4153 2894 4208 serviliter
2921 4157 3240 4212 custodire:
3274 4161 3367 4214 sed
3394 4175 3564 4232 apage

1980 4241 2057 4296 sis
2093 4241 2256 4296 verba
2293 4242 2398 4297 ista
2456 4243 2697 4298 absurda
2750 4253 2804 4300 et
2852 4246 3149 4304 insolentia
3192 4251 3328 4322 (ΞΟ).
3361 4253 3564 4310 Astans

291 4339 389 4390 καὶ
437 4338 910 4392 καταδικασθέντα
956 4338 1047 4392 τδν
1079 4339 1410 4409 κατάκριτον
1462 4338 1606 4409 ὅφιν,
1645 4340 1738 4392 καὶ
1777 4341 1876 4410 τὴν
1912 4342 1953 4396 ι)
1983 4332 2204 4388 divinus
2229 4332 2434 4392 Paulus
2456 4348 2643 4391 severe
2663 4335 2988 4404 inlremens,
3018 4356 3217 4412 meque
3245 4345 3564 4414 respiciens,

288 4431 522 4495 γυναῖκα
543 4429 801 4495 δουλικῶς
827 4430 1097 4501 πυλωρεῖν
1125 4430 1482 4502 ὴτιμώθησαν
1504 4447 1518 4462 ο
1542 4430 1656 4484 ἀλλ’
1692 4431 1870 4500 ἄπαγε

288 4519 394 4589 τῆς
412 4521 521 4573 τῶν
548 4522 815 4593 ῥημάτων
831 4522 1036 4577 τούτων
1054 4523 1304 4587 ἀτοπίας.
1335 4523 1592 4586 Ἐπιστὰς
1620 4523 1649 4575 6
1676 4523 1876 4576 θειότα-

287 4630 383 4676 τος
405 4608 526 4667 εἶπέ
551 4632 641 4686 μοι
664 4615 895 4680 Παῦλος,
921 4616 1211 4686 αὐστηρῶς
1237 4615 1658 4688 ἐμϐριμώμενος
1680 4618 1758 4680 εἰς
1775 4616 1874 4688 ἐμὲ

287 4706 610 4775 ἀποϐλέψας
629 4723 642 4737 ·
669 4707 748 4762 Τὸ
771 4707 1110 4778 μυστήριον
1138 4709 1344 4761 τούτων
1369 4707 1476 4761 τῶν
1502 4708 1874 4779 θεωρημάτων

282 4796 444 4867 μέγα
470 4799 673 4853 ἐστίν·
704 4799 822 4870 ἐγὼ
850 4801 918 4854 δέ
940 4815 1040 4854 σοι
1072 4799 1227 4865 λέγω
1253 4801 1338 4868 είς
1356 4800 1618 4870 Χριστὸν
1649 4802 1748 4856 καί
1783 4803 1872 4869 εις

288 4888 410 4959 τὴν
443 4890 836 4960 Ἐκκλησίαν.
863 4895 973 4949 Καὶ
1022 4893 1195 4949 ταῦτα
1231 4894 1343 4950 νόει
1390 4893 1530 4948 κατά
1581 4891 1686 4966 [δὲ]
1721 4891 1872 4947 τόνδε

365 5132 395 5176 ι
429 5135 632 5207 Ephes.
670 5151 724 5202 v,
759 5136 851 5196 32.

1981 4424 2298 4496 Hysterium
2329 4428 2484 4495 illud,
2517 4430 2714 4500 ittquit,
2745 4448 2996 4502 magnum
3023 4444 3122 4500 est,
3170 4435 3358 4507 loquor
3388 4449 3564 4493 autem

1981 4520 2036 4573 in
2058 4521 2330 4575 Christum
2352 4532 2400 4575 et
2424 4522 2537 4594 ejus
2572 4522 2867 4578 Ecclesium
2899 4527 2945 4580 ιε.
2974 4526 3107 4593 Quae
3138 4531 3222 4585 sic
3256 4532 3564 4602 intelligeti-

1983 4614 2051 4668 da
2078 4624 2240 4668 sunt:
2282 4612 2476 4670 Mulier
2497 4617 2668 4682 enim,
2705 4628 2823 4672 uta
2857 4622 2976 4674 viro
3005 4624 3280 4691 profecta,
3329 4626 3394 4679 ad
3433 4643 3563 4695 νιο-

1983 4705 2163 4774 prium
2207 4715 2488 4775 parentem
2542 4724 2703 4764 suum
2750 4726 3016 4768 conversa
3069 4724 3193 4782 est,
3242 4717 3320 4770 vir
3367 4733 3494 4771 vero
3531 4734 3560 4772 a

1981 4809 2136 4870 patre
2180 4800 2560 4868 descendens,
2612 4803 2681 4858 ad
2745 4804 2898 4859 illum
2947 4807 3268 4876 remigravit
3315 4825 3345 4863 e
3397 4818 3563 4874 terra,

1984 4894 2369 4965 unusquisque
2421 4896 2488 4950 ad
2517 4898 2797 4968 propriam
2831 4899 3216 4971 cognationem
3248 4910 3300 4954 et
3327 4901 3561 4972 patriam

1807 5317 2042 5377 NOTE.

369 5525 484 5596 (19)
514 5525 583 5580 Et
609 5526 740 5597 ﬁcus
765 5526 1032 5580 custodes.
1068 5523 1323 5597 Plerique
1354 5531 1566 5578 veteres
1619 5521 1875 5577 arborem

295 5597 447 5651 illam
501 5613 608 5665 qua
655 5598 782 5652 Adae
831 5597 1182 5652 interdictum
1223 5597 1430 5659 fuerat,
1464 5607 1572 5648 non
1621 5605 1872 5660 pomum,

295 5668 391 5722 sed
427 5669 588 5720 ticum
641 5676 856 5722 vocant.

372 5739 484 5806 (i0)
521 5737 586 5790 Et
620 5739 923 5792 insolentia.
952 5737 1009 5792 In
1041 5735 1143 5790 Ms.
1182 5735 1296 5789 haec
1345 5735 1416 5788 ita
1467 5735 1740 5806 disjnncta
1798 5733 1877 5786 le-

299 5817 523 5879 guntur,
559 5810 717 5882 quasi
753 5809 957 5880 aliquid
983 5808 1147 5876 desit,
1166 5822 1284 5877 quae
1311 5816 1491 5862 tamen
1521 5808 1732 5876 integra
1757 5820 1878 5859 esse

1991 5535 2245 5596 possunt,
2279 5535 2332 5580 et
2353 5526 2431 5580 sic
2467 5526 2713 5582 ordinem
2753 5538 2804 5583 et
2839 5528 3163 5584 ἀκολουθίαν
3192 5545 3430 5584 servare.
3462 5528 3565 5584 Sed

1987 5613 2153 5666 apage
2182 5600 2255 5650 sis
2281 5597 2435 5650 verba
2463 5601 2568 5650 ista
2595 5599 2825 5653 absurda
2852 5612 2900 5653 et
2941 5602 3243 5664 insolentia,
3290 5601 3418 5653 mihi
3478 5617 3557 5652 tn-

1985 5671 2114 5742 quit_
2134 5667 2334 5742 Paulus
2357 5685 2526 5742 severe
2557 5669 2841 5736 infrentens
2872 5687 3051 5740 meque
3082 5673 3364 5742 respiciens
3396 5685 3414 5724 :
3441 5669 3562 5742 Μν-

1987 5739 2204 5791 sterium
2235 5739 2368 5791 illud
2401 5755 2645 5808 magnum
2674 5753 2771 5806 est,
2799 5751 2902 5794 etc.
