4080 6528
518 338 659 401 1063

1723 335 1784 394 S-
1826 332 2228 396 ANASTASII
2270 332 2602 395 SINAITE

3642 328 3779 394 1064

514 441 818 489 revertens.
858 426 1125 500 Equidem
1160 441 1229 483 ex
1264 439 1433 481 carne
1481 434 1537 480 et
1572 427 1834 496 paradiso
1871 430 2089 497 genitus

2216 425 2284 480 τὸν
2328 426 2566 499 τρόπον*
2622 426 2657 497 ἡ
2691 422 2816 496 ’μὸν
2879 422 2990 495 γὰρ
3042 422 3184 495 γυνὴ
3226 422 3303 488 ὡς
3352 423 3418 476 lx
3460 420 3558 475 τοῦ
3597 423 3784 491 ἀνδρὸς

515 524 690 581 Adam
731 522 987 579 Christus
1035 520 1159 576 ειειί
1205 520 1343 575 civis
1380 517 1564 575 nudus
1612 520 1894 590 ingressus
1924 529 2009 577 est
2042 522 2101 577 in

518 620 836 689 paradisum
868 626 923 671 ct
969 617 1023 671 in
1067 615 1234 669 vitam
1273 614 1435 669 istam
1465 614 1558 668 ubi
1589 629 1716 668 vere
1745 614 1799 669 itt
1847 615 2102 670 salutife-

518 724 637 763 ram
662 707 878 761 cxtasin
906 715 1096 775 raptus
1119 713 1227 767 est,
1258 719 1358 775 per
1385 718 1547 774 quam
1580 704 1855 775 propriam
1878 705 1985 759 sibi
2009 720 2104 761 so-

518 799 695 853 dalem
738 798 1038 853 Ecclesium
1086 796 1319 863 genuit,
1368 796 1531 865 eique
1585 795 1807 865 penitus
1870 795 2105 852 adhzesit

520 907 645 961 qum
674 906 796 947 sese
827 888 895 944 ad
950 890 1104 943 illum
1148 889 1378 958 pulchre
1427 888 1745 955 convertit,
1811 897 1867 943 et
1917 888 1988 941 ab
2037 904 2103 945 ea

521 983 737 1052 accepit
761 981 945 1037 omnia
976 997 1099 1052 qua:
1127 980 1349 1036 fuerant
1375 981 1429 1035 in
1455 995 1541 1045 ea,
1573 995 1772 1050 nempe
1797 981 2104 1035 manduca-

523 1073 755 1137 tionem,
776 1074 1053 1141 exsilium,
1076 1082 1371 1139 terrorem,
1395 1074 1812 1141 contumeliam,
1841 1075 2107 1130 maledic-

523 1166 731 1220 tionem
754 1185 767 1219 :
793 1166 1106 1221 maledictio
1133 1166 1277 1221 enim
1301 1166 1480 1221 factus
1511 1174 1615 1231 est,
1639 1182 1832 1236 nempe
1863 1167 2107 1236 pendens

524 1256 582 1311 in
607 1256 757 1327 ligno
781 1273 794 1310 :
832 1257 1210 1323 nudationem,
1246 1256 1670 1312 occultationem
1697 1273 1805 1328 qua
1833 1256 1887 1312 in
1913 1256 2107 1315 inieris

523 1348 834 1403 occultatus
877 1358 961 1404 est
1009 1363 1135 1403 cum
1174 1348 1322 1418 ligno
1357 1348 1541 1403 crucis
1580 1347 1714 1418 (il).
1750 1348 1932 1415 Quare
1965 1348 2109 1405 Deus

525 1438 681 1493 illum
724 1453 930 1493 vocans
977 1452 1043 1491 ex
1091 1438 1464 1493 occultatione
1513 1438 1603 1492 illa
1648 1438 1840 1493 eduxit
1881 1455 2005 1493 cum
2056 1449 2111 1495 et

524 1529 781 1602 excitavit
825 1529 1241 1601 incorruptione
1270 1530 1729 1586 circumvolutum
1773 1548 1939 1602 supra
1990 1533 2110 1603 pal-

527 1618 665 1673 lium
696 1620 825 1675 illud
850 1620 1207 1690 corrttptihile
1226 1635 1293 1675 ex
1326 1620 1537 1676 semine
1567 1619 1785 1687 Davidis
1805 1623 2109 1677 secundum

2204 518 2568 590 προελθοῦσα,
2604 516 2745 589 πρὸς
2772 515 2867 570 τὸν
2913 518 3115 570 οίκεῖον
3164 515 3471 588 γεννήτορα
3509 514 3607 586 τὴν
3655 516 3787 569 ἀπο-

2206 608 2449 680 στροφὴν
2497 608 2690 678 ἐσχενο
2745 608 2773 661 6
2804 606 2860 660 δὲ
2898 606 3039 678 ἀνὴρ
3093 607 3123 659 6
3167 607 3232 659 ὲκ
3280 605 3487 675 πατρὸς
3515 605 3789 676 προελθὼν

2207 698 2343 770 πρὸς
2376 699 2465 752 τὸν
2506 697 2639 752 ἴδιον
2669 697 2883 768 πατέρα
2911 696 3011 768 τὴν
3060 694 3321 750 ἀνάλυσιν
3370 697 3482 763 (25)
3538 696 3647 749 ἀπὸ
3694 697 3791 766 γῆς

2207 790 2528 861 ἐποιήσατο,
2579 790 2809 853 ἕκαστος
2849 787 3032 841 αὐτῶν
3080 787 3219 858 πρὸς
3265 788 3364 855 τὴν
3408 786 3548 839 ἰδίαν
3596 788 3791 853 συγγέ-

2207 881 2360 934 νείαν
2388 877 2703 932 επανελθὼν
2733 878 2828 931 καὶ
2854 878 2953 948 τὴν
2990 877 3247 947 πατρίδα.
3300 879 3373 931 Ἦ
3406 877 3506 946 μὲν
3530 877 3641 947 γὰρ
3674 894 3795 947 σαρ-

2208 972 2442 1043 κογενὴς
2499 970 2594 1024 καὶ
2661 969 3129 1040 παραδεισογενὴς
3197 968 3295 1022 καὶ
3364 967 3792 1038 οὐρανοπολίτης

2221 1062 2395 1133 ’Δδάμ
2428 1060 2663 1133 Χριστὸς
2708 1059 2924 1131 εἰσῆλθε
2958 1060 3057 1131 μὲν
3100 1060 3310 1129 γυμνὸς
3344 1060 3480 1123 Θεὸς
3517 1060 3578 1113 έν
3615 1076 3793 1129 παραυ

2208 1154 2375 1224 δείσῳ
2403 1154 2499 1208 καὶ
2532 1152 2632 1224 βίῳ
2657 1152 2736 1224 τῷ
2776 1151 2986 1216 ἐνθάδε,
3018 1153 3113 1206 καὶ
3144 1151 3338 1223 ἐξέστη
3380 1152 3673 1223 ἀτρέπτως
3701 1151 3795 1223 τὴν

2213 1247 2483 1319 σωτήριον
2515 1244 2682 1300 αὐτοῦ
2726 1247 3009 1310 ἔκστασιν,
3048 1244 3117 1298 δι’
3146 1239 3215 1316 ἧς
3261 1244 3363 1315 τὴν
3405 1244 3617 1298 οἰκείαν
3662 1243 3798 1314 σύμ-

2211 1337 2327 1393 6ιον
2394 1338 2721 1410 Ἐκκλησίαν
2771 1338 2961 1392 τέτοκε
3010 1337 3102 1391 καὶ
3155 1336 3569 1408 προσεκολλήθη
3621 1338 3797 1409 ταύτῃ

2213 1430 2595 1504 σαρκωθέντος
2634 1429 3024 1503 ὑποστρεψάσῃ
3061 1428 3196 1504 πρὸς
3244 1428 3408 1483 αύτὸν
3452 1428 3660 1494 καλῶς,
3705 1432 3797 1484 καὶ

2212 1523 2501 1588 ἀνεδέξατο
2536 1524 2717 1578 πάντα
2744 1522 2813 1576 τὰ
2846 1524 2905 1577 ὲν
2939 1522 3104 1593 αὐτῇ,
3153 1521 3252 1594 τὴν
3286 1520 3514 1592 βρῶσιν,
3547 1521 3653 1591 τὴν
3700 1539 3797 1590 φυο

2213 1616 2341 1688 γὴν,
2387 1617 2489 1688 τὴν
2524 1615 2709 1686 ὓϐριν,
2763 1615 2863 1687 τὴν
2912 1615 3197 1687 κατάρανο
3250 1614 3545 1685 γενόμενος
3588 1615 3798 1683 κατάρα

528 1724 788 1775 carnem,
844 1718 1159 1776 terrenum,
1225 1710 1442 1765 l'eneum
1501 1719 1557 1766 et
1608 1712 1864 1778 carnale,
1924 1713 2108 1769 tunica

2216 1706 2289 1770 ῶς
2320 1706 2657 1778 κρεμασθεὶς
2687 1706 2779 1760 ἐπὶ
2814 1704 2995 1771 ξύλου,
3026 1706 3125 1777 τὴν
3162 1703 3468 1776 γύμνωσιν,
3494 1705 3597 1772 τὴν
3626 1705 3798 1758 κατά·

528 1801 937 1872 incorruptibili
982 1803 1411 1871 circumdatum,
1450 1812 1677 1867 aeterna,
1718 1804 1927 1869 divina,
1958 1814 2013 1860 et
2041 1806 2111 1860 ab

2216 1773 2517 1871 xpudiwlﬂv
2555 1799 2613 1850 ἐν
2660 1797 2738 1869 τῷ
2788 1798 2889 1869 ᾄδῃ
2937 1773 3146 1869 έκρύδη
3177 1773 3325 1867 μετά
3370 1795 3466 1849 τοῦ
3514 1795 3679 1862 ξύλου
3709 1795 3798 1849 τοῦ

528 1892 651 1966 ipso
694 1896 803 1951 Deo
841 1897 1076 1966 desuper
1116 1905 1282 1962 texta,
1350 1897 1647 1952 immortali
1698 1898 1796 1967 ipsi
1838 1900 2110 1969 acquisita

530 1993 591 2038 ut
619 1985 1015 2040 indissolubilis
1047 1999 1189 2041 esset
1213 2002 1325 2056 pra:
1359 1987 1525 2057 priori
1564 1989 1655 2041 illa
1690 2003 1852 2056 quam
1877 2004 1907 2043 e
1938 1987 2110 2044 Maria

529 2074 762 2147 Deipara
818 2079 997 2133 induit
1044 2079 1449 2135 transformata
1485 2089 1540 2135 et
1580 2082 1816 2136 solidato
1861 2097 2109 2152 corpore,

530 2182 701 2236 quare
733 2177 859 2237 post
907 2170 1167 2223 amictum
1206 2171 1358 2225 illum
1411 2172 1612 2226 tunicze
1657 2174 2107 2244 incorruptionis,

529 2259 792 2328 quoniam
830 2260 1171 2330 impossibile
1198 2273 1318 2317 erat
1340 2278 1463 2317 eum
1494 2264 1547 2317 in
1579 2264 1787 2318 caduca
1813 2275 1866 2319 ct
1894 2266 2111 2320 mortali

528 2351 643 2406 vita
674 2352 776 2406 ista
806 2353 1013 2408 diutius
1058 2354 1364 2415 immorari.
1414 2354 1559 2412 Deus
1585 2373 1712 2410 eum
1755 2357 1828 2411 ita
1860 2357 2109 2413 indutum

529 2444 743 2513 accepit
781 2443 834 2497 in
870 2445 1125 2513 paradiso
1170 2445 1453 2511 Ecclesiae,
1482 2464 1606 2502 nam
1637 2465 1667 2502 e
1701 2451 1922 2519 regione
1958 2461 2115 2505 terra:

528 2535 729 2592 cmlum
779 2537 1138 2606 conspicitur,
1188 2549 1245 2594 ut
1292 2550 1613 2609 operaretur
1655 2552 1852 2594 terram
1897 2556 1962 2595 ex
2002 2557 2112 2612 qna

528 2635 783 2694 sumptus
840 2637 893 2683 et
942 2638 1232 2698 susceptus
1289 2641 1395 2691 est.
1447 2631 1499 2685 id
1553 2640 1659 2697 est,
1719 2641 1778 2685 ut
1827 2648 1961 2687 cura
2010 2649 2111 2691 sua

528 2730 701 2783 genus
733 2715 1033 2770 humanum
1066 2716 1135 2770 ab
1166 2719 1315 2773 omni
1354 2720 1501 2774 malo
1538 2720 1649 2789 (εἳ)
1685 2721 2016 2787 custodiret,
2059 2730 2116 2778 et

528 2807 843 2861 ﬂammeum
876 2807 1115 2879 gladium
1159 2820 1213 2864 et
1240 2812 1555 2866 versatilem
1590 2812 1657 2867 ad
1698 2814 2112 2869 custodiendam

530 2896 675 2950 viam
715 2897 845 2967 ligni
884 2898 1029 2952 vita).
1063 2896 1344 2953 Cherubim
1380 2902 1673 2971 exponitur
1717 2902 2005 2956 multitudo
2032 2920 2117 2957 co-

529 2986 834 3052 gnitionis;
867 2990 1107 3058 cognitio
1152 3000 1336 3043 autem
1376 2999 1461 3044 est
1498 2990 1631 3045 ﬁdes
1670 2992 1879 3046 sincera
1924 3003 1979 3047 et
2023 2994 2114 3064 pia

2218 1892 2476 1963 σταυροῦ.
2514 1893 2607 1945 Διὸ
2648 1892 2743 1945 καὶ
2781 1890 3015 1955 καλέσας
3045 1890 3208 1945 αὑτὸν
3231 1890 3261 1943 6
3290 1890 3423 1954 Θεὸς
3461 1889 3527 1942 ὲκ
3571 1890 3675 1959 τῆς
3706 1906 3799 1942 κα-

2215 1984 2539 2055 τακρύψεως
2582 1983 2799 2055 ἐκείνης
2827 1982 3064 2054 ἐξήγαγε
3115 1984 3210 2037 καὶ
3252 1982 3590 2053 ἀνέστησενο
3622 1984 3802 2053 ἐπαμ-

2217 2077 2513 2147 φιασθέντα
2536 2079 2604 2148 τῇ
2637 2076 2916 2148 ἀφθαρσίᾳ
2939 2076 3035 2130 ἐπὶ
3058 2074 3154 2129 τοῦ
3178 2074 3563 2148 περιζώματος
3592 2074 3801 2129 ἐκείνου

2215 2166 2309 2220 τοῦ
2343 2165 2584 2238 φθαρτοῦ
2612 2165 2706 2219 τοῦ
2737 2167 2801 2220 ὲκ
2830 2167 3147 2238 σπέρματος
3181 2165 3347 2221 Δαὸὶδ
3375 2165 3527 2230 ὄντος
3566 2165 3630 2218 τὸ
3662 2164 3802 2219 κατά

2218 2260 2420 2331 σάρκα,
2471 2256 2657 2329 χοϊκοῦ
2727 2257 2821 2311 καὶ
2871 2255 3227 2328 χορτογενοῦς
3280 2256 3549 2328 σαρκικοῦ
3599 2256 3803 2327 χιτῶνα

2215 2352 2424 2421 ἄφατον
2472 2348 2875 2422 περιθεμένουο
2925 2348 3226 2420 ἄφθαρτον,
3285 2349 3537 2422 στερρὸν,
3589 2349 3804 2403 θεότευο

2216 2459 2366 2506 κτον,
2399 2441 2464 2495 ὲκ
2491 2440 2587 2495 τοῦ
2616 2441 2823 2496 ἄνωθεν
2854 2440 2990 2494 Θεοῦ
3022 2440 3256 2510 ύφαντόν
3276 2456 3292 2473 ·
3327 2441 3601 2495 ἀθάνατον
3647 2458 3806 2511 μετα-

2216 2533 2513 2604 ποιηθέντα
2552 2532 2721 2603 αύτῷ,
2760 2535 2839 2598 είς
2870 2533 3153 2588 ἀδιάλυτον
3190 2532 3330 2604 ὑπὲρ
3362 2531 3455 2586 τὸν
3495 2532 3799 2605 πρότερον·

2214 2623 2244 2677 6
2286 2625 2331 2677 δ’
2364 2620 2432 2695 ἦν
2466 2626 2532 2677 ὲκ
2575 2624 2795 2694 Μαρίας
2848 2624 2946 2692 τῆς
2983 2623 3248 2677 Θεοτόκου
3304 2623 3599 2678 ἐνεδύσατο
3643 2623 3805 2692 σῶμα

2220 2716 2633 2787 μετασκευάσας
2659 2716 2753 2769 καὶ
2781 2714 3091 2786 «spadica;
3110 2730 3126 2745 '
3163 2714 3246 2770 διὸ
3274 2714 3420 2781 μετὰ
3465 2715 3565 2786 τὴν
3592 2715 3804 2769 ἔνδυσιν

2215 2805 2310 2859 τοῦ
2343 2806 2570 2878 χιτῶνος
2588 2804 2689 2874 τῆς
2718 2805 3049 2876 ἀφθαρσίας,
3074 2805 3199 2858 ἐπεὶ
3231 2803 3497 2858 ἀδύνατον
3521 2800 3593 2875 ἦν
3620 2807 3807 2875 ἐγχρο-

2216 2897 2385 2963 νίζειν
2436 2896 2599 2951 αύτὸν
2623 2896 2972 2969 ἐνδεδυμένον
3015 2898 3107 2950 τὸν
3147 2897 3461 2953 εἰσελθόντα
3495 2897 3553 2951 ὲν
3586 2898 3667 2969 τῷ
3711 2914 3806 2949 παι

2222 2990 2454 3061 ραδείσῳ
2485 2990 2585 3062 τῆς
2640 2991 2999 3061 Ἐκκλησίας·
3053 2992 3345 3047 κατέναντι
3393 2994 3504 3066 γάρ
3549 2993 3654 3064 τῆς
3701 2994 3805 3061 γῆς

533 3076 668 3131 ﬁdes
710 3075 763 3130 in
797 3074 1080 3133 Christum
1118 3094 1284 3149 quam
1325 3079 1473 3135 Deus
1516 3081 1709 3135 statuit
1746 3088 1801 3134 et
1842 3083 2111 3139 ordinavit

2218 3081 2455 3152 ὑπάρχει
2484 3082 2513 3134 ό
2545 3080 2795 3151 οὐρανὸς,
2820 3082 3151 3154 ἐργάζεσθαι
3182 3082 3344 3137 αὑτὸν
3371 3084 3470 3156 τὴν
3498 3086 3604 3153 γῆν
3638 3086 3702 3151 ἐξ
3740 3078 3805 3155 ἧς

533 3174 597 3221 ιιι
620 3170 898 3223 incessum
936 3177 1183 3222 nostrum
1220 3177 1274 3222 et
1302 3167 1355 3221 in
1396 3169 1560 3223 Itacce
1598 3169 1706 3222 vita
1743 3170 2012 3224 curricula
2045 3171 2111 3226 alJ

2220 3172 2430 3243 ἐλήφθη
2455 3172 2550 3225 καὶ
2576 3172 2873 3244 άνελήφθη’
2894 3174 3037 3229 τοῦτ’
3057 3176 3174 3230 εστι
3199 3176 3261 3231 τὸ
3284 3175 3627 3248 ἀνθρώπινον
3648 3176 3806 3245 γένος

534 3271 721 3313 errore
753 3267 1022 3324 tueretur;
1052 3258 1255 3329 lignum
1283 3267 1464 3312 autem
1490 3256 1602 3329 (‘23)
1628 3256 1866 3328 intellige
1895 3274 2113 3315 omnem

536 3348 794 3419 papulum
852 3348 1079 3415 Christi,
1142 3348 1310 3402 vitam
1365 3358 1546 3402 autem
1597 3348 1933 3416 Ecclesiam;
2000 3350 2115 3419 ipsa

490 3450 495 3455 '
533 3441 679 3495 enim
709 3450 790 3496 est
826 3457 989 3511 quam
1025 3444 1191 3495 vitam
1237 3442 1478 3507 vocasit,
1514 3452 1571 3496 ut
1606 3452 1835 3497 matrem
1869 3443 2112 3497 omnium

533 3535 589 3590 in
629 3533 739 3589 Deo
779 3535 1103 3597 viventimn.
1142 3552 1307 3607 quam
1368 3536 1421 3590 itt
1471 3545 1734 3591 aeternum
1785 3553 1812 3589 a
1864 3544 2118 3605 serpente

534 3627 855 3681 custodiunt
898 3626 1196 3681 Clterubim
1258 3638 1311 3681 et
1370 3626 1659 3698 Seraphim
1720 3638 1773 3682 et
1830 3626 2117 3681 ﬂarnmeus

534 3716 747 3787 gladius
791 3716 883 3787 qui
930 3725 985 3771 et
1019 3716 1135 3786 ipse
1179 3727 1264 3772 est
1316 3735 1498 3773 sermo
1542 3718 1655 3774 Dei.
1704 3717 1916 3771 Etenim
1976 3716 2117 3772 Deus

533 3816 722 3862 noster
749 3808 891 3877 ignis
915 3822 1246 3862 consumens
1274 3817 1376 3865 est.
1400 3808 1715 3863 Vcrsatilem
1744 3818 1926 3862 autem
1962 3808 2113 3862 illum

532 3899 667 3954 dicit
721 3900 881 3969 quasi
937 3899 1237 3955 Ecclesiam
1284 3902 1741 3971 circumtegcutem
1802 3901 1955 3971 (‘26),
2000 3912 2113 3955 tum

533 3993 697 4047 etiam
741 3993 899 4063 quasi
932 4008 964 4048 e
1002 3994 1145 4049 caelo
1184 3995 1411 4049 verbum
1448 3994 1539 4049 Dei
1583 3996 1632 4049 in
1674 3994 1975 4050 Ecclesiam
2007 4008 2116 4050 tra-

534 4082 838 4139 mittentem
877 4100 1002 4155 qua:
1032 4083 1087 4139 in
1112 4101 1237 4140 eum
1273 4086 1435 4141 unice
1468 4087 1732 4158 respicit:
1786 4086 1944 4143 Vivus
1976 4090 2116 4141 enim

534 4186 794 4235 ("sermo
823 4175 942 4241 Dei,
967 4186 1016 4231 et
1043 4177 1244 4247 efﬁcax,
1278 4188 1327 4232 et
1352 4180 1735 4247 peuetrabilior
1760 4182 1903 4234 omni
1936 4181 2117 4251 gladio

533 4267 781 4339 ancipiti.
819 4275 878 4320 ttt
928 4267 1006 4321 ait
1040 4268 1244 4322 Paulus
1276 4266 1542 4339 1.Qttippe
1572 4270 1717 4325 sicut
1752 4269 1923 4324 Filius
1959 4270 2117 4325 nobis

539 4358 628 4412 via
657 4366 742 4412 est
764 4359 830 4414 ad
859 4358 1099 4425 Patrem,
1121 4360 1335 4414 dicens:
1359 4359 1470 4431 Ego
1495 4378 1610 4415 sum
1641 4366 1725 4416 cia
1752 4372 1813 4428 ω,
1845 4363 1925 4418 sic
1948 4364 2115 4418 etiant

2222 3264 2510 3334 συντηρεῖν
2554 3265 2621 3333 τῇ
2669 3262 2835 3318 αὐτοῦ
2891 3264 3189 3338 κηδεμονίᾳ
3226 3265 3400 3321 κακοῦ
3454 3266 3684 3320 παντίου
3738 3264 3808 3320 τά

2228 3353 2533 3425 Χερουϐὶμ,
2556 3354 2649 3409 καὶ
2681 3354 2779 3427 τὴν
2801 3356 3063 3428 φλογίνην
3091 3357 3367 3428 ῥομφαίαν
3393 3357 3690 3425 φυλάσσειν
3710 3357 3807 3423 τὴν

2217 3443 2336 3496 ὁδὸν
2381 3443 2476 3497 τοῦ
2517 3443 2677 3511 ξύλου
2712 3445 2811 3517 τῆς
2858 3444 3026 3517 ζωῆς.
3075 3447 3369 3517 Χερουϐὶμ
3414 3446 3802 3517 ἑρμηνεύεται,

2216 3531 2454 3601 πλῆθος
2498 3534 2807 3604 γιτῦσεως·
2845 3535 3048 3604 γνῶσις
3083 3536 3141 3589 δέ
3190 3537 3340 3591 ἐστιν
3386 3534 3589 3615 ἀληθὴς
3643 3538 3676 3605 ὴ
3729 3536 3807 3600 εἰς

2217 3626 2350 3680 Θεὸν
2380 3628 2537 3698 ἡμῶν
2564 3628 2674 3682 τῶν
2705 3628 2911 3682 πιστῶν
2944 3628 3172 3699 εὐσεϐὴς
3200 3628 3404 3692 πίστις,
3437 3628 3629 3688 ἥντινα
3679 3644 3805 3680 συν-

2218 3718 2374 3785 έταξε
2428 3720 2524 3775 καὶ
2569 3719 2766 3793 ὥρισεν
2812 3722 2840 3775 6
2888 3720 3020 3786 Θεὸς
3073 3721 3362 3790 φυλάττειν
3406 3719 3647 3789 ἀπλανῆ,
3686 3720 3805 3790 ἦτοι

2216 3813 2315 3883 τὴν
2362 3812 2617 3883 πάροδον,
2652 3814 2748 3867 καὶ
2776 3813 2876 3885 τὴν
2924 3815 2983 3868 ὲν
3021 3814 3157 3886 τῷδε
3190 3814 3269 3885 τῷ
3313 3812 3413 3886 βίῳ
3447 3814 3606 3886 ἡμῶν
3646 3813 3765 3866 ὁδόν
3786 3826 3802 3841 ο

2220 3906 2413 3969 ξύλον
2452 3905 2506 3961 δὲ
2538 3907 2732 3977 νόησον
2766 3908 2885 3961 ὅλον
2913 3907 3005 3962 τὸν
3049 3907 3179 3962 λαὸν
3208 3907 3303 3962 τοῦ
3343 3906 3621 3977 Χριστοῦ·
3660 3904 3803 3977 ζωὴν

2218 3994 2275 4048 δὲ
2306 3996 2406 4067 τὴν
2445 3996 2952 4069 Ἐκκλησίανάύτὴ
2977 4000 3086 4070 γάρ
3122 4002 3241 4053 ἐστι
3271 4002 3337 4072 ἢν
3376 3999 3605 4055 ἐκάλεσε
3635 3998 3803 4070 ζωὴν,

2216 4086 2293 4151 ὡς
2329 4088 2539 4158 μητέρα
2572 4083 2740 4143 οὖσαν
2786 4088 3004 4144 πάντων
3032 4090 3140 4144 τῶν
3189 4092 3250 4144 ὲν
3293 4090 3413 4161 Θεῷ
3444 4090 3668 4155 ζώντων
3689 4106 3703 4118 ·
3738 4093 3801 4160 ἦν

2218 4179 2297 4241 είς
2325 4178 2416 4232 τὸν
2444 4179 2615 4232 αἰῶνα
2647 4179 3009 4249 φυλάττουσιν
3044 4182 3110 4236 ὲκ
3135 4182 3229 4236 τοῦ
3265 4182 3441 4252 ὄφεως
3485 4183 3555 4236 τά
3603 4184 3801 4253 Χερου·

2218 4269 2337 4340 δὶμ,
2372 4270 2465 4323 καὶ
2499 4269 2569 4323 τά
2596 4271 2869 4341 Σεραφίμ,
2914 4273 3005 4325 καὶ
3046 4274 3079 4344 ὴ
3108 4272 3338 4344 φλογίνη
3382 4272 3653 4343 ῥομφαία,
3684 4272 3799 4341 ἥτις

2219 4362 2367 4415 ἐστὶν
2396 4362 2424 4415 6
2450 4359 2620 4430 Λόγος
2650 4361 2743 4415 τοῦ
2776 4361 2934 4418 Θεοῦ.
2976 4364 3034 4417 ὐ
3068 4366 3177 4434 γὰρ
3213 4364 3345 4427 Θεὸς
3374 4364 3532 4435 ἡμῶν
3562 4363 3674 4432 πῦρ
3706 4381 3801 4416 κα-

536 4448 777 4506 Ecclesia
810 4450 968 4507 nobis
985 4459 1066 4505 est
1089 4452 1174 4506 via
1196 4453 1318 4507 vita:
1336 4454 1401 4508 ad
1423 4453 1641 4520 Filium,
1666 4456 1934 4510 dicentem
1957 4474 1970 4509 :
2001 4454 2111 4526 Ego

2220 4452 2543 4509 ταναλίσκον
2563 4453 2678 4508 ὲστί
2697 4470 2711 4486 ο
2737 4456 3110 4527 στρεφομένην
3134 4456 3190 4510 δὲ
3221 4458 3390 4528 αὐτὴν
3415 4456 3585 4524 λέγει,
3618 4456 3799 4526 ὥσπερ

535 4560 653 4597 sum
694 4545 803 4598 vita
830 4553 877 4598 ο.
908 4542 1147 4614 Ideoque
1190 4546 1353 4600 etiam
1400 4548 1688 4617 coniugem
1730 4563 1908 4610 suam,
1944 4549 2111 4603 vitam

2222 4543 2564 4618 φρουροῦσαν
2606 4543 2707 4617 τὴν
2757 4545 3086 4617 Ἐκκλησίαν
3143 4547 3360 4618 κύκλῳο
3399 4548 3494 4600 καὶ
3524 4546 3688 4599 πάλιν
3730 4545 3799 4608 ὡς

538 4635 865 4703 nominavit,
896 4646 955 4690 ut
981 4652 1105 4707 quae
1136 4652 1237 4692 nos
1258 4637 1518 4693 animalia
1547 4638 1852 4695 viviﬁcetet
1880 4639 2111 4696 deducat

2225 4638 2601 4713 στρεφομένην
2628 4640 2721 4694 τὸν
2753 4639 2886 4696 Θεὸν
2914 4642 3091 4713 Λόγον
3135 4642 3233 4698 ἀπ’
3263 4638 3494 4714 ούρανοῦ
3529 4640 3666 4713 πρὸς
3706 4640 3799 4710 τὴν

614 4819 634 4869 ι
667 4820 830 4881 llebr.
866 4840 941 4895 tv,
978 4826 1066 4881 ιε.
1145 4838 1185 4865 ιη
1210 4822 1368 4883 Joan.
1401 4838 1514 4881 ιιι.
1587 4834 1615 4862 ι
1650 4822 1783 4879 ibid.

2046 4984 2280 5045 NOTE.

605 5142 725 5226 μὶ)
765 5141 907 5222 Cum~
941 5142 1082 5211 ligno
1128 5142 1319 5226 erucis.
1371 5140 1557 5226 Graece
1620 5142 1759 5213 μετά
1810 5141 1905 5226 τοῦ
1952 5142 2111 5209 ξύλου

2223 5150 2482 5214 acceptus
2510 5152 2648 5207 erat.
2685 5157 2811 5198 nam
2845 5150 2970 5214 post
3002 5140 3161 5214 ἡμῶν
3187 5211 3198 5214 _
3226 5140 3408 5211 posita
3466 5149 3583 5214 erat
3620 5139 3797 5214 τελεία

535 5211 636 5269 τοῦ
671 5211 933 5279 σταυροῦ,
965 5228 1088 5284 quia
1114 5213 1270 5284 aliter
1299 5214 1433 5267 verti
1478 5228 1584 5266 non
1622 5211 1884 5284 possunt,
1948 5229 2113 5284 quam

2225 5211 2452 5285 στιγμή,
2471 5214 2688 5285 deinde,
2718 5211 3035 5285 ὁδὸν’ξύλου
3052 5211 3115 5265 δὲ
3140 5211 3357 5282 νόησον,
3374 5220 3480 5266 etc.
3515 5211 3794 5282 legendum

538 5301 660 5356 cunt
685 5284 827 5356 ligno
862 5282 1073 5356 crucis;
1101 5282 1308 5356 falsum
1344 5291 1429 5337 est
1485 5293 1673 5356 tamen
1717 5284 1776 5336 D.
1829 5282 2111 5356 Christum

2223 5282 2383 5356 ἡμῶν
2413 5282 2552 5356 ὁδὸν.
2586 5283 2755 5336 Ξύλον
2778 5283 2835 5335 δὲ
2861 5285 3054 5356 νόησον
3082 5290 3188 5338 etc.

538 5355 595 5409 in
639 5352 845 5424 inferos
879 5352 1230 5407 descendisse
1295 5368 1418 5424 cum
1483 5353 1627 5424 ligno
1692 5354 1893 5424 crucis,
1946 5368 2119 5424 quare

539 5423 789 5497 suspicor
819 5423 1100 5491 legendum
1129 5436 1249 5475 esse
1282 5422 1511 5497 μετὰ-τὸ
1530 5422 1699 5497 ,ξύλον
1738 5422 2117 5497 τοῦ-σταυροῦ,

539 5494 594 5549 id
630 5502 735 5556 est.
776 5502 1066 5563 postquam
1098 5506 1292 5563 passus
1322 5501 1407 5547 est
1434 5494 1486 5545 in
1529 5493 1673 5563 ligno
1703 5495 1903 5548 crucis.

613 5563 734 5669 (22):
764 5563 841 5615 Ab
870 5561 1013 5617 omni
1050 5563 1210 5615 mula.
1251 5561 1347 5616 Gr.
1392 5561 1590 5616 κακοῦ
1624 5564 1873 5629 παντίου,
1938 5562 2119 5619 scribe

539 5649 819 5688 παντοιου.

613 5702 726 5773 (9.3)
764 5703 986 5774 Lignum
1020 5711 1216 5757 autem.
1262 5701 1377 5774 Sic,
1405 5713 1577 5758 totum
1630 5702 1774 5759 hunc
1803 5703 2014 5774 locum,
2048 5718 2113 5759 ex

542 5772 857 5845 conjectura
890 5774 1114 5847 digessi,
1149 5773 1242 5846 qttl
1275 5772 1416 5830 male
1451 5775 1764 5841 distinctus,
1791 5773 1931 5832 [cedo
1950 5773 2113 5828 etiam

2299 5355 2413 5425 (24)
2444 5349 2954 5425 Circumtegentemf
2976 5353 3074 5408 Ms.
3127 5350 3467 5425 φοβεροῦσαν
3523 5350 3626 5421 τὴν
3679 5349 3797 5425 Ἐκ-

2227 5421 2458 5495 κλησίαν
2488 5424 2696 5493 κύκλῳ,
2720 5421 2947 5495 ’ςοι-ιίεε
2977 5421 3343 5495 φρουροῦσαν,
3374 5431 3509 5495 etc._
3540 5422 3795 5495 φρουρεῖν

2226 5488 2413 5564 κύκλῳ
2442 5495 2575 5549 dicit
2602 5488 2745 5564 quod
2776 5488 3042 5564 ilon'tert'ts
3064 5488 3457 5564 ἀμφιβαίνειν)
3483 5488 3616 5564 ὅςὴ-Χ
3628 5488 3793 5564 ρύσην

2226 5513 2363 5548 κυκΑ
2442 5513 2575 5549 nteit
2602 5513 2745 5564 quoa
2776 5513 3042 5549 nonterus
3064 5513 3421 5563 αμφιοαινιιν
3443 5513 3457 5524 -
3483 5513 3542 5553 ος
3576 5513 3792 5561 Λρυσην

2638 5579 2653 5595 ·
2685 5572 2740 5618 ει
2763 5563 3083 5619 Callimach.
3117 5562 3260 5627 τοῖός
3291 5577 3350 5613 σε
3411 5557 3632 5632 βοηθόος
3688 5558 3792 5627 ἁμα

2225 5651 2543 5704 φιοεοηκεν.

2296 5700 2423 5776 (25)·
2447 5704 2753 5774 Ἀνάλησιν.
2787 5700 2980 5761 Sct'ibo
3004 5702 3283 5758 ἀνάλυσιν.
