4080 6566
209 389 339 454 1065

1245 390 1328 453 IN
1368 390 1899 452 HEXAEMERON
1954 389 2100 449 LIB.
2128 388 2266 447 XII.

3312 379 3451 445 1066

200 510 638 581 ἁποστραφεῖσαν
678 506 843 562 αὑτὸν
893 506 1241 578 Ἐκκλησίαν.
1291 510 1423 561 Zan-
1454 508 1564 578 γάρ
1596 507 1771 562 ἐστιν

1885 507 1938 561 ιιι
1988 506 2237 559 omnium
2289 504 2479 568 vitam,
2528 516 2695 573 seque
2753 502 2933 572 ipsum
2978 498 3193 554 vocavit
3246 497 3455 570 lignum

197 603 437 671 ὀΛότος
476 599 584 655 τοῦ
608 601 756 655 Θεοῦ
794 599 893 653 καί
924 600 1173 669 ἐνεργὴς
1210 600 1487 669 ὑπάρχει,
1532 600 1629 655 καὶ
1678 616 1773 653 το-

198 692 458 762 μώτερος
485 692 639 761 ὑπὲρ
661 689 871 747 πᾶσαν
892 691 1196 760 μάχαιραν
1211 691 1522 762 δίστομον,
1542 693 1616 757 ὣς
1638 710 1771 763 φησι

197 784 423 849 Παῦλος.
459 786 670 854 Ὥσπερ
701 785 808 856 γὰρ
836 788 864 838 ὁ
895 785 1022 848 Υίὸς
1050 786 1169 849 ὁδὸς
1196 786 1329 856 ἡμῖν
1362 786 1479 839 ἐστι
1512 786 1649 856 πρὸς
1682 786 1772 839 τὸν

197 874 432 945 Πατέρα,
491 875 685 943 λέγων·
733 875 881 944 Ἐγώ
932 877 1047 943 ειμι
1097 877 1136 944 ἡ
1172 875 1332 942 ὁδὸς,
1383 874 1557 933 οὕτως
1607 879 1700 929 καὶ
1737 879 1771 948 ἡ

208 966 500 1035 Ἐκκλησία
544 967 660 1029 ὁδὸς
691 967 835 1037 ζωῆς
881 968 1014 1037 ⁴ἡμῖν
1048 969 1164 1020 ἐστι
1195 968 1331 1038 πρὸς
1358 969 1451 1022 τὸν
1486 968 1634 1034 Υἰὸν,
1683 969 1773 1023 λέ-

194 1072 376 1125 γονταο
418 1058 558 1127 Ἐγώ
576 1060 693 1127 εἰμι
725 1055 859 1125 ζωή.
895 1058 1005 1111 Καὶ
1034 1059 1121 1112 διὰ
1159 1054 1319 1113 τοῦτο
1340 1059 1486 1131 ζωὴν
1518 1059 1773 1130 ὠνόμασε

196 1148 286 1202 καὶ
311 1149 413 1217 τὴν
441 1148 605 1202 αὑτοῦ
643 1152 899 1218 γυναῖκα,
929 1149 1006 1213 ὡς
1036 1150 1105 1202 τὰ
1148 1150 1263 1215 ζῶα
1306 1151 1454 1222 ἡμᾶς
1484 1150 1772 1216 ζωοποιοῦ-

197 1256 314 1303 σαν,
344 1240 439 1292 καὶ
467 1239 770 1307 ὁδηγοῦσαν
796 1241 935 1311 πρὸς
967 1240 1068 1311 τὴν
1108 1240 1327 1295 πάντων
1362 1242 1507 1312 ζωήν
1531 1257 1545 1272 ⁸
1593 1243 1673 1295 διὸ
1714 1243 1776 1295 τὸ

195 1327 351 1392 ξύλον
385 1329 580 1382 ἑαυτὸν
612 1329 713 1398 τῆς
746 1329 913 1400 ζωῆς,
956 1329 1103 1384 τοῦτ’
1138 1331 1256 1383 ἐστι
1285 1331 1384 1402 τῆς
1425 1329 1773 1402 Ἐκκλησίας,

192 1416 396 1485 ταύτης
425 1417 577 1488 αὐτῷ
615 1417 878 1489 ἀρθείσης
925 1418 1031 1472 ὑπὸ
1063 1418 1160 1473 τοῦ
1204 1420 1434 1491 Πατρὸς,
1469 1421 1562 1474 κα)⁸
1592 1437 1780 1474 συνεν-

191 1507 442 1577 δυθείσης
468 1508 561 1560 τὸν
600 1509 667 1561 ὲκ
703 1506 860 1572 ζώων
915 1508 1009 1561 τοῦ
1061 1509 1394 1581 παραδείσου
1441 1510 1769 1581 δερμάτινον

191 1600 421 1670 χιτῶνα.
454 1599 622 1652 Ὅταν
660 1598 761 1669 μὲν
803 1595 898 1653 οὖν
928 1601 958 1653 ὁ
996 1601 1235 1672 Χριστὸς
1266 1603 1408 1656 οίκεί
1432 1604 1493 1656 ἐν
1515 1604 1671 1673 ἡμῖν,
1701 1603 1778 1668 ὼς

193 1691 407 1755 Παῦλος
436 1690 557 1762 βοᾷ,
636 1692 964 1762 δερμάτινον
997 1694 1205 1763 χιτῶνα
1242 1694 1521 1748 ἐνδύεται·
1554 1697 1680 1749 ὅταν
1720 1696 1778 1749 δὲ

191 1781 358 1834 πάλιν
381 1780 478 1851 τὴν
496 1781 795 1851 λεγομένην
821 1781 970 1853 ζωὴν
991 1786 1226 1851 γυναῖκα
1245 1783 1415 1838 αὐτοῦ
1448 1785 1778 1856 Ἐκκλησίαν

190 1873 382 1943 ὥσπερ
409 1873 531 1927 τινά
558 1872 814 1943 δίσκηνον
844 1873 1047 1946 θεάσῃς
1065 1874 1229 1946 (25“)ο
1266 1875 1389 1931 ὅθεν
1428 1875 1527 1945 μὲν
1551 1876 1778 1947 ἔχουσαν

189 1965 250 2017 τὸ
298 1966 448 2036 ἱερὸν
497 1966 836 2036 ἱλαστήριον,
871 1965 1116 2037 ἔμψυχον
1152 1967 1332 2041 σάρκα
1376 1971 1780 2042 περιφέρουσαν

189 2056 286 2127 τὴν
322 2056 419 2111 τοῦ
462 2058 681 2129 Ἀμνοῦ.
732 2056 841 2112 Τοῦ
883 2058 1083 2122 ἔξωθεν
1115 2058 1173 2113 δὲ
1212 2061 1275 2113 τὸ
1305 2061 1461 2130 ἆγιον
1490 2064 1778 2134 κοσμικὸν,

189 2147 449 2215 ἐννόησον
483 2147 691 2201 Παῦλον
717 2147 858 2201 αὐτὰ
883 2147 1208 2202 διδάσκοντα
1230 2150 1442 2219 σαφῶς,
1472 2152 1654 2206 καὶτὰ
1685 2154 1778 2206 τοῦ

190 2236 361 2306 νόμου
407 2239 488 2300 εἰς
534 2237 637 2309 τὴν
682 2236 1013 2309 Ἐκκλησίαν
1066 2238 1431 2310 ἀναφέροντα,
1479 2240 1577 2295 καὶ
1623 2258 1782 2314 περι-

192 2330 402 2382 στάντα
436 2328 535 2400 μὲν
568 2330 629 2382 τὸ
658 2330 927 2401 πρότερον
960 2331 1361 2400 καταπέτασμα
1381 2349 1395 2363 ·
1441 2334 1644 2403 ὁμοίως
1685 2336 1783 2388 καὶ

190 2421 249 2472 τὸ
285 2419 565 2490 δεύτερον,
596 2420 786 2492 ὥσπερ
820 2422 876 2475 δὲ
906 2422 1071 2476 πάλιν
1099 2423 1197 2492 τὴν
1232 2422 1457 2496 πρώτην
1510 2424 1603 2477 καὶ
1644 2425 1781 2492 ἔξω·

190 2510 361 2581 τέραν
409 2511 615 2582 σκηνὴν
662 2509 893 2581 ἔχουσαν
940 2509 1287 2582 δικαιώματα
1329 2512 1615 2583 λατρείας,
1663 2509 1784 2564 εἶτα

194 2603 341 2671 μετὰ
367 2602 427 2655 τὸ
466 2602 720 2673 δεύτερον
754 2603 1155 2673 καταπέτασμα
1185 2600 1418 2672 ήλοῦντα
1447 2601 1617 2672 ἄλλην
1648 2620 1784 2672 σκη-

192 2694 287 2764 νὴν
328 2693 491 2762 ἁγίαν
524 2694 632 2747 τῶν
660 2694 831 2763 ἁγίων
855 2711 867 2725 ·
902 2694 1154 2748 λείπεται
1186 2693 1366 2747 τοίνυν
1391 2692 1470 2764 τῷ
1502 2694 1644 2765 λόγῳ
1671 2694 1784 2748 λοι-

190 2790 316 2849 πὸν,
361 2788 496 2858 πρὸς
527 2786 587 2839 τὸ
624 2785 801 2856 πέρας
855 2784 952 2838 τοῦ
993 2785 1196 2854 δρόμου
1224 2784 1586 2856 ἐπειγομένῳ,
1622 2786 1786 2840 διότι-

192 2894 298 2948 περ
330 2877 392 2929 οὐ
420 2876 549 2948 περὶ
582 2876 903 2947 σωματικῆς
934 2877 1080 2947 ζωῆς
1110 2876 1331 2944 λέγεται
1360 2876 1465 2930 ὑπὸ
1492 2876 1627 2930 Θεοῦ
1657 2878 1788 2948 περὶ

191 2970 487 3042 ἀνθρώπου
537 2970 615 3036 τὸ,
666 2970 762 3040 Μή
808 2980 953 3024 ποτε
990 2971 1227 3040 ἑκτείνῃ
1285 2970 1401 3040 τὴν
1458 2972 1628 3042 χεῖρα
1684 2972 1786 3026 καί

191 3064 355 3133 λάϐῃ
397 3063 504 3117 τοῦ
535 3063 726 3126 ξύλου
770 3062 882 3130 τῆς
924 3061 1075 3131 ζωῆς
1104 3063 1201 3116 καὶ
1231 3062 1417 3133 φάγῃ,
1463 3064 1593 3135 περὶ
1620 3082 1787 3119 πνευ-

196 3160 443 3227 ματικῆς
472 3173 618 3219 τινος
656 3155 1047 3238 βρώσεωςρκαὶ
1081 3156 1228 3226 ζωῆς
1271 3156 1587 3211 ἀναστέλλει
1619 3158 1785 3211 αὐτὸν

193 3252 338 3317 τότε,
374 3252 449 3313 ὡς
496 3253 662 3321 μήπω
695 3250 908 3321 χωροῦν
946 3250 1111 3303 αὐτοῦ
1147 3250 1388 3321 ταύτης*
1424 3252 1491 3304 δι’
1527 3251 1595 3322 ἣν
1625 3251 1787 3322 ἐμελ-

193 3346 283 3400 λεν
331 3344 781 3414 είδωλολατρείαν
829 3342 1128 3413 ὑπομένειν
1157 3344 1216 3396 ἐν
1262 3346 1329 3414 τῇ
1364 3346 1463 3414 τῇς
1508 3342 1790 3397 εἰδωλολα-

194 3437 387 3508 τρείας
421 3437 618 3509 πλάνῃ.
667 3435 732 3487 Τί
767 3433 874 3505 γάρ
906 3434 1175 3488 ἀθάνατον
1206 3434 1368 3489 αὑτὸν
1412 3434 1556 3487 κατὰ
1609 3433 1789 3504 σάρκα

192 3527 480 3596 διαμεῖναι
543 3525 686 3579 κατὰ
740 3522 840 3594 τὴν
892 3522 1001 3575 τῶν
1053 3522 1326 3593 δαιμόνων
1376 3522 1679 3578 ἀθανασίαν
1731 3524 1791 3575 ἐν

192 3620 430 3690 ἀσεϐείᾳ⁸
483 3620 702 3685 (divae;
738 3618 938 3688 μᾶλλον
978 3616 1088 3688 γὰρ
1119 3616 1511 3689 ὀλεθριώτερον
1545 3616 1698 3688 αὐτῷ
1730 3617 1792 3670 τὸ

195 3715 439 3784 πρᾶγμα
467 3714 785 3783 ηὑρίσκετο,
833 3712 910 3783 μὴ
957 3710 1295 3781 παυσαμένῳ
1348 3711 1447 3780 τῆς
1489 3711 1787 3781 ἁμαρτίας,

197 3806 294 3858 καὶ
321 3806 417 3859 διὰ
448 3804 607 3857 τοῦτο
648 3802 915 3874 μειζόνως
946 3802 1299 3873 κολαζομένῳ
1329 3819 1342 3833 θ
1378 3803 1576 3856 οὐκοῦν
1602 3802 1792 3874 ὥσπερ

196 3899 320 3950 ἐκεῖ
373 3896 741 3967 ἀπεδείξαμεν
786 3898 869 3951 ὅτι
918 3896 981 3949 οὑ
1031 3896 1157 3966 περ)⁵
1201 3896 1515 3965 σωματικοῦ
1558 3897 1790 3951 Θανάτου

198 3987 357 4043 εἶπεν
382 3992 410 4042 ὁ
434 3990 583 4055 Θεός·
605 3985 686 4061 τῌ
712 3990 764 4043 δ’
781 3991 857 4044 ἂν
884 3990 1075 4058 ἡμέρῃ
1100 3988 1331 4057 φάγητε
1355 3988 1456 4043 ἀπ’
1481 3991 1668 4044 αὑτοῦ
1687 3992 1791 4044 θα-

197 4083 361 4148 νάτῳ
389 4081 812 4147 ἀποθανεῖσθε,
835 4084 928 4134 καὶ
959 4082 1020 4134 τὸ
1054 4084 1214 4137 πάλιν
1234 4080 1437 4134 εἰπεῖν·
1459 4082 1553 4134 Ἑν
1572 4082 1793 4147 λύπαις

199 4175 348 4246 τέξῃ
378 4175 579 4228 τέκναθ
611 4173 756 4227 οὕτω
781 4178 875 4227 καὶ
907 4174 1141 4227 ἐνταῦθα
1162 4174 1267 4244 χρὴ
1297 4175 1438 4227 νοεῖν
1468 4172 1562 4226 καὶ
1596 4175 1789 4239 εἰπεῖν,

213 4268 303 4321 Ἐν
353 4266 557 4328 λύπαις
591 4266 723 4339 τέξῃ
756 4266 951 4331 τέκνα,
1001 4267 1145 4319 οὓτω
1194 4266 1288 4320 καὶ
1334 4264 1568 4319 ἐνταῦθα
1618 4267 1677 4317 ὲν
1724 4268 1792 4337 τῇ

212 4358 541 4429 Ἐκκλησία,
594 4357 720 4411 ποία
763 4357 965 4428 βρῶσίς
995 4359 1142 4410 ἐστιν
1183 4356 1345 4426 αὕτη,
1375 4356 1435 4422 ἐξ
1469 4352 1535 4429 ἦς
1564 4359 1593 4411 ὁ
1624 4375 1794 4429 μετα-

201 4451 505 4522 λαμϐάνων
537 4450 762 4520 ζήσεται
790 4452 871 4513 εἰς
895 4450 985 4503 τὸν
1026 4450 1215 4504 αἰῶνα.
1242 4446 1373 4505 Οἶδα
1406 4451 1490 4504 ὅτι
1521 4452 1724 4515 πάντες
1745 4454 1794 4505 οἱ

1873 600 2001 654 vita:
2032 597 2083 653 id
2117 607 2221 662 est,
2255 595 2658 665 Ecclesiaequa:
2691 592 2819 647 illia
2850 592 3012 647 Patre
3046 590 3340 660 conjuncta
3373 602 3458 646 est

1873 701 1927 746 et
1956 699 2163 761 aptata,
2195 699 2250 745 et
2275 689 2535 743 amictum
2570 686 2720 740 illum
2756 685 2995 754 denique
3025 698 3093 737 ex
3125 682 3459 737 animalibus

1875 782 2114 853 paradisi
2169 780 2453 850 pelliceam
2503 777 2745 832 tunicam
2791 776 2952 831 dixit.
3006 773 3239 840 Quando
3293 774 3459 842 igitur

1872 874 2127 931 Christus
2166 872 2373 928 habitat
2404 871 2458 925 in
2491 870 2673 935 nobis,
2712 877 2772 923 ut
2800 868 3005 923 clamat
3034 865 3260 930 Paulus,
3306 865 3461 936 pelli»

1874 978 2026 1019 ceam
2080 963 2321 1019 tunicam
2371 962 2563 1016 induit.
2606 958 2838 1025 Quando
2869 967 3051 1012 autem
3089 971 3285 1012 rursus
3326 970 3450 1010 mu-

1878 1057 2065 1112 Iierem
2107 1070 2264 1111 suam
2299 1069 2422 1124 quae
2468 1053 2578 1106 vita
2632 1050 2857 1116 dicitur,
2906 1048 3209 1106 Ecclesiam
3256 1047 3457 1112 induit,

1876 1150 2035 1218 quasi
2062 1148 2262 1218 duplex
2298 1145 2572 1216 quoddam
2607 1141 3045 1207 tabernaculum,
3077 1140 3203 1195 inde
3234 1139 3457 1209 quidem

1878 1241 2169 1295 habentem
2192 1252 2415 1294 sacrum
2443 1233 2906 1307 propitiatorium,
2922 1232 3218 1286 animatam
3238 1246 3460 1286 carnem
3484 1232 3497 1309 ξ

1876 1334 2017 1405 Agni
2048 1330 2548 1389 circumferentem.
2582 1329 2713 1383 inde
2741 1342 2874 1382 vero
2903 1326 3017 1397 (26)
3055 1325 3264 1381 cultum
3297 1341 3460 1380 muti-

1845 1428 2080 1482 'dauum
2148 1424 2370 1480 attende
2424 1432 2483 1477 ut
2535 1420 2738 1475 Paulus
2792 1434 2854 1474 ea
2910 1419 3071 1490 plane
3126 1418 3353 1483 doceat,
3404 1427 3465 1471 ut

1877 1518 2071 1589 legalia
2108 1518 2198 1572 illa
2241 1518 2295 1570 in
2337 1514 2640 1569 Ecclesiam
2685 1513 2937 1589 traducat
2988 1518 3043 1565 et
3076 1509 3280 1564 referat
3314 1517 3465 1575 etut

1880 1618 2085 1665 statuat
2141 1607 2377 1678 primum
2438 1614 2494 1660 et
2549 1604 2850 1661 secundum
2905 1602 3297 1664 velamentum,
3345 1607 3462 1653 tum

1879 1701 2043 1756 etiam
2083 1699 2360 1770 quomodo
2406 1698 2646 1769 primum
2686 1696 2817 1750 illud
2852 1703 2907 1749 et
2931 1693 3175 1749 exterius
3210 1692 3466 1747 taberna-

1882 1793 2067 1849 culum
2114 1791 2380 1854 stabiliat,
2416 1789 2626 1845 habens
2658 1786 3081 1858 justilieationes
3121 1785 3370 1849 culturae,
3411 1792 3470 1837 et

1812 1860 1857 1919 Β
1884 1886 2082 1942 deinde
2121 1883 2258 1956 (26')
2294 1891 2419 1954 post
2443 1881 2744 1938 secundum
2781 1880 3147 1935 velamentum
3169 1918 3182 1944 ,
3233 1877 3468 1931 alterum

1883 1979 2016 2033 illud
2065 1975 2483 2032 tabernaculum
2542 1974 2668 2044 ligat
2728 1973 2879 2043 quod
2930 1972 3134 2027 dicitur
3196 1969 3463 2024 Sanctum

1882 2080 2224 2127 sanctorum.
2272 2068 2432 2125 Nunc
2470 2067 2647 2138 igitur:
2681 2065 3018 2121 destinatum
3060 2065 3199 2121 mihi
3241 2077 3468 2119 cursum

1882 2160 2163 2216 emetienti
2224 2159 2497 2228 reliquum
2549 2165 2635 2213 est
2689 2166 2751 2211 ut
2798 2156 3086 2211 ostendam
3144 2168 3468 2224 corpoream

1883 2255 2048 2309 vitam
2084 2268 2195 2308 non
2223 2252 2558 2307 intellexisse
2584 2249 2777 2313 Deum,
2799 2263 2922 2303 cum
2956 2247 3095 2302 dixit
3124 2248 3191 2301 de
3222 2244 3468 2308 homine,

1891 2346 1975 2401 Ne
2014 2346 2153 2416 forte
2198 2346 2377 2400 mittat
2429 2359 2647 2398 "ianum
2695 2357 2869 2407 suam,
2902 2352 2949 2395 et
2985 2348 3161 2393 sumat
3198 2339 3360 2392 etiam
3408 2337 3472 2390 de

1884 2436 2029 2506 ligna
2064 2438 2209 2500 vitta,
2240 2443 2290 2489 et
2333 2432 2597 2495 comedat,
2637 2440 2688 2485 et
2731 2433 2870 2485 vivat
2903 2431 2959 2484 in
3000 2438 3256 2484 aeternum
3289 2434 3337 2492 °,
3375 2429 3470 2484 scd

1886 2528 2230 2597 spiritualem
2283 2526 2577 2595 quamdam
2638 2523 3123 2579 manducalionem
3171 2531 3226 2576 et
3268 2520 3469 2583 vitam,

1889 2629 2020 2674 tunc
2048 2618 2192 2672 enim
2238 2617 2392 2671 illum
2425 2614 2607 2670 differt
2655 2623 2710 2669 et
2751 2614 2997 2678 cohibet,
3040 2611 3197 2681 quasi
3230 2611 3469 2665 nondum

1885 2711 2007 2782 ejus
2038 2710 2151 2782 (27)
2193 2724 2364 2779 capax
2404 2707 2475 2763 sit
2513 2722 2612 2778 per
2648 2720 2813 2776 quam
2847 2704 3091 2759 futurum
3144 2710 3263 2756 erat
3303 2711 3364 2755 ut
3415 2700 3469 2753 in

1888 2800 2211 2857 idololatriae
2244 2812 2431 2854 errore
2456 2798 2731 2853 exsistens
2760 2797 2815 2850 in
2841 2812 2904 2849 ea
2948 2802 3302 2862 perseveraret
3334 2789 3469 2863 (28).

1888 2892 2027 2957 Quid
2069 2892 2215 2947 enim
2246 2905 2505 2960 magnum
2538 2898 2592 2943 et
2608 2887 2887 2959 egregium
2913 2887 3038 2951 fuit,
3070 2885 3223 2938 illum
3250 2884 3474 2937 immor-

1890 2987 2049 3043 talem
2085 2985 2392 3040 secundum
2439 2996 2657 3037 carnem
2698 2980 2853 3050 juxta
2895 2980 3201 3033 dzmuonum
3249 2974 3476 3028 immor-

1887 3076 2153 3131 talitatem
2195 3085 2523 3144 permanere
2570 3071 2624 3125 in
2661 3070 2940 3140 impietate
2983 3064 3299 3123 viventem?
3329 3064 3475 3135 quod

1889 3170 1966 3224 illi
2003 3169 2168 3223 ctiam
2211 3165 2580 3237 perniciosius
2632 3162 2828 3219 fuisset
2874 3177 2903 3215 a
2942 3170 3167 3232 peccato
3201 3174 3311 3213 non
3352 3172 3475 3213 ces-

1891 3262 2055 3325 santi,
2108 3269 2163 3315 et
2222 3258 2345 3314 ideo
2391 3258 2564 3312 multo
2607 3256 2913 3326 majoribus
2968 3253 3145 3323 poenis
3205 3250 3475 3313 exercito;

1890 3352 2152 3424 proinde,
2206 3360 2264 3405 ut
2295 3363 2463 3419 supra
2495 3348 2844 3403 ostendimus
2875 3386 2890 3411 ,
2926 3360 3035 3400 non
3093 3345 3161 3399 de
3212 3356 3479 3411 corporea

1891 3456 2068 3501 morte
2098 3445 2305 3499 dixisse
2343 3444 2534 3507 Deum,
2576 3441 2695 3507 Qua
2719 3441 2803 3494 die
2835 3440 2899 3493 de
2929 3438 3026 3492 illo
3058 3434 3477 3499 manducabitis,

1890 3550 2058 3592 morte
2088 3537 2452 3601 morieminip,
2478 3546 2532 3590 et
2570 3534 2719 3604 quod
2757 3535 2954 3587 iterum
2987 3530 3163 3585 dixit:
3199 3528 3265 3583 In
3297 3528 3480 3583 dolore

1889 3629 2063 3697 paries
2092 3626 2233 3698 ﬁlios
2251 3635 2300 3691 (ι,
2329 3625 2409 3680 sic
2440 3634 2493 3679 et
2520 3624 2608 3678 hic
2638 3624 2803 3679 etiam
2840 3621 3254 3691 intelligendum
3283 3627 3390 3681 est,
3420 3617 3476 3671 lu

1891 3721 2082 3776 dolore
2116 3719 2298 3789 paries
2326 3717 2493 3783 filios,
2526 3717 2599 3771 ita
2636 3725 2690 3771 et
2725 3717 2812 3770 hic
2843 3715 2895 3769 in
2925 3713 3165 3769 Ecclesia
3203 3712 3383 3781 qualis
3412 3712 3482 3765 sit

1893 3810 2243 3867 manducatin
2280 3810 2372 3864 illa
2410 3811 2570 3880 cujus
2603 3811 2881 3878 particeps
2927 3809 3069 3861 vivet
3106 3807 3159 3859 in
3188 3816 3477 3860 aeternum.

1895 3905 2083 3961 Sentio
2116 3905 2340 3976 quidem
2376 3920 2472 3959 vos
2494 3918 2690 3959 omnes
2723 3905 2817 3972 qui
2852 3902 2996 3957 istud
3032 3900 3325 3956 audivistis
3350 3914 3484 3954 con-

1897 4001 2051 4053 tinuo
2112 4000 2383 4067 cogitasse
2462 3997 2529 4050 de
2605 3994 3026 4065 participatione
3092 3992 3480 4064 mysteriorum

1894 4092 2143 4161 corporis
2197 4090 2423 4145 Christi.
2479 4086 2621 4153 Quid
2656 4086 2846 4155 igitur,
2895 4099 3105 4153 quaeso,
3172 4100 3366 4137 omnes
3427 4082 3481 4135 in

1894 4184 2140 4240 Ecclesia
2183 4183 2571 4253 participantes
2616 4180 2819 4234 habent
2846 4178 3013 4230 vitam
3061 4184 3343 4235 aeternam,
3390 4188 3485 4226 ne-

1895 4291 2003 4345 que
2054 4290 2247 4329 eorum
2299 4274 2444 4329 ullus
2496 4273 2551 4328 in
2603 4285 2824 4342 pmnam
2880 4278 3140 4324 a:ternam
3195 4266 3485 4322 deveniet?

1894 4365 2061 4436 Atqui
2077 4364 2379 4420 Corinthiis
2400 4363 2786 4435 mysteriorum
2814 4357 3268 4432 participantibus
3298 4356 3484 4413 statim

1896 4473 1960 4513 ea
2002 4458 2118 4528 ipsa
2152 4457 2496 4528 participatio
2548 4456 2601 4510 in
2636 4464 2868 4511 mortem
2910 4455 3097 4519 cessit,
3133 4453 3265 4524 quin
3314 4453 3480 4507 etiam

201 4547 545 4607 ἀκούσαντες
578 4542 673 4597 τοῦ
706 4542 988 4613 λεχθέντος
1024 4545 1269 4613 ῥήματος
1314 4542 1518 4608 εὐθέως
1551 4545 1632 4607 είς
1694 4543 1785 4615 τὴν

1900 4553 2101 4607 bonum
2132 4562 2251 4605 erat
2279 4550 2325 4605 ei
2358 4549 2405 4605 si
2440 4557 2601 4604 natus
2633 4564 2741 4603 non
2778 4547 2966 4604 fuisset
3001 4548 3166 4601 homo
3197 4545 3285 4599 ille
3312 4542 3486 4597 Judas

202 4635 317 4687 τῶν
366 4634 683 4705 μυστηρίων
720 4631 816 4686 τοῦ
849 4632 1102 4703 σώματος
1136 4632 1232 4686 τοῦ
1267 4634 1504 4705 Χριστοῦ
1557 4636 1793 4707 μετάλη-

199 4725 297 4794 ψιν
329 4725 524 4778 τοῦτον
552 4728 834 4797 ἐνοήσατε.
866 4726 931 4778 Τί
962 4721 1078 4791 οὖν,
1117 4726 1241 4778 εἰπέ
1269 4743 1381 4797 μοι,
1414 4727 1615 4791 πάντες
1657 4730 1707 4782 οἱ
1738 4732 1799 4784 ἐν

201 4824 271 4891 τῇ
295 4818 602 4888 Ἐκκλησία
634 4817 1147 4889 μεταλαμϐάνοντες
1168 4817 1349 4889 ἔχουσι
1379 4818 1524 4890 ζωὴν
1553 4819 1792 4889 αἰώνιον,

202 4915 304 4967 καὶ
333 4911 515 4974 οὐδεὶς
551 4912 758 4965 τούτων
784 4910 1145 4963 ἀπελεύσεται
1173 4911 1251 4972 είς
1287 4909 1511 4964 κόλασιν
1542 4912 1795 4982 αἰὼνιον;

204 4992 437 5075 Καίπερ
486 5006 602 5057 ἐκεῖ
641 5006 755 5067 τοῖς
798 5004 1107 5075 Κορινθίοις
1171 5005 1649 5075 μεταλαμϐάνουσι
1688 5009 1799 5062 τῶν

206 5098 563 5169 μυστηρίων,
591 5096 794 5161 εὐθέως
827 5095 926 5151 ἀπ’
964 5096 1216 5152 ἐντεῦθεν
1246 5096 1346 5169 ἤδη
1376 5098 1537 5163 εὐθὺς
1570 5099 1799 5165 θάνατος

283 5221 310 5248 ο
345 5214 491 5268 Gen.
521 5229 604 5280 ut,
634 5214 725 5267 22.
803 5224 830 5264 ι)
867 5212 1005 5269 Gen.
1040 5214 1220 5281 11,17.
1298 5224 1325 5264 tt
1362 5213 1498 5271 Gen.
1526 5232 1610 5281 Ill,
1640 5217 1730 5272 16.

1902 4642 1997 4713 qui
2056 4642 2124 4697 ab
2182 4641 2589 4697 immortalibus
2647 4641 2906 4697 manibus
2959 4638 3165 4695 Christi
3212 4637 3489 4707 particeps

1904 4735 2080 4788 factus
2112 4742 2215 4789 est.
2252 4730 2429 4797 Quam
2460 4731 2615 4785 multi
2642 4732 2883 4785 etiamin
2905 4728 3139 4783 desertis
3165 4727 3259 4796 qui
3290 4725 3489 4797 privati

1908 4824 2331 4881 manducatione
2363 4824 2522 4895 panis
2562 4823 2756 4889 divini,
2790 4822 3075 4893 possident
3105 4830 3286 4873 tamen
3327 4828 3489 4873 aeter-

1907 4935 2033 4975 nam
2082 4919 2273 4985 vitam,
2337 4932 2515 4987 neque
2571 4916 2627 4970 in
2677 4914 2949 4985 jttdicium
3007 4912 3253 4976 veniunt,
3311 4909 3403 4965 sed
3461 4923 3490 4962 e

1908 5021 2081 5067 morte
2105 5011 2160 5066 in
2198 5011 2367 5065 vitam
2398 5009 2792 5073 lransiverunt,
2837 5006 2940 5077 ipsi
2974 5005 3203 5059 omnino
3238 5005 3396 5074 panis
3436 5010 3491 5056 et

1907 5119 2107 5174 corpus
2152 5101 2245 5157 Dei
2287 5101 2532 5172 sanguis,
2568 5110 2625 5156 et
2654 5100 2869 5165 domus,
2903 5097 3166 5167 templum
3200 5107 3254 5150 et
3292 5096 3485 5160 altare,

1740 5314 1970 5373 NOTAE.

283 5425 428 5494 (25')
499 5425 668 5501 Qaaai
735 5428 929 5501 duplex
986 5431 1280 5501 quoddam
1369 5435 1793 5492 tabernaculum.

206 5499 590 5576 ὀἱπερ-τινά
617 5499 870 5576 δίσκηὲον
900 5499 1107 5576 θεάσῃς
1129 5504 1257 5576 lege
1287 5503 1511 5569 θεάσας.

244 5565 574 5657 {tilde
598 5585 745 5657 verno.
763 5565 953 5657 Graece
986 5565 1097 5625 τοῦ
1115 5565 1313 5657 ἔξωθεν
1338 5576 1395 5628 δέ
1413 5618 1425 5639 ,
1458 5565 1566 5657 etne.
1598 5578 1716 5657 lege
1740 5576 1801 5657 τρ

206 5636 916 5719 ξξωθενίδῇέκοᾳνυιᾳροιίυε
978 5636 1275 5713 supplenda
1332 5636 1437 5719 vni
1491 5636 1679 5719 Genii,"
1706 5647 1800 5701 τοῦ

209 5708 386 5787 Θεοῦζ
432 5708 1094 5787 Ἔξωθενβὲ-ιιιιίιιιοιιιιίί
1123 5732 1344 5772 carnem
1373 5717 1510 5787 Ακοἱ
1546 5708 1643 5773 Dei
1691 5718 1800 5772 cir-

209 5778 644 5835 cumferentem.
680 5780 810 5834 lude
836 5798 986 5838 vero.

317 5850 438 5920 26⁸)
460 5849 528 5903 Et
553 5851 762 5905 deinde.
794 5853 892 5909 Ms.
929 5857 1022 5907 Δεῖ
1054 5855 1123 5907 τὰ
1159 5857 1299 5925 μετὰ
1329 5858 1387 5912 τὸ
1413 5858 1663 5932 δεύτερον
1703 5877 1799 5914 και

480 5947 752 6007 ΡΛΤΙὶΟῐ..
799 5954 915 6012 Gn.
955 5952 1284 6012 LXXXIX.

1906 5438 2234 5508 ταπέτασμα
2266 5435 2523 5507 ἡλοῦντα,
2553 5443 2657 5508 etc.
2692 5433 2784 5508 ubi
2810 5432 2940 5508 illud
2969 5431 3050 5484 δεῖ
3079 5430 3149 5482 τά
3178 5444 3306 5484 vere
3335 5424 3494 5483 adul-

1910 5503 2297 5570 terinum'est,
2323 5508 2560 5561 rescribe
2588 5503 2727 5566 εἷτα,
2758 5504 2975 5567 deinde,
3011 5508 3217 5572 postea.

1981 5582 2090 5649 (9.7)
2125 5566 2291 5644 Quasi
2321 5577 2554 5649 nondum
2591 5576 2724 5649 ejus.
2784 5574 2897 5649 Ms._
2949 5566 3024 5635 ὡς
3082 5573 3249 5642 μήπω
3284 5566 3494 5640 χωροῦν

1909 5645 2082 5703 αὑτοῦ
2109 5650 2333 5713 ταύτας,
2375 5648 2489 5717 lege
2528 5645 2954 5718 χωροῦν-αὐτόν,
2988 5652 3098 5718 etc.

1984 5722 2097 5791 (28)
2132 5719 2195 5773 In
2249 5710 2721 5791 ea—petiieve'rdret.
2752 5715 2851 5771 Ms.
2883 5715 3119 5785 ἕμελπεν
3175 5710 3492 5780 ὑπομένειν,

1912 5790 2122 5862 corrige
2152 5790 2398 5862 ἔμελλεν,
2438 5800 2542 5843 etc.

2934 5942 3011 6002 3h
