4080 6534
626 357 760 420 NW7

1836 366 1894 425 S.
1956 366 2351 426 ANASTASII
2402 366 2441 425 S
2454 366 2733 426 ῐΝΛῙΤίῈ

3749 363 3865 431 1068

623 478 1007 535 holocaustum
1034 487 1089 536 et
1119 478 1351 546 oblatio,
1382 480 1572 537 unctio
1601 489 1656 537 et
1676 497 1771 552 per
1797 483 2196 538 deitlcationcm

2307 482 2335 550 ἡ
2370 481 2670 551 μετάληψις
2699 497 2710 509 ·
2743 479 2881 535 ἀλλὰ
2917 478 3081 533 καλὸν
3107 475 3195 553 ἦν,
3240 480 3326 534 ίνα
3365 480 3439 550 μὴ
3472 476 3705 548 ἐγενήθη
3736 480 3762 531 6
3788 481 3861 531 ἄν·

629 569 747 636 Dei,
801 573 1049 643 ejusdem
1113 582 1397 629 consortes
1444 576 1726 642 corporis,
1776 585 1829 629 et
1886 573 2198 629 conformes

623 665 811 733 gloria:
848 666 1104 737 imaginis
1146 666 1266 731 Dei,
1308 667 1655 737 participatio
1683 676 1893 731 sancta,
1926 676 2113 736 utpote
2168 681 2197 719 a

626 756 735 810 Deo
785 756 1077 826 assumpti,
1137 758 1352 827 ipsique
1400 758 1570 812 Deum
1621 768 1967 814 assumentes
2015 758 2069 810 in
2117 772 2196 818 se,

624 856 680 901 et
734 848 899 901 domo
946 847 1297 917 excipientes.
1349 848 1427 903 ita
1480 857 1541 903 ut
1588 856 1736 904 certo
1779 848 1985 919 liqueat
2026 848 2198 901 solam

624 939 783 1007 panis
839 939 1313 1010 participationem
1374 956 1481 994 non
1532 955 1657 995 esse
1725 940 2197 995 manducationem

623 1043 690 1081 ex
740 1043 849 1098 qua
915 1029 1256 1085 manducans
1305 1029 1507 1099 aliquis
1552 1030 1753 1084 animm
1812 1032 1977 1083 vitam
2038 1028 2203 1083 habet

624 1126 906 1173 :eternam.
934 1118 1068 1174 Nam
1117 1135 1414 1190 corporum
1457 1121 1628 1175 vitam
1670 1128 1929 1175 aeternam
1963 1130 2084 1189 post
2115 1134 2200 1174 re-

629 1211 1031 1266 surrectionem
1085 1210 1240 1283 (28‘)
1298 1212 1653 1283 adipiscimur
1698 1212 1886 1268 fideles
1940 1227 2093 1282 aeque
2148 1219 2203 1266 et

628 1301 897 1356 inﬁdeles.
931 1303 1107 1367 Quare
1133 1303 1298 1358 multa
1327 1314 1526 1373 praesto
1551 1314 1702 1361 erant
1734 1306 1847 1377 (29)
1877 1306 1927 1360 in
1946 1307 2201 1372 paradiso

626 1408 655 1446 a
690 1393 800 1447 Deo
832 1394 956 1447 data
989 1403 1046 1447 ut
1079 1408 1145 1449 ex
1180 1396 1262 1451 eis
1299 1395 1462 1451 homo
1501 1407 1836 1465 vesceretur,
1871 1414 2040 1451 unum
2076 1400 2200 1468 qui-
2250 1421 2257 1428 ·

625 1483 747 1537 dem
788 1483 945 1552 quasi
971 1483 1187 1539 diceres
1215 1483 1329 1554 (30)
1362 1484 1695 1549 universale,
1740 1501 1805 1540 ex
1834 1502 1944 1556 quo
1972 1485 2203 1540 mandu-

627 1590 787 1640 cans,
843 1591 951 1629 non
991 1577 1209 1631 habebit
1264 1577 1433 1630 vitam
1492 1586 1748 1632 aeternam
1784 1598 1798 1632 :
1834 1594 2027 1648 nempe
2071 1580 2201 1635 illud

629 1667 811 1735 ipsum
838 1667 907 1720 de
936 1682 1047 1736 quo
1077 1667 1284 1721 dictum
1316 1666 1417 1721 fuit
1440 1685 1452 1720 :
1476 1669 1556 1721 Ab
1588 1670 1734 1723 omni
1768 1670 1913 1740 ligno
1944 1672 2089 1741 quod
2118 1680 2202 1726 est

626 1754 682 1808 iu
713 1756 969 1824 paradiso
1021 1758 1443 1813 manducabitis.
1480 1759 1640 1815 Aliud
1693 1776 1917 1829 prorsus
1958 1764 2025 1817 de
2054 1762 2201 1834 ligno

2307 573 2525 643 θρωπος
2571 573 2777 635 ἐκεῖνος
2822 572 2852 623 6
2900 572 2959 635 ἐξ
3004 573 3183 625 αὐτῶν
3215 573 3323 625 τῶν
3362 572 3649 642 ἀχράντων
3693 570 3868 640 χειρῶν

2306 662 2400 716 τοῦ
2423 662 2661 733 Χριστοῦ
2698 662 3018 732 μεταλαϐὼν
3061 663 3278 726 Ἰούδας.
3339 662 3503 715 Πόσοι
3537 662 3597 714 δέ
3627 661 3785 714 πάλιν
3820 662 3868 713 ἐν

2312 754 2543 823 ἐρήμοις
2562 752 2984 825 ἀπε[ρ]χόμενοι
3025 754 3124 822 τῆς
3144 752 3240 806 τοῦ
3269 754 3424 821 ἁγίου
3461 752 3631 821 ἄρτου
3655 749 3869 819 μεταλή-

2305 842 2451 912 ψεως
2497 842 2680 912 ἔχουσι
2725 843 2870 913 ζωὴν
2919 841 3162 907 αἰώνιον,
3194 843 3288 895 καὶ
3324 843 3404 903 είς
3437 839 3622 910 κρίσιν
3652 838 3753 890 οὐκ
3791 839 3870 905 ἐρα

2307 949 2515 1003 χονται,
2552 933 2691 986 ἀλλὰ
2722 933 3161 1004 μεταϐεϐήκασιν
3180 934 3245 986 ἐκ
3276 932 3369 986 τοῦ
3415 931 3651 987 θανάτου
3682 931 3757 991 είς
3786 930 3871 997 τὴν

2308 1024 2456 1093 ζωήν
2474 1041 2489 1056 ·
2526 1025 2693 1078 αὐτοῦ
2718 1024 2830 1078 ὅλοι
2856 1023 2924 1078 δι’
2952 1025 3073 1078 ὅλου
3110 1025 3272 1094 ἄρτος
3300 1021 3435 1076 Θεοῦ
3476 1023 3573 1076 καὶ
3615 1020 3773 1089 σῶμα
3794 1038 3872 1087 γε·

2307 1115 2543 1186 νόμενοι,
2584 1116 2679 1169 καὶ
2712 1110 2876 1186 αἷμα,
2914 1116 3009 1168 καὶ
3056 1110 3226 1180 οἶκος,
3258 1113 3352 1167 καὶ
3384 1112 3531 1177 ναὸς,
3575 1113 3675 1165 καὶ
3703 1111 3873 1163 θυσια-

2310 1208 2564 1278 στήριον,
2637 1209 2733 1261 καὶ⁴
2802 1207 3194 1271 ὁλοκαύτωσις,
3257 1208 3351 1260 καὶ
3413 1203 3743 1275 προσφορά,
3793 1204 3873 1255 καὶ

2308 1299 2529 1366 χρίσις,
2593 1296 2692 1351 καὶ
2736 1296 2848 1349 θεοὶ
2895 1298 2961 1367 τῇ
3026 1295 3241 1359 θεώσει,
3300 1295 3395 1347 καὶ
3442 1294 3746 1362 σύσσωμοι,
3795 1293 3872 1345 καί

2310 1389 2628 1459 σύμμορφοι
2674 1389 2774 1458 τῆς
2825 1389 2985 1459 δόξης
3027 1389 3127 1458 τῆς
3186 1388 3392 1452 εἰκόνος
3441 1386 3536 1440 τοῦ
3585 1386 3750 1450 θεοῦ,
3795 1386 3873 1437 καὶ

2312 1480 2611 1552 μετάληψις
2656 1482 2789 1549 ἁγία
2841 1481 2918 1543 ὡς
2969 1480 3404 1550 μεταληφθέντες
3449 1479 3555 1531 ὑπὸ
3588 1477 3749 1540 θεοῦ,
3797 1479 3873 1530 καὶ

2312 1573 2821 1644 μεταλαμϐάνοντες
2878 1574 2936 1626 ἐν
3002 1575 3216 1635 ἑαυτοῖς
3272 1572 3369 1625 καὶ
3416 1572 3743 1641 οἰκήσαντες
3795 1571 3872 1623 τὸν

2308 1666 2463 1732 Θεὸν,
2491 1666 2631 1719 ὥστε
2659 1665 2924 1737 πρόδηλον
2948 1667 3032 1719 ὅτι
3055 1665 3153 1735 οὐχ
3180 1666 3215 1735 ἡ
3248 1663 3342 1716 τοῦ
3376 1663 3543 1735 ἄρτου
3586 1662 3872 1733 μετάληψις

2313 1758 2447 1828 μόνη
2476 1757 2624 1810 ἐστὶν
2654 1758 2686 1827 ἡ
2721 1756 2923 1827 βρῶσις
2947 1755 3005 1822 ἐξ
3039 1750 3107 1825 ἦς
3139 1753 3331 1823 φαγών
3360 1771 3446 1817 τις
3476 1754 3591 1824 ἔχει
3614 1752 3759 1822 ζωὴν
3788 1753 3872 1820 tiv-

625 1850 751 1903 vita:
778 1858 831 1902 et
859 1850 1033 1919 magis
1067 1850 1391 1919 spirituale;
1430 1853 1745 1923 quicunque
1776 1856 1918 1909 enim
1968 1857 2201 1911 mandu-

2307 1848 2405 1918 χῆς
2483 1847 2583 1919 τὴν
2631 1846 2873 1906 αἰώνιον.
2932 1846 3044 1916 Τὴν
3089 1845 3197 1917 γὰρ
3257 1844 3367 1898 τῶν
3412 1844 3689 1914 σωμάτων
3749 1842 3872 1893 αἰῶ-

626 1950 714 1993 cat
744 1940 811 1995 de
847 1940 995 2010 ligno
1032 1942 1154 1997 vita:
1187 1944 1332 1997 vivet
1383 1945 1549 1998 vitam
1600 1954 1882 2000 aeternam.
1940 1947 2198 2013 Qurenam

628 2046 806 2087 autem
842 2036 951 2103 ipsa
987 2036 1333 2089 manducatio
1368 2037 1497 2107 ligni
1531 2037 1655 2092 vita:
1680 2039 1733 2092 in
1778 2038 2021 2095 Ecclesia
2066 2042 2201 2096 est?

628 2126 771 2178 Audi
806 2128 983 2195 ipsum
1018 2128 1287 2181 viventem
1323 2143 1514 2195 panem
1548 2129 1669 2184 vitae
1697 2130 1997 2198 Christum,
2052 2133 2202 2188 illam

628 2217 790 2271 nobis
832 2219 883 2270 in
918 2216 1212 2288 Evangelio
1254 2218 1555 2272 secundum
1593 2217 1859 2275 Joannem
1904 2224 2202 2292 explanane

629 2318 740 2363 tem
763 2318 819 2363 et
847 2310 1116 2363 dicentem
1152 2329 1165 2365 :
1199 2309 1507 2378 Operamini
1540 2329 1641 2366 non
1684 2314 1860 2367 cibum
1908 2317 1998 2386 qui
2041 2318 2199 2386 perit,

628 2402 718 2454 sed
762 2402 936 2455 cibum
976 2403 1067 2471 qui
1116 2413 1388 2470 permanet
1434 2405 1491 2458 in
1531 2405 1695 2461 vitam
1750 2417 2007 2461 wternam
2057 2418 2115 2472 r;
2150 2419 2203 2464 et

630 2505 815 2562 postea
837 2506 889 2548 et
910 2509 1033 2550 cum
1057 2495 1338 2550 audientes
1358 2495 1667 2553 dubitarent
1694 2500 1916 2570 quinam
1940 2510 2084 2557 esset
2115 2502 2203 2557 ille

628 2586 785 2641 cibus
815 2588 883 2641 de
913 2603 1022 2657 quo
1055 2587 1270 2643 dicebat
1290 2589 1433 2644 illis:
1462 2588 1626 2645 Pater
1648 2608 1791 2645 meus
1818 2592 1909 2646 dat
1940 2593 2082 2647 vobis
2103 2610 2202 2663 pa-

628 2695 746 2733 nem
775 2696 950 2733 verum
980 2680 1071 2749 qui
1108 2680 1173 2734 de
1207 2679 1333 2734 caelo
1376 2680 1642 2736 descendit
1676 2692 1720 2736 ⁸.
1758 2682 1870 2755 Ego
1907 2702 2021 2739 sum
2048 2688 2202 2754 panis

630 2773 770 2832 vitm,
824 2770 869 2823 si
921 2772 1039 2839 quis
1088 2771 1486 2824 manducauerit
1534 2788 1599 2825 ea:
1643 2773 1738 2826 hoc
1771 2790 1906 2843 pane
1956 2776 2085 2830 vivet
2146 2778 2201 2831 in

627 2870 881 2913 wternum
910 2860 951 2913 ί.
988 2860 1170 2913 Patres
1202 2862 1649 2917 manducaverunt
1699 2881 1893 2918 manna
1921 2870 1975 2919 in
1998 2868 2203 2926 deserto

627 2961 676 3004 et
709 2952 903 3004 mortui
950 2962 1069 3006 sunt
1104 2964 1166 3015 n;
1199 2953 1282 3006 llic
1304 2964 1382 3008 est
1410 2956 1561 3023 panis
1591 2961 1654 3010 de
1692 2957 1822 3010 caelo
1866 2959 2200 3027 descendens,

626 3052 685 3095 ut
717 3043 808 3112 qui
833 3058 897 3096 ea:
934 3042 1027 3096 illo
1060 3045 1457 3099 manducauerit
1489 3064 1591 3100 non
1630 3050 1894 3103 moriatur
1923 3060 1970 3103 ν.
2007 3051 2203 3109 Dicens

626 3136 780 3202 panis
823 3133 1158 3197 descendens,
1219 3135 1458 3189 ostendit
1516 3151 1712 3205 panem
1762 3137 1914 3191 illum
1950 3155 2018 3193 ex
2061 3140 2201 3195 coelo

628 3224 892 3279 continue
914 3223 1356 3288 descendentem,
1382 3240 1449 3279 ne
1480 3224 1620 3280 forte
1651 3235 1807 3296 putes
1831 3241 1955 3281 eum
1985 3228 2052 3284 de
2081 3244 2205 3284 cor-

626 3331 761 3388 pore
791 3331 893 3370 suo
926 3315 1135 3371 dixisse
1174 3325 1227 3371 et
1261 3316 1405 3385 apud
1446 3326 1498 3371 te
1528 3332 1755 3373 censeas
1795 3334 2015 3375 omnem
2050 3337 2206 3377 man-

627 3412 916 3466 ducantem
950 3426 1017 3465 ex
1069 3410 1193 3475 illo,
1250 3410 1334 3463 vel
1367 3410 1533 3464 etiam
1588 3411 1901 3481 improbum
1952 3429 2048 3484 per
2084 3431 2203 3471 eam

628 3503 1108 3558 manducationem
1157 3504 1359 3561 habere
1402 3506 1567 3560 vitam
1599 3515 1879 3572 :eternam,
1918 3508 1987 3563 ab
2018 3524 2082 3564 ea
2112 3525 2207 3565 co-

628 3599 891 3666 gitatione
923 3607 975 3651 te
1005 3599 1254 3654 demovet
1277 3600 1571 3655 ostendens
1596 3600 1693 3655 tibi
1722 3616 1822 3657 nos
1858 3601 1973 3656 ﬁeri
2011 3614 2206 3674 myste-

626 3690 838 3743 riorum
876 3688 1172 3761 participes
1215 3689 1431 3745 duobus
1472 3691 1672 3757 modis,
1713 3692 1864 3759 digni
1899 3693 2107 3749 scilicet
2138 3711 2203 3749 ex

625 3797 767 3851 pane
795 3783 887 3836 illo
915 3783 1247 3837 manducant
1287 3784 1381 3853 qui
1411 3784 1478 3839 de
1506 3786 1656 3839 C(BIO
1704 3785 2009 3851 descendit,
2051 3789 2096 3843 is
2123 3796 2207 3843 est

629 3875 984 3943 inbabitatio,
1016 3886 1071 3931 et
1100 3875 1281 3947 fulgor
1310 3879 1645 3949 sanctissimi
1694 3856 1894 3945 f‘atris,
1946 3883 2204 3939 divinita-

629 3968 700 4023 tis
752 3967 977 4035 Christi,
1040 3971 1241 4040 quippe
1296 3971 1481 4026 divina
1540 3981 1595 4027 et
1644 3974 1884 4029 cwlestia
1942 3977 2204 4047 cogitant.

629 4060 853 4116 Tcrreni
888 4078 1014 4117 vero
1057 4073 1384 4133 terrenaque
1414 4065 1711 4136 sapientes,
1751 4077 1980 4123 terrenae
2012 4086 2207 4125 mera:—

627 4170 734 4223 que
761 4155 944 4209 carnis
973 4155 1175 4211 Christi
1216 4158 1546 4227 participant
1575 4159 1839 4213 audacter
1878 4172 1933 4215 et
1961 4161 2202 4231 indigne,

627 4258 749 4310 quze
776 4245 1127 4299 manducazio
1170 4261 1200 4299 a
1229 4249 1498 4316 superiori
1532 4264 1764 4318 prorsus
1799 4250 2008 4317 aliena;
2038 4268 2207 4322 quare

629 4344 687 4387 ut
717 4342 1007 4404 utramque
1039 4352 1139 4391 nos
1179 4337 1375 4393 doceat
1416 4339 1528 4409 (Ἠ)
1568 4352 1859 4412 postquam
1902 4345 2059 4411 dixit,
2095 4344 2205 4415 Ego

627 4442 746 4480 sum
781 4427 934 4495 panis
973 4427 1095 4481 vitta
1129 4444 1156 4482 e
1186 4429 1314 4483 cwlo
1341 4430 1677 4498 descendens,
1706 4434 1758 4488 id
1788 4444 1873 4489 est
1906 4435 2049 4491 Deus
2075 4434 2207 4490 Ver-

2303 1959 2412 1996 νιον
2466 1942 2610 2013 ζωὴν
2672 1942 2873 2003 πάντες
2929 1940 3068 2009 μετὰ
3126 1939 3226 2009 τὴν
3281 1938 3366 1990 σοὶ
3430 1937 3639 2007 ὁμοίως
3698 1935 3871 2004 ἔχομεν

2302 2036 2353 2087 oi
2398 2033 2578 2087 πιστοί
2608 2050 2667 2086 τε
2708 2032 2802 2085 καὶ
2845 2031 3101 2085 ἄπιστοιο
3136 2030 3219 2083 διὸ
3258 2029 3436 2083 τοίνυν
3467 2028 3720 2098 ὑπῆρχον
3752 2026 3872 2096 βρώ-

2306 2142 2418 2188 σεις
2458 2126 2515 2177 ὲν
2554 2122 2632 2195 τῷ
2664 2122 2976 2192 παραδείσῳ
3024 2120 3291 2173 θεόσδοτοι
3322 2121 3382 2184 ἐξ
3435 2114 3512 2174 ῶν
3561 2118 3810 2171 ἐϐούλετο
3847 2121 3871 2170 6

2303 2217 2437 2282 Θεὸς
2481 2217 2915 2288 μεταλαμϐάνειν
2954 2214 3265 2285 ἀνθρώπου,
3298 2214 3375 2277 ῶς
3414 2214 3480 2267 ἂν
3512 2214 3661 2266 εἴποι
3702 2230 3799 2273 τις,
3842 2212 3871 2278 ἡ

2305 2310 2589 2381 καθολικὴ,
2638 2310 2697 2374 ἐξ
2726 2305 2792 2379 ἦς
2825 2311 2854 2362 6
2879 2307 3069 2377 φαγὼν
3105 2309 3163 2361 οὐ
3215 2308 3434 2370 πάντως
3463 2307 3577 2373 ἕξει
3621 2307 3721 2374 τὴν
3758 2304 3869 2356 αίώ·

2303 2420 2415 2457 νιον
2434 2403 2580 2473 ζωήν
2600 2419 2614 2433 ⁸
2644 2402 2784 2473 αῦτη
2814 2402 3000 2472 ἐκείνη
3030 2402 3160 2472 περὶ
3186 2395 3251 2472 ἧς
3285 2402 3502 2471 εἴρηται
3532 2400 3597 2452 τὸ
3625 2399 3735 2451 ἀπὸ
3754 2416 3872 2450 παν-

2303 2497 2393 2560 τὸς
2441 2495 2598 2561 ξύλου
2650 2494 2744 2548 τοῦ
2796 2496 2854 2550 ἐν
2898 2494 2977 2564 τῷ
3021 2493 3335 2564 παραδείσῳ
3364 2494 3535 2563 φάγῃ·
3584 2491 3750 2562 ἑτέρα
3794 2492 3870 2541 καὶ

2306 2588 2799 2659 πνευματικωτέρα
2845 2588 2940 2641 τοῦ
2988 2585 3146 2651 ξύλου
3193 2588 3291 2656 τῆς
3326 2585 3494 2657 ζωῆς,
3538 2585 3599 2649 ἐξ
3631 2581 3699 2656 ἧς
3729 2586 3826 2646 πᾶς
3849 2585 3873 2633 6

2306 2681 2503 2735 ἐσθίων
2536 2680 2763 2751 ζήσεται
2796 2682 2876 2744 εἰς
2912 2680 3003 2732 τὸν
3035 2680 3227 2743 αίῶνα,
3280 2678 3379 2748 τὴν
3429 2678 3713 2748 μακαρίαν
3744 2674 3871 2745 ζωὴν

2304 2772 2401 2843 τὴν
2424 2771 2663 2826 αἰώνιον.
2696 2771 2790 2833 Τίς
2829 2772 2977 2823 ἐστιν
3006 2772 3037 2839 ἡ
3077 2768 3279 2840 βρῶσις
3311 2769 3344 2839 ἡ
3374 2770 3434 2822 ἐν
3451 2770 3517 2839 τῇ
3549 2766 3870 2836 Ἐκκλησίας

2308 2867 2575 2919 ’Ἄκουσον
2620 2862 2787 2917 αὐτοῦ
2820 2862 2914 2915 τοῦ
2966 2862 3164 2926 ζῶντος
3214 2863 3381 2932 ἄρτου
3418 2858 3568 2931 ζωῆς
3621 2856 3870 2930 Χριστοῦ,

2302 2957 2506 3028 ταύτην
2549 2957 2699 3027 ἡμᾶς
2738 2957 2795 3009 ἐν
2833 2954 2911 3025 τῷ
2944 2954 3087 3009 κατά
3147 2954 3403 3024 Ἰωάννην
3446 2952 3769 3021 Εὑαγγελίῳ
3802 2950 3873 3002 διο

2304 3048 2563 3121 ηγοῦντος
2579 3048 2674 3101 καὶ
2696 3047 2973 3115 λέγοντος·
3018 3044 3385 3116 Ἐργάζεσθε,
3396 3045 3482 3114 μὴ
3509 3043 3629 3112 τὴν
3655 3042 3876 3111 βρῶσιν

2308 3141 2424 3209 τὴν
2462 3139 2777 3210 μένουσαν
2809 3141 2897 3205 εις
2947 3136 3101 3207 ζωὴν
3137 3139 3379 3192 αἰώνιον
3402 3154 3419 3170 ο
3471 3135 3593 3192 εἶτα
3627 3137 3874 3209 διαπορη-

2314 3233 2521 3287 σάντων
2569 3231 2678 3285 τῶν
2728 3231 3077 3285 ἀκουσάντων
3123 3230 3202 3295 τὸ,
3234 3228 3363 3284 ποία
3411 3228 3530 3283 ἐστὶ
3574 3228 3778 3300 βρῶσις
3817 3228 3874 3297 ἢν

2307 3326 2457 3394 λέγει
2477 3325 2613 3395 πρὸς
2647 3325 2842 3388 αὐτοὺς
2864 3366 2878 3389 ,
2908 3325 2989 3378 ὅτι
3022 3323 3086 3377 '0
3110 3324 3311 3392 Πατήρ
3325 3341 3445 3393 μου
3473 3322 3725 3375 δίδωσιν
3748 3320 3875 3389 ὑμῖν

2309 3417 2492 3487 ἄρτου
2526 3417 2634 3471 τοῦ
2680 3416 2970 3484 ἀληθινοῦ
3020 3417 3088 3470 ἐκ
3139 3415 3247 3469 τοῦ
3300 3414 3564 3482 οὐρανοῦ
3614 3412 3875 3468 καταϐαί-

2306 3527 2540 3576 νοντος.
2591 3508 2738 3579 Ἐγώ
2768 3511 2884 3578 ειμι
2915 3508 3093 3577 ἄρτος
3120 3506 3232 3575 τῆς
3276 3506 3444 3574 ζωῆς,
3477 3505 3587 3561 ἐάν
3614 3523 3707 3571 τις
3729 3504 3873 3573 φάγῃ

2306 3602 2377 3655 ἐκ
2425 3602 2639 3655 τούτου
2693 3600 2801 3653 τοῦ
2835 3599 3019 3667 ἄρτου
3051 3598 3288 3664 ζήσεται
3336 3600 3423 3663 είς
3454 3598 3560 3650 τὸν
3586 3596 3790 3651 αιῶνα.
3819 3596 3874 3647 Οἱ

2308 3690 2561 3759 πατέρες
2584 3691 2814 3760 ἔφαγον
2840 3689 2907 3742 τὸ
2942 3689 3144 3758 μάννα
3184 3688 3253 3741 ἐν
3296 3686 3368 3755 τῇ
3398 3686 3615 3756 ἐρήμῳ,
3658 3688 3749 3740 καὶ
3775 3686 3872 3739 dx-

2307 3784 2547 3840 ἐθανον.
2606 3778 2800 3847 Οὗτός
2855 3782 3028 3835 ἐστιν
3074 3784 3105 3834 ό
3139 3779 3319 3848 ἄρτος
3353 3780 3421 3832 ἐκ
3475 3778 3583 3832 τοῦ
3632 3776 3873 3847 οὐρανοῦ

2306 3877 2713 3932 καταϐαίνων·
2756 3875 2855 3929 ἵνα
2891 3873 2960 3938 ἐξ
2994 3873 3182 3927 αὐτοῦ
3226 3873 3385 3942 φάγῃ
3423 3872 3521 3925 καὶ
3553 3872 3639 3941 μὴ
3672 3870 3872 3927 ἀποθά-

2307 3988 2505 4039 metu.
2545 3966 2730 4021 Εἰπὼν
2763 3965 2820 4019 δὲ
2848 3968 2881 4019 ό
2910 3965 3305 4029 καταϐαίνων,
3336 3964 3579 4017 δείκνυσι
3607 3963 3703 4015 τὸν
3730 3962 3873 4031 ἄρτον

2307 4064 2494 4118 τοῦτον
2515 4064 2579 4115 ἐκ
2597 4059 2691 4113 τοῦ
2716 4057 2944 4129 οὐρανοῦ
2973 4056 3371 4111 καταϐαίνοντα
3392 4055 3659 4126 διηνεκῶς
3695 4056 3774 4107 ἵνα
3809 4051 3871 4122 μὴ

2307 4155 2535 4227 νομίσῃς
2553 4154 2635 4206 ὅτι
2664 4151 2794 4222 περὶ
2822 4150 2916 4202 τοῦ
2943 4149 3195 4219 σώματος
3225 4149 3391 4203 αὑτοῦ
3415 4149 3587 4216 λέγει,
3621 4150 3717 4201 καὶ
3736 4145 3872 4214 δόξῃς

2307 4244 2484 4316 ἑαυτῷ
2502 4243 2581 4316 [ἐν
2599 4239 2799 4312 ἐαυτῷ]
2813 4242 2894 4293 ὅτι
2909 4241 3015 4303 πᾶς
3031 4242 3059 4293 6
3076 4240 3317 4310 μετέχων
3327 4237 3515 4303 αὐτοῦ,
3529 4236 3638 4302 οἷος
3650 4238 3699 4290 δ’
3712 4236 3873 4302 άν,καὶ

2307 4334 2461 4387 ἔσται
2486 4350 2617 4403 πονη
2627 4329 2863 4402 ρδς,ἐχει
2886 4328 2972 4381 διὰ
2996 4331 3094 4399 τῆς
3114 4328 3469 4400 μεταλήψεως
3487 4328 3634 4400 ζωὴν
3650 4328 3748 4399 τὴν
3763 4326 3873 4379 αἰῶ·

2309 4442 2421 4480 νιον
2443 4420 2887 4489 ἀπαλλάττειτῆς
2909 4420 3168 4488 τοιαύτης
3198 4420 3408 4483 ἐννοίας
3440 4422 3535 4473 καὶ
3552 4418 3792 4473 δείκνυσί
3804 4433 3871 4468 σοι

630 4518 781 4580 bum,
810 4526 858 4570 et
897 4517 942 4570 si
983 4519 1099 4587 quis
1136 4521 1417 4573 manducet
1443 4537 1507 4574 ea:
1538 4522 1652 4589 illo,
1677 4525 1807 4578 vivet
1842 4526 1895 4579 in
1927 4538 2204 4591 retentum,

2311 4519 2392 4571 ὅτι
2411 4514 2600 4578 διττῶς
2621 4513 2921 4585 μετέχομεν
2937 4511 3045 4564 τῶν
3070 4512 3407 4583 μυστηρίων,
3422 4514 3469 4564 oi
3490 4512 3588 4582 μὲν
3606 4512 3744 4576 ἄξιοι
3759 4508 3870 4562 ἐκεί.

628 4607 913 4679 subiungit
932 4609 1095 4674 idem,
1123 4624 1168 4665 et
1190 4613 1343 4682 panis
1360 4630 1509 4683 quem
1533 4630 1624 4685 ego
1647 4615 1783 4669 dabo
1805 4616 1907 4684 illi,
1951 4634 2077 4672 caro
2095 4636 2211 4673 mea

625 4708 726 4761 est,
745 4714 904 4767 quam
924 4716 1016 4769 ego
1040 4701 1176 4755 dabo
1195 4719 1288 4771 pro
1309 4704 1417 4757 vita
1435 4705 1618 4758 mundi
1638 4714 1693 4769 κ,
1710 4704 1875 4762 Vides
1895 4708 2023 4777 quid
2047 4709 2210 4765 inter-

627 4788 697 4842 sit
712 4792 753 4843 si
769 4790 892 4859 quis
911 4794 1277 4849 manducetde
1289 4810 1427 4865 pane
1446 4796 1539 4850 illo
1550 4798 1644 4867 qui
1662 4797 1728 4852 de
1742 4798 1881 4853 coelo
1897 4799 2208 4863 descendet.

628 4895 753 4935 cum
776 4882 912 4936 dixit
940 4884 1137 4940 habere
1161 4888 1323 4941 vitam
1345 4898 1604 4943 aeternam
1630 4906 1645 4955 ;
1672 4890 1739 4944 de
1769 4904 1934 4945 carne
1954 4906 2083 4946 vero
2103 4892 2208 4945 mi—

628 4973 776 5027 nime
798 4975 927 5031 illud
950 4979 1167 5049 adjecit,
1190 4981 1329 5036 unde
1350 4997 1474 5037 cum
1492 4983 1558 5038 de
1581 4984 1868 5040 horrendis
1895 4994 1949 5040 et
1967 4985 2210 5041 ineffabi-

706 5096 728 5122 τ
762 5084 922 5143 Joan.
954 5106 1027 5157 vr,
1063 5091 1154 5146 2'7.
1233 5105 1253 5132 ε
1284 5094 1415 5149 ibid.
1447 5094 1534 5150 52.
1620 5097 1637 5131 ί
1672 5096 1809 5153 ibid.
1832 5096 1919 5151 55.

2310 4629 2416 4666 νων
2452 4607 2787 4665 ἀπολαύουσι
2811 4606 2906 4660 τοῦ
2932 4606 3096 4678 ἄρτου
3130 4605 3223 4660 τοῦ
3258 4605 3681 4667 καταϐαίνοντος
3714 4604 3793 4658 ἀεὶ
3817 4603 3869 4651 ἐκ

2309 4704 2405 4757 τοῦ
2421 4700 2676 4775 οὐρανοῦ,
2688 4699 2981 4764 τοῦτέστι,
2994 4700 3093 4769 τῆς
3112 4699 3441 4770 ἐνοικήσεως
3455 4698 3551 4751 καὶ
3569 4694 3868 4765 ἐκλάμψεως

2309 4796 2404 4850 τοῦ
2435 4794 2705 4864 παναγίου
2737 4794 2953 4864 Πατρὸς
2980 4798 3078 4863 τῆς
3102 4792 3358 4860 θεότητος
3390 4790 3482 4844 τοῦ
3520 4788 3775 4861 Χριστοῦ,
3806 4785 3868 4844 ὡς

2311 4888 2380 4942 τά
2409 4888 2531 4942 θεῖα
2550 4889 2642 4941 καὶ
2672 4885 2900 4958 οὐράνια
2926 4885 3270 4956 φρονοῦντες.
3308 4887 3370 4938 Οἱ
3398 4884 3457 4937 δὲ
3498 4885 3676 4955 γήῖνοι
3703 4883 3791 4935 καὶ
3814 4878 3868 4931 τὰ

2311 4984 2478 5052 γήϊνα
2523 4978 2848 5051 φρονοῦντες
2893 4978 2994 5048 τῆς
3032 4978 3301 5047 γηγενοῦς
3340 4978 3431 5033 καὶ
3482 4980 3655 5048 μόνης
3690 4972 3865 5047 σαρκὸς

2025 5106 2051 5133 υ
2077 5097 2234 5153 Joan.
2269 5114 2342 5164 ιν,
2371 5097 2460 5151 51.
2537 5105 2565 5135 '
2595 5094 2753 5151 Joan.
2781 5111 2853 5158 vr,
2882 5093 2971 5149 50.
3049 5102 3076 5131 ι
3102 5093 3235 5150 ibid.
3268 5094 3357 5149 52.

2138 5207 2367 5265 ΝΟΤιΕ.

708 5293 840 5363 (28⁸)
874 5293 1004 5373 Post
1037 5299 1490 5373 resurrectionem.
1519 5298 1592 5353 lta
1626 5300 1805 5373 locum
1829 5302 2073 5371 supplevi
2104 5304 2195 5373 qui

635 5366 689 5444 in
713 5380 814 5444 ius.
850 5365 1080 5444 mutilus
1113 5371 1379 5444 est,_pe-_ca‘t
1410 5369 1509 5439 τὴν
1539 5372 1621 5423 σοὶ
1648 5371 1879 5439 ὁμοίιος,
1899 5365 2029 5442 iege
2060 5365 2200 5444 με’τὰ

632 5439 736 5506 τὴν
775 5436 1073 5507 ἀνάστασιν
1106 5439 1189 5489 σοὶ
1212 5440 1432 5507 ὁμοίως.

706 5507 818 5582 (i9)
856 5506 1064 5582 Pramo
1098 5506 1413 5582 erant.“Sic_
1445 5510 1716 5582 integrum
1780 5512 1959 5565 locum
1999 5514 2201 5582 digessi

706 5526 818 5575 μυ)
856 5526 1064 5561 rrtesw
1098 5526 1267 5560 erant.
1306 5526 1398 5562 mc
1445 5526 1555 5563 inte
1594 5526 1716 5565 rum
1781 5526 1959 5565 locum
1999 5526 2201 5582 urgesm

632 5578 1017 5654 quiAcqrrAupte
1047 5579 1099 5654 in
1120 5526 1799 5654 QiS._'_Y'7;§leop§9tb65tq
1831 5581 1909 5652 τῷ
1940 5585 2205 5654 παραδεί-

635 5642 1015 5726 ᾀῳηθερσδοτοι
1042 5648 1100 5714 ἐξ
1120 5642 1194 5726 ῶν
1225 5642 1546 5726 ἐϐούλετΒρ
1567 5642 1578 5650 ’
1595 5642 1727 5726 θεὸς
1754 5642 2206 5726 γμετάλαμϐάνειν

633 5719 925 5788 ἀνθρώπου
955 5736 967 5749 ”
1002 5720 1122 5791 lego
1147 5719 1393 5793 ὑπῆρχον
1421 5729 1473 5777 et
1500 5722 1554 5777 in
1589 5722 1694 5781 ﬁne
1740 5719 2066 5795 ἀνθρώπους
2120 5726 2205 5781 vel

634 5788 941 5844 ἄνθοωπον.

672 5806 731 5841 νυ
740 5806 919 5845 οωπον
928 5832 941 5845 ο

2375 5300 2488 5373 ('50)
2526 5300 2697 5373 Unum
2725 5301 2935 5370 quidem
2968 5301 3121 5373 quasi
3158 5300 3377 5373 diceres.
3409 5298 3549 5373 Ms.‘
3573 5299 3741 5373 codex
3793 5298 3863 5351 hic

2305 5368 2530 5427 omnino
2562 5368 2809 5441 fmdatus“
2824 5382 2941 5424 est:
2975 5368 3111 5440 lego,
3138 5372 3236 5441 μία
3269 5370 3391 5441 μὲν,
3421 5370 3495 5432 ὡς
3522 5368 3589 5423 ἂν
3618 5369 3861 5441 είποιτις,

2308 5445 2342 5514 ἡ
2372 5442 2659 5514 καθολικὴ,
2692 5440 2751 5505 ἐξ
2769 5437 2897 5514 ἧςῌὸ
2923 5437 3115 5514 φαγὼν
3139 5437 3203 5494 οὐ
3236 5437 3589 5514 πάνητωςάὲξει
3626 5440 3721 5514 τὴν
3742 5438 3863 5514 Cornu

2312 5506 2553 5566 οἱίῶνιον.
2586 5506 2736 5581 Α’ῦτη
2762 5506 2825 5581 δῆ
2850 5508 2917 5582 ἦν
2936 5506 3139 5581 ’ἐκείνη
3171 5513 3302 5582 περὶ
3331 5506 3399 5582 ἦς
3428 5512 3644 5580 εἴρηται
3670 5506 3730 5562 τὸ
3772 5507 3862 5582 ἀπο

2310 5584 2510 5647 παντὸς
2540 5583 2696 5647 ξύλου
2724 5578 2825 5635 τοῦ
2849 5578 2906 5635 ἐν
2928 5582 3003 5652 τῷ
3025 5578 3337 5653 παραδείσῳ
3354 5578 3589 5651 ὶράγητε,
3622 5590 3757 5643 ctc.;
3786 5578 3861 5632 sed

2316 5670 2421 5708 non
2445 5655 2628 5707 minus
2673 5653 2838 5707 etiam
2872 5669 2956 5707 me
2980 5662 3239 5723 torquent
3267 5669 3388 5723 quae
3420 5662 3738 5723 sequuntur.

2383 5726 2494 5795 (3|)
2529 5722 2595 5778 Ut
2629 5732 2906 5795 utrumque
2939 5742 3033 5779 nos
3057 5721 3263 5779 doceat.
3287 5721 3407 5778 ’Ms.
3439 5723 3560 5777 ὅθεν
3615 5721 3858 5776 διδάσκειν

2316 5797 2462 5866 ἡμᾶς
2496 5794 2833 5866 ἀμφοτέρας,
2894 5795 3178 5867 legendum
3213 5795 3499 5850 διδάσκων.
