4080 6530
604 406 738 473 1071

1806 408 1867 469 S.
1908 406 2307 468 ANASTASII
2333 403 2659 463 SINAITAE

3680 389 3693 443 ἐ
3733 403 3855 469 1072

604 525 755 580 dere.
784 520 915 577 Nam
947 537 1044 594 pro
1067 522 1275 592 possedi
1300 522 1562 575 hominem
1591 537 1681 589 per
1711 519 2014 587 Dominum,
2043 534 2186 576 unus

2302 519 2399 572 τῶν
2448 516 2802 589 ἐρμηνευτῶν
2860 519 2911 571 οί
2990 517 3118 590 περὶ
3192 516 3493 589 Σύμμαχον
3549 517 3854 589 θαυμασίως

601 617 825 687 scripsit
856 617 1065 685 possedi
1087 617 1351 670 hominem
1389 633 1508 671 cum
1546 615 1791 683 Domino,
1847 616 1897 670 id
1924 626 2008 671 est
2034 655 2047 680 ,
2087 615 2184 669 lio-

603 709 801 761 minem
830 708 1131 762 adunatum
1174 706 1430 772 Domino,
1460 724 1655 778 nempe
1690 707 1967 762 hominem
2001 707 2179 777 ipsum

601 799 763 853 simul
795 809 849 854 et
877 797 1070 854 Deum.
1102 798 1257 853 Alter
1284 814 1413 853 vero
1450 798 1743 869 interpres,
1764 797 1973 867 possedi
2011 798 2182 851 homi-

601 908 715 944 nem
744 890 1052 953 Dominum,
1088 890 1247 961 quasi
1290 891 1524 957 diceres,
1580 890 1860 945 hominem
1899 889 2092 955 Deum,
2123 900 2182 944 ut

599 992 653 1036 et
687 983 928 1036 Thomas
966 981 1105 1037 dixit
1141 983 1212 1047 ei,
1253 982 1471 1036 Domine
1502 984 1594 1047 mi,
1624 993 1673 1037 et
1702 982 1841 1036 Deus
1871 984 1943 1036 mi
1976 983 2024 1037 δ.

2289 610 2624 664 ὲκδεδώκασι
2650 609 2750 682 τὴν
2777 610 3039 683 τοιαύτην
3080 612 3287 681 φωνήν.
3338 611 3485 665 Ἀντὶ
3515 612 3631 683 γὰρ
3662 612 3755 665 τοῦ
3788 617 3857 668 εί-

2291 706 2435 756 πεῖψ
2468 703 2860 772 Ἐκτησάμην
2878 704 3198 772 ἄνθρωπον
3238 704 3336 757 διὰ
3366 703 3477 757 τοῦ
3513 704 3693 769 Θεοῦ,
3723 707 3750 758 ὁ
3776 707 3858 777 μὲν

2289 795 2464 849 εἶπεν·
2494 796 2886 866 Ἐκτησάμην
2942 797 3260 866 ἄνθρωπον
3308 797 3434 851 σὺν
3485 798 3705 866 Κυρίῳ,
3729 800 3858 852 τοῦτ’

2290 892 2437 946 ἔστιν
2505 890 2793 961 ἄνθρωπον
2851 892 3132 963 ἡνωμένον
3181 891 3260 963 τῷ
3325 893 3539 964 Κυρίῳ,
3588 893 3724 948 Θεὸν
3750 893 3861 948 ὂντα

2288 981 2428 1053 ὁμοῦ
2470 999 2531 1034 τε
2582 982 2748 1037 αὐτὸν
2799 984 2896 1037 καὶ
2946 983 3254 1055 ἄνθρωπον.
3302 985 3361 1037 ’0
3390 984 3447 1037 δὲ
3486 986 3683 1056 ἔτερος
3717 986 3861 1039 πάλιν

599 1072 709 1127 τῶν
761 1074 1135 1145 ἑρμηνευτῶν,
1180 1074 1559 1144 Ἑκτησάμην
1617 1074 1932 1143 ἄνθρωπον
1990 1074 2227 1142 Κύριον,
2268 1073 2531 1144 ἔγραψεν,
2565 1074 2654 1128 ἵνα
2710 1074 2877 1146 εἴπῃς
2930 1075 3223 1148 ἄνθρωπον
3267 1075 3401 1129 Θεὸν
3453 1075 3603 1131 καθὰ
3640 1076 3863 1130 καὶΘω-

603 1168 709 1238 μᾶς
739 1162 861 1220 εἷπε
912 1166 1055 1238 πρὸς
1108 1168 1294 1235 αὐτὸν,
1343 1168 1406 1223 '0
1444 1169 1659 1238 Κύριός
1683 1186 1820 1239 μου,
1849 1167 1949 1221 καὶ
1980 1171 2012 1222 ὀ
2044 1170 2188 1233 Θεός
2220 1185 2361 1237 μου.

672 1280 967 1336 Benedicta
1027 1289 1089 1336 tu
1144 1280 1199 1335 in
1238 1291 1517 1352 posterum
1560 1282 1699 1336 inter
1738 1281 2021 1346 mulieres,
2071 1280 2187 1335 sola

605 1374 737 1439 vita,
762 1382 818 1429 et
847 1374 1088 1445 genitrix
1111 1373 1258 1441 vitae,
1286 1384 1461 1428 mater
1489 1373 1751 1436 ﬁdelium,
1772 1372 2004 1427 illustris
2033 1370 2189 1426 Chri-

604 1463 678 1520 Sti
713 1472 884 1518 mater
908 1462 1182 1530 Ecclesia,
1231 1464 1435 1534 conjux
1465 1463 1767 1533 spiritualis
1814 1461 1946 1518 Adae
1979 1460 2102 1527 Dei,
2137 1471 2191 1516 et

605 1554 931 1611 benedictus
958 1554 1174 1610 l'ructus
1208 1555 1417 1610 ventris
1444 1556 1544 1619 tui,
1579 1552 1873 1609 multitudo
1905 1552 2187 1607 nationum

607 1647 932 1713 viventium,
977 1658 1033 1702 tu
1068 1648 1218 1702 enim
1253 1648 1375 1704 sola
1414 1645 1714 1717 possedisti
1772 1645 2049 1700 hominem
2097 1659 2190 1713 per

609 1737 808 1803 Deum,
839 1754 1035 1808 nempe
1063 1739 1306 1795 Verbum
1354 1738 1475 1794 siue
1521 1737 1752 1801 semine,
1788 1752 1885 1807 per
1917 1751 1976 1792 se
2012 1735 2192 1791 subsi-

2360 1277 2718 1349 Εὐλογημένη
2741 1277 2932 1332 λοιπὸν
2962 1280 3028 1332 σὺ
3058 1280 3116 1332 ἐν
3141 1279 3418 1347 γυναιξὶν,
3448 1278 3589 1349 μόνη
3625 1276 3761 1349 ζωὴ,
3782 1280 3864 1331 καὶ

2288 1370 2568 1442 ζωητόκος
2607 1372 2792 1443 μήτηρ
2820 1372 2930 1425 τῶν
2969 1372 3201 1437 πιστῶν,
3228 1372 3508 1441 πολύφατε
3541 1372 3724 1443 μῆτερ
3749 1374 3865 1443 Χρι-

2291 1464 2417 1518 στοῦ
2453 1464 2774 1535 Ἐκκλησία,
2804 1465 2838 1535 ή
2873 1460 3111 1532 σύζυγος
3137 1462 3231 1518 τοῦ
3276 1463 3663 1534 πνευματικοῦ
3711 1464 3865 1534 nam

2287 1555 2381 1609 τοῦ
2400 1554 2538 1610 Θεοῦ
2562 1571 2575 1584 ’
2603 1555 2699 1609 καὶ
2725 1554 3095 1625 εὐλογημένος
3124 1556 3155 1608 ό
3174 1553 3389 1626 καρπὸς
3405 1554 3504 1623 τῆς
3531 1551 3747 1616 κοιλίας
3762 1570 3863 1620 σου,

2220 1684 2262 1738 Β
2290 1651 2317 1701 ὁ
2344 1647 2475 1712 λαὸς
2507 1647 2618 1701 τῶν
2656 1647 2876 1713 ζώντων
2929 1648 3101 1701 ἐθνῶν
3132 1664 3146 1677 ·
3177 1648 3244 1701 σὺ
3291 1646 3401 1716 γὰρ
3456 1646 3556 1699 καὶ
3613 1645 3753 1717 μόνη
3784 1648 3865 1698 ἐκ·

2292 1743 2446 1812 τήσω
2475 1740 2762 1811 ἄνθρωπον
2790 1741 3032 1812 ἄσπορον
3060 1741 3151 1795 διὰ
3190 1739 3287 1793 τοῦ
3331 1740 3493 1807 Θεοῦ,
3514 1740 3718 1808 Λόγον,
3752 1741 3866 1792 ὐπο-

610 1840 782 1897 stens,
805 1832 1026 1901 quando
1051 1832 1310 1900 cognovit
1336 1831 1617 1886 mulierem
1642 1842 1824 1893 suam,
1852 1844 2015 1900 quam
2041 1827 2193 1898 prius

2302 1832 2495 1886 στάντα
2552 1830 2621 1884 δι’
2647 1830 2848 1886 ἑαυτοῦ
2874 1871 2890 1896 ,
2929 1830 3097 1903 ἡνίκα
3145 1830 3353 1899 ἐγνωσε
3386 1831 3487 1900 τὴν
3510 1832 3758 1898 γυναῖκα
3783 1831 3866 1882 αὐ-

616 1926 864 1979 condidit
902 1925 1015 1995 (52)
1058 1925 1214 1994 quasi
1264 1925 1503 1995 ignotam
1548 1922 1655 1978 sibi
1711 1930 1766 1976 et
1803 1936 1923 1977 sese
1978 1922 2032 1975 in
2066 1936 2191 1976 eum

2302 1922 2387 1979 τοῦ
2414 1923 2482 1995 ἣν
2512 1923 2575 1977 τὸ
2600 1924 2731 1990 πρὶν
2760 1923 2975 1978 ἔκτισεν
3003 1924 3080 1987 ὡς
3120 1922 3425 1992 ἁγνοοῦσαν
3458 1924 3556 1977 καὶ
3578 1921 3737 1976 οὔπω
3762 1924 3867 1975 ἑπι-

612 2017 838 2073 minime
892 2026 1327 2073 convertentem.
1361 2016 1442 2071 Tu
1479 2027 1633 2072 costa
1662 2025 1716 2069 et
1750 2030 1875 2085 pars
1915 2014 2046 2069 Adae
2074 2014 2190 2076 Dei,

610 2125 736 2164 cum
768 2109 1025 2181 quaelibet
1057 2109 1164 2164 alia
1189 2108 1323 2165 ﬁdes
1353 2110 1422 2163 ab
1455 2123 1523 2164 eo
1551 2117 1812 2163 extranea
1855 2107 1926 2163 sit
1957 2116 2011 2161 et
2038 2122 2192 2177 pere-

614 2203 797 2275 grina.
830 2203 908 2259 Te
954 2204 1247 2259 aediﬁcavit
1284 2204 1387 2258 sibi
1432 2203 1487 2258 in
1530 2203 1755 2258 domum
1791 2212 1847 2258 et
1883 2203 2191 2269 mulierem,

610 2296 845 2366 reliquis
896 2296 1158 2353 omnibus
1194 2296 1522 2351 mulieribus
1560 2296 1658 2350 tibi
1698 2296 2063 2351 dissimilibus
2100 2310 2189 2350 ec-

611 2387 815 2455 clesiis,
849 2403 973 2458 qua:
1021 2389 1077 2444 in
1116 2388 1253 2444 orbe
1300 2397 1449 2455 sunt,
1485 2387 1718 2451 relictis,
1759 2388 1815 2441 in
1867 2402 2053 2442 errore
2079 2403 2195 2441 mae

610 2480 890 2536 nentibus.
923 2480 1005 2537 Tu
1036 2481 1151 2539 sola
1198 2496 1260 2536 os
1302 2496 1368 2537 ex
1404 2482 1625 2537 ossibus
1670 2481 1859 2537 solidae
1889 2482 2195 2537 divinitatis

610 2574 756 2644 ejus,
794 2582 850 2629 et
882 2588 1012 2630 caro
1037 2590 1104 2630 ex
1139 2590 1304 2630 carue
1336 2574 1696 2637 humanitatis
1724 2574 1844 2644 ejus
1876 2574 1929 2628 in
1960 2590 2068 2645 qua
2099 2574 2197 2628 ab-

613 2668 830 2722 scondit
872 2668 1212 2724 divinitatem
1239 2682 1397 2722 suam
1430 2666 1909 2731 incomminutam,
1932 2680 1995 2719 os
2045 2666 2189 2719 enim

613 2779 722 2820 non
758 2765 1166 2820 comminuetur
1192 2778 1258 2818 ex
1289 2778 1377 2817 eo.
1427 2762 1511 2816 Tu
1547 2761 1663 2816 sola
1694 2775 1725 2814 a
1760 2759 1878 2814 viro
1912 2770 2005 2813 tuo
2042 2773 2198 2813 acce-

613 2862 705 2923 pta
723 2853 790 2909 ab
813 2869 878 2909 eo
896 2851 1199 2923 concepisti
1221 2860 1275 2905 et
1306 2850 1591 2921 peperisti,
1609 2849 1870 2916 nullaque
1890 2849 2015 2909 alia,
2037 2847 2196 2917 quasi

613 2946 799 2999 omnia
831 2946 937 2999 alia
960 2944 1217 3015 quaalibet
1247 2944 1384 2998 ﬁdes
1415 2957 1480 2997 ex
1513 2942 1633 2996 viro
1662 2956 1764 2997 suo
1795 2949 2045 3010 serpente
2068 2955 2198 2994 con-

2294 2017 2637 2087 στρέφουσαν
2670 2016 2809 2088 πρὸς
2839 2016 3024 2071 αὐτόν.
3054 2018 3129 2071 Σὺ
3180 2016 3417 2090 πλευρὰ,
3447 2017 3544 2071 καὶ
3590 2016 3761 2088 μέρος
3785 2015 3868 2068 τοῦ

2306 2108 2476 2179 Ἀδὰμ
2501 2108 2660 2174 Θεοῦ,
2688 2107 2798 2162 τῶν
2818 2108 3026 2162 λοιπῶν
3058 2109 3252 2163 πασῶν
3281 2109 3541 2174 πίστεων,
3576 2106 3751 2172 ξένων
3785 2107 3867 2160 αὐ-

2291 2200 2387 2255 τοῦ
2421 2202 2518 2256 καὶ
2548 2200 2865 2271 ἀλλοφύλων
2911 2200 3091 2256 οὐσῶν
3143 2201 3203 2255 σὲ
3231 2200 3592 2273 ᾠκοδόμησεν
3655 2202 3735 2262 εἰς
3762 2199 3868 2253 ἑαυ-

2292 2295 2388 2347 τοῦ
2441 2290 2591 2348 οἷκον
2650 2295 2748 2348 καὶ
2803 2296 3037 2362 γυναῖκα
3089 2292 3199 2347 τῶν
3223 2293 3431 2346 λοιπῶν
3468 2292 3751 2362 γυναικῶν
3774 2292 3868 2346 τῶν

2294 2386 2638 2458 Ἐκκλησιῶν
2665 2386 2773 2439 τῶν
2800 2386 2859 2439 ὲν
2899 2386 3092 2455 κόσμῳ
3132 2383 3242 2439 τῶν
3278 2384 3354 2456 μὴ
3400 2383 3669 2438 τοιούτων
3714 2400 3870 2437 κατα-

2294 2478 2665 2549 λελειμμένων
2722 2478 2996 2549 μεινασῶν
3051 2480 3119 2549 τῇ
3173 2476 3375 2548 πλάνῃ.
3455 2476 3529 2531 Σὺ
3590 2476 3694 2530 καὶ
3746 2474 3868 2543 μόνη

2296 2570 2488 2625 ὀστοῦν
2520 2572 2587 2624 ὲκ
2613 2570 2722 2623 τῶν
2748 2569 2953 2623 ὀστέων
2979 2569 3081 2640 τῆς
3113 2569 3351 2640 στερρᾶς
3382 2566 3650 2640 θεότητος
3697 2568 3868 2631 αὐτοῦ,

2301 2662 2395 2714 καὶ
2424 2659 2561 2731 σὰρξ
2591 2661 2654 2713 ὲκ
2675 2660 2773 2730 τῆς
2809 2658 3013 2730 σαρκὸς
3038 2658 3139 2729 τῆς
3172 2658 3602 2729 ἀνθρωπότητος
3629 2656 3794 2714 αὐτοῦ
3821 2660 3872 2710 ἐν

2296 2746 2331 2825 ᾖ
2363 2750 2565 2822 ἔκρυψε
2591 2750 2690 2821 τὴν
2729 2749 2963 2820 θεότητα
2980 2748 3148 2803 αὐτοῦ
3176 2749 3578 2820 ἀσύντριπτον·
3603 2749 3667 2804 τὸ
3695 2751 3870 2804 ὀστοῦν

2297 2846 2407 2917 γὰρ
2437 2845 2602 2898 αὐτοῦ
2632 2844 2692 2898 οὐ
2732 2844 3183 2917 συντριϐήσεται.
3216 2845 3289 2898 Σὺ
3327 2846 3425 2899 καὶ
3474 2845 3615 2917 μόνη
3681 2846 3747 2898 ὲκ
3786 2843 3875 2897 τοῦ

2299 2936 2495 3007 ἀνδρός
2530 2953 2627 2988 σου
2662 2935 2929 3006 ἐλήφθης,
2966 2935 3062 2989 καὶ
3114 2935 3408 3001 συνέλαὸες
3439 2937 3536 2991 καὶ
3588 2936 3779 3000 ἔτεκες
3821 2934 3872 3000 ἐξ

614 3029 784 3107 cipiat
829 3046 992 3107 atque
1041 3034 1238 3105 pariat.
1284 3032 1385 3087 Tui
1425 3046 1616 3087 amore
1665 3040 1953 3102 correptus
1989 3039 2200 3086 amator

2302 3028 2488 3092 αὐτοῦ,
2514 3026 2610 3081 καὶ
2640 3026 2774 3097 ἄλλη
2807 3025 3055 3096 οὐδεμία,
3073 3027 3149 3091 ὡς
3176 3027 3286 3081 τῶν
3316 3029 3554 3083 πίστεων
3575 3029 3645 3082 ἐκ
3668 3026 3761 3080 τοῦ
3787 3027 3872 3078 ἀν-

618 3138 744 3183 tuns
767 3129 1031 3183 bellacem
1072 3126 1385 3181 Judreorum
1430 3125 1715 3195 populum,
1760 3132 1816 3179 et
1851 3138 2043 3179 eorum
2077 3139 2196 3177 ma-

614 3227 753 3275 trem
812 3219 1119 3275 adulteram
1153 3232 1471 3289 synagogen
1519 3216 1740 3285 reliquit
1772 3215 1980 3285 tibique
2017 3215 2199 3270 adhae-

618 3313 711 3378 sit,
748 3322 803 3367 et
833 3312 1210 3383 agglutinatus
1238 3318 1322 3365 est
1356 3308 1575 3363 mulieri
1612 3323 1727 3362 suae
1758 3308 1987 3361 omnino
2012 3305 2196 3361 incor-

617 3415 816 3475 ruptae,
864 3404 1109 3475 factique
1138 3404 1275 3460 estis
1338 3403 1394 3457 in
1442 3416 1609 3457 unam
1644 3416 1890 3466 carnem,
1941 3400 1995 3455 in
2030 3415 2199 3454 unum

619 3512 846 3567 corpus.
900 3497 955 3553 in
987 3512 1158 3551 unum
1198 3504 1452 3553 sanctum
1490 3509 1716 3566 corpus,
1759 3494 1814 3548 in
1842 3510 2011 3548 unum
2044 3493 2204 3548 Chri-

621 3598 792 3654 stum,
833 3587 889 3643 in
927 3603 1091 3643 unam
1122 3587 1309 3654 ﬁdem,
1345 3588 1400 3641 in
1440 3602 1614 3641 unum
1661 3601 1904 3657 gregem,
1939 3587 1996 3639 in
2032 3599 2201 3639 unum

622 3686 921 3747 pastorem,
977 3677 1203 3747 reliquis
1252 3676 1515 3731 omnibus
1566 3675 1824 3747 gregibus
1878 3682 1932 3729 et
1988 3672 2205 3743 populis

623 3771 830 3827 multos
856 3782 1108 3842 pastores
1137 3780 1191 3826 et
1212 3770 1548 3839 impostores
1584 3767 1934 3823 habentibus.
1963 3764 2040 3821 Te
2060 3765 2208 3821 Deus

625 3874 811 3935 utpote
828 3873 1110 3919 venustam
1134 3863 1199 3919 ad
1218 3861 1418 3917 Filium
1451 3876 1612 3917 suum
1635 3860 1922 3914 mulierem
1952 3857 2205 3921 adduxit,

623 3972 747 4013 cum
784 3957 1007 4028 reliquae
1037 3972 1231 4013 omnes
1273 3957 1555 4021 mulieres,
1595 3956 1756 4027 quasi
1791 3954 2110 4010 meretrices
2153 3960 2208 4007 et

624 4048 902 4113 adultera),
955 4046 1103 4102 foras
1130 4056 1397 4118 vagentur
1434 4055 1490 4102 et
1529 4046 1912 4117 inquinentur.
1945 4043 2066 4097 Tibi
2104 4044 2209 4098 soli

623 4139 1020 4210 evangelizavit
1056 4140 1267 4206 dicens,
1313 4150 1364 4196 te
1403 4140 1471 4195 ad
1507 4140 1686 4194 virum
1732 4149 1887 4194 tuum
1924 4137 2207 4193 Christum

625 4245 951 4285 conversum
998 4229 1096 4298 iri;
1146 4232 1304 4301 quasi
1356 4232 1587 4303 reliquae
1626 4245 1918 4300 synagogae
1950 4243 2075 4282 eum
2107 4227 2210 4282 mi-

624 4322 772 4376 nime
820 4322 1120 4391 respiciant
1163 4330 1218 4376 et
1260 4321 1327 4376 ad
1359 4338 1484 4377 eum
1534 4322 1762 4376 minime
1798 4326 2206 4375 convertantur.

626 4414 803 4479 Quare
822 4413 1100 4467 benedicta
1118 4412 1316 4467 iterum
1343 4414 1485 4468 inter
1510 4412 1768 4467 mulieres
1792 4420 1844 4466 tu
1863 4412 2002 4478 sola,
2018 4429 2050 4463 υ
2069 4409 2207 4464 mul-
2239 4380 2286 4440 Ῑ)

627 4506 697 4560 tis
749 4505 968 4560 coronis
1004 4505 1280 4572 redimita,
1312 4507 1518 4561 multos
1572 4505 1713 4561 ﬁlios
1760 4506 1920 4559 enixa
1949 4513 2002 4558 et
2034 4502 2205 4557 multa

627 4597 749 4653 luce
781 4596 995 4667 lulgeus
1022 4596 1266 4654 Ecclesia
1292 4598 1386 4652 Dei
1413 4598 1642 4663 Christi,
1673 4606 1732 4652 tu
1764 4598 1880 4653 sola
1916 4597 2057 4651 inter
2078 4612 2203 4648 mu«

629 4688 789 4744 lieres
814 4688 1123 4755 benedicta,
1159 4690 1308 4745 nulla
1342 4690 1468 4757 alia,
1505 4700 1562 4744 tu
1592 4689 1737 4745 enim
1768 4689 1883 4745 sola
1915 4703 1944 4742 a
1975 4688 2204 4741 Domino

628 4792 724 4837 tuo
776 4780 1101 4847 dominaris,
1134 4783 1359 4853 reliquis
1391 4783 1615 4837 omnino
1647 4781 1862 4853 populis
1894 4782 1996 4836 sub
2031 4780 2204 4848 impe-

631 4873 718 4929 rio
761 4872 1019 4928 draconis
1061 4876 1435 4931 manentibus.
1468 4873 1549 4929 Tu
1590 4873 1765 4929 hostis
1800 4880 1853 4927 et
1900 4886 2211 4942 prOpugna-

632 4966 736 5019 trix
768 4966 883 5034 (55)
916 4967 1142 5033 invicta,
1177 4977 1232 5023 ct
1260 4967 1593 5024 interfeCtrix
1627 4965 1917 5036 serpentis,
1954 4980 2080 5019 cum
2120 4981 2210 5018 re-

634 5056 782 5127 liqua
827 5060 1035 5126 qumvis
1064 5059 1170 5113 alia
1207 5060 1339 5115 ﬁdes
1390 5062 1440 5114 ei
1484 5059 1658 5115 amica
1696 5059 1766 5113 sit
1797 5058 2013 5127 propria
2044 5065 2096 5111 et
2125 5058 2210 5110 ali-

635 5150 796 5204 lecta.
826 5149 902 5205 Te
935 5151 1110 5206 solam
1153 5153 1319 5206 vitam
1368 5152 1585 5208 vocavit
1614 5152 1780 5206 vitam
1810 5150 2068 5205 ferentem
2104 5165 2215 5203 ma-

636 5253 775 5299 trem
815 5254 1064 5299 uostrum
1124 5247 1370 5302 omnium
1423 5263 1518 5316 per
1570 5259 1621 5301 tc
1666 5246 2005 5309 viventium,
2057 5244 2213 5314 quasi

713 5378 742 5418 δ
775 5376 935 5434 Joan.
966 5394 1059 5446 xx,
1086 5378 1176 5433 28.

2299 3118 2424 3189 δρὸς
2458 3117 2639 3171 αὐτῶν
2666 3117 2843 3186 ὄφεως
2873 3117 3370 3189 συλλαμϐανουσῶν
3409 3118 3507 3172 καὶ
3550 3116 3867 3172 τικτουσῶν.

2301 3212 2405 3266 Σοῦ
2443 3211 2697 3282 ἐρασθεὶς
2728 3211 2756 3263 ὁ
2787 3209 2877 3273 σὸς
2932 3209 3171 3280 ἐραστὴς
3213 3209 3425 3281 Ἰησοῦς
3484 3210 3752 3264 κατέλιπε
3788 3207 3871 3260 τὸν

2304 3304 2567 3373 πολέμιον
2590 3302 2718 3356 λαὸν
2766 3302 3062 3368 Ἰουδαίων,
3098 3303 3192 3355 καὶ
3220 3303 3321 3373 τὴν
3355 3301 3649 3373 μοιχαλίδα
3675 3300 3872 3372 μητέρα

2304 3392 2473 3447 αὐτοῦ
2508 3391 2842 3462 Συναγωγὴν
2864 3433 2880 3459 ,
2909 3391 3003 3444 καὶ
3060 3390 3196 3461 πρὸς
3222 3390 3283 3444 σὲ
3329 3389 3625 3461 ἐκολλήθη,
3657 3388 3789 3459 πρὸς
3818 3387 3870 3439 σὲ

2303 3484 2403 3553 τὴν
2434 3484 2781 3553 πανάφθορον
2808 3485 3047 3551 γυναῖκα
3080 3481 3271 3546 αὐτοῦ,
3297 3481 3392 3534 καὶ
3422 3480 3690 3550 γεγόνατε
3722 3479 3769 3531 οί
3790 3476 3871 3530 δύο

2306 3579 2385 3639 είς
2417 3579 2596 3646 σάρκα
2625 3574 2779 3645 μίαν,
2815 3576 2896 3638 είς
2934 3573 3112 3644 ψυχὴν
3140 3571 3291 3644 μίαν,
3326 3574 3408 3635 εἰς
3468 3569 3702 3641 καρδίαν
3734 3569 3869 3639 μίαν,

2307 3669 2384 3733 είς
2414 3670 2472 3723 ἓν
2508 3670 2666 3739 σῶμα
2697 3712 2711 3736 ,
2740 3669 2821 3731 εἰς
2880 3666 2937 3719 ἓν
2966 3667 3124 3736 ἆγιον
3176 3665 3355 3736 σῶμα,
3388 3666 3467 3728 εἰς
3499 3663 3595 3717 ἕνα
3630 3660 3870 3734 Χριστὸν.

2307 3761 2388 3825 είς
2422 3762 2553 3830 μίαν
2583 3760 2888 3824 πίστιν,είς
2933 3760 3061 3829 μίαν
3097 3757 3355 3828 ποίμνην,
3381 3757 3462 3818 εἰς
3495 3756 3593 3809 ἕνα
3613 3752 3865 3825 ποιμένα·

2307 3856 2416 3909 τῶν
2446 3854 2651 3908 λοιπῶν
2679 3852 2868 3905 πασῶν
2918 3850 3132 3919 ἀγελῶν
3163 3850 3256 3904 καὶ
3303 3848 3449 3902 λαῶν
3496 3848 3728 3911 πολλοὺς
3764 3862 3868 3899 ποι-

2312 3949 2480 4020 μένας
2509 3946 2606 4000 καὶ
2658 3946 2897 4007 πλάνους
2952 3943 3185 4013 ἐχόντων
3216 3984 3232 4009 ,
3284 3943 3492 4013 ἢγαγεν
3537 3941 3568 3994 ό
3620 3940 3755 4003 Θεὸς
3804 3938 3870 4001 ὡς

2310 4034 2520 4106 ὡραίαν
2550 4032 2685 4102 πρὸς
2717 4033 2807 4085 τὸν
2852 4030 2973 4084 Γῑὸν
3028 4029 3194 4083 αὐτοῦ
3227 4031 3307 4092 εἰς
3337 4032 3573 4094 γυναῖκα
3595 4067 3610 4092 ,
3643 4029 3750 4082 τῶν
3777 4028 3871 4080 λοι-

2310 4129 2429 4182 πῶν
2466 4126 2654 4180 πασῶν
2684 4124 2962 4194 γυναικῶν
2992 4124 3067 4187 ὡς
3096 4123 3379 4194 πορνάδων
3415 4122 3511 4175 καὶ
3566 4120 3870 4193 μοιχαλίδων

2311 4220 2418 4286 ἔξω
2460 4218 2812 4291 ρεμὸομένων
2836 4219 2936 4272 καὶ
2956 4216 3357 4288 μολυνομένων.
3386 4215 3476 4267 Σοὶ
3508 4217 3603 4268 καὶ
3636 4216 3768 4285 μόνῃ
3790 4213 3869 4267 εὐ-

2311 4312 2663 4384 ηγγελίσατο,
2698 4311 2874 4379 λέγων
2898 4310 2979 4362 ὅτι
3014 4308 3149 4381 πρὸς
3180 4310 3272 4360 τὸν
3313 4308 3485 4379 ἄνδρα
3523 4324 3617 4360 σου
3656 4305 3869 4377 Χριστὸν

2318 4404 2533 4475 ἐσταιή
2568 4402 2891 4474 ἀποστροφή
2930 4418 3045 4468 σου,
3076 4400 3150 4463 ὡς
3177 4402 3283 4452 τῶν
3313 4398 3518 4452 λοιπῶν
3550 4398 3867 4467 συναγωγῶν

2322 4498 2399 4569 μὴ
2426 4496 2873 4568 ὲπιστρεφουσῶν
2898 4512 3029 4547 ποτε
3055 4493 3191 4563 πρὸς
3219 4492 3372 4558 Θεὸν,
3401 4493 3482 4546 διὸ
3526 4492 3867 4564 εὐλογημένη,

2320 4592 2485 4647 πάλιν
2520 4590 2687 4659 λέγω,
2715 4589 2779 4642 σὺ
2801 4590 2861 4641 ὲν
2886 4587 3125 4656 γυναιξὶ,
3160 4587 3224 4640 σὺ
3254 4586 3414 4655 μόνη,
3440 4578 3485 4638 ὦ
3518 4585 3868 4652 πολυστέφανε

2319 4687 2417 4740 καὶ
2448 4683 2743 4737 πολύτεκνε
2796 4680 2892 4734 καὶ
2926 4678 3213 4749 πολύφωτε
3254 4677 3388 4731 Θεοῦ
3427 4676 3720 4748 Ἐκκλησία
3748 4676 3865 4743 Χριο

2320 4775 2477 4840 στοῦ,
2516 4776 2579 4828 σὺ
2613 4774 2750 4845 μόνη
2780 4770 3125 4841 εὐλογημένη
3150 4770 3207 4823 ἐν
3233 4768 3451 4837 γυναιξί
3472 4784 3488 4799 ο
3522 4770 3556 4838 ἠ
3580 4767 3715 4837 ἄλλη
3740 4765 3867 4819 οὐδε-

2323 4869 2422 4941 μία
2447 4884 2462 4900 '
2498 4868 2578 4921 ὃτι
2608 4868 2670 4920 σὺ
2714 4866 2850 4938 μόνη
2881 4864 2985 4917 ὐπὸ
3016 4863 3222 4934 Κυρίου
3248 4861 3355 4915 τῶν
3383 4861 3609 4931 Κυρίων
3637 4855 3864 4931 ὲκυριεύ-

2318 4960 2456 5030 θης,
2492 4959 2715 5013 πάντων
2764 4957 2873 5011 τῶν
2919 4956 3095 5011 ἄλλων
3148 4954 3293 5008 λαῶν
3342 4953 3448 5006 ὑπὸ
3474 4951 3571 5005 τοῦ
3600 4950 3866 5021 δράκοντος

2320 5050 2748 5125 κυριευομένων.
2789 5050 2861 5103 Σὺ
2892 5045 2941 5101 εἷ
2969 5046 3140 5119 ἐχθρὰ
3158 5046 3251 5098 καὶ
3290 5044 3436 5115 μάχη
3470 5044 3573 5112 τῆς
3602 5038 3865 5107 ἀκαταγὼ-

2320 5159 2501 5206 νιστος
2527 5142 2626 5196 καὶ
2662 5140 2957 5212 ἀναιρὲτης
2982 5137 3076 5192 τοῦ
3104 5136 3303 5208 ὄφεως,
3341 5133 3532 5188 πασῶν
3569 5132 3680 5186 τῶν
3714 5130 3865 5185 ἄλλων

2323 5239 2563 5289 πίστεων
2592 5235 2761 5305 φίλων
2786 5236 2880 5288 καὶ
2904 5232 3052 5287 ῑδίων
3081 5230 3175 5287 καὶ
3200 5227 3501 5300 ἀγαπητῶν
3526 5224 3675 5299 αὐτῷ
3692 5222 3861 5283 οὐσῶν,

2152 5516 2380 5572 NOTAE.

708 5724 825 5796 (32)
861 5725 1035 5791 Quam
1050 5725 1195 5796 prius
1226 5726 1482 5782 condidit.
1515 5724 1590 5782 lta
1624 5728 1768 5783 hunc
1799 5727 1977 5784 locum
2004 5727 2213 5782 correxi

643 5795 846 5869 quisic
884 5798 937 5851 in
970 5812 1073 5869 ms.
1100 5795 1166 5869 ἢν
1193 5798 1255 5851 τὸ
1288 5799 1419 5869 πρὶν
1460 5801 1492 5869 ἡ
1519 5800 1696 5863 κτίσις
1732 5798 1807 5862 ὡς
1875 5798 2175 5866 ἁγνοοῦσαν
2199 5816 2211 5829 ·

647 5868 789 5923 unde
815 5878 963 5925 certe
994 5868 1069 5923 nil
1095 5868 1219 5925 elici
1249 5868 1489 5941 unquam
1510 5879 1687 5941 potest
1714 5890 1726 5925 :
1761 5872 1879 5941 lego
1912 5872 1979 5941 ἣν
2005 5871 2065 5923 τὸ
2086 5871 2215 5939 πρὶν

2323 5734 3038 5866 εκξδῖῗνέῗῐιξέορυρηηινὶω.
3062 5790 3225 5849 Fmde
3252 5789 3355 5847 Ms.
3395 5788 3544 5861 μάχη
3570 5784 3668 5855 τῆς
3688 5799 3701 5812 ο
3726 5778 3858 5836 unica

2322 5882 2458 5923 voce
2485 5867 2776 5937 legendum
2808 5866 3080 5935 μαχητής.
