4080 6530
239 416 385 483 1073

1318 400 1399 461 ΙΝ
1435 393 1962 461 llEXAEMERON
2004 396 2151 457 LIB.
2194 396 2336 460 XII.

3375 392 3515 457 1074

240 532 309 587 σὲ
331 528 427 584 καὶ
461 523 631 597 μόνην
655 519 803 591 ζωὴν
834 517 1144 589 ζωηφόρον,
1169 515 1389 588 μητέρα
1413 517 1634 569 πάντων
1662 512 1819 585 ἡμῶν

1938 509 2138 580 reliqua
2162 508 2373 580 quaevis
2403 507 2511 564 alia
2547 508 2684 565 ﬁdes
2717 509 2772 563 in
2823 515 3046 578 peccato
3081 515 3298 563 mortua
3336 518 3394 565 et
3422 525 3511 565 se-

236 619 355 672 τῶν
383 617 473 669 διὰ
505 611 601 666 σοῦ
624 609 850 675 ζώντων
875 608 1187 678 ὠνόμασεν,
1226 607 1301 670 ὡς
1335 607 1445 660 τῶν
1484 604 1689 658 λοιπῶν
1737 603 1828 658 πί-

240 724 421 763 στεων
446 702 679 779 νεκρῶν,
723 698 1191 769 τεθανατωμένων
1233 699 1300 768 τῇ
1342 696 1607 768 ἁμαρτίᾳ.
1641 694 1828 759 Ούτως

239 803 343 858 καὶ
377 800 437 853 σὲ
470 798 640 868 μόνην
667 793 884 848 ἐνέδυσε
916 793 1011 846 καὶ
1039 790 1338 861 ὲκοίμησεν
1355 789 1429 853 ὡς
1454 788 1663 843 οίκείαν
1694 787 1829 859 νύμο

241 908 392 963 φην*
419 890 520 952 τὰς
561 888 620 941 δὲ
654 884 852 949 λοιπάς
912 881 1183 954 ρεμσάζει
1237 881 1561 950 συναγωγὰς
1612 878 1829 950 γυμνὰς

241 986 346 1039 καὶ
370 979 860 1055 ἀπερικαλύπτους
900 974 999 1030 καὶ
1039 975 1362 1046 ἀσχήμονας
1417 973 1519 1043 τῆς
1569 972 1827 1044 οὐρανίου

242 1079 461 1146 σκέπης
494 1073 782 1136 κατέλιπε,
822 1071 896 1141 μὴ
953 1067 1381 1140 προσφυγούσας
1416 1067 1521 1121 ὑπὸ
1557 1068 1658 1135 τὴν
1696 1063 1827 1118 σκέ-

138 1208 153 1217 .
242 1188 359 1241 πην
390 1168 501 1222 τῶν
527 1164 822 1236 πτερύγων
852 1180 971 1229 σου,
1001 1162 1095 1214 καὶ
1121 1161 1311 1231 μόνης,
1337 1153 1382 1213 ὦ
1405 1157 1747 1229 πανάφϐορε,
1766 1157 1829 1211 τὸ

240 1261 549 1332 θεόσπορον
578 1255 674 1311 τοῦ
702 1255 864 1323 λόγου
892 1254 1136 1323 σπέρμα,
1164 1251 1437 1305 ἀντίδικον
1475 1250 1571 1303 καὶ
1603 1250 1827 1318 ἀναιρε-

237 1354 403 1409 τικὸν
461 1351 555 1405 τοῦ
611 1348 1053 1418 όφιγεννήματος
1104 1344 1199 1397 τοῦ
1228 1344 1520 1413 δράκοντος
1548 1341 1785 1412 ὑπάρχει
1811 1356 1826 1371 ο

237 1448 345 1500 καὶ
373 1446 432 1510 ἐξ
454 1438 515 1499 οῦ
561 1438 924 1496 συλλαϐοῦσαι
979 1438 1035 1491 αἱ
1060 1436 1245 1489 λοιπαὶ
1287 1436 1526 1498 πίστεις,
1556 1434 1833 1487 τίκτουσιν

236 1539 403 1609 ὄφεις
443 1538 538 1591 καὶ
566 1534 805 1597 ἀσπίδας
833 1534 929 1587 καὶ
957 1531 1275 1602 σκορπίους,
1301 1530 1467 1593 λαοὺς
1498 1529 1730 1600 πικροὺς
1754 1528 1830 1590 ὡς

238 1630 568 1699 γεννήματα
600 1626 755 1688 ὄντες
820 1621 1061 1692 ἐχιδνῶν.
1096 1621 1167 1674 Σὺ
1204 1620 1299 1673 καὶ
1330 1620 1468 1691 μόνη
1494 1622 1702 1689 τηρεῖς,
1738 1616 1832 1669 καὶ

238 1719 573 1787 ἀποτηρεῖς,
604 1716 699 1769 καὶ
726 1713 1054 1774 συνθάπτεις
1077 1710 1173 1763 καὶ
1234 1710 1486 1772 Θανατοῖς
1511 1709 1612 1781 τὴν
1660 1724 1830 1776 κεφα-

1928 602 2100 673 pulta.
2131 601 2223 658 Sic
2252 602 2417 658 etiam
2461 611 2513 658 te
2542 603 2717 659 solam
2761 602 2982 658 vestivit
3014 612 3068 658 et
3105 602 3324 657 ornavit
3354 603 3514 673 quasi

1929 694 2211 764 propriam
2260 693 2584 766 nympham,
2617 693 2973 765 reliquasque
3006 693 3362 761 vagabundas
3400 694 3514 767 (34)

1931 801 2261 858 synagogas,
2298 796 2535 844 retectos
2562 825 2576 851 ,
2624 788 2929 853 inornatas,
2974 787 3263 858 nudasque
3306 789 3517 846 caelesti

1930 882 2244 938 velamento
2284 882 2548 948 deseruit,
2576 884 2777 953 quippe
2807 898 2931 954 quae
2963 884 3068 939 sub
3110 884 3366 939 umbram
3396 884 3516 939 ala-

1930 989 2051 1029 rum
2074 975 2195 1047 ejus
2217 976 2331 1046 (65)
2362 991 2472 1032 non
2496 966 2884 1047 confugerunt.
2916 975 3019 1031 Tui
3051 976 3243 1045 solius,
3276 994 3311 1032 ο
3344 977 3520 1034 incor-

1933 1079 2115 1138 rupta,
2153 1068 2401 1125 divinum
2430 1069 2596 1126 Verbi
2637 1084 2829 1126 semen
2867 1070 3045 1127 hostis
3070 1080 3158 1127 est
3187 1079 3243 1126 et
3294 1068 3519 1125 interfe-

1932 1168 2051 1215 ctor
2077 1160 2338 1217 draconis
2375 1175 2422 1216 e.
2450 1169 2706 1230 serpente
2741 1159 2934 1231 geniti,
2964 1175 3029 1215 ex
3060 1176 3170 1230 quo
3199 1161 3383 1217 omnis
3411 1160 3517 1216 alia

1930 1252 2069 1308 ﬁdes
2110 1252 2458 1322 concipiens,
2495 1260 2785 1321 serpentes
2829 1250 2993 1321 parit,
3025 1252 3241 1323 viperas
3282 1263 3338 1308 et
3369 1268 3518 1309 scor-

1932 1343 2094 1412 pios;
2137 1346 2400 1414 populum
2442 1343 2700 1399 acerbum
2742 1351 2931 1414 utpote
2973 1345 3250 1414 genimina
3306 1345 3521 1415 vipera-

1933 1452 2075 1491 rum.
2106 1434 2188 1489 Tu
2207 1435 2318 1491 sola
2343 1435 2607 1500 custodis,
2635 1446 2691 1490 et
2712 1435 2970 1490 observas
2988 1434 3123 1506 (36),
3144 1444 3198 1491 et
3228 1434 3517 1497 interﬁcis,

1931 1538 1986 1584 et
2013 1529 2216 1599 scpelis
2254 1537 2423 1598 caput
2474 1526 2823 1597 multicipitis
2856 1528 3113 1583 draconis
3151 1526 3205 1582 in
3251 1542 3395 1596 aqua
3424 1526 3517 1580 ba-

1933 1621 2140 1691 ptismi,
2166 1621 2448 1677 suﬁocans
2474 1630 2530 1676 et
2556 1620 2895 1676 interﬁciens
2926 1636 3075 1686 eum,
3112 1620 3287 1676 solam
3320 1619 3521 1691 quippe

1935 1724 1988 1770 te
2024 1714 2108 1768 vir
2159 1722 2288 1770 tuus
2338 1715 2406 1768 ad
2453 1715 2747 1784 imaginem
2784 1730 2942 1771 suam
2997 1724 3054 1770 et
3103 1714 3517 1770 similitudincm

233 1810 347 1881 λὴν
376 1807 471 1862 τοῦ
526 1805 968 1874 πολυκεφαλαίου
1008 1802 1324 1874 δράκοντος,
1368 1801 1462 1852 ἐπὶ
1494 1798 1587 1852 τοῦ
1640 1797 1830 1861 ὓδατος

1938 1807 2065 1863 fecit
2103 1806 2448 1863 conformem
2484 1808 2671 1878 gloria:
2703 1808 2821 1875 Dei,
2854 1808 3022 1863 voluti
3072 1808 3302 1878 reliquis
3333 1808 3518 1863 omni-

233 1880 343 1954 τοῦ
378 1898 761 1968 βαπτίσματος
811 1894 975 1948 αὑτὸν
999 1893 1384 1961 ἀποπνίγουσα
1395 1890 1491 1944 καὶ
1508 1888 1790 1943 ἀπολλῦσα
1814 1905 1826 1917 ·

1938 1900 2039 1956 bus
2077 1901 2375 1972 synagogis
2423 1901 2491 1955 ad
2528 1901 2825 1970 imaginem
2858 1901 3067 1957 inimici
3107 1901 3379 1973 serpentis
3408 1900 3523 1956 for-

239 1991 311 2045 σὲ
337 1990 445 2061 γὰρ
465 1992 494 2042 ό
527 1991 617 2051 σὸς
642 1986 781 2058 ἀνὴρ
817 1985 985 2057 μόνην
1008 1983 1129 2037 κατ’
1150 1984 1339 2038 εἰκόνα
1366 1981 1464 2036 καὶ
1494 1981 1613 2035 καθ’
1636 1980 1833 2047 ὁμοίω-

240 2100 338 2137 σιν
360 2080 527 2136 αὐτοῦ
552 2078 844 2149 πεποίηκε,
866 2076 1196 2147 σύμμορφον
1224 2074 1325 2145 τῆς
1345 2072 1508 2141 δόξης
1532 2069 1627 2123 τοῦ
1650 2070 1786 2124 Θεοῦ
1813 2087 1828 2102 ·

236 2172 324 2237 ὡς
354 2172 462 2225 τῶν
490 2171 670 2224 ἄλλων
724 2168 918 2221 πασῶν
964 2165 1308 2235 συναγωγῶν
1368 2162 1711 2234 συμμόρφων
1744 2162 1805 2215 οὐ

238 2264 362 2317 σῶν
392 2262 492 2333 τῆς
525 2260 737 2323 εἰκόνος
780 2258 878 2313 τοῦ
923 2257 1120 2330 ἐχθροῦ
1170 2275 1265 2311 σου
1293 2272 1307 2289 ο
1343 2256 1512 2327 μόνην
1562 2256 1622 2308 σὲ
1670 2254 1834 2322 ηὐλό-

235 2371 387 2426 γησε
407 2353 503 2406 τοῦ
533 2351 867 2417 αὐξάνεσθαι
898 2351 993 2404 καὶ
1021 2348 1310 2421 πληρῶσαι
1349 2347 1556 2400 τέκνων
1583 2350 1680 2417 τὴν
1706 2346 1833 2416 γῆν,

235 2447 348 2510 τὰς
369 2445 426 2499 δὲ
443 2445 663 2506 ἀστείας
683 2446 750 2515 τῇ
781 2443 943 2511 φύσει
972 2441 1251 2513 ὲταιρίδας
1279 2438 1675 2507 ἀνευλογήτους
1701 2454 1831 2492 κατ⁴

236 2538 457 2592 ἐλιπεν.
490 2538 555 2591 Σὲ
582 2537 821 2607 Χριστὸς
843 2535 1036 2589 πασῶν
1066 2534 1380 2599 δέσποιναν,
1406 2532 1501 2585 καὶ
1536 2530 1832 2602 ἄρχουσαν,

238 2631 348 2684 καὶ
371 2629 663 2700 τύραννον,
692 2628 788 2681 καὶ
827 2626 1076 2698 βασιλίδα
1113 2625 1224 2679 τῶν
1250 2624 1516 2678 πετεινῶν
1541 2624 1636 2677 τοῦ
1664 2624 1834 2695 ούρα-

239 2722 368 2783 νοῦ.
399 2722 571 2791 ἁγίων
605 2720 856 2787 ἀγγέλων
882 2761 896 2782 ,
924 2721 1017 2772 καὶ
1057 2717 1167 2770 τῶν
1192 2716 1400 2787 θηρίων
1443 2716 1540 2787 τῆς
1571 2716 1698 2785 γῆς,
1725 2714 1835 2768 τῶν

242 2813 426 2867 ἐθνῶν
460 2853 475 2877 ,
507 2814 605 2866 καὶ
654 2811 762 2865 τῶν
819 2811 1018 2881 ἰχθύων
1073 2810 1181 2863 τῶν
1225 2812 1403 2879 πάντη
1440 2808 1656 2877 ἀλόγων
1699 2824 1835 2860 κατ-

241 2909 474 2977 έστησε,
516 2906 613 2959 καὶ
660 2903 1012 2974 ὑποχειρίους
1050 2900 1483 2972 ἀνδραποδώδεις
1530 2902 1658 2963 τοὺς
1706 2899 1837 2953 ἀπί-

245 3015 439 3063 στους,
487 2996 719 3058 πιστοὺς
782 2994 1155 3061 καθυπέταξε.
1195 2992 1406 3065 Τοιγάρ
1448 2992 1544 3046 καὶ
1572 2992 1708 3063 μόνῃ
1737 2991 1837 3063 τὴν

242 3092 532 3162 ἀκήρατον
570 3090 666 3143 καὶ
685 3090 990 3161 ἄρῤευστον
1026 3088 1334 3140 ἀπόλαυσιν
1388 3086 1688 3157 ἐχαρίσατο
1736 3086 1837 3154 τῆς

240 3183 465 3254 τρυφῆς
493 3184 588 3236 καὶ
613 3180 708 3234 τοῦ
746 3180 907 3247 ξύλου
931 3180 1029 3249 τῆς
1053 3180 1203 3249 ζωῆς
1232 3196 1246 3209 ·
1280 3178 1391 3232 τῶν
1434 3176 1614 3231 ἄλλων
1643 3192 1837 3245 γυναι-

244 3276 367 3330 κῶν
406 3273 776 3345 οίμοττουσῶν
801 3274 877 3337 ὡς
924 3272 1127 3336 κυνῶν,
1161 3271 1258 3324 καὶ
1292 3270 1574 3340 ἀγεύστων
1614 3268 1710 3323 τοῦ
1740 3270 1835 3322 ού-

246 3369 444 3438 ρανίου
473 3368 640 3438 ἄρτου
684 3363 1071 3436 ὑπαρχουσῶν.
1105 3365 1177 3417 Σὺ
1210 3364 1421 3435 ἐργάζῃ
1452 3365 1587 3433 μόνη
1614 3363 1707 3415 καὶ
1732 3380 1836 3433 φυ-

246 3460 471 3523 λάττεις
504 3458 686 3522 καλῶς
722 3457 816 3512 τὸν
848 3457 941 3511 σὸν
968 3456 1304 3528 παράδεισον
1334 3472 1348 3485 ⁸
1385 3454 1479 3508 τοῦ
1510 3454 1836 3525 ἀμπελῶνος

246 3553 446 3622 πόρρω
506 3549 779 3602 διώκουσα
838 3547 968 3609 τοὺς
1005 3546 1202 3610 λύκους
1239 3547 1336 3599 καὶ
1367 3544 1679 3608 ἀλώπεκας,
1711 3544 1838 3606 τοὺς

245 3639 623 3709 ἀφανίζοντας
671 3638 748 3701 ὡς
794 3636 1144 3706 ἀφυλάκτους
1192 3634 1293 3699 τὰς
1327 3634 1697 3705 ἀνεργάστους
1746 3635 1840 3685 καὶ

248 3727 857 3801 καρποζιζανηφόρους
918 3726 1165 3797 ἀρούρας
1214 3726 1321 3778 τῶν
1362 3723 1736 3778 κακοπίστων.
1781 3724 1845 3776 Ὢ

246 3822 347 3874 τοῦ
370 3820 649 3890 Θαύματος
679 3820 693 3871 ι
721 3821 784 3872 σὺ
813 3819 948 3889 μόνη
976 3819 1207 3886 γέγονας
1231 3816 1517 3887 βοηθὸςτῷ
1542 3815 1838 3885 ἀνθρώπῳ,

247 3913 331 3985 τῷ
361 3912 539 3984 βοηθῷ
570 3911 670 3967 καὶ
717 3913 999 3982 σκεπαστῇ
1054 3927 1149 3963 σου
1193 3908 1332 3979 Θεῷ,
1380 3908 1654 3973 κοπιῶσα,
1687 3907 1838 3962 διδά-

250 4022 486 4071 σκουσα,
517 4004 886 4077 κηρύττουσα,
912 4002 1244 4071 φωτίζουσα,
1271 4001 1699 4073 ἐπιστρέφουσα,
1734 4017 1838 4053 κα-

248 4099 425 4151 λοῦσα
450 4099 588 4170 πρὸς
608 4098 796 4163 αὐτὸν,
826 4097 903 4161 ὡς
939 4096 1076 4167 πρὸς
1127 4094 1243 4164 φῶς
1282 4095 1395 4156 τοῖς
1429 4095 1487 4147 ὲν
1526 4091 1708 4146 σκότει
1741 4091 1839 4145 καὶ

251 4192 387 4261 σκιᾷ
429 4191 663 4244 Θανάτου
696 4190 1027 4262 καθημένοις
1052 4206 1065 4219 ο
1102 4188 1476 4259 ἀναγυμνῶσα
1504 4186 1601 4240 καὶ
1633 4186 1838 4253 γεννῶ-

253 4300 349 4348 σα,
387 4285 484 4336 καὶ
511 4285 790 4353 τρέφουσα
841 4282 922 4353 τῷ
970 4284 1142 4353 ἄρτῳ,
1175 4282 1271 4335 καὶ
1298 4279 1594 4344 ποτίζουσα
1623 4279 1702 4349 τῷ
1733 4297 1829 4335 πο-

250 4375 457 4448 τηρίῳ,
510 4378 605 4432 καὶ
646 4376 892 4444 αὖξουσα
916 4418 932 4444 ,
972 4377 1067 4431 καὶ
1120 4373 1552 4446 καρποφοροῦσα
1576 4416 1591 4439 ,
1621 4374 1716 4428 καὶ
1744 4375 1838 4444 ἐγ-

1934 1992 2098 2048 matis
2124 2000 2179 2047 et
2201 1988 2445 2059 eﬂectis;
2480 1992 2577 2047 tibi
2600 1994 2705 2048 soli
2741 1993 3019 2050 benedixit
3051 1992 3196 2051 Deus
3225 2003 3285 2050 ut
3309 2009 3523 2050 cresce.

1936 2102 2023 2142 res
2043 2095 2096 2141 et
2118 2086 2592 2157 multiplicareris,
2625 2097 2681 2142 et
2710 2088 2955 2158 repleres
2982 2098 3185 2145 terram
3220 2087 3373 2155 ﬁliis,
3408 2087 3521 2143 for-

1935 2194 2203 2249 mosaque
2272 2179 2482 2251 reliqua
2546 2195 2645 2251 per
2702 2190 2957 2236 naturam
3019 2181 3261 2238 scortilla
3317 2182 3524 2252 absque

1936 2271 2320 2327 benedictione
2394 2273 2639 2342 reliquit.
2691 2272 2768 2329 'I‘e
2829 2274 3109 2330 dominam
3143 2315 3159 2340 ,
3218 2274 3521 2347 principem

1935 2372 1991 2419 et
2035 2363 2281 2433 reginam
2316 2366 2606 2421 constituit
2640 2366 2826 2421 avium
2878 2368 3027 2435 caeli,
3067 2377 3385 2426 sanctorum
3432 2384 3526 2423 an-

1936 2451 2206 2522 gelorum,
2233 2470 2512 2523 pecorum,
2542 2456 2856 2523 nationum,
2877 2467 3264 2528 mulorumque
3288 2457 3522 2528 piscium

1937 2543 2082 2614 (37),
2120 2543 2455 2615 subditaque
2487 2547 2760 2617 mancipia
2792 2547 3056 2614 inﬁdelia,
3082 2548 3263 2604 ﬁdelia
3298 2549 3526 2605 concin-

1939 2634 2089 2689 navit
2118 2632 2257 2705 (38).
2292 2632 2368 2690 Te
2394 2635 2568 2690 solam
2606 2635 2716 2691 frui
2757 2638 2987 2693 donavit
3030 2638 3330 2695 immortali
3377 2651 3431 2695 et
3452 2642 3528 2694 in-

1937 2734 2197 2796 corrupta
2234 2729 2520 2799 voluptate
2552 2738 2608 2785 et
2635 2729 2784 2802 ligno
2812 2730 2965 2797 vitae,
2994 2732 3119 2787 aliis
3147 2733 3376 2787 omnino
3405 2749 3525 2788 mu-

1939 2814 2164 2870 lieribns
2195 2816 2343 2873 foras
2367 2833 2569 2873 canum
2615 2818 2791 2874 instar
2838 2821 3182 2890 ejulantibus
3219 2822 3333 2892 (39)
3372 2832 3426 2878 et
3454 2838 3527 2878 1e-

1939 2908 2078 2963 terni
2120 2910 2280 2978 panis
2329 2911 2671 2981 expertibus.
2726 2911 2807 2967 Tu
2848 2913 2967 2970 sola
3014 2914 3243 2984 pulchre
3294 2916 3432 2971 colis
3471 2926 3529 2970 ct

1941 3000 2193 3056 custodis
2228 3002 2554 3071 paradisum
2590 3012 2770 3068 tuum,
2806 3019 2837 3059 e
2882 3005 3056 3060 vinea:
3113 3007 3284 3062 sulcis
3331 3006 3527 3077 fugatis

1940 3090 2100 3161 lupos
2124 3100 2180 3147 et
2205 3093 2396 3163 vulpes
2429 3093 2525 3163 qui
2554 3093 2861 3149 inﬁdelium
2890 3111 3020 3150 arva
3051 3097 3259 3153 inculta
3286 3108 3341 3155 et
3382 3099 3527 3153 ziza-

1942 3183 2161 3237 niorum
2216 3184 2419 3240 feracia
2466 3186 2613 3245 velut
2645 3186 2979 3243 incustodita
3020 3201 3402 3261 corrumpunt.
3445 3189 3528 3247 Tu

1944 3274 2058 3329 sola
2089 3274 2200 3347 (40)
2232 3276 2471 3346 adjutrix
2505 3277 2645 3333 facta
2672 3293 2732 3335 es
2761 3278 2994 3347 homini,
3027 3281 3265 3352 adjutori
3296 3292 3353 3339 et
3395 3298 3525 3353 pro-

1944 3364 2137 3418 tectori
2172 3374 2287 3430 tuo,
2322 3365 2463 3431 Deo,
2492 3366 2775 3433 laborans,
2807 3372 3030 3437 docens,
3053 3372 3378 3443 pradicans,
3402 3376 3528 3431 illu-

1944 3455 2179 3521 minans,
2214 3468 2568 3527 convertens,
2595 3461 2663 3515 ad
2709 3461 2866 3516 illum
2894 3478 3100 3522 vocans
3148 3468 3308 3537 quasi
3333 3470 3401 3524 ad
3447 3471 3529 3526 lu-

1944 3562 2087 3613 cem,
2116 3563 2307 3605 omnes
2334 3565 2433 3604 eos
2475 3551 2569 3621 qui
2605 3552 2789 3621 jacent
2812 3553 2867 3608 in
2894 3556 3133 3611 tenebris
3163 3568 3217 3613 et
3253 3559 3306 3613 in
3334 3561 3527 3617 umbra

1946 3642 2139 3699 mortis
2170 3644 2398 3713 gignens
2433 3650 2488 3698 et
2513 3645 2758 3714 pariens,
2806 3663 2949 3718 pane
2982 3650 3232 3707 nutriens
3261 3662 3314 3707 et
3358 3654 3530 3709 calice

1944 3742 2165 3803 potans,
2199 3749 2407 3805 augens
2436 3744 2490 3789 et
2516 3734 2875 3805 fructilicans,
2903 3740 3174 3811 inserens,
3204 3744 3454 3814 plantans
3470 3758 3529 3803 ct

1943 3824 2186 3893 quotidie
2236 3825 2350 3895 (Al)
2388 3842 2592 3883 curans
2619 3829 2838 3885 hortum
2887 3840 3043 3887 tuum
3087 3843 3143 3890 et
3194 3839 3527 3904 paradisum.

1946 3916 2138 3986 tuique
2160 3918 2343 3987 gregis
2374 3918 2652 3986 parvulos.
2678 3918 3027 3992 Quapropter
3052 3939 3175 3980 cum
3201 3926 3326 3982 talis
3362 3930 3437 3983 sis
3454 3930 3527 3984 in-

1942 4007 2177 4071 dustria,
2193 4007 2553 4073 domicuslos,
2574 4010 2675 4063 viri
2699 4026 2913 4077 amans,
2928 4013 3037 4083 pia,
3060 4014 3242 4080 fortis,
3262 4017 3524 4088 adjutrix,
3619 4000 3622 4002 Ὺ

1948 4106 2179 4165 armata,
2200 4099 2517 4169 pugnatrix,
2551 4115 2874 4173 semperque
2905 4114 3155 4176 prompte
3183 4116 3239 4163 et
3260 4109 3404 4165 ultro
3427 4126 3528 4181 pro

1951 4190 2067 4245 viro
2104 4200 2202 4246 tuo
2234 4191 2347 4246 Ada
2373 4191 2596 4249 Christo
2632 4194 2870 4250 animam
2906 4212 3107 4266 ponere
3135 4212 3325 4270 parata
3362 4200 3528 4260 sis’et

1940 4284 2062 4353 ejus
2090 4276 2254 4338 causa
2284 4282 2618 4353 periclitari,
2658 4285 2782 4341 ideo
2813 4287 2909 4342 tibi
2929 4290 3087 4359 quasi
3113 4292 3311 4362 reginae
3335 4297 3527 4351 statuit

1944 4374 2246 4433 Cherubim
2277 4373 2551 4433 llammeis
2593 4378 2790 4448 gladiis
2831 4388 2886 4435 et
2920 4381 3146 4441 minime
3177 4387 3524 4444 versatilibus

1773 4535 2000 4593 NOTAE.

326 4699 439 4770 (3.5)
484 4697 862 4769 Vagabundas.
904 4698 1005 4770 Ms.
1034 4696 1339 4770 ρεμόάδας,
1371 4708 1646 4767 corrupte,
1715 4698 1834 4769 lege

256 4768 581 4852 ρεξξιξωδεις,
616 4780 674 4823 ιιι
704 4786 869 4849 supra
896 4768 1041 4852 «ιι-ξιτ
1062 4769 1165 4834 ἔξω
1196 4768 1573 4852 ῥεμϐομένων,
1600 4777 1707 4852 etc:

499 4841 721 4893 Alarum
769 4838 1092 4912 ejus.AEjtts,
1130 4854 1195 4912 ex
1266 4838 1575 4908 conjectura
1636 4838 1829 4912 adjeci,

254 4908 653 4983 quic_'onmino
678 4909 975 4983 supplenda
1004 4918 1109 4983 est_
1129 4910 1179 4962 in
1230 4924 1335 4983 m_s.
1369 4912 1505 4983 ubv_
1536 4908 1827 4979 πτερύγων

255 4979 465 5066 αὑτοῦ·
502 4997 600 5049 pro
625 4979 1052 5051 προσφυγούσης
1095 4980 1383 5049 legendum
1434 4981 1602 5036 etiam
1659 4996 1830 5050 προσ·

300 5069 559 5113 υγουσας.

257 5069 726 5192 φυέὃοῶςῗιλειοάἱδ
752 5131 801 5175 et
842 5121 1105 5177 observas.
1142 5121 1245 5175 Ms.
1265 5124 1465 5192 τηρετς
1494 5121 1590 5192 καὶ
1622 5120 1833 5190 ἀποτη-

258 5196 396 5265 ρείς,
444 5209 586 5265 quae
630 5193 675 5247 si
717 5208 843 5265 vera
896 5191 1457 5265 lectio,_innuit_ca_m
1491 5191 1832 5265 inucuSIodia

257 5262 474 5333 Semper
505 5264 704 5319 habere
738 5264 1055 5327 draconem,
1093 5262 1164 5316 ita
1200 5274 1257 5315 ιιι
1281 5263 1415 5316 nihil
1445 5263 1624 5316 moliri
1660 5263 1834 5330 possit

256 5339 363 5391 nisi
389 5336 436 5389 ei
462 5336 611 5388 laxas
639 5335 880 5389 habenas
933 5334 1062 5388 det:
1114 5343 1293 5387 tamen
1336 5349 1460 5387 cum
1519 5334 1594 5387 ait
1643 5335 1833 5402 τηρεῖς

256 5406 357 5477 τὴν
387 5405 657 5476 κεφαλήν,
684 5405 820 5477 Inibi
855 5406 1041 5477 potius
1062 5406 1134 5459 ita
1168 5402 1831 5477 intelligendum_videtur,

257 5474 528 5530 Observas
555 5474 605 5529 ct
636 5474 910 5530 insidiaris
935 5486 992 5529 ut
1014 5476 1148 5530 illud
1180 5485 1454 5540 conteras,
1484 5474 1691 5529 scilicet
1718 5475 1839 5527 teris

258 5556 312 5599 ct
338 5547 567 5617 conteris
601 5555 757 5617 caput
793 5563 827 5617 :7
850 5562 974 5600 nam
1004 5548 1192 5617 procul
1221 5547 1387 5603 dubio
1413 5545 1640 5615 respicit
1666 5545 1732 5599 ad
1763 5545 1839 5599 il-

260 5616 350 5689 lud
374 5632 457 5670 HI.
484 5616 680 5689 G_ene_s.
700 5616 861 5679 αὑτός
881 5634 973 5670 σου
984 5616 1060 5689 τη
1070 5620 1224 5689 ρήσει
1248 5617 1513 5688 κεφαλὴν,
1532 5617 1627 5670 καὶ
1651 5618 1717 5670 σὺ
1736 5633 1835 5687 τη-

263 5687 449 5756 ρήσεις
478 5685 939 5758 αὐτοῦπτέρναν.
978 5685 1097 5756 Ipsa
1125 5685 1372 5744 conteret
1393 5685 1557 5758 caput
1597 5697 1750 5742 tuum
1776 5685 1832 5742 ct

260 5764 321 5811 tu
357 5757 702 5811 insidiaberis
731 5759 988 5811 calcaneo
1016 5760 1155 5826 ejus.

333 5825 442 5891 (37)
482 5826 855 5887 Mutorumque
893 5829 1137 5897 piscium.
1204 5827 1422 5899 Ἰχθύων
1484 5828 1590 5881 τῶν
1650 5828 1826 5896 πάντη

1942 4697 2195 4772 ἀλόγωνβ
2221 4700 2351 4772 dicit
2390 4700 2624 4770 ἀλόγους
2671 4717 2812 4771 quos
2855 4700 3118 4772 Sophocl.
3144 4701 3349 4768 έλλούς.

2025 4769 2288 4841 Ἑφῆκεν
2315 4769 2521 4837 ἑλλοῖς
2545 4769 2789 4841 ἱχθῦὰιν
2817 4769 3165 4841 διαφθοράν.

2015 4839 2284 4903 Ἑλλοπας
2316 4842 2469 4910 ἰχθῦς
2502 4839 2745 4905 Hesiod.,
2784 4843 2834 4897 id
2867 4839 2950 4898 est
2983 4839 3185 4899 mutos.

2009 4910 2125 4980 (38)
2161 4911 2489 4983 Subditaque
2535 4914 2799 4981 ntancipia
2850 4914 3091 4982 iit/irlelia
3118 4955 3131 4979 ,
3164 4915 3369 4983 ﬁdelia,
3398 4933 3523 4969 con-

1938 4982 2190 5034 cinnavit.
2264 4982 2534 5050 Scriptam
2598 4983 2884 5037 lectionem
2942 4982 3171 5040 secutus
3227 5002 3348 5040 sum
3394 4989 3521 5049 τοὺς

1936 5052 2203 5125 ἀπίστους
2247 5054 2483 5125 πιστοὺς
2533 5052 2903 5118 καθυπέταξε.
2941 5054 3044 5109 Sed
3083 5072 3150 5110 ne
3184 5058 3313 5125 quid
3357 5058 3522 5111 dissi-

1939 5124 2119 5175 mulcn
2159 5124 2210 5175 in
2247 5139 2348 5177 ms.
2377 5123 2646 5194 scriptum
2676 5125 2837 5177 etiam
2874 5125 3045 5179 videri
3079 5123 3364 5194 possit-cdt;
3390 5127 3521 5180 duti-

1938 5208 2098 5268 στους
2125 5195 2339 5268 πιστοῖς
2371 5192 2739 5260 καθυπέταξε,
2774 5197 3022 5250 lidclibus
3080 5192 3333 5267 Stilijccit,
3374 5200 3518 5268 quod

1938 5277 2045 5316 non
2084 5262 2157 5317 ita
2188 5264 2383 5323 placet.

2009 5334 2121 5414 (59)
2162 5332 2528 5404 Ejnlautibus.
2570 5333 2673 5389 Ms.
2717 5336 3135 5405 αἱμωττουσῶν,
3169 5338 3288 5408 lego
3316 5341 3516 5409 οίμωτ-

1948 5420 2179 5468 τουσων,
2212 5415 2320 5459 etc.

2168 5474 2244 5549 Tt}
2265 5474 2399 5549 solo.
2552 5476 2651 5549 τοῦ
2680 5476 2963 5549 ϐαύματος
3003 5479 3066 5532 σὺ
3098 5479 3234 5549 μόνη
3289 5480 3523 5549 γέγονας

1947 5543 2141 5629 βοηθὸς
2169 5545 2247 5616 τῷ
2274 5543 2569 5629 ἀνθρώπω,
2603 5543 2856 5629 ubi-illud
2896 5548 2975 5619 τῷ
2996 5543 3397 5629 τοῦθαύμαῖτος
3422 5543 3523 5604 mi-

1945 5600 2000 5669 hi
2032 5600 2182 5671 'sane
2210 5600 2485 5687 negotium
2518 5600 2965 5675 idcéssiifi'lwié'
3002 5600 3104 5675 hoc
3130 5600 3523 5682 ’tail‘tinﬁllh-

1941 5703 2036 5762 sus
2073 5687 2168 5762 suit,
2198 5704 2391 5762 nempe
2418 5689 2496 5760 τῷ
2521 5690 2615 5762 τοῦ
2646 5690 2926 5762 Θαύματος
2956 5692 3020 5746 σὺ
3053 5692 3303 5760 γέγονας,
3345 5701 3398 5748 et
3424 5693 3520 5747 ἀν·

1940 5758 1993 5809 τί
2018 5756 2113 5829 τοῦ
2142 5756 2578 5829 θαυμασίωςσύ.

2008 5826 2121 5899 (41)
2163 5828 2229 5883 Et
2254 5826 2509 5900 quotidie.
2544 5831 2621 5887 ita
2652 5832 2800 5891 hunc
2832 5833 3009 5890 locum
3044 5833 3311 5905 suppleri.
