4080 6528
631 396 770 464 1075

1836 403 1899 464 S.
1919 398 2320 463 ANASTASII
2361 401 2689 463 SINAITAE

3758 410 3875 477 1076

628 508 947 577 armaturis,
979 510 1281 577 instructa,
1329 521 1453 580 quat
1483 508 1581 564 tibi
1631 508 1998 567 immortalem
2034 521 2088 568 et
2120 512 2202 567 in-

2312 510 2685 580 κεντρίζουσα,
2713 510 2809 563 καὶ
2829 507 3157 579 φυτεύουσα,
3182 513 3277 566 καὶ
3300 514 3574 587 ὁσημέραι
3610 516 3715 587 τῆς
3746 523 3764 541 °
3790 523 3876 590 κή-

630 612 945 672 corruptam
966 604 1135 659 vitam
1165 612 1427 661 atternam
1449 604 1785 661 custodiant.
1814 604 1892 661 Te
1919 605 2208 678 Serapbim

628 705 909 760 tueantur,
947 705 998 750 te
1027 710 1120 751 sex
1142 695 1242 751 ala:
1272 703 1481 767 tegant,
1509 695 1717 758 throni,
1750 705 1989 763 cessent,
2022 698 2210 753 multis

627 787 808 842 oculis
835 786 1061 857 prmdita
1090 796 1358 853 cernant,
1396 787 1493 841 tibi
1549 788 1893 858 principatus
1941 789 2208 854 serviant,

625 878 883 946 potentiae
917 877 1253 941 ministrent,
1288 877 1518 932 virtutes
1554 877 1905 933 aneillentur.
1944 878 2023 933 Te
2054 893 2212 946 reges

625 969 876 1032 adorent,
920 969 1241 1025 sacerdotes
1274 970 1615 1041 glorificent,
1655 979 1716 1024 ut
1752 970 2043 1025 hominum
2076 970 2211 1026 cho-

625 1077 735 1117 reae
768 1072 819 1117 te
851 1062 1129 1118 celebrent
1152 1104 1166 1127 ,
1220 1074 1273 1118 te
1302 1064 1552 1119 nationes
1596 1073 1900 1132 exornent,
1931 1073 1983 1119 te
2014 1065 2213 1137 lingua:

626 1155 928 1211 dilaudent.
956 1156 1226 1223 Quoniam
1260 1157 1425 1227 igitur
1458 1167 1513 1212 tu
1546 1158 1687 1223 sola,
1727 1172 1904 1228 neque
1938 1158 2046 1213 ulla
2079 1159 2208 1226 alia,

625 1258 658 1299 ο
690 1244 807 1298 viro
840 1253 937 1299 tuo
967 1244 1191 1300 Christo
1222 1245 1382 1299 talem
1413 1255 1467 1299 et
1494 1254 1699 1300 tantam
1727 1246 1959 1317 gloriam
2011 1256 2066 1301 et
2109 1248 2211 1302 ho-

626 1352 819 1392 norem
845 1337 1039 1394 sortita
1056 1354 1140 1402 es,
1171 1353 1271 1393 oro
1304 1347 1355 1394 te
1385 1349 1438 1394 et
1464 1339 1712 1394 obtestor
1755 1348 1946 1409 utpote
1978 1348 2208 1395 matrem

626 1448 806 1489 meam
838 1441 892 1488 et
926 1434 1195 1489 nutricem
1227 1448 1259 1488 a
1285 1434 1491 1488 teneris
1533 1433 1848 1504 unguiculis
1881 1442 1936 1488 et
1965 1448 1996 1488 a
2030 1434 2207 1505 majo-

625 1524 805 1588 ribus,
837 1539 905 1577 ne
933 1524 1158 1579 desinas
1189 1539 1389 1594 purum
1424 1524 1650 1578 verbum
1689 1532 1841 1578 tuum
1869 1523 1955 1579 lac
1981 1539 2011 1579 e
2035 1540 2210 1580 mam-

625 1616 734 1672 mis
763 1616 874 1672 tuis
907 1616 1039 1670 mihi
1103 1615 1289 1687 largiri
1332 1624 1392 1671 ut
1447 1616 1573 1672 inde
1628 1625 1681 1671 te
1740 1628 1975 1687 tuosque
2035 1633 2209 1688 agnos

626 1709 929 1780 discipulos
960 1709 1177 1765 lactem.
1226 1708 1304 1764 Ne
1347 1709 1567 1764 desinas
1599 1709 1917 1778 incorrupta
1950 1710 2208 1768 columba

626 1804 806 1861 sancti
834 1802 1096 1873 Spiritus,
1117 1802 1362 1857 Ecclesia
1392 1802 1508 1866 Dei,
1545 1803 1599 1857 in
1624 1805 1790 1858 corde
1814 1820 1931 1859 ineo
1965 1820 2204 1871 manere,

626 1904 682 1951 et
710 1895 1071 1955 inambulare.
1103 1894 1290 1964 ibique
1323 1894 1528 1948 multos
1548 1908 1643 1963 per
1666 1910 1752 1949 me
1776 1894 1955 1964 pullos
1987 1911 2204 1965 parere.

626 1985 706 2041 Ne
741 1985 1073 2058 dedigneris,
1104 1999 1137 2039 o
1168 1984 1272 2038 viri
1306 1998 1499 2039 amans
1527 1991 1582 2039 et
1612 1998 1723 2039 uno
1762 1984 1881 2039 viro
1926 1994 2204 2053 contenta,

626 2075 830 2132 Christi
856 2084 1039 2130 turtur
1061 2089 1128 2129 ex
1158 2088 1253 2129 ore
1282 2082 1374 2128 tuo
1396 2072 1579 2129 cibum
1608 2073 1839 2129 sationis
1862 2073 1917 2128 in
1940 2090 2002 2131 os
2024 2092 2206 2131 meum

627 2169 943 2235 infundere,
977 2177 1037 2223 ut
1072 2165 1199 2221 inde
1234 2174 1286 2221 te
1315 2165 1502 2236 tuique
1534 2166 1708 2221 niduli
1737 2166 1917 2236 pullos
1958 2168 2204 2225 vicissim

626 2259 868 2314 nutriam
892 2276 905 2313 :
928 2274 995 2312 ne
1018 2272 1223 2323 cesses,
1247 2271 1281 2311 υ
1304 2256 1548 2312 caelestis
1570 2256 1825 2324 luscinia,
1850 2259 2007 2314 suavi
2038 2268 2204 2315 cantu

626 2360 721 2408 tuo
746 2360 799 2406 et
828 2349 1202 2405 modulatione
1234 2364 1395 2405 aures
1427 2364 1576 2405 meas
1609 2349 1943 2417 demulcere,
1979 2362 2036 2406 ut
2067 2367 2209 2407 sem-

2317 616 2455 663 πους
2487 600 2582 655 καὶ
2613 600 3003 671 παραδείσους,
3038 603 3136 657 καὶ
3165 604 3266 667 σάς
3294 604 3535 674 ἀγγελ...
3571 608 3762 663 τέκνα.
3802 614 3878 665 Διὸ

2313 691 2378 762 δὴ
2406 692 2483 756 ὡς
2509 692 2735 764 τοιαύτῃ
2780 694 3028 765 φιλεργῷ
3068 699 3160 750 καὶ
3198 698 3438 770 οίκουρῷ
3473 703 3568 754 καὶ
3604 700 3878 774 φιλάνδρῳ,
3916 753 3927 775 ,

2314 784 2409 837 καὶ
2439 784 2781 856 φιλοστόργῳ
2808 785 2905 838 καὶ
2936 786 3190 859 ἀνδρείῳ,
3212 791 3306 842 καὶ
3326 789 3529 863 βοηθῷ,
3560 793 3658 845 καὶ
3680 794 3876 867 ὁπλίτῃ,

2314 875 2407 926 καὶ
2442 874 2699 944 μαχήτιδι
2732 874 3056 947 ὑπαρχούσῃ
3081 878 3178 930 καὶ
3194 878 3284 931 ἀεὶ
3299 878 3535 949 ἑτοίμως
3557 897 3622 932 τε
3648 882 3743 934 καὶ
3765 900 3879 950 προ-

2313 963 2504 1034 θύμως
2531 963 2630 1034 τὴν
2658 963 2839 1035 ψυχὴν
2894 966 3036 1038 ὑπὲρ
3067 968 3165 1019 τοῦ
3193 968 3289 1020 σοῦ
3331 968 3528 1039 ἀνδρὸς
3566 971 3744 1039 ’Δδάμ
3774 973 3882 1044 Χρι-

2315 1054 2445 1110 στοῦ
2482 1054 2699 1129 τιθείσῃ
2744 1056 2841 1110 καὶ
2895 1058 3393 1132 προκινδυνευούσῃ
3448 1060 3633 1127 ἔταξε,
3681 1064 3774 1117 καὶ
3794 1065 3880 1117 ὑπο

2313 1146 2474 1211 ἐταξέ
2499 1162 2582 1200 σοι
2616 1147 2693 1212 ὡς
2721 1146 2955 1217 βασιλίδι
2984 1148 3056 1202 τὰ
3098 1150 3384 1221 Χερουϐὶμ
3413 1151 3743 1223 ὡπλισμένα
3782 1160 3879 1219 ταῖς

2314 1239 2666 1310 φλογιφόροις
2688 1241 2783 1295 καὶ
2813 1241 2920 1294 ἀπε
2930 1241 3241 1313 ριστρόφοις
3264 1245 3746 1315 ῥομφαιομόρφοις
3770 1265 3882 1300 παν.

2312 1331 2583 1402 τευχίαις,
2605 1333 2754 1396 ὅπως
2783 1350 2866 1386 σοι
2894 1332 3108 1405 ἀϐλαϐῆ
3130 1351 3190 1387 τε
3214 1335 3311 1387 καὶ
3336 1334 3614 1390 ἀθάνατον
3639 1338 3737 1409 τὴν
3757 1338 3880 1409 ζωὴν

2312 1424 2543 1489 ἀείζωον
2578 1425 2655 1479 τά
2712 1425 2997 1498 Χερουϐὶμ
3042 1427 3391 1497 φυλάττωσι,
3421 1430 3489 1482 τὰ
3518 1430 3774 1501 Σεραφὶμ
3799 1449 3879 1485 πε-

2315 1518 2546 1588 ριέπωσι
2579 1558 2595 1584 ,
2654 1518 2726 1573 τά
2777 1517 3131 1592 ὲξαπτέρυγα
3177 1524 3479 1590 σκέπωσιν,
3533 1524 3585 1577 oi
3616 1523 3793 1594 θρόνοι
3814 1525 3879 1579 δι-

2314 1608 2660 1676 αναπαΰωσι,
2712 1609 2779 1663 τά
2840 1611 3208 1684 πολυόμματα
3242 1614 3582 1668 ὲπιϐλέπωσι
3605 1656 3620 1681 ,
3658 1618 3714 1670 αἱ
3742 1619 3882 1688 ἀρχαὶ

2312 1701 2662 1768 δουλεύωσιν,
2702 1703 2755 1755 αἱ
2780 1701 3021 1767 ἐξουσίαι
3042 1703 3390 1771 διακονῶσιν,
3432 1706 3489 1758 αἱ
3518 1706 3787 1777 δυνάμεις
3808 1707 3882 1760 λα-

2315 1792 2576 1864 τρεύωσι,
2609 1791 2850 1862 βασιλεῖς
2886 1796 3293 1866 προσκυνῶσιν,
3323 1796 3373 1849 oi
3399 1797 3566 1866 ἱερεῖς
3593 1797 3878 1868 ἀνυμνῶσι,

2312 1884 2383 1938 τὰ
2437 1884 2566 1956 ἔθνη
2624 1886 3090 1957 κατακοσμῶσιν,
3146 1888 3203 1940 at
3266 1887 3510 1956 γλῶσσαι
3578 1889 3879 1944 ἐπαινῶσιν.

2329 1978 2486 2031 Ἐπεὶ
2513 1974 2611 2031 οὖν
2642 1976 2706 2030 σὺ
2737 1978 2896 2049 μόνη,
2925 1980 3019 2032 καὶ
3046 1978 3172 2032 ούδέ
3216 1997 3301 2043 τις
3345 1980 3483 2053 ἄλλη
3518 1982 3782 2051 τοιαύτης
3806 1984 3883 2035 καὶ

2318 2069 2588 2141 τοσαύτης
2613 2070 2773 2142 δόξης
2797 2072 2893 2124 καὶ
2915 2070 3082 2141 τιμῆς
3117 2072 3270 2143 παρά
3293 2071 3387 2125 τοῦ
3424 2074 3519 2127 σοῦ
3573 2072 3771 2143 ἀνδρὸς
3795 2074 3882 2126 ἀπ-

2318 2162 2557 2226 ἐλαυσας
2589 2160 2847 2233 Χριστοῦ,
2878 2162 3068 2235 δέομαί
3100 2180 3192 2217 σου
3223 2165 3319 2218 καὶ
3360 2165 3635 2219 ἀντιϐολῶ
3664 2166 3738 2230 ὼς
3765 2166 3883 2237 ἐμῆς

2316 2255 2374 2323 ἐξ
2430 2255 2657 2309 ἁπαλῶν
2709 2256 2939 2325 ὀνύχων,
2980 2256 3075 2309 καὶ
3119 2257 3184 2309 ὲκ
3227 2258 3512 2327 προγόνων
3540 2258 3885 2329 ὑπαρχούσης

2318 2348 2527 2419 μητρὸς
2562 2349 2654 2401 καὶ
2683 2348 2909 2419 τροφοῦ,
2949 2348 3023 2420 μὴ
3058 2348 3233 2422 παίσῃ
3258 2350 3318 2403 τὸ
3362 2350 3453 2402 σὸν
3487 2352 3659 2421 μένος
3685 2350 3776 2403 τοῦ
3806 2369 3884 2403 κα-

625 2457 726 2512 per
774 2440 961 2495 nidulo
992 2450 1089 2496 tuo
1130 2440 1604 2506 circumvolitans,
1638 2440 1812 2511 pullos
1861 2451 1980 2498 tuos
2029 2443 2205 2499 oblec-

2318 2440 2487 2512 θαροῦ
2528 2439 2625 2493 καὶ
2671 2440 2860 2494 ἀδόλου
2906 2440 3002 2494 τοῦ
3057 2440 3220 2509 λόγου
3274 2442 3550 2511 γάλακτος
3597 2442 3885 2496 ἑπιδιδοῦτα

629 2543 733 2589 tem
760 2533 897 2603 (42.)
924 2531 1003 2587 Ne
1026 2532 1279 2599 moreris,
1309 2548 1341 2587 ο
1366 2534 1628 2603 perennis
1653 2533 1777 2590 fons
1796 2536 1919 2591 vitae
1941 2537 2205 2606 paradisi,

2316 2534 2590 2599 πλουσίως
2616 2532 2777 2606 μσζῶ
2792 2552 2842 2598 ν,
2878 2536 3024 2598 ὅπως
3051 2536 3117 2587 ὲκ
3150 2534 3245 2589 σοῦ
3280 2552 3338 2587 τε
3378 2536 3474 2589 καὶ
3494 2537 3625 2599 τοὺς
3654 2537 3778 2601 σοὺς
3804 2554 3885 2592 κα-

627 2642 659 2680 c
698 2624 1077 2694 speculatione
1108 2625 1184 2679 tui
1245 2622 1411 2679 Edent
1465 2625 1734 2681 scaturire
1776 2627 1936 2683 nobis
1976 2638 2205 2685 aeternos

2312 2627 2415 2692 λῶς
2471 2626 2693 2697 θηλάσω
2767 2628 2939 2698 ἄρνας
2986 2627 3365 2693 διδασκάλους.
3419 2628 3513 2703 Μὴ
3571 2631 3753 2703 πάντη
3804 2630 3882 2683 τοῦ

626 2725 683 2773 et
717 2717 975 2787 limpidos
1007 2726 1132 2772 tuos
1162 2715 1354 2771 latices
1386 2716 1523 2786 (45),
1560 2726 1616 2769 ιιι
1639 2732 1782 2787 aqua
1808 2717 1934 2772 viva
1963 2728 2205 2775 saturare

2312 2721 2468 2789 ἁγίου
2504 2720 2824 2792 Πνεύματος
2854 2720 3086 2784 ἀσπιλος
3107 2722 3411 2792 περιστερά
3437 2722 3746 2793 Ἐκκλησία
3765 2722 3881 2776 Θεοῦ

625 2812 844 2880 possint
884 2811 1182 2866 rationales
1217 2811 1357 2866 istos
1388 2819 1442 2864 et
1473 2810 1745 2866 animatos
1775 2812 1959 2866 ovium
1989 2828 2204 2884 greges.

2312 2810 2368 2862 ὲν
2405 2810 2474 2881 τῇ
2503 2810 2612 2881 ἐμῇ
2653 2809 2853 2881 καρδίᾳ
2903 2810 3215 2875 ἐνοικοῦσα,
3250 2811 3347 2863 καὶ
3395 2812 3879 2883 ἐμπεριπατοῦσα·

626 2903 673 2959 t)
704 2903 928 2972 pulchra
959 2914 1011 2957 et
1039 2901 1261 2959 coronis
1287 2900 1536 2956 redimita
1572 2901 1716 2955 horti
1758 2901 1981 2967 cultrix,
2020 2918 2089 2957 ne
2112 2902 2205 2957 de-

2314 2902 2409 2954 καὶ
2440 2900 2671 2965 πολλοὺς
2703 2903 2957 2965 νεοσσοὺς
2986 2903 3054 2956 δι’
3080 2902 3216 2973 ἐμοῦ
3235 2904 3507 2971 γεννῶσα.
3534 2906 3633 2977 Μὴ
3661 2904 3882 2973 ἀπαξιὼ-

629 2996 875 3067 fatigeris
906 3010 1008 3053 nos
1041 2994 1371 3052 inoculaudo
1396 3003 1455 3049 et
1483 2993 1914 3064 emplastrando,
1953 3001 2011 3048 ut
2042 2995 2204 3050 vicis-

2315 3010 2435 3063 σῃς,
2469 2986 2514 3046 ῶ
2544 2993 2803 3064 φίλανδρε
2835 2994 2930 3047 καὶ
2963 2994 3227 3065 μόνανδρε
3254 2994 3346 3048 τοῦ
3376 2994 3622 3067 Χριστοῦ
3662 2998 3880 3069 τρυγὼν,

627 3089 733 3143 sim
763 3088 1091 3158 propagines
1122 3097 1249 3143 tuas
1280 3086 1502 3159 pulchre
1528 3085 1819 3155 disponere
1839 3095 1891 3141 et
1924 3087 2204 3143 inoculare

2314 3088 2379 3138 ὲκ
2406 3084 2501 3138 τοῦ
2547 3083 2641 3138 σοῦ
2682 3085 2951 3156 στόματος
2977 3126 2990 3152 ,
3022 3088 3081 3140 ὲν
3110 3086 3189 3158 τῷ
3232 3087 3460 3158 στόματί
3492 3104 3596 3157 μου
3647 3092 3882 3159 χορηγεῖν

625 3180 924 3248 possimus.
2234 3175 2276 3234 C
2310 3178 2411 3249 τὴν
2440 3176 2646 3248 βρῶσιν
2674 3178 2768 3232 τοῦ
2795 3180 3023 3248 σπόρου,
3052 3179 3201 3243 ὅπως
3222 3178 3283 3244 ἐξ
3309 3179 3474 3233 αὐτοῦ
3509 3182 3816 3252 ἀντιτρέψω
3833 3198 3881 3234 σε

624 3271 879 3336 καὶτοὺς
916 3272 1045 3334 σοὺς
1097 3273 1154 3325 ὲν
1196 3276 1262 3343 τῇ
1302 3272 1368 3341 σῇ
1417 3270 1585 3340 καλιᾷ
1647 3270 1897 3334 νεοττούς
1923 3286 1936 3300 ·
2002 3271 2078 3343 μὴ
2117 3275 2374 3348 σιγήσῃς,
2439 3266 2484 3325 ὦ
2519 3271 2750 3342 οὐρανία
2802 3270 2983 3343 ἀηδὼν
3008 3312 3022 3338 ,
3058 3270 3145 3325 ἀεὶ
3222 3270 3426 3342 ᾅδουσα
3492 3272 3590 3325 καὶ
3632 3271 3882 3342 ὲνηχοῦσά

628 3384 733 3439 μου
760 3370 875 3431 τοῖς
903 3366 1008 3421 ὠσὶ
1029 3367 1097 3420 τά
1133 3368 1252 3421 θεῖα
1277 3365 1654 3437 λιγυρίσματα
1684 3367 1765 3429 είς
1810 3366 1871 3420 τὸ
1930 3367 2019 3421 ἀεὶ
2088 3371 2457 3440 περιίπταμαι
2518 3370 2587 3439 τῇ
2635 3369 2701 3439 σῇ
2733 3368 2923 3437 νοσσιᾷ
2945 3366 3041 3418 καὶ
3089 3365 3459 3436 καταθηλύειν
3516 3367 3585 3421 τὰ
3643 3365 3882 3437 στρουθία

626 3478 724 3514 σου
752 3459 822 3515 τά
868 3461 926 3514 ὲν
957 3462 1096 3532 αὐτῇ
1122 3475 1135 3489 ⁸
1168 3460 1243 3532 μὴ
1283 3458 1592 3530 ἀναϐάλῃς,
1639 3452 1685 3513 ὦ
1723 3460 1917 3514 ἀένναε
1962 3460 2115 3533 πηγὴ
2162 3462 2262 3533 τῆς
2302 3462 2469 3533 ζωῆς,
2526 3460 2704 3526 ζῶντα
2731 3460 2825 3514 τοῦ
2871 3459 3205 3529 παραδείσου
3254 3458 3644 3524 ἀναϐλύζουσα
3677 3461 3804 3531 ἡμῖν
3828 3460 3881 3512 ἐκ

624 3555 725 3626 τῆς
762 3553 925 3626 Ἐδὲμ
978 3554 1311 3624 θεωρίαςιτά
1368 3553 1539 3624 διειδῆ
1572 3571 1666 3607 σου
1692 3556 1786 3607 καὶ
1815 3554 1984 3608 ἇθολα
2017 3556 2087 3609 τὰ
2116 3558 2364 3629 νάματα,
2395 3560 2475 3622 εἰς
2534 3558 2596 3611 τδ
2659 3555 2903 3627 πληροῦν
2931 3556 3125 3619 ὓδατος
3184 3555 3387 3621 ζῶντος
3419 3556 3633 3619 ταύτας
3686 3574 3775 3609 σου
3799 3557 3880 3619 τὰς

625 3646 854 3716 λογικὰς
888 3646 985 3699 κα)⁸
1030 3644 1308 3716 ἐμψύχους
1344 3643 1455 3697 τῶν
1506 3643 1796 3717 προϐάτων
1859 3644 2064 3713 ἀγέλας
2120 3646 2447 3719 δεξαμένας,
2518 3646 2593 3720 μὴ
2659 3647 2959 3718 ἀποκάμῃς
2992 3646 3142 3716 ἡμᾶς
3187 3644 3632 3715 όφθαλμίζουσα,
3665 3640 3711 3700 ῶ
3760 3646 3878 3715 καλὴ

626 3739 726 3793 καὶ
761 3739 1079 3808 στεφανϊτις
1127 3737 1431 3810 κηπουρὸς,
1479 3738 1573 3791 καὶ
1619 3737 2004 3809 ὀμματίζουσα
2060 3740 2197 3811 πρὸς
2234 3740 2296 3794 τὸ
2336 3739 2522 3804 καλῶς
2576 3740 2923 3812 καλλιεργείν
2971 3740 3067 3793 καὶ
3132 3738 3498 3810 ὀφθαλμίζειν
3522 3739 3592 3793 τὰ
3652 3739 3792 3809 (ρυτά
3820 3741 3876 3792 τὰ

629 3833 691 3886 ἐν
708 3829 812 3884 σοί.

700 3924 746 3980 0
801 3924 932 3980 luna
955 3939 1170 3995 semper
1200 3924 1402 3990 lucida,
1434 3940 1502 3981 ne
1529 3941 1714 3981 cesses
1742 3927 1939 3997 praeire
1970 3926 2131 3982 nobis
2160 3936 2215 3982 et

632 4020 804 4073 facem
835 4018 1020 4073 lucere
1052 4033 1147 4089 per
1175 4028 1392 4074 noctem
1428 4019 1730 4089 impietatis
1765 4020 1879 4091 (44)
1914 4027 1970 4074 et
2019 4019 2212 4091 Scrip-

629 4122 877 4168 turarum
904 4110 1157 4168 tenebras
1178 4119 1233 4166 et
1252 4111 1619 4167 dimcultates.
1649 4110 1693 4167 Ο
1713 4112 1916 4183 coniux
1948 4121 2003 4169 et
2024 4128 2213 4169 comes

625 4216 683 4262 te
705 4206 1188 4262 circumradiantis
1220 4206 1322 4260 viri
1355 4207 1435 4261 tui
1472 4207 1607 4263 solis
1630 4204 1859 4275 Christi,
1898 4222 1965 4263 ne
1992 4208 2213 4264 desinas

625 4298 813 4354 radios
845 4314 912 4353 ex
939 4313 1006 4354 eo
1039 4298 1201 4355 nobis
1236 4297 1527 4353 infundere
1548 4340 1564 4366 ,
1606 4307 1666 4354 ut
1697 4298 1771 4356 ita
1809 4314 1905 4370 per
1932 4310 1986 4356 te
2014 4300 2203 4356 multis

623 4390 993 4447 luminaribus
1010 4391 1280 4457 accensis,
1299 4404 1363 4445 ea
1393 4389 1488 4444 tibi
1512 4405 1705 4446 rursus
1736 4391 2041 4461 appendam
2062 4389 2200 4463 (45).

622 4486 682 4540 lo
700 4483 797 4539 Dei
821 4482 1097 4549 tbesaure,
1126 4496 1225 4536 oro
1249 4490 1302 4538 te
1322 4492 1376 4537 et
1395 4482 1663 4548 obtestor,
1696 4498 1893 4551 purum
1914 4491 1971 4538 et
1991 4484 2201 4554 regium

621 4592 766 4633 vera:
802 4585 910 4632 tua:
952 4574 1209 4647 imaginis
1245 4584 1534 4645 argentum
1573 4574 1794 4631 abunde
1832 4575 1991 4632 nobis
2039 4590 2203 4646 porro

623 4664 937 4737 suppedita,
969 4675 1027 4720 ut
1060 4662 1194 4719 illud
1223 4664 1276 4717 in
1309 4664 1700 4733 trapezitarum
1728 4672 1950 4718 tuorum
1984 4663 2199 4719 animas

624 4758 739 4829 (46)
791 4758 1112 4823 demittens,
1144 4758 1219 4813 ita
1249 4768 1301 4811 te
1321 4756 1529 4813 divitiis
1555 4754 1954 4823 abundantem,
1985 4771 2084 4826 per
2108 4771 2204 4812 eos

621 4852 812 4906 ditem.
839 4848 1087 4919 Denique
1122 4857 1183 4903 ut
1215 4858 1268 4904 te
1291 4849 1489 4904 iterum
1532 4864 1664 4905 vero
1703 4850 1928 4905 nomine
1957 4849 2202 4920 compel-

621 4944 754 5009 lem,
789 4956 823 4998 ο
848 4956 971 5012 quae
1007 4941 1119 5012 (47)
1143 4940 1385 5009 adjutrix
1419 4942 1538 4998 viro
1564 4951 1660 5003 tuo
1690 4957 1721 4997 a
1749 4941 1859 4997 Deo
1895 4941 2038 4999 facta
2072 4952 2205 4999 eset

621 5033 862 5104 cognita,
890 5048 1072 5104 perge,
1098 5048 1315 5104 precor,
1339 5050 1440 5091 nos
1467 5035 1631 5102 tueri,
1650 5033 1991 5106 nobisquein
2020 5035 2202 5090 omni-

2383 3922 2476 3994 Μὴ
2499 3920 2680 3983 λίποις
2708 3920 2741 3992 ἢ
2798 3918 3079 3992 ὲκλείψῃς,
3117 3913 3162 3974 ῶ
3194 3918 3465 3990 ἀειφανὴς
3513 3919 3738 3990 σελήνη,
3766 3916 3876 3970 καθ’

2311 4011 2585 4084 οδηγοῦσα
2620 4012 2769 4082 ἡμᾶς
2795 4012 2853 4064 ὲν
2886 4012 2953 4082 τῇ
2990 4011 3147 4063 νυκτὶ
3178 4008 3280 4081 τῆς
3305 4009 3496 4072 ἀθεῖας
3514 4009 3628 4064 τῶν
3668 4010 3707 4063 Γ
3710 4009 3875 4082 ραφῶν

2311 4106 2612 4176 παννυχίας
2652 4104 2746 4158 καὶ
2776 4102 3162 4175 ἀκαταληψίας
3188 4118 3202 4133 ⁸
3245 4104 3319 4175 μὴ
3346 4104 3689 4175 καταδήσῃς,
3728 4101 3769 4156 ῶ
3802 4102 3875 4154 σύ-

2309 4198 2443 4266 ζυγε
2467 4198 2562 4252 καὶ
2608 4198 2877 4270 σύνδρομε
2910 4197 3005 4251 τοῦ
3036 4197 3130 4251 σοῦ
3157 4198 3491 4269 ἀμφιφώτου
3529 4199 3871 4271 σεληνάνδρου

2310 4292 2460 4363 ἡλίου
2499 4291 2766 4363 Χριστοῦ,
2796 4292 2871 4362 μὴ
2902 4291 3000 4362 τὴν
3023 4291 3083 4358 ἐξ
3107 4290 3275 4344 αὐτοῦ
3313 4291 3510 4345 ἀκτῖνα
3558 4293 3696 4362 ἡμῖν
3722 4308 3870 4345 κατα-

2312 4385 2606 4455 πέμπουσα
2634 4386 2782 4449 ὅπως
2811 4384 2872 4449 ὲξ
2899 4383 3069 4438 αὐτοῦ
3101 4384 3190 4438 διά
3227 4384 3322 4437 σοῦ
3341 4385 3737 4453 καταφωτίσας
3759 4384 3869 4437 πολε

2310 4476 2435 4541 λοὺς
2465 4477 2759 4549 φωστῆρας
2791 4478 2854 4529 ὲκ
2881 4475 2977 4529 σοῦ
3004 4474 3259 4545 ἐξανάψω
3289 4492 3392 4530 σοι.
3428 4474 3515 4528 Ἰὼ
3539 4473 3617 4538 ὡς
3640 4474 3769 4528 Θεοῦ
3795 4472 3868 4541 θη·
3901 4532 3909 4539 ,

2313 4566 2534 4638 σαυρὸς,
2568 4565 2643 4639 μὴ
2668 4567 2835 4637 παίσῃ
2867 4565 3141 4629 πλουσίως
3164 4566 3297 4635 ἡμῖν
3326 4562 3643 4635 χορηγοῦσα
3683 4564 3738 4616 τὸ
3764 4562 3866 4615 ἀκί-

2309 4660 2503 4732 ϐδηλον
2535 4661 2630 4714 καὶ
2674 4658 2957 4731 βασιλικὸν
3002 4658 3103 4729 τῆς
3141 4656 3379 4728 ἀληθοῦς
3424 4673 3519 4709 σου
3559 4656 3761 4717 εἰκόνος
3784 4656 3863 4720 ἀρε

2310 4752 2504 4823 γύριον
2524 4769 2538 4783 ·
2571 4752 2719 4815 ὅπως
2748 4750 2908 4804 τοῦτο
2934 4748 3263 4804 καταϐαλὼν
3292 4751 3351 4801 ὲν
3379 4750 3501 4810 ταῖς
3528 4749 3728 4819 ψυχαῖς
3751 4762 3862 4817 τρα-

2307 4844 2551 4910 πεζιτῶν
2588 4845 2696 4899 σῶν
2736 4846 2923 4917 άρῤων
2979 4860 3037 4895 σε
3071 4843 3136 4896 δι’
3177 4842 3357 4896 αὐτῶν
3413 4840 3512 4912 τὴν
3567 4840 3859 4894 θεόπλουτον

2309 4939 2768 5009 καταπλουτήσω.
2810 4936 2967 4992 Μετὰ
2994 4935 3051 4989 δὲ
3079 4933 3255 4992 ταῦτα
3274 4934 3474 4998 πάντα,
3508 4936 3599 4985 καὶ
3629 4932 3733 5002 πρὸ
3753 4930 3858 4982 τού-

2306 5050 2417 5089 των
2445 5032 2521 5096 ὼς
2550 5030 2731 5103 βοηθῴ
2764 5028 2841 5101 τῷ
2870 5027 3143 5101 ἀνθρώπῳ
3164 5025 3432 5099 γενομένη
3466 5026 3573 5078 ὑπὸ
3608 5022 3760 5089 Θεοῦ,
3782 5020 3858 5074 καὶ

2140 5149 2372 5208 NOTAE.

696 5262 809 5336 (42)
847 5262 1030 5336 Pullos
1064 5274 1179 5319 tuos
1211 5264 1482 5336 oblectem.
1516 5261 1617 5320 Ms.
1638 5264 1732 5328 Εἰς
1747 5263 1811 5317 τὸ
1839 5262 2203 5336 καταθηλύειν

618 5335 690 5406 τά
725 5334 984 5406 στρουθία
1018 5352 1112 5388 σου
1141 5335 1241 5388 τοῦ
1266 5338 1324 5390 ἐν
1367 5336 1529 5406 αὐτῇ,
1576 5336 1690 5405 lege
1724 5336 1804 5398 είς
1840 5334 1902 5387 τὸ
1959 5338 2201 5406 καταθη-

620 5405 799 5477 λύνειν
833 5405 901 5477 τὰ
936 5407 1196 5477 στρουθία
1226 5423 1319 5459 σου
1355 5406 1427 5477 τά
1452 5407 1509 5459 ὲν
1530 5406 1690 5477 αὐτῇ,

691 5476 806 5548 (45)
839 5474 1352 5550 Ιιὶιηρὶάοείαιίεεδ.
1386 5476 1603 5532 Με.καὶ
1638 5474 1817 5546 ἀθόλῳ
1851 5476 1921 5529 τά
1940 5476 2158 5549 νάματα
2184 5494 2196 5507 ·

616 5549 739 5621 lege
764 5550 873 5621 tta}:
886 5548 1054 5602 ἇθολα
1076 5549 1146 5601 τὰ
1175 5548 1419 5621 νάματα.

691 5619 807 5688 (44)
839 5618 941 5674 Per
964 5628 1163 5673 noctem
1195 5619 1515 5690 impietatis.
1545 5618 1815 5690 Corrupto
1870 5635 1978 5690 IIIS._
2018 5620 2076 5671 ὲν
2130 5620 2197 5690 τῇ

618 5687 903 5760 νυκτὶςτῆς
932 5690 1121 5752 ἀθεῖας
1149 5688 1261 5742 τῶν
1295 5689 1529 5759 Γραφῶν
1564 5687 1866 5752 παννυξίας
1896 5688 1991 5741 κα)⁸
2052 5687 2197 5742 ἀκαξ

617 5758 925 5830 ταληψείας
960 5760 1274 5814 necessario
1307 5758 1616 5830 legendum,
1658 5762 1715 5811 ἐν
1758 5760 1824 5830 τῇ
1879 5760 2036 5830 νυκτὶ
2101 5760 2200 5829 τῆς

617 5829 809 5895 dilata;
840 5831 934 5887 καὶ
978 5830 1086 5885 τῶν
1116 5830 1352 5904 Γραφῶν
1373 5829 1381 5830 “
1403 5831 1671 5903 παννυχίσι
1709 5830 1799 5885 καὶ
1829 5829 2196 5907 ἀκαταληψέᾳ.

2378 5263 2491 5333 (45)
2529 5260 2609 5315 Ea
2640 5258 2959 5333 tibirttrstts
2989 5254 3307 5327 appendam.
3333 5253 3433 5309 Ms.
3473 5250 3752 5320 ἐξαναψῶν
3767 5265 3851 5311 σοι,

2306 5329 2717 5389 rescribendum
2749 5329 3002 5398 ὲξανάψω
3044 5345 3147 5381 σοι.

2377 5403 2491 5473 (46)
2525 5401 2593 5455 In
2625 5390 3008 5473 trapezitarqu
3039 5399 3506 5473 tuorttmanimas.
3530 5394 3632 5449 Ms.
3665 5392 3720 5473 ὲν
3751 5390 3854 5473 ταῖς

2303 5460 2503 5544 ψυχαῖς
2532 5460 2880 5544 τραπεζιτῶν
2902 5470 3012 5523 τῶν
3034 5468 3143 5522 σῶν
3170 5468 3357 5540 apem
3381 5484 3464 5532 σε,
3489 5476 3595 5521 etc.
3624 5460 3850 5535 putabam

2307 5543 2417 5598 σῶν
2434 5543 2641 5614 ἀρνῶν.
2669 5550 2730 5596 ut
2754 5556 2941 5614 supra.
3082 5611 3094 5614 _
3273 5562 3309 5614 _‘
3676 5604 3687 5614 .

2375 5608 2487 5685 (47)
2517 5613 2562 5667 0
2588 5629 2737 5685 iquaz.
2774 5608 2912 5668 Puto
2946 5626 3033 5665 me
3082 5611 3227 5685 hunc
3266 5608 3454 5685 locum
3509 5608 3721 5685 egregie
3775 5612 3848 5685 sf;

2308 5670 2483 5740 na‘ssc'
2507 5670 2625 5753 qui.
2648 5685 2701 5737 in
2732 5700 2835 5737 ms.
2877 5691 3133 5753 corrupte
3162 5681 3240 5753 ita
3260 5679 3467 5753 legitur
3496 5695 3511 5733 :
3544 5670 3664 5741 ’ὡς
3696 5670 3847 5745 βοηθῷ

2311 5756 2389 5828 (qi
2418 5750 2696 5829 ἀνθρώπῳ
2733 5753 3001 5828 γενομένη
3018 5750 3123 5806 ὑπὸ
3149 5750 3307 5816 Θεοῦ,
3344 5759 3449 5806 etc.
