4080 6598
537 384 675 450 1079

1733 385 1795 445 S.
1824 384 2226 446 ANASTASII
2267 383 2594 445 SlNAIT/E

3649 376 3786 440 1080

534 514 656 554 mur
710 512 819 569 quo
846 496 1008 552 modo
1032 496 1197 552 Deum
1234 495 1498 567 placaturi
1529 496 1723 555 simus.
1749 495 1921 552 liabet
1954 496 2098 553 enim

2206 513 2311 560 σις.
2366 497 2457 550 Ἑν
2498 498 2607 565 γὰρ
2649 496 2826 565 τούτῳ
2860 496 2940 566 τῷ
2981 494 3183 567 ψαλμῷ
3232 488 3609 561 διδασκόμεθα
3646 491 3785 561 ποίῳ

534 606 664 647 vere
704 590 1082 660 penitentiam
1135 588 1273 644 nihil
1326 588 1506 642 fictam
1554 587 1938 653 humilitatem,
1979 603 2109 645 con-

533 680 851 745 fessionem,
910 679 1200 749 lacrytnas,
1250 678 1477 742 luctum,
1522 679 1971 744 conversionem,
2015 694 2108 749 ge—

534 776 747 841 tnitum,
765 770 1110 829 conscientia:
1138 769 1528 834 turbationem,
1556 770 1946 835 inﬁrmitatem,
1976 754 2109 826 con-

532 873 749 933 ceptam
778 865 849 919 ab
878 861 1368 919 innumerabilibus
1411 859 1649 929 peccatis
1698 861 2105 930 contritionem,

532 956 761 1010 salutem
806 969 871 1009 ex
923 953 1015 1008 Dei
1063 953 1435 1007 misericordia
1493 962 1725 1023 partam,
1784 964 2105 1008 nocturnam

530 1063 653 1102 cum
709 1046 820 1103 Deo
849 1046 1249 1109 assiduitatem,
1277 1043 1535 1114 frequens
1568 1045 1621 1101 in
1656 1045 1796 1103 lecto
1821 1062 1885 1100 ac
1930 1055 2106 1103 strato

530 1139 762 1195 interdiu
789 1148 1063 1209 gestorum
1096 1146 1413 1206 perceptum
1447 1153 1694 1201 sensum,
1723 1152 1787 1192 ac
1842 1154 1939 1207 per
1982 1154 2103 1195 eum

528 1232 642 1287 veri
685 1231 925 1300 Spiritus
978 1229 1154 1284 sancti
1222 1229 1586 1301 lacrymarum
1634 1232 1858 1289 obtentu
1910 1232 2103 1287 visita-

531 1326 755 1380 tionem.
824 1322 937 1378 Nec
1003 1325 1161 1377 modo
1209 1323 1325 1377 iure
1376 1338 1518 1377 vera:
1566 1325 1900 1393 pomitentiae
1956 1335 2103 1381 certa

532 1425 867 1486 argumenta,
898 1415 989 1469 sed
1023 1415 1187 1469 etiam
1219 1414 1344 1469 inde
1374 1416 1786 1484 provenientem
1824 1418 2106 1472 remissio-

529 1525 673 1573 nem,
702 1524 763 1561 ac
794 1507 1083 1578 perfectam
1116 1508 1350 1573 veniam,
1390 1508 1716 1579 insuperque
1767 1510 2106 1580 increpatio~

529 1615 652 1655 nem
696 1598 795 1671 (4),
823 1599 1039 1667 vimque
1062 1598 1331 1651 orationis
1361 1600 1500 1666 apud
1530 1599 1717 1666 Deum,
1753 1616 1817 1655 ac
1847 1601 2106 1656 daemonio

526 1693 629 1748 bus
660 1692 860 1746 illatam
889 1704 985 1760 per
1014 1704 1133 1744 eam
1163 1690 1576 1757 confusionem;
1614 1693 1851 1749 hominis
1872 1694 2106 1764 denique

529 1782 583 1836 in
608 1784 846 1852 peccatis
872 1782 1163 1834 inveterati
1196 1780 1427 1835 salutem
1454 1797 1518 1836 ac
1549 1782 2011 1839 reformationem.

2207 582 2402 660 τρόπῳ
2453 588 2550 641 τὸν
2579 587 2716 641 Θεὸν
2750 587 3177 659 ὲξιλεωσόμεθα.
3211 585 3368 658 Ἔχει
3403 582 3513 656 γὰρ
3548 583 3650 655 τὴν
3680 583 3787 635 τῶν
3847 582 3861 602 ⁹

2209 682 2618 753 μετανοούντων
2644 680 2861 751 ἀληθῶς
2892 680 3101 752 ἀψευδῆ
3172 680 3531 744 ταπείνωσιν,
3568 677 3671 749 τὴν
3705 674 3788 741 ἐξ·

2215 772 2575 843 ομολόγησιν,
2602 772 2671 826 τὰ
2697 772 2932 843 δάκρυα,
2967 771 3031 825 τὸ
3063 771 3279 838 πένθος,
3301 770 3401 842 τὴν
3421 768 3785 839 ἐπιστροφὴν,

2204 864 2298 916 τὸν
2343 862 2682 934 στεναγμὸν,
2731 862 2834 933 τὴν
2878 860 2974 916 τοῦ
3007 861 3316 925 συνειδότος
3362 857 3632 931 ταραχὴν,
3687 858 3787 927 τὴν

2206 953 2520 1019 ἀσθένειαν,
2546 954 2647 1024 τὴν
2670 952 2731 1017 ἐξ
2756 952 3059 1024 ἀμυθήτων
3084 952 3447 1023 πταισμάτων
3470 946 3782 1019 συντριϐὴν,

2204 1049 2305 1117 τὴν
2346 1044 2406 1112 ἐξ
2439 1046 2628 1110 ἐλέους
2663 1045 2801 1100 Θεοῦ
2856 1044 3162 1117 σωτηρίαν,
3213 1044 3314 1115 τὴν
3346 1044 3407 1097 ἐν
3444 1042 3606 1097 νυκτὶ
3648 1040 3785 1110 πρὸς

2205 1142 2339 1197 Θεὸν
2375 1140 2758 1212 προσεδρείαν,
2803 1138 2902 1210 τὴν
2936 1141 2996 1193 ἐν
3050 1141 3119 1209 τῇ
3170 1138 3328 1209 κλίνη
3376 1137 3474 1191 καὶ
3524 1136 3781 1207 στρωμνῇ

2205 1236 2497 1307 γινομένην
2527 1233 2787 1298 πολλάκις
2815 1234 2946 1304 (τῶν
2973 1234 3097 1287 καθ’
3120 1231 3338 1303 ἡμέραν
3362 1228 3779 1301 πραττομένων)

2209 1327 2589 1398 συναίσθησιν,
2619 1327 2718 1379 καὶ
2756 1325 2857 1395 τὴν
2895 1324 2964 1379 δι’
2996 1324 3169 1393 αὐτῆς
3194 1324 3289 1377 τοῦ
3340 1321 3581 1394 ἀληθοῦς
3612 1318 3784 1374 Πνεύ-

2209 1435 2380 1489 ματος
2427 1418 2523 1471 τοῦ
2587 1419 2743 1487 ἁγίου
2779 1418 2868 1470 διὰ
2925 1418 3179 1488 δακρύων
3214 1414 3530 1486 ἐπίσκεψιν.
3581 1411 3696 1466 Καὶ
3724 1411 3785 1465 ού

2205 1510 2382 1563 ταῦτα
2444 1510 2604 1581 μόνον
2654 1510 2757 1577 τῆς
2812 1508 3052 1579 ἀληθοῦς
3111 1509 3405 1578 μετανοίας
3460 1507 3778 1576 τεκμήρια,

2208 1603 2343 1657 ἀλλά
2384 1601 2479 1656 καὶ
2515 1603 2615 1672 τὴν
2649 1604 2714 1655 ἐκ
2744 1600 2953 1653 τούτων
2980 1599 3422 1671 προσγινομένην
3446 1598 3670 1667 ἄφεσιν,
3693 1596 3785 1648 καὶ

2208 1695 2307 1763 τὴν
2340 1692 2557 1746 τελείαν
2592 1689 2972 1761 συγχώρησιν,
3009 1691 3105 1742 καὶ
3128 1690 3226 1759 τὴν
3256 1693 3394 1759 πρὸς
3434 1688 3636 1748 αὐτοὺς
3667 1687 3787 1737 ἐπι-

2204 1790 2458 1857 τίμησιν,
2494 1785 2591 1839 καὶ
2613 1785 2713 1855 τὴν
2748 1784 2849 1853 τῆς
2895 1783 3060 1854 εὐχῆς
3110 1782 3260 1854 παρὰ
3295 1780 3430 1835 Θεοῦ
3471 1781 3651 1851 ἰσχὺν,
3693 1776 3787 1831 καὶ

525 1871 624 1944 τὴν
662 1874 726 1924 ἐκ
756 1870 963 1940 ταύτης
996 1870 1295 1939 γινομένην
1338 1873 1453 1933 τοῖς
1500 1870 1753 1940 δαίμοσιν
1804 1872 2089 1944 αἰσχύνην,
2136 1879 2230 1941 καὶ
2260 1880 2359 1946 τὴν
2402 1872 2496 1927 τοῦ
2549 1872 2956 1936 παλαιωθέντος
3025 1872 3318 1945 ἀνθρώπου
3394 1873 3453 1925 ἐν
3490 1868 3789 1940 ἁμαρτίαις

528 1963 801 2034 σωτηρίαν
837 1962 931 2014 καὶ
958 1960 1283 2015 ἀνάπλασιν.

599 2058 691 2113 Slc
724 2072 883 2126 porro
919 2056 1112 2128 psalmi
1149 2056 1433 2123 inscriptio
1488 2060 1732 2113 continet
1781 2078 1795 2114 :

524 2151 764 2216 Dasidis,
805 2151 868 2205 de
892 2151 1113 2205 Octava.
1135 2137 1557 2207 Octavam‘solet
1588 2168 1786 2209 vocare
1809 2154 2099 2226 Scriptura

524 2242 690 2296 vitam
720 2241 864 2295 illam
920 2256 1041 2309 quae
1080 2249 1203 2309 post
1229 2240 1516 2309 septimam
1550 2241 1709 2310 hujus
1754 2243 1939 2298 szeculi
1966 2245 2097 2301 sub-

523 2343 785 2403 sequetur
845 2350 860 2386 :
916 2347 1081 2402 quam
1117 2340 1172 2387 et
1194 2343 1385 2387 octavo
1423 2332 1511 2388 die
1560 2332 1703 2387 facta
1757 2335 2099 2391 circumcisio

522 2424 983 2497 przesignificavit.
1013 2422 1132 2478 Jam
1168 2424 1235 2479 de
1257 2423 1463 2480 Octava
1495 2424 1665 2480 etiam
1708 2426 1823 2495 ipse
1869 2428 2088 2498 sapien-

522 2518 769 2574 tissimus
792 2516 1044 2571 Salonton
1086 2532 1184 2572 nos
1217 2518 1494 2582 admonet,
1527 2517 1747 2573 dicens:
1789 2538 1806 2571 ι
1850 2518 1925 2573 Da
1978 2538 2101 2591 par-

525 2620 630 2664 tem
659 2619 889 2678 septem,
916 2622 1015 2663 nec
1035 2623 1141 2663 non
1159 2619 1285 2664 octo
1310 2611 1362 2675 ¹;
1398 2627 1417 2657 υ
1444 2611 1602 2679 quasi
1621 2612 1765 2666 dicat
1788 2630 1801 2667 :
1825 2611 2101 2668 Sollicitus

521 2704 599 2757 sis
625 2702 678 2756 in
702 2701 805 2755 hac
830 2702 937 2757 vita
968 2700 1241 2770 septimae,
1262 2702 1384 2755 boni
1415 2702 1559 2758 illius
1596 2702 1879 2758 millenarii
1900 2705 1976 2775 (5)
2013 2704 2101 2758 fu-

521 2804 657 2850 tura
684 2796 806 2847 vitae
835 2808 899 2847 ac
926 2792 1215 2859 manentis,
1255 2793 1303 2846 id
1331 2803 1417 2847 est
1460 2804 1707 2850 mternte.
1746 2793 1849 2850 Sed
1873 2796 1987 2867 jam
2015 2799 2100 2851 vi-

520 2887 745 2940 deamus
780 2884 948 2953 ipsius
978 2883 1171 2954 psalmi
1200 2885 1507 2939 exordium.

594 2995 617 3030 ι
665 2977 911 3042 Domine,
949 2992 1014 3031 ne
1050 2977 1104 3030 in
1142 2976 1326 3032 furore
1364 2987 1457 3030 tuo
1479 2993 1679 3047 arguas
1708 2994 1813 3033 me.
1857 2998 1875 3030 ι
1908 2978 2099 3035 Mentis

518 3083 638 3122 sese
667 3066 1141 3135 oculisproplteta,
1171 3075 1429 3135 tauquam
1462 3068 1663 3121 nudum
1689 3082 1754 3122 ac
1783 3069 2099 3137 resupinum

520 3170 647 3219 ante
677 3159 917 3213 terribile
972 3157 1102 3212 illud
1161 3157 1402 3211 futurum
1464 3157 1706 3212 tribunal
1739 3163 2098 3227 constituens,

520 3270 583 3308 ac
615 3254 758 3322 ipsos
793 3252 1102 3309 Dominicos
1151 3251 1465 3322 complexus
1495 3253 1659 3323 pedes
1690 3270 1703 3309 ;
1738 3252 1885 3309 velut
1906 3255 2104 3327 aliquis

522 3345 776 3407 fiduciam
812 3360 918 3399 non
951 3346 1180 3407 habens,
1216 3346 1310 3399 sed
1370 3360 1478 3412 prce
1511 3345 1838 3399 verecundia
1892 3347 2100 3401 vultum

1850 2058 2099 2115 Ρεαιηιιιε
2134 2069 2175 2123 Β
2274 2055 2533 2127 Περιέχει
2562 2055 2623 2109 δέ
2656 2057 2689 2126 ἡ
2722 2054 2885 2123 ὀγδόη
2910 2053 3004 2107 τοῦ
3040 2052 3259 2125 ψαλμοῦ
3305 2053 3593 2125 ἐπιγραφὴ
3618 2055 3786 2125 οὕτω,

2208 2150 2453 2219 Ψαλμὸς
2501 2146 2583 2214 τῷ
2622 2147 2800 2202 Δαϐὶδ
2824 2191 2839 2214 ,
2881 2148 3017 2215 περὶ
3069 2147 3182 2215 τῆς
3242 2146 3483 2217 ὀγδόης.
3561 2148 3789 2221 Ὀγδόην

2199 2242 2408 2311 ὀφείλει
2438 2243 2471 2311 ἡ
2510 2240 2705 2312 Γραφὴ
2730 2239 3022 2309 ὀνομάζειν
3078 2240 3180 2310 τὴν
3213 2238 3357 2293 κατά
3408 2240 3509 2311 τὴν
3551 2241 3788 2313 ἑϐδόμην

2200 2333 2296 2386 τοῦ
2328 2333 2601 2403 παρόντος
2640 2331 2839 2394 αἰῶνος
2867 2331 3013 2401 ζωὴν
3054 2332 3149 2384 καὶ
3180 2330 3461 2402 διαγωγήν
3486 2346 3499 2361 ·
3524 2332 3592 2403 ῆν
3648 2350 3787 2403 προ-

2206 2427 2483 2498 εμήνυσεν
2512 2426 2546 2497 ἡ
2574 2425 2925 2496 ὀκταήμερος
2943 2424 3243 2495 περιτομή.
3265 2423 3405 2495 Περὶ
3426 2424 3523 2495 τῆς
3561 2426 3788 2495 Ὀγδόης

2202 2519 2296 2571 καὶ
2338 2519 2366 2569 ὀ
2413 2517 2574 2586 σοφὸς
2603 2514 2854 2586 Σολομὼν
2900 2516 3048 2585 ἡμᾶς
3082 2514 3330 2567 νουθετεῖ
3358 2515 3537 2583 λέγων
3569 2533 3583 2547 ’
3628 2535 3646 2568 ι
3686 2520 3788 2582 Δὸς

2205 2609 2405 2680 μερίδα
2424 2612 2540 2672 τοῖς
2572 2606 2735 2670 ἐπτά,
2766 2606 2858 2662 καί
2882 2623 2943 2674 γε
2964 2608 3077 2670 τοῖς
3106 2604 3303 2660 ὀκτώ.»
3323 2606 3536 2661 Ὢσανεὶ
3560 2606 3736 2676 λέγων
3766 2624 3781 2637 ο

2201 2702 2495 2772 Φρόντισον
2528 2704 2585 2754 ἐν
2622 2699 2701 2771 τῷ
2723 2699 2825 2770 βίῳ
2854 2698 3027 2767 τούτῳ
3049 2699 3149 2767 τῆς
3182 2698 3417 2770 ἑϐδόμης
3450 2699 3787 2771 χιλιοντάδος

2201 2791 2417 2861 ἀγαθῆς
2467 2794 2569 2863 τῆς
2604 2790 2911 2863 μελλούσης
2966 2790 3062 2844 καὶ
3123 2788 3395 2861 μενούσης
3440 2789 3590 2860 ζωῆς
3648 2794 3782 2845 αίω·

2202 2885 2342 2940 νίου.
2382 2884 2534 2936 Ἀλλ’
2569 2883 2767 2954 ἴδωμεν
2807 2881 2971 2935 αὐτοῦ
3004 2881 3096 2934 τοῦ
3127 2881 3345 2952 ψαλμοῦ
3383 2882 3445 2936 τὸ
3470 2884 3783 2955 προοίμιον.

2280 2994 2298 3028 ι
2333 2975 2529 3047 Κύριε,
2562 2974 2638 3046 μὴ
2661 2974 2739 3045 τῷ
2757 2972 2916 3045 θυμῷ
2942 2990 3037 3026 σου
3070 2972 3299 3044 ἐλέγξῃς
3332 2991 3422 3043 με.
3467 2992 3487 3027 ι
3530 2976 3787 3045 ὐμμασι

2204 3071 2415 3141 νοεροῖς
2458 3070 2489 3122 ὀ
2536 3068 2825 3139 προφήτης
2866 3066 3069 3121 ὡσανεὶ
3120 3068 3213 3120 καὶ
3278 3067 3786 3138 τετραχιλησμένος

2203 3161 2342 3233 πρὸς
2366 3160 2428 3214 τὸ
2464 3159 2698 3230 φοϐερὸν
2732 3158 2917 3211 ἐκεῖσε
2956 3156 3248 3227 παρεστὼς
3276 3157 3651 3229 δικαστήριον,
3686 3158 3789 3211 καὶ

2212 3254 2396 3308 αὐτῶν
2436 3250 2544 3306 τῶν
2571 3250 2667 3304 τοῦ
2724 3250 2937 3322 Κυρίου
2971 3248 3154 3302 ποδῶν
3189 3249 3570 3320 ἐφαπτόμενος
3595 3250 3670 3313 ὡς
3696 3244 3791 3304 οἷά

2204 3361 2290 3409 τις
2338 3343 2795 3415 ἀπαρρησίαστος
2840 3340 2941 3395 καὶ
3004 3341 3259 3412 κατηφὴς
3319 3339 3416 3394 καὶ
3454 3340 3791 3411 ἁπρόσωπος

523 3437 960 3497 demittens,ncc
989 3436 1191 3490 audens
1246 3437 1516 3505 aspicere,
1557 3438 1817 3508 omnique
1868 3453 2098 3495 excusa-

2202 3438 2491 3510 ὑπάρχων,
2529 3436 2625 3491 καὶ
2660 3433 2942 3507 μηδεμίαν
2985 3432 3288 3502 ἀπολογίαν
3317 3433 3459 3503 ὑπὲρ
3488 3432 3599 3486 τῶν
3630 3432 3781 3486 ἰδίων

523 3530 690 3590 tione.
719 3543 823 3598 qua
850 3544 945 3583 sua
980 3537 1198 3598 peccata
1233 3527 1508 3594 defendat,
1533 3544 1731 3583 carens
1763 3548 1777 3585 :
1816 3531 1948 3585 nihil
1984 3532 2095 3600 jam

522 3634 553 3679 ιι
587 3616 773 3686 judice
808 3616 1077 3686 postulat;
1111 3618 1205 3673 sed
1238 3619 1340 3672 hoc
1386 3629 1597 3672 tantum
1640 3617 1886 3687 profert:
1930 3636 1949 3671 ι
1994 3619 2100 3673 Do-

521 3711 693 3775 mine,
732 3724 799 3763 ne
833 3708 885 3763 iu
914 3707 1101 3763 furore
1124 3722 1215 3764 tuo
1248 3724 1447 3780 arguas
1480 3726 1586 3765 tne.
1630 3728 1649 3761 ι
1685 3711 1832 3777 Scio,
1860 3713 2101 3778 Domine,

529 3802 670 3856 nihil
694 3815 802 3857 non
839 3815 1003 3871 grave
1058 3815 1123 3855 ac
1178 3801 1510 3856 horrendum
1557 3816 1777 3857 manere
1836 3819 1943 3869 tne,
1981 3818 2103 3859 cum

522 3894 577 3947 in
618 3896 910 3962 conspeetu
945 3890 1259 3960 angelorum
1293 3900 1349 3946 et
1392 3891 1864 3962 arcltangelorum,
1894 3894 2101 3948 omnis-

523 4001 629 4054 que
666 3994 933 4040 creatura:
981 3983 1160 4055 posito
1212 3984 1498 4048 tribunali,
1532 3984 1700 4054 inque
1762 3984 1987 4039 terribili
2032 3999 2098 4039 ac

522 4079 733 4133 elevato
756 4078 897 4133 solio
934 4086 1025 4131 tuo
1058 4076 1125 4131 ad
1154 4077 1417 4148 judicium
1456 4078 1775 4146 praesidens,
1811 4077 2102 4134 connnissa

531 4188 561 4231 a
597 4172 754 4225 nobis
777 4179 997 4238 peccata
1025 4170 1210 4226 omnia
1246 4169 1622 4224 ntanifestabis
1651 4184 1716 4225 ac
1742 4181 1971 4239 releges.
1994 4168 2105 4226 Nec

520 4264 713 4331 audeo,
746 4262 996 4330 Domine,
1024 4270 1119 4316 aut
1173 4277 1271 4329 pro
1325 4277 1448 4316 mea
1495 4263 1635 4332 apud
1694 4274 1745 4318 te
1769 4264 1949 4332 gratia
1978 4279 2111 4333 prae-

518 4370 706 4417 sumo,
738 4353 1008 4424 integram
1033 4352 1389 4421 plurimorum
1454 4370 1699 4410 meorum
1756 4369 2108 4425 peccatorum

592 4475 611 4505 ⁸
677 4475 858 4529 Eccle.
903 4488 965 4538 tt,
982 4472 1039 4529 2.

2197 3527 2700 3600 πλημμελημάτων
2731 3523 2990 3596 εὐπορῶν
3017 3540 3030 3554 ·
3082 3524 3235 3577 οὐδὲν
3276 3524 3495 3591 λοιπὸν,
3524 3526 3664 3593 μετά
3696 3524 3789 3577 τὸν

2196 3621 2458 3693 δικαστὴν
2483 3619 2723 3684 ἐξαιτεῖ,
2760 3618 2879 3671 ἀλλ’
2910 3618 2943 3689 ἢ
2983 3615 3143 3671 τοῦτο
3182 3617 3384 3686 λέγων,
3418 3636 3435 3668 ι
3475 3617 3671 3689 Κύριε,
3709 3619 3789 3689 μὴ

2200 3715 2277 3786 τῷ
2308 3712 2465 3785 θυμῷ
2500 3729 2596 3766 σου
2624 3710 2853 3782 ἐλέγξῃς
2880 3728 2970 3781 με.
3015 3728 3033 3761 ι
3072 3704 3227 3771 Οἶδα,
3260 3709 3527 3775 Δέσποτα,
3557 3710 3641 3762 ὅτι
3673 3712 3786 3763 πᾶν

2201 3808 2377 3862 δεινὸν
2419 3805 2518 3860 καὶ
2550 3804 2780 3877 φρικτὸν
2825 3803 3087 3871 ἀναμένει
3130 3818 3221 3872 με,
3262 3802 3352 3854 ὅτε
3403 3800 3785 3871 συστήσασθαι

2207 3898 2423 3970 μέλλεις
2458 3897 2814 3966 δικαστήριον
2865 3892 3100 3947 ἐνώπιον
3150 3892 3400 3961 ἀγγέλων
3435 3894 3530 3947 καὶ
3578 3895 3790 3963 ἀρχαγ-

2201 3991 2379 4061 γέλων
2409 3990 2439 4030 ι’
2473 3987 2897 4059 προκαθήμενος
2926 4026 2942 4052 ,
2996 3986 3094 4040 καὶ
3158 3986 3376 4039 πάντων
3403 3987 3513 4039 τῶν
3573 4002 3791 4054 πεπρα-

2201 4084 2423 4155 γμένων
2447 4083 2582 4152 ἡμῖν
2605 4078 3024 4150 ἁμαρτημάτων
3047 4079 3377 4148 φανέρωσιν,
3400 4078 3496 4131 καὶ
3514 4076 3791 4130 ἀποκάλυ-

2201 4176 2297 4245 ψιν
2336 4173 2686 4245 ποιούμενος.
2735 4171 2849 4225 Καὶ
2883 4173 2945 4223 οὺ
2998 4168 3221 4241 τολμῶ,
3272 4169 3395 4225 ούδέ
3443 4167 3788 4239 εύπροσωπῶ

2204 4267 2424 4321 τελείαν
2452 4265 2553 4336 τὴν
2586 4262 2938 4334 συγχώρησιν
2968 4260 3080 4314 τῶν
3112 4259 3326 4313 πολλῶν
3360 4277 3463 4331 μου
3498 4259 3785 4330 ἁμαρτηᾷν

2210 4360 2367 4431 παρὰ
2396 4358 2490 4412 σοῦ
2519 4354 2877 4427 αἰτήσασθαι,
2897 4352 3167 4419 Δέσποτα,
3196 4353 3280 4407 ὅτι
3312 4351 3516 4424 μείζων
3546 4353 3581 4423 η
3607 4351 3791 4423 ἀμαρο

589 4567 618 4608 δ
646 4564 827 4621 Codex
856 4566 988 4633 Reg.
1013 4562 1161 4616 addit
1186 4580 1197 4612 :
1231 4560 1341 4613 Καὶ
1373 4559 1553 4629 πάσης
1582 4560 1853 4630 κτήσεως,
1889 4559 1981 4613 ἐπὶ
2011 4559 2098 4614 τοῦ

2202 4561 2370 4635 ιϐεροῦ
2396 4566 2488 4619 καὶ
2530 4568 2845 4638 ἐπηρμένου
2877 4566 3069 4637 θρόνου
3110 4564 3190 4629 είς
3224 4562 3410 4637 κρίσιν

2049 4709 2281 4769 NOTAE.

590 4845 666 4916 (ι)
709 4841 1033 4916 Insuperque
1056 4832 1496 4916 increpationein:
1532 4828 1783 4916 Καὶᾲτὴν
1805 4828 1979 4916 tam]?
2003 4829 2101 4916 αύ-
2133 4834 2178 4893 ι)
2207 4839 2369 4901 taque
2409 4832 2682 4916 Anastasii
2716 4848 2871 4888 meus
2900 4846 2963 4916 ac
2990 4833 3183 4887 aliusio
3207 4834 3274 4887 ad
3301 4833 3500 4916 Christi
3543 4835 3669 4916 illud
3700 4852 3785 4892 reo

518 4898 663 4980 ’δοῦς’
685 4898 1026 4979 ἐπιτίμησιν.
1064 4903 1309 4969 Respicit
1357 4902 1515 4980 istud
1554 4914 1774 4980 versant
1804 4898 1881 4979 8.:
1912 4898 2099 4980 Disce-

519 4970 683 5040 dile'a
710 4999 812 5045 me,
838 4970 1039 5039 omnes,
1068 4986 1321 5041 etc.,quo
1340 4970 1853 5045 signiﬁcaturanimi
1880 4971 2096 5045 veniam

518 5040 973 5119 consecmi’justa
1020 5048 1075 5101 in
1120 5040 1392 5099 dretnoues
1436 5055 1498 5119 ac
1531 5041 1700 5093 malos
1738 5040 1975 5119 reliquos
2014 5043 2096 5094 in-

517 5125 780 5195 crepatio,
815 5114 871 5177 tit
898 5119 1074 5189 priora
1107 5124 1379 5186 ponantur
1421 5118 1540 5189 dum;
1566 5119 1694 5195 sunt
1724 5114 1939 5195 merita,
2000 5126 2091 5180 po-

518 5180 976 5253 Steiiora'autem
1020 5180 1141 5256 qua:
1176 5195 1303 5237 sunt
1345 5180 1584 5256 prmniia.
1626 5180 1773 5256 Male
1824 5181 2094 5256 interpres

516 5249 598 5323 ᾖξ’
615 5276 800 5321 contra
837 5249 1075 5316 auctoris
1105 5264 1337 5312 mentem
1367 5269 1379 5304 :
1416 5249 1509 5305 Sui
1536 5250 1698 5319 ipsius
1728 5252 2087 5321 reprehensio-

518 5354 657 5402 nem;
694 5347 948 5403 tanquam
982 5331 1084 5384 hoc
1116 5329 1181 5380 ad
1200 5324 1416 5403 priora,
1439 5337 1512 5403 ac.
1535 5324 1745 5403 veniam
1776 5324 2053 5403 prteccden

516 5410 587 5463 tia
630 5395 923 5477 spectaret,
951 5415 1056 5455 IiOII
1092 5399 1267 5477 venite
1291 5395 1716 5477 ae‘t'crnissionis
1744 5402 2085 5477 pet-calorum

517 5462 733 5535 cumulo
759 5462 1027 5544 adjectum
1057 5479 1220 5544 esset.
1254 5466 1306 5544 In
1338 5465 1511 5544 Reate
1538 5464 1708 5544 deest.
1742 5462 2031 5544 (Σοιιιιξεζιετ

588 5532 988 5620 (5)]:nha'cyi1‘q
1010 5542 1263 5619 septimas,
1288 5535 1405 5615 boni
1597 5533 1903 5620 minutal-ii.

514 5602 663 5674 mihi
707 5622 763 5670 ἐν
816 5615 891 5683 τῷ
938 5612 1037 5683 βίῳ
1070 5602 1253 5683 ’τούτῳ
1300 5604 1395 5674 τῆς
1449 5602 1708 5683 ἐὸδόμης,
1753 5603 2086 5683 χιλιοντάδος

514 5691 746 5759 ἀγαθῆς.
785 5674 898 5759 "ac
934 5674 1037 5759 tua
1064 5674 1293 5759 septimm
1314 5691 1330 5728 :
1355 5689 1513 5742 quam
1543 5678 1788 5759 designat
1819 5674 2079 5759 septima,

516 5745 593 5815 itii
626 5745 827 5815 olim
870 5745 1127 5821 designati
1162 5752 1390 5821 l'tttttrattt
1420 5761 1433 5809 ;
1480 5760 1589 5821 nco
1619 5760 1721 5821 non
1767 5746 1955 5821 beatus
1996 5745 2084 5795 ille

519 5814 828 5895 sant-terum
860 5814 1229 5881 cum'tlliristo
1265 5816 1595 5871 millenarius
1634 5814 1777 5868 clara
1822 5814 1967 5879 haec,
2008 5823 2082 5869 to-

2206 4918 2366 4970 gnum
2416 4904 2560 4957 mille
2594 4920 2861 4958 annorum
2904 4906 3075 4973 Apoc.
3127 4919 3215 4967 xx,
3248 4908 3390 4973 quod
3424 4914 3507 4959 est
3548 4908 3663 4973 ejus
3694 4923 3781 4962 re-

2206 4987 2367 5046 gnum
2395 4984 2658 5046 alternum
2688 4975 2740 5026 in
2767 4978 2974 5046 sanctis
2999 4991 3062 5028 ac
3086 4990 3210 5027 cum
3236 4978 3458 5039 sanctis,
3485 4992 3781 5046 eorumque

2203 5045 2428 5115 Octava.
2464 5041 2627 5115 Nullo
2657 5060 2817 5097 sensu
2845 5045 3159 5115 reddiderat
3184 5048 3476 5113 interpres,
3505 5057 3589 5100 aut
3623 5041 3781 5115 plane

2200 5112 2407 5167 absono
2432 5130 2444 5165 :
2471 5112 2740 5167 Sollicitus
2772 5116 2827 5168 in
2853 5114 2951 5168 hac
2980 5116 3086 5169 vita
3105 5117 3310 5185 septimi
3330 5112 3634 5169 inillemmi
3657 5118 3779 5171 ὀυηὶ

2197 5194 2304 5253 esto
2335 5185 2398 5236 de
2444 5185 2625 5253 futura
2652 5194 2699 5237 et
2739 5188 3090 5253 permanemis
3128 5198 3338 5239 (eterna:
3368 5187 3507 5239 vine.
3545 5190 3737 5253 Qumre
3762 5230 3777 5252 ,

2190 5252 2382 5325 leCtor,
2404 5252 2530 5322 qnid
2555 5252 2873 5325 htecvelint;
2902 5258 3032 5310 mihi
3056 5272 3185 5309 sane
3207 5266 3331 5309 sunt
3350 5252 3783 5325 pluSquamAra-

2190 5324 2305 5395 bica
2322 5340 2464 5395 inec
2480 5328 2579 5378 ista
2602 5324 2969 5380 habuiteodex
2991 5328 3208 5395 ltegius.
3226 5324 3506 5394 Expositio
3529 5328 3638 5380 haec
3658 5327 3779 5395 ejus

2189 5394 2290 5447 loci
2322 5365 2530 5449 Eccles.
2567 5394 2787 5450 moralis
2824 5405 2944 5461 est,
2982 5365 3450 5463 necPignotakaliis
3500 5365 3774 5453 Pati-ilius:

2187 5463 2463 5519 Litteralis
2504 5465 2737 5528 videtur,
2774 5477 2830 5519 ut
2860 5468 3050 5533 jttlteat
3084 5468 3363 5527 Salomon,
3395 5482 3488 5519 seu
3526 5482 3620 5533 per
3647 5482 3773 5521 eum

2189 5535 2427 5605 §piritus
2458 5544 2713 5605 sanctus,
2752 5539 2880 5590 dare
2914 5540 3111 5605 cuique
3151 5539 3412 5605 indigenti
3439 5538 3592 5603 juxta
3630 5539 3773 5605 quod

2190 5603 2449 5661 Dominus
2472 5606 2546 5659 ait
2570 5604 2701 5660 Lttc.
2724 5622 2775 5659 rt
2799 5625 2812 5660 :
2841 5606 2999 5660 Omni
3024 5603 3217 5673 pelenti
3239 5603 3289 5658 te
3317 5609 3484 5659 tribue
3516 5622 3534 5660 :
3557 5603 3775 5673 sumpto

2194 5691 2418 5746 numero
2449 5678 2807 5730 detertttinato
2858 5693 2954 5742 pro
2989 5677 3405 5730 indeterntinato
3428 5719 3441 5740 ,
3486 5690 3541 5730 ut
3573 5680 3772 5746 passim

2192 5745 2345 5800 solet.
2386 5744 2611 5802 Vidend.
2646 5748 2737 5821 Vibi
2773 5747 2975 5802 i’incda
3012 5758 3066 5802 et
3102 5749 3214 5802 alii.
3251 5748 3545 5807 (ἔθηκα-ιε.
