4080 6524
348 348 479 416 1081

1516 346 1796 409 ORATIO
1834 347 1918 408 IN
1951 345 2314 408 PSALMUM
2350 344 2453 405 VI.

3466 344 3604 414 1082

343 461 435 514 τία
475 448 578 528 μου
608 454 704 510 τοῦ
745 450 1012 525 ἀφεθῆναί
1045 469 1114 526 με
1137 468 1151 483 ·
1198 452 1281 506 ὅτι
1319 450 1401 527 (6)
1450 452 1688 506 ἐνώπιον
1716 451 1924 516 παντὸς

2054 452 2244 508 'ettiam
2274 453 2370 506 abs
2396 460 2446 505 te
2465 457 2651 519 petere
2682 466 2697 506 :
2726 463 2855 504 nam
2876 448 3047 518 major
3064 460 3151 507 est
3174 464 3292 507 mea
3317 452 3601 524 iniquitas,

343 544 636 620 ἀνθρώπου
668 546 748 608 εἰς
779 546 839 597 σὲ
867 543 1275 615 ὲπλημμέλησα
1301 560 1315 575 ο
1357 545 1441 598 ὅτι
1470 544 1614 617 ὑπὲρ
1641 545 1839 617 μέτρον
1863 544 1924 599 τὺ

346 634 519 705 ενομά
550 650 644 687 σου
665 634 727 687 τὸ
764 634 919 703 ἅγιον
951 631 1249 705 παρώξυνα
1273 649 1288 665 ο
1319 632 1403 687 ὅτι
1431 634 1571 705 ὑπὲρ
1599 634 1692 686 τὸν
1713 634 1926 689 ἄσωτον

352 729 458 797 εγὼ
491 728 519 779 ό
572 728 783 790 ἄσωτος
815 725 1023 779 ἐϐίωσα
1047 742 1060 756 ³
1091 726 1174 779 ὅτι
1199 726 1341 797 ὑπὲρ
1376 727 1468 780 τὸν
1498 727 1571 780 τὰ
1612 725 1786 800 μύρια
1831 725 1928 779 τά·

351 818 517 870 Λαντά
564 833 646 869 σοι
694 815 1080 887 χρεωστοῦντα
1111 816 1522 889 χρεωφειλέτης
1577 834 1659 871 σοι
1702 818 1927 886 γέγονα.

361 910 532 980 ’Υπὲρ
549 910 640 963 τὸν
663 907 919 979 Τελὼνην
951 909 980 962 ό
1007 907 1141 979 ἐχορ
1154 909 1213 972 ὸς
1251 909 1436 973 κακῶς
1462 926 1533 979 με
1564 908 1931 981 ἐτελώνησενο

359 1002 535 1071 ’Υπὲρ
566 1000 660 1054 τὸν
704 999 909 1071 λῃστὴν
942 1000 971 1051 ὁ
1011 1000 1337 1070 φονοκτόνος
1367 1001 1468 1072 ἐμὲ
1512 1000 1701 1063 κακῶς
1733 1000 1930 1055 ἐθανά-

354 1113 543 1149 τωσεν.
589 1093 761 1164 ’Υπὲρ
806 1094 905 1165 τὴν
964 1095 1172 1166 πόρνην
1221 1095 1335 1163 ἐγὼ
1365 1097 1393 1147 ὀ
1452 1094 1784 1167 φιλόπορνος
1813 1136 1829 1161 ,
1870 1096 1934 1148 ἐκ

353 1187 488 1240 Βεοῢ
548 1188 876 1258 ἐπόρνευσα.
942 1187 1114 1259 ’Υπὲρ
1164 1187 1262 1256 τὴν
1323 1186 1530 1257 Νινευῆ
1583 1187 1935 1258 ἀμετανόητα

354 1279 779 1349 ἒπλημμὲλησα.
818 1277 991 1349 ’Υπὲρ
1017 1278 1110 1333 τὸν
1133 1279 1403 1347 Μανασσῆ
1432 1297 1451 1330 ι
1493 1280 1550 1332 αἱ
1580 1280 1800 1349 ἀνομίαι
1832 1296 1935 1349 μου

356 1369 643 1439 ὖπερῆραν
666 1370 762 1438 τὴν
784 1368 1030 1438 κεφαλήν
1053 1386 1177 1438 μου.
1214 1386 1233 1418 ι
1278 1367 1447 1439 ’Υπὲρ
1468 1369 1568 1438 τὴν
1598 1368 1936 1435 Χαναναίαν,

362 1481 382 1513 r
423 1460 556 1513 ὡσεὶ
590 1458 812 1530 φορτίον
848 1458 985 1529 βαρὺ
1014 1456 1393 1530 ὲῦαρύνθησαν
1425 1457 1513 1510 ἐπ’
1550 1457 1649 1529 ἐμὲ
1672 1497 1687 1521 ,
1719 1458 1814 1511 καὶ
1841 1475 1940 1511 τα-

357 1552 715 1622 λαιπωρήσας
746 1548 1150 1619 κατεκὰμφθην
1181 1548 1286 1611 ἕως
1329 1546 1539 1612 τέλους.
1584 1567 1603 1599 ›
1654 1548 1729 1601 Τὸ
1764 1546 1939 1619 ὄνομα

362 1661 458 1697 σου
487 1644 549 1696 τὸ
588 1643 742 1712 ᾶγιον
778 1643 1149 1714 παρώργισαο
1194 1643 1256 1695 τὸ
1301 1641 1534 1712 Πνεῦμά
1562 1659 1655 1695 σου
1694 1641 1756 1695 τὸ
1785 1642 1942 1710 ἆγιον

359 1736 636 1807 ἐλύπησαο
672 1735 780 1788 τῶν
807 1735 1040 1789 ἐντολῶν
1065 1752 1160 1787 σου
1194 1736 1545 1805 παρήκουσα.
1577 1734 1681 1788 Τὸν
1707 1732 1939 1786 πλοῦτόν

362 1848 460 1885 σου
502 1830 690 1894 κακῶς
729 1830 1116 1901 διεσκόρπισα,
1164 1831 1259 1883 τὸν
1305 1829 1581 1901 Θησαυρόν
1613 1846 1728 1888 σου,
1756 1828 1938 1890 κακῶς

362 1924 719 1993 ἐδαπάνησα·
768 1923 863 1975 τὸν
922 1922 1257 1994 ἀρραϐῶνα,
1294 1924 1353 1976 ὃν
1395 1939 1485 1993 μοι
1533 1921 1813 1986 δέδωκας,
1862 1923 1943 1984 εἰς

361 2016 591 2085 ἀνομίας
622 2014 915 2085 ἀνήλωσα·
967 2016 1059 2067 τὸν
1104 2016 1232 2068 ναόν
1280 2031 1374 2067 σου
1410 2014 1506 2066 τοῦ
1543 2012 1794 2082 σώματός
1840 2030 1942 2081 μου

363 2108 644 2161 ὲσπίλωσα
666 2122 680 2137 '
715 2105 815 2177 τὴν
846 2107 969 2160 κατ’
998 2107 1187 2160 εἰκόνα
1214 2123 1309 2159 σου
1346 2104 1524 2177 ψυχήν
1569 2123 1672 2177 μου
1709 2104 1946 2175 μολύνας

362 2199 664 2271 ἐχρείωσα’
699 2199 791 2252 τὸν
839 2199 1033 2269 χρόνον
1081 2200 1141 2252 ὃν
1189 2216 1281 2269 μοι
1319 2198 1599 2263 δέδωκας,
1652 2197 1793 2267 μετὰ
1838 2197 1947 2250 τῶν

368 2289 582 2361 ἐχθρῶν
616 2307 707 2342 σου
730 2289 938 2341 ἐϐίωσα
958 2304 971 2318 °
1000 2287 1100 2359 τὴν
1132 2288 1313 2359 φωνὴν
1341 2288 1441 2359 τῆς
1474 2286 1695 2357 ἐντολῆς
1724 2303 1818 2340 σου
1850 2287 1951 2341 οὐκ

370 2380 612 2451 ἐφύλαξα
630 2397 643 2410 ·
671 2380 763 2433 τὸν
795 2378 995 2450 χιτῶνα
1028 2380 1086 2431 ὃν
1117 2395 1184 2448 με
1202 2379 1481 2445 ἐνέδυσας,
1507 2377 1769 2449 ῥυπώσας
1789 2379 1949 2430 ἐσπί-

366 2472 519 2525 λωσα
564 2488 580 2503 θ
603 2470 702 2542 τὴν
753 2470 1041 2539 λαμπάδα,
1092 2470 1160 2540 ἥν
1193 2488 1279 2541 μοι
1310 2469 1633 2536 ἐσκεύασας,
1662 2468 1951 2533 νυστὰξας,

367 2562 650 2618 ἀπέσϐεσα
668 2579 682 2594 ο
707 2563 768 2614 τὸ
795 2561 1091 2634 πρόσωπόν
1126 2579 1227 2630 μου
1254 2561 1282 2613 ὃ
1313 2560 1663 2631 ἐφαίδρυνας,
1682 2561 1953 2632 -ἀμαρτή-

374 2670 476 2716 σας
502 2653 818 2725 κατῄσχυνα
842 2668 855 2681 ·
884 2651 1015 2714 τοὺς
1048 2650 1365 2720 ὀφθαλμούς
1393 2668 1494 2719 μου
1531 2650 1625 2713 οὒς
1656 2651 1950 2719 ἐφώτισας,

370 2750 561 2813 κακῶς
601 2749 762 2805 πάλιν
793 2747 1089 2817 ἐτύφλωσα
1114 2787 1130 2812 ,
1159 2747 1227 2798 τὰ
1265 2745 1420 2816 χείλη
1463 2762 1566 2815 μου
1614 2745 1759 2816 ἆπερ
1792 2747 1954 2814 ἡγία-

375 2861 500 2906 σας,
535 2844 700 2897 πάλιν
737 2842 1061 2914 ἐρρύπωσα.
1100 2840 1210 2892 Καὶ
1237 2834 1354 2891 οῖδα
1399 2839 1481 2891 ὃτι
1513 2838 1735 2900 πάντως
1762 2836 1830 2890 τὰ
1861 2854 1956 2889 πε-

376 2937 677 3007 πραγμένα
725 2954 815 3005 μοι
850 2918 1093 3001 ἐλέγξεις
1115 2976 1129 3001 ,
1166 2933 1261 2986 καὶ
1305 2932 1463 3002 παρὰ
1491 2930 1652 2983 τοῦτο
1679 2931 1779 2983 οὐκ
1812 2930 1956 2982 ἔστιν

372 3022 437 3083 οὗ
468 3026 851 3097 διαφεύξομαε,
883 3025 1021 3078 ἀλλὰ
1054 3024 1268 3087 πάντως
1297 3022 1717 3093 ἐλεγχθήσομαι
1738 3036 1752 3051 ’
1783 3020 1876 3073 καὶ
1907 3019 1956 3071 εἰ

2027 560 2191 616 quam
2221 553 2281 599 ut
2306 544 2440 600 mihi
2477 544 2777 602 condonari
2798 546 3024 600 debeat:
3051 546 3251 615 quippe
3278 564 3459 603 coram
3489 567 3607 604 om-

2027 638 2187 695 nibus
2213 636 2267 691 in
2285 644 2338 692 te
2360 635 2559 707 deliqui
2581 636 2658 707 (7)
2691 654 2704 691 :
2735 651 2897 706 supra
2926 637 3143 691 modum
3170 652 3386 693 omnem
3411 655 3605 696 nomen

2029 737 2276 785 sanctum
2305 737 2456 782 tuum
2497 728 2705 783 irritavi
2743 744 2953 798 :supra
3009 728 3295 799 prodigum
3349 733 3608 802 prodigus

2030 835 2131 890 ego
2162 820 2387 889 prodige
2416 834 2481 874 ac
2545 820 2823 875 luxuriose
2878 821 3046 878 vixi'.
3088 821 3264 895 Supra
3323 838 3445 878 eum
3514 827 3608 894 qui

2032 911 2217 966 decem
2259 912 2582 966 talentorum
2630 912 2794 965 millia
2823 912 3097 977 debebat,
3135 915 3349 970 debitor
3400 916 3495 971 libi
3528 916 3612 971 fa-

2033 1014 2152 1060 ctus
2181 1019 2302 1059 sum
2328 1003 2368 1059 ⁸.
2400 1002 2573 1074 Supra
2600 1002 2958 1059 Publicanuni
2992 1005 3090 1076 (8),
3118 1022 3203 1061 me
3261 1008 3400 1063 male
3440 1010 3613 1065 hostis

2035 1096 2355 1167 vectigalem
2388 1096 2578 1152 fecit‘.
2621 1094 2796 1164 Supra
2828 1096 3115 1164 latronem,
3156 1114 3240 1153 me
3279 1100 3370 1154 ille
3435 1102 3611 1155 horni-

2037 1188 2155 1242 cida
2220 1188 2361 1243 male
2416 1188 2727 1243 vulneravit
2775 1202 2841 1242 ac
2893 1190 3161 1243 cecidit“.
3194 1191 3370 1259 Supra
3436 1208 3615 1247 mere-

2041 1280 2252 1345 tricem,
2285 1279 2613 1334 fornicarius
2656 1294 2775 1350 ego,
2811 1280 3071 1334 deficiens
3102 1295 3131 1334 a
3178 1281 3283 1335 Deo
3315 1281 3616 1339 fornicatus

2038 1387 2157 1428 sum
2184 1373 2226 1426 °.
2247 1372 2421 1441 Supra
2440 1371 2691 1427 Ninivem
2720 1372 3083 1440 impmniteuti
3113 1374 3295 1426 animo
3328 1376 3543 1443 peccavi
3573 1376 3615 1430 ⁷.

2042 1464 2220 1533 Super
2276 1464 2578 1519 Manasseni
2620 1482 2640 1516 ι
2716 1464 3035 1533 iniquitates
3081 1480 3213 1519 mea:
3255 1480 3619 1537 supergressa:

2044 1567 2171 1613 sunt
2204 1567 2364 1627 caput
2402 1573 2578 1612 meum
2605 1558 2662 1624 3;
2693 1566 2928 1625 etsuper
2954 1556 3311 1612 Chananmam
3344 1561 3387 1625 ⁸,
3412 1577 3430 1610 ι
3476 1560 3615 1612 sicut

2043 1664 2180 1706 onus
2205 1664 2369 1719 grave
2394 1656 2630 1715 gravatas
2648 1656 2771 1703 sunt
2798 1664 2812 1700 :
2845 1662 2909 1701 ac
2942 1647 3105 1699 miser
3130 1646 3333 1713 factus,
3362 1658 3621 1703 curvatus

2046 1755 2168 1796 sum
2204 1754 2375 1808 usque
2397 1740 2450 1791 in
2481 1739 2664 1792 finem.
2716 1758 2734 1790 ι
2765 1736 2969 1792 Nomen
3003 1747 3251 1791 sanetum
3313 1747 3462 1791 tuum
3497 1738 3604 1792 irriv

2051 1833 2157 1888 lavi
2195 1849 2209 1887 :
2249 1828 2518 1885 mandatis
2547 1832 2778 1885 tuisnon
2808 1830 3213 1898 obtemperavi;
3246 1830 3463 1884 divitias
3502 1842 3622 1884 tuas

2048 1921 2189 1976 male
2237 1920 2530 1990 dissipavi;
2577 1921 2890 1974 thesaurum
2946 1926 3093 1973 tuum
3162 1919 3301 1973 male
3352 1922 3621 1988 expendi;

2048 2014 2243 2085 pignus
2294 2012 2438 2082 quod
2479 2013 2612 2067 mihi
2657 2012 2877 2077 dedisti,
2914 2012 2967 2065 in
3006 2022 3225 2081 peccata
3269 2015 3620 2083 consumpsi;

2051 2105 2310 2175 templum
2336 2114 2504 2168 tuum,
2528 2103 2671 2172 quod
2689 2112 2773 2156 est
2792 2117 2989 2172 corpus
3010 2119 3208 2167 meum,
3225 2105 3621 2170 contaminari;

2051 2200 2285 2253 animam
2316 2212 2514 2261 meam,
2544 2212 2710 2266 quam
2735 2196 2800 2250 ad
2834 2198 3121 2266 imaginem
3146 2209 3291 2254 tuam
3313 2216 3624 2268 creaveras,

2049 2289 2453 2346 commaculaus
2489 2287 2648 2341 infeci
2675 2287 2751 2359 (9)
2782 2304 2796 2340 :
2834 2295 3046 2357 tempus
3074 2305 3103 2342 a
3143 2298 3195 2344 te
3227 2291 3354 2344 mihi
3393 2307 3616 2347 conces-

2051 2399 2192 2449 sum,
2222 2398 2346 2439 cum
2377 2379 2621 2437 hostibus
2667 2381 2775 2434 tuis
2808 2383 3055 2445 traduxi;
3101 2385 3175 2437 tui
3229 2398 3415 2438 vorem
3488 2401 3624 2455 pra:-

2053 2477 2192 2545 cepti
2220 2490 2324 2529 non
2349 2473 2668 2538 observavi;
2703 2476 2938 2529 tunicam
3001 2491 3167 2545 quam
3228 2493 3313 2531 me
3346 2478 3622 2541 indueras,

2054 2569 2305 2623 sordibus
2328 2568 2727 2636 conspurcavi;
2779 2568 3085 2633 lampadem
3116 2569 3213 2622 abs
3245 2580 3295 2623 te
3328 2571 3458 2624 mihi
3492 2586 3626 2639 prae-

2055 2669 2322 2729 paratam,
2351 2660 2655 2713 dormitans
2682 2660 2957 2726 exstinxi;
2984 2661 3187 2714 vultum
3239 2661 3388 2715 illuni
3426 2679 3625 2726 meum,

2055 2763 2217 2818 quem
2268 2757 2320 2800 tu
2358 2762 2675 2814 ornaveras,
2704 2764 2805 2818 ego
2854 2751 3094 2819 peccatis
3147 2749 3385 2818 ftedavi;
3439 2755 3628 2807 oculos

2056 2851 2228 2901 meos,
2281 2838 2424 2906 quod
2483 2837 2813 2907 illustraras,
2865 2841 3006 2895 male
3063 2842 3260 2895 iterum
3322 2846 3627 2910 excaecavi;

2057 2928 2198 2983 labia
2232 2943 2372 2993 mea,
2411 2943 2530 2998 qua:
2558 2931 3024 2995 sanctilicaveras,
3059 2948 3160 3000 ego
3200 2948 3416 2987 rursum
3453 2935 3615 2989 infeci

2059 3022 2333 3076 sordibus.
2363 3022 2489 3075 Scio
2514 3031 2695 3076 autent
2718 3022 2833 3077 fore
2859 3034 2964 3077 uta
2985 3040 3069 3078 me
3089 3025 3380 3079 commissa
3402 3028 3624 3080 omnino

370 3121 510 3183 ὅλως
536 3120 854 3189 ἐλέγχομαι,
896 3136 915 3169 ι
954 3116 1148 3187 Κύριε,
1191 3116 1266 3187 μὴ
1299 3117 1377 3187 τῷ
1407 3115 1565 3186 θυμῷ
1597 3132 1689 3167 σου
1730 3111 1952 3184 ἐλέγξῃς

2060 3130 2295 3181 arguas;
2338 3131 2439 3170 nec
2468 3117 2535 3169 ab
2585 3117 2686 3170 hoc
2744 3118 2907 3170 ullum
2950 3117 3081 3171 mihi
3105 3117 3360 3188 ell‘ugium
3396 3130 3500 3185 est,
3537 3122 3633 3175 sed

378 3229 488 3283 με·
545 3230 564 3262 ι
608 3210 766 3279 κάγὼ
814 3209 1065 3281 κερδήσω
1099 3212 1251 3281 παρὰ
1303 3208 1397 3261 σοῦ
1442 3207 1602 3261 τοῦτο
1652 3207 1744 3260 τοῦ
1782 3207 1951 3277 μόνου

2064 3208 2224 3277 plane
2252 3210 2344 3264 [iet
2368 3219 2426 3263 ut
2454 3226 2670 3281 arguar.
2696 3211 2775 3265 Ac
2800 3211 3067 3280 siquidem
3097 3212 3167 3264 ita
3216 3226 3438 3279 prorsus
3487 3211 3632 3264 fotu-

450 3392 471 3422 ²
501 3388 631 3443 Luc.
676 3404 764 3457 xiv,
797 3389 830 3442 4
868 3403 1023 3457 seqq.
1098 3389 1119 3419 ³
1176 3387 1365 3441 Matth.
1411 3403 1567 3448 xvm,
1609 3386 1699 3439 24.

378 3477 441 3525 tt,
475 3462 527 3514 4.
606 3456 715 3512 ειν
755 3456 1039 3530 Reg-LXXI,
1074 3457 1170 3525 16;
1196 3457 1339 3511 Psal.
1382 3472 1592 3522 xxxv",
1634 3457 1689 3511 5.

1805 3390 1826 3417 ⁵
1853 3386 1984 3440 Luc.
2018 3400 2176 3451 xvm,
2218 3386 2305 3440 10.

1768 3458 1789 3489 ⁹
1820 3457 2011 3511 Matth.
2050 3472 2140 3520 xv,
2163 3456 2255 3509 22.

2413 3388 2434 3419 ⁸
2460 3388 2589 3441 Luc.
2616 3404 2670 3454 χ,
2701 3387 2791 3442 50.

2890 3387 2910 3418 ⁸
2941 3386 3071 3442 Luc.
3116 3402 3208 3451 vn,
3242 3387 3330 3442 '57.
3441 3390 3461 3419 ’
3486 3388 3634 3444 Jou;e

1890 3609 2124 3666 NOTAE.

476 3754 532 3826 6)
560 3753 743 3809 Codex
771 3754 980 3826 Regius
998 3754 1158 3809 habet
1180 3752 1371 3819 πλείω,
1414 3754 1557 3823 quod
1583 3754 1772 3826 probat
1799 3753 1962 3809 Com-

386 3824 639 3889 belisiiis,
673 3836 732 3877 ut
762 3841 868 3878 non
898 3824 1168 3893 publicum
1218 3835 1499 3892 peccatum
1523 3863 1538 3893 ,
1570 3825 1664 3877 sed
1718 3835 1960 3889 peceato-

385 3913 504 3950 ruin
542 3896 809 3949 iunximus
845 3892 1093 3948 cumulus
1132 3895 1471 3961 designetur.
1514 3892 1618 3947 Sed
1673 3894 1805 3946 nihil
1844 3909 1964 3947 tnu-

385 3969 628 4019 tandum.
659 3964 887 4019 Perinde
914 3974 997 4017 est
1020 3963 1204 4016 Davidi
1228 3964 1270 4016 si
1301 3963 1516 4031 publice
1548 3978 1798 4029 peccasse
1831 3979 1959 4017 con-

384 4039 625 4097 liteatur,
673 4049 736 4087 ac
781 4036 824 4087 si
859 4034 1004 4087 dicat
1057 4049 1115 4086 se
1168 4035 1339 4101 magis
1378 4034 1587 4087 caeteris
1650 4034 1958 4087 hominibus

386 4121 664 4176 peccasse.
691 4103 915 4176 Publica
945 4113 1070 4176 sunt
1102 4118 1287 4176 regum
1320 4114 1537 4170 peccata
1565 4141 1581 4167 ,
1616 4118 1713 4158 nec
1755 4118 1820 4157 ea
1858 4119 1955 4176 pu-

385 4172 527 4230 blice
572 4174 820 4244 confiteri
867 4174 1119 4227 Davidetn
1165 4175 1392 4241 puduit,
1423 4184 1481 4227 ut
1533 4183 1681 4244 patet
1719 4188 1786 4228 ex
1818 4172 1958 4242 psal-

386 4262 476 4300 mo
503 4261 577 4299 Li.
607 4243 767 4297 Basn.

460 4316 538 4382 (7)
574 4313 763 4368 Coram
790 4311 1030 4365 omnibus
1059 4313 1113 4365 in
1140 4320 1187 4365 te
1209 4312 1425 4382 deliqui.
1470 4312 1734 4367 Ἐνώπιον
1756 4311 1959 4376 παντὸς

386 4383 859 4454 ἀνθρώπουΝθΙίίι
891 4392 1082 4437 auctor
1109 4384 1323 4436 Davidis
1354 4394 1634 4452 peccatum
1668 4399 1961 4454 aggravare

384 4472 455 4511 ex
486 4453 613 4508 facti
643 4453 987 4517 notorietate,
1022 4462 1077 4505 ut
1106 4464 1298 4508 vocant
1328 4471 1341 4507 :
1386 4456 1595 4508 tametsi
1630 4453 1775 4508 enim
1806 4464 1959 4521 puta-

388 4528 485 4580 bat
515 4527 628 4592 ipse
652 4537 762 4592 rem
790 4525 841 4576 in
865 4522 1078 4577 occulto
1103 4537 1245 4587 esse,
1275 4523 1415 4578 haud
1444 4535 1623 4579 tamen
1641 4532 1779 4587 erat,
1800 4524 1955 4590 juxta

388 4584 666 4664 propheta:
686 4591 902 4664 Nathan
937 4594 1003 4647 ad
1033 4608 1162 4664 eum?
1192 4584 1613 4664 increpationetn
1646 4611 1659 4647 :
1694 4584 1955 4658 Quoniam
1986 4584 2031 4642 ῐ)

388 4662 754 4732 blasphemare
802 4662 971 4732 fecisti
1015 4663 1257 4715 inimicos
1293 4662 1555 4717 Domini:
1604 4665 1730 4717 dato
1776 4665 1964 4732 utique

388 4745 543 4789 tanto
576 4732 833 4787 seandalo
861 4754 874 4786 :
909 4747 1216 4801 quanquam
1252 4732 1385 4785 nihil
1416 4735 1563 4803 cogit
1612 4745 1668 4787 ut
1701 4734 1845 4803 dicta
1875 4734 1964 4789 hic

387 4806 572 4858 omnia
604 4816 670 4856 ex
703 4817 935 4871 persona
974 4803 1191 4856 humilis
1223 4802 1565 4870 paenitentis,
1601 4804 1655 4856 in
1701 4802 1960 4858 Davidem

390 4872 676 4929 referenda
712 4874 839 4926 sint.
887 4873 1089 4939 llegius
1132 4874 1298 4927 codex
1346 4872 1464 4928 loco
1511 4873 1765 4939 ἐνώπιον,
1802 4875 1964 4930 habet

391 4944 585 5005 πλείω,
624 4953 681 4994 ιιι
716 4958 820 4995 non
857 4945 1127 5012 publicum
1164 4954 1444 5015 peccatum
1494 4946 1843 5015 designetur,
1867 4945 1963 4997 sed

391 5024 740 5084 peccatorum
768 5016 1032 5065 maximus
1060 5012 1309 5067 cumulus
1332 5055 1346 5077 ,
1380 5030 1472 5068 seu
1508 5012 1669 5067 etiam
1699 5014 1959 5084 gravitas,

391 5100 555 5153 quam
590 5083 1015 5154 subindevariis
1049 5085 1311 5148 exemplis
1342 5094 1651 5154 exaggerat,
1685 5083 1803 5153 qua:
1828 5086 1965 5138 mihi

395 5156 574 5208 littera
601 5153 769 5220 magis
795 5153 988 5221 placet.
1026 5154 1310 5208 COMBEFIS.

470 5225 545 5294 (8)
580 5222 756 5287 Supra
790 5222 1163 5277 l’ublicanum.
1207 5224 1324 5278 Non
1371 5223 1584 5277 videtur
1613 5224 1753 5277 istud
1789 5238 1961 5278 mem-

393 5296 552 5349 brum
581 5294 714 5346 satis
743 5294 962 5347 omnino
989 5295 1414 5361 praecedentibus
1442 5295 1735 5359 coluerere,
1766 5295 1962 5363 quibus

395 5373 651 5434 peceator
694 5364 961 5431 paenitens
989 5379 1141 5416 suam
1180 5373 1473 5433 exaggerat
1515 5364 1728 5432 culpam
1768 5384 1781 5418 :
1822 5364 1961 5431 forte

394 5436 645 5487 videatur
701 5436 787 5485 illa
838 5448 937 5486 vox
989 5434 1289 5504 ἐτελώνησε
1330 5435 1488 5487 aliter
1541 5435 1625 5487 hic
1670 5447 1958 5504 usurpata,

395 5520 559 5573 quam
603 5504 687 5557 vel
733 5514 955 5569 usurpet
1001 5505 1316 5571 Gregorius,
1370 5506 1450 5558 vel
1502 5504 1777 5560 Plutarch.
1836 5521 1960 5558 cum

396 5576 663 5639 scribunt,
707 5573 1070 5645 Ἐτελώνησεν
1091 5578 1388 5644 Αἴγυπτον.
1411 5605 1479 5617 -
1503 5574 1610 5637 Ui);
1631 5575 1817 5638 κακῶς
1847 5577 1960 5627 ἐτε-

394 5645 681 5713 λώνησας,
733 5645 1140 5716 διασκόρπισον,
1197 5662 1341 5709 ιιοη,
1372 5648 1589 5699 tributis
1639 5650 1863 5714 diripuit
1909 5663 1971 5701 ac

399 5717 585 5771 telonii
621 5718 826 5771 lucris:
865 5719 958 5769 sed
987 5718 1328 5785 publicanum
1365 5718 1528 5780 fecit,
1576 5733 1639 5771 ac
1674 5719 1970 5771 inhiantem

398 5788 664 5858 ejusmodi
732 5787 901 5847 lucris
945 5787 1165 5857 iniquis.
1221 5785 1477 5857 Sequenti
1536 5791 1812 5852 ll)t:llli)l‘0,
1868 5805 1975 5859 quo

2067 3754 2193 3807 item
2219 3751 2379 3808 editis
2422 3751 2768 3819 significatur
2796 3767 2992 3820 passus
3027 3762 3282 3821 peccator
3328 3770 3357 3808 a
3390 3757 3636 3811 daemone

2065 3838 2159 3878 seu
2188 3823 2419 3894 latrone,
2456 3822 2673 3894 velutis
2700 3838 2856 3891 quem
2890 3821 3064 3877 Lucas
3113 3824 3180 3876 ab
3212 3826 3293 3879 eis
3348 3826 3633 3894 spoliatum

2065 3908 2129 3946 ac
2177 3893 2495 3946 semivivum
2546 3892 2793 3945 relictum
2845 3903 3029 3946 narrat
3070 3910 3083 3945 :
3135 3894 3327 3948 tnelins
3373 3892 3473 3950 ins.
3508 3897 3631 3953 cod.

2063 3972 2316 4029 peccator
2350 3962 2464 4028 ipse
2516 3965 2673 4025 latro,
2712 3976 2774 4015 ac
2816 3964 2964 4029 prior
3010 3964 3219 4015 latrone
3261 3966 3631 4019 describitur:

2064 4028 2193 4085 Οἶδα
2234 4032 2472 4102 ἐμαυτὸν
2504 4030 2646 4100 ὑπὲρ
2674 4031 2766 4084 τὸν
2795 4028 2996 4102 λῃστὴν
3027 4032 3334 4103 λῃστρικῶς
3368 4036 3632 4103 ζήσαντα.

2068 4103 2266 4156 Vixisti:
2313 4103 2578 4154 latronum
2621 4117 2761 4153 more
2792 4106 3068 4169 plusquam
3111 4103 3387 4157 latronem.
3425 4103 3478 4157 In
3527 4124 3629 4160 IIIS.

2068 4174 2160 4227 ubi
2187 4181 2268 4227 est
2299 4172 2561 4241 particula
2594 4172 2891 4234 rationalis,
2929 4172 3092 4239 possit
3127 4173 3299 4241 accipi
3341 4175 3423 4227 illa
3456 4192 3484 4227 a
3524 4179 3633 4230 da:-

2068 4257 2227 4297 mone
2262 4251 2319 4297 ut
2344 4241 2630 4308 publicano
2670 4243 2922 4305 exactio,
2957 4252 3013 4294 ut
3064 4245 3199 4295 ratio
3228 4248 3449 4309 grandis
3492 4247 3635 4299 illius

2065 4312 2560 4382 debitiiplusquam
2610 4312 2794 4366 decem
2842 4314 3065 4365 millium
3118 4314 3462 4378 talentorum,
3511 4327 3636 4369 tan-

2065 4398 2225 4452 quam
2272 4383 2403 4435 nihil
2436 4382 2660 4452 Domino
2687 4384 2855 4451 possit
2889 4382 3137 4448 reddere,
3172 4385 3262 4451 qui
3301 4385 3382 4438 sic
3411 4396 3492 4439 est
3520 4387 3634 4439 dia-

2066 4450 2190 4523 bolo
2248 4454 2543 4522 vectigalis.
2599 4450 2794 4506 Verum
2855 4455 2969 4508 haec
3030 4450 3630 4523 forte’scrupulosins.

2063 4522 2355 4579 ϐοωπις.

2134 4592 2210 4665 {9)
2246 4594 2649 4667 Commacitlons
2678 4592 2859 4667 infeci.
2913 4592 3054 4665 Lego
3082 4592 3317 4667 μολύνας
3339 4596 3633 4667 ὲχροίωσα.

2063 4663 2318 4736 tanquam
2357 4681 2389 4736 _a
2421 4664 2581 4736 χροιά
2602 4703 2617 4728 ,
2643 4663 2830 4736 color;
2875 4663 3009 4736 non:
3032 4664 3326 4734 ἐχρείωσα,
3370 4663 3634 4736 tanquam

2060 4752 2089 4787 a
2122 4734 2297 4804 χρεία,
2331 4732 2582 4788 debitum.
2632 4732 2772 4798 Quid
2799 4735 2941 4786 enim
2988 4732 3264 4787 infectioni
3297 4751 3419 4790 cum
3453 4732 3636 4794 ilebito

2059 4815 2115 4858 et
2136 4804 2484 4873 obligatione,
2506 4807 2646 4872 quod
2670 4804 2841 4856 reddit
2859 4804 3164 4872 interpres?
3182 4807 3417 4859 animam
3443 4823 3632 4875 meam,

2059 4890 2215 4943 quam
2263 4874 2331 4927 ad
2371 4875 2649 4943 imaginem
2700 4881 2843 4927 tuam
2890 4890 3198 4939 creaveras,
3244 4879 3635 4933 commaculam

2060 4944 2306 5012 obligavi.
2342 4943 2770 5014 lnscitusiplaue
2817 4944 3150 5012 metaphoris
3194 4946 3539 5014 Anastasius,
3577 4960 3637 5004 ut

2068 5016 2148 5068 sic
2171 5016 2251 5067 vel
2280 5014 2555 5069 voluisset.
2584 5013 2726 5067 Idem
2762 5014 2919 5080 plane
2951 5015 3163 5068 videtur
3197 5016 3282 5069 hic
3311 5013 3542 5073 voluisse
3571 5022 3641 5075 iis

2068 5086 2270 5158 verbis,
2302 5094 2462 5158 atque
2487 5087 2645 5158 paulo
2669 5092 2787 5158 post
2808 5083 3077 5158 similibus
3100 5086 3246 5140 istis:
3276 5086 3376 5158 Τόν
3407 5089 3634 5158 χιτῶνα,

2067 5154 2126 5206 ὃν
2152 5170 2220 5223 με
2256 5153 2508 5225 ἐνέδυσας
2556 5155 2814 5225 ρυπῴσας
2841 5153 3146 5221 ἐσπίλωσα,
3176 5153 3437 5210 sordibus
3456 5177 3636 5225 asper-

2068 5240 2192 5296 gens
2211 5223 2612 5296 commaculaoi.
2642 5223 2868 5296 (irregor.
2894 5226 3027 5278 dixit
3046 5226 3329 5296 ἐχροίησα.
3356 5227 3463 5282 Nec
3491 5223 3633 5282 aliud

2068 5293 2359 5364 vulrtrllegii
2388 5294 2590 5347 codicis
2613 5294 2779 5347 editio
2818 5313 2832 5349 :
2864 5297 2961 5364 τὴν
2992 5293 3125 5348 nar“
3151 5293 3335 5349 εἰκόνα
3364 5314 3457 5351 σου
3478 5300 3637 5364 ἀξίαν

2066 5363 2746 5436 xa0669taa,_¢lignitatem
2776 5363 3019 5434 imaginis
3047 5367 3253 5421 violari.
3291 5366 3490 5436 Nempe
3515 5363 3634 5422 eam

2067 5435 2385 5508 inﬁciendo.
2418 5433 2515 5489 Vel
2562 5433 2724 5508 etiam
2777 5433 3037 5508 scriptum
3089 5440 3158 5491 sit
3210 5433 3516 5508 hxpelwsa‘
3569 5441 3637 5492 ab

2064 5503 2318 5574 ἁχρειόω.
2351 5504 2481 5570 Quae
2512 5520 2609 5557 vos
2647 5506 2734 5559 hic
2768 5503 3045 5573 aptissima
3094 5520 3194 5563 est.
3230 5503 3641 5563 Commaculam

2064 5575 2303 5646 perdidi,
2333 5575 2564 5641 abolevi,
2625 5576 2866 5629 inutilem
2912 5578 3152 5645 reddidi,
3207 5581 3480 5646 deturpavi
3510 5594 3528 5630 :
3562 5581 3641 5632 sic

2070 5644 2239 5713 Regia
2270 5646 2526 5712 editione,
2558 5648 2623 5699 de
2657 5648 2832 5701 vultus
2878 5649 3071 5703 decore
3104 5666 3166 5703 ac
3201 5644 3482 5713 munditia,
3523 5663 3645 5717 qum

2070 5726 2153 5788 cst
2204 5718 2648 5784 regeneratione,
2708 5720 3126 5788 κατηχρείωσα⁶
3187 5720 3274 5771 ubi
3330 5721 3460 5773 edit.
3512 5736 3644 5771 κατα

2071 5784 2299 5858 ᾐσχυνα,
2352 5789 2645 5857 aeturpnri,
2699 5784 3062 5857 eateriiiinavi,
3100 5791 3320 5846 aboleri.
3354 5791 3643 5847 COIBEHS.
