4080 6578
516 393 657 459 1083
1730 390 1790 450 S-
1832 390 2237 452 ANASTASII
2278 388 2613 450 SINAlTIE
3652 394 3797 460 1085

511 521 632 560 rum
659 511 742 558 est
768 520 783 557 :
819 518 840 553 ι
892 500 1141 563 Domine,
1164 513 1231 554 ne
1253 498 1307 553 in
1334 497 1521 552 furore
1549 505 1641 551 tuo
1657 511 1856 564 arguas
1886 511 1971 551 me
2002 514 2017 552 :
2062 515 2084 549 ι

2220 496 2609 569 πλανθρώπου.
2643 493 2805 561 Οἶδας
2835 495 2999 561 αὐτὸς
3035 497 3283 568 ἀκριϐῶς
3314 498 3535 553 ἅπαντα
3555 498 3622 553 τὰ
3651 502 3796 571 κρύ-

513 597 729 666 hocque
755 608 854 663 ego
887 609 918 647 a
960 602 1012 647 te
1053 591 1188 645 lucri
1230 599 1527 660 reponem,
1560 591 1651 659 qui
1672 590 1822 644 solus
1854 588 2095 645 clemens

2220 608 2304 660 ρια
2336 590 2681 660 πταίσματα,
2715 589 2851 644 ἀλλὰ
2879 589 2953 660 μὴ
2985 588 3217 662 ἐλέγξῃς
3247 608 3316 662 με
3345 634 3360 657 ,
3394 592 3471 661 μὴ
3492 592 3792 662 δημοσιεύ-

512 707 578 747 ac
624 689 898 759 benignus
929 700 1009 741 es.
1044 684 1168 740 Scis
1213 685 1329 754 ipse
1380 693 1636 738 accurate
1693 697 1843 737 meas
1907 696 2097 737 omnes

2220 699 2307 753 της
2341 698 2408 752 με
2431 721 2445 744 ,
2507 681 2583 752 μὴ
2624 680 2951 754 φανερώσῃς
2984 682 3126 734 αὐτὰ
3171 684 3366 746 πᾶσιν,
3398 684 3653 751 ἀγγέλοις
3703 685 3797 737 καὶ

509 783 862 857 quantumvis
887 782 1133 835 occultas
1159 778 1509 841 offensiones,
1535 777 1628 831 sed
1661 790 1728 830 ne
1754 790 1955 845 arguas
1984 790 2093 841 me,

2220 774 2542 846 Ξινθρώποις,
2577 778 2660 839 είς
2682 774 2823 844 ἐμὴν
2853 775 3120 845 αἰσχύνην
3151 776 3246 828 καὶ
3276 776 3410 847 ἐμὸν
3431 777 3652 839 δνειδος.

509 897 579 937 ne
613 894 696 933 me
722 879 1108 932 traducaszne
1144 888 1236 929 eas
1279 873 1456 942 palam
1505 872 1757 926 omnibus
1807 872 2074 942 proferas,
2114 872 2319 939 angelis
2340 874 2540 944 pariter
2562 886 2627 927 ac
2690 872 3024 939 hominibus,
3092 874 3161 927 ad
3220 871 3599 928 confusionem
3621 888 3800 926 meam

509 987 574 1028 ac
601 975 859 1044 probrum
896 984 1096 1025 meum.

594 1082 612 1115 ι
647 1062 894 1125 Domine,
917 1076 982 1114 ne
1026 1061 1080 1112 in
1102 1059 1285 1111 furore
1336 1064 1429 1111 tuo
1462 1068 1660 1123 arguas
1696 1068 1803 1109 me.
1848 1074 1867 1108 ι
1900 1053 2033 1109 Nam
2061 1054 2107 1111 si

2285 1070 2303 1104 ι
2342 1050 2539 1122 Κύριε,
2570 1052 2647 1124 μὴ
2681 1050 2759 1123 τῷ
2790 1050 2950 1123 θυμῷ
2983 1069 3075 1104 σου
3103 1050 3335 1123 ἐλέγξῃς
3367 1070 3460 1123 με.
3520 1071 3540 1104 ι
3576 1053 3638 1107 Ei
3691 1054 3803 1125 γὰρ

511 1157 739 1227 perituri
802 1154 947 1222 regis
1018 1151 1256 1204 furorem
1331 1163 1493 1202 nemo
1570 1148 1845 1200 sustinuere
1909 1154 2106 1216 potest,

2220 1145 2452 1217 ρθαρτοῦ
2494 1143 2766 1215 βασιλέως
2806 1144 2978 1215 θυμὸν
3007 1144 3184 1207 οὐδεὶς
3218 1145 3447 1199 δύναται
3477 1146 3802 1218 ὑποφέρειν,

513 1259 719 1320 quanto
770 1247 944 1315 magis
996 1244 1088 1297 Dei
1135 1242 1373 1295 furorem
1424 1239 1699 1293 sustinere
1751 1254 1854 1291 non
1910 1237 2111 1307 poterit

2220 1240 2363 1310 πόσῳ
2396 1256 2463 1307 γε
2500 1238 2704 1309 μᾶλλον
2732 1238 2871 1291 Θεοῦ
2895 1237 3068 1308 θυμὸν
3095 1237 3201 1309 οὐχ
3227 1238 3600 1307 ὑποστήσεται
3649 1242 3804 1292 πᾶσα

514 1339 847 1397 universitas
925 1334 1345 1390 creaturarum?
1395 1350 1413 1382 ι
1465 1330 1651 1399 Neque
1724 1330 1777 1383 in
1849 1330 1930 1382 ira
2021 1340 2109 1381 tua

2220 1333 2427 1398 ιτίσις;
2467 1351 2485 1383 ι
2527 1331 2680 1403 Μηδὲ
2723 1333 2789 1402 τῇ
2824 1331 2964 1403 ὀργῇ
3022 1348 3117 1384 σου
3165 1330 3468 1402 παιδεύσῃς
3500 1349 3591 1402 με.
3644 1353 3662 1385 ι
3708 1334 3805 1387 Δία

514 1432 781 1503 corripias
835 1445 944 1483 me.
992 1447 1011 1480 ι
1066 1427 1267 1496 Dignus
1325 1424 1543 1493 quidem
1609 1438 1709 1493 ego
1761 1421 1910 1475 omni
1947 1420 2112 1475 casti-

2220 1442 2329 1488 τιος
2353 1427 2464 1495 γάρ
2493 1424 2607 1493 ἐγώ
2641 1425 2758 1494 είμι
2787 1424 2971 1492 πάσης
3000 1424 3340 1487 παιδεύσεως
3366 1426 3463 1478 καὶ¹
3486 1425 3794 1491 κολάσεως·

516 1527 732 1597 gatione
790 1532 843 1576 et
898 1534 1095 1590 poena;
1162 1518 1256 1571 sed
1322 1531 1447 1569 eum
1516 1515 1895 1585 castigaveris,
1954 1530 1974 1565 ι
2041 1527 2109 1567 ne

2220 1517 2353 1571 ἀλλὰ
2387 1517 2663 1571 παιδεύων
2699 1534 2718 1567 ι
2765 1517 2841 1587 μὴ
2888 1518 2955 1587 τῇ
2987 1518 3126 1587 ὀργῇ
3161 1534 3254 1569 σου
3286 1516 3593 1589 παιδεύσῃς
3644 1537 3736 1589 με.
3782 1540 3800 1571 ι

519 1622 571 1673 in
604 1619 682 1671 ira
725 1626 817 1668 tua
854 1612 1213 1683 castigaveris
1237 1624 1342 1663 tne.
1384 1627 1402 1660 ι
1432 1607 1653 1662 Memini
1690 1607 1961 1662 latronem
1992 1620 2022 1658 a
2058 1615 2109 1661 te

2220 1607 2350 1664 Οἶδα
2377 1610 2583 1680 λῃστὴν
2611 1609 2985 1680 αἰτησάμενον
3020 1610 3115 1662 καί⁹
3165 1611 3543 1681 κομισάμενον
3586 1613 3806 1684 συγχώ-

516 1709 729 1764 νειιὶιιιιι
758 1706 979 1777 petiisse
1029 1718 1093 1757 ac
1167 1700 1471 1755 obtinuisse
1496 1701 1539 1753 θ.
1567 1698 1786 1752 Memini
1838 1697 2096 1768 peccatri-

2220 1718 2377 1774 ρησιν
2406 1701 2563 1773 παρὰ
2592 1698 2707 1754 σοῦ.
2742 1695 2877 1753 Οἶδα
2910 1699 3121 1771 πόρνην
3152 1699 3435 1770 όλοψύχως
3466 1702 3801 1773 προσελθού-

523 1814 639 1853 cem
672 1812 735 1850 ex
780 1794 961 1849 animo
984 1792 1304 1853 accessisse,
1336 1804 1399 1845 ac
1425 1789 1769 1859 pmuituisse,
1815 1803 1916 1843 nec
1952 1788 2106 1842 venia

2220 1812 2311 1848 σαν
2341 1794 2436 1847 καὶ
2473 1795 2892 1865 μετανοήσασαν
2922 1804 2944 1832 ο
2973 1810 2986 1824 ·
3017 1787 3137 1846 οἶδα
3187 1792 3432 1864 τελώνην
3470 1796 3806 1863 στενάξαντα

520 1895 837 1946 l'rustratam
868 1903 989 1943 esse
1020 1886 1087 1941 ¹⁰.
1115 1882 1716 1939 MeminiPublicanum
1780 1881 2111 1952 ingemuisse

2220 1887 2306 1939 καὶ
2329 1885 2713 1940 δικαιωθέντα.
2746 1887 2820 1938 Ού
2853 1885 2964 1954 γάρ
2990 1886 3110 1956 εἰμι
3134 1886 3209 1949 ώς
3237 1886 3414 1941 αύτοί.
3449 1886 3523 1940 Ού
3556 1888 3667 1957 γὰρ
3700 1889 3807 1959 ἔχω

521 1995 577 2039 et
609 1983 964 2053 iustificatum
990 1994 1112 2034 esse
1138 1976 1410 2031 “.Verum
1428 1990 1548 2029 sum
1578 1990 1678 2044 ego
1704 1973 1810 2029 illis
1837 1975 2107 2029 miserior.

522 2076 655 2132 Nam
688 2088 863 2143 neque
888 2071 990 2125 illis
1031 2084 1150 2124 sum
1180 2067 1393 2123 similis.
1428 2064 1545 2119 Non
1577 2068 1720 2119 enim
1752 2066 1925 2119 habeo
1980 2080 2109 2134 pro-

525 2182 722 2239 pelsas
749 2166 1057 2233 lacrymas;
1088 2175 1193 2215 non
1236 2175 1418 2214 veram
1444 2156 1868 2222 confessionem,
1906 2172 2010 2210 non
2044 2172 2109 2211 ex

526 2264 636 2315 imo
686 2257 850 2314 corde
906 2254 1192 2324 gemitum,
1220 2267 1327 2305 non
1387 2251 1644 2304 mundam
1698 2250 1960 2311 animam,
2002 2264 2108 2302 non

527 2357 801 2413 sincerum
866 2348 1156 2418 jejunium,
1190 2360 1296 2399 non
1346 2343 1648 2397 fraternum
1700 2356 1968 2406 amorem,
2004 2357 2109 2395 non

528 2450 897 2515 paupertatem
924 2440 1177 2507 spiritus,
1214 2452 1320 2491 non
1348 2436 1625 2489 assiduam
1649 2437 1977 2497 orationem,
2006 2450 2111 2488 non

526 2535 1085 2595 commiscrationem,
1148 2538 1206 2583 ut
1242 2528 1440 2600 dignus
1490 2527 1608 2598 ipse
1638 2527 2115 2582 commiseratione

528 2632 730 2686 habear
759 2625 873 2700 (10)
917 2640 1063 2680 :non
1092 2621 1588 2691 compunctionem,
1624 2630 1683 2674 ut
1738 2619 1867 2672 mihi
1908 2619 2113 2673 condo-

529 2734 710 2788 netur,
743 2734 847 2774 non
884 2717 1172 2787 puritatem
1203 2712 1613 2782 cogitationum,
1642 2724 1747 2764 non
1778 2708 2113 2779 propositum

532 2815 644 2868 Deo
678 2810 918 2880 placens.
946 2806 1061 2872 Qua
1092 2803 1255 2872 igitur
1290 2802 1489 2864 fronte,
1526 2815 1630 2869 qua
1651 2799 1868 2853 licentia
1899 2798 2114 2850 veniam

532 2900 854 2975 postulabo?
889 2897 1246 2964 Frequenter,
1272 2891 1516 2955 Domine,
1543 2901 1793 2945 acturum
1835 2904 1920 2941 rite
1950 2888 2117 2956 [)(Blli-

535 2993 757 3047 tentiam
786 2987 1074 3056 Sp0p0ndi,
1106 2984 1199 3036 sed
1230 2980 1393 3035 fidem
1441 2982 1536 3035 tibi
1563 2983 1741 3034 datam
1778 2976 1962 3031 fefelli.
1997 2976 2115 3030 'l‘ihi

2209 1978 2444 2050 δάκρυον
2466 1978 2709 2042 ἐκτενὲς,
2745 1978 2848 2031 οὐκ
2882 1977 2992 2048 ἔχω
3033 1977 3426 2048 ἐξομολόγησιν
3457 1979 3749 2050 ἀληθινὴν,
3779 1982 3806 2020 ιι

2210 2068 2313 2120 οὐκ
2349 2067 2456 2137 ἔχω
2508 2069 2573 2120 ἐκ
2626 2066 2829 2138 βάθους
2878 2066 3112 2138 καρδίας
3158 2068 3471 2137 στεναγμὸν
3502 2108 3518 2133 ,
3550 2071 3657 2123 οὐκ
3704 2070 3810 2140 ἔχω

2213 2159 2467 2228 καθαρὰν
2501 2159 2601 2229 τὴν
2653 2157 2856 2230 ψυχὴν,
2892 2159 2993 2212 οὐκ
3040 2159 3150 2229 ἔχω
3200 2159 3463 2229 νηστείαν
3508 2161 3808 2233 εἰλικρινῆ,

2213 2251 2312 2303 οὐκ
2345 2250 2456 2321 ἕχω
2506 2252 2729 2320 ἀγάπην
2780 2249 2920 2320 πρὸς
2955 2248 3206 2319 ἀδελφὸν,
3239 2251 3343 2303 οὐκ
3373 2250 3485 2321 ἔχω
3529 2254 3810 2323 πτωχείαν

2216 2347 2628 2415 πνευματικὴν,
2669 2347 2771 2399 οὐκ
2798 2344 2907 2415 ἔχω
2934 2344 3249 2416 προσευχὴν
3281 2345 3540 2417 διηνεκῆ,
3574 2350 3678 2400 οὐκ
3707 2349 3810 2418 ἐχω

2218 2438 2585 2509 συμπάθειαν,
2639 2439 2725 2491 ἵνα
2775 2437 3166 2508 συμπαθηθῶ,
3201 2438 3303 2491 ούκ
3340 2437 3448 2509 ἔχω
3487 2438 3810 2505 κατάνυξιν,

2217 2532 2305 2584 ἵνα
2336 2530 2698 2601 συγχωρηθῶ,
2734 2532 2834 2585 οὐκ
2862 2532 2971 2603 ἔχω
2997 2534 3350 2607 καθαρότητα
3374 2537 3684 2609 λογισμῶν,
3713 2541 3812 2594 οὐκ

2216 2622 2326 2694 ἔχω
2362 2623 2685 2693 προαίρεσιν
2723 2623 3029 2695 θεοπρεπῆ.
3085 2625 3230 2695 Ποίῳ
3265 2628 3455 2680 λειπὸν
3488 2629 3809 2701 προσώπῳ,

2218 2715 2347 2787 ποίᾳ
2390 2718 2677 2788 παρρησία
2717 2718 2932 2788 αἰτήσω
2978 2718 3360 2792 συγχώρησιν;
3396 2722 3665 2787 Πολλάκις
3708 2742 3811 2789 σοι,

2218 2806 2487 2872 Δέσποτα,
2522 2810 2807 2876 μετανοεῖν
2832 2808 3239 2881 συνεταξάμην,
3273 2813 3369 2865 καὶ
3396 2813 3643 2884 ψεύστης
3672 2816 3811 2887 πρὸς

2220 2899 2278 2950 σὲ
2302 2898 2400 2968 τῆς
2438 2900 2716 2968 συνταγῆς
2743 2900 3035 2972 ἐγενόμην.
3076 2901 3348 2967 Πολλάκις
3375 2921 3459 2957 σοι
3489 2906 3549 2961 ἐν
3584 2907 3810 2979 Ἐκκλη-

2222 2992 2315 3061 σίᾳ
2368 2994 2735 3062 προσπίπτω,
2775 2994 2872 3047 καὶ
2922 2993 3128 3057 εὐθέως
3159 2995 3519 3066 ἐξερχόμενος
3568 3000 3630 3051 ἐν
3689 3000 3812 3053 ἀνο-

533 3088 587 3141 in
615 3083 860 3139 Ecclesia
886 3080 1202 3146 frequenter
1223 3074 1466 3145 procido,
1487 3087 1551 3126 ae
1575 3071 1757 3126 statim
1788 3084 2039 3138 egressus
2065 3070 2117 3123 in

2227 3083 2381 3153 μίαις
2443 3083 2726 3153 ἐμπίπτω.
2779 3084 3047 3149 Πολλάκις
3100 3088 3170 3156 μέ
3211 3088 3483 3160 ὴλέησας,
3534 3090 3695 3157 κάγώ
3753 3108 3810 3145 σε

537 3181 761 3246 peccata
790 3171 990 3226 incido.
1025 3167 1369 3235 Frequenter
1403 3172 1454 3217 te
1489 3160 1891 3216 meimisertum
1924 3170 2030 3226 est,
2063 3169 2120 3213 et

535 3284 636 3336 ego
679 3268 861 3337 sprevi
895 3274 968 3319 te.
1005 3264 1343 3332 Frequenter
1374 3274 1462 3313 me
1512 3256 1844 3322 sustinuisti,
1868 3254 1961 3311 sed
1985 3255 2117 3309 nihil

536 3372 626 3415 tuo
684 3356 991 3412 emendavi.
1020 3358 1175 3423 Saepe
1231 3367 1317 3408 me
1362 3350 1610 3415 erexisti,
1635 3349 1731 3404 sed
1774 3363 1873 3417 ego
1926 3363 2118 3402 rursus

535 3453 771 3508 concidi.
800 3450 938 3517 Quot
962 3465 1049 3504 me
1084 3449 1256 3502 modis
1294 3444 1654 3515 adjuvisti,et
1679 3457 1781 3513 ego
1806 3441 1900 3497 tibi
1936 3443 2119 3511 ingra-

538 3560 625 3603 tus
642 3544 989 3612 fuiYQumies
1022 3544 1074 3596 in
1104 3556 1187 3595 me
1208 3538 1601 3611 humanitatem
1629 3536 1887 3600 habuisti,
1916 3534 2120 3601 tibique

536 3654 639 3707 ego
669 3650 1009 3707 nequaquam
1043 3632 1247 3688 servivi
1271 3630 1294 3684 ?
1316 3628 1489 3696 Quam
1525 3627 1712 3682 multis
1743 3642 1830 3681 me
1863 3635 1918 3680 tu
1945 3625 2121 3680 bono-

540 3726 698 3791 rasti,
726 3735 781 3779 et
807 3739 907 3793 ego
943 3735 994 3777 te
1032 3719 1392 3776 inbonoravi?
1422 3718 1649 3785 Quoties
1680 3728 1999 3788 peccantem
2036 3730 2121 3770 me

540 3829 799 3888 tanquam
826 3826 979 3886 pater
1013 3814 1337 3869 adhortatus
1357 3811 1452 3866 es?
1477 3821 1735 3879 tanquam
1784 3811 1961 3864 bonus
1989 3807 2123 3863 tole-

544 3911 709 3977 rasti;
777 3921 1037 3978 tanquam
1104 3909 1271 3961 lilium
1316 3903 1665 3960 exosculatus
1723 3901 1819 3957 es?
1862 3909 2119 3968 tanquam

541 4004 926 4059 charissimum
985 4002 1181 4071 pignus
1236 4013 1323 4053 me
1393 4012 1453 4052 es
1505 3996 1803 4062 allocutus;
1863 4003 2119 4064 tanquam

544 4105 700 4166 pater
724 4094 1072 4165 corripuisti;
1106 4102 1361 4162 tanquam
1389 4088 1657 4142 infantem
1687 4086 1928 4154 vocasti;
1963 4085 2121 4141 ulnas

543 4187 887 4256 rxpandisli;
922 4188 1133 4255 lapsum
1162 4199 1250 4237 me
1282 4181 1526 4249 tenuisti,
1564 4190 1728 4250 atque
1784 4179 1969 4235 dixisti
2000 4197 2012 4233 :
2042 4177 2121 4234 Ne

546 4289 751 4341 metue,
801 4276 1033 4345 erigere,
1094 4287 1308 4327 rursum
1382 4270 1644 4335 consiste,
1698 4285 1915 4324 rursum
1973 4268 2118 4337 veni,

545 4384 761 4423 rursum
785 4382 849 4421 ne
866 4378 1049 4421 metue
1083 4382 1096 4418 ἒ
1129 4379 1233 4418 non
1267 4376 1565 4431 persequor
1606 4369 1681 4425 te,
1714 4375 1820 4415 non
1871 4374 2118 4423 aversor,

544 4481 650 4519 non
674 4463 967 4534 exprobro,
988 4460 1395 4516 nonabominor
1420 4473 1604 4511 meum
1632 4457 1975 4527 figmentum,
2013 4473 2119 4511 non

543 4556 739 4611 abdico
789 4569 972 4609 meum
1004 4566 1177 4621 opus,
1235 4565 1341 4605 non
1374 4549 1583 4603 obduro
1627 4549 1837 4603 viscera
1897 4562 2015 4602 mea
2055 4548 2125 4603 ad

545 4663 723 4702 meum
767 4647 957 4700 filium.
991 4642 1107 4698 Non
1140 4644 1284 4697 enim
1319 4641 1500 4696 odisse
1546 4654 1767 4710 possunt
1824 4638 2124 4705 hominem,

542 4753 704 4811 quem
735 4740 869 4794 meis
898 4739 1014 4808 ipse
1046 4735 1296 4790 manibus
1326 4732 1505 4788 eilinxi
1530 4750 1544 4800 ;
1572 4734 1726 4803 cujus
1790 4746 1954 4788 causa
2005 4747 2123 4787 me-

544 4840 657 4886 met
702 4829 1017 4891 humiliavi;
1050 4842 1146 4898 pro
1204 4840 1315 4895 quo
1370 4824 1690 4893 sanguinem
1756 4838 1935 4877 meum
1986 4821 2120 4876 fudi.

545 4924 824 4992 Quomodo
842 4938 948 4977 non
974 4920 1268 4992 suscipiam
1297 4918 1364 4973 ad
1393 4933 1482 4973 me
1506 4932 1853 4985 conversum,
1882 4931 1947 4972 ac
1990 4918 2120 4972 mihi

2222 3175 2485 3247 ἠθέτησα.
2534 3176 2799 3240 Πολλάκις
2856 3195 2923 3247 με
2955 3178 3303 3247 ἐϐάστασας,
3353 3182 3511 3251 κάγὼ
3557 3184 3661 3236 ούκ
3716 3186 3811 3237 ἐπ-

2222 3264 2480 3335 έστρεψα.
2514 3266 2783 3330 Πολλάκις
2824 3285 2891 3338 με
2932 3269 3262 3340 ἀνέστησας,
3292 3272 3448 3340 κάγὼ
3484 3272 3648 3327 πάλιν
3681 3292 3810 3328 κατ-

2219 3354 2435 3410 έπεσον.
2491 3357 2640 3410 Πόσα
2699 3375 2766 3428 με
2804 3360 3257 3431 συνεκρότησας,
3305 3362 3463 3431 κάγώ
3526 3381 3585 3416 σε
3627 3366 3810 3434 ἠγνω-

2225 3448 2468 3518 μόνηκα;
2543 3450 2787 3513 Ποσάκις
2853 3468 2955 3521 μου
3047 3454 3414 3524 είσήκουσας,
3482 3456 3641 3524 κάγώ
3719 3475 3809 3510 σου

2220 3540 2587 3612 παρήκουσα;
2630 3542 2873 3607 Ποσάκις
2928 3561 3019 3613 μοι
3062 3546 3445 3618 συνεπάθησας
3470 3588 3486 3613 ,
3525 3551 3620 3602 καὶ
3652 3549 3808 3603 οὐδα-

2223 3629 2344 3698 μῶς
2374 3648 2457 3684 σοι
2496 3630 2794 3686 ἐδούλευσα
2820 3650 2835 3699 ;
2888 3635 3037 3688 Πόσα
3067 3636 3126 3691 δέ
3163 3654 3231 3708 με
3266 3638 3572 3711 ἐτίμησας,
3603 3641 3722 3711 ἐγὼ
3750 3642 3805 3695 δέ

2224 3738 2285 3774 σε
2321 3723 2571 3794 ὴτίμασα
2592 3742 2607 3792 ;
2632 3726 2873 3789 Ποσάκις
2905 3728 3334 3799 άμαρτήσαντός
3367 3748 3495 3801 μου,
3528 3732 3605 3796 ώς
3626 3734 3809 3804 πατὴρ

2222 3817 2638 3885 παρεκάλεσας;
2668 3818 2743 3882 ώς
2773 3819 2981 3889 ἀγαθὸς
3019 3822 3334 3888 ἐϐάστασας
3359 3864 3373 3888 ,
3409 3824 3487 3889 ώς
3530 3826 3649 3879 υἱὸν
3678 3844 3807 3880 κατ-

2221 3911 2517 3980 εφίλησας,
2545 3912 2621 3975 ὡς
2650 3913 2831 3984 τέκνῳ
2870 3931 2960 3984 μοι
2988 3914 3279 3986 ἐλάλησας,
3302 3917 3381 3982 ὡς
3433 3920 3617 3989 πατὴρ
3655 3922 3806 3974 ἐνου-

2224 4001 2493 4074 θέτησας,
2532 4002 2609 4068 ὡς
2663 4007 2863 4075 νήπιον
2902 4007 3172 4071 ἐκάλεσας
3198 4048 3213 4072 ,
3279 4010 3378 4075 τὰς
3411 4012 3665 4081 ἀγκάλας
3704 4016 3805 4083 ἁφ-

2223 4092 2510 4164 ήπλωσας,
2532 4096 2629 4149 καὶ
2657 4097 2897 4152 πεσόντα
2916 4116 2985 4169 με
3014 4100 3359 4172 ἐκράτησας,
3379 4104 3478 4156 καὶ
3504 4099 3668 4169 εἶπάς
3695 4123 3805 4177 μοι,

2223 4185 2315 4256 Μὴ
2369 4186 2579 4255 φοϐοῦ,
2640 4190 2893 4259 ἐγείρουο
2931 4192 3099 4248 πάλιν
3139 4195 3325 4265 στῆθι,
3383 4196 3553 4251 πάλιν
3614 4197 3804 4269 δεῦρο,

2224 4277 2387 4332 πάλιν
2419 4280 2497 4350 μὴ
2534 4281 2736 4350 φοϐοῦ,
2773 4283 2834 4335 ού
2864 4284 3047 4339 διώκω
3079 4303 3139 4340 σε
3160 4325 3176 4352 ,
3208 4289 3311 4342 ούκ
3346 4290 3683 4361 άποστρέφω
3714 4306 3805 4353 σε,

2224 4370 2327 4423 οὐκ
2358 4370 2604 4435 ὀνειδίζω
2635 4390 2726 4439 σε,
2756 4375 2817 4427 ού
2868 4374 3239 4450 βδελύσσομαι
3273 4382 3334 4434 τὸ
3374 4382 3510 4452 ἐμὸν
3542 4382 3804 4452 πλάσμα,

2226 4461 2328 4514 ούκ
2357 4462 2773 4533 ἀπορρίπτομαι
2804 4466 2865 4519 τὺ
2896 4469 3030 4538 ἐμὸν
3060 4470 3271 4543 ποίημα
3292 4514 3306 4539 ,
3335 4474 3395 4525 οὐ
3432 4473 3716 4548 σκληρύνῃ
3740 4476 3805 4526 τά

2224 4551 2512 4623 σπλάγχνα
2570 4571 2673 4625 μου
2703 4556 2841 4627 πρὸς
2887 4557 2948 4612 τὸ
2988 4561 3123 4633 ἐμὸν
3153 4564 3367 4618 τέκνον.
3405 4564 3480 4618 Ού
3514 4567 3622 4637 γὰρ
3651 4566 3804 4619 δύνα-

2224 4661 2324 4715 μαι
2366 4645 2602 4716 μισῆσαι
2632 4646 2691 4701 ὃν
2716 4651 2837 4714 ταῖς
2867 4654 3026 4724 χερσὶ
3060 4657 3183 4719 ταῖς
3216 4658 3383 4726 ἐμαῖς
3407 4657 3679 4712 διέπλασα
3709 4660 3799 4713 άν-

2221 4734 2463 4805 θρωπον,
2501 4737 2642 4809 ὑπὲρ
2690 4732 2751 4793 οὗ
2784 4742 3026 4813 ἐμαυτὸν
3071 4746 3415 4800 ἐταπείνωσα
3442 4764 3455 4778 ·
3486 4748 3624 4820 ὑπὲρ
3659 4744 3721 4803 οὗ
3748 4748 3804 4801 τὺ

2222 4829 2358 4899 ἐμὸν
2405 4830 2598 4901 ὲξέχεα
2646 4827 2808 4906 αἷμα.
2842 4837 2969 4902 Πῶς
3009 4836 3072 4890 ού
3126 4839 3493 4911 προσδέξομαι
3522 4843 3658 4913 πρὸς
3708 4842 3801 4912 ἐμὲ

2231 4921 2635 4995 ἐπιστρέφοντα
2700 4928 2799 4983 καὶ
2856 4930 3321 5002 προσπίπτοντας
3393 4932 3538 5005 Ἐγὼ
3596 4937 3653 4990 δὲ
3709 4935 3800 5004 τὴν

616 5079 639 5111 '
663 5074 798 5131 Luc.
825 5090 984 5143 χχιιι,
1012 5075 1101 5130 45.
1181 5074 1224 5107 ¹⁰
1254 5072 1389 5129 an.
1418 5089 1517 5140 xu,
1547 5073 1635 5129 57.
1716 5073 1758 5105 ¹¹
1784 5072 1917 5130 Luc.
1950 5090 2106 5143 xvnt,
2134 5075 2224 5132 10.

619 5223 646 5256 ο
675 5213 858 5270 Codex
893 5212 1031 5282 Reg.
1058 5213 1211 5269 addit
1238 5231 1251 5268 :
1280 5215 1393 5269 Kal.
1414 5215 1518 5287 τῆς
1545 5217 1956 5287 συγχωρήσεως
1983 5217 2060 5289 μὴ
2096 5218 2120 5271 ὁ

2220 5218 2500 5290 τυχοῦσαν.
2576 5219 2602 5259 ά
2635 5218 2853 5276 Τούτων
2872 5221 2984 5293 ἐγὼ
3011 5222 3360 5298 ἀθλιώτερος.

2076 5348 2309 5411 NOTAE.

618 5482 841 5557 (lOiUg
858 5482 1075 5557 _dig_mts
1113 5483 1223 5557 ipse
1259 5457 1709 5557 commiseratione
1752 5486 1969 5543 habear.
2002 5488 2123 5543 Ἵνα

548 5553 915 5629 συμπαθηθῶ.
950 5553 1188 5624 Exponit
1214 5555 1377 5629 editio
1400 5555 1564 5624 liegia
1586 5595 1601 5621 ,
1624 5557 1731 5629 θῖνα
1773 5558 2125 5628 συμπαθείας

2229 5492 2363 5569 dem_
2409 5508 2593 5547 vocem
2644 5493 2938 5569 incongrue
2975 5497 3153 5553 reddit
3200 5498 3498 5569 interpres,
3550 5499 3639 5555 ubi
3686 5511 3793 5564 est.

2227 5563 2462 5636 ποσάκις
2492 5580 2582 5635 μοι
2607 5567 3011 5636 συνεπάθησας.
3047 5568 3271 5636 Quotius
3301 5563 3427 5623 mihi
3450 5563 3755 5625 consensisti
3772 5563 3797 5625 .’

546 5625 1001 5709 dgiw'iiz’rgquain
1041 5625 1779 5709 espositionen'i.utvidissct-
1814 5625 2122 5709 interpres,
2223 5635 2401 5703 potius
2421 5625 2454 5709 ,ξ
2492 5625 2797 5709 impensiori
2853 5625 3086 5709 ἠιιαᾶαοῆ
3146 5642 3461 5708 benignitate
3517 5642 3792 5709 ignouisti:

546 5694 651 5758 ιιόη
682 5696 1023 5756 reddidisset,
1048 5706 1103 5748 ut
1136 5695 1340 5748 doleam
1369 5694 1554 5749 alienis
1584 5697 1927 5753 incommodis
1959 5694 1977 5754 ἓ
2009 5694 2122 5756 ιδιιέ

544 5780 707 5833 quam
752 5777 928 5833 esset,
973 5766 1060 5819 ἵνα
1116 5767 1463 5835 συμπαθήσω
1495 5783 1508 5795 ·
1552 5770 1766 5822 tametsi
1820 5784 1920 5824 vox
1976 5773 2121 5827 edim

552 5836 914 5911 συμπαθηοῶ,
944 5852 1197 5904 ωριοεειι
1229 5838 1361 5893 satis
1395 5847 1496 5893 est.
1534 5838 1695 5894 Paulo
1729 5838 1951 5897 inferius
1974 5858 2121 5899 eam-

2223 5705 2490 5781 quomodo
2534 5706 2728 5781 altera.
2764 5722 2827 5761 ac
2878 5708 3028 5781 Regii
3056 5713 3173 5767 cod.
3213 5705 3398 5776 editio,
3447 5705 3679 5776 ποσάκις
3706 5727 3789 5780 μοι

2227 5776 2518 5846 συνέγνως.
2556 5774 2845 5833 Ουιιιςεῑιε.
