  <div class='ocr_page' id='page_1' title='image "/cluster/home/n/w/nwhite01/storage/ocr_20150623/89/hvd.32044010610574/550.png"; bbox 0 0 4080 6580; ppageno 0'>
   <div class='ocr_carea' id='block_1_1' title="bbox 376 398 514 459">
    <p class='ocr_par' dir='ltr' id='par_1_1' title="bbox 376 398 514 459">
     <span class='ocr_line' id='line_1_1' title="bbox 376 398 514 459; baseline 0 0"><span class='ocrx_word' id='word_1_1' title='bbox 376 398 514 459; x_wconf 69' lang='grc'><strong>1085</strong></span> 
     </span>
    </p>
   </div>
   <div class='ocr_carea' id='block_1_2' title="bbox 1538 401 2477 479">
    <p class='ocr_par' dir='ltr' id='par_1_2' title="bbox 1538 401 2477 479">
     <span class='ocr_line' id='line_1_2' title="bbox 1538 401 2477 479; baseline 0.011 -10"><span class='ocrx_word' id='word_1_2' title='bbox 1538 401 1817 471; x_wconf 76' lang='lat' dir='ltr'><strong>ORATIO</strong></span> <span class='ocrx_word' id='word_1_3' title='bbox 1856 410 1938 471; x_wconf 85' lang='lat' dir='ltr'><strong>IN</strong></span> <span class='ocrx_word' id='word_1_4' title='bbox 1978 411 2342 476; x_wconf 83' lang='lat' dir='ltr'><strong>PSALMUM</strong></span> <span class='ocrx_word' id='word_1_5' title='bbox 2379 416 2477 479; x_wconf 90' lang='lat' dir='ltr'><strong>VI.</strong></span> 
     </span>
    </p>
   </div>
   <div class='ocr_carea' id='block_1_3' title="bbox 3486 428 3621 492">
    <p class='ocr_par' dir='ltr' id='par_1_3' title="bbox 3486 428 3621 492">
     <span class='ocr_line' id='line_1_3' title="bbox 3486 428 3621 492; baseline 0.015 -2"><span class='ocrx_word' id='word_1_6' title='bbox 3486 428 3621 492; x_wconf 79' lang='lat'><strong>1086</strong></span> 
     </span>
    </p>
   </div>
   <div class='ocr_carea' id='block_1_4' title="bbox 374 497 1956 602">
    <p class='ocr_par' dir='ltr' id='par_1_4' title="bbox 374 497 1946 602">
     <span class='ocr_line' id='line_1_4' title="bbox 374 497 1946 602; baseline 0.007 -40"><span class='ocrx_word' id='word_1_7' title='bbox 374 507 548 602; x_wconf 77' lang='grc' dir='ltr'>ἀκοὴν</span> <span class='ocrx_word' id='word_1_8' title='bbox 580 497 819 602; x_wconf 78' lang='grc' dir='ltr'>βαρύνας</span> <span class='ocrx_word' id='word_1_9' title='bbox 838 509 902 563; x_wconf 80' lang='grc' dir='ltr'>οὐ</span> <span class='ocrx_word' id='word_1_10' title='bbox 933 510 1260 583; x_wconf 76' lang='grc' dir='ltr'><strong>προσέσχον,</strong></span> <span class='ocrx_word' id='word_1_11' title='bbox 1283 514 1406 569; x_wconf 79' lang='grc' dir='ltr'><strong>οὐδὲ</strong></span> <span class='ocrx_word' id='word_1_12' title='bbox 1425 516 1801 591; x_wconf 74' lang='grc' dir='ltr'>ἐπεστράφην.</span> <span class='ocrx_word' id='word_1_13' title='bbox 1833 520 1946 584; x_wconf 83' lang='grc' dir='ltr'><strong>Διὸ,</strong></span> 
     </span>
    </p>
   </div>
   <div class='ocr_carea' id='block_1_5' title="bbox 2052 497 3618 602">
    <p class='ocr_par' dir='ltr' id='par_1_5' title="bbox 2052 525 3618 602">
     <span class='ocr_line' id='line_1_5' title="bbox 2052 525 3618 602; baseline 0.008 -25"><span class='ocrx_word' id='word_1_14' title='bbox 2052 525 2597 598; x_wconf 69' lang='grc' dir='ltr'>ρτοοὶἀθηιεηιῗΕεο</span> <span class='ocrx_word' id='word_1_15' title='bbox 2644 526 2997 585; x_wconf 86' lang='lat' dir='ltr'><strong>nihilominus</strong></span> <span class='ocrx_word' id='word_1_16' title='bbox 3056 541 3245 583; x_wconf 89' lang='lat' dir='ltr'><strong>aurem</strong></span> <span class='ocrx_word' id='word_1_17' title='bbox 3292 544 3618 602; x_wconf 76' lang='lat' dir='ltr'><strong>aggravaus,</strong></span> 
     </span>
    </p>
   </div>
   <div class='ocr_carea' id='block_1_6' title="bbox 375 600 2002 684">
    <p class='ocr_par' dir='ltr' id='par_1_6' title="bbox 375 600 2002 684">
     <span class='ocr_line' id='line_1_6' title="bbox 375 600 2002 684; baseline 0.011 -32"><span class='ocrx_word' id='word_1_18' title='bbox 375 600 649 666; x_wconf 76' lang='grc' dir='ltr'><strong>Δέσποτα,</strong></span> <span class='ocrx_word' id='word_1_19' title='bbox 688 600 765 663; x_wconf 84' lang='grc' dir='ltr'><strong>ὡς</strong></span> <span class='ocrx_word' id='word_1_20' title='bbox 806 604 1049 673; x_wconf 78' lang='grc' dir='ltr'>ἔμφυτον</span> <span class='ocrx_word' id='word_1_21' title='bbox 1078 608 1174 661; x_wconf 75' lang='grc' dir='ltr'>καὶ</span> <span class='ocrx_word' id='word_1_22' title='bbox 1203 608 1502 679; x_wconf 88' lang='grc' dir='ltr'>ἀχάριστον</span> <span class='ocrx_word' id='word_1_23' title='bbox 1523 612 1636 683; x_wconf 76' lang='lat' dir='ltr'><strong>(ll)</strong></span> <span class='ocrx_word' id='word_1_24' title='bbox 1668 613 1808 684; x_wconf 77' lang='grc' dir='ltr'>ἔχων</span> <span class='ocrx_word' id='word_1_25' title='bbox 1845 614 1947 683; x_wconf 84' lang='grc' dir='ltr'><strong>τῆς</strong></span> <span class='ocrx_word' id='word_1_26' title='bbox 1997 630 2002 638; x_wconf 83' lang='lat'><strong>&#39;</strong></span> 
     </span>
    </p>
   </div>
   <div class='ocr_carea' id='block_1_7' title="bbox 376 691 1949 777">
    <p class='ocr_par' dir='ltr' id='par_1_7' title="bbox 376 691 1949 777">
     <span class='ocr_line' id='line_1_7' title="bbox 376 691 1949 777; baseline 0.01 -33"><span class='ocrx_word' id='word_1_27' title='bbox 376 691 795 764; x_wconf 81' lang='grc' dir='ltr'><strong>φιλανθρωπίας</strong></span> <span class='ocrx_word' id='word_1_28' title='bbox 838 696 940 767; x_wconf 81' lang='grc' dir='ltr'>τὴν</span> <span class='ocrx_word' id='word_1_29' title='bbox 975 697 1249 768; x_wconf 79' lang='grc' dir='ltr'>ἄϐυσσον,</span> <span class='ocrx_word' id='word_1_30' title='bbox 1285 702 1383 755; x_wconf 82' lang='grc' dir='ltr'>καὶ</span> <span class='ocrx_word' id='word_1_31' title='bbox 1424 702 1522 774; x_wconf 87' lang='grc' dir='ltr'><strong>τῆς</strong></span> <span class='ocrx_word' id='word_1_32' title='bbox 1567 704 1949 777; x_wconf 80' lang='grc' dir='ltr'><strong>μακροθυμίας</strong></span> 
     </span>
    </p>
   </div>
   <div class='ocr_carea' id='block_1_8' title="bbox 375 782 1948 868">
    <p class='ocr_par' dir='ltr' id='par_1_8' title="bbox 375 782 1948 868">
     <span class='ocr_line' id='line_1_8' title="bbox 375 782 1948 868; baseline 0.01 -33"><span class='ocrx_word' id='word_1_33' title='bbox 375 782 439 835; x_wconf 81' lang='grc' dir='ltr'>τὸ</span> <span class='ocrx_word' id='word_1_34' title='bbox 472 782 733 853; x_wconf 83' lang='grc' dir='ltr'>πέλαγος,</span> <span class='ocrx_word' id='word_1_35' title='bbox 774 785 850 857; x_wconf 82' lang='grc' dir='ltr'><strong>μὴ</strong></span> <span class='ocrx_word' id='word_1_36' title='bbox 889 788 968 858; x_wconf 84' lang='grc' dir='ltr'>τῷ</span> <span class='ocrx_word' id='word_1_37' title='bbox 998 788 1159 861; x_wconf 88' lang='grc' dir='ltr'>θυμῷ</span> <span class='ocrx_word' id='word_1_38' title='bbox 1189 809 1284 845; x_wconf 91' lang='grc' dir='ltr'>σου</span> <span class='ocrx_word' id='word_1_39' title='bbox 1316 792 1544 866; x_wconf 79' lang='grc' dir='ltr'><strong>ἐλέγξῃς</strong></span> <span class='ocrx_word' id='word_1_40' title='bbox 1572 812 1639 864; x_wconf 89' lang='grc' dir='ltr'>με</span> <span class='ocrx_word' id='word_1_41' title='bbox 1662 834 1677 859; x_wconf 92' lang='grc'>,</span> <span class='ocrx_word' id='word_1_42' title='bbox 1719 796 1853 866; x_wconf 87' lang='grc' dir='ltr'><strong>μηδέ</strong></span> <span class='ocrx_word' id='word_1_43' title='bbox 1881 798 1948 868; x_wconf 78' lang='grc' dir='ltr'>τῇ</span> 
     </span>
    </p>
   </div>
   <div class='ocr_carea' id='block_1_9' title="bbox 377 877 1952 961">
    <p class='ocr_par' dir='ltr' id='par_1_9' title="bbox 377 877 1952 961">
     <span class='ocr_line' id='line_1_9' title="bbox 377 877 1952 961; baseline 0.009 -33"><span class='ocrx_word' id='word_1_44' title='bbox 377 877 516 947; x_wconf 82' lang='grc' dir='ltr'>ὀργῇ</span> <span class='ocrx_word' id='word_1_45' title='bbox 552 894 647 931; x_wconf 92' lang='grc' dir='ltr'>σου</span> <span class='ocrx_word' id='word_1_46' title='bbox 681 880 984 953; x_wconf 78' lang='grc' dir='ltr'><strong>παιδεύσῃς</strong></span> <span class='ocrx_word' id='word_1_47' title='bbox 1015 900 1105 953; x_wconf 91' lang='grc' dir='ltr'>με,</span> <span class='ocrx_word' id='word_1_48' title='bbox 1146 902 1164 936; x_wconf 74' lang='grc' dir='ltr'><strong>ι</strong></span> <span class='ocrx_word' id='word_1_49' title='bbox 1199 884 1315 940; x_wconf 79' lang='grc' dir='ltr'>ἄλλ’</span> <span class='ocrx_word' id='word_1_50' title='bbox 1345 885 1426 939; x_wconf 74' lang='grc' dir='ltr'>ἔτι</span> <span class='ocrx_word' id='word_1_51' title='bbox 1450 888 1544 940; x_wconf 72' lang='grc' dir='ltr'>καὶ</span> <span class='ocrx_word' id='word_1_52' title='bbox 1576 887 1657 941; x_wconf 74' lang='grc' dir='ltr'>ἔτι</span> <span class='ocrx_word' id='word_1_53' title='bbox 1683 888 1952 961; x_wconf 87' lang='grc' dir='ltr'>μακροθύ-</span> 
     </span>
    </p>
   </div>
   <div class='ocr_carea' id='block_1_10' title="bbox 380 971 1951 1050">
    <p class='ocr_par' dir='ltr' id='par_1_10' title="bbox 380 971 1951 1050">
     <span class='ocr_line' id='line_1_10' title="bbox 380 971 1951 1050; baseline 0.008 -29"><span class='ocrx_word' id='word_1_54' title='bbox 380 985 558 1040; x_wconf 87' lang='grc' dir='ltr'>μησον</span> <span class='ocrx_word' id='word_1_55' title='bbox 583 971 672 1023; x_wconf 84' lang='grc' dir='ltr'><strong>ἐπ’</strong></span> <span class='ocrx_word' id='word_1_56' title='bbox 706 972 853 1043; x_wconf 85' lang='grc' dir='ltr'>ἐμοί.</span> <span class='ocrx_word' id='word_1_57' title='bbox 885 975 979 1045; x_wconf 85' lang='grc' dir='ltr'><strong>Μὴ</strong></span> <span class='ocrx_word' id='word_1_58' title='bbox 1004 975 1249 1048; x_wconf 89' lang='grc' dir='ltr'>σπεύσῃς</span> <span class='ocrx_word' id='word_1_59' title='bbox 1278 978 1373 1031; x_wconf 81' lang='grc' dir='ltr'><strong>τοῦ</strong></span> <span class='ocrx_word' id='word_1_60' title='bbox 1398 978 1632 1049; x_wconf 80' lang='grc' dir='ltr'>ἐκκόψαι</span> <span class='ocrx_word' id='word_1_61' title='bbox 1660 997 1727 1050; x_wconf 89' lang='grc' dir='ltr'>με</span> <span class='ocrx_word' id='word_1_62' title='bbox 1750 980 1827 1044; x_wconf 85' lang='grc' dir='ltr'>ὡς</span> <span class='ocrx_word' id='word_1_63' title='bbox 1854 980 1951 1049; x_wconf 81' lang='grc' dir='ltr'><strong>τὴν</strong></span> 
     </span>
    </p>
   </div>
   <div class='ocr_carea' id='block_1_11' title="bbox 378 1062 1949 1140">
    <p class='ocr_par' dir='ltr' id='par_1_11' title="bbox 378 1062 1949 1140">
     <span class='ocr_line' id='line_1_11' title="bbox 378 1062 1949 1140; baseline 0.006 -25"><span class='ocrx_word' id='word_1_64' title='bbox 378 1062 549 1133; x_wconf 83' lang='grc' dir='ltr'><strong>συκῆν</strong></span> <span class='ocrx_word' id='word_1_65' title='bbox 567 1062 666 1135; x_wconf 80' lang='grc' dir='ltr'><strong>τὴν</strong></span> <span class='ocrx_word' id='word_1_66' title='bbox 688 1065 960 1136; x_wconf 80' lang='grc' dir='ltr'>ἄκαρπον·</span> <span class='ocrx_word' id='word_1_67' title='bbox 978 1067 1091 1121; x_wconf 87' lang='grc' dir='ltr'>ἀλλ’</span> <span class='ocrx_word' id='word_1_68' title='bbox 1108 1068 1185 1133; x_wconf 86' lang='grc' dir='ltr'>ὡς</span> <span class='ocrx_word' id='word_1_69' title='bbox 1210 1069 1414 1138; x_wconf 83' lang='grc' dir='ltr'>ἀγαθὸς</span> <span class='ocrx_word' id='word_1_70' title='bbox 1429 1071 1521 1123; x_wconf 76' lang='grc' dir='ltr'>καὶ</span> <span class='ocrx_word' id='word_1_71' title='bbox 1543 1069 1949 1140; x_wconf 82' lang='grc' dir='ltr'>φιλάνθρωπος,</span> 
     </span>
    </p>
   </div>
   <div class='ocr_carea' id='block_1_12' title="bbox 376 1155 1952 1231">
    <p class='ocr_par' dir='ltr' id='par_1_12' title="bbox 376 1155 1952 1231">
     <span class='ocr_line' id='line_1_12' title="bbox 376 1155 1952 1231; baseline 0.003 -23"><span class='ocrx_word' id='word_1_72' title='bbox 376 1155 646 1221; x_wconf 83' lang='grc' dir='ltr'><strong>Δέσποτα,</strong></span> <span class='ocrx_word' id='word_1_73' title='bbox 692 1157 834 1228; x_wconf 80' lang='grc' dir='ltr'>μετὰ</span> <span class='ocrx_word' id='word_1_74' title='bbox 873 1158 1092 1213; x_wconf 85' lang='grc' dir='ltr'>πάντων</span> <span class='ocrx_word' id='word_1_75' title='bbox 1129 1161 1224 1214; x_wconf 69' lang='grc' dir='ltr'><strong>καὶ</strong></span> <span class='ocrx_word' id='word_1_76' title='bbox 1262 1161 1325 1214; x_wconf 82' lang='grc' dir='ltr'>τὸ</span> <span class='ocrx_word' id='word_1_77' title='bbox 1348 1161 1469 1224; x_wconf 73' lang='grc' dir='ltr'>ἔτος</span> <span class='ocrx_word' id='word_1_78' title='bbox 1491 1160 1651 1215; x_wconf 78' lang='grc' dir='ltr'>τοῦτο</span> <span class='ocrx_word' id='word_1_79' title='bbox 1690 1160 1853 1213; x_wconf 77' lang='grc' dir='ltr'>ἔασόν</span> <span class='ocrx_word' id='word_1_80' title='bbox 1885 1177 1952 1231; x_wconf 89' lang='grc' dir='ltr'>με</span> 
     </span>
    </p>
   </div>
   <div class='ocr_carea' id='block_1_13' title="bbox 376 1237 1954 1323">
    <p class='ocr_par' dir='ltr' id='par_1_13' title="bbox 376 1237 1954 1323">
     <span class='ocr_line' id='line_1_13' title="bbox 376 1237 1954 1323; baseline 0.004 -26"><span class='ocrx_word' id='word_1_81' title='bbox 376 1246 515 1316; x_wconf 85' lang='grc' dir='ltr'>πρὸς</span> <span class='ocrx_word' id='word_1_82' title='bbox 545 1246 643 1318; x_wconf 82' lang='grc' dir='ltr'><strong>τὴν</strong></span> <span class='ocrx_word' id='word_1_83' title='bbox 677 1248 972 1318; x_wconf 87' lang='grc' dir='ltr'>μετάνοιαν</span> <span class='ocrx_word' id='word_1_84' title='bbox 993 1289 1009 1315; x_wconf 95' lang='grc'>,</span> <span class='ocrx_word' id='word_1_85' title='bbox 1054 1250 1150 1304; x_wconf 66' lang='grc' dir='ltr'><strong>καὶ</strong></span> <span class='ocrx_word' id='word_1_86' title='bbox 1186 1237 1259 1323; x_wconf 83' lang='grc' dir='ltr'>μὴ</span> <span class='ocrx_word' id='word_1_87' title='bbox 1311 1252 1618 1323; x_wconf 85' lang='grc' dir='ltr'>άκηδιάσῃς</span> <span class='ocrx_word' id='word_1_88' title='bbox 1666 1251 1954 1321; x_wconf 81' lang='grc' dir='ltr'><strong>βαστάζων</strong></span> 
     </span>
    </p>
   </div>
   <div class='ocr_carea' id='block_1_14' title="bbox 375 1337 1953 1416">
    <p class='ocr_par' dir='ltr' id='par_1_14' title="bbox 375 1337 1953 1416">
     <span class='ocr_line' id='line_1_14' title="bbox 375 1337 1953 1416; baseline 0.006 -27"><span class='ocrx_word' id='word_1_89' title='bbox 375 1337 475 1408; x_wconf 84' lang='grc' dir='ltr'>τὴν</span> <span class='ocrx_word' id='word_1_90' title='bbox 504 1338 719 1393; x_wconf 84' lang='grc' dir='ltr'>ἀδικίαν</span> <span class='ocrx_word' id='word_1_91' title='bbox 751 1357 854 1410; x_wconf 90' lang='grc' dir='ltr'>μου</span> <span class='ocrx_word' id='word_1_92' title='bbox 880 1343 977 1395; x_wconf 74' lang='grc' dir='ltr'>καὶ</span> <span class='ocrx_word' id='word_1_93' title='bbox 1014 1344 1117 1414; x_wconf 80' lang='grc' dir='ltr'><strong>τὴν</strong></span> <span class='ocrx_word' id='word_1_94' title='bbox 1171 1343 1451 1416; x_wconf 80' lang='grc' dir='ltr'>ρᾳθυμίαν</span> <span class='ocrx_word' id='word_1_95' title='bbox 1477 1361 1603 1414; x_wconf 89' lang='grc' dir='ltr'>μου.</span> <span class='ocrx_word' id='word_1_96' title='bbox 1641 1343 1732 1414; x_wconf 82' lang='grc' dir='ltr'><strong>Μὴ</strong></span> <span class='ocrx_word' id='word_1_97' title='bbox 1769 1343 1953 1416; x_wconf 82' lang='grc' dir='ltr'>ἁρπά-</span> 
     </span>
    </p>
   </div>
   <div class='ocr_carea' id='block_1_15' title="bbox 379 1431 1956 1507">
    <p class='ocr_par' dir='ltr' id='par_1_15' title="bbox 379 1431 1956 1507">
     <span class='ocr_line' id='line_1_15' title="bbox 379 1431 1956 1507; baseline 0.002 -24"><span class='ocrx_word' id='word_1_98' title='bbox 379 1444 480 1500; x_wconf 84' lang='grc' dir='ltr'><strong>σῃς</strong></span> <span class='ocrx_word' id='word_1_99' title='bbox 525 1447 594 1499; x_wconf 83' lang='grc' dir='ltr'>με</span> <span class='ocrx_word' id='word_1_100' title='bbox 642 1431 929 1501; x_wconf 80' lang='grc' dir='ltr'><strong>ἀνέτοιμον</strong></span> <span class='ocrx_word' id='word_1_101' title='bbox 965 1433 1342 1505; x_wconf 64' lang='grc' dir='ltr'>,ὑπάρχοντα,</span> <span class='ocrx_word' id='word_1_102' title='bbox 1395 1435 1472 1505; x_wconf 86' lang='grc' dir='ltr'><strong>μὴ</strong></span> <span class='ocrx_word' id='word_1_103' title='bbox 1517 1433 1693 1507; x_wconf 84' lang='grc' dir='ltr'>λάϐῃς</span> <span class='ocrx_word' id='word_1_104' title='bbox 1738 1451 1807 1505; x_wconf 90' lang='grc' dir='ltr'>με</span> <span class='ocrx_word' id='word_1_105' title='bbox 1858 1435 1956 1502; x_wconf 83' lang='grc' dir='ltr'>τὴν</span> 
     </span>
    </p>
   </div>
   <div class='ocr_carea' id='block_1_16' title="bbox 377 1520 1956 1598">
    <p class='ocr_par' dir='ltr' id='par_1_16' title="bbox 377 1520 1956 1598">
     <span class='ocr_line' id='line_1_16' title="bbox 377 1520 1956 1598; baseline 0.004 -26"><span class='ocrx_word' id='word_1_106' title='bbox 377 1520 642 1591; x_wconf 79' lang='grc' dir='ltr'>λαμπάδα</span> <span class='ocrx_word' id='word_1_107' title='bbox 670 1523 743 1593; x_wconf 88' lang='grc' dir='ltr'>μὴ</span> <span class='ocrx_word' id='word_1_108' title='bbox 771 1523 1008 1593; x_wconf 76' lang='grc' dir='ltr'>άψαντα,</span> <span class='ocrx_word' id='word_1_109' title='bbox 1034 1525 1109 1597; x_wconf 82' lang='grc' dir='ltr'><strong>μὴ</strong></span> <span class='ocrx_word' id='word_1_110' title='bbox 1133 1526 1307 1598; x_wconf 89' lang='grc' dir='ltr'>λάϐῃς</span> <span class='ocrx_word' id='word_1_111' title='bbox 1329 1544 1397 1597; x_wconf 89' lang='grc' dir='ltr'>με</span> <span class='ocrx_word' id='word_1_112' title='bbox 1429 1526 1505 1598; x_wconf 79' lang='grc' dir='ltr'><strong>μὴ</strong></span> <span class='ocrx_word' id='word_1_113' title='bbox 1533 1526 1729 1597; x_wconf 80' lang='grc' dir='ltr'>ἔχοντα</span> <span class='ocrx_word' id='word_1_114' title='bbox 1751 1526 1956 1596; x_wconf 77' lang='grc' dir='ltr'>ἔνδυμα</span> 
     </span>
    </p>
   </div>
   <div class='ocr_carea' id='block_1_17' title="bbox 377 1614 1955 1689">
    <p class='ocr_par' dir='ltr' id='par_1_17' title="bbox 377 1614 1955 1689">
     <span class='ocr_line' id='line_1_17' title="bbox 377 1614 1955 1689; baseline 0.004 -24"><span class='ocrx_word' id='word_1_115' title='bbox 377 1614 558 1683; x_wconf 85' lang='grc' dir='ltr'>γάμου</span> <span class='ocrx_word' id='word_1_116' title='bbox 583 1654 598 1680; x_wconf 95' lang='grc'>,</span> <span class='ocrx_word' id='word_1_117' title='bbox 631 1614 706 1685; x_wconf 84' lang='grc' dir='ltr'><strong>μὴ</strong></span> <span class='ocrx_word' id='word_1_118' title='bbox 744 1617 1110 1688; x_wconf 86' lang='grc' dir='ltr'>παραστήσῃς</span> <span class='ocrx_word' id='word_1_119' title='bbox 1156 1617 1371 1688; x_wconf 89' lang='grc' dir='ltr'>γυμνὴν</span> <span class='ocrx_word' id='word_1_120' title='bbox 1400 1617 1500 1688; x_wconf 80' lang='grc' dir='ltr'><strong>τὴν</strong></span> <span class='ocrx_word' id='word_1_121' title='bbox 1534 1618 1714 1689; x_wconf 77' lang='grc' dir='ltr'>ψυχήν</span> <span class='ocrx_word' id='word_1_122' title='bbox 1746 1635 1847 1688; x_wconf 90' lang='grc' dir='ltr'>μου</span> <span class='ocrx_word' id='word_1_123' title='bbox 1880 1617 1955 1688; x_wconf 87' lang='grc' dir='ltr'>τῷ</span> 
     </span>
    </p>
   </div>
   <div class='ocr_carea' id='block_1_18' title="bbox 380 1703 1956 1783">
    <p class='ocr_par' dir='ltr' id='par_1_18' title="bbox 380 1703 1956 1783">
     <span class='ocr_line' id='line_1_18' title="bbox 380 1703 1956 1783; baseline 0.003 -25"><span class='ocrx_word' id='word_1_124' title='bbox 380 1703 584 1774; x_wconf 78' lang='grc' dir='ltr'><strong>βήματι</strong></span> <span class='ocrx_word' id='word_1_125' title='bbox 634 1722 726 1759; x_wconf 93' lang='grc' dir='ltr'>σου</span> <span class='ocrx_word' id='word_1_126' title='bbox 778 1707 1145 1779; x_wconf 85' lang='grc' dir='ltr'>στηλίτευμα,</span> <span class='ocrx_word' id='word_1_127' title='bbox 1182 1710 1258 1780; x_wconf 82' lang='grc' dir='ltr'><strong>μὴ</strong></span> <span class='ocrx_word' id='word_1_128' title='bbox 1304 1709 1477 1783; x_wconf 90' lang='grc' dir='ltr'>λάϐῃς</span> <span class='ocrx_word' id='word_1_129' title='bbox 1508 1728 1576 1779; x_wconf 86' lang='grc' dir='ltr'>με</span> <span class='ocrx_word' id='word_1_130' title='bbox 1609 1712 1756 1775; x_wconf 86' lang='grc' dir='ltr'>τέως</span> <span class='ocrx_word' id='word_1_131' title='bbox 1791 1711 1956 1782; x_wconf 83' lang='grc' dir='ltr'>μηδὲν</span> 
     </span>
    </p>
   </div>
   <div class='ocr_carea' id='block_1_19' title="bbox 377 1796 1956 1877">
    <p class='ocr_par' dir='ltr' id='par_1_19' title="bbox 377 1796 1956 1877">
     <span class='ocr_line' id='line_1_19' title="bbox 377 1796 1956 1877; baseline 0.004 -28"><span class='ocrx_word' id='word_1_132' title='bbox 377 1796 717 1868; x_wconf 86' lang='grc' dir='ltr'>προενέγκαι</span> <span class='ocrx_word' id='word_1_133' title='bbox 746 1817 832 1853; x_wconf 91' lang='grc' dir='ltr'><strong>σοι</strong></span> <span class='ocrx_word' id='word_1_134' title='bbox 867 1800 1063 1871; x_wconf 79' lang='grc' dir='ltr'>ἔχοντα</span> <span class='ocrx_word' id='word_1_135' title='bbox 1088 1817 1103 1832; x_wconf 80' lang='grc'><strong><em>⁸</em></strong></span> <span class='ocrx_word' id='word_1_136' title='bbox 1135 1801 1274 1856; x_wconf 80' lang='grc' dir='ltr'>ἀλλὰ</span> <span class='ocrx_word' id='word_1_137' title='bbox 1310 1802 1768 1877; x_wconf 85' lang='grc' dir='ltr'>μακροθύμησον,</span> <span class='ocrx_word' id='word_1_138' title='bbox 1818 1802 1956 1858; x_wconf 84' lang='grc' dir='ltr'><strong>ἀλλά</strong></span> 
     </span>
    </p>
   </div>
   <div class='ocr_carea' id='block_1_20' title="bbox 376 1862 2033 1966">
    <p class='ocr_par' dir='ltr' id='par_1_20' title="bbox 376 1862 2033 1966">
     <span class='ocr_line' id='line_1_20' title="bbox 376 1862 2033 1966; baseline 0.005 -23"><span class='ocrx_word' id='word_1_139' title='bbox 376 1862 704 1962; x_wconf 77' lang='grc' dir='ltr'>ἀνάμεινον,</span> <span class='ocrx_word' id='word_1_140' title='bbox 752 1862 1440 1965; x_wconf 37' lang='grc' dir='ltr'>ἀλλάΙφιλανθρωπεύθητί</span> <span class='ocrx_word' id='word_1_141' title='bbox 1454 1936 1469 1960; x_wconf 89' lang='grc'>,</span> <span class='ocrx_word' id='word_1_142' title='bbox 1493 1862 1957 1966; x_wconf 33' lang='grc' dir='ltr'>ἀλλάῑσυμπάθη-</span> <span class='ocrx_word' id='word_1_143' title='bbox 1990 1862 2033 1917; x_wconf 80' lang='grc' dir='ltr'><strong>Β</strong></span> 
     </span>
    </p>
   </div>
   <div class='ocr_carea' id='block_1_21' title="bbox 376 1984 1957 2060">
    <p class='ocr_par' dir='ltr' id='par_1_21' title="bbox 376 1984 1957 2060">
     <span class='ocr_line' id='line_1_21' title="bbox 376 1984 1957 2060; baseline 0.003 -24"><span class='ocrx_word' id='word_1_144' title='bbox 376 2000 474 2037; x_wconf 86' lang='grc' dir='ltr'>σον</span> <span class='ocrx_word' id='word_1_145' title='bbox 502 1986 676 2054; x_wconf 73' lang='grc' dir='ltr'>κάμοὶ</span> <span class='ocrx_word' id='word_1_146' title='bbox 704 1985 783 2057; x_wconf 84' lang='grc' dir='ltr'>τῷ</span> <span class='ocrx_word' id='word_1_147' title='bbox 816 1987 1041 2059; x_wconf 83' lang='grc' dir='ltr'>πτωχῷ,</span> <span class='ocrx_word' id='word_1_148' title='bbox 1078 1984 1156 2059; x_wconf 84' lang='grc' dir='ltr'>τῷ</span> <span class='ocrx_word' id='word_1_149' title='bbox 1185 1988 1382 2058; x_wconf 84' lang='grc' dir='ltr'>γυμνῷ</span> <span class='ocrx_word' id='word_1_150' title='bbox 1406 2027 1424 2051; x_wconf 91' lang='grc'>,</span> <span class='ocrx_word' id='word_1_151' title='bbox 1459 1987 1538 2059; x_wconf 82' lang='grc' dir='ltr'>τῷ</span> <span class='ocrx_word' id='word_1_152' title='bbox 1575 1988 1804 2060; x_wconf 73' lang='grc' dir='ltr'>ρᾳθύμῳ</span> <span class='ocrx_word' id='word_1_153' title='bbox 1828 2029 1843 2054; x_wconf 96' lang='grc'>,</span> <span class='ocrx_word' id='word_1_154' title='bbox 1879 1987 1957 2058; x_wconf 84' lang='grc' dir='ltr'><strong>τῷ</strong></span> 
     </span>
    </p>
   </div>
   <div class='ocr_carea' id='block_1_22' title="bbox 377 2076 1955 2152">
    <p class='ocr_par' dir='ltr' id='par_1_22' title="bbox 377 2076 1955 2152">
     <span class='ocr_line' id='line_1_22' title="bbox 377 2076 1955 2152; baseline 0.003 -24"><span class='ocrx_word' id='word_1_155' title='bbox 377 2076 590 2145; x_wconf 86' lang='grc' dir='ltr'>ἀμελεῖ,</span> <span class='ocrx_word' id='word_1_156' title='bbox 620 2077 698 2147; x_wconf 80' lang='grc' dir='ltr'><strong>τῷ</strong></span> <span class='ocrx_word' id='word_1_157' title='bbox 736 2078 958 2149; x_wconf 79' lang='grc' dir='ltr'>ἐλεεινῷ</span> <span class='ocrx_word' id='word_1_158' title='bbox 982 2118 996 2141; x_wconf 91' lang='grc'>,</span> <span class='ocrx_word' id='word_1_159' title='bbox 1030 2079 1110 2150; x_wconf 83' lang='grc' dir='ltr'>τῷ</span> <span class='ocrx_word' id='word_1_160' title='bbox 1139 2080 1360 2151; x_wconf 85' lang='grc' dir='ltr'>ἀπόρῳ,</span> <span class='ocrx_word' id='word_1_161' title='bbox 1394 2079 1473 2150; x_wconf 85' lang='grc' dir='ltr'>τῷ</span> <span class='ocrx_word' id='word_1_162' title='bbox 1500 2080 1707 2150; x_wconf 85' lang='grc' dir='ltr'>πόρνῳ,</span> <span class='ocrx_word' id='word_1_163' title='bbox 1742 2080 1822 2150; x_wconf 83' lang='grc' dir='ltr'><strong>τῷ</strong></span> <span class='ocrx_word' id='word_1_164' title='bbox 1856 2083 1955 2152; x_wconf 81' lang='grc' dir='ltr'><strong>ρυ-</strong></span> 
     </span>
    </p>
   </div>
   <div class='ocr_carea' id='block_1_23' title="bbox 375 2168 1956 2243">
    <p class='ocr_par' dir='ltr' id='par_1_23' title="bbox 375 2168 1956 2243">
     <span class='ocr_line' id='line_1_23' title="bbox 375 2168 1956 2243; baseline 0.003 -21"><span class='ocrx_word' id='word_1_165' title='bbox 375 2168 560 2240; x_wconf 85' lang='grc' dir='ltr'>παρῷ,</span> <span class='ocrx_word' id='word_1_166' title='bbox 595 2170 671 2241; x_wconf 82' lang='grc' dir='ltr'><strong>τῷ</strong></span> <span class='ocrx_word' id='word_1_167' title='bbox 697 2170 916 2241; x_wconf 80' lang='grc' dir='ltr'>ἀσώτῳ,</span> <span class='ocrx_word' id='word_1_168' title='bbox 948 2170 1027 2241; x_wconf 81' lang='grc' dir='ltr'><strong>τῷ</strong></span> <span class='ocrx_word' id='word_1_169' title='bbox 1056 2172 1360 2243; x_wconf 84' lang='grc' dir='ltr'>ἀγνώμονι,</span> <span class='ocrx_word' id='word_1_170' title='bbox 1388 2171 1466 2242; x_wconf 85' lang='grc' dir='ltr'><strong>τῷ</strong></span> <span class='ocrx_word' id='word_1_171' title='bbox 1487 2173 1844 2243; x_wconf 85' lang='grc' dir='ltr'>άσπλάγχνῳ,</span> <span class='ocrx_word' id='word_1_172' title='bbox 1876 2172 1956 2243; x_wconf 85' lang='grc' dir='ltr'>τῷ</span> 
     </span>
    </p>
   </div>
   <div class='ocr_carea' id='block_1_24' title="bbox 376 2262 1956 2334">
    <p class='ocr_par' dir='ltr' id='par_1_24' title="bbox 376 2262 1956 2334">
     <span class='ocr_line' id='line_1_24' title="bbox 376 2262 1956 2334; baseline 0 -19"><span class='ocrx_word' id='word_1_173' title='bbox 376 2262 796 2333; x_wconf 83' lang='grc' dir='ltr'>πεπωρωμένῳ,</span> <span class='ocrx_word' id='word_1_174' title='bbox 828 2262 907 2332; x_wconf 78' lang='grc' dir='ltr'>τῷ</span> <span class='ocrx_word' id='word_1_175' title='bbox 945 2262 1350 2333; x_wconf 85' lang='grc' dir='ltr'>βεϐυθισμένῳ,</span> <span class='ocrx_word' id='word_1_176' title='bbox 1380 2262 1460 2334; x_wconf 80' lang='grc' dir='ltr'>τῷ</span> <span class='ocrx_word' id='word_1_177' title='bbox 1490 2263 1956 2333; x_wconf 85' lang='grc' dir='ltr'>κατακεκριμένῳ</span> 
     </span>
    </p>
   </div>
   <div class='ocr_carea' id='block_1_25' title="bbox 376 2354 1957 2427">
    <p class='ocr_par' dir='ltr' id='par_1_25' title="bbox 376 2354 1957 2427">
     <span class='ocr_line' id='line_1_25' title="bbox 376 2354 1957 2427; baseline -0.001 -20"><span class='ocrx_word' id='word_1_178' title='bbox 376 2355 473 2407; x_wconf 75' lang='grc' dir='ltr'>καὶ</span> <span class='ocrx_word' id='word_1_179' title='bbox 503 2355 828 2425; x_wconf 73' lang='grc' dir='ltr'>ἁπροσώπῳ</span> <span class='ocrx_word' id='word_1_180' title='bbox 865 2356 962 2408; x_wconf 75' lang='grc' dir='ltr'>καὶ</span> <span class='ocrx_word' id='word_1_181' title='bbox 1016 2354 1497 2427; x_wconf 78' lang='grc' dir='ltr'>ἀπαρῤησιάστῳ,</span> <span class='ocrx_word' id='word_1_182' title='bbox 1544 2355 1640 2408; x_wconf 77' lang='grc' dir='ltr'><strong>καὶ</strong></span> <span class='ocrx_word' id='word_1_183' title='bbox 1681 2354 1957 2409; x_wconf 84' lang='grc' dir='ltr'>ἀναπολο-</span> 
     </span>
    </p>
   </div>
   <div class='ocr_carea' id='block_1_26' title="bbox 286 2445 1956 2519">
    <p class='ocr_par' dir='ltr' id='par_1_26' title="bbox 286 2445 1956 2519">
     <span class='ocr_line' id='line_1_26' title="bbox 286 2445 1956 2519; baseline 0 -22"><span class='ocrx_word' id='word_1_184' title='bbox 286 2496 289 2497; x_wconf 65' lang='lat'>,</span> <span class='ocrx_word' id='word_1_185' title='bbox 374 2447 550 2518; x_wconf 85' lang='grc' dir='ltr'>γήτῳ,</span> <span class='ocrx_word' id='word_1_186' title='bbox 590 2446 669 2518; x_wconf 85' lang='grc' dir='ltr'><strong>τῷ</strong></span> <span class='ocrx_word' id='word_1_187' title='bbox 703 2446 908 2517; x_wconf 77' lang='grc' dir='ltr'>ἀναξίῳ</span> <span class='ocrx_word' id='word_1_188' title='bbox 939 2447 1122 2517; x_wconf 82' lang='grc' dir='ltr'>πάσης</span> <span class='ocrx_word' id='word_1_189' title='bbox 1152 2447 1570 2519; x_wconf 81' lang='grc' dir='ltr'>φιλανθρωπίας</span> <span class='ocrx_word' id='word_1_190' title='bbox 1594 2463 1609 2477; x_wconf 89' lang='grc'><strong>·</strong></span> <span class='ocrx_word' id='word_1_191' title='bbox 1639 2446 1719 2517; x_wconf 82' lang='grc' dir='ltr'>τῷ</span> <span class='ocrx_word' id='word_1_192' title='bbox 1747 2445 1956 2516; x_wconf 82' lang='grc' dir='ltr'>ἀναξίῳ</span> 
     </span>
    </p>
   </div>
   <div class='ocr_carea' id='block_1_27' title="bbox 374 2539 1952 2612">
    <p class='ocr_par' dir='ltr' id='par_1_27' title="bbox 374 2539 1952 2612">
     <span class='ocr_line' id='line_1_27' title="bbox 374 2539 1952 2612; baseline -0.002 -18"><span class='ocrx_word' id='word_1_193' title='bbox 374 2540 471 2594; x_wconf 82' lang='grc' dir='ltr'>τοῦ</span> <span class='ocrx_word' id='word_1_194' title='bbox 500 2541 733 2612; x_wconf 84' lang='grc' dir='ltr'>οὐρανοῦ</span> <span class='ocrx_word' id='word_1_195' title='bbox 757 2542 853 2594; x_wconf 64' lang='grc' dir='ltr'><strong>καλ⁸</strong></span> <span class='ocrx_word' id='word_1_196' title='bbox 881 2541 980 2609; x_wconf 81' lang='grc' dir='ltr'><strong>τῆς</strong></span> <span class='ocrx_word' id='word_1_197' title='bbox 1003 2540 1110 2611; x_wconf 84' lang='grc' dir='ltr'><strong>γῆς</strong></span> <span class='ocrx_word' id='word_1_198' title='bbox 1136 2555 1153 2572; x_wconf 90' lang='grc'><strong>·</strong></span> <span class='ocrx_word' id='word_1_199' title='bbox 1179 2539 1257 2611; x_wconf 81' lang='grc' dir='ltr'>τῷ</span> <span class='ocrx_word' id='word_1_200' title='bbox 1281 2540 1418 2611; x_wconf 82' lang='grc' dir='ltr'>ἀξίῳ</span> <span class='ocrx_word' id='word_1_201' title='bbox 1446 2539 1631 2611; x_wconf 87' lang='grc' dir='ltr'>πάσης</span> <span class='ocrx_word' id='word_1_202' title='bbox 1656 2540 1952 2610; x_wconf 81' lang='grc' dir='ltr'>τιμωρίας,</span> 
     </span>
    </p>
   </div>
   <div class='ocr_carea' id='block_1_28' title="bbox 374 2631 1211 2703">
    <p class='ocr_par' dir='ltr' id='par_1_28' title="bbox 374 2631 1211 2703">
     <span class='ocr_line' id='line_1_28' title="bbox 374 2631 1211 2703; baseline -0.002 -16"><span class='ocrx_word' id='word_1_203' title='bbox 374 2632 474 2687; x_wconf 80' lang='grc' dir='ltr'><strong>καὶ</strong></span> <span class='ocrx_word' id='word_1_204' title='bbox 505 2633 755 2703; x_wconf 81' lang='grc' dir='ltr'>γεέννης,</span> <span class='ocrx_word' id='word_1_205' title='bbox 784 2631 883 2685; x_wconf 75' lang='grc' dir='ltr'>καὶ</span> <span class='ocrx_word' id='word_1_206' title='bbox 909 2631 1211 2694; x_wconf 84' lang='grc' dir='ltr'>κολάσεως.</span> 
     </span>
    </p>
   </div>
   <div class='ocr_carea' id='block_1_29' title="bbox 458 2721 1953 2795">
    <p class='ocr_par' dir='ltr' id='par_1_29' title="bbox 458 2721 1953 2795">
     <span class='ocr_line' id='line_1_29' title="bbox 458 2721 1953 2795; baseline -0.003 -17"><span class='ocrx_word' id='word_1_207' title='bbox 458 2725 640 2787; x_wconf 75' lang='grc' dir='ltr'>’Δλλὰ,</span> <span class='ocrx_word' id='word_1_208' title='bbox 685 2742 705 2775; x_wconf 81' lang='grc' dir='ltr'><strong>ι</strong></span> <span class='ocrx_word' id='word_1_209' title='bbox 736 2724 930 2795; x_wconf 82' lang='grc' dir='ltr'>Κύριε,</span> <span class='ocrx_word' id='word_1_210' title='bbox 973 2722 1048 2794; x_wconf 84' lang='grc' dir='ltr'><strong>μὴ</strong></span> <span class='ocrx_word' id='word_1_211' title='bbox 1101 2722 1181 2792; x_wconf 84' lang='grc' dir='ltr'>τῷ</span> <span class='ocrx_word' id='word_1_212' title='bbox 1230 2721 1388 2793; x_wconf 89' lang='grc' dir='ltr'><strong>θυμῷ</strong></span> <span class='ocrx_word' id='word_1_213' title='bbox 1427 2739 1522 2775; x_wconf 87' lang='grc' dir='ltr'>σου</span> <span class='ocrx_word' id='word_1_214' title='bbox 1574 2721 1802 2793; x_wconf 78' lang='grc' dir='ltr'>ἐλέγξῃς</span> <span class='ocrx_word' id='word_1_215' title='bbox 1849 2737 1953 2791; x_wconf 86' lang='grc' dir='ltr'>με,</span> 
     </span>
    </p>
   </div>
   <div class='ocr_carea' id='block_1_30' title="bbox 378 2812 1956 2889">
    <p class='ocr_par' dir='ltr' id='par_1_30' title="bbox 378 2812 1956 2889">
     <span class='ocr_line' id='line_1_30' title="bbox 378 2812 1956 2889; baseline -0.003 -18"><span class='ocrx_word' id='word_1_216' title='bbox 378 2817 516 2889; x_wconf 86' lang='grc' dir='ltr'>μηδὲ</span> <span class='ocrx_word' id='word_1_217' title='bbox 549 2820 617 2889; x_wconf 79' lang='grc' dir='ltr'><strong>τῇ</strong></span> <span class='ocrx_word' id='word_1_218' title='bbox 648 2816 784 2888; x_wconf 84' lang='grc' dir='ltr'>ὀργῇ</span> <span class='ocrx_word' id='word_1_219' title='bbox 821 2833 915 2869; x_wconf 93' lang='grc' dir='ltr'>σου</span> <span class='ocrx_word' id='word_1_220' title='bbox 952 2814 1250 2885; x_wconf 83' lang='grc' dir='ltr'>παιδεύσῃς</span> <span class='ocrx_word' id='word_1_221' title='bbox 1285 2831 1375 2884; x_wconf 86' lang='grc' dir='ltr'>με.</span> <span class='ocrx_word' id='word_1_222' title='bbox 1430 2813 1683 2885; x_wconf 85' lang='grc' dir='ltr'>Ἐλέησόν</span> <span class='ocrx_word' id='word_1_223' title='bbox 1719 2831 1810 2884; x_wconf 85' lang='grc' dir='ltr'>με,</span> <span class='ocrx_word' id='word_1_224' title='bbox 1840 2812 1956 2867; x_wconf 83' lang='grc' dir='ltr'><strong>Κύ-</strong></span> 
     </span>
    </p>
   </div>
   <div class='ocr_carea' id='block_1_31' title="bbox 377 2903 1951 2980">
    <p class='ocr_par' dir='ltr' id='par_1_31' title="bbox 377 2903 1951 2980">
     <span class='ocr_line' id='line_1_31' title="bbox 377 2903 1951 2980; baseline -0.003 -19"><span class='ocrx_word' id='word_1_225' title='bbox 377 2925 482 2980; x_wconf 86' lang='grc' dir='ltr'>ριε,</span> <span class='ocrx_word' id='word_1_226' title='bbox 532 2908 617 2960; x_wconf 79' lang='grc' dir='ltr'>ὅτι</span> <span class='ocrx_word' id='word_1_227' title='bbox 658 2906 898 2975; x_wconf 85' lang='grc' dir='ltr'>ἀσθενής</span> <span class='ocrx_word' id='word_1_228' title='bbox 942 2905 1079 2975; x_wconf 84' lang='grc' dir='ltr'>είμι.</span> <span class='ocrx_word' id='word_1_229' title='bbox 1121 2923 1140 2956; x_wconf 74' lang='grc' dir='ltr'><strong>ι</strong></span> <span class='ocrx_word' id='word_1_230' title='bbox 1190 2903 1449 2975; x_wconf 88' lang='grc' dir='ltr'>Ἀσθενής</span> <span class='ocrx_word' id='word_1_231' title='bbox 1482 2905 1601 2974; x_wconf 83' lang='grc' dir='ltr'>εἰμι</span> <span class='ocrx_word' id='word_1_232' title='bbox 1653 2906 1719 2975; x_wconf 80' lang='grc' dir='ltr'>τῇ</span> <span class='ocrx_word' id='word_1_233' title='bbox 1755 2904 1951 2973; x_wconf 82' lang='grc' dir='ltr'>σαρκὶ,</span> 
     </span>
    </p>
   </div>
   <div class='ocr_carea' id='block_1_32' title="bbox 374 2994 1951 3069">
    <p class='ocr_par' dir='ltr' id='par_1_32' title="bbox 374 2994 1951 3069">
     <span class='ocr_line' id='line_1_32' title="bbox 374 2994 1951 3069; baseline 0.003 -17"><span class='ocrx_word' id='word_1_234' title='bbox 374 2998 610 3064; x_wconf 85' lang='grc' dir='ltr'>ἀσθενής</span> <span class='ocrx_word' id='word_1_235' title='bbox 663 2999 782 3069; x_wconf 83' lang='grc' dir='ltr'>εἰμι</span> <span class='ocrx_word' id='word_1_236' title='bbox 833 2999 901 3069; x_wconf 76' lang='grc' dir='ltr'><strong>τῇ</strong></span> <span class='ocrx_word' id='word_1_237' title='bbox 952 2996 1123 3068; x_wconf 82' lang='grc' dir='ltr'>ψυχῇ.</span> <span class='ocrx_word' id='word_1_238' title='bbox 1186 2995 1431 3048; x_wconf 76' lang='grc' dir='ltr'>Ἀσθενεῖ</span> <span class='ocrx_word' id='word_1_239' title='bbox 1482 3011 1587 3065; x_wconf 87' lang='grc' dir='ltr'>μου</span> <span class='ocrx_word' id='word_1_240' title='bbox 1639 2997 1672 3066; x_wconf 82' lang='grc' dir='ltr'>ἠ</span> <span class='ocrx_word' id='word_1_241' title='bbox 1723 2994 1951 3065; x_wconf 80' lang='grc' dir='ltr'>γνώμη,</span> 
     </span>
    </p>
   </div>
   <div class='ocr_carea' id='block_1_33' title="bbox 373 3086 1948 3158">
    <p class='ocr_par' dir='ltr' id='par_1_33' title="bbox 373 3086 1948 3158">
     <span class='ocr_line' id='line_1_33' title="bbox 373 3086 1948 3158; baseline -0.001 -17"><span class='ocrx_word' id='word_1_242' title='bbox 373 3087 597 3141; x_wconf 76' lang='grc' dir='ltr'><strong>ἀσθενεῖ</strong></span> <span class='ocrx_word' id='word_1_243' title='bbox 626 3105 728 3158; x_wconf 91' lang='grc' dir='ltr'>μου</span> <span class='ocrx_word' id='word_1_244' title='bbox 757 3088 786 3140; x_wconf 88' lang='grc' dir='ltr'><strong>ό</strong></span> <span class='ocrx_word' id='word_1_245' title='bbox 824 3087 1163 3158; x_wconf 52' lang='grc' dir='ltr'>λογισμόςωι</span> <span class='ocrx_word' id='word_1_246' title='bbox 1215 3086 1461 3151; x_wconf 79' lang='grc' dir='ltr'>Ἐξέλιπέ</span> <span class='ocrx_word' id='word_1_247' title='bbox 1490 3104 1592 3157; x_wconf 89' lang='grc' dir='ltr'>μου</span> <span class='ocrx_word' id='word_1_248' title='bbox 1632 3087 1666 3158; x_wconf 79' lang='grc' dir='ltr'><strong>ἡ</strong></span> <span class='ocrx_word' id='word_1_249' title='bbox 1710 3087 1887 3156; x_wconf 74' lang='grc' dir='ltr'>ἰσχὺς,</span> <span class='ocrx_word' id='word_1_250' title='bbox 1929 3107 1948 3139; x_wconf 75' lang='grc' dir='ltr'><strong>ι</strong></span> 
     </span>
    </p>
   </div>
   <div class='ocr_carea' id='block_1_34' title="bbox 2052 617 3620 690">
    <p class='ocr_par' dir='ltr' id='par_1_34' title="bbox 2052 617 3620 690">
     <span class='ocr_line' id='line_1_34' title="bbox 2052 617 3620 690; baseline 0.005 -20"><span class='ocrx_word' id='word_1_251' title='bbox 2052 629 2157 671; x_wconf 87' lang='lat' dir='ltr'><strong>non</strong></span> <span class='ocrx_word' id='word_1_252' title='bbox 2188 617 2406 673; x_wconf 86' lang='lat' dir='ltr'><strong>adhibui</strong></span> <span class='ocrx_word' id='word_1_253' title='bbox 2428 620 2692 685; x_wconf 86' lang='lat' dir='ltr'><strong>animum,</strong></span> <span class='ocrx_word' id='word_1_254' title='bbox 2737 636 2837 676; x_wconf 89' lang='lat' dir='ltr'><strong>nec</strong></span> <span class='ocrx_word' id='word_1_255' title='bbox 2868 637 2986 676; x_wconf 91' lang='lat' dir='ltr'><strong>sum</strong></span> <span class='ocrx_word' id='word_1_256' title='bbox 3038 638 3361 680; x_wconf 89' lang='lat' dir='ltr'><strong>conversus.</strong></span> <span class='ocrx_word' id='word_1_257' title='bbox 3392 624 3620 690; x_wconf 88' lang='lat' dir='ltr'><strong>Idcirco,</strong></span> 
     </span>
    </p>
   </div>
   <div class='ocr_carea' id='block_1_35' title="bbox 2053 705 3623 784">
    <p class='ocr_par' dir='ltr' id='par_1_35' title="bbox 2053 705 3623 784">
     <span class='ocr_line' id='line_1_35' title="bbox 2053 705 3623 784; baseline 0.004 -24"><span class='ocrx_word' id='word_1_258' title='bbox 2053 705 2304 773; x_wconf 85' lang='lat' dir='ltr'><strong>Domine,</strong></span> <span class='ocrx_word' id='word_1_259' title='bbox 2354 716 2611 779; x_wconf 81' lang='lat' dir='ltr'><strong>tanquam</strong></span> <span class='ocrx_word' id='word_1_260' title='bbox 2683 712 2773 780; x_wconf 91' lang='lat' dir='ltr'><strong>qui</strong></span> <span class='ocrx_word' id='word_1_261' title='bbox 2838 724 3124 779; x_wconf 79' lang='lat' dir='ltr'><strong>cognatam</strong></span> <span class='ocrx_word' id='word_1_262' title='bbox 3168 729 3233 769; x_wconf 84' lang='lat' dir='ltr'><strong>ac</strong></span> <span class='ocrx_word' id='word_1_263' title='bbox 3282 713 3623 784; x_wconf 84' lang='lat' dir='ltr'><strong>inseparabi-</strong></span> 
     </span>
    </p>
   </div>
   <div class='ocr_carea' id='block_1_36' title="bbox 2054 797 3624 873">
    <p class='ocr_par' dir='ltr' id='par_1_36' title="bbox 2054 797 3624 873">
     <span class='ocr_line' id='line_1_36' title="bbox 2054 797 3624 873; baseline 0.003 -20"><span class='ocrx_word' id='word_1_264' title='bbox 2054 797 2157 853; x_wconf 89' lang='lat' dir='ltr'><strong>lem</strong></span> <span class='ocrx_word' id='word_1_265' title='bbox 2189 799 2302 869; x_wconf 73' lang='lat'><strong>(12)</strong></span> <span class='ocrx_word' id='word_1_266' title='bbox 2346 800 2548 854; x_wconf 87' lang='lat' dir='ltr'><strong>habeas</strong></span> <span class='ocrx_word' id='word_1_267' title='bbox 2566 801 2869 856; x_wconf 85' lang='lat' dir='ltr'><strong>clementiae</strong></span> <span class='ocrx_word' id='word_1_268' title='bbox 2898 805 3181 873; x_wconf 84' lang='lat' dir='ltr'><strong>abyssum,</strong></span> <span class='ocrx_word' id='word_1_269' title='bbox 3203 818 3267 858; x_wconf 88' lang='lat' dir='ltr'><strong>ac</strong></span> <span class='ocrx_word' id='word_1_270' title='bbox 3298 803 3624 872; x_wconf 79' lang='lat' dir='ltr'><strong>longanimi-</strong></span> 
     </span>
    </p>
   </div>
   <div class='ocr_carea' id='block_1_37' title="bbox 2055 891 3624 966">
    <p class='ocr_par' dir='ltr' id='par_1_37' title="bbox 2055 891 3624 966">
     <span class='ocr_line' id='line_1_37' title="bbox 2055 891 3624 966; baseline 0.004 -22"><span class='ocrx_word' id='word_1_271' title='bbox 2055 891 2181 946; x_wconf 88' lang='lat' dir='ltr'><strong>tatis</strong></span> <span class='ocrx_word' id='word_1_272' title='bbox 2207 891 2466 961; x_wconf 87' lang='lat' dir='ltr'><strong>pelagus:</strong></span> <span class='ocrx_word' id='word_1_273' title='bbox 2506 910 2525 943; x_wconf 73' lang='grc' dir='ltr'><strong>ι</strong></span> <span class='ocrx_word' id='word_1_274' title='bbox 2571 891 2649 946; x_wconf 87' lang='lat' dir='ltr'><strong>Ne</strong></span> <span class='ocrx_word' id='word_1_275' title='bbox 2698 893 2749 946; x_wconf 94' lang='lat' dir='ltr'><strong>in</strong></span> <span class='ocrx_word' id='word_1_276' title='bbox 2801 893 2986 949; x_wconf 82' lang='lat' dir='ltr'><strong>furore</strong></span> <span class='ocrx_word' id='word_1_277' title='bbox 3019 905 3109 951; x_wconf 90' lang='lat' dir='ltr'><strong>tuo</strong></span> <span class='ocrx_word' id='word_1_278' title='bbox 3144 911 3340 966; x_wconf 82' lang='lat' dir='ltr'><strong>arguas</strong></span> <span class='ocrx_word' id='word_1_279' title='bbox 3389 910 3494 959; x_wconf 88' lang='lat' dir='ltr'><strong>me,</strong></span> <span class='ocrx_word' id='word_1_280' title='bbox 3530 910 3624 950; x_wconf 87' lang='lat' dir='ltr'><strong>ne-</strong></span> 
     </span>
    </p>
   </div>
   <div class='ocr_carea' id='block_1_38' title="bbox 2052 981 3619 1053">
    <p class='ocr_par' dir='ltr' id='par_1_38' title="bbox 2052 981 3619 1053">
     <span class='ocr_line' id='line_1_38' title="bbox 2052 981 3619 1053; baseline 0.004 -19"><span class='ocrx_word' id='word_1_281' title='bbox 2052 996 2158 1051; x_wconf 88' lang='lat' dir='ltr'><strong>que</strong></span> <span class='ocrx_word' id='word_1_282' title='bbox 2188 981 2242 1035; x_wconf 90' lang='lat' dir='ltr'><strong>in</strong></span> <span class='ocrx_word' id='word_1_283' title='bbox 2274 982 2353 1036; x_wconf 90' lang='lat' dir='ltr'><strong>ira</strong></span> <span class='ocrx_word' id='word_1_284' title='bbox 2385 991 2471 1036; x_wconf 91' lang='lat' dir='ltr'><strong>tua</strong></span> <span class='ocrx_word' id='word_1_285' title='bbox 2500 983 2765 1053; x_wconf 84' lang='lat' dir='ltr'><strong>corripias</strong></span> <span class='ocrx_word' id='word_1_286' title='bbox 2799 999 2916 1050; x_wconf 91' lang='lat' dir='ltr'><strong>me;</strong></span> <span class='ocrx_word' id='word_1_287' title='bbox 2964 1004 2984 1037; x_wconf 75' lang='grc' dir='ltr'><strong>ι</strong></span> <span class='ocrx_word' id='word_1_288' title='bbox 3042 987 3137 1040; x_wconf 85' lang='lat' dir='ltr'><strong>sed</strong></span> <span class='ocrx_word' id='word_1_289' title='bbox 3177 988 3365 1041; x_wconf 88' lang='lat' dir='ltr'><strong>adhuc&#39;</strong></span> <span class='ocrx_word' id='word_1_290' title='bbox 3410 987 3619 1040; x_wconf 89' lang='lat' dir='ltr'><strong>adhuc-</strong></span> 
     </span>
    </p>
   </div>
   <div class='ocr_carea' id='block_1_39' title="bbox 2054 1072 3624 1142">
    <p class='ocr_par' dir='ltr' id='par_1_39' title="bbox 2054 1072 3624 1142">
     <span class='ocr_line' id='line_1_39' title="bbox 2054 1072 3624 1142; baseline 0.004 -15"><span class='ocrx_word' id='word_1_291' title='bbox 2054 1072 2427 1142; x_wconf 89' lang='lat' dir='ltr'><strong>quetoleranti</strong></span> <span class='ocrx_word' id='word_1_292' title='bbox 2462 1075 2514 1128; x_wconf 93' lang='lat' dir='ltr'><strong>in</strong></span> <span class='ocrx_word' id='word_1_293' title='bbox 2546 1091 2630 1130; x_wconf 91' lang='lat' dir='ltr'><strong>me</strong></span> <span class='ocrx_word' id='word_1_294' title='bbox 2673 1084 2790 1130; x_wconf 90' lang='lat' dir='ltr'><strong>esto</strong></span> <span class='ocrx_word' id='word_1_295' title='bbox 2838 1078 3042 1132; x_wconf 86' lang='lat' dir='ltr'><strong>animo.</strong></span> <span class='ocrx_word' id='word_1_296' title='bbox 3075 1075 3156 1131; x_wconf 89' lang='lat' dir='ltr'><strong>Ne</strong></span> <span class='ocrx_word' id='word_1_297' title='bbox 3196 1082 3303 1132; x_wconf 91' lang='lat' dir='ltr'><strong>cito</strong></span> <span class='ocrx_word' id='word_1_298' title='bbox 3329 1079 3624 1133; x_wconf 77' lang='lat' dir='ltr'><strong>exscindas</strong></span> 
     </span>
    </p>
   </div>
   <div class='ocr_carea' id='block_1_40' title="bbox 2054 1164 3623 1239">
    <p class='ocr_par' dir='ltr' id='par_1_40' title="bbox 2054 1164 3623 1239">
     <span class='ocr_line' id='line_1_40' title="bbox 2054 1164 3623 1239; baseline 0.003 -21"><span class='ocrx_word' id='word_1_299' title='bbox 2054 1179 2142 1219; x_wconf 90' lang='lat' dir='ltr'><strong>me</strong></span> <span class='ocrx_word' id='word_1_300' title='bbox 2179 1171 2237 1218; x_wconf 91' lang='lat' dir='ltr'><strong>ut</strong></span> <span class='ocrx_word' id='word_1_301' title='bbox 2274 1164 2435 1220; x_wconf 81' lang='lat' dir='ltr'><strong>ficum</strong></span> <span class='ocrx_word' id='word_1_302' title='bbox 2465 1166 2610 1220; x_wconf 87' lang='lat' dir='ltr'><strong>illam</strong></span> <span class='ocrx_word' id='word_1_303' title='bbox 2655 1167 3029 1238; x_wconf 81' lang='lat' dir='ltr'><strong>infrugiferam</strong></span> <span class='ocrx_word' id='word_1_304' title='bbox 3081 1168 3148 1234; x_wconf 84' lang='lat'><strong>&quot;,</strong></span> <span class='ocrx_word' id='word_1_305' title='bbox 3209 1172 3301 1224; x_wconf 87' lang='lat' dir='ltr'><strong>sed</strong></span> <span class='ocrx_word' id='word_1_306' title='bbox 3364 1179 3623 1239; x_wconf 89' lang='lat' dir='ltr'><strong>tanquam</strong></span> 
     </span>
    </p>
   </div>
   <div class='ocr_carea' id='block_1_41' title="bbox 2054 1256 3625 1330">
    <p class='ocr_par' dir='ltr' id='par_1_41' title="bbox 2054 1256 3625 1330">
     <span class='ocr_line' id='line_1_41' title="bbox 2054 1256 3625 1330; baseline 0.003 -19"><span class='ocrx_word' id='word_1_307' title='bbox 2054 1256 2229 1312; x_wconf 89' lang='lat' dir='ltr'><strong>bonus</strong></span> <span class='ocrx_word' id='word_1_308' title='bbox 2250 1271 2312 1311; x_wconf 90' lang='lat' dir='ltr'><strong>ac</strong></span> <span class='ocrx_word' id='word_1_309' title='bbox 2339 1257 2594 1325; x_wconf 87' lang='lat' dir='ltr'><strong>clemens,</strong></span> <span class='ocrx_word' id='word_1_310' title='bbox 2624 1259 2869 1324; x_wconf 87' lang='lat' dir='ltr'><strong>Domine,</strong></span> <span class='ocrx_word' id='word_1_311' title='bbox 2899 1261 3001 1314; x_wconf 90' lang='lat' dir='ltr'><strong>hoc</strong></span> <span class='ocrx_word' id='word_1_312' title='bbox 3041 1274 3258 1330; x_wconf 90' lang='lat' dir='ltr'><strong>quoque</strong></span> <span class='ocrx_word' id='word_1_313' title='bbox 3310 1276 3453 1315; x_wconf 92' lang='lat' dir='ltr'><strong>anno</strong></span> <span class='ocrx_word' id='word_1_314' title='bbox 3500 1276 3625 1315; x_wconf 93' lang='lat' dir='ltr'><strong>cum</strong></span> 
     </span>
    </p>
   </div>
   <div class='ocr_carea' id='block_1_42' title="bbox 2054 1349 3626 1421">
    <p class='ocr_par' dir='ltr' id='par_1_42' title="bbox 2054 1349 3626 1421">
     <span class='ocr_line' id='line_1_42' title="bbox 2054 1349 3626 1421; baseline 0.002 -19"><span class='ocrx_word' id='word_1_315' title='bbox 2054 1349 2265 1405; x_wconf 55' lang='lat' dir='ltr'><strong>caeteris</strong></span> <span class='ocrx_word' id='word_1_316' title='bbox 2292 1350 2535 1419; x_wconf 84' lang='lat' dir='ltr'><strong>relinque</strong></span> <span class='ocrx_word' id='word_1_317' title='bbox 2583 1366 2690 1413; x_wconf 92' lang='lat' dir='ltr'><strong>me,</strong></span> <span class='ocrx_word' id='word_1_318' title='bbox 2716 1360 2771 1404; x_wconf 89' lang='lat' dir='ltr'><strong>ut</strong></span> <span class='ocrx_word' id='word_1_319' title='bbox 2798 1351 3170 1421; x_wconf 67' lang='lat' dir='ltr'><strong>paenitentiam</strong></span> <span class='ocrx_word' id='word_1_320' title='bbox 3199 1367 3354 1420; x_wconf 86' lang='lat' dir='ltr'><strong>agam</strong></span> <span class='ocrx_word' id='word_1_321' title='bbox 3384 1369 3399 1406; x_wconf 88' lang='lat'>:</span> <span class='ocrx_word' id='word_1_322' title='bbox 3438 1367 3538 1406; x_wconf 91' lang='lat' dir='ltr'><strong>nec</strong></span> <span class='ocrx_word' id='word_1_323' title='bbox 3571 1361 3626 1407; x_wconf 87' lang='lat' dir='ltr'><strong>te</strong></span> 
     </span>
    </p>
   </div>
   <div class='ocr_carea' id='block_1_43' title="bbox 2058 1437 3621 1512">
    <p class='ocr_par' dir='ltr' id='par_1_43' title="bbox 2058 1437 3621 1512">
     <span class='ocr_line' id='line_1_43' title="bbox 2058 1437 3621 1512; baseline 0.005 -21"><span class='ocrx_word' id='word_1_324' title='bbox 2058 1437 2251 1493; x_wconf 73' lang='lat' dir='ltr'><strong>taedeat</strong></span> <span class='ocrx_word' id='word_1_325' title='bbox 2275 1439 2417 1495; x_wconf 88' lang='lat' dir='ltr'><strong>ferre</strong></span> <span class='ocrx_word' id='word_1_326' title='bbox 2446 1440 2624 1495; x_wconf 87' lang='lat' dir='ltr'><strong>meum</strong></span> <span class='ocrx_word' id='word_1_327' title='bbox 2655 1442 2706 1494; x_wconf 93' lang='lat' dir='ltr'><strong>in</strong></span> <span class='ocrx_word' id='word_1_328' title='bbox 2732 1442 2953 1512; x_wconf 76' lang='lat' dir='ltr'><strong>agendis</strong></span> <span class='ocrx_word' id='word_1_329' title='bbox 2974 1443 3189 1497; x_wconf 65' lang='lat' dir='ltr'><strong>taedium</strong></span> <span class='ocrx_word' id='word_1_330' title='bbox 3221 1457 3286 1495; x_wconf 89' lang='lat' dir='ltr'><strong>ac</strong></span> <span class='ocrx_word' id='word_1_331' title='bbox 3312 1443 3621 1512; x_wconf 79' lang='lat' dir='ltr'><strong>segnitiem.</strong></span> 
     </span>
    </p>
   </div>
   <div class='ocr_carea' id='block_1_44' title="bbox 2056 1527 3629 1606">
    <p class='ocr_par' dir='ltr' id='par_1_44' title="bbox 2056 1527 3629 1606">
     <span class='ocr_line' id='line_1_44' title="bbox 2056 1527 3629 1606; baseline 0.006 -24"><span class='ocrx_word' id='word_1_332' title='bbox 2056 1527 2135 1583; x_wconf 83' lang='lat' dir='ltr'><strong>Ne</strong></span> <span class='ocrx_word' id='word_1_333' title='bbox 2172 1543 2259 1584; x_wconf 93' lang='lat' dir='ltr'><strong>me</strong></span> <span class='ocrx_word' id='word_1_334' title='bbox 2281 1531 2459 1599; x_wconf 83' lang='lat' dir='ltr'><strong>rapias</strong></span> <span class='ocrx_word' id='word_1_335' title='bbox 2490 1531 2848 1601; x_wconf 85' lang='lat' dir='ltr'><strong>imparatum;</strong></span> <span class='ocrx_word' id='word_1_336' title='bbox 2882 1548 2950 1587; x_wconf 91' lang='lat' dir='ltr'><strong>ne</strong></span> <span class='ocrx_word' id='word_1_337' title='bbox 2981 1549 3065 1588; x_wconf 89' lang='lat' dir='ltr'><strong>me</strong></span> <span class='ocrx_word' id='word_1_338' title='bbox 3091 1540 3345 1606; x_wconf 77' lang='lat' dir='ltr'><strong>accipias,</strong></span> <span class='ocrx_word' id='word_1_339' title='bbox 3381 1552 3490 1592; x_wconf 93' lang='lat' dir='ltr'><strong>non</strong></span> <span class='ocrx_word' id='word_1_340' title='bbox 3532 1553 3629 1591; x_wconf 87' lang='lat' dir='ltr'><strong>ac-</strong></span> 
     </span>
    </p>
   </div>
   <div class='ocr_carea' id='block_1_45' title="bbox 2055 1621 3631 1693">
    <p class='ocr_par' dir='ltr' id='par_1_45' title="bbox 2055 1621 3631 1693">
     <span class='ocr_line' id='line_1_45' title="bbox 2055 1621 3631 1693; baseline 0.006 -18"><span class='ocrx_word' id='word_1_341' title='bbox 2055 1635 2215 1676; x_wconf 87' lang='lat' dir='ltr'><strong>censa</strong></span> <span class='ocrx_word' id='word_1_342' title='bbox 2250 1621 2531 1692; x_wconf 82' lang='lat' dir='ltr'><strong>lampade;</strong></span> <span class='ocrx_word' id='word_1_343' title='bbox 2564 1638 2634 1678; x_wconf 91' lang='lat' dir='ltr'><strong>ne</strong></span> <span class='ocrx_word' id='word_1_344' title='bbox 2669 1625 2906 1693; x_wconf 91' lang='lat' dir='ltr'><strong>accipias</strong></span> <span class='ocrx_word' id='word_1_345' title='bbox 2951 1640 3059 1692; x_wconf 91' lang='lat' dir='ltr'><strong>me,</strong></span> <span class='ocrx_word' id='word_1_346' title='bbox 3098 1626 3423 1681; x_wconf 88' lang='lat' dir='ltr'><strong>destitutum</strong></span> <span class='ocrx_word' id='word_1_347' title='bbox 3480 1637 3631 1684; x_wconf 79' lang='lat' dir='ltr'><strong>veste</strong></span> 
     </span>
    </p>
   </div>
   <div class='ocr_carea' id='block_1_46' title="bbox 2056 1717 3630 1785">
    <p class='ocr_par' dir='ltr' id='par_1_46' title="bbox 2056 1717 3630 1785">
     <span class='ocr_line' id='line_1_46' title="bbox 2056 1717 3630 1785; baseline 0.004 -15"><span class='ocrx_word' id='word_1_348' title='bbox 2056 1717 2311 1785; x_wconf 88' lang='lat' dir='ltr'><strong>nuptiali;</strong></span> <span class='ocrx_word' id='word_1_349' title='bbox 2358 1731 2425 1772; x_wconf 89' lang='lat' dir='ltr'><strong>ne</strong></span> <span class='ocrx_word' id='word_1_350' title='bbox 2483 1717 2681 1771; x_wconf 86' lang='lat' dir='ltr'><strong>nudam</strong></span> <span class='ocrx_word' id='word_1_351' title='bbox 2713 1719 2950 1773; x_wconf 90' lang='lat' dir='ltr'><strong>animam</strong></span> <span class='ocrx_word' id='word_1_352' title='bbox 3004 1736 3179 1775; x_wconf 86' lang='lat' dir='ltr'><strong>meam</strong></span> <span class='ocrx_word' id='word_1_353' title='bbox 3220 1731 3312 1776; x_wconf 87' lang='lat' dir='ltr'><strong>tuo</strong></span> <span class='ocrx_word' id='word_1_354' title='bbox 3373 1722 3630 1777; x_wconf 83' lang='lat' dir='ltr'><strong>tribunali</strong></span> 
     </span>
    </p>
   </div>
   <div class='ocr_carea' id='block_1_47' title="bbox 2062 1806 3626 1882">
    <p class='ocr_par' dir='ltr' id='par_1_47' title="bbox 2062 1806 3626 1882">
     <span class='ocr_line' id='line_1_47' title="bbox 2062 1806 3626 1882; baseline 0.005 -22"><span class='ocrx_word' id='word_1_355' title='bbox 2062 1806 2451 1862; x_wconf 88' lang='lat' dir='ltr'><strong>traducendam</strong></span> <span class='ocrx_word' id='word_1_356' title='bbox 2480 1809 2722 1875; x_wconf 88' lang='lat' dir='ltr'><strong>stiteris;</strong></span> <span class='ocrx_word' id='word_1_357' title='bbox 2754 1825 2819 1865; x_wconf 88' lang='lat' dir='ltr'><strong>ne</strong></span> <span class='ocrx_word' id='word_1_358' title='bbox 2875 1827 2961 1865; x_wconf 88' lang='lat' dir='ltr'><strong>me</strong></span> <span class='ocrx_word' id='word_1_359' title='bbox 3005 1813 3285 1882; x_wconf 86' lang='lat' dir='ltr'><strong>acceperis</strong></span> <span class='ocrx_word' id='word_1_360' title='bbox 3345 1814 3626 1880; x_wconf 85' lang='lat' dir='ltr'><strong>hactenus,</strong></span> 
     </span>
    </p>
   </div>
   <div class='ocr_carea' id='block_1_48' title="bbox 2059 1897 3627 1975">
    <p class='ocr_par' dir='ltr' id='par_1_48' title="bbox 2059 1897 3627 1975">
     <span class='ocr_line' id='line_1_48' title="bbox 2059 1897 3627 1975; baseline 0.006 -25"><span class='ocrx_word' id='word_1_361' title='bbox 2059 1897 2183 1951; x_wconf 90' lang='lat' dir='ltr'><strong>dum</strong></span> <span class='ocrx_word' id='word_1_362' title='bbox 2247 1897 2382 1951; x_wconf 91' lang='lat' dir='ltr'><strong>nihil</strong></span> <span class='ocrx_word' id='word_1_363' title='bbox 2415 1898 2587 1953; x_wconf 90' lang='lat' dir='ltr'><strong>habeo</strong></span> <span class='ocrx_word' id='word_1_364' title='bbox 2618 1900 2762 1969; x_wconf 91' lang='lat' dir='ltr'><strong>quod</strong></span> <span class='ocrx_word' id='word_1_365' title='bbox 2808 1901 3027 1955; x_wconf 73' lang='lat' dir='ltr'><strong>efferam</strong></span> <span class='ocrx_word' id='word_1_366' title='bbox 3069 1920 3088 1958; x_wconf 90' lang='lat'><strong><em>:</em></strong></span> <span class='ocrx_word' id='word_1_367' title='bbox 3162 1906 3256 1959; x_wconf 88' lang='lat' dir='ltr'><strong>sed</strong></span> <span class='ocrx_word' id='word_1_368' title='bbox 3310 1907 3627 1975; x_wconf 81' lang='lat' dir='ltr'><strong>patientiam</strong></span> 
     </span>
    </p>
   </div>
   <div class='ocr_carea' id='block_1_49' title="bbox 2057 1988 3629 2066">
    <p class='ocr_par' dir='ltr' id='par_1_49' title="bbox 2057 1988 3629 2066">
     <span class='ocr_line' id='line_1_49' title="bbox 2057 1988 3629 2066; baseline 0.006 -24"><span class='ocrx_word' id='word_1_369' title='bbox 2057 1988 2227 2054; x_wconf 87' lang='lat' dir='ltr'><strong>habe;</strong></span> <span class='ocrx_word' id='word_1_370' title='bbox 2252 1988 2347 2044; x_wconf 89' lang='lat' dir='ltr'><strong>sed</strong></span> <span class='ocrx_word' id='word_1_371' title='bbox 2379 1999 2672 2059; x_wconf 80' lang='lat' dir='ltr'><strong>ex5pecta;</strong></span> <span class='ocrx_word' id='word_1_372' title='bbox 2709 1994 2803 2047; x_wconf 89' lang='lat' dir='ltr'><strong>sed</strong></span> <span class='ocrx_word' id='word_1_373' title='bbox 2842 1993 3076 2063; x_wconf 84' lang='lat' dir='ltr'><strong>benigne</strong></span> <span class='ocrx_word' id='word_1_374' title='bbox 3104 2010 3315 2050; x_wconf 89' lang='lat' dir='ltr'><strong>mecum</strong></span> <span class='ocrx_word' id='word_1_375' title='bbox 3349 2012 3450 2066; x_wconf 83' lang='lat' dir='ltr'><strong>age</strong></span> <span class='ocrx_word' id='word_1_376' title='bbox 3479 2014 3494 2051; x_wconf 90' lang='lat'><strong>:</strong></span> <span class='ocrx_word' id='word_1_377' title='bbox 3529 1997 3629 2051; x_wconf 91' lang='lat' dir='ltr'><strong>mi-</strong></span> 
     </span>
    </p>
   </div>
   <div class='ocr_carea' id='block_1_50' title="bbox 2057 2084 3624 2153">
    <p class='ocr_par' dir='ltr' id='par_1_50' title="bbox 2057 2084 3624 2153">
     <span class='ocr_line' id='line_1_50' title="bbox 2057 2084 3624 2153; baseline 0.003 -18"><span class='ocrx_word' id='word_1_378' title='bbox 2057 2090 2239 2136; x_wconf 88' lang='lat' dir='ltr'><strong>sereat</strong></span> <span class='ocrx_word' id='word_1_379' title='bbox 2285 2090 2341 2137; x_wconf 91' lang='lat' dir='ltr'><strong>te</strong></span> <span class='ocrx_word' id='word_1_380' title='bbox 2399 2085 2506 2137; x_wconf 90' lang='lat' dir='ltr'><strong>mei</strong></span> <span class='ocrx_word' id='word_1_381' title='bbox 2565 2084 2845 2153; x_wconf 86' lang='lat' dir='ltr'><strong>pauperis,</strong></span> <span class='ocrx_word' id='word_1_382' title='bbox 2883 2086 3032 2153; x_wconf 91' lang='lat' dir='ltr'><strong>nudi,</strong></span> <span class='ocrx_word' id='word_1_383' title='bbox 3087 2088 3353 2153; x_wconf 85' lang='lat' dir='ltr'><strong>socordis,</strong></span> <span class='ocrx_word' id='word_1_384' title='bbox 3406 2089 3624 2152; x_wconf 89' lang='lat' dir='ltr'><strong>incnrii,</strong></span> 
     </span>
    </p>
   </div>
   <div class='ocr_carea' id='block_1_51' title="bbox 2058 2173 3623 2249">
    <p class='ocr_par' dir='ltr' id='par_1_51' title="bbox 2058 2173 3623 2249">
     <span class='ocr_line' id='line_1_51' title="bbox 2058 2173 3623 2249; baseline 0.004 -22"><span class='ocrx_word' id='word_1_385' title='bbox 2058 2173 2405 2237; x_wconf 84' lang='lat' dir='ltr'><strong>miserabilis,</strong></span> <span class='ocrx_word' id='word_1_386' title='bbox 2444 2175 2640 2244; x_wconf 85' lang='lat' dir='ltr'><strong>inopis,</strong></span> <span class='ocrx_word' id='word_1_387' title='bbox 2677 2177 2929 2242; x_wconf 85' lang='lat' dir='ltr'><strong>adulteri,</strong></span> <span class='ocrx_word' id='word_1_388' title='bbox 2978 2179 3203 2244; x_wconf 82' lang='lat' dir='ltr'><strong>sordidi,</strong></span> <span class='ocrx_word' id='word_1_389' title='bbox 3246 2180 3480 2249; x_wconf 79' lang='lat' dir='ltr'><strong>prodigi,</strong></span> <span class='ocrx_word' id='word_1_390' title='bbox 3536 2180 3623 2233; x_wconf 92' lang='lat' dir='ltr'><strong>in-</strong></span> 
     </span>
    </p>
   </div>
   <div class='ocr_carea' id='block_1_52' title="bbox 2057 2267 3626 2340">
    <p class='ocr_par' dir='ltr' id='par_1_52' title="bbox 2057 2267 3626 2340">
     <span class='ocr_line' id='line_1_52' title="bbox 2057 2267 3626 2340; baseline 0.004 -20"><span class='ocrx_word' id='word_1_391' title='bbox 2057 2267 2220 2338; x_wconf 83' lang='lat' dir='ltr'><strong>grati,</strong></span> <span class='ocrx_word' id='word_1_392' title='bbox 2283 2267 2587 2332; x_wconf 88' lang='lat' dir='ltr'><strong>inhumani,</strong></span> <span class='ocrx_word' id='word_1_393' title='bbox 2638 2269 2906 2331; x_wconf 86' lang='lat' dir='ltr'><strong>obdurati.</strong></span> <span class='ocrx_word' id='word_1_394' title='bbox 2938 2271 3193 2336; x_wconf 87' lang='lat' dir='ltr'><strong>demersi,</strong></span> <span class='ocrx_word' id='word_1_395' title='bbox 3230 2273 3492 2337; x_wconf 87' lang='lat' dir='ltr'><strong>damnati,</strong></span> <span class='ocrx_word' id='word_1_396' title='bbox 3535 2272 3626 2340; x_wconf 88' lang='lat' dir='ltr'><strong>qui</strong></span> 
     </span>
    </p>
   </div>
   <div class='ocr_carea' id='block_1_53' title="bbox 2056 2360 3626 2431">
    <p class='ocr_par' dir='ltr' id='par_1_53' title="bbox 2056 2360 3626 2431">
     <span class='ocr_line' id='line_1_53' title="bbox 2056 2360 3626 2431; baseline -0.001 -17"><span class='ocrx_word' id='word_1_397' title='bbox 2056 2375 2158 2415; x_wconf 89' lang='lat' dir='ltr'><strong>nec</strong></span> <span class='ocrx_word' id='word_1_398' title='bbox 2188 2360 2392 2415; x_wconf 84' lang='lat' dir='ltr'><strong>vultum</strong></span> <span class='ocrx_word' id='word_1_399' title='bbox 2420 2362 2729 2425; x_wconf 78' lang='lat' dir='ltr'><strong>ostendere,</strong></span> <span class='ocrx_word' id='word_1_400' title='bbox 2752 2376 2851 2416; x_wconf 90' lang='lat' dir='ltr'><strong>nec</strong></span> <span class='ocrx_word' id='word_1_401' title='bbox 2879 2361 3113 2417; x_wconf 87' lang='lat' dir='ltr'><strong>liberius</strong></span> <span class='ocrx_word' id='word_1_402' title='bbox 3143 2362 3428 2431; x_wconf 89' lang='lat' dir='ltr'><strong>loqui,nec</strong></span> <span class='ocrx_word' id='word_1_403' title='bbox 3462 2377 3626 2415; x_wconf 83' lang='lat' dir='ltr'><strong>excu-</strong></span> 
     </span>
    </p>
   </div>
   <div class='ocr_carea' id='block_1_54' title="bbox 2054 2451 3624 2524">
    <p class='ocr_par' dir='ltr' id='par_1_54' title="bbox 2054 2451 3624 2524">
     <span class='ocr_line' id='line_1_54' title="bbox 2054 2451 3624 2524; baseline -0.002 -16"><span class='ocrx_word' id='word_1_404' title='bbox 2054 2466 2178 2508; x_wconf 88' lang='lat' dir='ltr'><strong>sare</strong></span> <span class='ocrx_word' id='word_1_405' title='bbox 2200 2452 2427 2507; x_wconf 84' lang='lat' dir='ltr'><strong>habeam</strong></span> <span class='ocrx_word' id='word_1_406' title='bbox 2454 2469 2468 2502; x_wconf 89' lang='lat'><strong>:</strong></span> <span class='ocrx_word' id='word_1_407' title='bbox 2493 2451 2697 2520; x_wconf 90' lang='lat' dir='ltr'><strong>indigni</strong></span> <span class='ocrx_word' id='word_1_408' title='bbox 2725 2453 2868 2506; x_wconf 62' lang='lat' dir='ltr'><strong>caelo</strong></span> <span class='ocrx_word' id='word_1_409' title='bbox 2899 2463 2954 2507; x_wconf 90' lang='lat' dir='ltr'><strong>et</strong></span> <span class='ocrx_word' id='word_1_410' title='bbox 2984 2460 3132 2508; x_wconf 90' lang='lat' dir='ltr'><strong>terra</strong></span> <span class='ocrx_word' id='word_1_411' title='bbox 3157 2494 3171 2520; x_wconf 92' lang='lat'><strong>,</strong></span> <span class='ocrx_word' id='word_1_412' title='bbox 3200 2454 3458 2524; x_wconf 88' lang='lat' dir='ltr'><strong>dignique</strong></span> <span class='ocrx_word' id='word_1_413' title='bbox 3477 2452 3624 2507; x_wconf 89' lang='lat' dir='ltr'><strong>omni</strong></span> 
     </span>
    </p>
   </div>
   <div class='ocr_carea' id='block_1_55' title="bbox 2056 2544 3034 2614">
    <p class='ocr_par' dir='ltr' id='par_1_55' title="bbox 2056 2544 3034 2614">
     <span class='ocr_line' id='line_1_55' title="bbox 2056 2544 3034 2614; baseline -0.003 -14"><span class='ocrx_word' id='word_1_414' title='bbox 2056 2558 2237 2612; x_wconf 80' lang='lat' dir='ltr'><strong>pcena,</strong></span> <span class='ocrx_word' id='word_1_415' title='bbox 2266 2553 2321 2600; x_wconf 92' lang='lat' dir='ltr'><strong>et</strong></span> <span class='ocrx_word' id='word_1_416' title='bbox 2345 2551 2635 2611; x_wconf 88' lang='lat' dir='ltr'><strong>tormento,</strong></span> <span class='ocrx_word' id='word_1_417' title='bbox 2662 2553 2716 2599; x_wconf 90' lang='lat' dir='ltr'><strong>et</strong></span> <span class='ocrx_word' id='word_1_418' title='bbox 2743 2544 3034 2614; x_wconf 90' lang='lat' dir='ltr'><strong>supplicio.</strong></span> 
     </span>
    </p>
   </div>
   <div class='ocr_carea' id='block_1_56' title="bbox 2126 2720 3626 2792">
    <p class='ocr_par' dir='ltr' id='par_1_56' title="bbox 2126 2720 3626 2792">
     <span class='ocr_line' id='line_1_56' title="bbox 2126 2720 3626 2792; baseline -0.003 -13"><span class='ocrx_word' id='word_1_419' title='bbox 2126 2725 2217 2790; x_wconf 85' lang='lat' dir='ltr'><strong>At,</strong></span> <span class='ocrx_word' id='word_1_420' title='bbox 2253 2742 2272 2774; x_wconf 85' lang='grc'>‹</span> <span class='ocrx_word' id='word_1_421' title='bbox 2300 2723 2543 2789; x_wconf 91' lang='lat' dir='ltr'><strong>Domine,</strong></span> <span class='ocrx_word' id='word_1_422' title='bbox 2576 2736 2644 2776; x_wconf 90' lang='lat' dir='ltr'><strong>ne</strong></span> <span class='ocrx_word' id='word_1_423' title='bbox 2673 2721 2723 2776; x_wconf 91' lang='lat' dir='ltr'><strong>in</strong></span> <span class='ocrx_word' id='word_1_424' title='bbox 2756 2720 2937 2776; x_wconf 86' lang='lat' dir='ltr'><strong>furore</strong></span> <span class='ocrx_word' id='word_1_425' title='bbox 2963 2731 3053 2775; x_wconf 91' lang='lat' dir='ltr'><strong>tuo</strong></span> <span class='ocrx_word' id='word_1_426' title='bbox 3079 2737 3275 2792; x_wconf 83' lang='lat' dir='ltr'><strong>arguas</strong></span> <span class='ocrx_word' id='word_1_427' title='bbox 3309 2736 3416 2783; x_wconf 88' lang='lat' dir='ltr'><strong>mc,</strong></span> <span class='ocrx_word' id='word_1_428' title='bbox 3450 2734 3626 2787; x_wconf 79' lang='lat' dir='ltr'><strong>neque</strong></span> 
     </span>
    </p>
   </div>
   <div class='ocr_carea' id='block_1_57' title="bbox 2054 2812 3625 2884">
    <p class='ocr_par' dir='ltr' id='par_1_57' title="bbox 2054 2812 3625 2884">
     <span class='ocr_line' id='line_1_57' title="bbox 2054 2812 3625 2884; baseline -0.004 -12"><span class='ocrx_word' id='word_1_429' title='bbox 2054 2819 2106 2873; x_wconf 95' lang='lat' dir='ltr'><strong>in</strong></span> <span class='ocrx_word' id='word_1_430' title='bbox 2167 2818 2248 2872; x_wconf 91' lang='lat' dir='ltr'><strong>ira</strong></span> <span class='ocrx_word' id='word_1_431' title='bbox 2304 2826 2394 2871; x_wconf 90' lang='lat' dir='ltr'><strong>tua</strong></span> <span class='ocrx_word' id='word_1_432' title='bbox 2443 2815 2707 2884; x_wconf 89' lang='lat' dir='ltr'><strong>corripias</strong></span> <span class='ocrx_word' id='word_1_433' title='bbox 2755 2830 2860 2871; x_wconf 91' lang='lat' dir='ltr'><strong>me.</strong></span> <span class='ocrx_word' id='word_1_434' title='bbox 2914 2813 3170 2869; x_wconf 88' lang='lat' dir='ltr'><strong>Miserere</strong></span> <span class='ocrx_word' id='word_1_435' title='bbox 3197 2814 3324 2877; x_wconf 88' lang='lat' dir='ltr'><strong>mei,</strong></span> <span class='ocrx_word' id='word_1_436' title='bbox 3376 2812 3625 2877; x_wconf 83' lang='lat' dir='ltr'><strong>Domine,</strong></span> 
     </span>
    </p>
   </div>
   <div class='ocr_carea' id='block_1_58' title="bbox 2053 2903 3625 2979">
    <p class='ocr_par' dir='ltr' id='par_1_58' title="bbox 2053 2903 3625 2979">
     <span class='ocr_line' id='line_1_58' title="bbox 2053 2903 3625 2979; baseline -0.003 -18"><span class='ocrx_word' id='word_1_437' title='bbox 2053 2909 2308 2979; x_wconf 89' lang='lat' dir='ltr'><strong>quoniam</strong></span> <span class='ocrx_word' id='word_1_438' title='bbox 2352 2906 2598 2961; x_wconf 82' lang='lat' dir='ltr'><strong>inﬁrmus</strong></span> <span class='ocrx_word' id='word_1_439' title='bbox 2627 2921 2769 2960; x_wconf 88' lang='lat' dir='ltr'><strong>sum.</strong></span> <span class='ocrx_word' id='word_1_440' title='bbox 2804 2925 2822 2958; x_wconf 73' lang='grc' dir='ltr'><strong>ι</strong></span> <span class='ocrx_word' id='word_1_441' title='bbox 2853 2905 3103 2959; x_wconf 81' lang='lat' dir='ltr'><strong>Infirmus</strong></span> <span class='ocrx_word' id='word_1_442' title='bbox 3134 2920 3251 2959; x_wconf 86' lang='lat' dir='ltr'><strong>sum</strong></span> <span class='ocrx_word' id='word_1_443' title='bbox 3287 2917 3453 2958; x_wconf 89' lang='lat' dir='ltr'><strong>carne</strong></span> <span class='ocrx_word' id='word_1_444' title='bbox 3483 2919 3498 2957; x_wconf 85' lang='lat'><strong>;</strong></span> <span class='ocrx_word' id='word_1_445' title='bbox 3538 2903 3625 2956; x_wconf 88' lang='lat' dir='ltr'><strong>in-</strong></span> 
     </span>
    </p>
   </div>
   <div class='ocr_carea' id='block_1_59' title="bbox 2054 2990 3626 3053">
    <p class='ocr_par' dir='ltr' id='par_1_59' title="bbox 2054 2990 3626 3053">
     <span class='ocr_line' id='line_1_59' title="bbox 2054 2990 3626 3053; baseline -0.005 0"><span class='ocrx_word' id='word_1_446' title='bbox 2054 2999 2242 3053; x_wconf 76' lang='lat' dir='ltr'><strong>firmus</strong></span> <span class='ocrx_word' id='word_1_447' title='bbox 2272 2997 2473 3050; x_wconf 88' lang='lat' dir='ltr'><strong>anima.</strong></span> <span class='ocrx_word' id='word_1_448' title='bbox 2505 2996 2602 3051; x_wconf 88' lang='lat' dir='ltr'><strong>Est</strong></span> <span class='ocrx_word' id='word_1_449' title='bbox 2634 2995 2767 3048; x_wconf 90' lang='lat' dir='ltr'><strong>mihi</strong></span> <span class='ocrx_word' id='word_1_450' title='bbox 2801 2996 3047 3050; x_wconf 80' lang='lat' dir='ltr'><strong>infirmus</strong></span> <span class='ocrx_word' id='word_1_451' title='bbox 3074 2995 3290 3048; x_wconf 89' lang='lat' dir='ltr'><strong>animus</strong></span> <span class='ocrx_word' id='word_1_452' title='bbox 3324 3011 3338 3048; x_wconf 91' lang='lat'><strong>:</strong></span> <span class='ocrx_word' id='word_1_453' title='bbox 3370 3002 3452 3048; x_wconf 88' lang='lat' dir='ltr'><strong>est</strong></span> <span class='ocrx_word' id='word_1_454' title='bbox 3491 2990 3626 3045; x_wconf 87' lang='lat' dir='ltr'><strong>mihi</strong></span> 
     </span>
    </p>
   </div>
   <div class='ocr_carea' id='block_1_60' title="bbox 2056 3081 3627 3150">
    <p class='ocr_par' dir='ltr' id='par_1_60' title="bbox 2056 3081 3627 3150">
     <span class='ocr_line' id='line_1_60' title="bbox 2056 3081 3627 3150; baseline -0.004 -7"><span class='ocrx_word' id='word_1_455' title='bbox 2056 3091 2271 3143; x_wconf 82' lang='lat' dir='ltr'><strong>infirma</strong></span> <span class='ocrx_word' id='word_1_456' title='bbox 2319 3089 2474 3142; x_wconf 91' lang='lat' dir='ltr'><strong>ratio.</strong></span> <span class='ocrx_word' id='word_1_457' title='bbox 2535 3106 2553 3140; x_wconf 76' lang='grc' dir='ltr'><strong>ι</strong></span> <span class='ocrx_word' id='word_1_458' title='bbox 2611 3087 2814 3142; x_wconf 76' lang='lat' dir='ltr'><strong>Deiecit</strong></span> <span class='ocrx_word' id='word_1_459' title='bbox 2866 3087 3040 3140; x_wconf 88' lang='lat' dir='ltr'><strong>virtus</strong></span> <span class='ocrx_word' id='word_1_460' title='bbox 3095 3100 3211 3139; x_wconf 89' lang='lat' dir='ltr'><strong>mea</strong></span> <span class='ocrx_word' id='word_1_461' title='bbox 3242 3084 3305 3150; x_wconf 82' lang='grc'><strong>¹³,</strong></span> <span class='ocrx_word' id='word_1_462' title='bbox 3349 3102 3369 3136; x_wconf 84' lang='grc'><strong>›</strong></span> <span class='ocrx_word' id='word_1_463' title='bbox 3427 3081 3627 3139; x_wconf 79' lang='lat' dir='ltr'><strong>defecit</strong></span> 
     </span>
    </p>
   </div>
   <div class='ocr_carea' id='block_1_61' title="bbox 372 3174 1956 3276">
    <p class='ocr_par' dir='ltr' id='par_1_61' title="bbox 372 3180 1952 3252">
     <span class='ocr_line' id='line_1_61' title="bbox 372 3180 1952 3252; baseline 0 -19"><span class='ocrx_word' id='word_1_464' title='bbox 372 3181 624 3245; x_wconf 76' lang='grc' dir='ltr'>ἐξέλιπεν</span> <span class='ocrx_word' id='word_1_465' title='bbox 667 3183 695 3234; x_wconf 87' lang='grc' dir='ltr'><strong>ό</strong></span> <span class='ocrx_word' id='word_1_466' title='bbox 732 3181 960 3251; x_wconf 84' lang='grc' dir='ltr'>χρόνος,</span> <span class='ocrx_word' id='word_1_467' title='bbox 1026 3199 1046 3232; x_wconf 80' lang='lat' dir='ltr'><strong>t</strong></span> <span class='ocrx_word' id='word_1_468' title='bbox 1095 3180 1375 3245; x_wconf 82' lang='grc' dir='ltr'>Ἐξέλιπον</span> <span class='ocrx_word' id='word_1_469' title='bbox 1426 3180 1486 3233; x_wconf 82' lang='grc' dir='ltr'><strong>ἐν</strong></span> <span class='ocrx_word' id='word_1_470' title='bbox 1522 3181 1847 3252; x_wconf 83' lang='grc' dir='ltr'>ματαιότητι</span> <span class='ocrx_word' id='word_1_471' title='bbox 1896 3182 1952 3234; x_wconf 81' lang='lat' dir='ltr'><strong>al</strong></span> 
     </span>
    </p>
   </div>
   <div class='ocr_carea' id='block_1_62' title="bbox 2052 3174 3628 3276">
    <p class='ocr_par' dir='ltr' id='par_1_62' title="bbox 2055 3174 3628 3249">
     <span class='ocr_line' id='line_1_62' title="bbox 2055 3174 3628 3249; baseline -0.004 -15"><span class='ocrx_word' id='word_1_472' title='bbox 2055 3190 2266 3249; x_wconf 87' lang='lat' dir='ltr'><strong>tempus</strong></span> <span class='ocrx_word' id='word_1_473' title='bbox 2298 3198 2311 3234; x_wconf 90' lang='lat'>:</span> <span class='ocrx_word' id='word_1_474' title='bbox 2350 3197 2368 3231; x_wconf 73' lang='grc' dir='ltr'><strong>ι</strong></span> <span class='ocrx_word' id='word_1_475' title='bbox 2410 3178 2728 3234; x_wconf 85' lang='lat' dir='ltr'><strong>Defecerunt</strong></span> <span class='ocrx_word' id='word_1_476' title='bbox 2760 3179 2811 3231; x_wconf 93' lang='lat' dir='ltr'><strong>in</strong></span> <span class='ocrx_word' id='word_1_477' title='bbox 2851 3177 3088 3230; x_wconf 79' lang='lat' dir='ltr'><strong>vanitate</strong></span> <span class='ocrx_word' id='word_1_478' title='bbox 3117 3176 3234 3231; x_wconf 86' lang='lat' dir='ltr'><strong>dies</strong></span> <span class='ocrx_word' id='word_1_479' title='bbox 3268 3176 3371 3230; x_wconf 90' lang='lat' dir='ltr'><strong>mei</strong></span> <span class='ocrx_word' id='word_1_480' title='bbox 3398 3174 3462 3242; x_wconf 70' lang='lat'><strong>“,</strong></span> <span class='ocrx_word' id='word_1_481' title='bbox 3502 3194 3520 3226; x_wconf 76' lang='grc' dir='ltr'><strong>ι</strong></span> <span class='ocrx_word' id='word_1_482' title='bbox 3572 3182 3628 3230; x_wconf 89' lang='lat' dir='ltr'><strong>et</strong></span> 
     </span>
    </p>
   </div>
   <div class='ocr_carea' id='block_1_63' title="bbox 371 3269 1951 3344">
    <p class='ocr_par' dir='ltr' id='par_1_63' title="bbox 371 3269 1951 3344">
     <span class='ocr_line' id='line_1_63' title="bbox 371 3269 1951 3344; baseline 0 -19"><span class='ocrx_word' id='word_1_483' title='bbox 371 3272 580 3344; x_wconf 81' lang='grc' dir='ltr'>ἡμέραι</span> <span class='ocrx_word' id='word_1_484' title='bbox 620 3289 744 3342; x_wconf 79' lang='grc' dir='ltr'>μου’</span> <span class='ocrx_word' id='word_1_485' title='bbox 784 3290 803 3323; x_wconf 73' lang='grc' dir='ltr'><strong>ι</strong></span> <span class='ocrx_word' id='word_1_486' title='bbox 843 3271 939 3326; x_wconf 74' lang='grc' dir='ltr'><strong>καὶ</strong></span> <span class='ocrx_word' id='word_1_487' title='bbox 989 3270 1180 3341; x_wconf 87' lang='grc' dir='ltr'>θεωρῶ</span> <span class='ocrx_word' id='word_1_488' title='bbox 1222 3269 1284 3324; x_wconf 74' lang='grc' dir='ltr'>τὸ</span> <span class='ocrx_word' id='word_1_489' title='bbox 1312 3271 1469 3334; x_wconf 87' lang='grc' dir='ltr'>τέλος</span> <span class='ocrx_word' id='word_1_490' title='bbox 1506 3270 1742 3340; x_wconf 79' lang='grc' dir='ltr'>ἐγγίζον.</span> <span class='ocrx_word' id='word_1_491' title='bbox 1810 3272 1951 3325; x_wconf 84' lang='grc' dir='ltr'>Ἀλλ’</span> 
     </span>
    </p>
   </div>
   <div class='ocr_carea' id='block_1_64' title="bbox 370 3362 1951 3435">
    <p class='ocr_par' dir='ltr' id='par_1_64' title="bbox 370 3362 1951 3435">
     <span class='ocr_line' id='line_1_64' title="bbox 370 3362 1951 3435; baseline 0 -18"><span class='ocrx_word' id='word_1_492' title='bbox 370 3363 615 3418; x_wconf 76' lang='grc' dir='ltr'>ἔκτεινόν</span> <span class='ocrx_word' id='word_1_493' title='bbox 644 3382 734 3435; x_wconf 87' lang='grc' dir='ltr'><strong>μοι</strong></span> <span class='ocrx_word' id='word_1_494' title='bbox 763 3364 863 3434; x_wconf 84' lang='grc' dir='ltr'><strong>τὴν</strong></span> <span class='ocrx_word' id='word_1_495' title='bbox 886 3367 1064 3435; x_wconf 80' lang='grc' dir='ltr'>χεῖρα,</span> <span class='ocrx_word' id='word_1_496' title='bbox 1094 3363 1172 3435; x_wconf 83' lang='grc' dir='ltr'>τῷ</span> <span class='ocrx_word' id='word_1_497' title='bbox 1196 3364 1253 3417; x_wconf 90' lang='grc' dir='ltr'>ἐν</span> <span class='ocrx_word' id='word_1_498' title='bbox 1285 3362 1433 3434; x_wconf 87' lang='grc' dir='ltr'><strong>βυθῷ</strong></span> <span class='ocrx_word' id='word_1_499' title='bbox 1460 3363 1570 3417; x_wconf 85' lang='grc' dir='ltr'>τῶν</span> <span class='ocrx_word' id='word_1_500' title='bbox 1598 3364 1803 3435; x_wconf 79' lang='grc' dir='ltr'>ἡδονῶν</span> <span class='ocrx_word' id='word_1_501' title='bbox 1837 3382 1951 3435; x_wconf 87' lang='grc' dir='ltr'>χει-</span> 
     </span>
    </p>
   </div>
   <div class='ocr_carea' id='block_1_65' title="bbox 375 3453 1953 3528">
    <p class='ocr_par' dir='ltr' id='par_1_65' title="bbox 375 3453 1953 3528">
     <span class='ocr_line' id='line_1_65' title="bbox 375 3453 1953 3528; baseline -0.001 -17"><span class='ocrx_word' id='word_1_502' title='bbox 375 3456 691 3528; x_wconf 81' lang='grc' dir='ltr'>μαζομένῳ.</span> <span class='ocrx_word' id='word_1_503' title='bbox 732 3456 978 3522; x_wconf 79' lang='grc' dir='ltr'>Ἀνοιξον</span> <span class='ocrx_word' id='word_1_504' title='bbox 1020 3455 1226 3524; x_wconf 78' lang='grc' dir='ltr'>κάμοὶ,</span> <span class='ocrx_word' id='word_1_505' title='bbox 1260 3453 1545 3520; x_wconf 85' lang='grc' dir='ltr'>Δέσποτα,</span> <span class='ocrx_word' id='word_1_506' title='bbox 1592 3454 1671 3525; x_wconf 86' lang='grc' dir='ltr'>τῷ</span> <span class='ocrx_word' id='word_1_507' title='bbox 1715 3454 1953 3520; x_wconf 81' lang='grc' dir='ltr'>ἀναξίως</span> 
     </span>
    </p>
   </div>
   <div class='ocr_carea' id='block_1_66' title="bbox 371 3546 1951 3620">
    <p class='ocr_par' dir='ltr' id='par_1_66' title="bbox 371 3546 1951 3620">
     <span class='ocr_line' id='line_1_66' title="bbox 371 3546 1951 3620; baseline 0.001 -19"><span class='ocrx_word' id='word_1_508' title='bbox 371 3548 646 3617; x_wconf 83' lang='grc' dir='ltr'>κρούοντι·</span> <span class='ocrx_word' id='word_1_509' title='bbox 685 3548 782 3601; x_wconf 63' lang='grc' dir='ltr'><strong>καὶ¹</strong></span> <span class='ocrx_word' id='word_1_510' title='bbox 818 3548 893 3619; x_wconf 83' lang='grc' dir='ltr'><strong>μὴ</strong></span> <span class='ocrx_word' id='word_1_511' title='bbox 938 3546 1273 3620; x_wconf 86' lang='grc' dir='ltr'>ἀποκλείσῃς</span> <span class='ocrx_word' id='word_1_512' title='bbox 1308 3548 1434 3601; x_wconf 89' lang='grc' dir='ltr'>κατ’</span> <span class='ocrx_word' id='word_1_513' title='bbox 1468 3547 1603 3618; x_wconf 82' lang='grc' dir='ltr'>ἐμοῦ</span> <span class='ocrx_word' id='word_1_514' title='bbox 1647 3549 1747 3619; x_wconf 84' lang='grc' dir='ltr'><strong>τὴν</strong></span> <span class='ocrx_word' id='word_1_515' title='bbox 1779 3547 1951 3618; x_wconf 84' lang='grc' dir='ltr'>θύραν</span> 
     </span>
    </p>
   </div>
   <div class='ocr_carea' id='block_1_67' title="bbox 369 3638 1949 3712">
    <p class='ocr_par' dir='ltr' id='par_1_67' title="bbox 369 3638 1949 3712">
     <span class='ocr_line' id='line_1_67' title="bbox 369 3638 1949 3712; baseline 0.001 -19"><span class='ocrx_word' id='word_1_516' title='bbox 369 3639 466 3693; x_wconf 81' lang='grc' dir='ltr'>τοῦ</span> <span class='ocrx_word' id='word_1_517' title='bbox 491 3638 678 3703; x_wconf 79' lang='grc' dir='ltr'>ἐλέους</span> <span class='ocrx_word' id='word_1_518' title='bbox 705 3655 824 3693; x_wconf 92' lang='grc' dir='ltr'>σου.</span> <span class='ocrx_word' id='word_1_519' title='bbox 872 3640 997 3694; x_wconf 80' lang='grc' dir='ltr'>Ἐὰν</span> <span class='ocrx_word' id='word_1_520' title='bbox 1019 3638 1129 3711; x_wconf 81' lang='grc' dir='ltr'><strong>γὰρ</strong></span> <span class='ocrx_word' id='word_1_521' title='bbox 1160 3640 1223 3693; x_wconf 80' lang='grc' dir='ltr'>σὺ</span> <span class='ocrx_word' id='word_1_522' title='bbox 1251 3639 1496 3711; x_wconf 86' lang='grc' dir='ltr'>κλείσῃς,</span> <span class='ocrx_word' id='word_1_523' title='bbox 1533 3639 1618 3704; x_wconf 86' lang='grc' dir='ltr'><strong>τίς</strong></span> <span class='ocrx_word' id='word_1_524' title='bbox 1651 3641 1761 3712; x_wconf 85' lang='grc' dir='ltr'><strong>άρα</strong></span> <span class='ocrx_word' id='word_1_525' title='bbox 1798 3641 1949 3695; x_wconf 85' lang='grc' dir='ltr'>ἀνοί-</span> 
     </span>
    </p>
   </div>
   <div class='ocr_carea' id='block_1_68' title="bbox 374 3730 1948 3805">
    <p class='ocr_par' dir='ltr' id='par_1_68' title="bbox 374 3730 1948 3805">
     <span class='ocr_line' id='line_1_68' title="bbox 374 3730 1948 3805; baseline 0.003 -21"><span class='ocrx_word' id='word_1_526' title='bbox 374 3730 489 3798; x_wconf 80' lang='grc' dir='ltr'>ξει;</span> <span class='ocrx_word' id='word_1_527' title='bbox 520 3730 649 3786; x_wconf 75' lang='grc' dir='ltr'>Ἐὰν</span> <span class='ocrx_word' id='word_1_528' title='bbox 687 3732 752 3785; x_wconf 78' lang='grc' dir='ltr'>σὺ</span> <span class='ocrx_word' id='word_1_529' title='bbox 784 3731 1022 3802; x_wconf 87' lang='grc' dir='ltr'>φθάσῃς,</span> <span class='ocrx_word' id='word_1_530' title='bbox 1059 3731 1146 3795; x_wconf 92' lang='grc' dir='ltr'><strong>τίς</strong></span> <span class='ocrx_word' id='word_1_531' title='bbox 1178 3731 1291 3803; x_wconf 78' lang='grc' dir='ltr'>ἄρα</span> <span class='ocrx_word' id='word_1_532' title='bbox 1321 3732 1558 3797; x_wconf 80' lang='grc' dir='ltr'>ἀνοίξει;</span> <span class='ocrx_word' id='word_1_533' title='bbox 1600 3734 1726 3787; x_wconf 87' lang='grc' dir='ltr'><strong>Ἐὰν</strong></span> <span class='ocrx_word' id='word_1_534' title='bbox 1768 3736 1843 3805; x_wconf 81' lang='grc' dir='ltr'><strong>μὴ</strong></span> <span class='ocrx_word' id='word_1_535' title='bbox 1883 3736 1948 3789; x_wconf 82' lang='grc' dir='ltr'>σὺ</span> 
     </span>
    </p>
   </div>
   <div class='ocr_carea' id='block_1_69' title="bbox 372 3821 1950 3897">
    <p class='ocr_par' dir='ltr' id='par_1_69' title="bbox 372 3821 1950 3897">
     <span class='ocr_line' id='line_1_69' title="bbox 372 3821 1950 3897; baseline 0.001 -20"><span class='ocrx_word' id='word_1_536' title='bbox 372 3823 588 3895; x_wconf 82' lang='grc' dir='ltr'>φθάσῃς</span> <span class='ocrx_word' id='word_1_537' title='bbox 607 3864 623 3888; x_wconf 92' lang='grc'>,</span> <span class='ocrx_word' id='word_1_538' title='bbox 656 3822 741 3886; x_wconf 87' lang='grc' dir='ltr'><strong>τίς</strong></span> <span class='ocrx_word' id='word_1_539' title='bbox 770 3821 859 3875; x_wconf 83' lang='grc' dir='ltr'>ἴνα</span> <span class='ocrx_word' id='word_1_540' title='bbox 889 3822 1071 3894; x_wconf 83' lang='grc' dir='ltr'>φθάσῃ</span> <span class='ocrx_word' id='word_1_541' title='bbox 1099 3838 1114 3888; x_wconf 88' lang='grc'>;</span> <span class='ocrx_word' id='word_1_542' title='bbox 1153 3821 1281 3876; x_wconf 82' lang='grc' dir='ltr'><strong>Ἐὰν</strong></span> <span class='ocrx_word' id='word_1_543' title='bbox 1333 3823 1407 3894; x_wconf 85' lang='grc' dir='ltr'><strong>μὴ</strong></span> <span class='ocrx_word' id='word_1_544' title='bbox 1449 3825 1514 3877; x_wconf 79' lang='grc' dir='ltr'>σὺ</span> <span class='ocrx_word' id='word_1_545' title='bbox 1542 3825 1788 3897; x_wconf 86' lang='grc' dir='ltr'>σπεύσῃς</span> <span class='ocrx_word' id='word_1_546' title='bbox 1814 3869 1829 3893; x_wconf 95' lang='grc'>,</span> <span class='ocrx_word' id='word_1_547' title='bbox 1864 3826 1950 3890; x_wconf 87' lang='grc' dir='ltr'><strong>τίς</strong></span> 
     </span>
    </p>
   </div>
   <div class='ocr_carea' id='block_1_70' title="bbox 372 3914 1948 3986">
    <p class='ocr_par' dir='ltr' id='par_1_70' title="bbox 372 3914 1948 3986">
     <span class='ocr_line' id='line_1_70' title="bbox 372 3914 1948 3986; baseline 0.002 -18"><span class='ocrx_word' id='word_1_548' title='bbox 372 3914 558 3969; x_wconf 77' lang='grc' dir='ltr'>λοιπὸν</span> <span class='ocrx_word' id='word_1_549' title='bbox 594 3914 855 3986; x_wconf 85' lang='grc' dir='ltr'>βοηθήσει</span> <span class='ocrx_word' id='word_1_550' title='bbox 884 3917 1053 3985; x_wconf 85' lang='grc' dir='ltr'>ήμῖν;</span> <span class='ocrx_word' id='word_1_551' title='bbox 1094 3915 1324 3980; x_wconf 74' lang='grc' dir='ltr'>Οὐδεὶς,</span> <span class='ocrx_word' id='word_1_552' title='bbox 1374 3915 1491 3969; x_wconf 80' lang='grc' dir='ltr'>ἀλλ’</span> <span class='ocrx_word' id='word_1_553' title='bbox 1522 3916 1686 3981; x_wconf 79' lang='grc' dir='ltr'>αὐτὸς</span> <span class='ocrx_word' id='word_1_554' title='bbox 1726 3919 1755 3971; x_wconf 92' lang='grc' dir='ltr'><strong>ό</strong></span> <span class='ocrx_word' id='word_1_555' title='bbox 1788 3917 1948 3986; x_wconf 89' lang='grc' dir='ltr'>φύσει</span> 
     </span>
    </p>
   </div>
   <div class='ocr_carea' id='block_1_71' title="bbox 370 4006 1945 4082">
    <p class='ocr_par' dir='ltr' id='par_1_71' title="bbox 370 4006 1945 4082">
     <span class='ocr_line' id='line_1_71' title="bbox 370 4006 1945 4082; baseline 0.004 -23"><span class='ocrx_word' id='word_1_556' title='bbox 370 4006 527 4072; x_wconf 78' lang='grc' dir='ltr'>Θεὸς,</span> <span class='ocrx_word' id='word_1_557' title='bbox 556 4007 644 4071; x_wconf 81' lang='grc' dir='ltr'>δὸς</span> <span class='ocrx_word' id='word_1_558' title='bbox 665 4008 799 4077; x_wconf 81' lang='grc' dir='ltr'><strong>ἡμῖν</strong></span> <span class='ocrx_word' id='word_1_559' title='bbox 826 4007 1016 4080; x_wconf 81' lang='grc' dir='ltr'>καιρὸν</span> <span class='ocrx_word' id='word_1_560' title='bbox 1046 4009 1212 4079; x_wconf 82' lang='grc' dir='ltr'>ζωῆς,</span> <span class='ocrx_word' id='word_1_561' title='bbox 1239 4009 1335 4063; x_wconf 73' lang='grc' dir='ltr'>καὶ</span> <span class='ocrx_word' id='word_1_562' title='bbox 1363 4010 1558 4082; x_wconf 79' lang='grc' dir='ltr'>καιρὸν</span> <span class='ocrx_word' id='word_1_563' title='bbox 1584 4011 1945 4081; x_wconf 87' lang='grc' dir='ltr'>ἐπιστροφῆς.</span> 
     </span>
    </p>
   </div>
   <div class='ocr_carea' id='block_1_72' title="bbox 370 4099 1945 4174">
    <p class='ocr_par' dir='ltr' id='par_1_72' title="bbox 370 4099 1945 4174">
     <span class='ocr_line' id='line_1_72' title="bbox 370 4099 1945 4174; baseline 0.004 -22"><span class='ocrx_word' id='word_1_564' title='bbox 370 4099 613 4169; x_wconf 86' lang='grc' dir='ltr'>Νίκησον</span> <span class='ocrx_word' id='word_1_565' title='bbox 641 4099 740 4171; x_wconf 80' lang='grc' dir='ltr'>τὴν</span> <span class='ocrx_word' id='word_1_566' title='bbox 787 4102 1075 4173; x_wconf 83' lang='grc' dir='ltr'>πώρωσιν,</span> <span class='ocrx_word' id='word_1_567' title='bbox 1101 4104 1197 4156; x_wconf 73' lang='grc' dir='ltr'>καὶ</span> <span class='ocrx_word' id='word_1_568' title='bbox 1231 4102 1462 4174; x_wconf 89' lang='grc' dir='ltr'>ποίησον</span> <span class='ocrx_word' id='word_1_569' title='bbox 1498 4103 1601 4174; x_wconf 82' lang='grc' dir='ltr'>τὴν</span> <span class='ocrx_word' id='word_1_570' title='bbox 1629 4103 1945 4174; x_wconf 88' lang='grc' dir='ltr'>διόρθωσιν.</span> 
     </span>
    </p>
   </div>
   <div class='ocr_carea' id='block_1_73' title="bbox 372 4190 1948 4265">
    <p class='ocr_par' dir='ltr' id='par_1_73' title="bbox 372 4190 1948 4265">
     <span class='ocr_line' id='line_1_73' title="bbox 372 4190 1948 4265; baseline 0.003 -22"><span class='ocrx_word' id='word_1_571' title='bbox 372 4190 446 4244; x_wconf 84' lang='grc' dir='ltr'><strong>Σὺ</strong></span> <span class='ocrx_word' id='word_1_572' title='bbox 472 4190 561 4255; x_wconf 87' lang='grc' dir='ltr'><strong>δός</strong></span> <span class='ocrx_word' id='word_1_573' title='bbox 594 4208 686 4261; x_wconf 91' lang='grc' dir='ltr'><strong>μοι</strong></span> <span class='ocrx_word' id='word_1_574' title='bbox 733 4192 812 4245; x_wconf 76' lang='grc' dir='ltr'><strong>ἔτι</strong></span> <span class='ocrx_word' id='word_1_575' title='bbox 845 4191 1044 4265; x_wconf 78' lang='grc' dir='ltr'>μικρὸν</span> <span class='ocrx_word' id='word_1_576' title='bbox 1071 4193 1285 4263; x_wconf 89' lang='grc' dir='ltr'>χρόνον,</span> <span class='ocrx_word' id='word_1_577' title='bbox 1322 4194 1419 4248; x_wconf 70' lang='grc' dir='ltr'><strong>καὶ</strong></span> <span class='ocrx_word' id='word_1_578' title='bbox 1449 4194 1680 4265; x_wconf 86' lang='grc' dir='ltr'>ποίησόν</span> <span class='ocrx_word' id='word_1_579' title='bbox 1719 4211 1812 4264; x_wconf 90' lang='grc' dir='ltr'>μοι</span> <span class='ocrx_word' id='word_1_580' title='bbox 1843 4210 1948 4247; x_wconf 87' lang='grc' dir='ltr'><strong>σω-</strong></span> 
     </span>
    </p>
   </div>
   <div class='ocr_carea' id='block_1_74' title="bbox 369 4283 1947 4357">
    <p class='ocr_par' dir='ltr' id='par_1_74' title="bbox 369 4283 1947 4357">
     <span class='ocr_line' id='line_1_74' title="bbox 369 4283 1947 4357; baseline 0.002 -21"><span class='ocrx_word' id='word_1_581' title='bbox 369 4283 569 4354; x_wconf 84' lang='grc' dir='ltr'>τηρίας</span> <span class='ocrx_word' id='word_1_582' title='bbox 592 4287 816 4353; x_wconf 86' lang='grc' dir='ltr'>τρόπον.</span> <span class='ocrx_word' id='word_1_583' title='bbox 845 4285 970 4338; x_wconf 81' lang='grc' dir='ltr'>Ἐάν</span> <span class='ocrx_word' id='word_1_584' title='bbox 998 4286 1107 4356; x_wconf 81' lang='grc' dir='ltr'><strong>γὰρ</strong></span> <span class='ocrx_word' id='word_1_585' title='bbox 1132 4286 1197 4339; x_wconf 75' lang='grc' dir='ltr'>σὺ</span> <span class='ocrx_word' id='word_1_586' title='bbox 1232 4286 1307 4357; x_wconf 84' lang='grc' dir='ltr'><strong>μὴ</strong></span> <span class='ocrx_word' id='word_1_587' title='bbox 1333 4286 1567 4356; x_wconf 78' lang='grc' dir='ltr'>ποιήσῃς</span> <span class='ocrx_word' id='word_1_588' title='bbox 1593 4285 1819 4355; x_wconf 85' lang='grc' dir='ltr'>τρόπον,</span> <span class='ocrx_word' id='word_1_589' title='bbox 1844 4285 1947 4339; x_wconf 82' lang='grc' dir='ltr'>ὅσα</span> 
     </span>
    </p>
   </div>
   <div class='ocr_carea' id='block_1_75' title="bbox 369 4372 1946 4446">
    <p class='ocr_par' dir='ltr' id='par_1_75' title="bbox 369 4372 1946 4446">
     <span class='ocr_line' id='line_1_75' title="bbox 369 4372 1946 4446; baseline 0.002 -19"><span class='ocrx_word' id='word_1_590' title='bbox 369 4372 438 4427; x_wconf 77' lang='grc' dir='ltr'>ἂν</span> <span class='ocrx_word' id='word_1_591' title='bbox 464 4372 577 4442; x_wconf 83' lang='grc' dir='ltr'>ἐγὼ</span> <span class='ocrx_word' id='word_1_592' title='bbox 614 4376 826 4446; x_wconf 85' lang='grc' dir='ltr'>ποιήσω</span> <span class='ocrx_word' id='word_1_593' title='bbox 856 4373 1036 4445; x_wconf 85' lang='grc' dir='ltr'>σαθρά</span> <span class='ocrx_word' id='word_1_594' title='bbox 1086 4376 1192 4429; x_wconf 82' lang='grc' dir='ltr'>εἰσι</span> <span class='ocrx_word' id='word_1_595' title='bbox 1244 4376 1339 4429; x_wconf 70' lang='grc' dir='ltr'>καὶ</span> <span class='ocrx_word' id='word_1_596' title='bbox 1382 4375 1636 4428; x_wconf 85' lang='grc' dir='ltr'>ἀϐέϐαια.</span> <span class='ocrx_word' id='word_1_597' title='bbox 1690 4375 1831 4428; x_wconf 88' lang='grc' dir='ltr'>Ὅσα</span> <span class='ocrx_word' id='word_1_598' title='bbox 1879 4377 1946 4430; x_wconf 85' lang='grc' dir='ltr'>ἂν</span> 
     </span>
    </p>
   </div>
   <div class='ocr_carea' id='block_1_76' title="bbox 2055 3268 3623 3341">
    <p class='ocr_par' dir='ltr' id='par_1_76' title="bbox 2055 3268 3623 3341">
     <span class='ocr_line' id='line_1_76' title="bbox 2055 3268 3623 3341; baseline -0.003 -16"><span class='ocrx_word' id='word_1_599' title='bbox 2055 3272 2209 3327; x_wconf 90' lang='lat' dir='ltr'><strong>video</strong></span> <span class='ocrx_word' id='word_1_600' title='bbox 2234 3273 2753 3341; x_wconf 87' lang='lat' dir='ltr'><strong>appropinquantem</strong></span> <span class='ocrx_word' id='word_1_601' title='bbox 2786 3269 2966 3324; x_wconf 82' lang='lat' dir='ltr'><strong>finem.</strong></span> <span class='ocrx_word' id='word_1_602' title='bbox 3002 3268 3201 3323; x_wconf 87' lang='lat' dir='ltr'><strong>Verum</strong></span> <span class='ocrx_word' id='word_1_603' title='bbox 3246 3276 3297 3322; x_wconf 92' lang='lat' dir='ltr'><strong>tu</strong></span> <span class='ocrx_word' id='word_1_604' title='bbox 3335 3268 3465 3321; x_wconf 91' lang='lat' dir='ltr'><strong>mihi</strong></span> <span class='ocrx_word' id='word_1_605' title='bbox 3497 3283 3623 3337; x_wconf 90' lang='lat' dir='ltr'><strong>por-</strong></span> 
     </span>
    </p>
   </div>
   <div class='ocr_carea' id='block_1_77' title="bbox 2054 3362 3624 3432">
    <p class='ocr_par' dir='ltr' id='par_1_77' title="bbox 2054 3362 3624 3432">
     <span class='ocr_line' id='line_1_77' title="bbox 2054 3362 3624 3432; baseline -0.004 -12"><span class='ocrx_word' id='word_1_606' title='bbox 2054 3365 2168 3431; x_wconf 73' lang='lat' dir='ltr'><strong>rige</strong></span> <span class='ocrx_word' id='word_1_607' title='bbox 2220 3380 2436 3418; x_wconf 90' lang='lat' dir='ltr'><strong>manum</strong></span> <span class='ocrx_word' id='word_1_608' title='bbox 2492 3364 2544 3417; x_wconf 92' lang='lat' dir='ltr'><strong>in</strong></span> <span class='ocrx_word' id='word_1_609' title='bbox 2597 3362 2861 3432; x_wconf 88' lang='lat' dir='ltr'><strong>profundo</strong></span> <span class='ocrx_word' id='word_1_610' title='bbox 2916 3363 3249 3431; x_wconf 87' lang='lat' dir='ltr'><strong>voluptatum</strong></span> <span class='ocrx_word' id='word_1_611' title='bbox 3305 3369 3624 3429; x_wconf 88' lang='lat' dir='ltr'><strong>tempestate</strong></span> 
     </span>
    </p>
   </div>
   <div class='ocr_carea' id='block_1_78' title="bbox 2048 3454 3623 3528">
    <p class='ocr_par' dir='ltr' id='par_1_78' title="bbox 2048 3454 3623 3528">
     <span class='ocr_line' id='line_1_78' title="bbox 2048 3454 3623 3528; baseline -0.003 -17"><span class='ocrx_word' id='word_1_612' title='bbox 2048 3458 2276 3528; x_wconf 86' lang='lat' dir='ltr'><strong>jactato.</strong></span> <span class='ocrx_word' id='word_1_613' title='bbox 2312 3456 2440 3511; x_wconf 80' lang='lat' dir='ltr'><strong>Mihi</strong></span> <span class='ocrx_word' id='word_1_614' title='bbox 2474 3471 2691 3525; x_wconf 88' lang='lat' dir='ltr'><strong>quoque</strong></span> <span class='ocrx_word' id='word_1_615' title='bbox 2730 3454 2911 3525; x_wconf 88' lang='lat' dir='ltr'><strong>aperi,</strong></span> <span class='ocrx_word' id='word_1_616' title='bbox 2944 3454 3207 3520; x_wconf 91' lang='lat' dir='ltr'><strong>Domine,</strong></span> <span class='ocrx_word' id='word_1_617' title='bbox 3242 3454 3372 3507; x_wconf 91' lang='lat' dir='ltr'><strong>licet</strong></span> <span class='ocrx_word' id='word_1_618' title='bbox 3404 3454 3623 3523; x_wconf 87' lang='lat' dir='ltr'><strong>indigne</strong></span> 
     </span>
    </p>
   </div>
   <div class='ocr_carea' id='block_1_79' title="bbox 2052 3545 3623 3619">
    <p class='ocr_par' dir='ltr' id='par_1_79' title="bbox 2052 3545 3623 3619">
     <span class='ocr_line' id='line_1_79' title="bbox 2052 3545 3623 3619; baseline -0.004 -16"><span class='ocrx_word' id='word_1_619' title='bbox 2052 3549 2317 3619; x_wconf 88' lang='lat' dir='ltr'><strong>pulsanti;</strong></span> <span class='ocrx_word' id='word_1_620' title='bbox 2360 3563 2464 3619; x_wconf 87' lang='lat' dir='ltr'><strong>nec</strong></span> <span class='ocrx_word' id='word_1_621' title='bbox 2488 3547 2707 3617; x_wconf 75' lang='lat' dir='ltr'><strong>ianuam</strong></span> <span class='ocrx_word' id='word_1_622' title='bbox 2742 3556 2844 3601; x_wconf 66' lang='lat' dir='ltr'><strong>tute</strong></span> <span class='ocrx_word' id='word_1_623' title='bbox 2890 3545 3281 3600; x_wconf 66' lang='lat' dir='ltr'><strong>misericordiae</strong></span> <span class='ocrx_word' id='word_1_624' title='bbox 3317 3545 3448 3597; x_wconf 90' lang='lat' dir='ltr'><strong>mihi</strong></span> <span class='ocrx_word' id='word_1_625' title='bbox 3485 3559 3623 3613; x_wconf 81' lang='lat' dir='ltr'><strong>prae-</strong></span> 
     </span>
    </p>
   </div>
   <div class='ocr_carea' id='block_1_80' title="bbox 2051 3635 3623 3706">
    <p class='ocr_par' dir='ltr' id='par_1_80' title="bbox 2051 3635 3623 3706">
     <span class='ocr_line' id='line_1_80' title="bbox 2051 3635 3623 3706; baseline -0.004 -11"><span class='ocrx_word' id='word_1_626' title='bbox 2051 3640 2300 3695; x_wconf 85' lang='lat' dir='ltr'><strong>cluseris.</strong></span> <span class='ocrx_word' id='word_1_627' title='bbox 2333 3638 2464 3692; x_wconf 85' lang='lat' dir='ltr'><strong>Nam</strong></span> <span class='ocrx_word' id='word_1_628' title='bbox 2490 3640 2535 3693; x_wconf 90' lang='lat' dir='ltr'><strong>si</strong></span> <span class='ocrx_word' id='word_1_629' title='bbox 2568 3648 2622 3693; x_wconf 93' lang='lat' dir='ltr'><strong>tu</strong></span> <span class='ocrx_word' id='word_1_630' title='bbox 2650 3639 2934 3702; x_wconf 85' lang='lat' dir='ltr'><strong>clauseris,</strong></span> <span class='ocrx_word' id='word_1_631' title='bbox 2968 3638 3090 3706; x_wconf 88' lang='lat' dir='ltr'><strong>quis</strong></span> <span class='ocrx_word' id='word_1_632' title='bbox 3123 3638 3338 3690; x_wconf 89' lang='lat' dir='ltr'><strong>tandem</strong></span> <span class='ocrx_word' id='word_1_633' title='bbox 3369 3635 3623 3705; x_wconf 83' lang='lat' dir='ltr'><strong>aperiet?</strong></span> 
     </span>
    </p>
   </div>
   <div class='ocr_carea' id='block_1_81' title="bbox 2048 3726 3617 3799">
    <p class='ocr_par' dir='ltr' id='par_1_81' title="bbox 2048 3726 3617 3799">
     <span class='ocr_line' id='line_1_81' title="bbox 2048 3726 3617 3799; baseline -0.002 -15"><span class='ocrx_word' id='word_1_634' title='bbox 2048 3729 2164 3786; x_wconf 89' lang='lat' dir='ltr'><strong>Nisi</strong></span> <span class='ocrx_word' id='word_1_635' title='bbox 2204 3739 2258 3785; x_wconf 91' lang='lat' dir='ltr'><strong>tu</strong></span> <span class='ocrx_word' id='word_1_636' title='bbox 2291 3730 2510 3794; x_wconf 83' lang='lat' dir='ltr'><strong>feceris,</strong></span> <span class='ocrx_word' id='word_1_637' title='bbox 2549 3732 2672 3799; x_wconf 89' lang='lat' dir='ltr'><strong>quis</strong></span> <span class='ocrx_word' id='word_1_638' title='bbox 2710 3730 2958 3799; x_wconf 75' lang='lat' dir='ltr'><strong>aperiet?</strong></span> <span class='ocrx_word' id='word_1_639' title='bbox 2989 3726 3102 3781; x_wconf 77' lang='lat' dir='ltr'><strong>Nisi</strong></span> <span class='ocrx_word' id='word_1_640' title='bbox 3150 3737 3204 3781; x_wconf 93' lang='lat' dir='ltr'><strong>tu</strong></span> <span class='ocrx_word' id='word_1_641' title='bbox 3249 3726 3617 3790; x_wconf 85' lang='lat' dir='ltr'><strong>festinaveris,</strong></span> 
     </span>
    </p>
   </div>
   <div class='ocr_carea' id='block_1_82' title="bbox 2049 3816 3617 3890">
    <p class='ocr_par' dir='ltr' id='par_1_82' title="bbox 2049 3816 3617 3890">
     <span class='ocr_line' id='line_1_82' title="bbox 2049 3816 3617 3890; baseline -0.003 -15"><span class='ocrx_word' id='word_1_642' title='bbox 2049 3822 2174 3890; x_wconf 92' lang='lat' dir='ltr'><strong>quis</strong></span> <span class='ocrx_word' id='word_1_643' title='bbox 2210 3828 2474 3890; x_wconf 65' lang='lat' dir='ltr'><strong>praeterea</strong></span> <span class='ocrx_word' id='word_1_644' title='bbox 2506 3820 2662 3874; x_wconf 91' lang='lat' dir='ltr'><strong>nobis</strong></span> <span class='ocrx_word' id='word_1_645' title='bbox 2708 3817 3029 3874; x_wconf 83' lang='lat' dir='ltr'><strong>succurret?</strong></span> <span class='ocrx_word' id='word_1_646' title='bbox 3066 3818 3235 3873; x_wconf 88' lang='lat' dir='ltr'><strong>Nemo</strong></span> <span class='ocrx_word' id='word_1_647' title='bbox 3265 3817 3422 3886; x_wconf 89' lang='lat' dir='ltr'><strong>plane</strong></span> <span class='ocrx_word' id='word_1_648' title='bbox 3457 3816 3617 3872; x_wconf 87' lang='lat' dir='ltr'><strong>alius.</strong></span> 
     </span>
    </p>
   </div>
   <div class='ocr_carea' id='block_1_83' title="bbox 2049 3910 3619 3983">
    <p class='ocr_par' dir='ltr' id='par_1_83' title="bbox 2049 3910 3619 3983">
     <span class='ocr_line' id='line_1_83' title="bbox 2049 3910 3619 3983; baseline -0.003 -15"><span class='ocrx_word' id='word_1_649' title='bbox 2049 3913 2129 3969; x_wconf 92' lang='lat' dir='ltr'><strong>Tu</strong></span> <span class='ocrx_word' id='word_1_650' title='bbox 2162 3924 2340 3969; x_wconf 85' lang='lat' dir='ltr'><strong>autem</strong></span> <span class='ocrx_word' id='word_1_651' title='bbox 2374 3914 2465 3983; x_wconf 89' lang='lat' dir='ltr'><strong>qui</strong></span> <span class='ocrx_word' id='word_1_652' title='bbox 2506 3922 2590 3967; x_wconf 89' lang='lat' dir='ltr'><strong>est</strong></span> <span class='ocrx_word' id='word_1_653' title='bbox 2619 3912 2761 3967; x_wconf 88' lang='lat' dir='ltr'><strong>Deus</strong></span> <span class='ocrx_word' id='word_1_654' title='bbox 2790 3920 3000 3977; x_wconf 87' lang='lat' dir='ltr'><strong>natura,</strong></span> <span class='ocrx_word' id='word_1_655' title='bbox 3038 3911 3105 3964; x_wconf 89' lang='lat' dir='ltr'><strong>da</strong></span> <span class='ocrx_word' id='word_1_656' title='bbox 3147 3911 3303 3964; x_wconf 90' lang='lat' dir='ltr'><strong>nobis</strong></span> <span class='ocrx_word' id='word_1_657' title='bbox 3328 3910 3453 3964; x_wconf 62' lang='lat' dir='ltr'><strong>vitae</strong></span> <span class='ocrx_word' id='word_1_658' title='bbox 3479 3919 3619 3964; x_wconf 89' lang='lat' dir='ltr'><strong>tem-</strong></span> 
     </span>
    </p>
   </div>
   <div class='ocr_carea' id='block_1_84' title="bbox 2049 4001 3614 4078">
    <p class='ocr_par' dir='ltr' id='par_1_84' title="bbox 2049 4001 3614 4078">
     <span class='ocr_line' id='line_1_84' title="bbox 2049 4001 3614 4078; baseline -0.005 -16"><span class='ocrx_word' id='word_1_659' title='bbox 2049 4023 2169 4078; x_wconf 85' lang='lat' dir='ltr'><strong>pus,</strong></span> <span class='ocrx_word' id='word_1_660' title='bbox 2195 4021 2259 4061; x_wconf 89' lang='lat' dir='ltr'><strong>ac</strong></span> <span class='ocrx_word' id='word_1_661' title='bbox 2287 4016 2497 4074; x_wconf 90' lang='lat' dir='ltr'><strong>tempus</strong></span> <span class='ocrx_word' id='word_1_662' title='bbox 2521 4002 2908 4059; x_wconf 85' lang='lat' dir='ltr'><strong>conversionis.</strong></span> <span class='ocrx_word' id='word_1_663' title='bbox 2940 4002 3107 4056; x_wconf 88' lang='lat' dir='ltr'><strong>Vince</strong></span> <span class='ocrx_word' id='word_1_664' title='bbox 3133 4002 3310 4057; x_wconf 90' lang='lat' dir='ltr'><strong>cordis</strong></span> <span class='ocrx_word' id='word_1_665' title='bbox 3336 4001 3614 4064; x_wconf 89' lang='lat' dir='ltr'><strong>duritiem,</strong></span> 
     </span>
    </p>
   </div>
   <div class='ocr_carea' id='block_1_85' title="bbox 2048 4091 3617 4161">
    <p class='ocr_par' dir='ltr' id='par_1_85' title="bbox 2048 4091 3617 4161">
     <span class='ocr_line' id='line_1_85' title="bbox 2048 4091 3617 4161; baseline -0.006 -8"><span class='ocrx_word' id='word_1_666' title='bbox 2048 4114 2113 4153; x_wconf 87' lang='lat' dir='ltr'><strong>ac</strong></span> <span class='ocrx_word' id='word_1_667' title='bbox 2147 4112 2233 4153; x_wconf 90' lang='lat' dir='ltr'><strong>me</strong></span> <span class='ocrx_word' id='word_1_668' title='bbox 2262 4096 2507 4151; x_wconf 89' lang='lat' dir='ltr'><strong>emenda.</strong></span> <span class='ocrx_word' id='word_1_669' title='bbox 2541 4094 2621 4148; x_wconf 87' lang='lat' dir='ltr'><strong>Tu</strong></span> <span class='ocrx_word' id='word_1_670' title='bbox 2665 4094 2795 4147; x_wconf 84' lang='lat' dir='ltr'><strong>mihi</strong></span> <span class='ocrx_word' id='word_1_671' title='bbox 2840 4093 3016 4147; x_wconf 87' lang='lat' dir='ltr'><strong>adhuc</strong></span> <span class='ocrx_word' id='word_1_672' title='bbox 3045 4092 3319 4161; x_wconf 88' lang='lat' dir='ltr'><strong>paululum</strong></span> <span class='ocrx_word' id='word_1_673' title='bbox 3358 4091 3617 4161; x_wconf 87' lang='lat' dir='ltr'><strong>temporis</strong></span> 
     </span>
    </p>
   </div>
   <div class='ocr_carea' id='block_1_86' title="bbox 2047 4181 3615 4256">
    <p class='ocr_par' dir='ltr' id='par_1_86' title="bbox 2047 4181 3615 4256">
     <span class='ocr_line' id='line_1_86' title="bbox 2047 4181 3615 4256; baseline -0.007 -10"><span class='ocrx_word' id='word_1_674' title='bbox 2047 4190 2307 4253; x_wconf 89' lang='lat' dir='ltr'><strong>concede,</strong></span> <span class='ocrx_word' id='word_1_675' title='bbox 2338 4196 2391 4242; x_wconf 90' lang='lat' dir='ltr'><strong>et</strong></span> <span class='ocrx_word' id='word_1_676' title='bbox 2415 4201 2643 4256; x_wconf 82' lang='lat' dir='ltr'><strong>operare</strong></span> <span class='ocrx_word' id='word_1_677' title='bbox 2670 4184 2800 4239; x_wconf 90' lang='lat' dir='ltr'><strong>mihi</strong></span> <span class='ocrx_word' id='word_1_678' title='bbox 2836 4184 3025 4239; x_wconf 89' lang='lat' dir='ltr'><strong>salutis</strong></span> <span class='ocrx_word' id='word_1_679' title='bbox 3055 4184 3294 4238; x_wconf 84' lang='lat' dir='ltr'><strong>modum.</strong></span> <span class='ocrx_word' id='word_1_680' title='bbox 3328 4181 3440 4236; x_wconf 84' lang='lat' dir='ltr'><strong>Nisi</strong></span> <span class='ocrx_word' id='word_1_681' title='bbox 3470 4182 3615 4236; x_wconf 87' lang='lat' dir='ltr'><strong>enim</strong></span> 
     </span>
    </p>
   </div>
   <div class='ocr_carea' id='block_1_87' title="bbox 2046 4277 3613 4351">
    <p class='ocr_par' dir='ltr' id='par_1_87' title="bbox 2046 4277 3613 4351">
     <span class='ocr_line' id='line_1_87' title="bbox 2046 4277 3613 4351; baseline -0.006 -10"><span class='ocrx_word' id='word_1_682' title='bbox 2046 4301 2170 4341; x_wconf 90' lang='lat' dir='ltr'><strong>eum</strong></span> <span class='ocrx_word' id='word_1_683' title='bbox 2214 4294 2269 4339; x_wconf 90' lang='lat' dir='ltr'><strong>tu</strong></span> <span class='ocrx_word' id='word_1_684' title='bbox 2310 4281 2527 4347; x_wconf 84' lang='lat' dir='ltr'><strong>feceris,</strong></span> <span class='ocrx_word' id='word_1_685' title='bbox 2564 4294 2898 4351; x_wconf 68' lang='lat' dir='ltr'><strong>quaecunque</strong></span> <span class='ocrx_word' id='word_1_686' title='bbox 2948 4294 3048 4349; x_wconf 87' lang='lat' dir='ltr'><strong>ego</strong></span> <span class='ocrx_word' id='word_1_687' title='bbox 3096 4277 3300 4341; x_wconf 81' lang='lat' dir='ltr'><strong>fecero,</strong></span> <span class='ocrx_word' id='word_1_688' title='bbox 3347 4278 3613 4332; x_wconf 85' lang='lat' dir='ltr'><strong>imbecilla</strong></span> 
     </span>
    </p>
   </div>
   <div class='ocr_carea' id='block_1_88' title="bbox 2046 4369 3615 4440">
    <p class='ocr_par' dir='ltr' id='par_1_88' title="bbox 2046 4369 3615 4440">
     <span class='ocr_line' id='line_1_88' title="bbox 2046 4369 3615 4440; baseline -0.007 -8"><span class='ocrx_word' id='word_1_689' title='bbox 2046 4384 2173 4433; x_wconf 89' lang='lat' dir='ltr'><strong>sunt</strong></span> <span class='ocrx_word' id='word_1_690' title='bbox 2220 4391 2286 4430; x_wconf 91' lang='lat' dir='ltr'><strong>ac</strong></span> <span class='ocrx_word' id='word_1_691' title='bbox 2332 4374 2567 4430; x_wconf 86' lang='lat' dir='ltr'><strong>inﬁrma.</strong></span> <span class='ocrx_word' id='word_1_692' title='bbox 2616 4371 2961 4440; x_wconf 65' lang='lat' dir='ltr'><strong>Quaecunque</strong></span> <span class='ocrx_word' id='word_1_693' title='bbox 3003 4384 3104 4440; x_wconf 87' lang='lat' dir='ltr'><strong>ego</strong></span> <span class='ocrx_word' id='word_1_694' title='bbox 3135 4371 3452 4438; x_wconf 86' lang='lat' dir='ltr'><strong>probavero,</strong></span> <span class='ocrx_word' id='word_1_695' title='bbox 3494 4369 3615 4422; x_wconf 87' lang='lat' dir='ltr'><strong>sine</strong></span> 
     </span>
    </p>
   </div>
   <div class='ocr_carea' id='block_1_89' title="bbox 369 4458 1956 4538">
    <p class='ocr_par' dir='ltr' id='par_1_89' title="bbox 369 4466 1945 4538">
     <span class='ocr_line' id='line_1_89' title="bbox 369 4466 1945 4538; baseline 0 -18"><span class='ocrx_word' id='word_1_696' title='bbox 369 4466 680 4537; x_wconf 88' lang='grc' dir='ltr'>δοκιμάσω,</span> <span class='ocrx_word' id='word_1_697' title='bbox 729 4466 984 4538; x_wconf 86' lang='grc' dir='ltr'>ἀδύναμά</span> <span class='ocrx_word' id='word_1_698' title='bbox 1015 4468 1124 4520; x_wconf 85' lang='grc' dir='ltr'>είσι</span> <span class='ocrx_word' id='word_1_699' title='bbox 1160 4466 1256 4520; x_wconf 75' lang='grc' dir='ltr'>καὶ</span> <span class='ocrx_word' id='word_1_700' title='bbox 1287 4466 1651 4521; x_wconf 84' lang='grc' dir='ltr'>εὐκατάλυτα.</span> <span class='ocrx_word' id='word_1_701' title='bbox 1696 4467 1838 4521; x_wconf 89' lang='grc' dir='ltr'><strong>Ὅσα</strong></span> <span class='ocrx_word' id='word_1_702' title='bbox 1877 4467 1945 4521; x_wconf 87' lang='grc' dir='ltr'><strong>ἂν</strong></span> 
     </span>
    </p>
   </div>
   <div class='ocr_carea' id='block_1_90' title="bbox 2052 4458 3617 4538">
    <p class='ocr_par' dir='ltr' id='par_1_90' title="bbox 2052 4458 3617 4532">
     <span class='ocr_line' id='line_1_90' title="bbox 2052 4458 3617 4532; baseline -0.005 -11"><span class='ocrx_word' id='word_1_703' title='bbox 2052 4467 2254 4522; x_wconf 90' lang='lat' dir='ltr'><strong>viribus</strong></span> <span class='ocrx_word' id='word_1_704' title='bbox 2307 4474 2486 4530; x_wconf 88' lang='lat' dir='ltr'><strong>erunt,</strong></span> <span class='ocrx_word' id='word_1_705' title='bbox 2544 4463 2811 4532; x_wconf 86' lang='lat' dir='ltr'><strong>facileque</strong></span> <span class='ocrx_word' id='word_1_706' title='bbox 2864 4469 3214 4516; x_wconf 85' lang='lat' dir='ltr'><strong>evanescent.</strong></span> <span class='ocrx_word' id='word_1_707' title='bbox 3271 4458 3617 4527; x_wconf 84' lang='lat' dir='ltr'><strong>Quaecunque</strong></span> 
     </span>
    </p>
   </div>
   <div class='ocr_carea' id='block_1_91' title="bbox 370 4549 1956 4630">
    <p class='ocr_par' dir='ltr' id='par_1_91' title="bbox 370 4559 1943 4630">
     <span class='ocr_line' id='line_1_91' title="bbox 370 4559 1943 4630; baseline 0.001 -18"><span class='ocrx_word' id='word_1_708' title='bbox 370 4560 744 4629; x_wconf 78' lang='grc' dir='ltr'>ἐπιχειρήσω,</span> <span class='ocrx_word' id='word_1_709' title='bbox 780 4559 1034 4630; x_wconf 84' lang='grc' dir='ltr'>ἀνωφελῆ</span> <span class='ocrx_word' id='word_1_710' title='bbox 1081 4561 1187 4612; x_wconf 78' lang='grc' dir='ltr'>εἰσι</span> <span class='ocrx_word' id='word_1_711' title='bbox 1227 4559 1324 4612; x_wconf 75' lang='grc' dir='ltr'>καὶ</span> <span class='ocrx_word' id='word_1_712' title='bbox 1373 4559 1699 4630; x_wconf 85' lang='grc' dir='ltr'>άπλήρωτα.</span> <span class='ocrx_word' id='word_1_713' title='bbox 1738 4561 1943 4614; x_wconf 84' lang='grc' dir='ltr'>Λοιπὸν</span> 
     </span>
    </p>
   </div>
   <div class='ocr_carea' id='block_1_92' title="bbox 2052 4549 3617 4630">
    <p class='ocr_par' dir='ltr' id='par_1_92' title="bbox 2052 4549 3617 4629">
     <span class='ocr_line' id='line_1_92' title="bbox 2052 4549 3617 4629; baseline -0.006 -16"><span class='ocrx_word' id='word_1_714' title='bbox 2052 4560 2203 4614; x_wconf 85' lang='lat' dir='ltr'><strong>fuero</strong></span> <span class='ocrx_word' id='word_1_715' title='bbox 2249 4571 2555 4629; x_wconf 88' lang='lat' dir='ltr'><strong>aggressus,</strong></span> <span class='ocrx_word' id='word_1_716' title='bbox 2589 4554 2797 4608; x_wconf 89' lang='lat' dir='ltr'><strong>inutilia</strong></span> <span class='ocrx_word' id='word_1_717' title='bbox 2844 4562 3006 4607; x_wconf 92' lang='lat' dir='ltr'><strong>erunt</strong></span> <span class='ocrx_word' id='word_1_718' title='bbox 3049 4566 3112 4607; x_wconf 91' lang='lat' dir='ltr'><strong>ac</strong></span> <span class='ocrx_word' id='word_1_719' title='bbox 3152 4551 3489 4620; x_wconf 83' lang='lat' dir='ltr'><strong>imperfecta.</strong></span> <span class='ocrx_word' id='word_1_720' title='bbox 3538 4549 3617 4604; x_wconf 83' lang='lat' dir='ltr'><strong>Nc</strong></span> 
     </span>
    </p>
   </div>
   <div class='ocr_carea' id='block_1_93' title="bbox 372 4639 1956 4722">
    <p class='ocr_par' dir='ltr' id='par_1_93' title="bbox 372 4649 1946 4722">
     <span class='ocr_line' id='line_1_93' title="bbox 372 4649 1946 4722; baseline 0 -17"><span class='ocrx_word' id='word_1_721' title='bbox 372 4651 447 4722; x_wconf 80' lang='grc' dir='ltr'>μὴ</span> <span class='ocrx_word' id='word_1_722' title='bbox 476 4651 755 4722; x_wconf 78' lang='grc' dir='ltr'>ἀναϐάλλῃ</span> <span class='ocrx_word' id='word_1_723' title='bbox 778 4692 795 4719; x_wconf 90' lang='grc'>,</span> <span class='ocrx_word' id='word_1_724' title='bbox 828 4651 1076 4704; x_wconf 87' lang='grc' dir='ltr'>Δέσποτα</span> <span class='ocrx_word' id='word_1_725' title='bbox 1096 4689 1112 4715; x_wconf 90' lang='grc'>,</span> <span class='ocrx_word' id='word_1_726' title='bbox 1161 4650 1297 4704; x_wconf 82' lang='grc' dir='ltr'>ἀλλὰ</span> <span class='ocrx_word' id='word_1_727' title='bbox 1328 4649 1533 4719; x_wconf 85' lang='grc' dir='ltr'>φθάσον</span> <span class='ocrx_word' id='word_1_728' title='bbox 1555 4649 1584 4690; x_wconf 76' lang='grc' dir='ltr'><strong>ἀ</strong></span> <span class='ocrx_word' id='word_1_729' title='bbox 1617 4650 1681 4704; x_wconf 82' lang='grc' dir='ltr'>τὸ</span> <span class='ocrx_word' id='word_1_730' title='bbox 1714 4650 1946 4722; x_wconf 87' lang='grc' dir='ltr'>πλάσμα</span> 
     </span>
    </p>
   </div>
   <div class='ocr_carea' id='block_1_94' title="bbox 2052 4639 3616 4722">
    <p class='ocr_par' dir='ltr' id='par_1_94' title="bbox 2052 4639 3616 4713">
     <span class='ocr_line' id='line_1_94' title="bbox 2052 4639 3616 4713; baseline -0.008 -9"><span class='ocrx_word' id='word_1_731' title='bbox 2052 4649 2187 4704; x_wconf 89' lang='lat' dir='ltr'><strong>ultra</strong></span> <span class='ocrx_word' id='word_1_732' title='bbox 2222 4646 2523 4713; x_wconf 82' lang='lat' dir='ltr'><strong>distuleris,</strong></span> <span class='ocrx_word' id='word_1_733' title='bbox 2563 4644 2807 4709; x_wconf 86' lang='lat' dir='ltr'><strong>Domine,</strong></span> <span class='ocrx_word' id='word_1_734' title='bbox 2844 4642 2940 4699; x_wconf 88' lang='lat' dir='ltr'><strong>sed</strong></span> <span class='ocrx_word' id='word_1_735' title='bbox 2972 4642 3079 4697; x_wconf 92' lang='lat' dir='ltr'><strong>cito</strong></span> <span class='ocrx_word' id='word_1_736' title='bbox 3114 4640 3263 4696; x_wconf 89' lang='lat' dir='ltr'><strong>salva</strong></span> <span class='ocrx_word' id='word_1_737' title='bbox 3302 4639 3616 4709; x_wconf 81' lang='lat' dir='ltr'><strong>figmentum</strong></span> 
     </span>
    </p>
   </div>
   <div class='ocr_carea' id='block_1_95' title="bbox 442 4804 2062 4872">
    <p class='ocr_par' dir='ltr' id='par_1_95' title="bbox 442 4804 2062 4872">
     <span class='ocr_line' id='line_1_95' title="bbox 442 4804 2062 4872; baseline 0.001 -13"><span class='ocrx_word' id='word_1_738' title='bbox 442 4807 484 4842; x_wconf 82' lang='grc'><strong>¹¹</strong></span> <span class='ocrx_word' id='word_1_739' title='bbox 511 4804 644 4863; x_wconf 86' lang='lat' dir='ltr'><strong>an.</strong></span> <span class='ocrx_word' id='word_1_740' title='bbox 677 4822 798 4872; x_wconf 82' lang='lat' dir='ltr'><strong>xm,</strong></span> <span class='ocrx_word' id='word_1_741' title='bbox 824 4806 879 4862; x_wconf 89' lang='lat'><strong>6.</strong></span> <span class='ocrx_word' id='word_1_742' title='bbox 957 4805 1003 4838; x_wconf 85' lang='grc'><strong>¹³</strong></span> <span class='ocrx_word' id='word_1_743' title='bbox 1056 4804 1198 4861; x_wconf 86' lang='lat' dir='ltr'><strong>Psal.</strong></span> <span class='ocrx_word' id='word_1_744' title='bbox 1237 4820 1333 4871; x_wconf 86' lang='lat' dir='ltr'><strong>vn,</strong></span> <span class='ocrx_word' id='word_1_745' title='bbox 1358 4804 1413 4861; x_wconf 91' lang='lat'><strong>9.</strong></span> <span class='ocrx_word' id='word_1_746' title='bbox 1491 4806 1535 4839; x_wconf 72' lang='lat'>“</span> <span class='ocrx_word' id='word_1_747' title='bbox 1560 4804 1704 4862; x_wconf 86' lang='lat' dir='ltr'><strong>Psal.</strong></span> <span class='ocrx_word' id='word_1_748' title='bbox 1729 4821 1941 4872; x_wconf 79' lang='lat' dir='ltr'><strong>Lxxxtt,</strong></span> <span class='ocrx_word' id='word_1_749' title='bbox 1970 4804 2062 4861; x_wconf 80' lang='grc'>55.</span> 
     </span>
    </p>
   </div>
   <div class='ocr_carea' id='block_1_96' title="bbox 437 4960 727 5026">
    <p class='ocr_par' dir='ltr' id='par_1_96' title="bbox 437 4960 727 5026">
     <span class='ocr_line' id='line_1_96' title="bbox 437 4960 727 5026; baseline 0.014 -12"><span class='ocrx_word' id='word_1_750' title='bbox 437 4961 487 5004; x_wconf 78' lang='grc' dir='ltr'><strong>(ι’</strong></span> <span class='ocrx_word' id='word_1_751' title='bbox 517 4960 727 5026; x_wconf 77' lang='grc' dir='ltr'>σώζων.</span> 
     </span>
    </p>
   </div>
   <div class='ocr_carea' id='block_1_97' title="bbox 1869 5048 2098 5108">
    <p class='ocr_par' dir='ltr' id='par_1_97' title="bbox 1869 5048 2098 5108">
     <span class='ocr_line' id='line_1_97' title="bbox 1869 5048 2098 5108; baseline 0.013 -3"><span class='ocrx_word' id='word_1_752' title='bbox 1869 5048 2098 5108; x_wconf 63' lang='lat' dir='ltr'><strong>NOTAE.</strong></span> 
     </span>
    </p>
   </div>
   <div class='ocr_carea' id='block_1_98' title="bbox 448 5189 1939 5266">
    <p class='ocr_par' dir='ltr' id='par_1_98' title="bbox 448 5189 1939 5266">
     <span class='ocr_line' id='line_1_98' title="bbox 448 5189 1939 5266; baseline 0.001 -21"><span class='ocrx_word' id='word_1_753' title='bbox 448 5190 560 5261; x_wconf 84' lang='lat' dir='ltr'><strong>(ll)</strong></span> <span class='ocrx_word' id='word_1_754' title='bbox 587 5189 723 5266; x_wconf 58' lang='grc' dir='ltr'><strong>[ιοςί</strong></span> <span class='ocrx_word' id='word_1_755' title='bbox 758 5192 872 5245; x_wconf 81' lang='lat' dir='ltr'><strong>vult</strong></span> <span class='ocrx_word' id='word_1_756' title='bbox 917 5191 1272 5266; x_wconf 73' lang='lat' dir='ltr'><strong>(Zombetisius</strong></span> <span class='ocrx_word' id='word_1_757' title='bbox 1313 5192 1619 5266; x_wconf 87' lang='grc' dir='ltr'>ἀχώριστον</span> <span class='ocrx_word' id='word_1_758' title='bbox 1654 5193 1939 5266; x_wconf 81' lang='lat' dir='ltr'><strong>insepara-</strong></span> 
     </span>
    </p>
   </div>
   <div class='ocr_carea' id='block_1_99' title="bbox 2041 5192 3609 5267">
    <p class='ocr_par' dir='ltr' id='par_1_99' title="bbox 2041 5192 3609 5267">
     <span class='ocr_line' id='line_1_99' title="bbox 2041 5192 3609 5267; baseline 0.003 -19"><span class='ocrx_word' id='word_1_759' title='bbox 2041 5194 2181 5264; x_wconf 85' lang='lat' dir='ltr'><strong>quod</strong></span> <span class='ocrx_word' id='word_1_760' title='bbox 2243 5192 2315 5267; x_wconf 77' lang='lat' dir='ltr'><strong>sit</strong></span> <span class='ocrx_word' id='word_1_761' title='bbox 2365 5192 2655 5267; x_wconf 76' lang='lat' dir='ltr'><strong>explicatio</strong></span> <span class='ocrx_word' id='word_1_762' title='bbox 2681 5194 3045 5267; x_wconf 67' lang='lat' dir='ltr'><strong>przecedentis</strong></span> <span class='ocrx_word' id='word_1_763' title='bbox 3090 5196 3279 5267; x_wconf 87' lang='lat' dir='ltr'><strong>vocis,</strong></span> <span class='ocrx_word' id='word_1_764' title='bbox 3338 5196 3609 5267; x_wconf 77' lang='grc' dir='ltr'>ἔμφυτονο</span> 
     </span>
    </p>
   </div>
   <div class='ocr_carea' id='block_1_100' title="bbox 371 5260 1942 5334">
    <p class='ocr_par' dir='ltr' id='par_1_100' title="bbox 371 5260 1942 5334">
     <span class='ocr_line' id='line_1_100' title="bbox 371 5260 1942 5334; baseline -0.001 -16"><span class='ocrx_word' id='word_1_765' title='bbox 371 5260 554 5319; x_wconf 81' lang='lat' dir='ltr'><strong>bilem.</strong></span> <span class='ocrx_word' id='word_1_766' title='bbox 587 5260 699 5331; x_wconf 90' lang='lat' dir='ltr'><strong>Ego</strong></span> <span class='ocrx_word' id='word_1_767' title='bbox 723 5275 861 5334; x_wconf 79' lang='lat' dir='ltr'><strong>vero</strong></span> <span class='ocrx_word' id='word_1_768' title='bbox 887 5261 977 5334; x_wconf 81' lang='lat' dir='ltr'><strong>vel</strong></span> <span class='ocrx_word' id='word_1_769' title='bbox 1006 5263 1241 5334; x_wconf 15' lang='lat' dir='ltr'><strong>delereﬁm</strong></span> <span class='ocrx_word' id='word_1_770' title='bbox 1274 5260 1489 5333; x_wconf 78' lang='lat' dir='ltr'><strong>penitus</strong></span> <span class='ocrx_word' id='word_1_771' title='bbox 1520 5278 1706 5319; x_wconf 85' lang='lat' dir='ltr'><strong>vocem</strong></span> <span class='ocrx_word' id='word_1_772' title='bbox 1738 5260 1942 5334; x_wconf 70' lang='grc' dir='ltr'>ἀχώρισ</span> 
     </span>
    </p>
   </div>
   <div class='ocr_carea' id='block_1_101' title="bbox 2038 5262 3611 5335">
    <p class='ocr_par' dir='ltr' id='par_1_101' title="bbox 2038 5262 3611 5335">
     <span class='ocr_line' id='line_1_101' title="bbox 2038 5262 3611 5335; baseline 0.004 -17"><span class='ocrx_word' id='word_1_773' title='bbox 2038 5262 2199 5333; x_wconf 80' lang='lat' dir='ltr'><strong>quam</strong></span> <span class='ocrx_word' id='word_1_774' title='bbox 2226 5265 2395 5320; x_wconf 84' lang='lat' dir='ltr'><strong>solam</strong></span> <span class='ocrx_word' id='word_1_775' title='bbox 2431 5262 2649 5318; x_wconf 86' lang='lat' dir='ltr'><strong>retinuit</strong></span> <span class='ocrx_word' id='word_1_776' title='bbox 2680 5262 2833 5332; x_wconf 84' lang='lat' dir='ltr'><strong>Regii</strong></span> <span class='ocrx_word' id='word_1_777' title='bbox 2862 5265 3065 5321; x_wconf 88' lang='lat' dir='ltr'><strong>codicis</strong></span> <span class='ocrx_word' id='word_1_778' title='bbox 3088 5266 3275 5321; x_wconf 86' lang='lat' dir='ltr'><strong>editio.</strong></span> <span class='ocrx_word' id='word_1_779' title='bbox 3308 5262 3440 5335; x_wconf 67' lang='grc' dir='ltr'>Ωιιίὲ</span> <span class='ocrx_word' id='word_1_780' title='bbox 3466 5271 3611 5324; x_wconf 89' lang='lat' dir='ltr'><strong>enim</strong></span> 
     </span>
    </p>
   </div>
   <div class='ocr_carea' id='block_1_102' title="bbox 374 5332 3612 5407">
    <p class='ocr_par' dir='ltr' id='par_1_102' title="bbox 374 5332 3612 5407">
     <span class='ocr_line' id='line_1_102' title="bbox 374 5332 3612 5407; baseline 0.003 -24"><span class='ocrx_word' id='word_1_781' title='bbox 374 5350 523 5407; x_wconf 70' lang='grc' dir='ltr'>ρτον,</span> <span class='ocrx_word' id='word_1_782' title='bbox 554 5346 683 5407; x_wconf 71' lang='lat' dir='ltr'><strong>qute</strong></span> <span class='ocrx_word' id='word_1_783' title='bbox 703 5332 1147 5407; x_wconf 30' lang='lat' dir='ltr'><strong>deest‘incodice</strong></span> <span class='ocrx_word' id='word_1_784' title='bbox 1178 5332 1381 5407; x_wconf 66' lang='lat' dir='ltr'><strong>Regio,</strong></span> <span class='ocrx_word' id='word_1_785' title='bbox 1410 5334 1502 5407; x_wconf 80' lang='lat' dir='ltr'><strong>vel</strong></span> <span class='ocrx_word' id='word_1_786' title='bbox 1524 5334 1757 5407; x_wconf 82' lang='lat' dir='ltr'><strong>legerem</strong></span> <span class='ocrx_word' id='word_1_787' title='bbox 1779 5332 1942 5407; x_wconf 78' lang='lat' dir='ltr'><strong>prout</strong></span> <span class='ocrx_word' id='word_1_788' title='bbox 2040 5332 2266 5407; x_wconf 80' lang='lat' dir='ltr'><strong>cognata</strong></span> <span class='ocrx_word' id='word_1_789' title='bbox 2292 5342 2426 5407; x_wconf 76' lang='lat' dir='ltr'><strong>sunt</strong></span> <span class='ocrx_word' id='word_1_790' title='bbox 2453 5349 2518 5388; x_wconf 91' lang='lat' dir='ltr'><strong>ac</strong></span> <span class='ocrx_word' id='word_1_791' title='bbox 2555 5335 2837 5407; x_wconf 82' lang='lat' dir='ltr'><strong>congenita</strong></span> <span class='ocrx_word' id='word_1_792' title='bbox 2857 5335 3095 5407; x_wconf 18' lang='lat' dir='ltr'><strong>,Aeadem</strong></span> <span class='ocrx_word' id='word_1_793' title='bbox 3145 5346 3274 5391; x_wconf 92' lang='lat' dir='ltr'><strong>sunt</strong></span> <span class='ocrx_word' id='word_1_794' title='bbox 3308 5332 3363 5391; x_wconf 81' lang='lat' dir='ltr'><strong>et</strong></span> <span class='ocrx_word' id='word_1_795' title='bbox 3396 5337 3612 5407; x_wconf 81' lang='lat' dir='ltr'><strong>insepa-</strong></span> 
     </span>
    </p>
   </div>
   <div class='ocr_carea' id='block_1_103' title="bbox 373 5400 1956 5477">
    <p class='ocr_par' dir='ltr' id='par_1_103' title="bbox 373 5400 1942 5477">
     <span class='ocr_line' id='line_1_103' title="bbox 373 5400 1942 5477; baseline 0.003 -22"><span class='ocrx_word' id='word_1_796' title='bbox 373 5404 532 5477; x_wconf 58' lang='lat' dir='ltr'><strong>[egit_</strong></span> <span class='ocrx_word' id='word_1_797' title='bbox 552 5400 1170 5477; x_wconf 62' lang='lat' dir='ltr'><strong>Canisius,_dxdp_to~rov.</strong></span> <span class='ocrx_word' id='word_1_798' title='bbox 1232 5400 1391 5477; x_wconf 60' lang='lat' dir='ltr'><strong>Quid</strong></span> <span class='ocrx_word' id='word_1_799' title='bbox 1419 5400 1700 5477; x_wconf 60' lang='lat' dir='ltr'><strong>enim&#39;sibi</strong></span> <span class='ocrx_word' id='word_1_800' title='bbox 1742 5400 1856 5477; x_wconf 77' lang='lat' dir='ltr'><strong>vult</strong></span> <span class='ocrx_word' id='word_1_801' title='bbox 1888 5403 1942 5477; x_wconf 83' lang='lat' dir='ltr'><strong>in</strong></span> 
     </span>
    </p>
   </div>
   <div class='ocr_carea' id='block_1_104' title="bbox 2052 5400 3609 5477">
    <p class='ocr_par' dir='ltr' id='par_1_104' title="bbox 2052 5400 3609 5477">
     <span class='ocr_line' id='line_1_104' title="bbox 2052 5400 3609 5477; baseline 0.003 -19"><span class='ocrx_word' id='word_1_802' title='bbox 2052 5400 2255 5477; x_wconf 78' lang='lat' dir='ltr'><strong>rabilia.</strong></span> <span class='ocrx_word' id='word_1_803' title='bbox 2292 5404 2561 5473; x_wconf 88' lang='lat' dir='ltr'><strong>Interpres</strong></span> <span class='ocrx_word' id='word_1_804' title='bbox 2607 5400 2745 5477; x_wconf 68' lang='lat' dir='ltr'><strong>male</strong></span> <span class='ocrx_word' id='word_1_805' title='bbox 2796 5400 3038 5477; x_wconf 84' lang='lat' dir='ltr'><strong>retinens</strong></span> <span class='ocrx_word' id='word_1_806' title='bbox 3072 5400 3609 5477; x_wconf 22' lang='lat' dir='ltr'><strong>vocemudtxaiptc—r&#39;ov,</strong></span> 
     </span>
    </p>
   </div>
   <div class='ocr_carea' id='block_1_105' title="bbox 376 5471 3613 5541">
    <p class='ocr_par' dir='ltr' id='par_1_105' title="bbox 376 5471 3613 5541">
     <span class='ocr_line' id='line_1_105' title="bbox 376 5471 3613 5541; baseline 0.001 -13"><span class='ocrx_word' id='word_1_807' title='bbox 376 5471 489 5528; x_wconf 75' lang='lat' dir='ltr'><strong>Deo</strong></span> <span class='ocrx_word' id='word_1_808' title='bbox 519 5471 901 5541; x_wconf 84' lang='lat' dir='ltr'><strong>inseparabilis</strong></span> <span class='ocrx_word' id='word_1_809' title='bbox 928 5471 1331 5528; x_wconf 85' lang='lat' dir='ltr'><strong>misericordia?</strong></span> <span class='ocrx_word' id='word_1_810' title='bbox 1359 5472 1463 5528; x_wconf 91' lang='lat' dir='ltr'><strong>Sed</strong></span> <span class='ocrx_word' id='word_1_811' title='bbox 1505 5474 1650 5529; x_wconf 90' lang='lat' dir='ltr'><strong>illius</strong></span> <span class='ocrx_word' id='word_1_812' title='bbox 1684 5474 1738 5527; x_wconf 92' lang='lat' dir='ltr'><strong>in</strong></span> <span class='ocrx_word' id='word_1_813' title='bbox 1770 5473 1946 5528; x_wconf 91' lang='lat' dir='ltr'><strong>homi-</strong></span> <span class='ocrx_word' id='word_1_814' title='bbox 2044 5474 2288 5529; x_wconf 89' lang='lat' dir='ltr'><strong>inaudito</strong></span> <span class='ocrx_word' id='word_1_815' title='bbox 2332 5471 2491 5529; x_wconf 85' lang='lat' dir='ltr'><strong>sensu</strong></span> <span class='ocrx_word' id='word_1_816' title='bbox 2537 5474 2790 5541; x_wconf 83' lang='lat' dir='ltr'><strong>explicat,</strong></span> <span class='ocrx_word' id='word_1_817' title='bbox 2824 5476 2895 5529; x_wconf 90' lang='lat' dir='ltr'><strong>ita</strong></span> <span class='ocrx_word' id='word_1_818' title='bbox 2933 5476 3164 5531; x_wconf 89' lang='lat' dir='ltr'><strong>reddens</strong></span> <span class='ocrx_word' id='word_1_819' title='bbox 3196 5493 3211 5532; x_wconf 89' lang='lat'><strong>:</strong></span> <span class='ocrx_word' id='word_1_820' title='bbox 3244 5471 3375 5530; x_wconf 63' lang='lat' dir='ltr'><strong>Cum</strong></span> <span class='ocrx_word' id='word_1_821' title='bbox 3405 5471 3613 5531; x_wconf 58' lang='lat' dir='ltr'><strong>&#39;innam</strong></span> 
     </span>
    </p>
   </div>
   <div class='ocr_carea' id='block_1_106' title="bbox 372 5542 3608 5615">
    <p class='ocr_par' dir='ltr' id='par_1_106' title="bbox 372 5542 3608 5615">
     <span class='ocr_line' id='line_1_106' title="bbox 372 5542 3608 5615; baseline 0.001 -18"><span class='ocrx_word' id='word_1_822' title='bbox 372 5560 471 5615; x_wconf 84' lang='lat' dir='ltr'><strong>nes</strong></span> <span class='ocrx_word' id='word_1_823' title='bbox 502 5556 739 5615; x_wconf 80' lang='lat' dir='ltr'><strong>amorem</strong></span> <span class='ocrx_word' id='word_1_824' title='bbox 790 5542 945 5615; x_wconf 78' lang='lat' dir='ltr'><strong>miris</strong></span> <span class='ocrx_word' id='word_1_825' title='bbox 994 5543 1168 5597; x_wconf 88' lang='lat' dir='ltr'><strong>modis</strong></span> <span class='ocrx_word' id='word_1_826' title='bbox 1208 5543 1404 5615; x_wconf 83' lang='lat' dir='ltr'><strong>elevat,</strong></span> <span class='ocrx_word' id='word_1_827' title='bbox 1455 5545 1597 5613; x_wconf 87' lang='lat' dir='ltr'><strong>quod</strong></span> <span class='ocrx_word' id='word_1_828' title='bbox 1630 5556 1777 5615; x_wconf 82' lang='lat' dir='ltr'><strong>mere</strong></span> <span class='ocrx_word' id='word_1_829' title='bbox 1818 5558 1945 5615; x_wconf 12' lang='lat' dir='ltr'><strong>grag-</strong></span> <span class='ocrx_word' id='word_1_830' title='bbox 2048 5546 2159 5615; x_wconf 9' lang='lat' dir='ltr'><strong>tibi,</strong></span> <span class='ocrx_word' id='word_1_831' title='bbox 2193 5545 2294 5615; x_wconf 78' lang='lat' dir='ltr'><strong>sit,</strong></span> <span class='ocrx_word' id='word_1_832' title='bbox 2327 5543 2636 5615; x_wconf 60' lang='lat' dir='ltr'><strong>quantillo</strong></span> <span class='ocrx_word' id='word_1_833' title='bbox 2688 5545 3010 5615; x_wconf 79' lang='lat' dir='ltr'><strong>gratitudinc</strong></span> <span class='ocrx_word' id='word_1_834' title='bbox 3050 5548 3378 5614; x_wconf 80' lang='lat' dir='ltr'><strong>compensari</strong></span> <span class='ocrx_word' id='word_1_835' title='bbox 3409 5557 3608 5614; x_wconf 78' lang='lat' dir='ltr'><strong>potest,</strong></span> 
     </span>
    </p>
   </div>
   <div class='ocr_carea' id='block_1_107' title="bbox 375 5612 3609 5685">
    <p class='ocr_par' dir='ltr' id='par_1_107' title="bbox 375 5612 3609 5685">
     <span class='ocr_line' id='line_1_107' title="bbox 375 5612 3609 5685; baseline 0 -17"><span class='ocrx_word' id='word_1_836' title='bbox 375 5614 546 5668; x_wconf 90' lang='lat' dir='ltr'><strong>tuitus</strong></span> <span class='ocrx_word' id='word_1_837' title='bbox 577 5612 818 5685; x_wconf 26' lang='lat' dir='ltr'><strong>sit,‘ne_c</strong></span> <span class='ocrx_word' id='word_1_838' title='bbox 847 5612 953 5667; x_wconf 89' lang='lat' dir='ltr'><strong>ulla</strong></span> <span class='ocrx_word' id='word_1_839' title='bbox 1001 5628 1032 5667; x_wconf 88' lang='lat' dir='ltr'><strong>a</strong></span> <span class='ocrx_word' id='word_1_840' title='bbox 1071 5622 1223 5683; x_wconf 89' lang='lat' dir='ltr'><strong>parte</strong></span> <span class='ocrx_word' id='word_1_841' title='bbox 1256 5612 1532 5668; x_wconf 76' lang='lat' dir='ltr'><strong>hominum</strong></span> <span class='ocrx_word' id='word_1_842' title='bbox 1570 5612 1740 5685; x_wconf 87' lang='lat' dir='ltr'><strong>gratia</strong></span> <span class='ocrx_word' id='word_1_843' title='bbox 1773 5614 1947 5683; x_wconf 86' lang='lat' dir='ltr'><strong>possit</strong></span> <span class='ocrx_word' id='word_1_844' title='bbox 2048 5614 2378 5685; x_wconf 58' lang='lat' dir='ltr'><strong>benignitatis</strong></span> <span class='ocrx_word' id='word_1_845' title='bbox 2421 5612 2659 5685; x_wconf 70' lang='lat' dir='ltr'><strong>qbyssus.</strong></span> <span class='ocrx_word' id='word_1_846' title='bbox 2691 5612 2864 5670; x_wconf 56' lang='lat' dir='ltr'><strong>&#39;Certe</strong></span> <span class='ocrx_word' id='word_1_847' title='bbox 2911 5623 2969 5669; x_wconf 92' lang='lat' dir='ltr'><strong>ut</strong></span> <span class='ocrx_word' id='word_1_848' title='bbox 3014 5616 3059 5669; x_wconf 89' lang='lat' dir='ltr'><strong>is</strong></span> <span class='ocrx_word' id='word_1_849' title='bbox 3111 5612 3276 5671; x_wconf 89' lang='lat' dir='ltr'><strong>multa</strong></span> <span class='ocrx_word' id='word_1_850' title='bbox 3327 5612 3511 5671; x_wconf 88' lang='lat' dir='ltr'><strong>reddat</strong></span> <span class='ocrx_word' id='word_1_851' title='bbox 3543 5631 3609 5669; x_wconf 74' lang='lat' dir='ltr'><strong>ex</strong></span> 
     </span>
    </p>
   </div>
   <div class='ocr_carea' id='block_1_108' title="bbox 375 5681 3609 5752">
    <p class='ocr_par' dir='ltr' id='par_1_108' title="bbox 375 5681 3609 5752">
     <span class='ocr_line' id='line_1_108' title="bbox 375 5681 3609 5752; baseline 0.001 -15"><span class='ocrx_word' id='word_1_852' title='bbox 375 5681 734 5750; x_wconf 88' lang='lat' dir='ltr'><strong>compensari.</strong></span> <span class='ocrx_word' id='word_1_853' title='bbox 767 5682 927 5740; x_wconf 66' lang='lat' dir='ltr'><strong>Basn.</strong></span> <span class='ocrx_word' id='word_1_854' title='bbox 1073 5681 1086 5683; x_wconf 13' lang='grc' dir='ltr'><strong>ἢ</strong></span> <span class='ocrx_word' id='word_1_855' title='bbox 1209 5751 1214 5752; x_wconf 16' lang='grc' dir='ltr'>ί</span> <span class='ocrx_word' id='word_1_856' title='bbox 1574 5681 1595 5685; x_wconf 66' lang='grc'>⁷</span> <span class='ocrx_word' id='word_1_857' title='bbox 1778 5681 1788 5683; x_wconf 14' lang='grc' dir='ltr'>ἡ</span> <span class='ocrx_word' id='word_1_858' title='bbox 2048 5681 2268 5748; x_wconf 84' lang='lat' dir='ltr'><strong>Lexico,</strong></span> <span class='ocrx_word' id='word_1_859' title='bbox 2316 5684 2459 5738; x_wconf 88' lang='lat' dir='ltr'><strong>haud</strong></span> <span class='ocrx_word' id='word_1_860' title='bbox 2493 5681 2652 5737; x_wconf 37' lang='lat' dir='ltr'><strong>‘istnd</strong></span> <span class='ocrx_word' id='word_1_861' title='bbox 2702 5696 2878 5752; x_wconf 88' lang='lat' dir='ltr'><strong>putem</strong></span> <span class='ocrx_word' id='word_1_862' title='bbox 2908 5701 2974 5739; x_wconf 81' lang='lat' dir='ltr'><strong>ex</strong></span> <span class='ocrx_word' id='word_1_863' title='bbox 3004 5700 3070 5740; x_wconf 92' lang='lat' dir='ltr'><strong>eo</strong></span> <span class='ocrx_word' id='word_1_864' title='bbox 3105 5686 3328 5742; x_wconf 81' lang='lat' dir='ltr'><strong>reddere</strong></span> <span class='ocrx_word' id='word_1_865' title='bbox 3368 5704 3382 5741; x_wconf 88' lang='lat'><strong>:</strong></span> <span class='ocrx_word' id='word_1_866' title='bbox 3421 5695 3478 5739; x_wconf 92' lang='lat' dir='ltr'><strong>ut</strong></span> <span class='ocrx_word' id='word_1_867' title='bbox 3510 5702 3609 5740; x_wconf 87' lang='lat' dir='ltr'><strong>nec</strong></span> 
     </span>
    </p>
   </div>
   <div class='ocr_carea' id='block_1_109' title="bbox 2049 5753 3608 5826">
    <p class='ocr_par' dir='ltr' id='par_1_109' title="bbox 2049 5753 3608 5826">
     <span class='ocr_line' id='line_1_109' title="bbox 2049 5753 3608 5826; baseline 0.003 -19"><span class='ocrx_word' id='word_1_868' title='bbox 2049 5754 2235 5826; x_wconf 86' lang='lat' dir='ltr'><strong>plura,</strong></span> <span class='ocrx_word' id='word_1_869' title='bbox 2272 5753 2495 5826; x_wconf 76' lang='lat' dir='ltr'><strong>redditis</strong></span> <span class='ocrx_word' id='word_1_870' title='bbox 2520 5768 2552 5807; x_wconf 91' lang='lat' dir='ltr'><strong>e</strong></span> <span class='ocrx_word' id='word_1_871' title='bbox 2596 5753 2794 5811; x_wconf 55' lang='grc' dir='ltr'><strong>[λοῑίςο</strong></span> <span class='ocrx_word' id='word_1_872' title='bbox 2824 5766 3028 5812; x_wconf 86' lang='lat' dir='ltr'><strong>temere</strong></span> <span class='ocrx_word' id='word_1_873' title='bbox 3062 5755 3152 5811; x_wconf 85' lang='lat' dir='ltr'><strong>hic</strong></span> <span class='ocrx_word' id='word_1_874' title='bbox 3187 5755 3384 5826; x_wconf 83' lang='lat' dir='ltr'><strong>passim</strong></span> <span class='ocrx_word' id='word_1_875' title='bbox 3418 5756 3608 5812; x_wconf 87' lang='lat' dir='ltr'><strong>absur-</strong></span> 
     </span>
    </p>
   </div>
   <div class='ocr_carea' id='block_1_110' title="bbox 449 5751 1936 5824">
    <p class='ocr_par' dir='ltr' id='par_1_110' title="bbox 449 5751 1936 5824">
     <span class='ocr_line' id='line_1_110' title="bbox 449 5751 1936 5824; baseline 0.001 -20"><span class='ocrx_word' id='word_1_876' title='bbox 449 5752 562 5824; x_wconf 72' lang='lat'><strong>(12)</strong></span> <span class='ocrx_word' id='word_1_877' title='bbox 602 5753 673 5806; x_wconf 79' lang='lat' dir='ltr'><strong>Ac</strong></span> <span class='ocrx_word' id='word_1_878' title='bbox 705 5751 1126 5824; x_wconf 75' lang='lat' dir='ltr'><strong>inseparabilem.</strong></span> <span class='ocrx_word' id='word_1_879' title='bbox 1176 5751 1329 5808; x_wconf 84' lang='lat' dir='ltr'><strong>Haud</strong></span> <span class='ocrx_word' id='word_1_880' title='bbox 1375 5770 1509 5823; x_wconf 84' lang='lat' dir='ltr'><strong>opus</strong></span> <span class='ocrx_word' id='word_1_881' title='bbox 1556 5752 1936 5824; x_wconf 85' lang='lat' dir='ltr'><strong>perspicaciori</strong></span> 
     </span>
    </p>
   </div>
   <div class='ocr_carea' id='block_1_111' title="bbox 2046 5824 2748 5882">
    <p class='ocr_par' dir='ltr' id='par_1_111' title="bbox 2046 5824 2748 5882">
     <span class='ocr_line' id='line_1_111' title="bbox 2046 5824 2748 5882; baseline 0 -1"><span class='ocrx_word' id='word_1_882' title='bbox 2046 5825 2166 5882; x_wconf 89' lang='lat' dir='ltr'><strong>dius</strong></span> <span class='ocrx_word' id='word_1_883' title='bbox 2199 5824 2426 5882; x_wconf 84' lang='lat' dir='ltr'><strong>reddita.</strong></span> <span class='ocrx_word' id='word_1_884' title='bbox 2458 5824 2748 5882; x_wconf 65' lang='grc' dir='ltr'><strong>(ἑο-θεῖτε.</strong></span> 
     </span>
    </p>
   </div>
   <div class='ocr_carea' id='block_1_112' title="bbox 378 5822 1930 5897">
    <p class='ocr_par' dir='ltr' id='par_1_112' title="bbox 378 5822 1930 5897">
     <span class='ocr_line' id='line_1_112' title="bbox 378 5822 1930 5897; baseline 0 -20"><span class='ocrx_word' id='word_1_885' title='bbox 378 5822 691 5890; x_wconf 86' lang='lat' dir='ltr'><strong>intellectu,</strong></span> <span class='ocrx_word' id='word_1_886' title='bbox 741 5831 799 5877; x_wconf 91' lang='lat' dir='ltr'><strong>ut</strong></span> <span class='ocrx_word' id='word_1_887' title='bbox 849 5823 970 5893; x_wconf 89' lang='lat' dir='ltr'><strong>quis</strong></span> <span class='ocrx_word' id='word_1_888' title='bbox 1025 5824 1205 5879; x_wconf 85' lang='lat' dir='ltr'><strong>videat</strong></span> <span class='ocrx_word' id='word_1_889' title='bbox 1259 5822 1568 5893; x_wconf 35' lang='lat' dir='ltr'><strong>lcgendum‘</strong></span> <span class='ocrx_word' id='word_1_890' title='bbox 1597 5822 1930 5897; x_wconf 79' lang='grc' dir='ltr'>ἀχώρσιτον’</span> 
     </span>
    </p>
   </div>
  </div>
