4080 6580
501 364 639 430 1087

1711 369 1774 429 8.
1832 368 2236 431 ANASTASII
2285 369 2617 433 SINAIT/E
2707 415 2719 424 .

3638 365 3785 432 1088

504 490 674 535 tumn.
712 477 906 535 Dixisti
934 479 1102 542 enim,
1139 477 1368 531 Domine
1400 493 1414 530 :
1448 495 1466 527 ι
1503 476 1633 532 Sine
1656 494 1743 533 me
1763 479 1895 532 nihil
1922 485 2070 549 pote-

2196 497 2297 534 mu.
2343 481 2416 532 Σὺ
2464 480 2576 551 γὰρ
2616 475 2811 543 εἴπας,
2856 478 3137 543 Δέσποτα,
3191 478 3278 532 ὅτι
3339 497 3359 531 ι
3410 477 3489 532 Οὐ
3539 476 3781 533 δῦνιιιςθ⁸

504 573 607 625 stis
637 570 914 627 facere”.
950 590 970 624 ι
994 570 1265 624 Ριτενετιθ
1299 570 1658 624 conversione
1694 570 1912 634 animae,
1948 580 2083 624 tem-

504 677 609 730 pus
636 663 759 716 vita:
787 678 941 716 meae.
989 660 1118 715 Mihi
1151 661 1351 730 quippe
1387 661 1735 716 adversarius
1783 676 1937 716 mens
1973 662 2080 715 vim

505 753 703 818 infert;
757 754 918 808 infert
944 754 1222 823 cogitatio,
1262 751 1421 806 infert
1464 762 1678 817 natura,
1730 754 1894 809 infert
1940 755 2080 808 mala

504 847 778 905 voluntas,
811 847 1053 901 omnium
1081 846 1317 899 maxime
1345 845 1509 898 infert
1531 860 1695 913 prava
1720 845 2101 917 consuetudo.

506 938 842 1008 Eapropter:
870 957 888 990 ι
923 937 1181 994 Miserere
1216 939 1346 1006 mei,
1385 939 1630 1003 Domine,
1650 944 1901 1007 quoniam
1932 940 2083 994 inlir-

506 1046 625 1084 Inus
654 1046 794 1086 sum.
831 1049 849 1082 ι
885 1029 967 1085 Me
996 1031 1140 1084 enim
1168 1031 1453 1084 enervavit
1477 1031 1728 1085 inimicus
1760 1045 1774 1084 :
1812 1032 2081 1086 infirmum

505 1140 594 1179 me
623 1140 687 1178 ac
718 1126 1012 1178 contritum
1047 1124 1193 1179 fecit.
1230 1124 1479 1178 Infirmus
1511 1134 1694 1179 autem
1726 1140 1791 1179 ac
1821 1128 2083 1181 contritus

506 1217 609 1270 sibi
666 1218 777 1286 ipse
831 1216 1260 1271 misericordiam
1313 1218 1623 1286 impendere
1671 1220 1878 1287 nequit.
1929 1220 2083 1283 Quod

508 1322 638 1375 ergo
663 1318 910 1375 superest
954 1327 967 1361 :
1016 1327 1035 1359 ι
1075 1307 1330 1362 Miserere
1355 1308 1486 1371 mei,
1523 1308 1783 1374 Domine,
1825 1312 2081 1378 quoniam

510 1399 760 1453 infirmus
790 1416 932 1455 sum.
973 1420 991 1451 ι
1029 1400 1130 1466 Qui
1162 1410 1245 1454 est
1288 1402 1557 1465 infirmus,
1583 1403 1795 1469 operari
1844 1418 1949 1457 non
1990 1419 2085 1471 po-

511 1500 616 1547 test
652 1511 666 1548 :
706 1511 724 1544 (
776 1494 1040 1546 Miserere
1070 1495 1194 1557 mei,
1246 1493 1499 1557 Domine,
1537 1496 1793 1562 quoniam
1841 1496 2086 1550 infirmus

510 1596 629 1635 sum
662 1596 675 1632 :
709 1597 838 1636 sana
854 1597 958 1645 me,
987 1583 1233 1645 Domine,
1258 1583 1513 1651 quoniam
1542 1585 1755 1637 turbata
1789 1596 1918 1639 sunt
1957 1601 2082 1640 ossa

511 1688 653 1726 mea.
696 1691 715 1725 ι
746 1672 979 1726 Turbata
1013 1684 1141 1727 sunt
1168 1689 1231 1729 ac
1257 1674 1497 1729 contrita
1528 1690 1661 1729 mea:
1691 1676 1887 1729 anima:
1914 1692 2034 1730 ossa
2068 1694 2080 1730 :

511 1764 666 1833 cujus
718 1775 898 1818 autem
938 1774 1064 1818 sunt
1095 1765 1329 1819 contrita
1359 1781 1479 1820 ossa
1501 1807 1517 1833 ,
1546 1767 1597 1820 is
1643 1768 1828 1835 nequit
1864 1783 2085 1837 surgere

2185 574 2355 643 χωρὶς
2399 574 2537 643 ἐμοῦ
2591 572 2817 642 ποιῆσαι
2871 572 3047 626 οὐδέν.
3107 590 3127 624 ι
3194 570 3447 642 Πρόλαϐε
3516 572 3584 641 τῇ
3648 574 3783 623 ἑπι-

2189 668 2394 736 στροφῇ
2440 667 2540 736 τῆς
2580 665 2758 736 ψυχῆς
2794 682 2895 731 tm
2938 664 3030 718 τὸν
3071 664 3263 734 χρόνον
3304 664 3403 733 τῆς
3444 662 3596 732 ζωῆς
3643 679 3779 732 μονα

2187 756 2571 826 Τυραννοῦμαι
2614 757 2725 827 γὰρ
2773 755 2879 809 ὑπὸ
2921 754 3017 809 τοῦ
3072 755 3346 808 ἀντιδίκου
3381 771 3524 823 μου,
3569 769 3783 821 τυραν-

2188 846 2386 916 νοῦμαι
2436 848 2544 901 ὑπὸ
2602 847 2697 902 τοῦ
2743 846 3047 918 λογισμοῦ,
3107 846 3482 917 τυραννοῦμαι
3530 846 3637 899 ὑπὸ
3674 845 3785 913 τῆς

2188 938 2428 1008 φύσεως,
2465 940 2837 1011 τυραννοῦμαι
2870 939 2975 994 ὑπὸ
3010 940 3109 1009 τῆς
3155 940 3334 1007 κακῆς
3367 938 3780 1009 προαιρέσεως·

2188 1032 2456 1084 ὲπιπλείω
2481 1032 2537 1084 δὲ
2576 1031 2951 1103 τυραννοῦμαι
2982 1030 3089 1083 ὑπὸ
3120 1030 3221 1098 τῆς
3249 1030 3430 1098 κακῆς
3458 1028 3781 1098 συνηθείας.

2187 1123 2280 1176 Διὸ
2321 1142 2341 1176 ι
2384 1123 2635 1195 Ἐλέησόν
2663 1142 2753 1195 με,
2785 1123 2981 1195 Κύριε,
3031 1123 3113 1175 ὅτι
3141 1122 3375 1193 ἀσθενής
3409 1123 3551 1191 ειμι.
3588 1140 3608 1173 ι
3655 1121 3783 1185 Ἐξ·

2188 1212 2461 1283 ενεύρωσε
2489 1214 2597 1283 γάρ
2624 1230 2692 1283 με
2712 1215 2970 1283 όὲχθρὸς,
2989 1211 3189 1282 ἀσθενῆ
3218 1229 3285 1281 με
3329 1211 3425 1265 καὶ
3449 1228 3785 1282 συντετριμ-

2194 1305 2355 1375 μένον
2396 1305 2677 1376 ὲποίησεν.
2731 1306 2791 1357 '0
2823 1306 2880 1359 δὲ
2907 1305 3143 1376 ἀσθενὴς
3181 1304 3275 1357 καὶ⁴
3311 1302 3784 1374 συντετριμμένος

2189 1399 2251 1451 οὐ
2280 1397 2504 1451 δύναται
2540 1398 2763 1467 ἐλεῆσαι
2793 1398 3008 1452 ἑαυτόν.
3048 1396 3274 1459 Λοιπὸν,
3325 1413 3344 1448 ι
3394 1394 3651 1466 Ἐλέησόν
3683 1412 3779 1466 με,

2191 1490 2394 1562 Κύριε,
2424 1491 2506 1543 ὅτι
2534 1490 2769 1560 ἀσθενής
2813 1492 2950 1560 εἰμι.
2995 1508 3014 1541 ι
3068 1489 3125 1543 Ὀ
3161 1487 3407 1543 ἀσθενῶν
3440 1488 3501 1540 οὐ
3546 1487 3778 1542 δύναται

2192 1581 2551 1651 ἐργάσασθαι,
2583 1600 2601 1631 ι
2639 1580 2896 1652 Ἐλέησόν
2922 1598 3012 1651 με,
3048 1579 3241 1649 Κύριε,
3264 1580 3347 1632 ὅτι
3371 1577 3610 1647 ἀσθενής
3634 1580 3774 1647 εἰμι’

2192 1672 2342 1726 ἴασαι
2374 1690 2462 1741 με,
2496 1673 2693 1744 Κύριε,
2724 1674 2808 1726 ὅτι
2841 1671 3122 1741 ἐταράχθη
3151 1672 3218 1723 τὰ
3248 1671 3382 1722 ὀστᾶ
3410 1686 3538 1738 μου.
3574 1686 3593 1719 ι
3627 1667 3779 1720 Ἐταο

2194 1763 2365 1833 ράχοη
2413 1765 2506 1816 καὶ
2542 1763 2835 1834 συνετρίϐη
2880 1779 2981 1831 μου
3034 1762 3103 1816 τὰ
3150 1762 3285 1813 ὀστᾶ
3335 1758 3440 1829 τῆς
3469 1759 3671 1829 ψυχῆς.
3716 1758 3777 1810 ’0

514 1865 574 1907 ιιι
619 1856 720 1909 sibi
772 1856 1038 1909 medicum
1090 1866 1331 1923 quierat;
1370 1873 1473 1911 non
1525 1868 1704 1928 potest
1752 1877 1974 1916 currere
2027 1874 2085 1915 ut

2196 1855 2242 1907 δὲ
2277 1855 2741 1925 συντετριμμένος
2760 1856 2829 1909 τὰ
2852 1854 3011 1917 ὀστᾶ,
3036 1855 3098 1906 οὐ
3133 1852 3359 1906 δύναται
3384 1851 3629 1914 ἀναστὰς
3659 1853 3780 1903 ἑπι-

512 1947 694 2002 hostes
733 1947 968 2017 effugiat.
1015 1947 1098 2003 Tu
1126 1950 1329 2018 itaque,
1360 1951 1611 2019 Domine,
1648 1969 1829 2022 quaere
1855 1970 1962 2019 me,
1995 1958 2086 2025 qui

510 2042 708 2095 venisti
759 2060 778 2092 ι
838 2058 1081 2111 quaarere
1136 2054 1192 2099 et
1260 2045 1470 2100 salvum
1529 2045 1709 2101 facere
1757 2051 1898 2118 quod
1960 2064 2092 2119 per-

512 2134 650 2188 ierat
682 2135 746 2188 ".
783 2152 802 2187 ι
846 2135 925 2189 Tu
978 2152 1190 2189 rursum
1219 2136 1285 2190 ad
1327 2153 1433 2201 me,
1464 2139 1554 2207 qui
1590 2139 1642 2192 in
1674 2140 1914 2195 latrones
1955 2141 2090 2195 inci-

512 2226 684 2279 derim
712 2267 728 2289 ,
774 2228 971 2282 accede
999 2268 1014 2293 ,
1057 2244 1121 2282 ac
1183 2245 1268 2283 me
1299 2239 1600 2286 anteverte.
1648 2231 1766 2287 Non
1813 2235 1957 2287 enim
2003 2249 2091 2288 me

507 2316 620 2386 jam
656 2329 863 2374 tantum
890 2322 1330 2385 semimortnum,
1362 2328 1455 2377 sed
1484 2324 1642 2393 plane
1686 2335 1978 2390 mortuum,
2012 2327 2090 2381 ef-

513 2409 780 2465 fecerunt.
819 2412 1085 2468 Caeterum
1122 2433 1134 2469 :
1174 2433 1193 2465 ι
1232 2412 1375 2469 Sana
1401 2431 1506 2482 me,
1547 2416 1804 2483 Domine,
1838 2427 1891 2472 et
1926 2435 2088 2474 sana-

512 2503 649 2570 bor;
704 2504 911 2559 salvum
942 2522 1028 2561 me
1067 2507 1171 2571 fac,
1206 2519 1261 2562 et
1286 2509 1467 2563 Salvus
1505 2524 1601 2564 ero
1633 2510 1695 2564 ¹⁷.
1736 2529 1756 2562 ι
1792 2510 1931 2564 Sana
1983 2527 2088 2575 me,

514 2594 779 2661 Domine,
830 2599 1086 2667 quoniam
1120 2614 1345 2667 serpens
1370 2600 1458 2652 ille
1488 2602 1661 2655 malus
1697 2611 1863 2655 totum
1899 2619 1982 2656 me
2010 2604 2092 2656 in-

514 2687 732 2741 ﬁrmum
762 2704 828 2744 ac
870 2690 1146 2758 putridum
1190 2692 1318 2746 fecit
1352 2711 1365 2746 :
1401 2693 1490 2761 qui
1523 2702 1700 2747 autem
1735 2696 1982 2748 infirmus
2006 2704 2091 2748 est

515 2789 679 2846 atque
734 2781 1017 2849 putridus,
1073 2791 1218 2838 totus
1260 2785 1426 2839 humo
1471 2786 1664 2841 afﬁxus
1708 2787 1887 2854 jacet;
1947 2797 2092 2842 totus

517 2870 762 2939 abiectus
801 2883 884 2926 est
916 2874 968 2926 in
1000 2876 1215 2929 modum
1244 2877 1558 2943 cadaveris;
1599 2888 1740 2933 totus
1771 2880 1934 2934 iners.
1970 2879 2094 2935 Cla-

516 2973 629 3015 mat
655 2964 946 3030 duntaxat;
980 2977 1034 3020 et
1067 2968 1157 3036 qui
1193 2968 1407 3032 liberet,
1440 2970 1673 3039 aliquem
1706 2973 1919 3038 quaerit.
1950 2972 2092 3026 Ocn—

516 3053 599 3109 los
663 3064 871 3110 tantum
932 3060 1180 3113 attollere
1246 3071 1457 3129 potest,
1516 3077 1580 3117 ac
1648 3064 2087 3132 circumspicere,

518 3147 735 3213 quando
766 3147 968 3217 veniat,
1003 3149 1287 3220 ipsumque
1323 3153 1411 3206 ille
1446 3154 1662 3218 invisat,
1697 3173 1715 3205 ι
1753 3156 1844 3222 qui
1876 3156 2094 3225 colligat

519 3238 785 3294 contritos
819 3239 883 3305 ‘3,
931 3259 947 3290 ι
989 3256 1191 3310 eosque
1229 3243 1409 3299 salvos
1446 3244 1597 3312 facit,
1627 3262 1857 3314 quorum
1906 3248 2096 3301 salutis
2124 3222 2166 3277 θ’

518 3342 644 3398 spes
676 3332 817 3385 nulla
848 3342 989 3386 erat.

596 3439 616 3473 ι
670 3422 811 3477 Sana
856 3441 963 3486 me,
1003 3426 1246 3491 Domine,
1280 3429 1534 3496 quoniam
1571 3431 1781 3483 turbata
1810 3441 1936 3484 sunt
1973 3446 2095 3486 ossa

519 3524 640 3569 mea
674 3534 688 3571 :
720 3526 776 3570 et
809 3518 989 3571 anima
1035 3534 1150 3572 mea
1185 3522 1394 3574 turbata
1433 3531 1517 3576 est
1554 3523 1728 3579 valde.
1778 3544 1796 3575 ι
1841 3525 2097 3593 Corporis

521 3605 683 3659 simul
729 3622 794 3662 ac
825 3610 1019 3666 animae
1064 3610 1203 3680 (l3),
1244 3613 1438 3682 inquit,
1486 3630 1518 3669 ο
1570 3614 1816 3683 Domine,
1864 3619 2097 3673 turbatio

522 3695 726 3752 invasit
765 3715 851 3754 me
882 3718 896 3754 :
937 3716 1002 3755 eo
1036 3703 1179 3771 quod
1216 3704 1266 3757 in
1298 3707 1481 3760 carnis
1513 3722 1575 3760 ac
1620 3709 1785 3761 animi
1816 3709 2098 3775 passiones

522 3803 590 3844 ac
619 3790 837 3845 morbos
884 3793 1171 3863 prolapsus
1217 3796 1343 3859 sim,
1385 3812 1607 3851 carnem
1642 3800 1843 3867 pariter
1875 3817 1937 3856 ac
1981 3803 2099 3856 ani-

523 3893 670 3932 mum
715 3878 949 3935 ludibrio
990 3882 1213 3937 habens.
1258 3902 1276 3934 ι
1320 3882 1463 3937 Sana
1501 3901 1605 3947 me,
1640 3886 1906 3953 Domine,
1959 3906 2098 3960 quo-

524 3969 671 4023 niam
710 3971 923 4025 turbata
952 3983 1081 4027 sunt
1108 3988 1231 4028 ossa
1257 3990 1377 4030 mea
1409 3990 1423 4027 :
1461 3994 1479 4028 ι
1514 3992 1635 4046 quae
1669 3978 1922 4033 nimirum
1954 3981 2096 4037 inte-

524 4062 724 4118 riorem
770 4078 946 4120 meum
983 4066 1261 4121 hominem
1298 4070 1619 4139 compagine
1653 4084 2003 4140 connectunt,
2034 4090 2099 4130 ac

523 4154 858 4209 exstruentia
892 4156 1109 4226 erigunt
1134 4157 1271 4228 (Η).
1312 4157 1570 4224 Quaanam
1600 4176 1731 4216 vero
1760 4162 1893 4217 illa?
1928 4148 2099 4220 Nimi-

525 4259 644 4298 rum
676 4244 806 4301 lides
826 4288 842 4312 ,
871 4247 1180 4315 prudentia,
1228 4264 1373 4317 spes,
1409 4250 1649 4305 charitas
1672 4292 1688 4315 ,
1719 4257 2096 4321 temperantia,

524 4336 886 4401 continentia,
913 4337 1144 4404 iustitia,
1170 4339 1364 4406 pietas,
1394 4343 1771 4405 mansuetudo,
1799 4346 2095 4401 humilitas.

524 4426 650 4481 Haec
679 4428 732 4482 in
765 4444 850 4482 me
875 4442 1003 4483 ossa
1029 4431 1264 4484 contrita
1292 4440 1438 4494 sunt,
1468 4433 1680 4487 turbata
1708 4448 1855 4501 sunt,
1885 4445 2101 4505 putrne-

2191 1943 2425 2015 ζητῆσαι
2463 1947 2666 2015 ἰατρόν·
2699 1946 2759 1998 οὑ
2790 1946 3016 2000 δύναται
3043 1946 3272 2016 δραμεῖν
3299 1944 3395 1997 καὶ
3421 1942 3659 2014 ρυθῆναι
3687 1942 3781 1995 τὸν

2189 2040 2381 2109 ἐχθρόν
2413 2050 2458 2093 ε.
2494 2039 2695 2092 Λοιπὸν
2729 2041 2792 2093 σὺ
2827 2038 3064 2110 ζήτησον
3105 2055 3196 2108 με,
3238 2038 3511 2095 Δέσποτα.
3551 2039 3579 2089 ὀ
3609 2034 3779 2089 ἐλθὼν

2196 2146 2215 2179 ι
2252 2129 2486 2199 ζητῆσαι
2516 2132 2608 2183 κοιλ⁸
2633 2130 2808 2184 σῶσαι
2839 2132 2901 2183 τὸ
2930 2129 3233 2187 ἀπολωλός.
3276 2147 3295 2179 ι
3333 2129 3407 2181 Σὺ
3440 2128 3611 2181 πάλιν
3642 2127 3779 2198 πρὸς

2190 2222 2289 2292 ἐμὲ
2317 2221 2411 2275 τὸν
2444 2222 2815 2293 περιπεσόντα
2844 2222 3071 2294 λῃσταῖς
3101 2219 3404 2283 κατάλαϐε,
3441 2221 3538 2271 καὶ
3568 2236 3778 2291 προκα-

2188 2313 2413 2368 τάλαϐε.
2445 2315 2520 2367 υὺ
2541 2314 2651 2385 γὰρ
2679 2315 2945 2385 ἡμιθανῆ,
2976 2313 3090 2367 ἀλλ’
3110 2310 3345 2381 ὁλοθανῆ
3379 2328 3446 2382 με
3483 2312 3777 2381 πεποίηκε.

2192 2405 2393 2458 Λοιπὸν
2440 2425 2459 2456 ι
2503 2407 2682 2459 Ἰασαί
2720 2423 2823 2476 με,
2857 2406 3068 2477 Κύριε,
3104 2406 3197 2459 καὶ
3229 2404 3568 2475 ἰαθήσομαιο
3607 2403 3781 2456 σῶσόν

2196 2513 2285 2565 με,
2318 2498 2410 2550 καὶ
2442 2499 2788 2567 σωθήσομαι.
2820 2517 2837 2547 ι
2879 2498 3061 2551 Ἵασαί
3095 2516 3164 2568 με
3188 2538 3203 2563 ,
3238 2497 3411 2564 Κύριε
3434 2536 3451 2560 ,
3480 2496 3565 2549 ὅτι
3600 2497 3630 2549 ὁ
3657 2495 3781 2563 ὄφις

2192 2590 2219 2641 ὁ
2254 2590 2488 2659 πονηρὸς
2516 2589 2638 2642 ὅλον
2667 2608 2735 2660 με
2761 2589 2965 2659 ἀσθενῆ
3002 2589 3097 2642 καὶ
3125 2589 3405 2659 σεσηπότα
3448 2589 3776 2658 πεποίηκεν*

2192 2682 2219 2733 ὁ
2248 2682 2303 2734 δὲ
2344 2683 2574 2752 ἀσθενὴς
2606 2683 2701 2736 καὶ
2746 2681 3005 2753 σεσηπὼς
3027 2724 3040 2748 ,
3071 2682 3191 2746 ὅλος
3224 2683 3400 2753 χαμαί¹
3427 2684 3629 2744 κεῖται,
3660 2682 3779 2744 ὅλος

2192 2771 2450 2844 ἔρριπται
2475 2774 2692 2845 πτῶμα·
2729 2776 2850 2838 ὅλος
2875 2777 3057 2844 ἀργεῖ.
3090 2775 3268 2829 Μόνον
3293 2775 3376 2827 ὅτι
3403 2773 3525 2843 βοᾷ,
3558 2774 3655 2826 καὶ
3685 2773 3779 2826 τὸν

2196 2865 2458 2935 ῥυόμενον
2489 2866 2663 2937 ζητεῖ.
2697 2867 2873 2921 Μόνον
2914 2868 2999 2920 ὅτι
3048 2866 3172 2929 τοὺς
3211 2864 3533 2935 ὀφθαλμοὺς
3561 2863 3775 2932 ἀνυψοῖ,

2194 2963 2290 3015 καὶ
2333 2965 2662 3031 περισκοπεῖ
2699 2963 2832 3015 πότε
2863 2960 2983 3032 ἥξει
3006 3003 3019 3025 ,
3050 2961 3183 3014 πότε
3225 2958 3587 3028 ἐπισκέψεται
3614 2958 3779 3010 αὐτὸν

2202 3072 2219 3104 ι
2256 3056 2284 3107 ὀ
2326 3053 2600 3123 δεσμεύων
2627 3056 2753 3116 τοὺς
2803 3052 3299 3124 συντετριμμένους
3324 3092 3340 3115 ,
3383 3071 3403 3104 ι
3440 3051 3537 3103 καὶ
3586 3048 3779 3113 σώζων

2198 3147 2327 3209 τοὺς
2354 3146 2835 3215 ἀπεγνωσμένους.

2275 3454 2293 3486 ι
2333 3435 2515 3487 Ἰασαί
2544 3452 2633 3505 με,
2670 3434 2867 3505 Κύριε,
2901 3435 2985 3488 ὅτι
3037 3433 3315 3505 ἐταράχθη
3349 3433 3416 3486 τὰ
3446 3434 3583 3487 ὀστᾶ
3632 3446 3770 3503 μου·

2199 3526 2293 3579 καὶ
2321 3528 2352 3596 ὴ
2382 3526 2527 3596 ψυχή
2560 3544 2661 3596 μου
2690 3527 2967 3598 ἐταράχθη
3002 3527 3231 3597 σφόδρα.
3267 3546 3286 3575 ι
3312 3526 3637 3596 Σωματικὸς
3662 3526 3773 3594 ἅμα

2198 3620 2293 3672 καὶ
2324 3620 2554 3688 ψυχικὸς
2577 3644 2599 3681 ,ν
2629 3620 2816 3689 φησὶν,
2851 3614 2896 3672 ὦ
2926 3622 3193 3684 Δέσποτα,
3217 3619 3488 3672 κατέλαϐέ
3510 3636 3576 3690 με
3606 3619 3773 3689 τάρα-

2199 3726 2312 3781 χος·
2343 3711 2600 3781 ψυχικοῖς
2622 3713 2716 3766 καὶ
2744 3716 3026 3783 σαρκικοῖς
3057 3713 3387 3784 περιέπεσον
3422 3712 3644 3775 πάθεσι,
3676 3709 3774 3780 τὴν

2201 3805 2381 3873 σάρκα
2410 3805 2506 3856 καὶ
2534 3804 2634 3875 τὴν
2662 3805 2843 3875 ψυχὴν
2874 3805 3247 3875 ποιησάμενος
3277 3806 3554 3872 παίγνιον.
3601 3822 3621 3855 ι
3662 3804 3770 3854 Ἴα-

2201 3896 2292 3947 σόν
2320 3911 2408 3965 με,
2442 3894 2639 3965 Κύριε,
2671 3897 2753 3949 ὅτι
2785 3896 3065 3967 ἐταράχθη
3094 3896 3165 3950 τὰ
3190 3898 3326 3950 ὀστᾶ
3356 3914 3481 3967 μου,
3509 3916 3528 3947 ι
3560 3896 3629 3948 τά
3658 3912 3774 3947 συν-

2200 3984 2505 4055 δεσμοῦντα
2554 3986 2650 4040 καὶ
2686 3988 3020 4058 ἀνορθοῦντα
3054 3989 3143 4042 τὸν
3186 3988 3295 4042 ἔσω
3334 4006 3434 4059 μου
3467 3989 3770 4060 ἄνθρωπον.

2200 4078 2338 4130 Ποῖα
2368 4077 2573 4144 ταῦτα;
2640 4078 2705 4132 Ἠ
2740 4081 2957 4144 πίστις,
3013 4082 3045 4151 ἡ
3090 4081 3391 4152 φρόνησις,
3434 4082 3469 4150 ὴ
3518 4080 3702 4142 ἐλπὶς,
3741 4080 3773 4149 ἡ

2200 4170 2411 4239 ἀγάπη,
2444 4172 2476 4241 ή
2515 4172 2840 4244 σωφροσύνη
2865 4214 2879 4237 ,
2916 4174 2949 4244 ἡ
2984 4174 3317 4246 ἐγκράτεια,
3350 4175 3382 4245 ἡ
3422 4172 3736 4242 δικαιοσύνη
3758 4212 3772 4234 ,

2201 4262 2234 4331 ἡ
2266 4261 2516 4315 εὐσέϐεια
2538 4305 2553 4327 ,
2591 4265 2623 4333 ἡ
2658 4264 2936 4335 πραότης,
2984 4268 3018 4336 ἡ
3068 4266 3560 4337 ταπεινοφροσύνη.
3594 4264 3776 4318 Ταῦτα

2200 4354 2270 4406 τὰ
2309 4353 2440 4406 ὀστᾶ
2474 4354 2561 4407 ἐπ’
2605 4356 2730 4425 ἐμοὶ
2770 4356 3191 4426 συνετρίϐησαν,
3231 4359 3325 4410 καὶ
3370 4355 3773 4428 ἐταράχθησαν,

2202 4447 2296 4499 καὶ
2337 4446 2753 4518 ὲσαθρώθησαν.
2788 4448 2918 4502 Ἐπὶ
2955 4449 3010 4502 δὲ
3045 4449 3152 4503 τῶν
3187 4448 3296 4502 σῶν
3330 4450 3525 4516 ἁγίων,
3568 4446 3773 4517 Κύριε,

525 4532 674 4576 ι·ιιιιι.
717 4522 773 4575 ln
808 4522 1012 4577 sanctis
1039 4533 1218 4577 autem
1251 4525 1381 4587 tuis,
1416 4525 1667 4592 Domine,
1698 4545 1718 4579 ι
1761 4529 2012 4585 Custodis
2045 4544 2093 4587 tu

2209 4558 2226 4590 ι
2266 4539 2561 4604 Φυλάττεις
2595 4541 2773 4594 πάντα
2807 4543 2877 4596 τὰ
2910 4543 3045 4596 ὀστᾶ
3074 4543 3273 4606 αὐτῶν,
3308 4544 3404 4595 καὶ
3431 4542 3490 4595 ἓν
3518 4541 3578 4606 ἐξ
3598 4540 3776 4595 αὐτῶν

523 4613 704 4665 omnia
752 4628 875 4668 ossa
923 4628 1148 4679 eorum,
1200 4631 1297 4671 nec
1347 4632 1533 4672 eorum
1590 4621 1808 4687 aliquod
1847 4630 2098 4677 contere-

527 4716 615 4759 tur
640 4706 683 4737 "
719 4724 733 4760 :
785 4724 805 4758 ι
850 4708 1198 4775 quantumvis
1239 4713 1482 4778 corporis
1515 4726 1637 4767 ossa
1671 4713 1724 4768 in
1772 4718 2100 4785 martyribus

529 4797 633 4850 tuis
659 4797 893 4853 contrita
922 4796 1160 4855 fuerunt.
1195 4818 1214 4853 ι
1250 4800 1396 4857 Sana
1425 4818 1530 4872 me,
1564 4804 1809 4872 Domine,
1837 4810 2092 4876 quoniam

2207 4630 2266 4680 οὐ
2300 4630 2741 4700 συντριϐήσεται,
2780 4650 2796 4681 ι
2832 4633 2881 4685 εί
2912 4633 3008 4686 καὶ
3032 4634 3100 4686 τὰ
3127 4632 3224 4685 τοῦ
3251 4631 3503 4701 σώματος
3530 4634 3639 4686 τῶν
3669 4632 3773 4684 σῶν

2210 4722 2506 4793 μαρτύρων
2554 4725 2970 4795 συνετρίϐησαν.
3026 4746 3045 4779 ι
3090 4727 3272 4779 Ἴασαί
3315 4744 3403 4797 με,
3446 4726 3663 4797 Κύριε,
3697 4725 3774 4778 ὅτι

2201 4814 2480 4887 ἐταράχθη
2512 4817 2578 4870 τὰ
2614 4818 2749 4872 ὀστᾶ
2794 4836 2892 4889 μου
2916 4861 2930 4885 ,
2975 4818 3070 4872 καὶ
3101 4820 3133 4889 ἡ
3179 4820 3323 4889 ψυχή
3360 4837 3461 4890 μου
3505 4816 3771 4889 ἐταράχθη

602 4953 646 4986 ¹¹⁵
667 4952 932 5025 Joan.xv,
952 4956 1005 5013 5.
1085 4958 1129 4990 ⁸⁸
1155 4957 1289 5015 Luc.
1316 4960 1538 5026 x1x,l0.
1616 4963 1657 4994 ⁸⁷
1690 4961 1893 5019 .lercm.
1926 4981 2061 5035 xvu,
2094 4968 2179 5026 l4.
2258 4973 2299 5003 ³⁸
2329 4971 2477 5028 Psal.
2511 4989 2693 5042 cxsvr,
2729 4975 2783 5029 5.
2860 4977 2903 5007 ι’
2938 4974 3078 5030 Psal.
3109 4990 3306 5041 χχχιιι,
3332 4973 3425 5029 21.

619 5109 647 5140 ο
669 5100 779 5154 τῶν
816 5100 1048 5171 ἐχθρῶν.

2032 5204 2265 5267 NOTAE.

597 5312 991 5385 (ιδιζῖοινρυτίε
1040 5316 1199 5370 simul
1239 5332 1301 5370 ac
1349 5318 1558 5373 animm.
1594 5315 1687 5377 Sic
1737 5321 1984 5375 restituta
2033 5339 2099 5377 ex

527 5384 697 5457 Regio
725 5384 899 5440 littera
969 5398 1253 5453 utramque
1309 5389 1552 5455 corporis
1583 5403 1646 5443 ac
1684 5391 1878 5444 animae
1911 5394 2099 5447 turba—

530 5460 756 5520 tionem,
788 5471 817 5507 ιι
872 5459 1133 5528 pr0pbeta
1174 5471 1487 5524 expressam
1541 5460 1813 5523 declarat,
1872 5474 1929 5515 ut
1975 5480 2098 5519 ossa

529 5542 725 5597 corpus
769 5527 1052 5597 designent
1086 5545 1099 5580 :
1139 5530 1351 5597 tametsi
1406 5528 1588 5581 statim
1622 5532 1688 5583 ad
1724 5534 1962 5588 animam
2019 5550 2104 5588 re-

529 5595 732 5661 ferens,
766 5595 999 5666 virtutes
1024 5597 1278 5666 explicat.
1308 5595 1595 5651 COMBEFIS.

604 5667 719 5738 (Η)
758 5665 1104 5723 Επδιηιεηιὶαί
1145 5668 1389 5738 erigunt,
1441 5667 1803 5737 ἀνορθοῦντα,
1848 5675 2101 5729 excitant.

533 5737 841 5813 Metapbora
873 5738 1087 5813 domus,
1128 5753 1247 5807 qua:
1269 5737 1611 5813 l'nlcientibus
1667 5741 1908 5797 trabibus
1933 5745 2105 5813 iisque

532 5806 837 5865 commissis
866 5810 1155 5876 excitatur,
1191 5815 1243 5863 et
1291 5808 1344 5863 in
1377 5807 1572 5864 molem
1601 5813 1865 5881 exsurgit.
1898 5806 2099 5886 lntei'p.

2207 5329 2444 5384 vinciunt
2469 5340 2624 5401 atque
2655 5332 3029 5403 corrumpunl.'
3067 5333 3137 5390 Ut
3185 5334 3333 5403 prior
3380 5349 3479 5389 vox
3538 5331 3773 5387 nonnihil

2210 5404 2534 5475 respondeat
2567 5403 2768 5459 Greca:
2821 5407 2935 5460 voci
2982 5404 3407 5475 συνδεσμοῦντα’
3457 5404 3587 5458 nihil
3635 5414 3773 5457 certe

2206 5471 2371 5545 altera
2403 5471 2558 5526 alteri
2604 5477 2872 5544 congruit.
2926 5471 3188 5532 Putarem
3218 5477 3471 5529 mendum
3525 5485 3772 5545 typograj

2207 5541 2447 5616 pliicum,
2476 5558 2538 5616 ac
2574 5541 2859 5613 scripsisse
2895 5548 3270 5616 interpretem,
3310 5541 3663 5608 consumam,
3695 5541 3772 5597 vel

2205 5613 2333 5679 quid
2364 5612 2587 5669 simile:
2627 5612 2727 5669 nisi
2784 5618 2975 5672 menda
3030 5612 3132 5671 alia
3183 5619 3272 5670 vix
3327 5616 3550 5676 leviora.
3607 5626 3772 5681 eaque

2204 5682 2391 5759 Ρ¹¹¹Γέὶν
2449 5683 2813 5759 hOc_qnoque
2859 5705 2889 5745 ιι
2939 5689 3147 5745 calamo
3200 5686 3446 5759 patuisse
3500 5684 3769 5750 excidere,

2204 5755 2512 5812 suaderent.
2546 5755 2834 5824 Gpunsns.
