4080 6524
282 386 427 450 1089

1342 411 1357 423 ·
1462 385 1742 447 ORATIO
1780 386 1866 447 IN
1903 384 2268 447 PSALMUM
2306 381 2407 447 VI.

3411 363 3547 428 1000

277 499 511 568 σφόδρα.
571 514 592 549 ι
669 495 812 569 Ὀρῶ
842 496 952 570 γὰρ
1015 497 1120 569 ἤδη
1166 496 1358 552 λοιπὸν
1403 497 1504 570 τὴν
1552 498 1704 570 ὥραν
1758 499 1894 569 τῆς,

1998 498 2179 551 orbata
2213 504 2341 550 sunt
2373 506 2497 549 ossa
2535 505 2655 547 mea
2684 506 2699 545 :
2736 495 2791 543 et
2834 483 3013 540 anima
3044 493 3165 536 mea
3208 474 3426 533 turbata
3462 484 3548 529 est

276 589 459 660 ψυχῆς
514 607 617 660 μου
677 590 1055 661 προκόψασαν,
1104 590 1198 643 τὸν
1247 590 1441 661 χρόνον
1500 589 1859 660 ἐκλείψαντα,

275 681 343 734 τὸ
374 680 527 744 τέλος
563 681 816 749 ἐγγίσαν,
854 682 916 735 τὸ
948 684 1126 753 γῆρας
1158 681 1437 752 ἁκμάσαν,
1471 681 1532 735 τὸ
1566 681 1725 752 θέρος
1762 697 1863 751 μου

278 772 490 837 κλῖναν,
531 772 626 825 καὶ
667 773 805 843 πρὸς
833 773 933 844 τὴν
978 772 1152 845 τομὴν
1188 775 1431 841 ἐπεῖγον,
1472 775 1565 827 τὸν
1610 773 1868 844 θεριστήν

283 880 391 933 μου
431 863 764 931 σπεύδοντα,
819 865 920 935 τὴν
954 864 1232 935 δρεπάνην
1271 864 1591 917 δεικνύοντα
1614 905 1628 928 ,
1678 861 1870 934 ἀξίνην

284 954 648 1025 βαστάζοντα,
685 955 786 1027 τὴν
814 957 1057 1026 ἐκκοπὴν
1093 955 1428 1027 μηνύουσανο
1466 974 1485 1006 ι
1522 955 1633 1008 Kal.
1660 956 1693 1025 ἡ
1724 954 1868 1025 ψυχή

286 1062 389 1115 μου
446 1045 730 1116 ἐταράχθη
786 1045 1016 1116 σφόδρα.
1074 1064 1093 1097 ι
1164 1046 1310 1117 Ὀρῶ
1351 1047 1421 1099 τὰ
1466 1045 1588 1099 κατ’
1632 1045 1872 1116 ἐμαυτὸν

283 1137 591 1205 ἀδιόρθωτα
614 1179 628 1202 ,
664 1140 757 1190 καὶ
791 1139 915 1191 καθ’
946 1137 1165 1209 ἡμέραν
1202 1142 1283 1202 είς
1320 1139 1381 1192 τὸ
1415 1140 1597 1210 χεῖρον
1644 1138 1875 1209 ἐρχόμε-

284 1246 401 1282 νονυ
455 1246 473 1280 ι
512 1230 678 1299 Καὶή
713 1230 859 1299 ψυχή
901 1248 1005 1300 μου
1043 1231 1322 1301 ἐταράχθη
1374 1232 1605 1301 σφόδρα.
1648 1248 1667 1281 ι
1729 1227 1875 1300 Ὀρῶ

288 1320 382 1374 τὸν
412 1320 658 1391 κλέπτην
687 1321 874 1375 λοιπὸν
906 1322 1366 1394 προσεγγίζοντα,
1399 1323 1495 1376 καὶ
1524 1322 1620 1376 τοῦ
1654 1321 1771 1393 βίου
1810 1339 1877 1392 με

288 1410 540 1481 ἁρπάσαι
587 1410 920 1466 σπεύδοντα·
962 1430 980 1463 ι
1036 1414 1146 1468 Kal
1177 1415 1211 1484 ἡ
1245 1414 1389 1484 ψυχή
1447 1432 1548 1484 μου
1596 1412 1876 1485 ἐταράχθη

290 1501 523 1571 σφόδρα.
561 1520 579 1552 ι
629 1501 775 1571 Ὀρῶ
805 1503 904 1573 τὴν
932 1502 1114 1568 ἔξοδον
1141 1504 1236 1556 τοῦ
1270 1503 1386 1574 βίου
1424 1503 1564 1573 πρὸς
1592 1503 1663 1557 τὰ
1696 1506 1879 1557 ἐκεῖσε

289 1592 537 1664 χαλεπὴν
584 1594 677 1647 καὶ
712 1598 954 1666 μακρὰν,
1006 1595 1103 1649 καὶ
1159 1597 1259 1668 ἐμὲ
1307 1597 1501 1666 ἐφόδια
1539 1597 1614 1667 μὴ
1649 1595 1878 1667 ἔχοντα’

300 1701 319 1733 ι
356 1683 528 1752 Καὶή
578 1681 723 1753 ψυχή
764 1700 867 1753 μου
919 1686 1199 1756 ἐταράχθη
1246 1687 1473 1757 σφόδρα.
1516 1705 1536 1739 ι
1598 1687 1742 1758 Ὀρῶ
1790 1686 1882 1739 τὸν

1966 588 2142 642 valde.
2175 604 2194 637 ›
2231 584 2351 639 Jam
2382 582 2529 638 enim
2560 581 2755 635 animae
2785 590 2916 630 mea:
2953 574 3196 639 vigorem
3226 567 3383 620 video
3415 578 3545 633 pro-

1967 680 2237 741 cessisse,
2282 686 2495 746 tempus
2535 671 2842 734 defecisse,
2886 668 3046 721 finem
3083 661 3483 733 propinquasse
3530 676 3545 712 :

1971 771 2135 826 altam
2159 775 2489 824 senectutem
2516 782 2531 820 :
2556 764 2869 819 inclinatam
2897 771 3131 812 messem
3160 769 3358 812 meam,
3386 759 3552 820 atque

1972 864 2036 917 ad
2080 859 2477 917 demessionem
2518 857 2831 927 perductam
2864 850 2910 882 ³ο
2962 866 2975 903 :
3022 846 3373 902 festinantem
3409 859 3553 898 mes-

1974 948 2148 1011 sorem
2182 967 2383 1015 meum,
2407 948 2598 1004 falcem
2627 944 2999 1001 ostendentem
3023 984 3039 1011 ,
3067 940 3299 999 securim
3333 952 3555 1009 gestan-

1974 1056 2081 1102 tem
2108 1045 2149 1076 ¹¹
2176 1039 2724 1099 excisionisindicem
2761 1054 2775 1090 :
2814 1055 2833 1088 ι
2871 1036 2934 1089 Ει
2967 1041 3145 1091 anima
3190 1051 3308 1090 mea
3337 1034 3554 1087 turbata

1974 1150 2058 1195 est
2089 1139 2263 1191 valde.
2302 1154 2320 1188 ι
2361 1131 2530 1188 Video
2573 1146 2660 1185 res
2704 1144 2853 1183 meas
2886 1129 3020 1183 nihil
3068 1130 3385 1185 emendatas
3411 1166 3426 1191 ,
3462 1126 3555 1180 sed

1978 1245 2063 1285 me
2097 1228 2338 1299 quotidie
2365 1226 2418 1280 in
2448 1224 2684 1279 deterius
2714 1223 2922 1291 prolabi
2971 1238 2985 1274 :
3030 1241 3049 1272 ι
3102 1223 3168 1275 Ει
3216 1221 3395 1274 anima
3434 1234 3554 1273 mea

1980 1323 2195 1377 turbata
2237 1329 2321 1375 est
2366 1317 2542 1373 valde.
2601 1335 2620 1367 ι
2668 1312 2840 1369 Video
2885 1314 2996 1384 jam
3071 1313 3246 1367 furem
3294 1312 3559 1367 acceden-

1982 1425 2087 1470 tem
2109 1415 2178 1479 ",
2223 1427 2417 1482 meque
2452 1426 2483 1465 e
2522 1410 2629 1465 vita
2665 1409 2916 1478 abripere
2968 1415 3346 1476 properantem
3383 1423 3397 1459 :
3437 1422 3456 1455 ι
3497 1402 3563 1455 Ει

1981 1509 2161 1562 anima
2195 1521 2313 1561 mea
2348 1506 2558 1560 turbata
2590 1513 2673 1558 est
2703 1501 2881 1556 valde.
2920 1520 2939 1553 ι
2981 1499 3150 1554 Video
3185 1496 3458 1551 difﬁcilem
3496 1509 3562 1547 ac

1982 1600 2197 1671 longam
2231 1599 2299 1651 ab
2332 1597 2435 1652 hoc
2470 1594 2670 1651 smculo
2716 1594 2781 1647 ad
2818 1592 2965 1647 illius
3014 1599 3215 1645 statum
3278 1585 3563 1657 migratio-

1984 1707 2140 1757 nem;
2188 1703 2381 1758 meque
2414 1689 2729 1743 destitutum
2768 1685 2970 1738 viatico
3012 1699 3026 1737 :
3066 1702 3085 1734 ι
3125 1680 3193 1735 Ει
3234 1679 3413 1734 anima
3443 1691 3562 1731 mea

228 1825 235 1830 _
293 1770 582 1843 δανειστὴν
629 1772 965 1841 ἐγγίσαντα.
999 1775 1146 1845 κάμέ
1192 1776 1538 1847 φυράσαντα.
1602 1775 1883 1855 Ὀρῶκτὴν

1998 1782 2200 1837 turbata
2231 1788 2313 1835 est
2343 1779 2519 1833 valde.
2561 1797 2579 1830 ›
2612 1778 2782 1832 Video
2815 1775 3161 1829 accedentem
3195 1770 3560 1831 creditorem,

294 1864 640 1935 προθεσμίαν
695 1866 1105 1945 πληρωθεῖσαν,
1149 1867 1244 1921 καὶ
1282 1867 1343 1920 ἐν
1377 1866 1579 1940 ἀπορίᾳ
1624 1884 1694 1935 με
1740 1850 1881 1937 eoa-

1998 1888 2050 1928 ic
2083 1885 2168 1926 me
2202 1872 2615 1940 investigantem
2663 1865 2798 1939 (l5).
2832 1862 3004 1918 Video
3051 1861 3332 1931 impletum
3383 1858 3564 1928 praefi-

297 1975 490 2013 σαντα.
534 1958 675 2028 Ὀρῶ
702 1959 795 2011 τὸν
824 1959 1122 2028 λογοθέτην
1146 1959 1207 2012 τὸ
1231 1958 1600 2030 χειρόγραφόν
1638 1976 1730 2030 μοι
1757 1961 1882 2012 ἐπι-

298 2050 554 2117 σείοντα,
587 2052 682 2103 καὶ
726 2052 857 2115 τοὺς
885 2051 1142 2123 δεσμίους
1187 2050 1509 2122 βρύχοντας.
1562 2050 1708 2123 Ὀρῶ
1750 2052 1883 2105 πολ-

294 2142 427 2205 λοὺς
455 2144 838 2215 κατηγόρους,
887 2144 985 2198 καὶ
1016 2144 1211 2198 οὐδένα
1258 2144 1581 2215 ξυνήγορον,
1631 2162 1651 2196 ι
1702 2145 1813 2198 Καὶ
1847 2146 1880 2215 ή

294 2232 444 2303 ψυχή
471 2251 572 2303 μου
598 2235 877 2305 ἐταράχθη
904 2235 1132 2306 σφόδρα.
1158 2254 1178 2287 ι
1213 2233 1492 2306 Θροοῦμαι
1512 2237 1606 2290 καὶ
1636 2237 1878 2305 ἀγωνιῶο

298 2325 512 2396 φρίττω
539 2328 634 2381 καὶ
663 2326 1161 2399 προκατασείομαι,
1188 2329 1283 2380 καὶ
1309 2326 1362 2380 τί
1395 2326 1602 2397 πρᾶξαι
1626 2327 1730 2381 οὐκ
1760 2327 1881 2380 ἐπί-

299 2434 529 2486 σταμαι.
570 2418 776 2485 Χρόνον
818 2417 966 2488 ζωῆς
1013 2419 1350 2489 αίτήσομαι;
1413 2419 1577 2472 Ἀλλὰ
1606 2419 1883 2490 φοὸοὖμαι

302 2512 502 2582 μήπως
533 2511 712 2583 πάλην
739 2513 1154 2583 ἁμαρτημάτων
1190 2514 1508 2582 ποιήσωμαι
1537 2511 1882 2582 προσθήκην,

299 2607 399 2658 καὶ
426 2606 728 2675 άνετοίμως
763 2606 1155 2677 πορεύσωμαι,
1188 2606 1283 2658 καὶ
1311 2606 1450 2676 ποίῳ
1482 2606 1760 2677 προσώπῳ
1792 2607 1884 2659 τὸν

300 2697 499 2768 κριτὴν
543 2697 829 2769 θεάσωμαι
866 2700 1161 2768 ἀμηχανω,
1202 2700 1284 2753 ὅτι
1313 2699 1370 2751 ἐν
1409 2697 1601 2769 ἄκροις
1647 2698 1716 2752 τὰ
1765 2696 1883 2750 κατ’

300 2789 541 2859 ἐμαυτὸν
571 2789 702 2860 ὁρῶ.
738 2791 805 2844 '0
834 2791 1069 2862 πονηρὸς
1093 2789 1381 2861 διενοχλῶν
1411 2807 1501 2860 μοι
1539 2790 1599 2842 οὐ
1630 2789 1883 2844 παύεταιο

300 2882 353 2934 οἱ
384 2880 571 2952 ἐχθροὶ
620 2879 714 2935 τοῦ
747 2882 1005 2953 πολεμεῖν
1047 2883 1149 2936 οὐκ
1182 2881 1529 2951 άφίστανταν
1564 2881 1592 2933 ὀ
1622 2880 1886 2951 ἐμφύλιος

299 2974 405 3043 τῆς
461 2971 664 3043 σαρκὸς
708 2973 944 3043 πόλεμος
1000 2974 1354 3046 ἐκταράττων
1405 2974 1467 3027 ού
1518 2973 1793 3043 φείδεται»
1836 2977 1886 3029 οἱ

303 3064 536 3133 πονηροὶ
560 3062 813 3136 λογισμοὶ
838 3063 1086 3136 οὐδαμῶς
1108 3062 1467 3137 ἡσυχάζουσι.

386 3259 406 3293 ι
438 3243 552 3297 Καὶ
583 3243 676 3308 σὺ,
710 3244 907 3316 Κύριε,
950 3243 1059 3308 ἕως
1089 3244 1222 3299 πότε
1251 3262 1267 3313 ;
1309 3264 1329 3299 ι
1375 3245 1443 3300 Τί
1485 3245 1585 3317 μέν
1618 3247 1895 3319 ἐσήμανεν

306 3335 413 3389 οὐκ
440 3328 614 3401 εἶπεν,
651 3336 768 3391 ἀλλ’
799 3335 857 3403 ἐξ
900 3337 1078 3408 ἄκρας
1112 3336 1351 3407 ἀθυμίας
1384 3338 1481 3392 καὶ
1514 3341 1895 3410 περιστάσεως

308 3428 544 3499 φρικτόν
564 3446 617 3483 τι
645 3429 741 3483 καὶ
759 3429 1035 3501 τολμηρὸν
1061 3429 1349 3501 βουληθεὶς
1374 3432 1551 3484 εἰπεῖν
1577 3431 1715 3501 πρὸς
1738 3431 1893 3495 Θεὸν,

309 3519 549 3589 ἐπέσχεν
577 3520 793 3586 ἑαυτὸν,
844 3520 942 3574 καὶ
976 3520 1139 3575 τοῦτο
1172 3522 1401 3591 ἀγαγεῖν
1440 3523 1541 3576 οὐκ
1570 3521 1897 3593 ἐτόλμησεν,

311 3608 455 3664 ἀλλά
497 3626 653 3680 φησι·
711 3629 731 3663 ι
780 3612 890 3665 Καὶ
923 3612 1012 3678 σὺ,
1043 3612 1239 3683 Κύριε,
1285 3614 1391 3676 ἐως
1433 3613 1603 3677 πότε;
1651 3632 1671 3665 ι
1728 3613 1895 3679 Ἰδοὺ,

314 3703 510 3773 φησὶν,
537 3700 687 3767 οἶδας
708 3745 723 3769 ,
754 3704 1023 3768 Δέσποτα,
1071 3706 1195 3759 κατ’
1227 3705 1330 3775 ἐμὲ
1361 3706 1636 3761 πανάθλια
1669 3705 1767 3760 καὶ
1800 3724 1899 3759 ra-

314 3794 574 3867 λαίπωρα
621 3795 719 3850 καὶ
763 3795 993 3850 ἐλεεινά.
1055 3795 1187 3850 Ἰδοὺ
1235 3796 1456 3868 βλέπεις
1493 3798 1593 3866 τὴν
1642 3798 1764 3851 κατ’
1798 3797 1901 3867 ἐμὲ

317 3886 597 3953 εὖστασιν,
624 3890 721 3944 καὶ
744 3888 844 3961 τὴν
866 3889 1101 3958 κάμινον
1126 3889 1229 3959 τῆς
1256 3890 1482 3960 σαρκὸς,
1508 3891 1603 3943 καὶ
1630 3890 1730 3961 τὴν
1758 3890 1905 3944 άντί-

320 3994 536 4044 στασιν,
567 3984 662 4035 καὶ
689 3981 780 4034 τὸν
805 3980 1043 4050 πόλεμον
1075 3980 1184 4033 τῶν
1207 3980 1441 4052 λῃστῶν,
1474 3983 1569 4033 καὶ
1594 3981 1696 4052 τὴν
1729 3980 1905 4034 ἐκλει-

318 4073 417 4143 qm
453 4072 550 4127 τοῦ
601 4074 823 4145 χρόνου,
856 4078 952 4130 καὶ
996 4075 1217 4129 ἀτονίαν
1262 4074 1365 4145 τῆς
1412 4074 1553 4143 ἐμῆς
1589 4073 1899 4143 δυνάμεως.

320 4167 546 4234 Λοιπὸν,
580 4168 785 4240 Κύριε,
826 4169 931 4233 ἓως
975 4169 1107 4222 πότε
1137 4168 1197 4221 οὐ
1233 4167 1576 4237 συμπαθεῖς;
1621 4166 1727 4231 ἕως
1772 4167 1905 4220 πότε

321 4260 426 4313 οὐκ
470 4261 736 4325 ἐκδικεῖς
779 4261 883 4325 ἕως
935 4261 1067 4314 πότε
1114 4262 1399 4331 παρορᾷς;
1450 4259 1561 4322 ἐως
1608 4259 1742 4312 πότε
1796 4276 1899 4329 μα-

323 4353 662 4424 κροθυμεῖς;
693 4354 799 4419 ἕως
843 4356 974 4410 πότε
1007 4358 1068 4409 οὺ
1126 4354 1443 4422 παιδεύεις;
1472 4353 1580 4417 ἕως
1630 4354 1760 4407 πότε
1807 4354 1906 4407 οὐκ

325 4446 677 4514 ἐπιϐλέπεις;
726 4446 832 4511 ἐως
873 4447 1002 4500 πότε
1030 4448 1091 4501 οὐ
1125 4446 1297 4519 ρύσῃς
1338 4448 1401 4500 El
1430 4446 1540 4517 γὰρ
1571 4445 1728 4515 κάγὼ
1757 4446 1907 4510 ἄξιός

329 4540 447 4610 εἰμι
510 4541 693 4612 πάσης
759 4541 1241 4611 ἐγκαταλείψεως,
1287 4540 1423 4594 ἀλλὰ
1494 4539 1568 4610 τῷ
1620 4539 1760 4593 ἐλέει
1815 4556 1908 4591 σου
1946 4573 1990 4628 D

330 4632 595 4702 τεύξομαι
643 4633 741 4701 τῆς
798 4634 1070 4701 ἀφέσεως.
1160 4632 1225 4686 Ἦ
1278 4632 1387 4702 γὰρ
1439 4629 1506 4702 σὴ
1570 4629 1910 4702 παρόρασις,

333 4723 547 4791 γίνεται
596 4724 729 4793 ἡμῖν
782 4724 1153 4787 κατάπτωσις.
1196 4722 1383 4777 Ταῦτα
1432 4722 1529 4777 καὶ
1570 4721 1639 4775 τά
1684 4719 1909 4774 τοιαῦτα

334 4814 477 4885 πρὸς
526 4812 659 4867 Θεὸν
688 4814 717 4866 ὁ
744 4815 1032 4887 προφήτης
1060 4813 1122 4880 ἐξ
1149 4814 1388 4885 ἀθυμίας
1406 4853 1421 4878 ,
1454 4810 1791 4883 φθέγξασθαι
1821 4810 1912 4864 λο-

1990 1966 2164 2020 nitum
2200 1975 2444 2032 tempus,
2495 1974 2691 2029 meque
2723 1957 2937 2013 consilii
2974 1956 3213 2025 inopem.
3256 1951 3427 2005 Video
3480 1966 3571 2004 ra-

1992 2058 2199 2113 tionum
2255 2055 2571 2123 praefectum
2618 2050 3051 2121 praetendentem
3104 2046 3237 2101 mihi
3287 2045 3570 2113 chirogra-

1989 2152 2155 2219 phum
2183 2148 2251 2214 ",
2288 2162 2353 2201 ac
2394 2145 2688 2200 frementes
2723 2142 2946 2197 lictores
2980 2136 3116 2211 (16).
3162 2134 3334 2191 Video
3368 2135 3569 2190 multos

1989 2249 2355 2305 accusatores,
2381 2237 2585 2293 nullum
2616 2244 2794 2289 autem
2818 2234 3156 2288 defensorem
3187 2248 3201 2286 :
3234 2247 3253 2281 ι
3293 2229 3357 2283 Et
3384 2228 3571 2282 anima

1992 2349 2108 2388 mea
2144 2334 2355 2387 turbata
2393 2338 2478 2385 est
2505 2328 2684 2382 valde.
2720 2344 2738 2378 ι
2775 2323 3146 2381 Contremisco
3179 2337 3243 2377 ac
3282 2336 3400 2376 sum
3450 2331 3571 2374 tur-

1990 2426 2176 2489 batus,
2211 2439 2310 2479 nec
2352 2421 2582 2490 expedio
2636 2419 2767 2488 quid
2818 2432 2995 2486 agant.
3041 2413 3270 2469 Vivendi
3329 2414 3570 2482 spatium

1992 2518 2206 2589 petam?
2255 2518 2326 2571 At
2354 2528 2545 2570 vereor
2576 2526 2643 2566 ne
2676 2510 2803 2579 quid
2835 2521 3049 2563 rursum
3101 2508 3170 2560 ad
3219 2513 3570 2573 peccatorum

1991 2610 2265 2666 cumulum
2306 2607 2581 2677 adjiciam,
2617 2619 2679 2658 ac
2711 2604 3013 2670 imparatus
3048 2599 3239 2653 abeam
3270 2612 3291 2652 :
3322 2611 3430 2665 quo
3470 2610 3572 2649 au-

1991 2710 2098 2756 tem
2132 2700 2278 2755 vultu
2308 2706 2681 2768 aspectatnrus
2710 2695 2810 2748 sim
2852 2692 3097 2747 Judicem
3125 2730 3139 2755 ,
3170 2691 3363 2759 ignoro
3392 2725 3408 2750 ,
3438 2700 3568 2741 cum

1993 2809 2081 2849 res
2104 2808 2252 2847 meas
2279 2792 2331 2845 in
2350 2789 2612 2845 extremis
2633 2785 2954 2842 constitutas
2976 2783 3209 2836 videam.
3229 2779 3344 2832 Non
3378 2776 3576 2831 desinit

1994 2886 2259 2956 malignus
2292 2883 2554 2938 molestus
2585 2895 2744 2946 esse;
2799 2893 2903 2932 non
2949 2883 3170 2929 cessant
3205 2872 3390 2925 hostes
3433 2866 3576 2923 hello

1994 2979 2292 3047 impetere;
2344 2974 2486 3029 nulla
2536 2972 2723 3042 requie
2774 2969 3092 3025 intestinum
3144 2964 3330 3020 carnis
3376 2960 3577 3016 bellum

1994 3069 2275 3139 perturbat
2311 3084 2328 3135 ;
2378 3066 2519 3121 nihil
2551 3064 2707 3118 malae
2736 3061 3094 3133 cogitationes
3127 3056 3544 3127 conquiescunt.

2078 3261 2097 3295 ι
2133 3242 2238 3296 Sed
2263 3250 2344 3305 tu,
2374 3234 2955 3305 Domine,usqueqno?
2981 3252 2999 3286 ι
3027 3232 3295 3299 Quidnam
3314 3228 3580 3299 praplneta

2004 3335 2245 3390 indicare
2272 3334 2434 3387 vellet
2466 3346 2570 3385 non
2596 3330 2900 3399 expressit;
2929 3341 3116 3381 verum
3153 3338 3275 3379 cum
3307 3336 3372 3376 ex
3403 3319 3582 3375 maxi-

2006 3441 2093 3480 mo
2126 3426 2218 3479 illo
2244 3439 2479 3479 mmrore
2518 3439 2625 3492 quo
2658 3421 2966 3486 tenebatur,
3009 3432 3073 3473 ac
3114 3416 3424 3478 afﬂictione,
3456 3414 3582 3466 hor-

2007 3517 2231 3573 rendum
2263 3516 2391 3584 quid
2441 3529 2505 3569 ac
2550 3514 2725 3568 audax
2770 3510 3033 3565 voluisset
3074 3507 3187 3562 Deo
3232 3507 3437 3569 dicere,
3495 3519 3585 3558 se-

2014 3610 2189 3677 ipsum
2223 3605 2502 3667 cohibuit,
2538 3618 2638 3659 nec
2681 3617 2849 3657 ausus
2895 3609 2979 3655 est
3014 3598 3292 3669 proferre;
3334 3598 3427 3652 sed
3454 3597 3529 3650 ait
3564 3612 3581 3651 :

2015 3717 2034 3751 ι
2056 3698 2159 3753 Sed
2179 3707 2256 3763 tu,
2282 3697 2526 3758 Domine,
2552 3691 2870 3763 usquequo?
2890 3709 2908 3742 ι
2935 3690 3096 3754 Ecce,
3121 3689 3315 3757 inquit,
3336 3687 3583 3752 Domine,

2008 3800 2064 3847 tu
2112 3790 2251 3845 nosti
2293 3797 2354 3844 ut
2394 3789 2504 3844 sint
2544 3802 2661 3842 mea
2716 3784 2899 3839 omnia
2928 3822 2943 3845 ,
2989 3781 3283 3846 laboribus,
3328 3780 3587 3833 arumnis

2010 3897 2076 3937 ac
2109 3881 2345 3937 miseriis
2373 3879 2551 3949 plena.
2584 3877 2724 3931 Ecce
2753 3884 2808 3928 tu
2838 3873 2987 3927 vides
3015 3886 3177 3939 quam
3221 3870 3350 3923 mihi
3382 3870 3587 3926 instent

2014 3973 2349 4040 adversarii;
2378 3972 2531 4026 vides
2561 3969 2746 4026 carnis
2774 3964 3085 4021 incendium
3113 3977 3176 4017 ac
3205 3961 3587 4027 rebellionem,

2013 4068 2281 4124 latronum
2313 4080 2530 4135 quoque
2582 4063 2816 4127 bellum;
2852 4058 3004 4113 vides
3054 4071 3140 4112 me
3188 4068 3398 4125 tempus
3449 4057 3587 4110 deii—

2014 4176 2157 4228 cere,
2193 4175 2256 4215 ac
2292 4174 2443 4213 meas
2488 4155 2759 4211 debilitari
2799 4152 2964 4205 vires.
3004 4149 3123 4204 Jam
3158 4164 3308 4219 ergo,
3336 4148 3586 4212 Domine,

2013 4267 2296 4324 usquequo
2330 4266 2434 4304 non
2466 4249 2595 4304 mihi
2630 4247 2943 4301 misereris?
2977 4257 3257 4313 usquequo
3288 4254 3390 4294 non
3449 4239 3588 4293 ulci-

2017 4346 2231 4403 sceris?
2258 4358 2541 4414 usquequo
2566 4341 2832 4411 negligis?
2861 4352 3143 4409 usquequo
3184 4332 3476 4389 tolerabis?
3502 4347 3591 4386 ns-

2017 4454 2232 4511 quequo
2261 4453 2368 4493 non
2389 4435 2661 4504 corripis?
2684 4447 2966 4504 usquequo
2998 4445 3103 4484 non
3134 4425 3370 4495 aspicis?
3396 4440 3592 4492 usque-

2018 4546 2125 4601 quo
2158 4545 2261 4584 non
2312 4527 2603 4583 liberabis?
2650 4524 2892 4578 Tametsi
2944 4521 3089 4576 enim
3136 4516 3351 4587 penitus
3411 4512 3592 4568 deseri

2021 4638 2253 4687 mereor,
2282 4632 2372 4676 tua
2400 4629 2576 4675 tamen
2610 4613 2981 4671 misericordia
3016 4609 3228 4665 veniam
3260 4618 3589 4673 consequar.

2018 4715 2170 4782 Quod
2209 4722 2265 4768 tu
2300 4712 2443 4766 enim
2487 4709 2755 4777 despicias
2803 4704 3187 4773 negligasque,
3220 4698 3389 4752 ruinae
3438 4696 3594 4750 nobis

2018 4809 2236 4867 occasio
2272 4807 2350 4859 fit.
2384 4803 2509 4859 Haec
2552 4803 2678 4868 ille,
2720 4815 2784 4855 ac
2814 4800 2880 4854 iis
2909 4797 3105 4852 similia
3128 4838 3141 4862 ,
3178 4808 3246 4850 ex
3290 4790 3455 4846 animi
3503 4788 3598 4844 illo

412 4972 461 5005 ²⁰
485 4971 675 5029 Matth.
702 4986 827 5037 xm,
853 4969 943 5027 50.
1019 4972 1063 5003 ’ί
1094 4968 1228 5026 Luc.
1265 4984 1346 5037 ιιι,
1374 4970 1428 5025 9.
1506 4970 1553 5000 ’⁸
1574 4967 1766 5023 Matth.
1802 4981 1947 5031 xxiv,
1980 4965 2071 5020 45.
2146 4963 2195 4997 ³³
2232 4961 2422 5017 Matth.
2451 4977 2505 5019 v.
2529 4958 2624 5014 25.

1847 5100 2076 5159 NOTAE.

416 5224 527 5295 (15)
562 5223 637 5280 Ac
674 5239 756 5278 me
781 5219 1607 5295 investigantem,rpwpaca_vra.
1648 5217 1775 5272 Levi
1810 5217 1913 5270 hac

341 5292 668 5359 mutatione,
698 5302 912 5349 constat
937 5292 1174 5361 optimus
1201 5292 1474 5346 Anastasii
1501 5304 1727 5361 sensus;
1750 5303 1910 5361 quem

346 5365 554 5419 nullum
582 5356 879 5432 congruum
913 5356 1199 5419 exhibebat
1222 5376 1324 5416 vox
1352 5360 1714 5432 _<pupaeavra.
1754 5356 1910 5432 Nam,

349 5435 567 5499 amabo,
623 5426 757 5503 quid.
800 5433 1089 5496 creditori,
1116 5446 1239 5503 eum
1282 5426 1603 5503 subactione
1630 5429 1799 5503 instar
1829 5426 1913 5503 Γει-

348 5505 513 5567 rinae,
554 5496 710 5576 quod
750 5498 868 5576 eam
897 5517 1085 5576 vocem
1135 5501 1400 5576 interpres
1456 5498 1668 5576 reddit?
1716 5496 1919 5576 Quaerit

348 5587 498 5631 certe
523 5569 612 5631 ille
639 5574 921 5638 accedens,
955 5587 1019 5627 ac
1052 5572 1459 5639 deprehendere
1488 5570 1678 5624 nititur
1707 5569 1917 5621 debito-

350 5660 492 5710 rem,
526 5663 555 5699 a
591 5660 703 5716 quo
748 5644 1067 5699 solationem
1112 5640 1328 5711 exigat;
1365 5655 1469 5695 non
1493 5639 1715 5716 farina:
1759 5639 1930 5716 instar

351 5707 485 5769 eum
522 5707 811 5786 subigere,
849 5729 943 5786 seu
988 5728 1052 5786 ex
1082 5726 1148 5767 eo
1196 5707 1428 5786 massam
1488 5708 1705 5786 facere;
1767 5707 1927 5775 idque

358 5777 676 5852 praesertim.
719 5782 1105 5856 πληρωθείσης
1136 5779 1502 5856 προθεσμίας·
1559 5777 1767 5856 impleto
1822 5790 1928 5856 ter-

358 5798 662 5852 praesertim
719 5798 1105 5856 πληρωθείσης
1136 5798 1341 5852 προυεσ
1391 5798 1502 5843 ιας·
1559 5798 1767 5844 ιηιριειο
1823 5798 1928 5829 ter-

358 5858 529 5925 mino,
550 5871 611 5912 ac
643 5856 732 5912 ubi
762 5855 980 5910 advenit
1009 5855 1302 5910 constituta
1335 5798 1453 5907 dies
1483 5864 1587 5919 qua
1612 5846 1928 5903 solvendum

2016 5216 2106 5277 sit,
2140 5228 2204 5267 ac
2236 5213 2377 5265 ultra
2408 5225 2567 5279 qnam
2624 5225 2729 5263 non
2773 5208 2842 5263 sit
2872 5204 3268 5279 prorogandum
3303 5200 3538 5279 debitum
3573 5216 3592 5255 :

2017 5272 2161 5354 quod
2209 5272 2718 5354 statiin'snbditur,
2777 5272 2886 5354 nec
2935 5272 3114 5354 minus
3166 5276 3432 5354 interpres
3452 5272 3591 5354 nde-

2018 5341 2240 5425 pravat,
2290 5352 2520 5406 reddens
2565 5351 2658 5415 τὸ,
2706 5341 3068 5420 προθεσμίαν,
3100 5345 3420 5400 vaticinium.
3448 5341 3597 5397 Con-

2020 5441 2183 5480 ἐπιδ.

2091 5494 2202 5565 (16)
2232 5491 2545 5565 Frememes
2582 5491 2811 5565 lictores.
2836 5486 3090 5565 ’Δημίους
3134 5483 3457 5565 βρύχοντειςἶ
3502 5480 3599 5539 δία

2018 5551 2281 5633 θιὨέεὶο
2318 5564 2561 5616 restituta
2596 5562 2772 5633 littera
2802 5551 2948 5613 clara
2976 5567 3083 5619 est,
3114 5551 3201 5610 tibi
3234 5551 3329 5623 pro
3362 5551 3592 5633 βρόχον-

2018 5653 2154 5698 τας,
2195 5624 2283 5688 Est
2332 5633 2528 5702 πικρὸν
2557 5630 2961 5702 ἐμϐλέποντας·
3022 5638 3079 5680 ut
3131 5624 3596 5702 essetnre-tinemla

2018 5692 2119 5759 vnit
2141 5692 2616 5772 ⁷δεσμίους·ἰι1ἱιιεί·
2649 5692 2976 5772 reddendum
3014 5712 3074 5752 ac
3104 5695 3337 5772 reddidit
3369 5692 3606 5772 interpra

2021 5758 2328 5840 vinculadue
2375 5758 2676 5826 atridentia.
2706 5768 2916 5840 Verum
2945 5776 3163 5840 praestet
3204 5764 3451 5815 omittere
3485 5758 3600 5829 ple-

2023 5858 2189 5914 raque
2225 5836 2350 5899 talia
2381 5842 2666 5897 emendata
2699 5855 2761 5894 ac
2793 5839 3063 5895 restituta.
3095 5836 3383 5890 COMBEHS.
