4080 6528
528 314 658 379 1091

1727 322 1788 382 S.
1828 321 2230 384 ANASTASII
2254 326 2581 388 SINAITJE

3655 338 3786 400 1092

524 443 761 486 mterore
788 427 855 485 ad
886 427 1055 485 Deum
1091 431 1874 503 proloquicogitaus,seipsum
1912 436 2103 490 nihilo-

2210 440 2510 510 γισάμενος
2529 481 2543 505 ,
2572 438 2806 511 ἐπέσχεν
2833 441 3048 505 ἑαυτὸν,
3074 442 3161 495 ἵνα
3188 442 3263 514 μὴ
3290 442 3605 515 μαχόμενος
3634 445 3783 500 ἐνθεν

524 522 704 577 minus
731 520 997 585 cohibuit,
1029 537 1097 577 ne
1142 538 1206 577 ea
1258 524 1440 589 fando,
1471 525 1524 579 in
1554 524 1720 580 Deum
1745 542 1988 597 pugnare
2021 528 2104 582 vi-

524 614 750 669 deretur
784 633 798 670 :
838 614 1223 685 deincepsque,
1253 616 1321 685 ab
1356 616 1438 669 his
1469 618 1649 686 potius
1694 618 1762 673 ad
1792 621 2103 689 supplican-

523 705 651 761 dum
687 704 797 762 Deo
822 704 1076 760 transfert
1101 705 1364 770 animum,
1397 706 1581 776 aitque
1619 724 1633 761 :

600 816 621 849 ι
660 797 952 863 Converte,
984 797 1246 864 Domine;
1279 800 1430 868 eripe
1466 799 1703 853 animam
1730 814 1902 855 meam
1949 820 1963 856 :
1992 801 2105 857 sal-

527 904 650 946 vum
683 905 769 944 me
794 889 880 944 fac
903 899 1125 959 propter
1156 891 1585 947 misericordiam
1618 902 1785 948 tuam.
1808 912 1826 945 »
1852 892 1941 949 Sic
1972 909 2107 963 quo-

525 994 653 1050 que,
678 982 731 1034 in
757 980 1129 1050 superioribus
1168 982 1469 1050 propheta,
1509 981 1667 1049 juxta
1715 983 1964 1052 proprias
1996 985 2105 1037 Do-

525 1072 657 1128 mini
692 1071 952 1136 rationes,
982 1086 1289 1127 sermonem
1318 1072 1595 1129 instruens
1615 1114 1631 1141 ,
1665 1073 1877 1129 dicebat
1905 1092 1919 1129 :
1950 1093 1971 1127 ι
2006 1074 2107 1129 Mi-

523 1181 708 1221 serere
735 1166 860 1232 mei,
890 1166 1143 1234 Domine;
1169 1181 1301 1222 sana
1329 1181 1433 1222 me.
1466 1186 1486 1219 ι
1519 1166 1657 1222 Tum
1684 1182 1812 1223 vero
1832 1169 2108 1225 subnectit

526 1259 656 1312 illud
693 1277 706 1313 :
748 1277 767 1310 ι
809 1257 1098 1326 Converte,
1135 1269 1413 1324 converte,
1455 1276 1475 1310 ι
1530 1267 1590 1313 ut
1627 1271 1850 1330 pastor;
1900 1270 1960 1315 ut
2005 1261 2107 1316 vias

524 1353 655 1418 dux,
692 1372 709 1404 ι
729 1353 876 1422 eripe
896 1372 914 1404 ι
944 1362 999 1405 ιιι
1029 1362 1241 1423 potens,
1267 1371 1286 1405 ‹
1310 1353 1518 1409 salvum
1543 1370 1629 1410 me
1655 1353 1739 1409 fac
1761 1365 1982 1426 propter
2004 1357 2108 1410 mi-

526 1445 881 1500 sericordiam
906 1453 1074 1499 luam.
1105 1464 1123 1497 ο
1150 1445 1270 1499 Non
1304 1456 1525 1515 propter
1546 1460 1710 1517 opera
1739 1461 1880 1513 mea,
1907 1448 2106 1518 quippe

527 1539 669 1593 mala
702 1546 865 1607 sunt,
898 1556 1000 1593 non
1037 1550 1255 1610 propter
1301 1556 1450 1595 meos
1480 1557 1781 1607 sermones,
1823 1558 1946 1597 nam
1981 1559 2108 1605 sunt

524 1632 649 1686 vani
681 1650 694 1686 :
722 1633 815 1688 sed
856 1652 875 1684 ‹
914 1631 1134 1687 Salvum
1173 1648 1256 1687 me
1281 1632 1367 1689 fac
1412 1644 1637 1705 propter
1670 1640 2104 1699 misericordiam

528 1734 696 1781 tuam.
741 1745 760 1778 ι
796 1725 852 1781 Si
882 1727 963 1781 vis
994 1741 1204 1781 mecum
1229 1724 1433 1793 judicio
1463 1729 1813 1797 contendere,
1855 1736 2103 1801 Domine,

526 1835 626 1889 e80
650 1823 763 1892 ipse
782 1826 1064 1881 advorsum
1094 1844 1178 1883 me
1200 1832 1515 1899 pronuntio,
1539 1849 1602 1889 ac
1625 1848 1710 1889 me
1736 1849 1886 1889 reum
1914 1831 2107 1887 mortis

525 1916 790 1971 conﬁteor
820 1934 883 1975 ac
910 1936 1163 1990 agnosco.
1216 1926 1296 1978 Ad
1331 1934 1475 1980 tuam
1505 1926 1762 1998 confugio
1796 1926 2107 1981 misericor-

526 2010 691 2067 diam.
724 2011 867 2067 Nihil
898 2018 1132 2085 suppetit
1183 2019 1327 2087 quod
1360 2020 1454 2075 tibi
1484 2019 1730 2076 oll‘eram.
1764 2020 1959 2088 Quaero
1991 2035 2020 2072 a
2056 2029 2106 2073 te

524 2102 991 2171 misericordiam,
1043 2123 1110 2163 ne
1164 2110 1282 2176 ejus
1328 2127 1358 2165 a
1408 2129 1494 2168 me
1545 2117 1790 2183 requiras
1840 2113 2100 2183 pretium.

523 2194 693 2250 Nemo
720 2197 864 2251 enim
895 2214 1133 2269 unquam
1157 2202 1556 2274 eleemosyuam
1587 2220 1797 2259 vannum
1829 2205 2099 2274 exposuit.

523 2285 885 2359 Quapmpter,
917 2308 935 2341 ι
968 2292 1187 2347 Salvum
1213 2310 1299 2350 me
1321 2295 1404 2350 fac
1427 2309 1649 2367 prapter
1675 2298 2102 2353 misericordiam

523 2387 689 2433 tuam.
730 2398 749 2432 ι
782 2379 1071 2449 Memento,
1115 2384 1361 2453 Domine,
1395 2390 1681 2443 verborum
1715 2400 1952 2455 tuorum,
1985 2404 2103 2457 quae

522 2470 577 2524 in
612 2471 785 2526 sacris
820 2472 1119 2544 Scripturis
1153 2479 1468 2544 prolocutus
1506 2493 1586 2536 es.
1632 2480 1902 2535 Memento
1924 2519 1940 2543 ,
1993 2480 2102 2535 Do-

522 2562 690 2628 mine,
714 2565 855 2632 quod
879 2582 897 2615 ι
930 2581 1084 2621 mens
1109 2569 1345 2624 hominis
1378 2570 1672 2641 diligenter
1698 2572 1857 2627 malis
1883 2572 2103 2628 insistat

521 2670 553 2709 a
578 2655 865 2727 juventute
898 2674 994 2713 sua
1017 2658 1083 2713 “.
1124 2679 1143 2712 ι
1185 2660 1454 2717 Memento
1478 2702 1494 2725 ,
1534 2661 1763 2718 Domine
1785 2704 1801 2729 ,
1830 2666 1973 2734 quod
2015 2665 2102 2718 lu-

526 2761 637 2804 tum
668 2764 754 2804 me
802 2750 978 2804 rufum
1015 2767 1080 2805 ac
1122 2754 1402 2821 sanguinei
1451 2755 1649 2811 coloris
1684 2756 1928 2811 ﬁnxeris.
1974 2754 2103 2810 Me—

524 2851 705 2897 mento
748 2844 890 2911 quod
926 2843 1090 2898 homo
1140 2848 1365 2900 vanitati
1410 2848 1746 2903 assimilatas
1780 2850 1853 2902 sit
1882 2849 1947 2903 ".
1993 2847 2104 2903 Me-

525 2944 706 2990 mento
755 2934 873 2989 fore
916 2946 976 2989 ut
1034 2951 1140 2991 non
1174 2936 1502 3006 iustiﬁcetur
1552 2941 1605 2995 in
1658 2950 1953 3010 conspectu
2011 2951 2103 2996 tuo

522 3026 703 3080 omnis
752 3026 940 3083 vivens
961 3026 1028 3081 “.
1081 3028 1349 3085 Memento
1385 3030 1500 3086 fore
1544 3043 1637 3094 ut,
1688 3032 1733 3087 si
1786 3032 2103 3101 iniquitates

522 3120 921 3183 observaveris,
948 3136 1107 3177 nemo
1128 3123 1396 3177 sustineat
1425 3125 1493 3175 ’⁷.
1520 3124 1813 3190 Memento,
1838 3126 1982 3195 quod
2009 3140 2102 3180 ne—
2133 3151 2176 3210 ο

526 3224 616 3265 mo
649 3212 882 3266 mundus
932 3227 961 3265 a
996 3214 1178 3280 sorde,
1225 3230 1292 3269 ne
1331 3214 1376 3271 si
1421 3231 1563 3271 unus
1610 3216 1728 3272 dies
1773 3216 1938 3272 fuerit
1984 3217 2105 3287 ejus

525 3303 637 3358 vita
670 3304 737 3360 “.
770 3304 1042 3361 Memento
1097 3308 1245 3377 quod
1291 3308 1344 3361 in
1382 3308 1765 3377 iniquitatibus
1803 3318 2103 3380 conceptus

524 3398 648 3462 sim,
676 3407 730 3451 et
773 3396 827 3451 in
872 3398 1110 3467 peccatis
1154 3401 1469 3469 conceperit
1515 3416 1604 3456 me
1660 3411 1837 3456 mater
1890 3416 2009 3456 mea
2035 3403 2103 3455 ’9.

526 3488 795 3545 Memento
841 3491 983 3559 quod
1030 3506 1097 3546 ne
1140 3491 1315 3561 ipsum
1357 3492 1576 3561 quidem
1607 3492 1801 3549 malum
1848 3493 2103 3549 mundum

524 3582 598 3637 sit
634 3596 818 3635 coram
876 3592 949 3645 te,
1006 3598 1105 3639 nec
1149 3584 1255 3654 ipsi
1295 3584 1609 3655 angelorum
1659 3586 1939 3642 exercitus
1986 3586 2105 3643 sine

524 3672 703 3741 culpa,
755 3674 1023 3742 siquidem
1060 3689 1248 3729 eorum
1300 3675 1465 3744 aliqui
1518 3692 1549 3730 e
1597 3676 1737 3732 coelo
1786 3675 2107 3731 ceciderunt

524 3775 746 3834 propter
788 3776 1068 3835 peccatum
1110 3781 1293 3821 suum.
1339 3768 1660 3837 Eapropter,
1702 3787 1723 3821 ι
1772 3770 1981 3826 salvum
2019 3784 2104 3824 me

526 3858 613 3913 lac
645 3867 866 3929 prapter
914 3859 1347 3914 misericordiam
1401 3870 1588 3928 tuam;
1647 3880 1665 3913 ι
1703 3876 1809 3929 me,
1857 3863 2103 3932 inquam,

526 3949 707 4017 plane,
751 3950 841 4018 qui
875 3950 1240 4005 necessariam
1278 3950 1503 4005 habeam
1548 3953 2003 4010 misericordiam.
2045 3955 2101 4010 Si

524 4056 623 4111 pro
662 4042 857 4097 merito
904 4043 1132 4097 salutem
1177 4044 1497 4110 contuleris,
1548 4045 1750 4100 nullam
1801 4061 1891 4101 res
1942 4046 2106 4102 habet

526 4132 964 4188 admirationem.
1001 4132 1056 4188 Si
1100 4134 1232 4204 justi
1280 4135 1535 4203 misertus
1585 4136 1773 4201 lueris,
1817 4138 1950 4192 nihil
2002 4139 2105 4194 hoc

526 4242 721 4280 novum
753 4246 767 4281 :
802 4228 1002 4296 quippe
1033 4243 1155 4282 cum
1187 4228 1453 4299 ejusmodi
1487 4229 1861 4285 misericordia
1906 4231 2101 4299 dignus

524 4320 614 4373 sit.
648 4318 703 4373 Si
736 4320 967 4389 denique
992 4322 1189 4375 bonum
1220 4336 1283 4376 ac
1313 4323 1541 4391 probum
1572 4323 1745 4377 virum
1778 4323 1946 4394 gloria
1973 4324 2106 4379 affe-

525 4414 702 4476 ceris,
758 4412 893 4466 nihil
950 4414 1053 4467 hoc
1108 4428 1359 4482 magnum
1427 4415 1725 4469 videatur:
1778 4417 1851 4469 ita
1902 4418 2103 4488 quippe

2208 535 2373 603 φανῇ⁸
2408 533 2505 586 καὶ
2554 533 2745 586 λοιπὸν
2796 534 2909 587 ἀπὸ
2941 533 3147 587 τούτων
3175 535 3255 598 εἰς
3304 535 3522 588 ἱκεσίαν
3585 536 3785 606 μᾶλλον

2205 624 2345 695 πρὸς
2371 623 2505 677 Θεὸν
2537 622 2838 695 μεταφέρει
2866 624 2957 678 τὸν
2984 623 3266 693 λογισμὸν,
3300 625 3395 678 καί
3424 641 3595 696 φησιν
3628 640 3643 655 ’

2284 819 2304 853 ι
2353 800 2737 872 Ἐπίστρεψον,
2797 799 3004 871 Κύριε,
3054 800 3217 873 ῥῦσαι
3272 801 3372 871 τὴν
3419 801 3603 872 ψυχήν
3661 818 3785 872 μουο

2210 894 2385 948 σῶσόν
2414 911 2481 965 με
2507 892 2693 947 ἕνεκεν
2715 891 2810 946 τοῦ
2834 893 3019 957 ἐλέους
3042 910 3158 947 σου.
3194 913 3213 947 ι
3244 894 3403 949 Κατὰ
3425 894 3498 947 τὰ
3526 892 3790 965 ἰδιώματα

2207 987 2302 1040 τοῦ
2333 987 2627 1053 Δεσπότου,
2652 984 2796 1041 οὕτω
2818 987 2914 1040 καὶ
2942 988 2971 1040 ό
3005 987 3302 1058 Προφήτης
3328 988 3591 1058 ἀνωτέρω
3622 1004 3790 1058 προσ-

2210 1080 2381 1149 άγων,
2426 1074 2581 1133 εἶπεν
2605 1094 2621 1111 ο
2660 1098 2680 1131 ι
2738 1078 2990 1149 Ἐλέησόν
3036 1097 3138 1150 με,
3172 1078 3381 1149 Κύριε,
3448 1078 3602 1132 ἴασαι
3637 1095 3726 1147 με.
3766 1097 3785 1130 s

2211 1171 2345 1229 Εἶτα
2382 1175 2578 1243 ἐπάγει
2622 1173 2834 1237 τούτοις
2876 1174 2968 1227 τό·
3030 1192 3049 1225 ι
3098 1172 3483 1244 Ἐπίστρεψον,
3528 1173 3789 1244 ἐπίστρε-

2208 1266 2331 1337 ψον,
2370 1285 2388 1317 ι
2417 1266 2493 1329 ὡς
2537 1264 2764 1336 ποιμὴν,
2792 1264 2867 1328 ώς
2893 1264 3088 1334 όδηγδς
3110 1282 3128 1315 t
3165 1264 3328 1334 ῥῦσαι
3350 1305 3364 1328 ,
3400 1282 3418 1316 ι
3450 1263 3527 1326 ὡς
3563 1263 3791 1326 δυνατὸς

2216 1376 2234 1409 ι
2267 1356 2441 1410 σῶσόν
2475 1372 2543 1427 με
2574 1356 2762 1409 ἕνεκεν
2794 1354 2889 1409 τοῦ
2916 1354 3101 1418 ὲλέους
3123 1372 3239 1410 σου.
3278 1374 3297 1407 ι
3327 1355 3440 1424 Οὐχ
3468 1354 3657 1407 ἕνεκεν
3684 1355 3793 1407 τῶν

2211 1450 2389 1522 ἔργων
2426 1467 2550 1520 μου,
2587 1446 2803 1519 πονηρὰ
2838 1448 2946 1519 γάρ
2981 1449 3120 1501 εἰσιν
3144 1464 3158 1479 ο
3193 1448 3293 1518 οὐχ
3340 1447 3531 1500 ἕνεκεν
3563 1445 3671 1499 τῶν
3708 1445 3795 1498 λό-

2212 1562 2325 1615 γων
2360 1560 2484 1613 μου,
2517 1542 2737 1614 μάταιοι
2761 1540 2870 1610 γάρ
2894 1542 3055 1593 εἰσινο
3088 1539 3223 1593 ἀλλά
3254 1560 3271 1591 ι
3303 1539 3484 1593 Σῶσόν
3512 1553 3579 1609 με
3606 1538 3792 1591 ἕνεκεν

2212 1633 2307 1689 τοῦ
2350 1633 2534 1696 ὲλέους
2584 1649 2699 1687 σου.
2735 1650 2753 1683 ι
2790 1632 2853 1685 Ei
2894 1629 3208 1684 δεδικάσθαι
3258 1629 3443 1699 βούλει
3490 1628 3630 1698 πρός
3686 1644 3789 1696 με,

2214 1729 2479 1789 Δέσποτα,
2519 1724 2631 1794 ἐγὼ
2664 1720 2789 1779 κατ’
2828 1722 3069 1794 ἐμαυτοῦ
3100 1720 3318 1791 ἐκφέρω
3359 1719 3460 1791 τὴν
3492 1719 3792 1789 ἁπόιρασυν,

2146 1792 2183 1847 Β
2214 1823 2307 1875 καὶ
2350 1792 2599 1891 ὁμολογῶ
2643 1819 2725 1872 ὅτι
2772 1792 2920 1880 ἄξιος
2954 1814 3187 1868 θανάτου
3222 1811 3355 1881 ἐγώ.
3402 1813 3498 1875 Εἰς
3546 1811 3607 1864 τὸ
3647 1810 3795 1875 ἔλεός

2213 1933 2311 1969 σου
2338 1914 2690 1983 καταφεύγω.
2724 1911 2892 1966 Οὐδὲν
2922 1910 3029 1979 ἔχω
3054 1908 3428 1981 προσαγαγεῖν
3459 1923 3565 1961 σοι.
3604 1906 3796 1974 Ἐλεη-

2217 2010 2454 2079 μοσύνην
2501 2005 2649 2074 ζητῶ
2697 2004 2848 2075 παρὰ
2895 2002 3012 2056 σοῦ·
3061 2002 3138 2072 μὴ
3172 1999 3417 2071 ζητήσῃς
3456 1998 3557 2067 τὴν
3592 1996 3797 2067 ταύτης

2211 2101 2398 2172 τιμήν.
2451 2100 2638 2164 Οὐδεὶς
2681 2098 2790 2168 γάρ
2843 2113 2975 2149 ποτε
3029 2093 3407 2165 ἐλεημοσύνην
3448 2089 3794 2159 πιπράσκει,

2211 2196 2349 2249 ἀλλὰ
2399 2193 2571 2264 δῶρον
2617 2191 2870 2262 παρέχει.
2919 2188 3039 2253 Διὸ,
3080 2204 3100 2239 t
3130 2185 3313 2239 Σῶσόν
3360 2201 3426 2255 με
3468 2183 3659 2235 ἕνεκεν
3701 2180 3796 2233 τοῦ

2212 2287 2393 2351 ἐλέους
2426 2304 2541 2339 σου.
2583 2304 2601 2337 ι
2650 2283 2939 2355 Μνήσθητι
2982 2281 3092 2335 τῶν
3123 2279 3300 2348 λόγων
3344 2296 3437 2331 σου
3480 2269 3556 2331 ὧν
3590 2278 3648 2330 ὲν
3678 2279 3798 2339 ταῖς

2211 2382 2396 2449 ἁγίαις
2446 2381 2690 2450 Γραφαῖς
2735 2378 2986 2447 εἴρηκας.
3024 2360 3346 2445 Μνήσθητι,
3393 2371 3680 2438 Δέσποτα,
3710 2372 3797 2425 δτι

2217 2494 2236 2526 ι
2273 2472 2548 2543 ἐπιμελῶς
2576 2471 2820 2538 ἔγκειται
2852 2470 2886 2539 ἡ
2912 2467 3122 2522 διάνοια
3151 2466 3249 2519 τοῦ
3277 2464 3572 2534 ἀνθρώπου
3607 2465 3703 2517 ἐπὶ
3726 2464 3797 2516 τὰ

2210 2566 2423 2637 πονηρὰ
2460 2566 2524 2618 ὲκ
2553 2563 2803 2634 νεότητος
2847 2559 3037 2615 αὐτοῦ.
3074 2578 3092 2610 ι
3130 2557 3421 2629 Μνήσθητι
3446 2596 3461 2619 ,
3506 2556 3791 2619 Δέσποτα,

2208 2661 2291 2714 ὅτι
2321 2659 2493 2731 πηλόν
2532 2674 2600 2728 με
2631 2655 2871 2718 ἔπλασας
2899 2652 3080 2723 πυρὰν
3109 2651 3126 2689 τ
3160 2649 3256 2704 καὶ
3294 2648 3605 2721 αἱματώδη.
3635 2650 3795 2719 Μνή-

2211 2750 2369 2820 σθητι
2401 2750 2483 2802 ὅτι
2544 2745 2831 2817 ἄνθρωπος
2894 2742 3218 2813 ματαιότητι
3275 2738 3535 2810 ὡμοιώθη
3573 2778 3587 2791 .
3638 2739 3797 2808 Μνήο

2210 2845 2372 2914 σθητι
2396 2844 2478 2897 ὅτι
2515 2842 2579 2895 οὐ
2621 2839 3047 2909 δικαιωθήσεται
3103 2834 3339 2888 ἐνώπιόν
3378 2850 3473 2887 σου
3512 2834 3621 2896 πᾶς
3660 2831 3794 2896 ζῶν.

2208 2936 2495 3006 Μνήσθητι
2550 2934 2633 2987 ὅτι
2677 2932 2773 2985 ἐὰν
2818 2930 3047 3000 ἀνομίας
3112 2928 3543 2999 παρατηρήσῃς,
3619 2925 3797 2988 οὐδεὶς

2210 3026 2598 3095 ὑποστήσεται.
2630 3019 2919 3092 Μνήσθητι
2950 3019 3033 3071 ὅτι
3066 3017 3243 3079 οὐδεὶς
3274 3015 3517 3085 καθαρὸς
3548 3014 3658 3066 ἀπὸ
3694 3012 3793 3085 ῥύ-

2210 3137 2336 3182 που,
2370 3118 2478 3172 ούδ’
2502 3118 2569 3171 ἂν
2597 3116 2695 3187 μία
2718 3116 2903 3186 ήμέρα
2929 3115 2961 3183 ή
2989 3111 3102 3181 ζωὴ
3134 3108 3301 3163 αὐτοῦ
3338 3111 3478 3161 ἐστι.
3505 3105 3794 3175 Μνήσθητι

2207 3215 2290 3269 ὅτι
2322 3215 2379 3266 ὲν
2404 3211 2661 3282 ἀνομίαις
2690 3206 3055 3278 συνελήφθην,
3087 3205 3183 3257 καὶ
3210 3205 3269 3256 ὲν
3300 3200 3600 3272 ἁμαρτίαις
3630 3198 3793 3251 ὲκύσ·

2209 3306 2342 3378 σησέ
2374 3323 2441 3377 με
2486 3307 2520 3375 ή
2562 3304 2746 3374 μήτηρ
2775 3318 2900 3372 μου.
2942 3297 3232 3370 Μνήοθητι
3265 3297 3347 3349 ὅτι
3394 3294 3518 3347 οὐδὲ
3557 3292 3719 3355 αὐτὸς
3760 3292 3793 3344 ὁ

2207 3398 2435 3471 οὐρανὸς
2478 3396 2721 3465 καθαρὸς
2762 3392 2997 3447 ἐνώπιόν
3031 3409 3127 3445 σου
3149 3432 3164 3454 ,
3198 3389 3318 3442 οὐδὲ
3358 3387 3502 3440 αὐτὰ
3524 3385 3593 3439 τὰ
3623 3402 3790 3455 στρα⁸

2205 3492 2452 3562 τεύματα
2483 3489 2594 3543 τῶν
2628 3487 2877 3556 ἀγγέλων
2911 3485 3179 3556 ἄμεμπτα
3208 3481 3440 3536 ἐνώπιόν
3488 3478 3583 3532 σού
3630 3479 3787 3541 εἰσιν,

2207 3585 2261 3639 εί
2292 3603 2355 3654 γε
2386 3586 2479 3638 καὶ
2512 3584 2573 3649 ἐξ
2600 3580 2834 3654 ούρανοῦ
2862 3580 3058 3634 ἔπεσόν
3089 3594 3234 3639 τινες
3266 3576 3353 3629 διὰ
3382 3576 3482 3643 τὴν
3512 3571 3790 3643 ἁμαρτίαν

2206 3678 2409 3734 αὐτῶν.
2442 3678 2533 3731 Διὸ
2560 3695 2579 3729 ι
2604 3676 2777 3729 σῶσόν
2810 3692 2877 3745 με
2906 3674 3097 3727 ἕνεκεν
3125 3670 3220 3724 τοῦ
3252 3669 3438 3731 ἐλέους
3471 3684 3589 3729 σου,
3630 3684 3647 3717 ι
3689 3663 3788 3733 ἐμὲ

2206 3771 2301 3825 τοῦ
2332 3770 2516 3833 ἐλέους
2539 3770 2813 3839 δεόμενον.
2863 3767 2989 3821 Ἐὰν
3016 3766 3106 3819 τὸν
3135 3762 3286 3829 ἄξιον
3314 3759 3613 3831 διασώσῃς,
3638 3758 3787 3811 οὐδὲν

2207 3864 2540 3935 θαυμαστόν.
2581 3863 2707 3915 Ἐὰν
2732 3861 2824 3915 τὸν
2850 3859 3062 3914 δίκαιον
3102 3858 3334 3928 ἐλεήσῃς
3356 3896 3369 3917 ,
3402 3853 3558 3906 οὐδὲν
3598 3851 3771 3917 ξένον,

2207 3958 2356 4025 ἄξιος
2396 3956 2507 4027 γάρ
2554 3957 2690 4008 ἐστι.
2745 3953 2854 4007 Καὶ
2895 3951 2991 4005 ἐὰν
3035 3950 3129 4002 τὸν
3177 3946 3468 4001 σπουδαῖον
3520 3944 3785 4014 δοξάσης.

2206 4050 2360 4103 οὐδὲν
2392 4047 2555 4118 μέγα·
2590 4045 2801 4100 δίκαιον
2838 4044 2947 4114 γὰρ
2978 4042 3141 4096 τοῦτό
3172 4042 3341 4093 ἐστιν.
3395 4036 3563 4089 Ἀλλὰ
3593 4034 3786 4104 μᾶλλον

2206 4144 2287 4203 εἰς
2315 4140 2417 4209 ἐμὲ
2445 4139 2838 4208 θαυμάστωσον
2863 4138 2931 4190 τὰ
2955 4135 3082 4205 ὲλέη
3126 4151 3242 4196 σου,
3276 4132 3364 4184 ἵνα
3394 4132 3453 4182 ὲν
3480 4128 3607 4198 ἐμοὶ
3634 4125 3786 4189 δοξα-

2208 4235 2309 4304 σθῇ
2346 4234 2379 4304 ή
2432 4231 2817 4303 φιλανθρωπία
2854 4246 2969 4282 σου.
3015 4227 3170 4279 Ἐπεὶ
3213 4225 3306 4277 καὶ
3339 4222 3525 4293 ἰατρὸς
3572 4219 3789 4287 δόκιμος

2206 4325 2327 4379 τότε
2351 4325 2656 4378 ἐπαινεῖται
2685 4322 2781 4375 καὶ
2804 4320 3169 4390 θαυμάζεται.
3202 4317 3293 4369 ὅτε
3319 4315 3510 4375 νόσους
3539 4309 3787 4369 ἀνιάτους

2210 4418 2305 4470 καὶ
2333 4414 2757 4485 ἀπηλπισμένας
2795 4412 2962 4464 ἰᾶται.
2996 4408 3107 4461 Καὶ
3141 4406 3395 4477 βασιλεὺς
3428 4400 3637 4470 ἀγαθὸς
3672 4398 3787 4450 τότε

523 4522 738 4575 a-quum
773 4516 878 4560 est.
915 4504 1116 4560 Verum
1142 4505 1286 4560 enim
1318 4506 1370 4560 in
1404 4522 1489 4560 me
1518 4508 1700 4577 potius
1734 4508 1963 4563 mirifica
2003 4511 2103 4564 mi-

2207 4507 2490 4574 δοξάζεται
2532 4506 2628 4559 καὶ
2666 4505 3029 4574 εύφημεῖται,
3078 4500 3168 4553 ὅτε
3202 4499 3317 4560 τοῖς
3369 4494 3613 4558 ἀναξίοις
3642 4489 3786 4559 δῶρα

594 4663 642 4695 ’δ
681 4662 817 4718 Gen.
855 4677 976 4729 vttt,
999 4662 1090 4716 Ἦ.
1169 4664 1213 4694 ’³
1244 4662 1385 4718 Psal.
1407 4678 1596 4727 cum,
1619 4665 1675 4718 4.
1749 4665 1796 4696 ⁸⁵
1826 4662 1970 4719 Psal.
2001 4680 2101 4720 CXL

2207 4664 2249 4722 Ξ.
2308 4664 2353 4696 ’⁷
2385 4661 2529 4718 Psal.
2559 4675 2743 4725 cutx,
2774 4658 2827 4714 5.
2904 4657 2950 4689 ”
2972 4654 3095 4711 Joh.
3132 4671 3206 4723 tv,
3249 4654 3339 4707 l7.
3412 4652 3458 4683 ²⁹
3481 4650 3626 4707 Psal.
3658 4667 3709 4719 ι,
3736 4648 3785 4701 7.

617 4816 635 4856 ί
673 4818 819 4872 Fort.
870 4817 1047 4888 φυρὰν
1099 4833 1196 4887 pro
1225 4817 1455 4889 φύραμα
1492 4836 1505 4872 :
1538 4828 1595 4872 ut
1624 4833 1816 4874 sensus
1844 4819 1914 4875 sit
1940 4836 1956 4874 :
1992 4818 2197 4875 Fecisti
2225 4836 2306 4875 me
2330 4834 2564 4875 massam
2588 4818 2959 4887 sanguineam.
2985 4814 3121 4870 CAN.

2039 4938 2273 4996 NOTAE}.

599 5075 711 5146 (l7)
746 5074 941 5150 Lutum
989 5092 1069 5150 me
1104 5077 1375 5150 rufumct
1402 5079 1711 5150 sanguinem
1744 5077 1950 5144 feceris.
1981 5080 2100 5150 Πη-

2207 5080 2433 5133 έπλασεν
2474 5077 2506 5150 5_
2545 5078 2678 5142 Θεὸς
2711 5078 2804 5131 τὸν
2853 5075 3169 5150 ἄνθρωπον,
3204 5072 3335 5150 χούν
3360 5071 3468 5127 ἀπὸ
3510 5070 3623 5150 τῇς⁵
3650 5069 3770 5150 γῆς.

524 5142 616 5201 λόν
653 5142 720 5219 με
749 5148 959 5219 πιιρῤὸν
984 5148 1079 5200 καλ⁹
1105 5142 1388 5218 αἱματώδη
1420 5142 1681 5211 ἔπλασας.
1718 5142 1806 5203 Sic
1834 5149 1969 5216 lege,
2004 5142 2101 5218 pro

2207 5150 2266 5204 Et
2293 5151 2445 5219 ﬁnxit
2476 5148 2612 5201 Deus
2635 5150 2893 5201 hominem
2916 5190 2929 5211 ,
2956 5142 3499 5219 pulverem'de'terra,
3531 5142 3783 5195 Hebraice

527 5198 727 5290 sapa...
756 5198 928 5290 gn...
964 5198 2103 5290 auersis;namgnatus;satis;
2200 5198 2871 5281 astasﬁsﬁidazs
2899 5198 3055 5290 eam
3090 5198 3182 5290 ’m
3215 5198 3393 5274 ενπδκ
3441 5198 3581 5290 πει-ῃ,
3618 5220 3781 5290 ψη.

526 5286 695 5358 liquet
732 5286 965 5340 alienum
999 5288 1101 5343 hoc
1138 5304 1261 5343 esse
1287 5304 1315 5341 a
1350 5291 1623 5342 creatione
1652 5290 1902 5351 hominis,
1941 5286 2103 5358 quam

530 5368 719 5413 auctor
755 5360 1095 5427 perstringit,
1134 5374 1233 5411 nec
1264 5360 1555 5427 quidquam
1586 5364 1860 5414 cohaerere
1889 5371 2107 5414 antece-

530 5430 783 5485 dentibus
816 5438 906 5480 aut
940 5431 1160 5497 subseq.
1190 5428 1511 5495 Conjcctnra
1548 5430 1709 5483 etiam
1739 5445 1899 5498 quam
1934 5430 2107 5484 inter-

530 5516 657 5571 pres
718 5513 891 5571 marg.
951 5500 1246 5571 ascripsit,
1308 5500 1595 5571 admodum
1656 5499 1849 5568 frigida
1939 5510 2025 5554 est
2081 5515 2095 5551 :

537 5569 556 5622 ἆ
594 5569 1009 5637 Ὲοτιε,’ἰηουίι,
1043 5569 1246 5638 φυοὰν,
1274 5584 1371 5637 pro
1396 5569 1668 5640 (pupapa:
1690 5583 1745 5623 ut
1769 5571 1839 5624 sit
1873 5584 2099 5624 sensus:

536 5640 731 5696 Fecisti
761 5656 841 5693 me
872 5656 1105 5694 massam
1152 5638 1517 5707 sanguineam.
1557 5659 1576 5691 ι
1613 5638 1770 5695 Clare
1816 5640 2005 5694 alludit
2036 5643 2106 5695 ad

534 5716 698 5766 verba
742 5709 1037 5778 Scriptura:
1065 5709 1200 5765 Gen.
1252 5726 1306 5775 tt,
1364 5711 1593 5764 reddens
1628 5711 1771 5778 quod
1800 5710 1953 5779 juxta
1991 5721 2107 5781 ety-

536 5798 680 5836 mmn
728 5794 923 5837 sonant
953 5781 1250 5847 llebraica;
1285 5782 1373 5836 ubi
1417 5782 1561 5835 enim
1596 5782 1668 5836 illt
1717 5781 1915 5837 habent
1949 5801 1960 5835 :
1997 5780 2107 5834 Kal

2206 5290 2307 5346 Ubi
2340 5306 2442 5344 vox
2489 5290 2697 5349 ultima,
2727 5304 2752 5339 a
2788 5303 2895 5358 qua
2924 5289 3084 5341 etiam
3112 5289 3307 5350 homo,
3340 5300 3496 5358 suum
3532 5282 3659 5335 illud
3689 5298 3782 5333 uno

2205 5376 2330 5416 men
2370 5369 2641 5413 mutuatus
2673 5368 2777 5419 est,
2805 5355 3001 5427 nempe
3027 5358 3197 5427 Adam
3224 5371 3242 5409 :
3275 5355 3416 5425 quod
3450 5362 3657 5427 natura;
3690 5366 3782 5420 po-

2210 5432 2317 5485 tius
2346 5446 2409 5484 ac
2446 5429 2644 5511 speciei
2693 5429 2908 5511 videtur
2938 5422 3023 5480 'ex
3059 5422 3305 5506 praeﬁxa
3333 5423 3603 5511 emphasi,
3633 5422 3778 5502 juxta

2208 5493 2683 5570 grammaticorum
2716 5498 2981 5570 regulam,
3024 5493 3341 5570 negantium
3377 5493 3581 5570 μειξιίςί
3616 5493 3781 5544 uomi-

2209 5563 2369 5625 nibus
2399 5570 2657 5639 propriis,
2685 5563 2847 5638 qua'nt
2879 5569 2978 5621 viri
3012 5563 3289 5639 proprium
3311 5563 3557 5639 Liuiam
3603 5571 3775 5639 sonat,

2208 5655 2239 5694 a
2268 5632 2433 5695 verbo
2463 5632 2609 5699 D'm
2638 5632 2651 5695 ξ
2686 5632 2829 5713 «iqu
2857 5647 2972 5703 est,
3003 5632 3297 5713 rubescere.
3339 5634 3472 5713 Vide
3499 5632 3683 5713 .Dagn‘.
3716 5634 3778 5684 ad

2208 5726 2327 5763 eam
2361 5725 2582 5775 vocem,
2630 5720 2683 5767 et
2704 5703 3045 5763 'Thesaurum
3094 5708 3145 5761 in
3187 5722 3320 5764 voce
3368 5703 3599 5774 πυρῤός.
3638 5703 3776 5757 ροι-

2208 5796 2375 5837 ιιιηδ.
