4080 6524
275 344 419 413 1093
1435 350 1717 412 ORATIO
1755 350 1839 412 IN
1878 352 2240 414 PSALMUM
2278 354 2380 416 VI.
3422 361 3557 425 100.5

269 465 583 536 χαρίζεται.
615 461 775 528 Οἶδας
803 464 912 537 γὰρ
937 463 1036 536 τὴν
1072 462 1363 519 ἀσθένειαν
1392 466 1493 537 τῆς
1521 466 1739 534 φύσεως
1782 467 1851 529 ὡς

1966 468 2295 525 sericordias
2340 480 2460 524 tuas
2485 511 2500 535 ,
2529 479 2589 525 ut
2626 470 2877 527 laudetur
2930 472 2983 527 in
3018 486 3107 529 me
3132 472 3422 531 clementia
3466 488 3553 533 tua

268 559 490 623 πλάσας
516 574 531 590 ⁸
582 558 679 612 καὶ
742 552 893 623 οἶδας
935 558 1106 629 αὐτὴν
1144 558 1220 622 ὡς
1264 558 1627 629 ἐνδυσάμενος
1662 557 1851 629 αὐτὴν,

1971 574 2037 613 ac
2062 560 2391 631 benignitas.
2441 560 2576 616 Nam
2611 574 2665 619 et
2699 566 2963 633 probatus
3008 564 3252 621 medicus
3294 576 3421 622 tunc
3462 570 3556 623 de-

266 652 369 705 καὶ
417 650 600 715 σώσας
630 651 824 720 αὐτήν.

1968 667 2119 707 mum
2149 653 2401 710 laudatur
2440 665 2607 725 alque
2638 657 2989 713 admirationi
3019 665 3126 724 est,
3158 659 3377 727 quando
3409 660 3555 714 incu-

267 747 473 801 rabiles
503 762 567 801 ac
595 747 913 817 desperatos
954 747 1174 803 morbos
1215 757 1389 802 curat.
1425 745 1605 801 Bonus
1666 761 1883 816 quoque
1925 762 2020 803 rex
2064 757 2195 805 tunc
2242 752 2683 817 commendatur,
2729 766 2795 807 ac
2864 752 3064 809 celebri
3104 753 3334 809 habetur
3384 756 3550 822 fama,

268 855 395 895 cum
441 841 495 894 in
528 842 671 910 ipsos
709 842 875 896 etiam
920 842 1221 897 immeritos
1257 840 1544 897 munificus
1571 851 1675 896 est.
1725 841 1846 898 Scis
1877 843 2021 897 enim
2084 845 2339 900 humanae
2368 856 2578 902 naturae
2647 847 3109 915 imbecillitatem,
3136 865 3260 904 cum
3285 865 3404 905 eam
3437 859 3551 921 ipse

269 931 595 988 formaveris
626 950 641 989 :
671 934 781 989 seis
808 934 939 988 item
986 935 1129 1003 quod
1169 933 1414 988 eamdem
1448 934 1567 1004 ipse
1595 937 1977 1005 assumpseris,
2003 952 2068 993 ac
2096 938 2272 995 salute
2305 940 2617 995 donaveris.

342 1028 434 1080 Διὸ
470 1028 567 1081 καὶ
595 1027 691 1081 νῦν
721 1046 740 1078 ι
779 1028 953 1083 σῶσόν
990 1046 1058 1100 με
1093 1028 1286 1083 ἕνεκεν
1307 1029 1405 1083 τοῦ
1438 1029 1624 1093 ἐλέους
1655 1046 1774 1083 σου.
1818 1048 1837 1082 ι

268 1117 364 1189 Μὴ
396 1119 601 1191 νικήσῃ
636 1121 670 1190 ὴ
695 1118 802 1190 ἐμὴ
838 1119 1007 1173 κακία
1041 1120 1141 1191 τὴν
1172 1119 1271 1191 σὴν
1305 1118 1737 1190 εὐσπλαγχνίαν,
1772 1120 1847 1191 μὴ

268 1212 522 1283 νικήσῃή
544 1213 653 1282 ἐμὴ
673 1212 915 1283 ῥᾳθυμία
939 1211 1040 1284 τὴν
1066 1211 1394 1266 άνείκαστόν
1419 1229 1514 1265 σου
1541 1212 1735 1281 φιλανθ
1746 1230 1852 1283 ρω-

269 1303 423 1358 πίαν.
464 1323 483 1354 ι
509 1304 599 1374 Μὴ
632 1305 713 1367 εἰς
738 1304 923 1375 κρίσιν
950 1305 1111 1375 ἔλθῃς
1142 1305 1282 1375 μετὰ
1304 1304 1413 1358 τῶν
1443 1305 1647 1359 δούλων
1683 1324 1799 1360 σου.
1827 1325 1847 1359 ι

270 1396 337 1448 El
372 1396 481 1466 γὰρ
540 1397 634 1448 καὶ
694 1396 957 1466 κριθῆναι
1009 1396 1279 1467 βουληθῇς
1330 1398 1468 1468 πρὸς
1512 1400 1688 1469 ἡμᾶς,
1744 1401 1854 1453 πᾶν

270 1494 449 1562 στόμα
478 1494 822 1563 φραγήσεται
856 1492 931 1562 μὴ
960 1491 1081 1563 ἕχον
1109 1511 1161 1545 τι
1186 1493 1658 1565 ἀπολογήσασθαι.
1681 1495 1853 1567 ’Υπὲρ

270 1586 457 1637 πόσων
518 1587 625 1656 γὰρ
670 1586 975 1655 εὺργεσιῶν
1021 1586 1299 1657 δυνάμεθα
1338 1586 1851 1657 ἐξομολογήσασθαι

270 1677 339 1745 τῇ
390 1674 771 1746 ἀνεκδιηγήτῳ
811 1692 906 1727 σου
956 1676 1295 1747 ἀγαθότητις
1335 1676 1428 1748 Μή
1486 1677 1647 1741 ὄντας
1704 1679 1853 1748 ἡμᾶς

270 1766 557 1837 ἐποίησας,
615 1766 711 1817 καὶ
792 1767 1028 1834 ποιήσας
1088 1766 1438 1837 ἐπλήθυνας,
1500 1768 1844 1833 ὲσκέπασας,

2034 1033 2351 1104 Propterea,
2383 1050 2526 1090 nunc
2551 1051 2769 1107 quoque
2797 1054 2817 1088 ι
2853 1036 3063 1091 salvum
3090 1052 3175 1091 me
3201 1036 3286 1091 fac
3322 1048 3549 1106 propter

1962 1126 2392 1181 misericordiam
2424 1136 2596 1182 tuam.
2630 1148 2648 1181 ι
2690 1126 2767 1182 Ne
2794 1129 2996 1192 vincat,
3023 1143 3225 1197 qumso,
3258 1139 3404 1183 tuam
3444 1132 3543 1184 mi-

1959 1218 2313 1273 sericordiam
2344 1234 2462 1272 mea
2489 1220 2693 1273 malitia
2724 1235 2738 1281 ;
2778 1232 2845 1271 ne
2874 1232 2990 1272 inea
3045 1220 3305 1288 segnities
3335 1222 3546 1274 incom-

1959 1310 2256 1379 parabilem
2277 1320 2422 1364 tuam
2440 1311 2582 1364 illam
2601 1310 2941 1365 clementiam
2963 1320 3201 1378 superet.
3228 1329 3246 1361 ι
3275 1310 3350 1365 Ne
3371 1312 3544 1367 intres

1958 1402 2297 1471 injudicium
2337 1417 2459 1456 cum
2511 1402 2684 1457 servis
2742 1402 2849 1455 tuis
2898 1401 2966 1455 ³ο.
3005 1420 3023 1451 ι
3064 1400 3196 1454 Nam
3250 1402 3295 1457 si
3337 1401 3543 1469 judicio

1958 1493 2238 1547 nobiscum
2296 1495 2630 1549 contendere
2687 1494 2949 1561 volueris,
2994 1494 3236 1547 o‘tnnium
3282 1509 3374 1547 ora
3444 1495 3541 1550 ob-

1952 1592 2250 1647 struentur,
2286 1598 2385 1638 nec
2413 1585 2519 1638 erit
2547 1599 2654 1653 quo
2710 1599 2771 1638 se
2817 1585 2939 1653 quis
2970 1592 3216 1639 excuset.
3257 1582 3361 1649 Qui
3392 1585 3537 1638 enim

1951 1693 2052 1747 pro
2080 1677 2248 1731 tantis
2276 1678 2331 1731 in
2375 1694 2472 1732 nos
2505 1676 2787 1733 beneficiis
2822 1679 3097 1746 possimus
3127 1677 3260 1731 satis
3317 1676 3540 1732 laudare

1952 1768 2389 1838 inexplicabilem
2461 1779 2605 1824 tuam
2653 1768 3219 1825 bonitatem7Fecisti
3270 1783 3367 1821 nos
3418 1783 3539 1821 cum

268 1858 551 1928 ηὖξησας,
612 1878 629 1909 ι
667 1859 846 1911 πάντα
891 1858 1169 1925 ὑπέταξας
1220 1860 1483 1913 ὑποκάτω
1522 1860 1630 1913 τῶν
1673 1862 1851 1915 ποδῶν

1958 1876 2059 1915 non
2098 1876 2367 1927 essemus,
2408 1863 2692 1932 fastosque
2742 1878 2806 1917 ac
2856 1872 3069 1918 creatos
3129 1860 3537 1930 tnultiplicasti;

268 1948 451 2017 ἡμῶν.
490 1968 508 2000 ι
556 1943 687 2000 Εἶτα
745 1948 1124 2021 πλανηθέντας
1202 1950 1589 2021 ἐπέστρεψας,
1650 1952 1851 2006 ἀπολε-

272 2043 500 2106 σθέντας
552 2042 846 2113 ἐζήτησας,
900 2036 1097 2114 ηὗρας,
1132 2044 1461 2108 ἐϐάστασας,
1507 2045 1623 2115 ἰδίῳ
1655 2045 1851 2115 αἵματι

270 2133 649 2204 ἐξηγόρασας,
700 2134 1095 2204 γυμνωθέντας
1151 2136 1430 2201 ἐνέδυσας,
1479 2138 1851 2192 ταπεινωθένο

267 2244 369 2289 τας
398 2226 749 2290 ὲπλούτισας,
776 2226 926 2289 υἱοὺς
975 2216 1123 2296 ήμᾶς
1164 2228 1258 2280 καὶ
1293 2226 1557 2295 ἀδελφοὺς
1592 2227 1687 2280 καὶ
1717 2227 1852 2298 κλη-

272 2319 538 2389 ρονόμους
566 2318 700 2372 Θεοῦ
742 2320 837 2371 καὶ
866 2320 1352 2390 συγκληρονόμους
1382 2319 1715 2390 πεποίηκας.
1744 2319 1853 2373 Καί

270 2428 326 2463 τι
377 2410 512 2480 πρὸς
542 2410 717 2464 ταῦτα
749 2413 915 2480 ἡμεῖς
977 2410 1431 2481 ἀπολογήσασθαι
1468 2412 1566 2481 οὐχ
1598 2411 1853 2482 εὑρίσκο-

274 2520 397 2573 μεν.
430 2503 520 2556 Διὸ
553 2502 626 2574 μή
659 2524 677 2555 ι
712 2504 961 2576 εἰσέλθῃς
993 2506 1076 2567 εἰς
1122 2503 1307 2575 κρίσιν
1342 2503 1485 2574 μετὰ
1530 2502 1627 2555 τοῦ
1660 2503 1852 2557 δούλου

273 2614 391 2649 σου.
424 2596 515 2667 Μὴ
563 2596 985 2668 ἐπισταθμήσῃς
1015 2598 1135 2659 ταῖς
1190 2596 1351 2666 ἡμῶν
1404 2595 1710 2666 ἁμαρτίαις
1752 2597 1854 2665 τὴν

271 2687 510 2757 ἀπειλήν
529 2703 541 2716 ·
573 2687 730 2750 ἀλλά,
762 2706 780 2739 ι
824 2688 1171 2759 ἀπόστρεψον
1202 2688 1264 2740 τὸ
1295 2688 1590 2759 πρόσωπόν
1624 2705 1718 2741 σου
1744 2688 1854 2741 ἀπὸ

270 2779 382 2833 τῶν
408 2781 649 2852 ἀνομιῶν
685 2780 864 2851 ἡμῶν,
902 2799 920 2831 ι
971 2781 1066 2833 καὶ
1122 2780 1197 2851 μὴ
1235 2782 1445 2853 στήσῃς
1498 2780 1728 2844 δικαίως
1762 2781 1856 2835 τὸν

272 2870 439 2939 ζυγόν
473 2888 566 2925 σου
595 2888 609 2902 ⁸
646 2871 804 2933 ἀλλὰ,
841 2869 1214 2941 φιλάνθρωπε,
1253 2868 1418 2939 ρέψον
1459 2867 1557 2921 καὶ
1594 2886 1612 2920 ι
1668 2868 1854 2921 κλίνον

271 2966 337 3017 ἐκ
374 2964 566 3017 τούτου
626 2966 705 3029 εἰς
743 2964 921 3019 τοῦτο.
960 2983 978 3016 ι
1027 2965 1123 3017 Ἐκ
1170 2962 1263 3017 τοῦ
1292 2964 1566 3034 ἡμετέρου
1624 2964 1852 3034 φορτίου

274 3055 520 3126 βάρησον
547 3057 628 3120 εἰς
658 3056 719 3109 τὸ
757 3056 907 3118 ἔλεός
945 3073 1063 3121 σου,
1112 3056 1206 3109 καὶ
1240 3054 1439 3125 πάριδε
1491 3054 1757 3118 ἑκουσίως
1794 3054 1856 3107 τὸ

274 3144 441 3216 βάρος
471 3146 580 3199 τῶν
607 3145 891 3217 ἁμαρτιῶν
930 3146 1109 3216 ἡμῶν,
1135 3146 1231 3199 καὶ
1260 3145 1536 3217 ὑπέρϐηθι
1559 3146 1620 3199 τὸ
1647 3146 1855 3217 πλῆθος

1958 1954 2267 2023 protexisti,
2319 1955 2613 2021 adauxisti,
2654 1974 2672 2006 ι
2737 1955 2919 2008 omnia
2972 1952 3261 2021 subjecisti
3290 1952 3388 2006 sub
3447 1966 3542 2018 pe.-

1959 2044 2116 2098 dibus
2140 2043 2343 2098 nostris
2367 2044 2433 2099 ³¹.
2474 2063 2493 2095 ι
2549 2043 2680 2098 Post
2720 2044 2836 2098 hcce
2895 2044 2948 2097 in
3002 2057 3246 2097 errorem
3288 2042 3539 2095 inductos

1959 2136 2298 2202 convertisti,
2336 2136 2575 2204 perditos
2607 2135 2934 2205 quaesivisti,
2960 2134 3239 2197 invenisti,
3260 2132 3538 2201 bajulasti,

1960 2234 2057 2279 tuo
2123 2227 2293 2296 ipsius
2342 2228 2611 2295 sanguine
2677 2227 2977 2290 redemisti,
3018 2227 3249 2279 nudatos
3303 2225 3538 2287 vestisti,

1960 2326 2285 2373 extemiatos
2329 2318 2516 2373 ditasti
2570 2319 2719 2390 (18);
2753 2320 2891 2373 filios
2938 2333 3060 2381 nos,
3109 2326 3164 2371 et
3213 2318 3432 2381 fratres,
3478 2331 3543 2369 ac

1962 2411 2227 2477 haeredes,
2267 2420 2323 2466 et
2351 2413 2667 2467 enhaeredes
2706 2411 2961 2467 effecisti.
2996 2410 3135 2464 Nihil
3166 2424 3299 2464 sane
3344 2422 3543 2463 occur-

1961 2516 2044 2559 ret
2073 2505 2215 2573 quod
2248 2506 2315 2558 ad
2370 2520 2433 2559 ea
2483 2505 2936 2573 respondeamus.
2969 2502 3150 2568 Quare
3193 2515 3262 2554 ne
3304 2519 3321 2551 ι
3373 2500 3544 2552 intra-

1964 2597 2107 2651 veris
2158 2597 2209 2649 in
2270 2595 2533 2664 judicium
2577 2612 2702 2652 cum
2752 2610 2913 2651 servo
2949 2603 3074 2659 tuo;
3111 2612 3129 2643 ι
3190 2606 3364 2661 neque
3421 2598 3542 2644 tuas

1962 2689 2137 2744 minas
2163 2702 2227 2743 ex
2255 2689 2481 2743 adverso
2516 2688 2755 2758 peccatis
2786 2687 2987 2741 nostris
3012 2684 3336 2754 appenderis
3372 2704 3384 2738 :
3420 2683 3540 2745 sed,

1967 2800 1987 2833 ι
2022 2790 2209 2836 averte
2244 2780 2441 2836 faciem
2500 2790 2648 2836 tuam
2694 2780 2762 2834 ab
2806 2778 3183 2847 iniquitatibus
3227 2775 3363 2828 meis
3394 2774 3476 2839 “;
3517 2791 3537 2826 ι

1962 2889 2064 2930 nec
2091 2874 2288 2929 libram
2330 2884 2478 2929 tuam
2500 2874 2648 2944 juste
2675 2881 2904 2935 statuas,
2934 2870 3029 2925 sed
3081 2870 3166 2923 fac
3201 2882 3443 2937 vergere,
3478 2882 3545 2922 ac

1969 2985 1988 3019 ι
2035 2966 2235 3022 inclina
2262 2981 2332 3021 ex
2368 2968 2471 3020 hoc
2499 2966 2551 3020 in
2578 2965 2681 3020 hoc
2707 2964 2771 3017 ³³.
2804 2982 2821 3015 ι
2855 2963 2933 3017 Ex
2969 2967 3349 3025 nostroonere
3378 2972 3545 3027 grava

1963 3059 2021 3114 in
2050 3060 2207 3115 lance
2231 3068 2338 3114 tuae
2388 3057 2813 3117 misericordia);
2842 3066 3142 3126 sponteque
3175 3064 3263 3109 tua
3292 3059 3547 3122 peccato-

1962 3167 2083 3206 rum
2125 3159 2370 3207 nostrum
2414 3151 2626 3221 pondus
2684 3150 2914 3221 neglige,
2945 3164 3009 3204 ac
3038 3146 3299 3217 grandem
3348 3159 3541 3199 nume-

275 3238 386 3289 τῶν
410 3238 651 3308 ἀνομιῶν
684 3238 863 3308 ἡμῶν.
924 3239 1034 3292 Καὶ
1092 3237 1268 3292 σῶσον
1306 3238 1456 3307 ἡμᾶς
1509 3237 1698 3291 ἕνεκεν
1752 3238 1850 3292 τοῦ

1960 3261 2077 3299 rum
2108 3244 2459 3314 iniquitatum
2494 3253 2804 3298 nustrarmn
2840 3242 3183 3297 transcende.
3210 3238 3402 3295 Salvos
3446 3252 3545 3292 nos

274 3328 464 3391 ἐλέους
496 3331 715 3391 σου,δι’
752 3325 813 3386 οὗ
872 3332 1077 3393 πάντες
1124 3332 1171 3383 οἱ
1222 3331 1492 3394 σωθέντες
1544 3329 1855 3400 ἐσώθησαν.

271 3421 396 3474 Κᾶν
426 3419 535 3491 γὰρ
565 3420 769 3474 Μωσὲα
797 3421 957 3486 εἴπω,
1015 3420 1131 3475 ἀλλ’
1160 3422 1281 3475 οὐδὲ
1318 3422 1481 3485 αὐτὸς
1529 3423 1856 3493 ἀναμάρτη-

270 3531 385 3580 τος,
417 3514 553 3583 ὡςή
612 3513 805 3585 Γραφὴ
865 3513 1250 3585 ἐμαρτύρησε,
1313 3514 1415 3567 κᾶν
1474 3513 1708 3586 Ἀαρὼν,
1747 3515 1856 3569 κᾶν

264 3606 366 3659 ’τὸν
402 3605 566 3658 Δα6¹ιδ
614 3607 965 3678 κατανοήσω,
1025 3606 1130 3660 κᾶν
1180 3607 1345 3660 αὑτὸν
1382 3609 1594 3660 ἐκεῖνον
1647 3608 1855 3680 Πέτρον

270 3697 365 3751 τὸν
390 3700 689 3769 κορυφαῖον
721 3700 816 3752 καὶ
858 3699 1052 3770 μέγαν,
1080 3700 1201 3753 οὐδὲ
1239 3700 1405 3763 αὐτὸς
1440 3701 1853 3771 ἀναμάρτητος,

270 3791 394 3845 οὐδὲ
440 3792 751 3861 ἄμεμπτος.
786 3791 879 3845 Διὸ
925 3792 1109 3845 πίστει
1138 3791 1288 3863 ζητῶ
1338 3792 1613 3864 σωθῆναι·
1642 3795 1852 3859 πίστει,

266 3886 333 3938 οὐ
401 3884 621 3955 πράξει,
678 3886 767 3939 ῐνα
811 3884 907 3939 καὶ
964 3886 1102 3957 πρὸς
1176 3886 1279 3956 ἐμὲ
1359 3889 1388 3939 ὁ
1457 3887 1849 3958 φιλάνθρωπος

272 3981 515 4050 είπῃςί
586 3977 650 4031 Ἥ
704 3977 891 4043 πίστις
932 3997 1027 4033 σου
1077 3978 1288 4032 σέσωκέ
1342 3998 1424 4045 σε,
1476 3981 1711 4051 πορεύου
1767 3984 1849 4044 εἰς

271 4072 518 4143 εἰρήνην.
550 4089 569 4121 ι
596 4070 785 4134 Ὄσοις
814 4070 921 4141 γὰρ
941 4070 1349 4141 συνεχώρησας,
1374 4071 1644 4138 Δέσποτα,
1670 4072 1849 4126 οὐδενὶ

372 4228 393 4258 °
424 4228 567 4283 Psal.
606 4244 770 4295 cxut,
810 4231 866 4283 2.
943 4228 984 4258 ³³
1019 4228 1165 4283 Psal.
1216 4240 1268 4288 L,
1297 4228 1347 4279 7.

272 4300 317 4330 ³⁸
352 4298 389 4351 ll
432 4299 562 4369 Reg.
599 4315 659 4363 ιι,
686 4300 740 4353 4.
817 4300 861 4330 ⁸⁸
888 4300 1081 4355 Matth.
1124 4313 1273 4364 xxvi,
1317 4296 1405 4353 70.

1444 4226 1488 4258 "
1522 4227 1680 4293 ibid.,
1708 4229 1794 4284 H.

1961 3336 2046 3391 fac
2089 3346 2310 3407 propter
2352 3336 2785 3390 misericordiam
2838 3347 3006 3398 tuam,
3040 3349 3135 3400 per
3178 3347 3339 3402 quam
3396 3330 3545 3385 saluo

1961 3439 2068 3486 tem
2096 3431 2372 3486 consecuti
2407 3439 2535 3485 sunt
2582 3439 2847 3499 quotquot
2892 3428 3027 3483 salvi
3057 3427 3231 3481 fuere.
3263 3424 3396 3478 Nam
3429 3424 3545 3478 sive

1960 3522 2143 3579 Mosen
2176 3524 2387 3588 dixero,
2422 3538 2531 3578 non
2562 3533 2648 3578 est
2686 3523 2890 3592 absque
2929 3529 3176 3590 peccato,
3203 3518 3356 3589 juxta
3399 3516 3546 3587 quod

1961 3616 2245 3685 Scriptura
2292 3616 2445 3670 testis
2469 3626 2553 3671 est
2578 3616 2658 3681 ⁸’⁶;
2698 3617 2813 3670 sive
2848 3614 3103 3668 Davidem
3133 3610 3542 3680 cogitavere”;

1962 3709 2077 3763 sive
2104 3723 2357 3779 magnum
2387 3708 2561 3777 ipsum
2592 3706 2813 3762 Petrum
2863 3704 3146 3774 apostolici
3179 3712 3355 3759 cmtus
3388 3703 3544 3774 prin-

1961 3800 2133 3869 cipem
2170 3801 2237 3863 ³⁸,
2270 3815 2337 3854 ne
2370 3800 2457 3855 hic
2485 3800 2700 3869 quidem
2732 3798 2989 3852 immunis
3020 3808 3104 3851 est
3139 3813 3166 3849 a
3201 3804 3449 3864 peccato,
3481 3807 3546 3847 ac

1960 3900 2118 3945 vacat
2158 3893 2407 3947 crimine.
2448 3892 2656 3945 Idcirco
2703 3906 2801 3960 per
2851 3891 3009 3943 fidem
3046 3888 3231 3942 salvus
3279 3887 3395 3940 fieri
3450 3899 3545 3939 cu-

1957 3982 2046 4052 pio
2079 3981 2191 4052 (19)
2214 4001 2226 4048 ;
2248 3997 2343 4052 per
2368 3983 2553 4049 fidem,
2590 3984 2833 4052 inquam,
2864 3996 2969 4036 non
2994 3996 3058 4034 ex
3103 3994 3223 4032 meo
3262 3992 3460 4045 opere;
3489 3987 3548 4031 ut.

1955 4083 2010 4130 et
2040 4089 2141 4143 ego
2168 4090 2195 4127 a
2224 4083 2311 4129 tua
2340 4075 2625 4131 clementia
2652 4076 2870 4129 audiam
2905 4092 2920 4131 :
2958 4094 2977 4127 ι
3019 4074 3182 4129 Fides
3212 4082 3303 4127 tua
3336 4082 3387 4125 te
3422 4072 3537 4125 sal-

1900 4228 1946 4262 ³³
1971 4229 2113 4286 Psal.
2169 4246 2355 4299 Lutv,
2385 4230 2439 4287 9.
2518 4229 2566 4263 ³³
2605 4230 2768 4285 Νιιιιι.
2793 4244 2885 4296 xx,
2924 4227 3027 4296 12;
3065 4227 3239 4284 Exod.
3283 4243 3456 4292 xxxn,
3484 4226 3540 4281 ‘2.

1800 4436 2035 4496 NOTAE.

345 4596 458 4666 (l8)
519 4595 845 4651 Extenuatos
890 4598 1091 4652 ditasti.
1153 4595 1605 4660 Ταπεινωθέντας
1649 4596 1844 4650 ἐπλού-

1958 4599 2201 4655 conferre
2234 4617 2247 4654 :
2280 4614 2344 4653 ac
2379 4613 2477 4654 nec
2531 4599 2658 4665 alia,
2695 4614 2760 4653 ac
2813 4598 3095 4666 sequentia
3143 4593 3546 4666 fidem_c0ufe-

270 4684 453 4730 τισας.
499 4666 764 4721 Videntur
803 4670 918 4722 haec
963 4684 1072 4723 non
1118 4670 1192 4723 ita
1228 4668 1506 4738 opposita;
1559 4668 1845 4736 potiusque

273 4739 619 4794 scribendum
650 4748 826 4801 esset,
860 4738 1151 4806 ἀνύψωσας
1171 4756 1184 4770 ·
1222 4741 1491 4805 depressa:
1532 4754 1593 4791 ac
1621 4738 1847 4791 humiles

272 4810 590 4863 sublimasti.
620 4807 807 4862 Putem
833 4808 1036 4878 aliquid
1066 4809 1386 4875 desiderari,
1416 4816 1474 4862 nt
1498 4808 1552 4862 in
1579 4806 1849 4876 ejusmodi

274 4880 478 4949 passim
506 4878 663 4949 solet.
696 4879 985 4934 COMBEFIS.

378 4948 461 5015 19)
499 4948 602 5003 Per
634 4950 788 5018 ﬁdem
837 4950 1040 5003 salvum

276 5019 752 5090 awOﬁvatt.Altera
784 5035 856 5090 ac
892 5020 1041 5090 Regii
1075 5022 1196 5075 cod.
1229 5019 1435 5072 editio:
1474 5020 1661 5072 Πίστει
1713 5019 1849 5089 μόνῃ

272 5090 433 5157 κάγὼ
457 5089 697 5159 σωθῆναι
721 5089 889 5159 ζητῶ.
917 5089 1020 5144 Per
1041 5090 1207 5144 solam
1226 5090 1381 5158 ﬁdem
1404 5089 1627 5143 salutem
1648 5106 1850 5159 quwro.

274 5161 488 5226 Quibus
514 5161 695 5214 verbis
726 5161 857 5214 nihil
900 5161 1222 5215 Anastasius
1265 5161 1549 5213 catholicae
1586 5159 1855 5215 doctrina:

275 5230 623 5285 necessitatis
671 5246 896 5300 cperum
938 5231 1290 5295 adversatur;
1327 5230 1421 5283 sed
1467 5245 1651 5283 veram
1690 5246 1852 5300 unam

277 5300 473 5355 salutis
515 5299 751 5355 radicem
786 5301 1060 5369 assignat;
1117 5302 1275 5354 fidem
1312 5300 1457 5353 illam
1489 5314 1586 5366 per
1614 5299 1855 5354 charita-

276 5380 387 5425 tem
418 5371 845 5442 ἐνεργουμένην,
866 5372 1018 5438 juxta
1052 5371 1305 5434 Paulum;
1338 5370 1390 5423 in
1413 5385 1517 5442 qua
1548 5371 1748 5442 virtute
1774 5370 1857 5423 in-

276 5442 389 5496 sint
416 5440 607 5510 Opera,
632 5440 705 5495 uti
744 5442 953 5497 fructus
982 5443 1034 5495 iu
1059 5442 1241 5496 radice
1274 5457 1287 5493 :
1318 5448 1376 5494 ut
1406 5440 1538 5494 fides
1572 5440 1635 5493 iis
1661 5454 1855 5493 carens

275 5526 380 5581 pro
408 5512 539 5581 loco
563 5528 633 5581 ac
659 5522 924 5581 tempore,
964 5512 1096 5567 fides
1140 5523 1351 5565 mortua
1379 5511 1473 5574 sit,
1504 5526 1608 5565 nou
1641 5511 1758 5563 viva
1790 5524 1854 5564 ac

275 5580 585 5636 viviﬁcaris.
614 5580 790 5649 Opera
825 5592 1001 5637 autem
1033 5598 1136 5636 non
1162 5596 1228 5636 ex
1258 5595 1318 5634 ea
1362 5581 1485 5643 fide,
1518 5595 1680 5650 Opera
1725 5588 1852 5634 sunt

276 5665 387 5705 non
418 5661 637 5719 accepta
666 5652 796 5717 Deo,
821 5668 884 5709 ac
924 5669 1049 5707 vere
1075 5653 1211 5706 sicut
1249 5666 1457 5719 pannus
1498 5660 1849 5705 menstruam:

277 5737 461 5793 coram
512 5724 673 5792 ipso:
708 5738 771 5778 ac
801 5724 847 5776 si
896 5724 1009 5785 vis.
1043 5731 1291 5793 peccata,
1329 5720 1503 5789 ampla
1553 5721 1690 5793 satis
1732 5720 1848 5785 ejus

282 5792 431 5849 vocis
457 5790 875 5865 significatione,
901 5808 1021 5865 qua:
1044 5790 1286 5863 proinde
1316 5802 1586 5859 nequeant
1616 5790 1842 5847 salutem

1088 4949 1206 5018 ﬁeri
1257 4948 1429 5016 cupio.
1476 4947 1664 5001 Πίστει
1700 4948 1850 5017 ζητῶ

1950 4680 2097 4733 runt,
2131 4672 2233 4723 nisi
2259 4670 2374 4739 ejus
2398 4670 2445 4723 vi
2482 4688 2493 4724 :
2526 4671 2613 4723 cui
2640 4664 3189 4739 proinde,'Anastasii
3223 4681 3286 4719 ac
3319 4664 3543 4739 Patrum

1949 4741 2155 4808 phrasi,
2196 4736 2307 4795 tota
2363 4742 2476 4809 ipsa
2532 4736 2682 4793 salus
2714 4740 2860 4793 velut
2913 4739 3208 4809 intrinsece
3243 4751 3306 4809 ac
3343 4736 3545 4789 forma-

1950 4812 2096 4875 liter,
2143 4822 2201 4865 ut
2247 4807 2472 4874 vocant,
2527 4826 2591 4865 ac
2622 4826 2719 4879 per
2751 4825 2809 4863 se
2858 4810 3065 4877 primo,
3122 4807 3284 4879 tribui
3324 4814 3541 4879 potest:

1948 4898 2261 4951 quanquam
2304 4896 2485 4936 nostra
2519 4875 2763 4951 tem-pura
2805 4875 3189 4951 haereticorum
3227 4877 3404 4951 abusu
3439 4875 3540 4951 ali-_

1991 4946 2132 5006 uam'
2161 4953 2381 5021 exigant
2431 4946 2762 5006 cautionem.
2820 4952 3023 5005 Eodem
3061 4949 3203 5021 stylu
3238 4962 3299 5021 ac
3354 4946 3539 5021 ph_rasi

2006 5015 2273 5091 regorius‘
2296 5020 2605 5091 Tlteolojgis
2658 5022 2709 5091 in
2772 5021 3066 5091 Athanasio
3090 5015 3131 5091 ,⁷
3159 5018 3259 5091 viri
3291 5015 3541 5091 perfecti

1957 5085 2133 5147 idea-nt
2166 5093 2218 5145 in
2262 5091 2489 5145 scientia
2514 5088 2837 5153 Trinitatis,
2878 5107 2891 5143 ι
2944 5089 3122 5152 Fidei,
3142 5089 3350 5151 definit,
3394 5085 3538 5139 nulla

1954 5177 2179 5231 operum
2244 5164 2551 5231 intentione,
2610 5161 2660 5231 in
2720 5174 2826 5228 quo
2882 5175 3069 5214 sanam
3117 5161 3232 5231 ejus
3269 5172 3334 5210 ac
3373 5156 3537 5231 altam

1954 5226 2194 5285 trientem
2230 5231 2290 5286 l).
2333 5230 2601 5284 Maximus
2639 5226 2773 5283 fusis
2823 5231 3111 5285 admodum
3146 5226 3540 5295 disputationi-

1953 5301 2054 5356 bus
2084 5313 2326 5356 enarrat.
2381 5302 2574 5356 Totqu
2627 5301 2754 5353 illud
2788 5300 2901 5367 ejus
2936 5301 2988 5353 in
3036 5299 3364 5369 Gregorium
3401 5309 3537 5369 opus

1951 5388 2017 5426 ex
2055 5374 2187 5441 Reg.
2219 5374 2406 5426 codice
2443 5373 2613 5425 multo
2647 5366 2876 5441 pridem,
2916 5369 3009 5425 sed
3038 5366 3319 5441 ingratiori
3354 5366 3538 5419 labore

1950 5439 2160 5496 Latine'
2203 5443 2430 5508 reddidi,
2470 5439 2776 5510 novamque
2826 5440 3041 5495 Maximi
3093 5439 3386 5494 editionem
3436 5450 3535 5503 pa-

1964 5512 2105 5585 ranti
2158 5528 2222 5566 ex
2273 5513 2400 5565 cleri
2455 5515 2678 5585 ordine,
2739 5513 2953 5569 tradidi.
2998 5511 3319 5585 Adjeceram
3357 5515 3534 5585 notas.

1961 5583 2158 5649 quibus
2188 5585 2424 5637 maxime
2471 5582 2749 5637 llehraica:
2796 5599 2954 5638 voces
3000 5582 3421 5639 illustrarentur,
3459 5582 3534 5649 ,ιιι

1958 5644 2159 5721 quibus
2191 5654 2281 5707 ille
2326 5668 2517 5708 sensus
2570 5654 2830 5722 mystieos
2865 5653 3076 5718 fundat,
3110 5667 3173 5707 ac
3201 5644 3539 5716 contempla-

1960 5726 2154 5793 tiones,
2186 5738 2323 5794 quas
2354 5734 2529 5781 vocat.
2563 5726 2854 5781 COIBEFIS.
