4080 6596
487 390 625 457 1095

1692 391 1754 453 S.
1774 391 2175 455 ANASTASII
2218 384 2548 452 SINAIT/E

3625 370 3782 436 1096

478 523 607 564 vqu
637 508 798 576 fecit;
825 511 958 567 vade
988 509 1041 566 in
1072 524 1202 579 pace
1220 509 1288 564 ³⁸³.
1313 526 1332 560 ι
1373 507 1584 563 Nemini
1613 510 1758 563 enim
1791 511 2059 572 omnium,
2096 550 2098 561 .

2201 503 2416 570 ἴρηκας,
2457 498 2540 552 Τὰ
2581 496 2722 568 ἔργα
2787 512 2882 549 σου
2931 489 3210 548 σεσώκασί
3253 511 3345 559 σε,
3385 488 3628 570 πορεύου
3688 486 3782 545 -ις

482 601 682 670 quibus
705 601 919 656 veniam
962 601 1181 664 dedisti,
1211 600 1461 663 Domine,
1496 600 1688 656 dixisti
1718 617 1736 653 ι
1767 599 1942 668 Opera
1970 611 2061 654 tua

485 698 539 744 te
559 689 767 745 salvum
797 689 1076 759 fecerunt;
1102 691 1240 746 vade
1267 692 1320 743 in
1356 705 1513 761 pace.
1546 690 1680 745 Nam
1730 701 1915 747 nostra
1942 705 2064 746 om-

486 779 572 835 nis
604 780 806 847 iustitia
860 791 1116 850 tanquam
1171 797 1384 852 pannus
1428 790 1780 838 menstruam:
1828 783 1883 836 in
1933 795 2066 837 ccu-

487 883 671 941 spectu
710 884 801 927 tuo
834 874 900 927 ³⁸.
931 873 1291 940 Quamobrem
1325 875 1447 930 dico
1495 876 1690 930 iterum
1723 892 1738 930 :
1781 893 1801 927 ι
1835 875 2060 930 Salvum

489 977 576 1016 me
623 962 708 1017 fac
767 973 988 1032 propter
1040 964 1463 1018 misericordiam
1520 972 1690 1018 tuam.
1739 982 1758 1016 ι
1812 991 1886 1003 —-
1943 983 1962 1016 ι
2004 965 2068 1018 Ει

490 1052 864 1108 misericordia
904 1065 992 1108 tua
1043 1055 1409 1122 subsequatur
1446 1070 1530 1108 me
1570 1055 1824 1110 omnibus
1870 1055 2062 1110 diebus

491 1143 617 1195 vitae
659 1156 794 1195 meae
815 1143 880 1196 ”.
923 1161 942 1194 ι
989 1142 1357 1198 Misericordia
1407 1152 1495 1195 tua
1536 1143 1901 1210 subsequetur
1959 1156 2068 1207 me,

493 1231 583 1299 qui
625 1235 854 1301 turpiter
879 1234 977 1288 abs
1012 1242 1064 1288 te
1104 1234 1321 1303 aufugi;
1357 1247 1466 1297 gme
1512 1246 1728 1286 servmn
1761 1232 2070 1302 fugitivum,

494 1323 585 1392 qui
626 1339 842 1392 semper
888 1325 954 1380 ad
1003 1335 1282 1395 peccatum
1335 1339 1516 1378 curro.
1571 1322 1940 1380 Misericordia
1984 1334 2076 1379 tua

497 1415 858 1484 subsequetur
905 1431 1009 1481 me,
1031 1431 1095 1471 ac
1144 1417 1466 1486 implicabit,
1501 1430 1665 1490 atque
1715 1436 1734 1470 ι
1776 1418 1829 1471 in
1881 1418 2078 1472 chamo

501 1517 558 1561 et
623 1509 775 1562 freno
823 1509 1159 1580 constringet
1215 1525 1301 1564 me
1341 1525 1448 1565 non
1496 1515 1965 1582 approximantem
2008 1513 2077 1567 ad

503 1608 556 1654 te
597 1597 664 1654 ⁸⁸.
711 1620 730 1652 ι
759 1631 829 1642 -—
868 1620 886 1652 ι
929 1600 1008 1655 Tu
1035 1602 1178 1656 enim
1208 1601 1353 1657 Deus
1372 1619 1452 1670 es,
1481 1607 1572 1674 qui
1625 1605 1758 1662 facis
1805 1606 2072 1660 mirabilia

504 1709 696 1763 magna
728 1695 874 1750 solus
904 1692 973 1748 “.
1007 1713 1025 1746 ›
1057 1694 1396 1764 Quapropter
1421 1698 1472 1751 in
1516 1713 1602 1752 me
1623 1713 1839 1768 quoque
1876 1719 1894 1751 ι
1933 1699 2084 1753 miri-

2163 593 2391 664 εἰρήνην
2420 606 2434 620 ·
2469 591 2552 644 ὅτι
2583 591 2738 642 πᾶσα
2779 591 2813 658 ἡ
2843 586 3167 657 δικαιοσύνη
3191 585 3352 658 ἡμῶν
3387 582 3624 637 ἐνώπιόν
3643 596 3778 641 σου,

2162 685 2239 750 ὡς
2267 685 2436 756 ῥάκος
2465 681 2925 752 ἀποκαθημένης.
2956 683 3050 734 Διὸ
3099 681 3268 735 πάλιν
3294 678 3462 747 λέγον
3522 693 3545 727 ι
3582 671 3784 728 madv

2167 795 2235 850 με
2254 779 2444 832 ἕνεκεν
2473 776 2570 830 τοῦ
2605 776 2792 840 ἐλέους
2822 793 2940 831 σου.
2968 796 2985 827 ι
3008 795 3102 827 -ι
3130 775 3245 829 Καὶ
3268 775 3330 828 τὸ
3350 771 3503 835 ἔλεός
3529 787 3626 823 σου
3656 783 3780 822 κα-

2165 869 2416 937 ταδιώξει
2448 887 2515 939 με
2543 870 2731 933 πάσας
2789 869 2888 933 τὰς
2927 869 3146 940 ἡμέρας
3199 867 3304 938 τῆς
3360 865 3512 936 ζωῆς
3564 880 3697 933 μου.
3754 877 3776 910 ι

2167 958 2509 1026 Καταδιώξει
2539 977 2608 1030 με
2633 959 2695 1012 τὸ
2727 957 2876 1021 ἔλεός
2909 974 3028 1023 σου,
3086 959 3180 1010 τὴν
3238 954 3426 1014 κακῶς
3483 950 3594 1005 ἀπὸ
3645 945 3781 1010 σοῦ,

2166 1052 2546 1121 ἀποφυγόντα,
2581 1051 2674 1105 τὸν
2705 1051 3011 1122 δραπέτην,
3042 1049 3134 1103 τὸν
3155 1049 3245 1102 ἀεὶ
3278 1047 3415 1117 πρὸς
3453 1043 3554 1116 τὴν
3587 1043 3784 1111 ἁμαρο

2167 1144 2294 1198 τίαν
2330 1143 2620 1215 τρέχοντα.
2669 1141 2744 1194 Τδ
2791 1140 2942 1204 ἔλεός
2991 1157 3086 1192 σου
3140 1135 3472 1201 καταδιώξει
3530 1149 3619 1204 με,
3673 1129 3792 1183 καῖ

2172 1236 2480 1306 ὲμποδίσει,
2509 1236 2604 1290 καὶ
2629 1252 2649 1286 ι
2690 1235 2748 1287 ἐν
2771 1233 2938 1304 κημῷ
2969 1234 3063 1286 καὶ
3091 1229 3300 1302 χαλινῷ
3339 1227 3498 1298 ἀγξει
3549 1241 3619 1296 με
3678 1221 3784 1274 τὸν

2173 1327 2462 1395 ἐγγίζοντα
2489 1327 2628 1397 πρὸς
2655 1326 2736 1380 σέ.
2767 1345 2784 1376 ι
2809 1355 2878 1365 -
2907 1344 2926 1376 ‹
2964 1324 3040 1376 Σὺ
3074 1323 3185 1394 γὰρ
3207 1320 3257 1375 εί
3287 1323 3315 1374 ὁ
3341 1320 3498 1382 θεδς,
3541 1319 3572 1371 ὁ
3600 1313 3783 1369 ποιῶν

2187 1421 2468 1492 θαυμάσια
2497 1422 2678 1493 μόνος.
2709 1439 2728 1472 ι
2756 1419 2850 1474 Διδ
2887 1439 2904 1472 ι
2945 1419 3349 1490 θαυμάστωσον
3375 1413 3474 1468 καὶ
3515 1411 3605 1464 ἐπ’
3648 1408 3785 1476 ἐμοὶ

2179 1516 2250 1569 τά
2279 1517 2405 1587 ἐλέη
2431 1532 2550 1580 σου,
2589 1517 2618 1568 ὁ
2653 1513 2846 1578 σώζων
2902 1512 3030 1574 τοὺς
3081 1508 3406 1574 ἐλπίζοντας
3447 1505 3542 1559 ἐπὶ
3601 1502 3709 1555 σοί.
3753 1517 3775 1550 δ

2195 1609 2255 1664 Ὅ
2285 1609 2458 1664 ποιῶν
2488 1609 2634 1679 ὑπὲρ
2683 1607 2713 1661 ὂ
2752 1605 3049 1674 ἐλπίζομεν
3101 1603 3197 1658 καὶ
3233 1599 3422 1673 ὑπὲρό
3469 1592 3788 1665 αἰτούμεθα

2187 1702 2358 1767 ἔλεος.

505 1785 604 1840 lica
657 1785 1057 1842 misericordias
1104 1797 1244 1850 tuas,
1301 1788 1393 1857 qtti
1445 1788 1624 1844 salvos
1679 1789 1812 1844 facis
1857 1804 2140 1860 sperantes
2203 1794 2260 1848 in
2297 1804 2350 1849 te
2375 1793 2444 1846 “.
2496 1811 2516 1844 ι
2556 1792 2658 1859 Qui
2713 1789 2850 1845 faris
2912 1785 3344 1844 misericordiam
3401 1794 3565 1851 supra
3618 1789 3787 1847 quam

504 1897 804 1950 speremus.
837 1897 900 1936 ac
938 1897 1101 1952 supra
1154 1897 1316 1951 quam
1375 1892 1640 1952 petamus.

577 1977 905 2032 Accessitad
929 1987 1004 2044 te,
1024 1976 1268 2044 Domine,
1291 1978 1583 2047 aliquando
1615 1989 1735 2036 tuus
1758 1981 1847 2036 ille
1874 1981 2087 2037 debitor

2260 1976 2540 2049 Προσῆλθὲ
2573 1994 2675 2041 σοι,
2717 1975 2990 2038 Δέσποτα,
3050 1970 3182 2024 ποτὲ
3227 1965 3622 2040 χρεοφειλέτης
3684 1982 3786 2018 σου

507 2068 694 2123 decem
711 2067 935 2121 millium
957 2067 1278 2122 talentorum
1299 2068 1372 2132 ης
1389 2083 1453 2123 ac
1470 2085 1592 2123 cum
1607 2069 1750 2124 diem
1777 2074 2083 2128 condictum

508 2158 788 2228 prorogari
813 2157 1076 2212 duntaxat
1103 2156 1496 2227 aliquantisper
1547 2168 1782 2228 peteret,
1816 2171 1872 2215 tu
1907 2161 2076 2216 etiam

509 2264 609 2318 pro
643 2257 731 2303 tua
773 2248 1128 2320 benignitate,
1155 2251 1329 2320 ipsum
1377 2250 1690 2306 universum
1715 2252 1902 2308 decem
1967 2253 2089 2308 mil-

510 2341 644 2396 lium
688 2341 1012 2397 talentorum
1043 2341 1282 2397 debitum
1317 2341 1421 2411 ipsi
1448 2345 1828 2411 condonaras;
1857 2346 1957 2400 nisi
1983 2347 2090 2400 im-

511 2437 679 2504 probe
707 2444 828 2504 post
857 2435 992 2501 haec,
1019 2445 1272 2506 acceptas
1301 2435 1431 2489 olim
1465 2452 1495 2490 a
1527 2437 1695 2492 lratre
1733 2437 1961 2505 injurias
2003 2440 2090 2492 ul-

513 2529 645 2584 cisci
669 2528 949 2583 voluisset.
994 2527 1264 2584 Reversus
1289 2529 1358 2582 ad
1391 2539 1442 2585 te
1469 2530 1601 2584 olim
1638 2532 1779 2594 [ilius
1831 2533 2090 2600 prodigus

515 2620 740 2685 rogabat
762 2620 1132 2674 tantummodo
1163 2629 1221 2674 ut
1245 2631 1390 2675 esset
1414 2622 1554 2676 sicut
1581 2639 1722 2678 Imus
1771 2602 1838 2678 de
1879 2638 2092 2678 merce.

516 2709 811 2764 nariistuis
834 2707 880 2740 “
915 2727 928 2763 :
955 2719 1006 2763 at
1039 2720 1092 2761 tu
1124 2709 1276 2763 illum
1307 2723 1363 2766 et
1409 2710 1577 2765 lilium
1617 2722 1676 2768 et
1713 2713 1982 2768 haeredem
2014 2712 2090 2768 fe-

517 2800 661 2854 cisti.
696 2799 939 2872 Rogabat
973 2810 1023 2856 te
1048 2802 1188 2856 latro
1248 2816 1306 2857 ut
1344 2803 1464 2874 ejus
1506 2814 1715 2860 tantum
1753 2806 2097 2860 meminisses

518 2889 575 2944 iu
623 2906 789 2960 regno
825 2901 916 2945 tuo
948 2909 960 2945 :
991 2902 1044 2948 tu
1103 2909 1233 2949 vero
1273 2904 1444 2950 totum
1498 2895 1571 2950 illi
1634 2896 1946 2966 paradisum
2003 2897 2098 2950 do-

520 2983 659 3036 nasti
703 2983 769 3034 δδ.
802 2984 1044 3039 Accessit
1092 2985 1157 3038 ad
1205 2995 1258 3040 te
1310 2988 1564 3042 meretrix
1611 2988 1882 3058 lacrymas
1924 2988 2097 3043 solum

521 3072 823 3142 proferens,
861 3090 960 3131 nec
1005 3091 1201 3144 rogans
1238 3078 1531 3146 quidquam
1576 3079 1645 3145 “,
1674 3079 1989 3148 maioraque
2033 3080 2100 3136 iis

524 3178 645 3232 quae
675 3175 987 3234 speraverat
1014 3181 1079 3221 ac
1103 3169 1392 3234 quaesierat
1420 3169 1646 3224 invenit.
1663 3167 1837 3224 Flevit
1859 3173 2099 3238 quando-

523 3271 630 3326 que
658 3255 850 3314 Petrus
886 3268 1075 3329 petens
1103 3260 1314 3314 veniam
1341 3277 1355 3326 ;
1381 3270 1546 3328 tuque
1577 3277 1710 3318 cum.
1739 3263 1995 3318 ECrlesize
2038 3279 2104 3319 ac

2193 2071 2404 2142 μυρίων
2439 2069 2741 2134 ταλάντων,
2779 2064 3126 2137 προθεσμίαν
3158 2063 3329 2132 μόνην
3375 2059 3581 2130 μικρὰν
3611 2058 3788 2129 ἄλλην

2191 2161 2534 2232 αἰτούμενος,
2577 2160 2673 2214 καὶ
2703 2159 2777 2221 ὼς
2805 2155 3195 2227 φιλάνθρωπος
3231 2153 3448 2206 τελείαν
3496 2150 3650 2221 αὐτῷ
3678 2152 3785 2220 τὴν

2194 2254 2540 2326 συγχώρησιν
2568 2252 2812 2314 δέδωκας
2843 2250 2952 2302 τῶν
2985 2247 3200 2319 μυρίων
3239 2244 3544 2307 ταλάντων,
3591 2245 3641 2296 εί
3697 2242 3781 2313 μὴ

2195 2347 2380 2409 κακῶς
2439 2346 2578 2416 μετά
2636 2343 2811 2397 ταῦτα
2875 2341 2956 2412 τῷ
3017 2338 3232 2408 ἀδελφῷ
3287 2338 3769 2410 ἐμνησικάκησεν.

2207 2438 2544 2511 Ἐπὲστρεψέ
2575 2452 2706 2491 ποτε
2742 2435 2880 2508 πρὸς
2905 2434 2963 2488 σὲ
2994 2435 3022 2487 ὁ
3066 2435 3273 2496 ἄσωτος
3323 2430 3593 2484 δυσωπῶν
3632 2430 3786 2500 γενέ-

2198 2532 2321 2585 σθαι
2358 2532 2432 2594 ὡς
2465 2526 2546 2594 εἷς
2574 2531 2681 2583 τῶν
2726 2528 2962 2598 μισθίων
2999 2543 3113 2588 σου,
3175 2525 3240 2578 σὺ
3295 2523 3459 2578 αὑτὸν
3516 2522 3636 2576 υἱὸν
3683 2523 3783 2576 καὶ

2199 2622 2534 2694 κληρονόμον
2565 2621 2894 2690 πεποίηκας.
2933 2617 3206 2689 ᾘτήσατό
3235 2633 3292 2669 σε
3322 2615 3531 2687 λῃστὴς
3556 2616 3785 2684 μνήμην

2203 2716 2360 2786 μόνον
2393 2714 2578 2768 λαὸετν
2598 2715 2655 2767 ὲν
2686 2717 2754 2784 τῇ
2784 2712 3034 2783 βασιλείᾳ
3059 2728 3176 2773 σου,
3211 2711 3276 2762 σὺ
3298 2709 3354 2762 δὲ
3384 2708 3508 2762 ὅλον
3536 2707 3701 2760 αὐτὸν
3731 2706 3784 2745 τ’

2200 2807 2460 2877 ἐδωρήσω
2489 2807 2580 2859 τὸν
2605 2805 2950 2876 παράδεισον.
2981 2801 3268 2874 Προσῆλοέ
3293 2818 3376 2853 σοι
3408 2801 3583 2870 πόρνη
3609 2799 3781 2870 μόνον

2201 2896 2538 2965 δακρύσασα,
2587 2895 2752 2966 μηδὲν
2782 2894 3083 2965 αἰτήσασα,
3129 2893 3227 2945 καὶ
3279 2891 3475 2944 ἔλαϐεν
3518 2892 3661 2961 ὑπὲρ
3701 2883 3784 2944 ὧν

2204 2988 2403 3058 ἤλπισε
2426 2987 2520 3040 καὶ
2548 2986 2838 3057 ἐζήτησεν.
2884 2984 3184 3056 Ἐδάκρυσέ
3239 3000 3371 3037 ποτε
3428 2983 3634 3054 Πέτρος
3684 2981 3788 3052 τὴν

2207 3080 2553 3151 συγχώρησιν
2578 3079 2919 3149 αἰτούμενος,
2951 3079 3016 3132 σὺ
3059 3077 3118 3131 δὲ
3148 3075 3458 3146 κλειδοῦχον
3490 3076 3653 3129 αὑτὸν
3683 3075 3789 3143 τῆς

2219 3171 2550 3242 Ἐκκλησίας
2580 3171 2677 3225 καὶ
2722 3171 2823 3240 τῆς
2846 3169 3123 3240 βασιλείας
3162 3168 3494 3238 πεποίηκας.
3527 3165 3789 3220 Τοιοῦτον

2208 3265 2318 3337 γάρ
2349 3281 2442 3318 σου
2475 3264 2537 3317 τὸ
2564 3264 2709 3326 ἔθος,
2751 3265 2809 3316 ὲν
2835 3266 2950 3326 τοῖς
2985 3263 3176 3331 ἄκροις
3221 3259 3690 3330 ἀπεγνωσμένοις,
3727 3261 3791 3310 ὲν

525 3348 675 3418 regni
700 3348 1030 3418 clavigerum
1052 3351 1269 3406 creasti.
1295 3351 1830 3418 Sicenim,Domine,
1859 3355 2098 3410 moribus

2206 3361 2321 3421 τοῖς
2358 3357 2628 3427 μηδεμίαν
2657 3355 2852 3408 ἐλπίδα
2883 3354 3160 3425 σωτηρίας
3186 3353 3423 3423 ἔχουσιν,
3462 3353 3521 3404 ὲν
3547 3354 3661 3413 τοῖς
3706 3351 3792 3412 εἰς

524 3451 897 3510 comparatmn
926 3443 1113 3503 habes.
1143 3452 1200 3496 ut
1226 3443 1280 3497 in
1311 3444 1464 3500 valde
1497 3444 1803 3514 desperatis
1823 3485 1838 3510 ,
1879 3449 1931 3500 in
1979 3447 2103 3516 qui—

525 3529 630 3586 bus
681 3545 806 3601 spes
858 3533 1003 3587 nulla
1039 3535 1230 3590 salutis
1273 3534 1548 3606 aﬂ‘ulgeat,
1583 3537 1785 3608 quique
1827 3538 1890 3591 ad
1937 3537 2104 3592 imum

528 3619 704 3688 ipsum
751 3621 948 3677 inferni
983 3624 1299 3678 barathrum
1327 3626 1680 3693 devenerunt,
1717 3627 2019 3682 clementiae
2043 3643 2108 3684 ac

529 3710 883 3782 licuignitatis
915 3726 1018 3770 tua:
1047 3716 1472 3786 magnitudinem
1497 3720 1779 3774 ostendas.
1810 3718 2107 3789 Propterea

531 3806 738 3876 repeto.
771 3822 871 3863 nec
919 3808 1161 3864 desinam
1195 3827 1433 3880 unquam
1470 3823 1712 3881 repetere
1750 3830 1765 3865 ε
1828 3830 1848 3865 ι
1884 3815 2107 3868 Salvum

534 3912 620 3953 me
677 3897 763 3954 fac
811 3909 1032 3970 propter
1093 3902 1522 3958 misericordiam
1573 3914 1744 3972 tuam,
1786 3905 2037 3960 Domine.
2085 3924 2105 3958 ι

611 4008 630 4040 ς
669 3990 932 4057 Quoniam
956 4009 1060 4047 non
1100 4004 1183 4049 est
1211 3995 1263 4048 iu
1292 4004 1468 4050 morte
1495 3997 1584 4064 qui
1612 4013 1818 4052 memor
1855 3997 1930 4051 sit
1976 3999 2048 4052 tui
2092 4014 2108 4051 :

537 4081 589 4135 iu
629 4083 839 4138 inferno
863 4095 1044 4140 autem
1075 4087 1199 4157 quis
1223 4090 1578 4145 cantitebitur
1612 4090 1752 4145 tibi?
1794 4109 1813 4144 ι
1857 4091 2111 4160 Propter-

532 4191 596 4231 ea
623 4175 838 4242 festino,
861 4190 1147 4248 propterea
1174 4189 1368 4245 tremo,
1415 4194 1703 4253 propterea
1727 4199 1846 4238 sum
1892 4183 2108 4248 anxius,

535 4271 677 4338 quod
714 4271 880 4326 sciam
921 4281 1072 4326 certo
1123 4288 1464 4344 nequaquam
1508 4290 1593 4329 me
1629 4277 1682 4329 in
1719 4275 1940 4330 inferno
1980 4291 2113 4329 con-

536 4360 803 4418 fessurum
851 4364 980 4428 Deo,
1015 4365 1059 4418 si
1109 4364 1250 4421 forte
1286 4381 1371 4422 me
1402 4368 1526 4421 vita:
1580 4367 1704 4422 linis
1744 4368 2112 4436 occupaverit.

537 4453 651 4508 Non
683 4456 829 4509 enim
860 4467 942 4510 est
965 4457 1106 4526 apud
1144 4458 1347 4513 inferos
1373 4459 1692 4526 pceuitentia
1720 4477 1734 4525 ;
1762 4475 1867 4514 non
1923 4459 2118 4514 mortis

538 4549 864 4604 condonatio
928 4549 1039 4618 (20)
1075 4569 1088 4605 :
1127 4551 1270 4605 nulla
1299 4561 1386 4606 est
1427 4551 1482 4605 in
1533 4551 1783 4619 sepulcro
1843 4552 2119 4607 remissio.

539 4640 801 4696 Nundinae
831 4651 1214 4710 suntpraesens
1243 4643 1348 4696 vita
1395 4663 1407 4697 :
1456 4643 1654 4712 quibus
1677 4644 1845 4698 semel
1892 4645 2108 4708 solutis,

2208 3451 2372 3505 αὐτὸν
2399 3451 2492 3503 τὸν
2525 3449 2778 3518 πυθμένα
2806 3465 2900 3500 του
2951 3446 3080 3519 ᾅδου
3112 3449 3180 3518 τῇ
3223 3446 3469 3516 ἁμαρτίᾳ
3495 3444 3789 3513 φθάσασιν,

2209 3546 2290 3608 εἰς
2318 3545 2517 3608 αὐτοὺς
2565 3542 2940 3597 ἐνδείκνυσθαι
2969 3543 3032 3596 τὸ
3083 3541 3316 3612 μέγεθος
3347 3542 3446 3611 τῆς
3477 3538 3790 3610 φιλανθρωο

2211 3639 2341 3702 πίας
2394 3656 2510 3694 σου.
2552 3637 2650 3691 Διὰ
2713 3636 2872 3690 τοῦτο
2921 3637 3084 3690 πάλιν
3137 3636 3302 3704 λέγω,
3354 3633 3450 3687 καὶ
3510 3633 3688 3700 λέγων
3727 3632 3789 3684 οὗ

2212 3730 2527 3800 παύσομαι·
2587 3749 2606 3783 ι
2669 3729 2852 3782 Σῶσόν
2901 3745 2969 3798 με
3017 3727 3208 3782 ἕνεκεν
3263 3724 3359 3779 τοῦ
3417 3724 3604 3788 ἐλέους
3676 3739 3787 3788 σου,

2214 3823 2416 3896 Κύριε.
2457 3843 2476 3876 ι

2293 4021 2314 4054 r
2343 4003 2466 4054 ’Ὁτι
2489 4001 2587 4054 οὐκ
2609 4000 2756 4054 ἔστιν
2787 4003 2845 4053 ὲν
2869 4001 2947 4071 τῷ
2976 4000 3192 4070 θανάτῳ
3220 4000 3247 4052 ὁ
3276 3995 3634 4068 μνημονεύων
3665 4009 3776 4046 σον

2216 4095 2276 4148 ὲν
2296 4094 2354 4147 δὲ
2383 4093 2462 4165 τῷ
2517 4094 2620 4166 ᾄδῃ
2646 4095 2732 4158 τίς
2777 4093 3234 4163 ὲξομολογὴσεταί
3281 4109 3398 4157 σοι;
3432 4110 3450 4141 ι
3518 4090 3617 4142 Διὰ
3642 4087 3793 4139 τοῦτο

2219 4185 2457 4249 σπεύδω,
2490 4187 2576 4239 διὰ
2615 4185 2771 4239 τοῦτο
2805 4186 3019 4255 τρέμω,
3050 4185 3138 4238 διὰ
3163 4184 3328 4236 τοῦτο
3355 4181 3600 4251 ἀγωνιῶ,
3631 4177 3789 4248 γινώ-

2219 4295 2366 4330 σκων
2389 4276 2630 4346 ἀκριϐῶς
2683 4277 2765 4328 ὅτι
2817 4277 2901 4328 ἐπ’
2924 4275 2989 4329 ἂν
3038 4275 3099 4328 τὸ
3140 4275 3313 4344 πέρας
3353 4273 3452 4342 τῆς
3503 4271 3650 4338 ζωῆς
3687 4283 3781 4339 μω

2222 4367 2426 4437 φθάσῃ,
2458 4369 2516 4420 ὲν
2546 4365 2629 4436 τῷ
2654 4365 2754 4437 ᾅδῃ
2780 4363 3031 4436 οὐδαμῶς
3061 4364 3137 4434 τῷ
3163 4363 3282 4433 Θεῷ
3310 4360 3790 4431 ἐξομολογήσομαι.

2222 4461 2299 4514 Οὐ
2329 4461 2434 4531 γάρ
2467 4462 2614 4512 ἐστιν
2646 4462 2701 4511 ἐν
2724 4458 2800 4529 τῷ
2835 4458 2936 4529 ᾅδῃ
2967 4459 3254 4528 μετάνοια,
3291 4458 3391 4509 οὐκ
3413 4449 3531 4507 ἐστι
3569 4453 3794 4505 θανάτου

2226 4553 2599 4623 συγχώρησις,
2655 4553 2757 4605 οὐκ
2806 4551 2966 4604 ¹ἐστιν
3014 4551 3073 4604 ὲν
3122 4551 3200 4620 τῷ
3283 4551 3524 4619 μνήματι
3590 4547 3795 4614 ἄφεσις.

2227 4647 2546 4718 Πανήγυρις
2573 4645 2682 4716 γάρ
2707 4661 2854 4698 εστιν
2879 4646 2906 4697 ὁ
2948 4643 3067 4714 βίος
3102 4645 3130 4695 ὁ
3180 4642 3466 4712 ἡμέτερος,
3526 4639 3622 4691 καὶ
3667 4638 3800 4690 ὲπὰν

541 4747 699 4786 nemo
721 4732 828 4786 illic
849 4733 1081 4801 amplius
1101 4743 1278 4802 potest
1299 4736 1550 4790 mercari.
1575 4734 1748 4789 Stadii
1781 4748 1940 4790 cursu
1981 4750 2098 4804 pert

2225 4739 2361 4810 λυθῇ
2392 4741 2425 4810 ἡ
2461 4739 2790 4807 πανήγυρις,
2821 4735 3001 4798 οὐδεὶς
3057 4734 3242 4787 οὐκέτι
3292 4732 3408 4784 ἐκεῖ
3447 4727 3801 4798 πραγματεύο

542 4833 689 4886 acto.
722 4830 907 4879 ’nemo
958 4825 1065 4880 illic
1115 4836 1307 4892 certat,
1353 4841 1418 4882 ac
1463 4837 1780 4884 coronatur.
1826 4827 2118 4898 Postquam

543 4931 648 4969 nox
666 4915 903 4980 advenit,
929 4916 1184 4986 deinceps
1209 4932 1311 4973 nec
1349 4917 1549 4983 forum,
1582 4934 1680 4974 nec
1709 4920 1919 4978 lucrum
1954 4921 2122 4974 ullum

545 5015 786 5074 apparet.
817 5009 952 5062 Audi
986 5010 1117 5077 quid
1172 5009 1320 5064 dicat
1368 5011 1652 5082 Scriptura
1693 5012 1761 5068 de
1790 5015 1981 5082 quovis
2023 5015 2123 5069 lto—

575 5150 578 5152 Ὺ
617 5162 660 5193 ³⁷
690 5163 820 5217 Luc.
880 5179 977 5228 VII,
1024 5166 1111 5222 50.
1188 5164 1246 5199 ’δ’
1282 5165 1384 5220 lsa.
1442 5182 1586 5232 LXIV,
1639 5166 1692 5223 6.
1768 5167 1812 5201 ”
1849 5167 1987 5222 Psal.
2026 5185 2158 5232 uti,
2194 5168 2248 5223 6.

548 5249 659 5292 xu.
686 5233 738 5286 7.
814 5234 859 5267 “
890 5233 1080 5290 Matth.
1117 5252 1273 5303 xvttt,
1300 5237 1394 5294 Ἡ.
1469 5238 1516 5270 ⁸⁵
1539 5239 1673 5294 Luc.
1699 5255 1788 5304 xv,
1826 5239 1912 5294 l9.
1989 5239 2033 5270 ⁵⁵
2059 5239 2190 5295 Luc.
2226 5257 2384 5305 xxut,
2425 5241 2515 5294 42.

622 5370 670 5414 τ’
703 5373 807 5430 vel.
838 5371 1006 5445 αὐτῷ.

2229 4830 2429 4885 σασθαι
2457 4828 2702 4882 δύναται.
2756 4827 2884 4880 Ἐὰν
2938 4825 3000 4878 τὸ
3035 4824 3251 4878 στάδιον
3307 4819 3579 4890 παρέλθῃ,
3626 4817 3798 4878 οὐδεὶς

2219 4923 2336 4976 ἐκεῖ
2390 4919 2720 4988 ἀγωνίζεται
2769 4919 2866 4971 καὶ
2928 4913 3318 4984 στεφανοῦται.
3388 4910 3563 4964 Ἑπὶν
3619 4911 3653 4979 ἡ
3705 4907 3798 4970 vui

2223 5012 2531 5085 καταλάϐῃ,
2559 5009 2895 5083 ηὰγορὰκαὶ
2912 5010 2974 5061 τὸ
2997 5007 3185 5077 κέρδος
3211 5006 3270 5058 οὐ
3295 5004 3545 5074 φαίνεται
3568 5042 3584 5056 .
3615 5003 3806 5055 ’Ἄκουε

2331 5169 2370 5200 ⁸⁸
2400 5168 2543 5222 Psal.
2576 5183 2726 5226 χχιιι,
2770 5166 2824 5220 9.
2906 5164 2950 5196 ⁸¹
2978 5163 3119 5217 Psal.
3195 5178 3393 5225 cxxxv,
3432 5161 3486 5215 ι.
3592 5159 3638 5191 δ’
3665 5156 3802 5212 Psal.

2593 5238 2639 5268 ⁸⁸
2664 5235 2795 5292 Luc.
2831 5251 2932 5300 vn,
2968 5236 3056 5290 48.

1435 5443 1461 5462 ⁵
2051 5441 2288 5501 NOTAE.

623 5562 736 5632 (20)
791 5559 914 5614 Non
960 5559 1146 5632 mortis
1177 5559 1512 5632 contionario.
1573 5557 1853 5632 0Qx_€sst
1889 5559 2124 5613 θανάτου

554 5628 920 5703 συγχώρησις.
960 5628 1510 5703 Plane__tnend05u_m_
1560 5628 1835 5703 egistimo,
1874 5645 1971 5703 pro
2012 5646 2121 5698 quo

555 5696 837 5772 legend-um
863 5703 955 5768 sit,
990 5701 1090 5753 οὐκ
1134 5699 1251 5752 ἐστι
1291 5702 1350 5753 ὲν
1378 5697 1456 5772 τῷ
1488 5696 1716 5772 θανάτῳΔ
1740 5696 2122 5772 συγχώρησις·

558 5768 658 5826 non
683 5782 759 5827 est
789 5774 842 5826 in
873 5782 1036 5826 morte
1081 5772 1229 5825 venia
1256 5787 1273 5824 :
1303 5768 1442 5838 quod
1476 5768 1811 5840 respondeat
1858 5768 2010 5840 Regii
2039 5786 2127 5821 co.

559 5845 697 5899 dicis
737 5843 960 5900 editioni
1019 5857 1125 5913 qua
1173 5836 1373 5898 dicitur
1433 5839 1533 5893 οὐκ
1573 5836 1722 5891 ἔστιν
1787 5841 1905 5894 ἐκεῖ
1942 5836 2130 5896 λαϐεῖν

2232 5563 2507 5635 ἁμαρτίας
2543 5561 2912 5634 συγχώρησιν.
2940 5557 3086 5635 Fieri
3119 5577 3220 5614 non
3253 5569 3416 5635 potest
3452 5569 3527 5635 ιιιΔ
3553 5558 3803 5635 quis‘illic

2229 5631 2579 5705 consequatur
2599 5631 2797 5705 peremi
2819 5634 3256 5705 condonntionem
3274 5647 3292 5684 :
3315 5631 3364 5705 id
3382 5640 3484 5705 est,
3517 5631 3568 5684 in
3584 5631 3803 5705 ,iul'crno

2239 5719 2301 5757 ac
2324 5700 2519 5767 morte,
2547 5700 2670 5773 qum
2707 5705 2868 5757 ambo
2905 5717 3002 5768 pro
3027 5703 3215 5756 eodem
3237 5702 3470 5773 accipit:
3497 5712 3556 5755 ut
3582 5700 3806 5772 accipiat

2239 5787 2466 5831 mortem
2503 5776 2649 5832 velut
2677 5774 2728 5829 in
2762 5773 3012 5829 termino.
3052 5773 3341 5828 CillBEl-‘IS.
