4080 6528
567 331 702 395 1099

1784 332 1843 392 S.
1871 328 2271 393 ANASTA‘JII
2298 332 2626 393 SINAIT/E

3684 333 3815 400 1100

561 462 667 516 que
694 444 896 516 Spiritu
924 456 1133 503 sancto.
1174 443 1284 500 Nec
1311 458 1441 499 vero
1494 445 1708 502 mireris
1753 444 1937 517 [saepe
1994 444 2136 500 enim

2244 443 2325 509 ξις
2346 445 2473 499 ἄνευ
2491 446 2586 499 τοῦ
2625 445 2788 514 ἁγίου
2820 446 3136 518 Πνεύματος
3170 448 3369 502 δίδοταί
3399 463 3549 501 ποτε.
3602 448 3713 503 Καὶ
3743 452 3813 520 μὴ

562 540 675 609 ipsa
729 536 1066 609 baptismatis
1100 539 1253 605 hora,
1291 537 1509 592 inventa
1564 546 1645 592 est
1701 537 1753 591 in
1808 537 1965 592 nobis
1990 552 2139 592 com-

559 630 826 703 punctim]
851 630 1021 697 Quam
1054 635 1199 686 enim
1230 629 1464 701 gratiam
1512 644 1575 683 ac
1623 628 2002 684 remissionem
2053 630 2137 684 in-

562 721 736 778 fantes
760 723 809 777 in
830 723 1099 793 baptismo
1118 722 1447 793 accepimus,
1477 729 1633 775 aucta
1658 720 1710 775 in
1730 722 1964 790 peccatis
1982 730 2140 777 aetate

560 813 901 882 postmodum
940 812 1266 868 ftedavimus
1299 827 1363 866 ac
1389 810 1774 866 exstinximus.
1805 808 1999 864 Verum
2045 826 2141 880 per

562 906 852 976 lacrymas,
888 904 954 959 ad
1018 905 1185 974 ipsam
1234 918 1404 973 usque
1456 908 1789 958 senectutem
1836 916 1901 957 ac
1945 919 2139 973 supre-

560 1014 704 1050 mum
752 999 998 1066 spiritum
1031 1037 1046 1061 ,
1091 998 1334 1069 quotidie
1403 998 1665 1067 baptizari
1728 1014 2017 1069 possumus
2076 1015 2147 1054 ac

557 1089 859 1158 emundari,
885 1091 1036 1159 juxta
1058 1094 1202 1163 quod
1233 1092 1481 1149 Psalmus
1502 1096 1555 1149 in
1582 1095 1935 1165 sequentibus
1956 1095 2134 1149 habet.

555 1179 647 1236 Ait
682 1181 826 1236 cnim
860 1200 873 1236 :

634 1286 653 1320 ι
694 1270 966 1327 Turbatus
1000 1282 1085 1328 est
1120 1288 1150 1327 a
1176 1272 1361 1331 furore
1383 1277 1574 1331 oculus
1608 1292 1758 1333 meus
1789 1296 1801 1333 :
1836 1277 2135 1335 inveteravi

555 1361 699 1417 inter
728 1376 916 1419 omnes
946 1365 1199 1420 inimicos
1236 1382 1404 1421 meos.
1450 1387 1467 1419 ι
1511 1367 1624 1423 Hoc
1654 1378 1753 1432 est,
1780 1370 2137 1425 Contamina.

556 1466 644 1511 tus
696 1470 848 1522 sum;
898 1459 1147 1513 concrevi
1204 1474 1266 1515 ac
1309 1461 1571 1516 consenui
1626 1464 1679 1516 in
1734 1464 1992 1533 peccatis.
2028 1464 2142 1521 lloe

555 1547 701 1603 enim
733 1548 925 1605 volunt
956 1565 1019 1605 ea
1053 1552 1217 1607 verba
1263 1567 1278 1606 :
1333 1572 1352 1606 ι
1392 1553 1693 1609 lnveteravi
1747 1557 1888 1613 inter
1951 1572 2140 1614 omnes

556 1639 807 1697 inimicos
865 1658 1033 1697 meos.
1096 1664 1114 1696 ι
1185 1644 1322 1700 Vide
1373 1656 1592 1713 autem,
1661 1658 1780 1717 post
1831 1649 2139 1705 diuturnam

556 1732 703 1788 illam
759 1734 813 1789 in
860 1738 1099 1805 peccatis
1150 1738 1640 1806 inveterationcm,
1691 1751 1813 1814 post
1857 1744 2021 1798 vitam
2084 1744 2136 1798 in

442 1824 448 1846 ²
556 1825 701 1879 οιηηί
725 1824 1008 1895 iniquitate
1036 1830 1360 1898 traductam,
1390 1833 1523 1888 nihil
1555 1842 1734 1889 tamen
1775 1835 2043 1906 propheta
2072 1836 2138 1890 de

555 1929 618 1970 se
640 1916 944 1985 desperavit
981 1937 995 1973 :
1026 1920 1161 1975 nihil
1193 1922 1259 1976 de
1283 1923 1459 1977 divina
1513 1924 1883 1981 misericordia
1934 1925 2138 1981 difﬁsus

556 2018 661 2066 est.
706 2006 824 2065 Non
886 2025 946 2066 se
989 2012 1138 2067 dedit
1188 2013 1397 2068 inertiae
1426 2031 1439 2079 ;
1468 2017 1559 2069 sed
1609 2031 1706 2086 per
1763 2020 2138 2087 compunctio-

557 2114 681 2154 nem
716 2101 897 2157 salvus
924 2104 1099 2159 factus
1122 2114 1235 2172 est;
1261 2122 1357 2175 per
1391 2106 1659 2178 lacrymas
1690 2111 1982 2166 mundatus
2019 2122 2135 2179 est;

558 2207 656 2261 per
699 2191 1100 2250 confessionem
1136 2206 1219 2251 est
1264 2197 1618 2265 justiﬁeatus.
1661 2201 1792 2268 Qua:
1834 2203 1990 2272 plane
2021 2219 2141 2260 om-

562 2285 667 2352 nia,
698 2284 750 2340 in
796 2286 909 2357 ipsa
949 2288 1113 2343 etiam
1172 2300 1452 2348 senectute
1523 2302 1578 2347 et
1625 2305 1869 2349 extrema
1922 2296 2124 2352 canitie

560 2386 820 2447 pmstare
878 2394 1167 2448 possumus
1221 2400 1234 2436 :
1287 2382 1574 2453 lacrymari
1605 2425 1621 2450 ,
1680 2384 1837 2452 dico;
1892 2402 2137 2457 gemere,

560 2469 829 2537 confiteri,
860 2485 1038 2528 orare.
1069 2472 1265 2528 Verum
1300 2477 1423 2529 audi
1452 2477 1578 2545 quid
1619 2475 1742 2529 inde
1787 2478 1942 2534 nobis
1981 2496 2138 2538 acce-

561 2560 654 2615 dat
683 2563 971 2618 commodi.
993 2565 1126 2620 Cum
1149 2566 1293 2620 enim
1314 2568 1575 2622 dixisset:
1608 2584 1626 2618 ι
1668 2564 1967 2624 lnveteravi
2000 2571 2141 2629 inter

540 2667 750 2708 omnes
797 2654 1046 2711 inimicos
1088 2674 1275 2723 meos,
1320 2678 1337 2711 ι
1378 2676 1441 2713 ac
1484 2674 1608 2713 mox
1642 2674 1736 2729 per
1767 2663 2137 2732 pmnitentiam

561 2758 625 2798 ac
664 2748 1161 2815 compunctionem,
1193 2750 1553 2822 ﬁduciamque
1602 2770 1667 2812 ac
1717 2758 2139 2814 illustrationem

562 2834 838 2904 sensisset,
868 2850 997 2893 suos
1024 2839 1280 2912 deinceps
1308 2844 1635 2901 hostescum
1662 2856 1931 2918 potestate
1959 2850 2138 2905 incre-

563 2933 674 2993 pat,
697 2926 913 2998 aitque:

639 3036 657 3070 ι
697 3018 969 3078 Discedite
1004 3038 1032 3077 a
1061 3040 1166 3091 me,
1191 3040 1381 3084 omnes
1418 3032 1510 3099 qui
1548 3034 1845 3101 operamini
1885 3034 2140 3105 iniquita-

566 3119 694 3165 tem.
738 3131 757 3163 ι
792 3113 917 3170 lloc
970 3124 1075 3178 est.
1117 3120 1377 3188 desinite;
1419 3125 1754 3193 erubescite;
1811 3130 2133 3186 abscedite:
2165 3144 2208 3202 ο

562 3204 819 3269 quoniam
868 3210 1145 3264 exaudivit
1197 3212 1453 3270 Dominus
1505 3221 1786 3286 quam.in
1858 3232 2136 3278 senectute

561 3290 673 3347 fudi
722 3298 1109 3364 precationem.
1152 3320 1170 3353 ι
1204 3303 1491 3360 Exaudivit
1515 3307 1772 3365 Dominus
1808 3326 1992 3367 vocem
2043 3313 2139 3368 lle-

564 3394 651 3441 tus
673 3388 814 3455 mei;
842 3391 1101 3449 Dominus
1128 3396 1433 3452 orationem
1483 3415 1658 3454 meam
1710 3403 1964 3473 suscepit.
2002 3405 2140 3459 Eru-

563 3476 794 3535 bescant
818 3490 875 3536 et
913 3488 1306 3542 eonturbentur
1333 3503 1525 3545 omnes
1573 3491 1781 3548 inimici
1806 3495 1951 3563 mei;
1991 3512 2141 3552 aver-

565 3579 753 3626 tantur
792 3582 846 3628 et
894 3577 1221 3632 erubescant
1274 3580 1425 3634 valde
1478 3583 1757 3641 velociter.
1807 3605 1826 3639 ι
1890 3588 2139 3645 Vidistin’

564 3657 927 3733 lacrymarum
970 3670 1311 3737 potentiam?
1344 3671 1593 3729 Vidistin"
1620 3677 1977 3737 confessionis
2029 3682 2143 3737 fru-

564 3755 757 3808 ctum?
813 3755 1060 3813 Vidistin’
1092 3762 1535 3822 inveterationem
1592 3769 1645 3822 in
1692 3773 1839 3826 omni
1888 3786 2141 3844 peccato-

568 3857 685 3896 rum
752 3860 967 3915 genere,
1039 3860 1202 3920 atque
1248 3868 1315 3908 ex
1375 3856 1442 3909 iis
1502 3861 2010 3927 regenerationem?
2062 3866 2142 3923 Ne

567 3932 696 3988 mihi
766 3938 993 4006 posthac
1068 3942 1271 3998 dixeris
1338 3963 1353 3998 ι
1418 3945 1596 4002 Senex
1672 3963 1827 4018 sum;
1897 3953 2143 4013 inﬁrmus

566 4038 727 4087 sum;
780 4028 1074 4085 inveteravi
1128 4031 1241 4101 jam
1296 4046 1351 4090 et
1414 4038 1651 4105 peccatis
1730 4044 1982 4099 euntibus
2058 4064 2145 4102 as-

565 4120 739 4183 suevi,
785 4136 885 4177 nec
941 4139 1159 4193 possum
1218 4127 1449 4195 amplius
1492 4128 1583 4183 Dei
1616 4129 1808 4188 facere
1864 4139 2145 4194 mandata.

2241 535 2530 611 θαυμάσῃς
2553 554 2567 568 ⁸
2602 536 2865 601 πολλάκις
2892 538 3001 609 γὰρ
3032 542 3090 592 ἐν
3120 540 3257 610 αὐτῇ
3295 542 3361 610 τῇ
3395 539 3514 611 ὥρᾳ
3561 539 3656 594 τοῦ
3723 542 3815 612 βα-

2241 628 2542 699 πτίσματος
2563 628 2759 700 εὑρέθη
2785 630 2843 682 ἐν
2861 630 2991 700 ἡμῖν
3010 632 3043 699 ἡ
3062 629 3375 694 κατάνυξις.
3395 631 3510 701 Τὴν
3534 632 3645 702 γὰρ
3662 632 3816 704 χάριν

2240 721 2334 772 καὶ
2362 719 2461 789 τὴν
2496 720 2687 789 ἄφεσιν
2712 720 2809 791 τὴν
2846 721 2904 773 ἐν
2933 720 3012 791 τῷ
3051 721 3393 793 βαπτίσματι
3420 724 3605 791 νήπιοι
3660 726 3816 795 ἡμεῖς

2240 809 2610 879 λαμϐάνοντες
2643 811 2700 863 ἐν
2754 811 3053 881 ἁμαρτίαις
3100 810 3395 882 αὐξόμενοι
3455 809 3817 882 κατερῤυπὼ-

2241 919 2417 974 σαμεν
2451 903 2623 958 ταῦτα
2672 906 2767 959 καὶ¹
2817 904 3146 976 ἐσὸἐσαμεν.
3206 904 3307 958 Διά
3343 905 3399 959 δὲ
3434 903 3691 977 δακρύων
3726 904 3816 956 καὶ

2240 994 2344 1059 ἓως
2372 996 2560 1067 γήρως
2606 997 2700 1050 καὶ
2739 996 2978 1067 ἐσχάτης
3028 997 3311 1066 ἀναπνοῆς
3364 996 3692 1066 καθημέραν
3728 995 3818 1065 βα-

2241 1087 2528 1152 πτίζεσθαι
2555 1089 2649 1142 καὶ
2667 1087 3134 1159 ἀνακαθαίρεσθαι
3151 1087 3450 1158 δυνάμεθα,
3466 1085 3651 1150 καθὼς
3672 1084 3817 1155 λέγει

2240 1180 2309 1233 τὰ
2335 1180 2603 1235 ἀκόλουθα
2627 1181 2721 1235 τοῦ
2752 1178 2989 1251 ψαλμοῦ.
3035 1181 3200 1250 Λέγει
3230 1181 3360 1252 γάρ’

2318 1293 2335 1323 ι
2391 1272 2698 1345 Ἐταράχθη
2728 1274 2837 1327 ἀπὸ
2864 1272 3040 1344 θυμοῦ
3086 1274 3113 1325 6
3163 1273 3447 1344 ὀφθαλμός
3482 1290 3584 1343 μου
3610 1289 3627 1305 ·
3683 1271 3816 1326 ἐπα-

2241 1364 2479 1435 λαιώθην
2512 1366 2571 1418 ἐν
2600 1367 2731 1419 πᾶσι
2764 1369 2878 1429 τοῖς
2925 1365 3140 1437 ἐχθροῖς
3166 1384 3293 1436 μου.
3332 1384 3350 1416 ι
3386 1366 3672 1429 Τουτέστι,
3708 1366 3819 1418 Κα-

2241 1455 2617 1528 τερῤυπὼθην,
2674 1457 3011 1528 συνηύξησα,
3064 1459 3413 1529 συνεγήρασα
3470 1458 3588 1519 ταῖς
3640 1456 3817 1526 ἁμαρ-

2241 1548 2403 1611 τίαις.
2437 1549 2610 1602 Τοῦτο
2634 1550 2742 1620 γάρ
2773 1550 2891 1602 ἐστι
2926 1550 2987 1602 τὸ
3016 1550 3197 1603 εἰπεῖν
3221 1566 3236 1581 ο
3274 1569 3291 1601 ι
3343 1548 3728 1620 Ἐπαλαιώθην
3760 1549 3814 1601 ἐν

2243 1642 2377 1693 πᾶσι
2405 1643 2516 1704 τοῖς
2542 1641 2756 1713 ἐχθροῖς
2789 1659 2917 1713 μου.
2962 1660 2981 1693 ι
3029 1641 3173 1694 Ἀλλ’
3207 1641 3311 1712 ὅρα
3332 1641 3471 1709 μετὰ
3496 1640 3595 1712 τὴν
3639 1640 3820 1710 ἐγχροο

2244 1748 2331 1785 νον
2361 1733 2418 1784 ἐν
2453 1731 2750 1803 ἁμαρτίαις
2780 1730 3108 1796 παλαίωσιν,
3142 1730 3286 1786 κατὰ
3314 1729 3411 1801 τὴν
3437 1731 3496 1783 ἐν
3527 1731 3676 1800 πάσῃ
3700 1730 3822 1782 ἀνο-

2246 1827 2345 1898 μίᾳ
2372 1827 2699 1898 συμϐίωσιν,
2729 1828 2830 1881 οὐκ
2847 1828 3075 1896 ἀπέγνω
3105 1829 3133 1881 6
3165 1827 3459 1898 προφήτης
3490 1823 3681 1889 αὐτοῦ,
3725 1826 3820 1878 οὐκ

2242 1920 2520 1990 ἁπήλπισε
2545 1917 2641 1973 τοῦ
2680 1918 2861 1985 ἐλέους
2895 1919 2990 1973 τοῦ
3025 1919 3181 1975 Θεοῦ.
3219 1919 3332 1972 Ούκ
3382 1918 3587 1972 ἔδωκεν
3631 1918 3822 1971 ἐαυτὸν

2241 2011 2320 2073 εἰς
2377 2009 2672 2081 ρᾳθυμίαν,
2730 2010 2868 2063 ἀλλὰ
2914 2010 3004 2063 διὰ
3046 2007 3396 2074 κατανύξεως
3453 2006 3631 2077 ἐσώθη
3670 2021 3683 2035 ·
3739 2006 3822 2059 διά

2240 2100 2489 2173 δακρύων
2519 2100 2856 2172 ἐκαθαρίσθη
2880 2116 2896 2131 ·
2930 2102 2998 2155 δι’
3023 2100 3470 2171 ἐξομολογήσεως
3500 2096 3819 2165 ἐδικαιώθη.

2243 2193 2423 2264 "Amp
2458 2195 2637 2248 πάντα
2674 2194 2769 2248 καὶ
2812 2194 2870 2247 ἐν
2904 2192 3055 2263 αύτῷ
3097 2193 3175 2264 τῷ
3205 2193 3372 2263 γήρᾳ,
3408 2190 3503 2244 καὶ
3537 2190 3597 2244 ἐν
3619 2188 3821 2259 ἐσχάτῃ

2241 2286 2403 2359 πολιᾷ
2437 2289 2658 2359 ποιῆσαι
2692 2288 2973 2359 δυνάμεθα
3003 2304 3017 2319 ’
3046 2288 3191 2357 λέγω
3221 2288 3277 2341 δὲ
3307 2285 3606 2358 δακρῦσαι,
3632 2284 3825 2338 στενά-

2242 2378 2347 2444 ξαι,
2372 2378 2898 2448 ἐξομολογήσασθαι,
2924 2379 3205 2451 δεηθῆναι.
3249 2377 3313 2430 Τί
3337 2376 3395 2431 δὲ
3428 2378 3564 2448 ἡμῖν
3604 2376 3669 2428 ἐκ
3699 2373 3824 2428 τού-

2240 2491 2347 2526 των
2379 2472 2760 2545 προσγίνεται,
2794 2474 3050 2528 ἄκουσον.
3103 2470 3289 2526 Εἰπὼν
3321 2468 3428 2542 γὰρ
3469 2469 3549 2522 ὃτι
3592 2486 3611 2519 ι
3652 2466 3823 2519 Ἐπα-

2242 2563 2481 2635 λαιώθην
2511 2565 2570 2618 ἐν
2595 2566 2729 2619 πᾶσι
2753 2566 2865 2629 τοῖς
2895 2562 3113 2635 ἐχθροῖς
3139 2578 3264 2633 μου·
3308 2579 3327 2613 ι
3375 2558 3516 2625 εἶτα,
3545 2557 3635 2613 διὰ
3663 2574 3827 2628 μεταο

2242 2657 2392 2721 νοίας
2425 2658 2522 2711 καὶ
2555 2658 2655 2729 τῆς
2707 2656 3058 2722 κατανύξεως
3102 2656 3254 2719 θείας
3300 2654 3448 2716 τινὸς
3481 2650 3825 2721 ἀντιλήψεως

2242 2750 2337 2804 καὶ
2359 2750 2612 2821 ἀφέσεως
2651 2750 2746 2803 καὶ
2781 2748 3099 2821 παρρησίας
3133 2747 3229 2801 καὶ
3277 2745 3601 2815 ἐλλάμψεως
3635 2739 3827 2795 αἰσθόο

2245 2860 2426 2913 μενος,
2455 2843 2686 2913 ἐπιτιμᾷ
2729 2842 2916 2895 λοιπὸν
2946 2843 3060 2904 τοῖς
3104 2837 3442 2909 πολεμοῦσιν
3481 2834 3647 2891 αύτδν
3705 2831 3826 2904 μετ’

2242 2936 2512 3000 ἐξουσίας,
2543 2935 2636 2987 καὶ
2662 2934 2833 3003 λέγει’

2325 3044 2343 3076 ι
2395 3024 2694 3095 Ἀπόστητε
2716 3023 2812 3076 ἀπ’
2844 3021 3002 3093 ἐμοῦ,
3041 3021 3242 3083 πάντες
3262 3020 3313 3073 οἱ
3333 3015 3701 3089 ἐργαζόμενοι
3727 3012 3825 3083 τὴν

2243 3117 2492 3188 ἀνομίαν.
2544 3134 2561 3167 ι
2614 3113 2949 3178 Παύσασθε,
3014 3109 3363 3183 αἰσχύνεσθε,
3439 3106 3827 3175 ἁναχωρεῖτε’

2241 3210 2373 3264 διότι
2420 3208 2710 3279 είσήκουσε
2743 3206 2951 3277 Κύριος
2992 3206 3090 3276 τῆς
3125 3206 3184 3257 ἐν
3235 3205 3381 3273 γήρα
3412 3198 3649 3269 δεήσεως
3700 3213 3826 3267 μου.

2250 3322 2266 3353 ι
2300 3303 2601 3374 Είσήκουσε
2633 3299 2837 3370 Κύριος
2878 3298 2981 3369 τῆς
3009 3298 3193 3368 φωνῆς
3223 3296 3317 3350 τοῦ
3352 3289 3634 3363 κλαυθμοῦ
3691 3306 3823 3360 μου,

2245 3396 2448 3465 Κύριος
2484 3394 2584 3464 τὴν
2630 3392 2943 3463 προσευχήν
2980 3408 3083 3461 μου
3137 3387 3529 3461 προσεδέξατο.
3582 3386 3827 3454 Αίσχυν-

2243 3490 2465 3560 θείησαν
2493 3486 2614 3560 [καὶ
2668 3481 3098 3556 ταραχθείησαν]
3140 3483 3342 3545 πάντες
3365 3482 3415 3534 οἱ
3450 3480 3639 3551 ἐχθροί
3676 3496 3785 3549 μου
3809 3492 3826 3507 ·

2243 3580 2724 3652 ἀποστραφείησαν
2764 3579 2881 3651 [καὶ
2909 3572 3472 3646 καταισχυνθείησαν]
3508 3572 3721 3643 σφόδρα
3742 3570 3831 3623 διὰ

2242 3679 2463 3749 τάχους.
2491 3695 2509 3728 ι
2542 3671 2696 3738 Εἶδες
2731 3674 2842 3727 τῶν
2889 3672 3146 3745 δακρύων
3172 3672 3271 3741 τὴν
3305 3669 3500 3739 ἰσχύν;
3543 3663 3705 3730 Εἶδες
3731 3665 3835 3735 τῆς

2243 3766 2682 3840 ἐξομολογήσεως
2699 3765 2788 3819 τὸν
2815 3764 3026 3834 καρπόν
3052 3780 3067 3829 ;
3090 3758 3243 3824 Εἶδες
3267 3761 3366 3833 τὴν
3387 3762 3446 3812 ἐν
3470 3759 3616 3829 πάσῃ
3644 3759 3835 3828 ἁμιρο

2245 3862 2334 3933 τίᾳ
2377 3861 2704 3921 παλαίωσιν,
2747 3857 2842 3911 καὶ
2891 3856 3255 3925 ἀναγέννησιν
3292 3870 3306 3918 ;
3343 3852 3545 3906 Λοιπὸν
3607 3853 3686 3921 μή
3743 3866 3835 3919 μοι

2246 3957 2428 4027 εἴπῃς,
2454 3954 2635 4024 Γέρων
2659 3951 2796 4021 εἰμὶ,
2816 3950 3069 4020 ἀσθενήςε
3086 3949 3226 4018 ειμι,
3256 3944 3613 4014 ἐπαλαιώθην
3640 3943 3835 3997 λοιπὸν

2246 4048 2341 4101 καὶ
2375 4046 2656 4116 συνήθησα
2679 4043 2690 4093 i
2716 4046 2773 4096 ἐν
2803 4044 2949 4113 πάσῃ
2989 4038 3259 4110 ἁμαρτίᾳ,
3285 4040 3381 4092 καὶ
3412 4037 3512 4090 οὐκ
3550 4036 3630 4089 ἐτι
3656 4034 3838 4105 ἰσχύω

2246 4137 2345 4199 τὰς
2359 4136 2578 4198 ἐντολὰς
2600 4134 2693 4188 τοῦ
2720 4133 2858 4186 Θεοῦ
2883 4132 3136 4202 ποιῆσαι.
3165 4129 3346 4199 Μηδὲν
3370 4126 3617 4180 τοιοῦτον
3640 4126 3831 4195 εἴπῃς·

564 4206 707 4263 Nihil
769 4213 900 4267 mihi
948 4216 1054 4270 tale
1093 4218 1332 4272 dixeris:
1367 4238 1384 4269 ι
1426 4219 1502 4274 Ne
1549 4225 1895 4280 excusaveris
1936 4228 1987 4282 in
2018 4244 2141 4298 pec-

2256 4247 2273 4279 ι
2315 4227 2408 4298 Μὴ
2437 4225 2750 4297 προφασίσῃ
2792 4227 2849 4278 ἐν
2880 4222 3207 4294 ἁμαρτίαις,
3245 4240 3264 4273 υ
3306 4223 3367 4273 Ei
3404 4220 3461 4273 δὲ
3508 4216 3837 4288 προφασίσῃ

566 4302 702 4357 catis
746 4303 812 4357 ⁵⁸.
873 4323 891 4355 ι
945 4304 1096 4371 Quod
1153 4307 1198 4361 si
1234 4309 1597 4372 excusaveris,
1651 4310 1933 4367 confestim
1990 4330 2142 4371 mon-

2248 4320 2451 4381 εὐθέως
2498 4336 2580 4371 σοι
2611 4316 2790 4381 δείξω,
2831 4317 2913 4369 ὅτι
2968 4315 3064 4368 ἐὰν
3114 4313 3274 4384 μόνον
3306 4312 3540 4382 θελήσῃς
3574 4312 3633 4364 ἐν
3682 4306 3838 4377 αὐτῷ

566 4398 755 4452 strabo
799 4398 921 4463 tibi,
956 4408 1016 4452 ut
1049 4400 1099 4453 in
1146 4401 1264 4471 ipsa
1313 4414 1621 4468 senectute.
1664 4406 1860 4461 melius
1890 4422 2053 4476 quam
2089 4410 2142 4466 in

2250 4411 2495 4481 τῴγήρα
2529 4410 2667 4479 ὑπὲρ
2719 4409 2817 4478 τὴν
2870 4406 3102 4475 νεότητα
3158 4404 3301 4475 ἔχεις
3334 4402 3569 4471 φυλάξαι
3612 4401 3687 4454 τὰ,
3740 4400 3836 4453 τοῦ

561 4489 845 4557 iuventute
872 4491 963 4546 Dei
1000 4493 1251 4548 mandata
1288 4509 1508 4550 servare
1541 4498 1738 4566 possis,
1761 4500 1804 4553 si
1858 4503 2017 4558 modo
2048 4519 2142 4558 vo-

2248 4504 2382 4557 Θεοῦ
2423 4502 2846 4574 προστάγματα,
2892 4497 3032 4552 Ἀλλ’
3068 4497 3349 4570 ἐρωτῶντι
3379 4496 3469 4558 δός
3498 4511 3592 4564 μοι
3620 4492 3837 4562 ἀψευδῆ

567 4583 750 4639 lueris.
785 4583 1053 4640 Caeterum
1083 4586 1438 4655 interroganti
1475 4589 1605 4642 mihi
1640 4604 1825 4644 verum
1861 4596 2144 4663 responde.

567 4677 844 4744 Quosnam
898 4677 1176 4747 Scriptura
1244 4678 1433 4735 beatos
1491 4681 1768 4751 praedicat,
1819 4699 1942 4738 enin
1995 4687 2073 4741 ait
2130 4705 2145 4743 :

573 4787 593 4822 ι
628 4769 777 4824 Beati
814 4784 1076 4839 pauperes
1105 4770 1322 4840 spiritu,
1355 4770 1609 4839 quoniam
1657 4771 1899 4841 ipsorum
1942 4787 2025 4830 est
2060 4793 2150 4831 re-

568 4877 733 4932 gnum
783 4860 1082 4916 ctelorum?
1122 4880 1141 4913 ι
1178 4860 1343 4916 Plane
1381 4863 1559 4923 dices,
1590 4877 1685 4917 eos
1719 4865 1811 4931 qui
1848 4879 2011 4919 sensu
2057 4869 2150 4924 de-

570 4955 736 5009 misso
762 4966 908 5018 sunt,
939 4971 1003 5011 ac
1042 4956 1252 5010 humili.
1290 4956 1643 5023 Quandonam
1693 4972 1823 5013 vero
1860 4963 2146 5019 demissior

572 5049 729 5104 nobis
764 5065 826 5105 ac
872 5049 1126 5105 humilior
1153 5053 1370 5108 exsistit
1396 5072 1619 5126 sensus;
1646 5060 1696 5114 in
1740 5062 2044 5127 iuventute,
2078 5076 2146 5115 an

570 5140 628 5195 in
685 5142 997 5197 senectute?
1033 5143 1243 5198 Etenim
1273 5146 1541 5215 juventuti
1577 5150 1795 5205 innatus
1826 5159 1911 5205 est
1953 5149 2147 5207 lastus.

2243 4598 2342 4667 τὴν
2381 4595 2697 4664 ἀπόκρισιν.
2728 4592 2916 4664 [Τίνας
2937 4592 2965 4644 6
2988 4589 3155 4658 λόγος
3188 4584 3538 4660 μακαρίζω]
3577 4605 3595 4637 ι
3631 4584 3838 4639 Μακά-

2251 4705 2356 4759 ριοι
2379 4687 2429 4739 οἱ
2458 4686 2688 4756 πτωχοὶ,
2704 4683 2949 4756 [λέγων,]
2968 4682 3047 4754 τῷ
3072 4680 3366 4751 πνεύματι.
3381 4680 3461 4733 ὅτι
3485 4678 3667 4732 αὐτῶν
3688 4679 3840 4729 ἐστιν

2246 4782 2281 4852 ὴ
2314 4779 2558 4849 βασιλεία
2587 4779 2695 4831 τῶν
2723 4776 2968 4849 οὐρανῶν
2996 4795 3010 4843 ;
3058 4795 3076 4827 ι
3121 4774 3373 4846 [Πάντως
3400 4773 3549 4842 ἐρεῖς
3576 4770 3716 4832 τοὺς
3740 4767 3839 4836 τὴν

2248 4872 2486 4926 διάνοιαν
2532 4869 3007 4941 κατεσταλμένους
3042 4868 3138 4921 καὶ
3195 4863 3513 4935 ταπεινοὺς]
3559 4862 3657 4915 καὶ
3704 4860 3838 4913 πότε

2256 4963 2641 5033 ταπεινότερόν
2676 4965 2823 5016 ἐστιν
2857 4961 3011 5033 ἡμῶν
3045 4958 3104 5013 τὸ
3135 4959 3411 5028 φρόνημα,
3458 4957 3517 5008 ἐν
3549 4955 3773 5024 νεότητι
3804 4952 3837 5021 ἢ

2259 5055 2317 5107 ἐν
2346 5056 2492 5127 γήρᾳ
2516 5072 2529 5120 ;
2570 5053 2705 5126 [Ούκ
2734 5054 2955 5124 εὔδηλον
2984 5053 3066 5106 ὅτι
3098 5053 3154 5104 ἐν
3174 5047 3379 5120 γήρα;]
3404 5046 3690 5116 σύμφυτος
3730 5044 3841 5113 γάρ

2250 5148 2396 5201 ἐστιν
2419 5150 2447 5201 6
2474 5148 2643 5210 τύπος
2672 5149 2729 5200 ἐν
2758 5148 2995 5217 νεότητι.
3038 5163 3057 5196 ι
3087 5142 3370 5213 Μακάριοι
3397 5142 3445 5194 οἱ
3483 5137 3841 5197 πενθοῦντες,

579 5250 598 5283 ι
637 5230 784 5286 Beati
812 5232 902 5303 qui
922 5232 1124 5303 lugent,
1156 5237 1410 5304 quoniam
1445 5239 1543 5309 ipsi
1573 5240 1991 5297 consolabuntur
2019 5243 2085 5296 θ’.
2126 5261 2142 5293 ι

2250 5241 2331 5294 ὅτι
2358 5240 2513 5294 αὐτοὶ
2541 5239 3079 5311 παρακληθήσονται.
3128 5255 3148 5289 ι
3186 5238 3349 5307 Ἀρτι
3382 5232 3446 5286 σύ
3472 5249 3563 5304 μοι
3594 5231 3745 5291 sint,
3780 5229 3843 5280 Τί

578 5318 678 5375 llic
710 5329 765 5376 tu
804 5322 935 5377 mihi
977 5322 1084 5390 dic,
1126 5338 1372 5393 qurenam
1407 5330 1472 5383 ad
1535 5330 1739 5385 luctum
1771 5346 1836 5387 ac
1886 5332 2142 5405 lacrymas

2251 5336 2370 5389 ἐστι
2404 5335 2539 5406 πρὸς
2571 5332 2765 5397 πένθος
2794 5334 2889 5387 καὶ
2921 5332 3138 5404 δάκρυα
3168 5328 3391 5414 εὐχερές
3419 5342 3436 5393 ;
3472 5324 3687 5392 νεότης,
3725 5322 3759 5389 ἦ

580 5425 704 5485 apta
737 5425 820 5471 est
845 5424 1009 5482 aetas;
1040 5414 1313 5486 juventus.
1351 5434 1418 5475 an
1442 5422 1650 5478 senium
1678 5424 1702 5477 !
1742 5423 1928 5481 Palam
1970 5427 2142 5498 utique

2254 5430 2324 5498 γῆ
2340 5444 2481 5498 ρας;
2524 5424 2779 5498 ¹[εύδηλον
2835 5426 2917 5480 ὅτι
2973 5425 3031 5479 τὸ
3082 5425 3261 5495 γῆρας
3374 5438 3394 5473 ι
3468 5416 3755 5485 Μακάριοι
3797 5413 3842 5464 οδ

648 5595 696 5629 ⁸⁸
729 5594 964 5663 Psal.xr.,
990 5597 1045 5652 4.
1123 5599 1167 5633 ⁸⁸
1197 5598 1387 5655 Matth.
1417 5616 1470 5666 v,
1503 5600 1555 5653 5.

656 5787 673 5828 t
714 5771 867 5828 Fort.
907 5772 1203 5827 συνείθισα.
