3792 6598
74 349 200 415 1101

1283 351 1562 412 ORATIO
1603 350 1677 410 [Ν
1725 350 2084 411 PSALMUM
2126 353 2222 410 \"I.

3232 352 3364 416 1102

69 465 277 536 πραεῖς.
323 482 352 514 ι
385 461 547 533 Ἄρα
572 465 646 518 οὐ
679 463 878 526 πάντες
900 461 1299 534 ὁμολογοῦμεν,
1322 463 1407 515 ὅτι
1435 464 1468 531 ἡ
1502 460 1675 530 νεότης

1792 461 2026 526 senium,
2065 481 2084 513 ι
2122 462 2270 517 Beati
2305 464 2484 518 mites.
2528 484 2546 518 ι
2580 465 2650 519 At
2695 467 2935 536 nunquid
2981 483 3168 524 omnes
3222 470 3362 524 falc-

69 555 301 626 ὀξυτέρα
331 555 465 607 ἐστὶ
492 557 605 608 καὶ
632 555 946 627 θερμοτέρα
977 554 1114 624 πρὸς
1159 555 1360 624 δργήνς
1403 554 1460 606 τὸ
1495 553 1552 605 δὲ
1587 551 1688 624 γῆ-

71 666 164 719 ρας
191 647 534 719 πραΰτερον
571 665 589 712 ;
647 647 922 711 Ὡσαύτως
948 647 1044 701 ἐὰν
1086 646 1274 716 σαφῶς
1321 647 1685 716 κατανοήσῃς,

69 740 320 809 εὑρήσεις
358 739 830 809 ωνεργέστερόν
879 754 963 792 σοι
1006 738 1070 790 τὸ
1101 737 1278 808 γῆρας
1312 736 1450 808 πρὸς
1506 739 1690 791 πᾶσαν

68 829 211 884 θείαν
232 829 478 900 ἐντολὴν
518 830 681 902 ὑπὲρ
709 831 807 902 τὴν
839 829 1090 900 νεότητα.
1128 828 1214 882 Ἐν
1243 827 1353 898 γὰρ
1377 831 1442 896 τῇ
1475 829 1689 898 νεότητι

17 920 156 974 ..ἐκαὶ
192 919 364 973 ὁτῶν
420 922 726 990 σωμάτων
779 920 920 988 ἔρως
973 922 1034 973 ἐν
1073 921 1207 990 ἡμῖν
1258 919 1591 972 άνάπτεταιο
1629 920 1688 972 ἐν

65 1013 294 1082 νεότητι,
329 1013 436 1064 καὶ
469 1015 509 1083 ἡ
544 1013 664 1083 τῆς
697 1011 1080 1084 φυλαργυρίας
1112 1015 1135 1052 ιι
1169 1012 1403 1082 κάμινος
1437 1011 1685 1079 πολεμεῖ,

67 1105 151 1158 καὶ
184 1105 254 1158 τὰ
287 1103 549 1158 πλεῖστα
574 1104 755 1174 πάθη,
788 1106 1012 1176 ἡγουνή
1041 1104 1336 1171 κενοδοξία,
1377 1105 1470 1157 καὶ
1507 1105 1538 1172 ὴ
1565 1104 1685 1172 φιλο

66 1197 326 1268 αργυρία,
389 1196 502 1250 καὶ
543 1198 584 1267 ἡ
625 1195 1069 1268 γαστριμαργία,
1113 1196 1210 1249 καὶ
1240 1197 1274 1265 ἡ
1325 1193 1684 1266 μνησικακία,

68 1290 157 1343 καὶ
184 1289 219 1358 ἡ
253 1286 605 1352 πλεονεξία.
648 1287 757 1342 Καὶ
809 1287 1063 1356 καθάπερ
1112 1287 1206 1339 δύο
1236 1286 1402 1340 τινῶν
1431 1285 1684 1339 παλαιόνς

66 1398 189 1443 των,
217 1380 318 1432 ἐὰν
347 1381 379 1432 ὁ
409 1373 507 1442 εἷς
543 1377 788 1450 ἀσθενὴς
810 1374 865 1452 ᾖ,
890 1381 917 1431 ὸ
943 1381 1131 1449 ἕτερος
1151 1377 1522 1448 δυνατώτερος
1550 1378 1690 1432 πάν-

69 1492 168 1539 τως
206 1471 586 1542 εὑρίσκεται.
626 1471 816 1536 Οὕτως
845 1472 938 1525 καὶ
968 1473 1060 1524 ἐπὶ
1109 1472 1210 1540 τῆς
1257 1471 1437 1541 ψυχῆς
1460 1470 1558 1524 καὶ
1589 1469 1686 1524 τοῦ

73 1563 318 1634 σώματος
347 1562 470 1616 τῶν
501 1562 775 1634 ὀρέξεων,
805 1563 1027 1616 καὶτῶν
1051 1562 1336 1633 δυνάμεων
1357 1564 1456 1633 τῆς
1486 1564 1688 1634 σαρκὸς

79 1656 517 1726 παλαιουμένων
567 1655 672 1708 καὶ
706 1655 1026 1726 γηρώντων,
1063 1655 1160 1709 ἐὰν
1213 1655 1350 1719 ὅλως
1381 1655 1616 1727 βουληθῇ
1651 1657 1686 1726 ἡ

76 1746 232 1817 ψυχὴ,
266 1746 388 1815 ἔχει
419 1747 457 1816 ἡ
491 1745 658 1816 ψυχὴ
696 1747 833 1816 πρὸς
861 1747 960 1818 τὴν
992 1745 1102 1799 τῶν
1129 1745 1290 1799 θείων
1320 1745 1554 1800 ἐντολῶν
1581 1747 1683 1818 τή-

81 1856 222 1910 ρησιν
265 1841 432 1910 ἰσχὺν
456 1841 565 1893 καί
594 1841 850 1910 δύναμιν,
881 1840 974 1892 καὶ
999 1839 1238 1910 μάλιστα
1275 1840 1412 1911 πρὸς
1435 1841 1682 1895 κατάνυ-

79 1932 153 1997 ξιν
177 1931 273 1984 καὶ
306 1931 570 2002 δάκρυα.
603 1934 832 2003 Δάκρυα
859 1932 916 1985 δὲ
951 1930 1063 2000 ἐγὼ
1094 1933 1163 1986 τά
1185 1931 1329 1986 κατὰ
1356 1932 1489 1986 Θεόν
1519 1951 1682 2004 φημι.

79 2023 192 2080 Εἰσὶ
222 2022 336 2095 γὰρ
373 2023 622 2094 δάκρυα
680 2024 907 2093 φυσικά,
943 2019 1032 2077 οἷα
1057 2024 1153 2076 ἐπὶ
1183 2027 1296 2088 τοῖς
1324 2027 1540 2096 νεκροῖς
1562 2026 1685 2078 ὲπι-

81 2122 286 2190 χὲομεν.
321 2121 445 2174 Καὶ
489 2121 617 2174 εἰσί
660 2121 873 2191 δάκρυα
905 2120 1202 2186 Σατανικᾶ,
1240 2121 1385 2192 ἆπερ
1415 2121 1562 2184 τινὲς
1597 2120 1687 2174 διὰ

81 2214 380 2278 κενοδοξίαν
426 2214 537 2269 καὶ
571 2215 645 2268 δι’
669 2214 848 2285 ἔρωτα
890 2215 1192 2267 Σατανικὸν
1220 2214 1521 2267 κλαίουσιν.
1564 2214 1687 2268 Είσλ⁸

85 2307 135 2359 δὲ
164 2307 380 2378 δάκρυα
405 2308 477 2360 ὲκ
517 2307 706 2377 μέθης
737 2307 832 2360 καὶ
855 2306 1162 2377 πολυύγρου
1190 2306 1425 2377 τρυφῆς.
1472 2307 1594 2359 Εἰσὶ
1623 2306 1683 2360 δὲ

84 2395 280 2467 δάκρυα
312 2397 653 2468 καθαρτικὰ
682 2400 748 2451 ὲκ
775 2397 941 2467 φόϐου
1001 2395 1159 2462 Θεοῦ,
1190 2399 1283 2450 καὶ
1327 2397 1541 2461 ἐννοίας
1582 2396 1682 2449 θα-

90 2489 238 2541 νάτου
263 2488 362 2541 καὶ
394 2488 700 2552 κολάσεως
734 2490 868 2559 ἡμῖν
904 2489 1188 2559 γινόμενα,
1215 2489 1274 2541 ὲν
1301 2482 1381 2552 οἷς
1404 2487 1471 2544 ἂν
1495 2489 1682 2559 χρονί-

91 2599 281 2652 σωμεν,
313 2583 413 2636 καὶ
442 2586 812 2656 πονὴσωμεν,
857 2586 937 2648 είς
965 2585 1178 2655 δάκρυα
1214 2584 1565 2655 πνευματικά
1589 2584 1684 2655 ὲρ-

95 2675 309 2744 χόμεθα·
329 2677 435 2730 οὐκ
455 2675 546 2729 ἔτι
573 2676 764 2744 φόϐον,
795 2676 934 2730 ἀλλά
953 2675 1120 2730 πόθον
1150 2676 1286 2747 πρὸς
1307 2677 1442 2729 Θεὸν
1467 2675 1684 2746 ἔχοντες

93 2767 169 2821 διὰ
201 2770 628 2840 παρακλήσεως
679 2771 772 2825 καὶ
795 2769 1138 2842 ὲλλάμψεως,
1167 2770 1261 2824 καὶ
1305 2769 1683 2839 ἀγαλλιάσεως

99 2859 180 2913 τοῦ
207 2860 362 2931 ἁγίου
401 2862 760 2933 Πνεύματος.

1795 566 1917 604 mur
1950 553 2093 620 quod
2125 553 2190 607 ad
2237 554 2372 608 iram
2409 557 2728 626 prapensior
2772 558 2844 613 sit
2893 572 2957 613 ac
2993 559 3251 616 calenttor
3276 563 3365 631 jn-

1791 652 2016 710 ventus;
2042 655 2292 701 senectus
2322 661 2450 700 vero
2475 648 2546 702 sit
2589 649 2811 703 mitior?
2844 648 3093 715 Perinde,
3132 652 3175 706 si
3221 663 3366 708 recte

1789 734 2131 801 expenderis,
2164 734 2402 792 invenies
2455 749 2728 794 senectam
2775 741 2933 812 longe
2964 744 3227 812 aptiorem
3270 744 3364 798 tibi

1790 825 2110 891 adiutricem
2147 842 2266 882 esse
2291 829 2357 882 ad
2408 829 2637 899 quodvis
2669 831 2759 886 Dei
2793 833 3177 901 perliciendum
3211 851 3366 889 man-

1790 917 1999 982 datum,
2025 932 2136 986 pra:
2165 918 2278 987 ipsa
2312 919 2620 990 iuventute.
2649 922 2784 977 Nam
2811 925 2862 978 in
2881 924 3163 996 juventnte
3197 926 3362 982 etiam

1790 1020 1946 1060 amor
1980 1021 2271 1078 corporum
2303 1009 2355 1062 in
2407 1011 2565 1064 nobis
2592 1013 2945 1068 accenditur:
2985 1015 3041 1070 in
3084 1017 3364 1086 juventute

1792 1098 2088 1168 voluptatis
2129 1100 2292 1155 ardor
2323 1102 2623 1173 impugnat,
2656 1120 2720 1160 ac
2754 1105 3019 1178 pleraque
3053 1108 3155 1162 alia
3195 1110 3321 1164 vitia
3345 1151 3360 1174 ,

1791 1205 1984 1260 nempe
2018 1192 2196 1247 inanis
2229 1193 2424 1261 gloria,
2451 1199 2700 1264 avaritia,
2725 1200 2870 1267 gula,
2899 1201 3168 1265 simultas,
3201 1203 3362 1258 alicui

1791 1283 2034 1353 improba
2083 1286 2374 1356 cupiditas.
2405 1292 2482 1344 Ac
2535 1291 2677 1346 sicut
2735 1293 2944 1349 duobus
3009 1295 3059 1348 in
3115 1296 3361 1364 palaestra

1793 1375 2150 1443 luctantibus,
2176 1395 2286 1450 quo
2317 1397 2457 1438 unus
2487 1384 2717 1440 debilior
2741 1386 2992 1452 efﬁcitur,
3023 1403 3089 1442 eo
3131 1389 3361 1444 alterum

1791 1484 2014 1525 necesse
2045 1480 2129 1525 εει
2156 1471 2439 1528 fortiorem
2468 1476 2620 1542 fieri,
2649 1478 2720 1532 ita
2757 1479 2811 1532 in
2844 1482 3024 1534 anima
3041 1496 3104 1535 ac
3137 1498 3364 1551 corpore

1789 1561 2007 1616 accidit.
2049 1563 2261 1633 Quippe
2300 1566 2565 1623 conlectis
2590 1577 2855 1625 vetustate
2886 1586 2951 1625 ac
2991 1573 3144 1627 senio
3178 1573 3362 1628 carnis

1795 1650 2189 1720 cupiditatibus
2216 1665 2379 1726 atque
2413 1657 2638 1723 viribus,
2667 1658 2828 1714 habet
2861 1662 3062 1727 anima,
3095 1663 3220 1716 dum
3243 1679 3360 1718 om-

1792 1743 1922 1797 nino
1976 1746 2125 1812 velit,
2165 1749 2313 1803 vires
2371 1764 2435 1803 ac
2487 1749 2805 1807 facultatem
2848 1755 2913 1806 ad
2950 1755 3039 1808 Dci
3079 1756 3363 1810 mandatu-

1789 1847 1906 1886 rum
1941 1835 2412 1903 observationem,
2461 1855 2524 1895 ac
2584 1844 2926 1909 potissimum
2983 1847 3048 1900 ad
3103 1862 3364 1917 compun-

1787 1925 2022 1982 ctionem
2075 1938 2128 1982 et
2164 1929 2453 2001 lacrymas.
2507 1931 2677 1988 Porro
2725 1935 2993 2008 lacrymas
3054 1939 3196 2006 dico,
3244 1955 3364 2008 qua:

1788 2017 1899 2072 Deo
1928 2031 2305 2075 consentaneae
2345 2032 2493 2078 sunt.
2525 2023 2660 2078 Nam
2704 2037 2829 2082 sunt
2869 2029 3033 2084 etiam
3085 2032 3364 2086 naturales

1787 2108 2058 2181 lacrymte,
2092 2113 2280 2180 quales
2306 2113 2582 2172 fundimus
2621 2133 2781 2186 super
2805 2130 3045 2176 mortuos
3079 2140 3094 2177 :
3140 2135 3266 2178 sunt
3308 2135 3363 2180 et

1788 2198 2040 2271 lacryma:
2081 2202 2369 2269 Satanicae,
2397 2220 2533 2275 quas
2571 2207 2747 2262 inanis
2782 2211 2965 2279 gloria:
3022 2229 3085 2268 ac
3112 2214 3359 2270 Satanici

1788 2295 1989 2348 amoris
2016 2310 2178 2350 causa
2204 2299 2462 2354 emittunt
2489 2300 2676 2370 aliqui.
2709 2301 2920 2358 Suntet
2960 2319 3026 2358 ex
3071 2306 3358 2374 ebrietate,

1786 2399 1850 2439 ac
1904 2385 2220 2441 deliciarum
2263 2390 2433 2445 nimio
2466 2392 2690 2448 humore
2727 2394 3051 2464 proﬂuentes
3085 2399 3360 2472 lacrymas.

1788 2475 2029 2548 Denique
2069 2493 2197 2535 sunt
2240 2482 2493 2553 lacrymze
2545 2487 2902 2556 purgatrices,
2943 2505 3066 2559 qua:
3124 2506 3247 2546 cum
3292 2507 3361 2549 ex

1790 2568 1880 2624 Dei
1941 2572 2154 2637 timore,
2203 2581 2314 2627 tum
2344 2591 2407 2630 ex
2455 2581 2650 2632 mortis
2691 2581 3190 2652 suppliciorumque
3220 2586 3361 2656 cogi-

1789 2662 1992 2718 tatione
2070 2666 2224 2720 nobis
2281 2668 2606 2724 oboriuntur
2665 2688 2679 2724 :
2729 2673 3020 2742 inquibus
3072 2677 3116 2731 si
3172 2693 3363 2748 perse-

1786 2768 2032 2811 veremus
2085 2772 2147 2811 ac
2209 2757 2534 2825 laboremus,
2563 2764 2702 2818 haud
2753 2766 2917 2821 dubie
2975 2769 3040 2822 ad
3085 2772 3360 2840 spiritales

1786 2845 1906 2899 illas
1971 2849 2379 2918 perveniemus;
2437 2868 2542 2908 non
2605 2852 2717 2924 jam
2774 2856 3022 2913 timorem
3077 2861 3359 2931 habentes,

1784 2937 1880 2993 sed
1929 2936 2261 2997 desiderium
2329 2944 2380 2998 in
2452 2944 2617 3001 Deum
2677 2964 2772 3018 per
2827 2953 3252 3012 consolationem
3303 2967 3361 3014 et

1785 3029 2224 3100 illustrationem,
2251 3049 2316 3090 ac
2335 3036 2751 3094 exsultationem
2780 3045 2950 3096 sancti
2994 3044 3248 3114 Spiritus.

157 3128 386 3183 Τοιαῦτα
432 3129 658 3202 δάκρυα
699 3131 764 3182 ἐκ
815 3128 981 3181 πόθου
1033 3128 1178 3181 θείου
1234 3128 1500 3198 ἐδάκρυσε
1542 3128 1675 3200 πρὸς

1859 3121 2017 3178 Tales
2038 3123 2306 3194 lacrymas
2337 3142 2400 3181 ex
2426 3128 2608 3182 divino
2632 3129 2681 3182 in
2706 3127 2874 3185 Deum
2899 3133 3171 3192 desiderio
3221 3138 3361 3194 fudit

110 3222 224 3278 Θεὸν
280 3225 309 3278 δ
367 3225 577 3278 εἰπών·
635 3245 654 3277 t
726 3222 1025 3295 Ἐκολλήθη
1075 3224 1108 3293 ή
1165 3222 1310 3294 ψυχή
1357 3239 1460 3292 μου
1503 3223 1679 3275 ὀπίσω

111 3331 216 3369 σου·
250 3335 267 3368 ι
301 3319 395 3370 καὶ
427 3315 678 3390 ἀλλαχοῦ
720 3316 895 3386 λέγων
927 3334 941 3348 ·
976 3335 994 3366 ι
1048 3314 1348 3386 Ἐξεκαύθη
1397 3315 1429 3385 ἡ
1479 3315 1678 3384 καρδία

117 3423 221 3474 μου,
243 3407 336 3460 καὶ
371 3408 423 3461 οί
481 3406 678 3477 νεφροί
717 3424 819 3476 μου
855 3403 1250 3476 ἡλλοιὼθησαν.
1304 3404 1362 3457 Ὀ
1402 3402 1537 3467 Θεὸς
1579 3404 1680 3474 τῆς

115 3498 314 3567 καρδίας
337 3517 468 3570 μου,
501 3501 606 3554 καὶ
629 3502 661 3570 ἡ
699 3500 859 3570 μερίς
887 3516 1012 3568 μου,
1039 3499 1066 3550 ὁ
1090 3497 1243 3560 Θεὸς,
1265 3497 1345 3560 είς
1367 3495 1460 3551 τὸν
1482 3495 1676 3554 αἰῶνα,

116 3589 186 3643 ὅτι
204 3591 448 3645 ἐπιποθεῖ
481 3593 582 3646 καὶ
623 3591 870 3645 ἐκλείπει
900 3593 932 3662 ή
965 3590 1110 3660 ψυχή
1147 3606 1250 3658 μου
1277 3590 1357 3652 είς
1384 3588 1484 3651 τὰς
1507 3587 1680 3651 αὐλὰς

117 3681 198 3735 τοῦ
225 3684 449 3755 Κυρίου.
501 3683 571 3738 ’11
618 3684 821 3754 καρδία
854 3699 956 3752 μου
983 3682 1076 3736 καὶ
1119 3684 1152 3753 ἡ
1190 3679 1327 3752 σάρξ
1363 3698 1466 3750 μου
1506 3681 1680 3750 ἠγαλ-

117 3772 344 3829 λιάσαντο
370 3779 466 3830 ἐπὶ
501 3776 630 3849 Θεῷ
659 3777 844 3842 ζῶντιο
861 3796 880 3828 ‹
905 3775 1158 3829 τοσοῦτον
1185 3775 1323 3847 πρὸς
1353 3775 1486 3828 Θεὸν
1513 3775 1678 3828 πόθον

123 3868 202 3921 καὶ
225 3869 427 3941 δάκρυα
463 3868 616 3942 εἶχεν
644 3873 676 3942 ἡ
705 3870 852 3941 ψυχὴ
879 3869 975 3924 τοῦ
1005 3869 1339 3933 Ψὰλλοντοςο
1377 3886 1395 3918 ι
1431 3871 1528 3921 Ὃν
1555 3867 1679 3938 τρό-

125 3977 208 4014 ¹πον
237 3965 485 4018 ἐπιποθεῖ
519 3969 555 4034 ἡ
616 3965 811 4034 ἔλαφος
861 3965 954 4018 ἐπὶ
999 3964 1101 4027 τὰς
1143 3963 1326 4034 πηγὰς
1381 3961 1491 4016 τῶν
1549 3963 1680 4016 ὑδά-

126 4056 420 4122 των,οῦτως
455 4057 716 4112 ἐπιποθεῖ
757 4059 791 4129 ἡ
836 4056 982 4129 ψυχή
1037 4075 1139 4126 μου
1193 4057 1333 4128 πρὸς
1381 4056 1459 4120 σὲ,
1486 4057 1515 4109 ό
1545 4055 1679 4119 Θεὸς

133 4143 276 4214 ἡμῶν.
305 4166 322 4199 ι
360 4150 516 4221 Τάχα
538 4151 816 4218 ἀγνοεῖται
845 4152 959 4213 τοῖς
991 4149 1208 4213 πολλοῖς
1237 4149 1392 4221 ἡμῶν
1424 4149 1493 4203 τὰ
1522 4149 1678 4217 λεγόο

131 4253 264 4304 μενα.
298 4242 434 4297 Ἀλλ’
463 4246 572 4298 οὐκ
608 4242 832 4312 ὠφελεῖ·
873 4242 996 4296 οὔτε
1021 4244 1132 4314 γὰρ
1167 4244 1298 4314 περὶ
1349 4243 1679 4314 πράγματος

128 4327 235 4394 ὑμῖν
261 4333 623 4408 διαλεγόμεθα
656 4338 737 4398 εἰς
761 4335 859 4405 τὴν
889 4334 1126 4388 ἄϐυσσον
1156 4335 1328 4398 ὄντος,
1386 4334 1506 4388 οὐδὲ
1547 4334 1677 4404 περὶ

131 4420 277 4487 εἴδους
305 4429 381 4492 είς
407 4429 505 4493 τὰς
537 4429 648 4482 τῶν
697 4427 988 4499 βαρϐάρων
1014 4428 1255 4498 ἐρήμους
1281 4426 1675 4498 εὑρισκομένου

134 4517 358 4581 σπανίως,
412 4522 555 4576 ἀλλὰ
629 4522 758 4592 περὶ
813 4520 1142 4591 πράγματος
1215 4520 1347 4590 ὑμῖν
1404 4518 1674 4589 λαλοῦμεν

138 4599 255 4655 ἔνδον
281 4607 333 4660 ὲν
353 4611 547 4682 καρδίᾳ.
569 4611 676 4664 ὑπὸ
694 4609 935 4682 Χριστοῦ
959 4611 1096 4679 ἡμῖν
1118 4608 1366 4672 δοθέντος
1387 4607 1480 4661 τοῦ
1499 4607 1678 4661 εἰπόν-

136 4710 226 4758 τοςο
253 4715 270 4749 ι
310 4699 371 4753 Ἦ
406 4703 658 4774 βασιλεία
682 4709 791 4756 τῶν
816 4701 1064 4775 οὐρανῶν
1093 4701 1239 4764 ἐντὸς
1268 4701 1428 4771 ἡμῶν
1451 4702 1618 4766 ἐστιν,
1651 4719 1671 4752 ι

141 4785 279 4854 ἠγουν
303 4791 360 4845 τὸ
386 4796 610 4867 Πνεῦμα
638 4796 698 4849 τὸ
742 4795 918 4864 ἅγιον,
964 4794 1148 4848 τίκτον
1179 4793 1308 4862 ὑμῖν
1357 4792 1674 4858 κατάνυξιν,

141 4877 217 4930 καὶ
237 4879 449 4954 δάκρυα,
483 4888 621 4958 πρὸς
653 4887 872 4958 ἄφεσιν,
899 4886 994 4940 καὶ
1023 4885 1409 4956 ἁναγέννησιν,
1453 4885 1546 4940 καὶ
1576 4885 1672 4938 λύ-

145 4982 312 5038 τρωσιν
342 4978 645 5050 ἁμαρτιῶν.

199 5062 396 5140 Μεγάλη
428 5074 608 5127 τοίνυν
633 5071 741 5126 τῶν
770 5071 912 5126 κατὰ
951 5072 1083 5125 Θεὸν
1128 5072 1383 5142 δακρύων
1416 5073 1449 5143 ὴ
1493 5072 1670 5142 ἰσχὺς.

151 5155 321 5230 μεγάλη
348 5163 516 5220 αὐτῶν
541 5167 574 5235 η
604 5164 874 5235 ἐνέργεια,
906 5165 1002 5218 καὶ
1035 5165 1316 5236 μάρτυρες
1357 5167 1416 5217 ὲν
1443 5165 1512 5234 τῇ
1559 5163 1672 5217 Πα-

149 5240 251 5317 λαιᾷ
271 5249 552 5321 Νινευῖται,
599 5257 868 5321 Ἐζεκίας,
901 5256 1394 5328 Ναϐουχοδονόσορ,
1443 5259 1668 5311 Μανασο

153 5332 248 5402 σῆς.
268 5337 380 5410 [Ἐν
413 5346 466 5400 δὲ
503 5351 568 5419 τῇ
597 5348 733 5420 Νέᾳ,
779 5346 983 5420 Πέτρος
1009 5350 1099 5403 διὰ
1121 5349 1376 5420 δακρύων
1408 5350 1501 5404 τὸν
1535 5349 1668 5403 θεὸν

153 5423 412 5501 ἱλεούμενος
445 5442 538 5494 καὶ
563 5439 659 5511 τὴν
690 5441 921 5513 ἄρνησιν
952 5443 1273 5515 θεραπεύων
1300 5459 1312 5471 ·
1357 5442 1556 5514 πόρνη,
1580 5441 1673 5496 δάο

209 5583 245 5664 ’ξ
271 5587 396 5650 Psal.
418 5613 548 5664 Lxu,
574 5597 629 5652 9.
726 5598 768 5630 “
802 5597 945 5654 Psal.
989 5614 1161 5664 usu,
1200 5598 1293 5658 21.
1326 5600 1421 5654 26.

1525 5600 1569 5632 ⁶²
1602 5597 1745 5654 Psal.
1811 5612 2040 5659 Lxxxm,
2073 5597 2126 5660 5,

1782 3216 1873 3286 qui
1896 3217 2032 3272 dixit
2061 3235 2074 3271 :
2112 3234 2131 3270 ι
2169 3217 2406 3274 Αάιιτεείι
2434 3221 2617 3276 anima
2657 3240 2772 3278 mea
2802 3237 2926 3296 post
2953 3228 3128 3295 te“;r
3156 3231 3360 3301 quique

1781 3309 1890 3364 alio
1930 3310 2048 3365 loco
2083 3311 2264 3367 dicit:
2303 3331 2321 3363 ι
2361 3311 2757 3370 Inllammatum
2808 3330 2891 3373 est
2943 3335 3041 3375 cor
3073 3337 3270 3389 meum,
3305 3335 3362 3378 et

1783 3417 1940 3458 renes
1970 3405 2073 3457 mei
2100 3404 2372 3458 immutati
2400 3415 2528 3459 sunt
2563 3423 2575 3460 :
2620 3407 2761 3463 Deus
2799 3412 2980 3466 cordis
3009 3415 3111 3469 mei
3141 3424 3197 3470 et
3230 3433 3358 3485 pars

1781 3510 1899 3550 mea
1936 3495 2074 3550 Deus
2123 3496 2176 3550 in
2223 3507 2482 3552 aeternum
2536 3499 2580 3530 ⁶¹
2632 3518 2644 3553 :
2683 3505 3019 3572 concupiscit
3066 3517 3120 3560 et
3177 3509 3360 3564 dcticit

1781 3603 1960 3641 annua
2015 3603 2132 3641 mea
2170 3589 2221 3643 in
2263 3591 2402 3644 atria
2457 3591 2690 3647 Domini.
2733 3594 2841 3650 Cor
2880 3612 3060 3652 meum
3113 3609 3168 3654 et
3228 3617 3359 3656 earn

1781 3693 1898 3732 mea
1951 3678 2363 3734 exsultaverunt
2395 3681 2450 3736 in
2512 3681 2682 3737 Deum
2732 3685 2914 3741 vivum
2961 3688 3006 3719 “
3069 3706 3085 3744 ;
3146 3708 3165 3743 ι
3204 3701 3360 3748 tanto

1781 3769 1833 3821 in
1880 3770 2044 3824 Deum
2101 3771 2370 3828 desiderio
2435 3776 2691 3843 habebat,
2752 3780 3026 3849 tantisque
3079 3782 3362 3856 lacrymis,

1780 3858 1974 3916 i’saltis
2013 3863 2274 3918 animus:
2331 3883 2350 3916 ι
2403 3866 2868 3932 Quemadmodum
2916 3874 3191 3929 desiderat
3231 3892 3364 3931 cer-

1782 3969 1879 4009 vus
1910 3955 1975 4008 ad
2008 3954 2187 4010 fontes
2232 3972 2518 4026 aquarum,
2556 3959 2628 4013 ita
2677 3961 2952 4017 desiderat
2997 3965 3176 4020 anima
3230 3984 3354 4023 mea

1779 4048 1846 4101 ad
1907 4055 1999 4114 te,
2058 4046 2203 4102 Deus
2267 4060 2453 4105 noster
2509 4051 2576 4107 “.
2642 4071 2660 4104 ι
2718 4051 2901 4124 Ignota
2944 4066 3071 4111 sunt
3129 4057 3358 4115 fortasse

1781 4137 2052 4208 plerisque
2119 4148 2384 4204 vestrum,
2431 4156 2552 4209 qua:
2598 4143 2872 4198 dicuntur.
2916 4143 3070 4202 Haud
3110 4164 3238 4203 vero
3284 4151 3368 4204 ita"

1779 4243 1956 4298 opera:
2011 4231 2244 4299 pretium
2299 4240 2404 4286 est.
2465 4231 2582 4287 Non
2652 4234 2797 4288 enim
2835 4236 3113 4292 vobiscum
3178 4240 3244 4294 de
3298 4258 3357 4296 re

1779 4320 1960 4391 aliqua
1986 4322 2329 4392 disputamus
2369 4323 2421 4377 in
2470 4325 2666 4394 abysso
2699 4327 2897 4395 posita,
2930 4337 3024 4382 aut
3075 4344 3194 4399 qua:
3247 4349 3354 4386 non

1781 4414 1883 4469 nisi
1945 4416 1998 4470 in
2067 4416 2425 4472 barbarorum
2485 4418 2887 4486 solitudinibus,
2952 4421 3113 4492 idque
3168 4424 3357 4480 admo-

1707 4499 1750 4555 D
1778 4507 1905 4564 dum
1942 4525 2087 4576 raro,
2123 4510 2434 4565 inveniatur
2487 4527 2502 4564 :
2537 4513 2631 4566 sed
2683 4512 2751 4567 de
2799 4529 2877 4578 re,
2910 4529 3030 4582 quae
3075 4516 3230 4571 nobis
3267 4519 3369 4570 in-‘

1782 4612 1868 4659 tus
1927 4603 1980 4658 in
2022 4605 2186 4659 corde
2243 4604 2366 4658 data
2417 4613 2503 4660 est
2553 4621 2582 4657 a
2634 4604 2856 4661 Christo
2891 4607 3144 4662 dicente:
3190 4628 3208 4660 ι
3252 4609 3358 4663 Re-

1781 4713 1943 4768 gnum
1974 4697 2235 4751 cmlorum
2287 4697 2432 4751 intra
2472 4713 2564 4752 vos
2595 4707 2678 4752 εει
2711 4699 2755 4730 ⁸³
2784 4717 2798 4765 ;
2831 4718 2850 4750 ι
2877 4700 2928 4754 id
2971 4711 3074 4766 est,
3121 4701 3358 4771 Spiritus

1781 4798 2020 4853 sanctus,
2057 4789 2110 4843 in
2150 4788 2305 4844 vobis
2353 4789 2824 4858 compunctionem
2875 4805 2938 4844 ac
2969 4791 3257 4862 lacrymas,
3283 4796 3351 4848 ad

1779 4883 2157 4939 remissionem
2209 4892 2264 4937 et
2308 4882 2770 4952 regenerationem
2810 4897 2874 4938 ac
2929 4883 3351 4955 redemptionem

1777 4986 2123 5047 peccatorum
2181 4975 2424 5046 gignens.

1847 5068 2037 5139 Magna
2072 5068 2252 5137 itaque
2299 5067 2684 5138 lacrymarum,
2740 5083 2862 5136 qua:
2906 5068 3122 5137 quidem
3159 5070 3348 5138 pietati

1777 5168 2108 5232 congruunt,
2147 5161 2274 5224 vis;
2304 5174 2496 5229 magna
2532 5157 2792 5213 efficacia.
2833 5157 3024 5214 Testes
3057 5160 3110 5215 in
3169 5162 3350 5218 Veteri

1775 5255 1991 5326 quidem
2015 5251 2388 5315 Testamento,
2409 5249 2660 5305 Ninivilze
2682 5251 2748 5317 ⁸⁸,
2777 5251 3034 5306 Ezechias
3064 5253 3132 5318 “,
3165 5252 3350 5307 Nabu-

1776 5345 2212 5408 chodonosor",
2231 5343 2508 5399 Manasses
2523 5344 2590 5399 ⁸⁸.
2619 5342 2673 5398 1η
2713 5343 2866 5400 Novo
2887 5355 3091 5412 autem,
3121 5343 3348 5409 Petrus,

1781 5441 1874 5511 qui
1915 5440 2104 5510 utique
2126 5438 2486 5508 lacrymarnm
2514 5438 2563 5491 vi
2603 5436 2769 5493 Deum
2807 5439 3072 5510 placavit,
3106 5453 3172 5493 ac
3202 5439 3348 5508 quod

2234 5597 2278 5627 "
2318 5595 2460 5652 Psal.
2529 5614 2635 5663 xu,
2680 5597 2734 5651 2.
2840 5597 2885 5629 “
2920 5595 3048 5652 Luc.
3082 5610 3214 5659 ml,
3248 5593 3339 5647 21.

156 5649 189 5679 ι’
213 5651 338 5715 tona:
365 5649 548 5731 me"
575 5649 627 5700 δέ
653 5649 1161 5737 latuitlatuit—fi.”
1183 5649 1495 5736 65.7.1...
1526 5649 1620 5724 διῖ
1644 5649 1666 5654 ⁷

1790 5649 2013 5722 iraa;
2028 5649 2237 5734 'xk'xm,
2257 5649 2344 5724 15.

216 5792 237 5833 ’ί
261 5793 369 5871 Lt‘g.
395 5806 721 5879 φιληδονίας.
