4080 6556
484 335 620 399 1103

1670 332 1726 389 S.
1770 330 1869 389 AN
1875 331 2167 391 ASTASIl
2215 326 2544 388 SlNAl'I'zE

3625 316 3757 382 1104

470 448 756 519 negatione
783 452 1067 516 peccatum
1087 452 1228 507 erat,
1263 440 1477 497 curavit
1501 459 1516 508 ;
1548 442 1808 496 meretrix
1827 456 2053 512 quoque1

2172 457 2333 511 κρυσι
2370 440 2432 493 τδ
2461 436 2846 510 φιλάνθρωπον
2878 436 3135 500 ἕλκουσα,
3174 434 3269 489 καὶ
3294 434 3393 505 τὴν
3422 433 3623 503 ἄφεσιν
3650 436 3755 489 τῶν

471 534 872 609 qttzelacrymis
906 534 999 589 Dei
1040 531 1475 588 misericordiam
1517 533 1759 594 attraxit,
1819 548 1883 588 ac
1925 548 2068 587 com-

473 632 768 686 missorum
816 625 1195 682 remissionem
1227 623 1461 693 accepit.
1511 621 1746 677 Omnino
1800 618 2063 693 esplicari

477 705 998 793 nequitdivinarum
1032 717 1444 771 miserationum
1493 714 1752 781 altitudo;
1793 730 1899 769 non
1939 714 2063 769 lati—

477 817 626 880 tudo,
679 831 786 869 non
838 810 1153 874 multitudo,
1214 825 1322 865 non
1380 807 1609 879 pelagus
1649 808 2060 878 comprehendi.

474 908 753 963 Manasses
808 919 905 976 per
953 902 1335 974 paenitentiam
1389 900 1622 956 salutem
1658 899 2060 969 consequitur:

472 1004 595 1070 quis
644 1014 774 1054 vero
821 998 1100 1066 deinceps,
1134 1010 1296 1065 quem
1349 1001 1462 1050 toto
1503 993 1668 1049 corde
1712 1003 2061 1062 peccatorum

472 1092 755 1163 pmoiteat,
783 1104 889 1143 non
923 1086 1330 1157 consequatur?
1367 1085 1641 1153 Quorsum
1684 1082 1819 1138 mihi
1870 1084 2006 1137 dicis
2044 1102 2058 1136 :

470 1183 799 1240 Fornicatus
834 1196 977 1242 sum,
1009 1179 1340 1235 adulterium
1369 1176 1645 1243 commisi,
1705 1176 2061 1231 homicidium

470 1274 812 1347 perpetravi;
849 1275 901 1328 in
956 1269 1342 1341 iniquitatibus
1365 1270 1649 1337 consenui,
1702 1283 1805 1323 nec
1839 1283 2059 1339 possum

469 1369 700 1423 salutem
735 1364 1005 1436 adipisci?
1036 1364 1178 1430 Quid
1216 1364 1333 1419 hzec
1377 1360 1662 1430 loqueris?
1718 1360 1850 1416 Cum
1920 1360 2061 1416 Deus

467 1461 750 1517 Manassen
776 1474 871 1530 per
896 1458 1275 1530 paenitentiam
1311 1455 1603 1526 receperit,
1644 1454 1833 1511 l‘orsan
1884 1455 2060 1510 ausim

468 1556 670 1620 dicere,
706 1553 827 1609 fore
877 1560 937 1608 ut
963 1562 1018 1607 et
1066 1553 1240 1621 ipsum
1274 1550 1571 1613 diabolum,
1628 1548 1898 1619 siquidem
1935 1562 2058 1602 eum

474 1647 700 1702 omnino
721 1661 787 1702 ex
813 1646 994 1700 animo
1026 1647 1340 1715 paeniteret,
1379 1651 1695 1711 recepturus
1725 1652 1891 1698 esset.
1924 1642 2055 1709 Quis
2088 1662 2134 1723 Β

470 1746 624 1792 certe
654 1737 791 1793 adeo
826 1742 990 1806 atque
1041 1734 1321 1789 Manasses
1351 1732 1632 1802 peccavit?
1671 1732 1763 1802 qui
1798 1732 2054 1786 nimirum

468 1829 863 1900 quinquaginta
891 1827 1105 1883 duobus
1136 1826 1294 1881 anuis
1317 1870 1328 1889 ,
1351 1825 1712 1880 lsraeliticum
1739 1825 2054 1879 universum

468 1921 751 1991 populum,
788 1920 851 1973 ad
878 1919 1225 1973 serviendum
1274 1917 1454 1981 idolis,
1486 1930 1660 1986 eaque
1694 1914 2053 1981 adorandum,

468 2012 684 2085 adegit?
711 2011 875 2078 Quot,
903 2020 1058 2080 putas
1081 2050 1095 2072 ,
1135 2009 1415 2063 hominum
1452 2009 1643 2075 millia,
1677 2016 1793 2064 toto
1837 2008 1929 2063 illo
1960 2023 2055 2063 an-

470 2122 660 2163 norum
680 2107 856 2176 spatio
880 2089 1146 2169 defuncti,
1181 2103 1234 2158 in
1268 2104 1547 2157 interitum
1587 2102 1882 2157 abierunt?
1925 2117 2056 2171 quo-

469 2214 590 2253 rum
624 2196 993 2253 damnationis
1025 2194 1301 2249 Manasses
1334 2210 1458 2249 reus
1488 2208 1553 2248 ac
1583 2194 1797 2249 debitor
1832 2192 1954 2248 luit.
1986 2199 2056 2249 At

471 2306 576 2345 non
605 2290 736 2344 vicit
775 2297 921 2343 tanta
952 2287 1221 2342 scelerum
1253 2285 1540 2342 multitudo
1559 2286 1651 2342 Dei
1684 2285 2049 2342 clementiam.

470 2382 766 2436 'l‘estantur
787 2380 934 2435 enim
961 2378 1169 2447 antiqui
1205 2377 1526 2447 scriptores,
1566 2377 1853 2433 Manassen
1889 2376 2053 2431 Israc-

468 2474 535 2528 lis
571 2489 753 2544 regem
811 2489 841 2525 a
870 2472 1141 2528 Chaldaeis
1172 2472 1446 2542 captivqu
1471 2471 1525 2525 in
1557 2471 1885 2542 Babylonem
1916 2468 2050 2524 Per-

466 2571 561 2621 siae
585 2574 852 2628 avectam,
884 2564 1068 2634 ibique
1086 2579 1115 2617 a
1138 2563 1426 2619 Persarum
1454 2577 1582 2633 rege
1604 2577 1754 2617 aenea
1783 2560 2049 2617 inclusum

469 2657 750 2723 machina;
787 2671 908 2711 cum
942 2656 994 2709 in
1021 2670 1084 2709 ea
1116 2655 1352 2723 positus,
1386 2671 1507 2708 cum
1556 2653 1814 2725 lacrymis
1849 2654 2049 2710 cantici

466 2752 549 2805 sui
579 2752 878 2806 orationem
920 2748 1174 2813 ludisset,
1202 2764 1325 2804 mox
1366 2750 1457 2805 Dei
1487 2747 1639 2818 jussu
1693 2764 1758 2804 ac
1812 2750 2052 2805 clemen-

468 2844 575 2907 tia,
626 2842 798 2897 lracta
865 2841 1157 2904 machina,
1216 2843 1456 2906 exiisse,
1520 2851 1685 2911 atque
1729 2855 1760 2895 a
1812 2841 1909 2897 Dei
1960 2857 2053 2895 an-

466 2936 587 3004 gelo
625 2933 737 3006 (23)
775 2934 827 2987 in
859 2931 1167 2988 Jerusalem
1199 2934 1409 2987 salvum
1438 2933 1756 3001 perductum
1788 2947 1939 2999 esse;
1987 2948 2050 2987 ac

2172 531 2590 603 πεπραγμένων
2620 532 2685 586 λα
2694 529 3030 603 μϐάνουσα,]
3060 530 3360 601 ἀδιήγητον
3376 528 3436 581 τὸ
3458 526 3648 598 βάθος,
3665 530 3757 584 καὶ

2168 625 2555 696 ἀκατάληπτον
2580 624 2642 676 τὸ
2689 622 2914 687 πλάτος,
2946 622 3042 676 καὶ
3072 622 3133 675 τὸ
3163 622 3392 693 πλῆθος,
3423 621 3521 674 καὶ
3555 621 3618 673 τὸ
3656 622 3756 673 πέ-

2167 718 2334 788 λαγος
2365 717 2474 770 τῶν
2502 717 2804 788 οἰκτιρμῶν
2849 715 2944 769 τοῦ
2976 714 3137 770 Θεοῦ.
3188 713 3496 782 Μανασσῆς
3526 712 3616 766 διὰ
3656 716 3758 782 τῆς

2170 810 2458 881 μετανοίας
2489 809 2724 874 σώζεται
2748 825 2761 839 υ
2797 809 2891 863 καὶ
2923 807 3007 872 τίς
3038 806 3225 861 λοιπὸν
3250 804 3535 874 μετανοῶν
3555 804 3752 873 ὀλοφύ-

2167 920 2275 974 χως
2312 903 2373 956 ού
2411 901 2681 967 σώζεται;
2706 900 2773 953 Τί
2818 917 2910 971 μοι
2939 900 3155 969 λέγεις;
3195 898 3552 968 Ἐπόρνευσα,
3603 896 3755 966 ἐμοί-

2166 1010 2357 1064 χευσα,
2397 993 2684 1062 ἐφόνευσα,
2718 992 2777 1045 ὲν
2807 992 3065 1063 ἀνομίαις
3088 994 3360 1061 ἐγήρασα,
3393 991 3489 1044 καὶ
3514 988 3759 1060 σωθῆναι

2164 1086 2226 1138 ού
2262 1086 2532 1155 δύναμαι;
2566 1086 2632 1138 Τί
2666 1084 2841 1138 ταῦτα
2871 1084 3087 1152 ).ἑγεις;
3123 1081 3187 1137 El
3218 1082 3525 1153 Μανασσῆν
3550 1083 3579 1135 ὁ
3623 1081 3759 1146 Θεὸς

2163 1177 2252 1231 διὰ
2284 1177 2577 1248 μετανοίας
2606 1176 2848 1244 ἐδέξατο,
2888 1177 3029 1247 τάχα
3070 1175 3256 1246 τολμῶ
3300 1176 3501 1238 εἰπεῖν,
3544 1174 3625 1227 ὅτι
3662 1173 3759 1227 καὶ

2163 1270 2253 1323 τὸν
2309 1269 2559 1324 διάϐολον
2621 1269 2994 1341 μετανοοῦντα
3031 1269 3312 1341 ὁλοψύχως
3371 1268 3606 1333 δέξεται.
3655 1268 3753 1330 Τίς

2163 1362 2272 1435 ἄρα
2298 1363 2568 1434 ἥμαρτεν,
2597 1365 2720 1416 εἴτι
2751 1364 3050 1433 Μανασσῆς
3074 1363 3352 1433 ἧμαρτεν;
3389 1375 3757 1430 πεντηκοντα-

2163 1455 2257 1508 δύο
2288 1454 2515 1525 χρόνους
2547 1455 2785 1525 ποιήσας
2822 1454 2916 1508 τὸν
2941 1453 3070 1507 λαὸν
3096 1454 3216 1507 ὅλον
3256 1451 3353 1505 τοῦ
3416 1450 3639 1521 Ἰσραὴλ
3660 1449 3756 1504 λα·

2161 1547 2398 1617 τρεύειν,
2423 1549 2516 1601 καὶ
2546 1549 2875 1619 προσκυνεῖν
2908 1548 3022 1610 τοῖς
3057 1547 3318 1611 εἰδώλοις.
3358 1545 3532 1600 Πόσαι
3558 1545 3757 1616 μυριᾶ-

2162 1638 2270 1704 δες,
2286 1642 2407 1693 εἰπὲ
2434 1658 2546 1711 μοι,
2566 1640 2837 1695 ἀπέθανον
2854 1642 2913 1695 ὲν
2930 1642 3040 1703 τοῖς
3065 1635 3501 1710 πεντηκονταδύο
3518 1638 3754 1708 χρόνοις,

2165 1732 2260 1786 καὶ
2286 1732 2530 1804 ἀπῆλθον
2556 1736 2636 1800 είς
2657 1733 2974 1801 ἀπώλειαν;
3019 1726 3094 1787 ὧν
3139 1734 3200 1786 τὸ
3232 1734 3412 1804 κρῖμα
3436 1733 3466 1785 ὁ
3500 1730 3755 1801 βασιλεὺς

2164 1826 2467 1897 Μανασσῆς
2497 1826 2681 1894 ἔλαϐε,
2714 1826 2809 1881 καὶ
2844 1828 3138 1898 χρεωστεῖ.
3173 1826 3288 1879 Ούκ
3315 1824 3538 1896 ἐνίκησε
3561 1822 3750 1879 τοσοῦ-

2162 1936 2255 1974 τον
2286 1919 2491 1991 πλῆθος
2541 1918 2650 1974 τῶν
2703 1919 2991 1991 ἁμαρτιῶν
3026 1920 3127 1990 τὴν
3178 1917 3601 1989 φιλανθρωπίαν
3655 1917 3750 1971 τοῦ

2164 2014 2321 2069 Θεοῦ.
2352 2015 2491 2068 Φασὶ
2525 2012 2636 2083 γὰρ
2668 2015 2717 2067 οί
2753 2015 2972 2085 ἀρχαῖοι
3015 2013 3129 2067 τῶν
3171 2012 3640 2084 ἱστοριογράφων,
3666 2012 3749 2065 ὅτι

2161 2105 2483 2175 ἀπενεχθεὶς
2516 2106 2823 2176 Μανασσῆς
2853 2107 2881 2159 ὁ
2910 2104 3169 2179 βασιλεὺς
3211 2103 3431 2175 Ἰσραὴλ
3468 2102 3574 2156 ὑπὸ
3605 2102 3750 2157 Χαλ-

2161 2197 2326 2251 δαίων
2357 2198 2705 2269 αἰχμάλωτος
2739 2199 2795 2251 ἐν
2823 2196 3107 2253 Βαϐυλῶνι
3148 2186 3273 2267 ¹τῆς
3300 2196 3587 2266 Περσίδος,
3621 2211 3751 2248 κατ-

2166 2288 2425 2358 εκλείσθη
2457 2291 2537 2353 είς
2559 2287 2754 2353 casm
2778 2289 3039 2359 χαλκοῦν,
3071 2289 3176 2343 ὑπὸ
3196 2289 3460 2361 βασιλέως
3484 2289 3743 2360 Περσῶν·

2160 2381 2255 2433 καὶ
2305 2381 2413 2433 ἐσω
2443 2379 2519 2433 ὢν
2544 2383 2603 2435 ἐν
2624 2381 2853 2452 τοιούτῳ
2874 2380 3072 2452 ζωδίῳ,
3096 2380 3448 2454 προσηύξατο
3484 2382 3622 2452 μετὰ
3650 2382 3747 2435 δα-

2159 2470 2345 2542 κρύων
2374 2472 2472 2544 τὴν
2501 2474 2814 2546 προσευχὴν
2844 2475 2941 2546 τῆς
2975 2474 3120 2546 ᾠδῆς
3143 2474 3310 2529 αὑτοῦ
3329 2490 3344 2505 °
3372 2476 3469 2530 ita".
3499 2475 3744 2546 προστάς

2159 2564 2241 2631 Est
2270 2566 2365 2620 καὶ
2395 2566 2787 2640 φιλανθρωπίᾳ
2830 2566 2969 2621 Θεοῦ
3000 2568 3268 2641 διεῤῥάγη
3296 2568 3355 2622 τὸ
3383 2567 3608 2632 coam-
3651 2568 3745 2622 καὶ

2158 2657 2380 2728 ἐξῆλθεν
2415 2661 2443 2713 ὁ
2487 2660 2793 2730 Μανασσῆς
2846 2661 2941 2713 καὶ
2972 2660 3155 2732 ἐσώθη
3201 2660 3307 2714 ὑπὸ
3335 2660 3572 2729 ἀγγέλου
3610 2657 3743 2713 Θεοῦ

2157 2753 2237 2813 εἰς
2280 2751 2658 2823 Ἰερουσαλὴμ,
2696 2752 2859 2805 κάκεῖ
2884 2751 3244 2821 ἐτελεύτησεν
3269 2755 3328 2806 ἐν
3359 2752 3621 2824 μετανοίᾳ
3651 2752 3743 2805 καὶ

2158 2839 2575 2912 ἐξομολογήσει.
2619 2842 2768 2914 Ὅρα
2792 2842 2912 2906 πῶς
2938 2845 2998 2897 τὸ
3022 2843 3263 2911 πέλαγος
3294 2841 3592 2913 ἀδιήγητον
3634 2840 3743 2893 τῶν

2155 2933 2458 3004 οἰκτιρμῶν
2490 2934 2587 2987 τοῦ
2617 2934 2804 2998 ἐλέους
2831 2934 2926 2988 τοῦ
2957 2934 3121 3006 μόνου
3156 2933 3366 3006 ἀγαθοῦ
3420 2935 3518 2989 καὶ
3552 2934 3740 3003 φιλαν-

1990 3108 2222 3166 NOTAE.

537 3254 651 3325 (25)
685 3254 853 3323 Atque
904 3271 934 3307 a
984 3253 1081 3325 Dei
1128 3252 1334 3325 angelo.
1387 3250 1608 3325 Antiqui
1642 3252 1972 3325 scriptores,
2014 3264 2045 3305 a

2158 3251 2216 3306 sii
2240 3291 2255 3315 ,
2292 3252 2569 3325 nimirum,
2596 3253 2879 3310 Manassen
2918 3255 3025 3309 ὑπὸ
3067 3255 3305 3325 ἀγγέλου
3340 3255 3476 3309 Θεοῦ
3517 3259 3599 3321 εἰς
3641 3259 3742 3313 ’ἰε-

467 3322 663 3393 quibus
710 3322 848 3379 hanc
876 3324 1240 3377 narrationem
1286 3322 1612 3376 Anastasius
1643 3323 1922 3391 accepisse
1946 3325 2043 3387 ait,

470 3396 611 3449 haud
674 3395 763 3447 alii
810 3394 1096 3447 videantur
1152 3409 1313 3462 quam
1368 3393 1619 3448 Clemens
1668 3394 1943 3447 llonianus
1992 3393 2045 3445 in

468 3465 784 3533 apostolicis
828 3463 1349 3525 Coustitutiouibns,
1383 3480 1446 3517 ac
1474 3463 1519 3518 si
1566 3465 1659 3533 qui
1688 3465 1755 3516 ah
1783 3479 1848 3516 eo
1892 3478 2050 3514 acre-

469 3545 665 3603 perunt
700 3551 712 3587 :
749 3534 889 3604 apud
926 3533 1221 3603 Josephum
1252 3535 1397 3588 enim
1447 3550 1552 3587 non
1583 3536 1839 3604 occurrit
1860 3536 2050 3586 modus

472 3608 575 3662 istc
604 3605 871 3660 mirabilis
900 3622 964 3659 ac
999 3614 1368 3667 portentosos,
1407 3605 1500 3658 sed
1547 3605 1766 3657 suavior
1796 3603 1957 3662 alius,
1992 3616 2050 3656 ut

470 3676 727 3730 nimirum
762 3677 904 3731 Deus
935 3674 1203 3729 inﬂexrrit
1232 3676 1469 3727 animum
1505 3675 1647 3744 regis
1677 3674 1984 3743 Babylonis,
2020 3691 2045 3723 ει

468 3764 577 3812 quo
605 3746 886 3802 Manasses
919 3746 1175 3800 dimissus
1211 3747 1301 3810 sit,
1337 3760 1401 3796 ac
1430 3758 1598 3814 regno
1629 3748 1929 3797 restitutus.
1959 3744 2049 3797 Sic

467 3818 691 3884 Joseph.
726 3816 820 3870 lib.
874 3832 907 3870 Χ
950 3816 1214 3884 Antiquit.
1266 3830 1386 3883 cap.
1421 3814 1455 3868 4
1491 3834 1505 3869 :
1555 3815 1613 3868 '0
1658 3814 1716 3868 δέ
1749 3814 2056 3883 Μανασσῆς

468 3891 591 3941 τότε
623 3888 805 3951 συνεὶς
840 3888 898 3940 ἐν
925 3886 1058 3947 οἵοις
1085 3889 1278 3950 κακοῖς
1313 3887 1452 3949 ἐστι,
1490 3886 1587 3939 καὶ
1620 3886 1841 3939 πάντων
1873 3886 2050 3937 αἴτιον

468 3958 666 4011 ἑαυτὸν
715 3957 977 4026 νομίζων,
1035 3956 1205 4027 ἐδεῖτο
1239 3955 1334 4009 τοῦ
1379 3956 1517 4009 Θεοῦ
1549 3954 2051 4027 παρασχεῖνλαὺτῷ

469 4024 857 4097 φιλάνθρωπον
885 4029 979 4081 καὶ
1005 4025 1277 4098 ἐλεήμονα
1308 4026 1400 4098 τὸν
1434 4024 1718 4097 πολέμιον.
1746 4024 2049 4098 Χαρίζεται

466 4096 524 4152 δὲ
551 4096 711 4153 τοῦτο
740 4098 840 4167 τῆς
882 4097 1095 4160 ἱκεσίας
1119 4096 1461 4161 ἐπακούσας
1507 4099 1536 4150 ὁ
1565 4096 1698 4159 Θεὸς
1727 4096 1879 4164 αὐτῷ
1905 4111 1919 4124 ·
1954 4097 2050 4149 καὶ

468 4169 634 4223 πάλιν
688 4170 766 4231 εἰς
799 4168 900 4239 τὴν
938 4169 1149 4239 οἰκείαν
1170 4170 1207 4239 ὁ
1257 4169 1563 4237 Μανασσῆς
1592 4167 1905 4239 ἀπολυθεὶς,
1946 4167 2050 4220 ὑπὸ

465 4239 575 4293 τῶν
607 4236 964 4293 Βαϐυλωνίων
994 4238 1259 4309 βασιλέως
1289 4236 1652 4303 ἀνασώζεται.
1680 4236 1811 4290 Tum
1842 4241 2050 4290 demunt

468 4309 771 4374 Manasses,
806 4309 1101 4378 intelligens
1142 4311 1195 4362 in
1242 4312 1457 4376 quantis
1505 4318 1801 4362 versaretur
1855 4312 2046 4369 malis,

466 4396 620 4451 seque
647 4396 829 4433 eorum
860 4384 1093 4451 omnium
1136 4396 1352 4432 causam
1389 4395 1673 4451 agnoscens
1697 4420 1710 4441 ,
1768 4388 1820 4430 ut
1852 4379 2049 4451 hostem

467 4449 759 4504 huntanum
794 4467 856 4503 ac
899 4449 1568 4517 clementem.experiretur
1603 4466 1633 4501 a
1676 4451 1780 4500 Ileo
1810 4450 2050 4517 precibus

463 4522 635 4591 petiit.
687 4520 799 4574 Nec
838 4536 891 4573 se
939 4518 1079 4575 Deus
1116 4521 1489 4574 inexorabilem
1522 4522 1767 4591 prwbuit,
1815 4526 1903 4571 sed
1948 4523 2051 4572 mi-

468 4600 639 4644 sertus
664 4592 904 4645 exaudiit
936 4591 1255 4660 supplicem;
1290 4608 1439 4658 quem
1480 4590 1687 4644 rursum
1724 4590 2049 4659 Babylonius

467 4664 678 4714 danaum
715 4664 1027 4723 remissum,
1071 4667 1124 4715 in
1163 4666 1445 4729 pristinum
1485 4664 1839 4730 principatum
1896 4664 2050 4714 resti-

468 4733 587 4786 tuit.
621 4731 877 4789 Clemens
905 4748 1034 4787 vero
1080 4732 1301 4797 citatus,
1352 4733 1389 4788 l.
1422 4750 1483 4797 ll,
1516 4750 1638 4802 cap.
1679 4733 1769 4795 ‘21,
1813 4732 1883 4783 ita
1928 4748 2048 4786 eam

468 4803 845 4857 liberationem
885 4803 1182 4874 describit,
1231 4815 1352 4874 post
1384 4804 1499 4871 ejus
1533 4804 1810 4857 recitatum
1845 4804 2049 4874 oratio-

466 4884 616 4937 nem,
661 4888 821 4942 quam
877 4874 1071 4930 merito
1104 4872 1342 4928 Ecclesia
1400 4876 1523 4928 inde
1554 4883 1830 4941 acceptam
1876 4890 1905 4925 a
1938 4873 2044 4927 Ca-

469 4958 611 5016 none
638 4945 914 5016 exclusit;
944 4945 1055 4998 Kal.
1101 4945 1378 5015 ἐπήκουσε
1415 4946 1515 5016 τῆς
1565 4945 1749 5014 φωνῆς
1799 4944 1965 4996 αὐτοῦ
2018 4946 2047 4996 ὁ

466 5014 832 5087 Κύριοςηκαὶ
876 5014 1217 5087 ᾠκτείρησεν
1276 5014 1482 5070 αύτόνέ
1517 5019 1610 5069 καὶ⁵
1652 5016 1871 5087 ἐγένετο
1917 5019 2046 5086 περὶ

468 5084 799 5157 αύτδνῌφλὸξ
832 5084 1026 5157 πυρὸς,
1052 5084 1148 5141 καὶ
1189 5087 1466 5157 ἐτάκησαν
1490 5088 1669 5140 πάντα
1698 5085 1767 5137 τὰ
1794 5088 1921 5156 περὶ
1944 5084 2043 5138 αύ-

466 5154 811 5227 τδνγσίδηρα,
836 5154 933 5211 καὶ
965 5157 1156 5211 ἰάσατο
1174 5154 1380 5227 Κύριος
1406 5158 1499 5211 τὸν
1524 5159 1826 5226 Μανασσῆν
1858 5154 1920 5209 ἐκ
1943 5159 2044 5227 τῆς

470 5224 928 5299 θλίψεωςάὑτοῦ,
965 5231 1059 5281 καὶ
1088 5224 1427 5299 ἐπέστρεψεν
1458 5230 1622 5282 αὐτὸν
1650 5230 1729 5291 εἰς
1770 5224 2045 5298 Ἰερουσα-

468 5295 585 5368 λὴμ
619 5299 714 5351 ἐπὶ
739 5299 839 5369 τὴν
872 5298 1150 5369 βασιλείαν
1181 5295 1367 5352 αὑτοῦ.
1400 5300 1465 5352 Et
1499 5300 1764 5353 exaudivit
1792 5295 2048 5354 Dominus

470 5384 645 5423 vocem
671 5369 784 5439 ejus
805 5411 821 5435 ,
872 5380 921 5424 et
968 5374 1213 5423 misertus
1256 5382 1328 5423 est
1358 5371 1497 5439 ejus,
1529 5380 1578 5424 et
1602 5374 1801 5424 exstitit
1829 5371 2046 5439 ﬂamma

470 5442 608 5509 ignis
639 5442 784 5493 circa
832 5457 989 5504 eum,
1036 5450 1084 5493 et
1142 5441 1427 5511 liquefacta
1457 5453 1578 5494 sunt
1617 5442 1795 5511 omnia
1843 5443 2047 5494 vincula

472 5515 647 5579 ferrea
675 5513 873 5564 circum
907 5527 1044 5576 eum,
1075 5520 1124 5564 et
1148 5514 1349 5564 sanavit
1380 5511 1634 5565 Dominus
1669 5510 1954 5565 Manassen
1987 5527 2051 5564 ex

473 5580 756 5651 afﬂictione
780 5581 917 5651 ejus,
948 5596 991 5635 et
1031 5584 1240 5635 reduxit
1270 5598 1387 5635 eum
1428 5582 1724 5635 Jerusalem
1752 5584 1804 5635 in
1834 5599 2050 5651 regnum

473 5658 610 5721 ejus.
644 5652 857 5722 Atque,
894 5660 952 5705 ut
982 5651 1095 5707 fere
1140 5652 1313 5717 solet,
1365 5660 1423 5706 ut
1453 5654 1727 5707 auctiores
1783 5662 2052 5721 prodeant

476 5722 753 5787 historiae,
805 5737 916 5791 quo
967 5723 1338 5794 antiquiores,
1406 5733 1602 5794 praeter
1650 5725 1789 5777 dicta
1844 5740 1873 5776 a
1929 5722 2051 5778 Cte-

475 5803 680 5857 mcntc,
708 5807 904 5849 novum
940 5792 1084 5848 aliud
1104 5792 1266 5850 addit
1300 5792 1589 5850 Cau‘isiana
1621 5795 1785 5850 editio
1815 5795 2050 5850 Anasta-

2156 3321 2442 3445 ρουσαλὴμ
2469 3324 2716 3397 σωθῆναι
2739 3342 2752 3356 ⁸
2779 3342 2810 3378 a
2849 3325 2942 3379 Dei
2979 3321 3166 3394 angelo
3198 3327 3401 3379 salvum
3431 3334 3745 3393 perductum

2156 3410 2262 3445 esse
2300 3393 2353 3445 in
2430 3399 2720 3445 erusalem:
2756 3397 2907 3445 uuzisi
2941 3398 3133 3445 angelo
3188 3396 3512 3445 miraculum
3564 3410 3742 3445 trans-

2150 3393 2262 3465 esse
2300 3393 2353 3445 in
2390 3393 2720 3456 Jerusalem;
2756 3397 2907 3462 quasi
2941 3393 3133 3465 angelo
3188 3396 3512 3451 miraculose
3564 3410 3742 3453 trans-

2154 3462 2360 3535 [erente
2385 3504 2406 3535 ,γ
2433 3474 2490 3518 ut
2518 3466 2589 3518 ita
2640 3465 2901 3520 liberatus
2931 3467 3001 3519 sit
3021 3462 3226 3535 duplici
3260 3468 3539 3531 miraculo,
3569 3471 3744 3525 altero

2152 3531 2442 3588 fractionis
2491 3535 2731 3607 carceris
2769 3550 2832 3589 ac
2858 3531 3121 3607 marhinze
3179 3552 3343 3591 mnes:
3376 3554 3479 3607 qua
3520 3541 3742 3599 teneba-

2154 3614 2260 3667 tur,
2324 3618 2415 3657 seu
2470 3605 2633 3658 etiam
2700 3604 3101 3675 liquefactionis
3156 3604 3512 3675 catenarum;
3567 3612 3741 3666 altero

2155 3674 2497 3745 miraculosae
2560 3676 2706 3729 illius
2753 3677 3175 3732 translationis:
3218 3695 3448 3745 quorum
3499 3674 3736 3735 alterum

2154 3744 2285 3797 nihil
2335 3744 2489 3798 alteri
2528 3748 2843 3800 necessario
2875 3762 3178 3801 connexum
3213 3744 3300 3803 est
3334 3768 3346 3801 :
3379 3754 3458 3804 sic
3490 3753 3633 3806 enim
3657 3752 3736 3805 le-

2153 3814 2329 3880 gimus
2378 3816 2429 3868 in
2456 3815 2611 3869 Actis
2636 3856 2651 3881 ,
2686 3817 2922 3870 solutum
2966 3832 2996 3870 a
3040 3818 3265 3872 vinculis
3294 3819 3547 3881 Petrum.
3579 3837 3642 3875 ac
3670 3822 3735 3875 li-

2156 3896 2401 3960 ueratum
2439 3901 2470 3960 a_
2500 3901 2722 3940 carcere
2763 3903 2859 3955 per
2879 3890 3163 3960 angelum,
3214 3891 3449 3944 humana
3494 3904 3736 3960 postmo-

2156 3952 2283 4007 dum
2331 3957 2699 4030 cautione__ac
2751 3952 3066 4030 prudeniia,
3120 3952 3244 4030 luga
3293 3952 3537 4030 lapsuuf.
3574 3964 3731 4018 saluti

2155 4026 2528 4104 prospexisse.
2578 4026 2774 4104 vim
2806 4028 2935 4081 mihi
2982 4028 3033 4083 in
3064 4031 3164 4104 hac
3182 4026 3469 4104 :Mamissis
3511 4034 3732 4089 historia

2154 4094 2386 4174 idipsum
2414 4099 2849 4174 deprehendere,
2880 4110 3063 4174 atque
3106 4102 3158 4174 in
3193 4100 3420 4155 historia
3453 4104 3732 4159 liberalia-

2153 4166 2240 4219 nis
2270 4166 2444 4220 Caroli
2481 4167 2557 4231 ll,
2591 4171 2732 4235 regis
2781 4166 3077 4226 Siciliaiac
3130 4172 3427 4226 Provinciae
3477 4176 3729 4237 comitis,

2154 4250 2312 4302 quem
2346 4239 2681 4315 antiquiores
2716 4241 3400 4315 scriptores,indulgentia
3434 4245 3575 4315 regis
3602 4247 3732 4298 Ara-

2154 4320 2376 4373 gonum,
2414 4310 2554 4361 datis
2591 4324 2811 4378 quoque
2852 4311 3157 4374 obsidibus,
3213 4310 3732 4371 liberatum'testeu-

2156 4387 2276 4456 tur;
2310 4381 2711 4456 nostriautem
2762 4380 2927 4456 aliqui
2981 4381 3580 4456 Summasimiuenses,
3634 4402 3729 4442 seu

2154 4448 2319 4500 etiam
2349 4448 2717 4505 Provinciales
2762 4451 2887 4516 alii,
2927 4455 3123 4507 nedum
3160 4454 3391 4507 vinculis
3423 4448 3727 4511 absolutum

2157 4532 2222 4571 ac
2261 4528 2567 4595 extractum
2613 4536 2645 4595 (ξ
2678 4536 2927 4588 earcere,
2984 4539 3173 4578 verum
3219 4526 3567 4595 etiainpene
3611 4543 3727 4581 mo-

2156 4598 2360 4666 mento,
2400 4593 2467 4644 ad
2515 4589 2827 4666 Narbonam
2874 4594 3169 4666 Occitaniee
3206 4610 3302 4665 per
3358 4589 3725 4666 Magdalenam

2156 4660 2515 4732 translatum,
2572 4662 2747 4717 instar
2802 4663 2917 4719 fere
2979 4660 3251 4732 llabacuc,
3303 4682 3366 4720 ac
3428 4660 3728 4722 mirabilius

2149 4728 2329 4795 l’etro,
2386 4733 2920 4805 comminiscuntur:
2974 4728 3330 4805 improbando
3372 4748 3522 4793 certe
3582 4753 3726 4791 com-

2149 4811 2355 4877 metito,
2389 4804 2530 4870 quod
2574 4819 2679 4877 non
2714 4820 2927 4877 parum
2975 4804 3279 4877 rei'gestte,
3334 4823 3398 4862 ac
3438 4822 3583 4862 verte
3632 4824 3724 4877 per

2149 4872 2522 4940 Magdalcuam
2564 4875 2680 4941 ejus
2713 4872 3056 4930 liberationis
3086 4877 3247 4931 ﬁdem
3280 4876 3478 4934 elevet.
3513 4872 3725 4933 Descri-

2146 4942 2226 4995 bit
2257 4943 2501 5017 pluribus
2530 4942 2765 5017 Joannes
2808 4954 2995 5017 noster
3037 4961 3067 4999 a
3098 4947 3335 5012 liechac,
3364 4949 3417 5002 in
3447 4948 3565 5017 ejus
3593 4965 3722 5005 con-

2146 5024 2342 5067 ventus
2369 5013 2685 5070 laudatione
2705 5031 2769 5070 ac
2794 5016 3046 5078 historia,
3073 5034 3139 5071 ex
3170 5018 3444 5072 Bernardo
3466 5013 3722 5075 Guidonis

2155 5092 2376 5139 auctore
2403 5085 2627 5154 atquali,
2659 5088 2813 5156 cujus
2840 5087 2894 5141 in
2930 5088 3112 5142 multis
3144 5099 3457 5143 nostrorum
3492 5104 3721 5145 conven-

2157 5161 2305 5208 luum
2366 5165 2581 5210 exswut
2633 5157 2925 5221 historica,
2990 5166 3051 5212 ut
3100 5159 3218 5213 haec
3281 5160 3607 5221 habuerint,
3666 5176 3725 5215 ac

2156 5223 2484 5296 Magdalenae
2507 5228 2810 5296 patrocinio
2838 5228 3069 5282 Carolus
3098 5229 3362 5284 liberatus
3391 5234 3466 5286 sit
3513 5232 3727 5285 mitiore

2157 5295 2209 5369 in
2237 5311 2367 5369 eum
2397 5295 2541 5351 facto
2566 5298 2875 5369 Aragonum
2921 5313 3080 5369 rege,
3118 5302 3260 5353 haud
3289 5316 3449 5356 secus
3478 5319 3543 5357 ac
3579 5299 3727 5356 Jose-

2157 5367 2294 5441 phus
2341 5368 2602 5441 describit
2635 5367 2700 5423 in
2730 5367 3009 5441 ﬂuitasse:
3065 5370 3242 5441 thue
3270 5369 3587 5436 Manasses,
3644 5375 3729 5441 pio

2160 5440 2517 5507 prudentique
2552 5439 2814 5504 consilio,
2860 5454 3014 5494 suam
3063 5440 3119 5495 in
3150 5442 3317 5496 Deum
3352 5439 3726 5498 liberationem

2161 5509 2367 5571 retulit,
2399 5511 2611 5563 tametsi
2644 5511 2928 5564 videbatur
2958 5512 3125 5567 fuisse
3174 5510 3439 5569 liberatus
3488 5518 3723 5569 humano

2161 5580 2348 5655 modo;
2382 5582 2461 5633 sic
2494 5590 2549 5632 et
2589 5578 2821 5655 Carolus
2863 5600 2876 5636 :
2907 5584 3050 5650 quod
3097 5586 3395 5652 praesertim
3442 5600 3507 5640 ea
3545 5600 3726 5655 regum

2161 5651 2404 5723 captiyos
2450 5653 2748 5705 tenentium
2784 5654 3047 5723 miraculo
3087 5651 3334 5723 proxima
3368 5651 3630 5719 mutatio,
3666 5670 3725 5707 ac

2160 5719 2446 5791 delinitio,
2499 5732 2759 5791 concepta
2809 5722 2864 5776 in
2917 5719 3104 5777 Deum'
3147 5736 3269 5780 vota
3305 5742 3369 5780 ac
3425 5728 3480 5781 in
3511 5725 3726 5791 Carolo,

2164 5789 2491 5859 Magdalenze
2528 5789 2771 5862 patrona:
2818 5791 3121 5851 Provinciae
3172 5796 3598 5863 invocationem,
3634 5789 3726 5853 seu
