4080 6520
512 457 651 524 1107

1731 459 1792 519 S.
1832 455 2235 519 ANASTASII
2275 452 2603 515 SINAITE

3655 447 3787 513 nos
3862 408 3865 409 ί

513 569 804 645 aliquando
840 566 1099 639 praefatus
1123 563 1327 621 Christi
1357 563 1653 631 discipulus
1677 602 1693 629 ,
1722 562 1982 630 Joannes,
2016 563 2100 617 in-

2231 561 2310 632 ιρό
2340 561 2431 614 ὲπί
2458 576 2579 613 τινα
2607 559 2774 612 τόπον
2802 559 2899 629 τῆς
2944 558 3129 622 Ἀσίας
3156 558 3329 612 ἐλθὼν
3356 560 3415 613 ὲν
3454 560 3577 623 ταῖς
3623 557 3786 612 αὑτοῦ

516 680 682 738 quam
708 682 722 729 ;
753 659 1038 716 lustranda
1062 656 1399 729 provinciam
1431 655 1497 709 ad
1514 654 1657 710 Asia:
1695 657 1988 724 quemdam
2024 652 2103 708 lo-

514 775 640 815 cum
668 754 929 819 venisset,
962 750 1198 821 atquein
1222 749 1476 820 juvenem
1507 747 1797 818 quemdam
1819 787 1835 814 ,
1878 746 2101 817 elegan-

517 851 644 909 tiori
694 847 900 918 specie,
950 844 1308 913 corporisque
1356 840 1565 896 viribus
1622 854 1687 895 ac
1732 838 2104 909 magnitudine

518 951 866 1018 praestantem
900 939 1213 1003 incidisset,
1248 937 1365 1007 ejus
1391 935 1588 990 anima:
1636 948 1822 989 amore
1859 942 2100 1003 captum,

517 1041 792 1095 hortatum
824 1047 947 1088 esse
978 1040 1035 1085 ut
1062 1028 1281 1085 Christo
1312 1042 1507 1083 nomen
1539 1028 1713 1092 daret,
1746 1025 1979 1096 ﬁdeique
2010 1039 2103 1079 ac-

519 1130 773 1193 cederet;
809 1137 1245 1196 persuasumque
1291 1118 1728 1183 adolescentem,
1781 1118 1907 1172 ﬁdei
1955 1115 2103 1171 rudi-

519 1219 721 1275 mentis
750 1216 1101 1272 imbuendum
1133 1213 1372 1268 civitatis
1407 1212 1665 1282 episcopo
1696 1210 1983 1272 obtulisse,
2018 1209 2104 1262 iu-

520 1328 629 1383 que
657 1314 799 1365 hunc
835 1308 1056 1363 modum
1089 1305 1313 1360 aﬁ'atum
1336 1320 1497 1360 esse:
1539 1323 1557 1356 ι
1597 1304 1751 1358 llunc
1775 1302 1868 1356 tibi
1906 1302 2104 1365 virum,

519 1406 796 1475 episcope,
834 1402 944 1456 Deo
982 1408 1139 1463 teste,
1197 1412 1259 1453 ac
1314 1398 1565 1452 universa
1625 1396 1792 1451 haece
1833 1392 2105 1459 Ecclesia,

520 1498 768 1566 deposito
796 1494 985 1558 trado;
1027 1511 1046 1544 ι
1083 1491 1278 1561 hisque
1306 1490 1486 1556 dictis,
1513 1487 1802 1554 Joannem,
1833 1486 1951 1541 aliis
1973 1500 2108 1555 quo-

446 1640 452 1648 ,
521 1604 627 1658 que
664 1585 978 1657 regionibus
1014 1582 1173 1638 ﬁdem
1223 1581 1668 1653 praedicaturum,
1710 1579 1933 1633 abiisse.
1987 1576 2109 1646 Epi-

458 1694 463 1699 '
522 1696 746 1752 scopum
767 1688 948 1732 autem
981 1685 1319 1744 assumptum
1349 1688 1577 1744 puerum
1614 1670 1823 1727 hortari
1855 1669 2107 1739 cmpisse,

523 1791 588 1831 ac
620 1774 893 1829 instruere
915 1786 930 1837 ;
952 1768 1030 1823 illi
1048 1781 1264 1833 cavere,
1296 1765 1514 1831 docere,
1549 1763 1666 1833 ejus
1698 1778 1887 1819 curam
1913 1776 2104 1833 agere:

522 1878 760 1939 postque
780 1865 997 1919 demum
1023 1860 1358 1929 aliquantum
1394 1867 1607 1926 tempus
1630 1896 1645 1921 ,
1687 1855 2018 1924 baptizasse,
2048 1866 2111 1907 ac

521 1954 852 2016 Christianis
915 1952 1190 2008 hominem
1252 1960 1591 2019 coeptasse;
1638 1946 1896 2015 deinceps
1956 1960 2108 2011 vero,

528 2064 788 2121 tanquam
843 2048 1191 2118 baptismate,
1250 2057 1335 2097 res
1379 2039 1496 2109 ejus
1536 2041 1589 2094 in
1626 2050 1743 2096 tuto
1771 2041 2109 2108 collocasset,

529 2160 595 2199 ac
629 2140 843 2195 abunde
878 2134 1209 2193 adolescenti
1242 2133 1498 2197 cavisset,
1533 2148 1651 2188 non
1673 2132 1904 2204 amplius
1942 2135 2115 2189 moni-

529 2235 707 2289 tiones
754 2230 943 2287 solitas
1000 2226 1339 2282 adhibuisse.
1404 2224 1613 2309 Itaque,
1668 2224 1976 2280 libertatem
2018 2242 2117 2282 na-

529 2339 678 2382 ctum
705 2323 1129 2381 adolescentem,
1151 2318 1410 2373 factiosos
1437 2317 1729 2385 quosdam,
1748 2318 2117 2387 exitiososque

530 2436 597 2476 ac
644 2418 883 2474 nefarios
909 2415 1058 2469 viros
1088 2411 1194 2466 sibi
1223 2410 1557 2482 adjunxisse.
1600 2409 1678 2463 Ac
1702 2412 1967 2480 principio
1994 2412 2117 2482 qui-

532 2518 680 2577 dem,
713 2512 779 2565 ad
806 2518 1122 2579 sumptuosa
1156 2504 1404 2560 convivia
1437 2518 1503 2559 ac
1534 2514 1831 2559 nocturnas
1859 2505 2115 2560 sodalita-

533 2617 640 2672 tes,
681 2604 1040 2674 depravatum
1074 2599 1255 2655 animo
1304 2597 1628 2666 pcllexisse;
1677 2605 1800 2666 post
1839 2598 2004 2652 etiam
2051 2598 2119 2651 ad

531 2699 680 2753 furta
701 2696 971 2767 quaedam,
1000 2708 1067 2747 ac
1122 2690 1530 2761 gra’ssationes:
1565 2699 1843 2759 postremo
1878 2690 1931 2744 in
1962 2704 2119 2745 mou-

538 2802 620 2846 tes
642 2789 933 2852 eductum,
970 2795 1230 2853 tanquam
1272 2782 1451 2837 virum
1483 2796 1710 2852 procera
1766 2790 1997 2848 statura,
2055 2794 2121 2836 ac

535 2881 665 2937 forti
699 2880 916 2944 robore,
960 2876 1234 2930 latronum
1272 2873 1573 2944 principem
1625 2882 1896 2938 creantes,
1939 2872 2120 2926 immi-

538 2987 646 3030 tem
678 2973 836 3045 plane
864 2986 928 3025 ac
951 2969 1344 3032 inhumanum,
1377 2967 1641 3036 planeque
1688 2967 1966 3030 acerbum,
2006 2975 2120 3020 tru-

537 3068 927 3134 CuIentumque
948 3077 1012 3116 ac
1061 3062 1283 3131 impium
1317 3057 1532 3114 fecisse.
1568 3059 1698 3113 Post
1721 3057 1919 3112 mtdtos
1942 3068 2120 3112 autem

537 3159 665 3214 inde
695 3157 910 3226 elapsos
934 3168 1128 3219 annos,
1166 3168 1289 3207 cum
1319 3150 1554 3206 Joannes
1583 3149 1891 3219 Theologus
1918 3152 2123 3206 rediret

2203 653 2476 724 περιόδοις
2505 654 2534 705 6
2564 652 2813 723 μαθητὴς
2839 651 2934 705 τοῦ
2958 651 3197 721 Χριστοῦ
3239 651 3514 723 Ἰωάννης,
3546 652 3640 705 καί
3671 669 3792 705 τινα

2203 745 2425 799 νεανίαν
2456 746 2655 816 εὑρὼν,
2684 745 2871 799 κάλλει
2899 762 2959 798 τε
2992 746 3085 798 καί
3124 743 3269 816 ἰσχύϊ
3296 746 3389 799 καὶ
3437 745 3660 817 μεγέθει
3696 764 3793 800 κε-

2205 842 2579 914 κοσμημένον,
2614 842 2719 913 τῆς
2756 841 2951 896 τούτου
3004 840 3186 912 ψυχῆς
3222 842 3499 911 ἐρασθεὶς,
3550 843 3795 897 νουθετεί

2204 934 2396 989 τοῦτον
2430 935 2688 1004 γενέσθαι
2723 935 2939 989 πιστόν.
2976 936 3087 989 Καὶ
3132 936 3197 1007 δή
3230 936 3550 1001 πεισθέντος
3597 938 3791 1005 αὐτοῦ,

2205 1027 2397 1081 τοῦτον
2426 1029 2517 1081 τὸν
2543 1028 2662 1081 νέον
2692 1028 2963 1099 προσάγει
3010 1030 3089 1091 είς
3118 1027 3180 1081 τὸ
3229 1028 3592 1100 κατηχεῖσθαι
3630 1031 3794 1085 αὐτὸν

2209 1121 2315 1173 ὑπὸ
2347 1119 2441 1174 τοῦ
2470 1120 2775 1175 ἐπισκόπου
2810 1121 2910 1191 τῆς
2954 1121 3164 1185 πόλεως
3196 1123 3225 1175 6
3269 1122 3547 1193 Ἰωάννης,
3588 1124 3793 1192 λέγων’

2214 1231 2231 1264 ι
2270 1211 2473 1265 Τοῦτόν
2516 1228 2599 1265 σοι
2644 1212 3139 1283 παρακατατίθημι
3196 1212 3286 1267 τὸν
3345 1213 3540 1286 ἄνδρα,
3586 1210 3631 1269 ὦ
3672 1217 3797 1269 ἐπί-

2211 1322 2405 1370 σκοπε,
2439 1304 2846 1376 μαρτυροῦντος
2868 1304 2960 1359 τοῦ
2978 1305 3115 1359 Θεοῦ
3140 1305 3234 1359 καὶ
3257 1305 3463 1376 ταύτης
3488 1310 3670 1378 πάσης
3698 1308 3799 1377 τῆς

2222 1397 2586 1467 Ἐκκλησίας·
2631 1416 2649 1447 ι
2694 1398 2789 1451 καὶ
2835 1396 2999 1450 τοῦτο
3026 1399 3055 1451 6
3092 1398 3346 1466 Ἰωάννης
3388 1398 3560 1453 είπὼν
3604 1400 3799 1471 ἐξῆλθε

2211 1488 2308 1542 καὶ
2343 1487 2435 1540 ἐπὶ
2474 1487 2572 1551 τὰς
2598 1488 2794 1559 ἐτέρας
2838 1486 3043 1559 χώρας,
3098 1490 3425 1563 ποιούμενος
3467 1494 3529 1547 τὸ
3570 1494 3674 1566 τ’ής
3705 1495 3800 1549 πί-

2212 1598 2383 1646 στεως
2411 1583 2697 1653 κήρυγμα.
2746 1581 2802 1634 'U
2824 1582 2881 1635 δὲ
2910 1581 3210 1647 ἐπίσκοπος
3239 1586 3330 1638 τὸν
3358 1587 3524 1641 παῖδα
3548 1588 3799 1659 παραλα-

2211 1672 2348 1740 ϐὼν,
2408 1674 2683 1727 ἐνουθέτει
2724 1674 2821 1727 καὶ
2863 1676 3127 1746 κατήχει·
3183 1679 3470 1752 ἐφρούρει,
3520 1683 3801 1738 ἐδίδασκεν

2212 1765 2535 1838 ἐπεμελεῖτο
2560 1783 2574 1797 ⁸
2608 1769 2701 1820 καὶ
2723 1767 2788 1837 δή
2818 1769 2960 1837 μετά
2985 1785 3110 1822 τινα
3151 1771 3346 1841 χρόνον
3377 1773 3663 1838 ὲϐάπτισε,
3707 1778 3804 1829 καὶ

2212 1858 2543 1928 Χριστιανὸν
2580 1858 2741 1914 αὑτὸν
2782 1858 3029 1929 ἐποίησε.
3067 1862 3176 1914 Καὶ
3218 1863 3428 1927 λοιπὸν,
3482 1866 3686 1919 ὡσανεὶ
3720 1867 3804 1938 τῷ

2217 1951 2560 2023 βαπτίσματι
2592 1951 2787 2005 τοῦτον
2831 1952 3301 2025 ἀσφαλισάμενος,
3354 1959 3450 2010 καὶ
3502 1959 3806 2031 περιτειχί-

2216 2059 2339 2106 σας,
2368 2042 2472 2096 οὑκ
2532 2041 2613 2096 ἔτι
2662 2044 2781 2105 ταῖς
2829 2043 3128 2115 προτέραις
3155 2045 3423 2116 κέχρηται
3468 2048 3605 2119 πρὸς
3639 2051 3807 2105 αὐτὸν

2216 2134 2545 2197 νουθεσίαις.
2578 2133 2691 2187 Καὶ
2720 2133 2783 2205 δὴ
2814 2133 3001 2187 ἄδειαν
3051 2135 3241 2190 λοιπὸν
3273 2137 3531 2203 λαϐόντος
3556 2141 3653 2194 τοῦ
3678 2160 3804 2197 παι·

2216 2227 2326 2291 δὺς,
2361 2224 2805 2297 προσκαλοῦνται
2846 2226 3014 2279 αὐτὸν
3038 2227 3183 2292 τινὲς
3204 2232 3581 2301 νεωτερισταὶ,
3611 2232 3809 2305 φθόροι

2218 2337 2277 2373 τε
2304 2319 2403 2373 καὶ
2429 2318 2676 2384 ἐξώλεις,
2722 2318 2815 2372 καὶ
2843 2317 3164 2374 έθελόκακοι
3193 2321 3387 2394 ἄνδρες
3406 2339 3421 2354 ·
3453 2326 3549 2378 καὶ
3588 2326 3811 2397 πρῶτον

2222 2415 2322 2483 μὲν
2374 2414 2469 2466 ἐπὶ
2523 2413 2717 2467 δεῖπνα
2766 2412 3038 2486 πολυτελῆ
3080 2414 3173 2468 καὶ
3216 2417 3366 2480 νοῦς,
3399 2418 3492 2471 καὶ
3527 2420 3623 2473 ἐπὶ
3655 2420 3813 2484 τίνας

2220 2506 2518 2577 πορνικοὺς
2570 2505 2797 2569 σπίλους
2851 2507 2947 2559 καὶ
2993 2506 3499 2581 διανυκτερεύσεις’
3534 2508 3653 2565 εἶτα
3712 2514 3814 2565 καὶ

2220 2598 2313 2652 ἐπὶ
2340 2596 2551 2661 κλοπάς
2580 2614 2755 2663 τινας,
2793 2600 2889 2652 καὶ
2925 2598 3270 2665 λωποδυσίας
3305 2602 3469 2657 αὐτὸν
3494 2604 3815 2675 παραφθεί-

2224 2706 2452 2761 ραντεςο
2488 2690 2548 2744 τὸ
2582 2690 2637 2744 δὲ
2664 2690 2728 2761 δὴ
2759 2693 2953 2762 πέρας,
2991 2694 3082 2745 ἐπὶ
3109 2693 3178 2747 τά
3205 2694 3305 2766 ὅρη
3351 2696 3515 2750 αὐτὸν
3560 2699 3817 2769 παραλα-

2223 2784 2410 2846 ϐόντες
2438 2783 2513 2848 ὠς
2540 2784 2878 2855 παμμεγέθη
2902 2785 3033 2839 ὄντα
3062 2785 3142 2857 τῷ
3188 2788 3402 2858 σώματι
3434 2789 3529 2843 καὶ
3566 2794 3634 2861 τῇ
3657 2790 3819 2844 δυνά-

2227 2892 2339 2945 μει,
2371 2873 2681 2948 λῄσταρχον
2710 2876 2872 2929 αὑτὸν
2908 2878 3418 2948 χειροτονήσαντες,
3456 2880 3579 2934 ὅλον
3610 2882 3816 2953 ἀνελεῆ

2226 2966 2321 3020 καὶ
2354 2966 2751 3039 ἀπάνθρωπον,
2795 2969 2915 3023 ὃλον
2954 2969 3158 3042 πικρὸν
3189 2971 3285 3024 καὶ
3305 2972 3498 3037 δεινὸν,
3528 2975 3624 3027 καὶ
3652 2974 3819 3029 ἄθεον

2225 3059 2386 3115 αὑτὸν
2418 3061 2897 3131 ἀποκατέστησαν.
2935 3058 3070 3117 Εἶτα
3092 3064 3274 3135 χρόνοι
3310 3067 3369 3118 ὲν
3398 3066 3477 3138 τῷ
3525 3069 3682 3139 μέσῳ
3734 3070 3818 3123 δι-

2228 3151 2463 3207 ίπτασαν
2498 3152 2778 3208 πλεῖστοι·
2812 3155 2908 3209 καὶ
2943 3155 3259 3211 ἐπανελθὼν
3278 3156 3531 3231 Ἰωάννης
3560 3162 3589 3213 6
3617 3160 3821 3215 Θεολύ-

538 3250 835 3319 Ephesum,
894 3246 995 3301 sub
1045 3244 1287 3299 otnnium
1337 3242 1510 3298 oculis
1561 3242 1818 3313 episc0po
1870 3242 2117 3298 dixisse:

2231 3261 2341 3313 γος,
2376 3245 2469 3297 ἐπὶ
2512 3244 2779 3314 Ἐφεσίων
2805 3246 2983 3313 πόλιν,
3015 3248 3183 3319 φησὶν
3214 3249 3307 3303 ἐπὶ
3339 3248 3559 3305 πάντων
3585 3250 3665 3322 τῷ
3691 3255 3820 3309 ἐπι-

546 3363 565 3395 i
610 3343 725 3412 Age
756 3341 890 3409 jam,
926 3337 1211 3408 episcolie,
1263 3334 1447 3405 profer
1487 3335 1790 3404 depositum
1847 3335 1987 3405 quod
2024 3336 2122 3391 tibi

542 3454 574 3491 a
606 3450 713 3497 nte.
752 3433 863 3489 Deo
906 3440 1044 3486 teste
1067 3469 1082 3492 ,
1118 3428 1476 3497 universaque
1512 3436 1598 3482 tua
1633 3426 1899 3496 Ecclesia,
1945 3429 2123 3482 cousi-

540 3536 762 3597 gnatum
801 3532 906 3577 est.
943 3539 964 3573 ι
1009 3519 1333 3589 Episcopum
1374 3532 1506 3573 vero
1552 3518 1653 3573 hoc
1698 3518 1866 3573 verbo
1906 3518 2124 3587 percul-

539 3634 686 3681 sum,
716 3626 906 3688 putare
932 3613 1030 3668 abs
1053 3628 1111 3667 se
1138 3611 1309 3682 repeti
1337 3611 1579 3679 pecunia:
1620 3609 1849 3679 aliquid,
1875 3610 2017 3679 quod
2038 3610 2127 3666 ille

541 3708 790 3778 deposito
830 3706 1091 3761 dedisset.
1122 3702 1409 3765 Joannem,
1448 3711 1503 3754 ut
1548 3702 1775 3756 vidisset
1808 3702 2121 3771 episcopum

546 3800 887 3857 dubitatione
920 3798 1240 3862 haerentem,
1274 3794 1474 3850 dixisse
1504 3812 1518 3848 :
1560 3812 1578 3845 ι
1609 3796 1722 3862 Age
1752 3795 1929 3849 adhuc
1968 3792 2126 3861 juve-

544 3909 668 3949 nem
706 3892 882 3956 illum,
910 3890 1193 3959 episcope,
1218 3903 1377 3957 quem
1406 3886 1500 3939 tibi
1551 3897 1807 3955 tanquam
1853 3885 1991 3939 ﬁdeli
2033 3901 2128 3940 cu-

545 3985 690 4042 stodi
748 3982 1049 4039 curandum
1084 3980 1299 4037 tradidi.
1342 3998 1360 4031 ι
1391 3977 1739 4049 Episcopum,
1786 3979 1971 4033 audito
2004 3978 2130 4046 hoc,

2226 3336 2435 3407 σκόπῳ·
2468 3356 2485 3387 ι
2503 3337 2567 3389 "A
2579 3354 2720 3406 γαγε
2744 3337 2808 3409 δή
2845 3355 2957 3408 μοι,
2979 3333 3023 3392 ὦ
3050 3339 3340 3403 ἐπίσκοπε,
3364 3342 3464 3412 τὴν
3486 3359 3824 3414 παρακαταο

2225 3427 2421 3498 θήκην,
2438 3428 2504 3498 ἦν
2523 3429 2843 3501 παρεθέμην
2865 3447 2970 3496 σοι,
2992 3431 3086 3485 τοῦ
3105 3432 3241 3485 Θεοῦ
3261 3434 3825 3506 προσμαρτυροῦντος

2226 3521 2323 3573 καὶ
2350 3519 2535 3591 πάσης
2574 3522 2673 3590 τῆς
2712 3520 3041 3593 Ἐκκλησίας
3068 3541 3188 3578 σου.
3227 3544 3245 3576 ι
3298 3525 3355 3578 '0
3383 3526 3441 3579 δὲ
3486 3527 3821 3592 ἐπίσκοπος,

2229 3612 2321 3663 ἐπὶ
2359 3610 2436 3682 τῷ
2461 3612 2666 3682 ῥήματι
2700 3611 3029 3684 θαμόηθεὶς,
3080 3615 3301 3688 ἐνόμιζε
3340 3619 3631 3689 χρήματός
3671 3637 3826 3684 τινος

2231 3703 2637 3775 παρατεθέντος
2702 3706 2853 3777 παρὰ
2927 3706 3175 3763 ’ῐωάννου
3226 3710 3672 3780 εἰσπράττεσθαι.
3734 3712 3828 3777 Ὠς

2233 3788 2327 3849 οὖν
2358 3789 2497 3847 εἶδεν
2528 3793 2689 3847 αὑτὸν
2721 3796 3099 3868 ἀπορούμενον
3136 3798 3193 3851 ὲν
3236 3798 3539 3871 ἀμηχανίᾳ,
3563 3800 3591 3851 6
3633 3797 3826 3853 Ἰωάν-

2238 3906 2359 3959 νης,
2416 3889 2549 3958 φησὶ
2604 3888 2742 3959 πρὸς
2791 3889 2979 3943 αὐτόν’
3039 3910 3057 3941 ι
3089 3892 3299 3960 Ἀγαγε
3344 3891 3408 3962 δή
3449 3908 3559 3961 μοι,
3604 3884 3649 3944 ὧ
3696 3892 3828 3945 ἐπί-

2243 3995 2438 4045 σκοπε,
2464 3980 2555 4033 τὸν
2576 3981 2820 4050 νεανίαν,
2847 3984 2907 4036 ὃν
2927 3999 3009 4038 σοι
3032 3982 3107 4053 ὡς
3136 3982 3315 4056 πιστῷ
3339 3984 3771 4039 κατεπίστευσα.
3802 4003 3822 4036 ι

2056 4133 2286 4193 ΝΟΤᾸΕ.

548 4303 701 4361 tinuit
728 4340 742 4365 ,
768 4301 896 4369 fovit
930 4298 1272 4369 humaniter:
1308 4298 1376 4347 ad
1410 4306 1699 4369 extremum
1732 4333 1747 4358 ,
1801 4292 2085 4369 baptizavit
2116 4310 2133 4358 ;

2250 4294 2769 4376 ferrestabiotiendis
2798 4295 3072 4376 dogmatis
3098 4334 3114 4359 ,
3163 4310 3288 4376 _cum
3323 4311 3511 4376 revera
3554 4294 3689 4376 nihil
3736 4295 3831 4376 ille

549 4362 789 4446 tumque,
827 4382 1085 4446 tauquam.
1108 4364 1342 4446 perfecta
1373 4373 1591 4446 tutaque
1618 4362 1730 4446 ejus
1753 4362 1919 4446 quinti
1942 4373 2132 4443 _cmlo—
2168 4376 2210 4431 ι)
2244 4379 2341 4446 pro
2370 4364 2451 4420 eis
2477 4365 2685 4446 iaciat,
2736 4365 2811 4419 uti
2852 4362 2939 4419 hic
2978 4365 3215 4420 Baronio
3261 4367 3457 4422 accidit
3480 4407 3527 4446 ,Α
3561 4365 3830 4446 iudicanti

547 4432 910 4509 dia,'1)o'mini
934 4432 1173 4491 adhibito
1198 4432 1492 4509 signaculo,
1522 4434 1738 4509 attritum
1761 4432 1906 4509 illaut
1936 4434 1989 4509 in
2012 4449 2129 4486 eum

549 4500 732 4571 curam
762 4529 823 4566 ac
854 4500 1270 4565 observationem
1314 4506 1537 4557 remisit.
1575 4500 1647 4556 Ut
1683 4504 1842 4571 plane
1894 4503 2129 4573 idipsum

550 4586 818 4642 Eusebius
856 4583 1036 4639 dicat.
1069 4578 1300 4647 sigillum
1333 4574 1672 4647 Dontiuicum
1706 4613 1720 4639 ,
1754 4592 1814 4647 ac
1855 4572 2132 4647 illumina-

551 4661 745 4711 tionem
799 4668 890 4706 seu
939 4643 1299 4718 baptismum,
1352 4646 1443 4718 qui
1481 4643 1814 4718 ειῌσφραγὶς
1850 4644 2052 4718 dicitur
2103 4660 2133 4697 a

552 4725 847 4797 Gregorio,
875 4714 1117 4797 orat._40
1141 4760 1154 4784 ,
1192 4716 1467 4797 σφραγῖδα
1607 4714 1733 4797 Lib;
1766 4714 2134 4794 συντήρησιν,

551 4799 648 4852 καὶ
667 4785 773 4865 ’τῆς
800 4785 1118 4865 δεσποτείας
1150 4785 1904 4865 σημείωσινιηὸίρρίίιιηιιιιιίᾳ
1926 4801 2139 4865 conser-

552 4870 695 4921 tatio
712 4855 812 4929 est,
841 4876 886 4917 et
917 4855 1295 4915 dominationis
1332 4856 1651 4925 signiﬁcatio
1682 4872 1699 4908 :
1728 4855 1896 4908 divini
1931 4856 2139 4929 scilicet

554 4942 606 4994 iu
644 4953 744 4991 nos
779 4927 1007 4989 dominii
1042 4931 1194 5008 velut
1228 4931 1449 5008 quidam
1495 4930 1803 5008 character,
1862 4940 1925 5008 es
1962 4927 2138 5008 gratia

554 5008 865 5077 adoptihnis
899 5019 1061 5077 quam
1096 4994 1259 5077 facit.
1290 4999 1381 5077 _Sic
1410 5006 1529 5077 post
1578 4997 1777 5077 aliqua.
1814 4994 2141 5077 εΛΕίπε,λτῇ

556 5064 814 5150 σφραγῖδι
844 5064 1151 5150 θαρρήσας,
1187 5072 1350 5124 εἰκών
1374 5064 1491 5138 εἶμι
1525 5066 1621 5150 καί
1646 5067 1806 5147 αὐτὸς
1827 5064 1963 5118 Θεοῦ
1980 5082 1994 5096 ο

554 5135 833 5216 signaculo
877 5135 1082 5216 [re-tu},
1138 5135 1483 5216 ipseguoque
1520 5137 1614 5216 Dei
1648 5138 1822 5205 imago
1856 5152 1999 5216 iam.
2050 5139 2142 5216 Sic

554 5207 973 5286 Αἶιιμὴίιοειίίιιε
1003 5207 1167 5269 Orat.
1186 5215 1238 5267 itt
1259 5207 1513 5286 Peccatr.
1537 5211 1637 5286 τὴν
1667 5207 1940 5277 σφραγῖδα
1968 5211 2141 5276 ponit,

557 5281 977 5358 pro'siguaculo
1036 5281 1578 5358 qoo__primutu_l)ei
1636 5285 1960 5358 gregishcru
2016 5294 2146 5358 oves

556 5350 845 5422 edicuntur,
878 5373 1002 5412 cum
1041 5350 1107 5410 de
1163 5350 1375 5407 zachmi
1411 5353 1584 5420 prima
1618 5351 1981 5422 conversione
2017 5350 2095 5404 ait
2127 5368 2139 5404 :

571 5431 660 5493 Ὠς
689 5430 965 5500 πρόὸατον
996 5429 1059 5500 sy.
1087 5427 1357 5500 στόματος
1386 5421 1913 5500 λυλκουάιρήρπασε,
1942 5422 2038 5474 καὶ
2079 5423 2147 5494 τῇ

562 5490 775 5575 μάνδρὶτ,
794 5490 1200 5575 συνέμιξεηκαῗ
1231 5494 1525 5575 σφραγῖδος
1555 5490 1781 5575 ἠξίωσε.
1823 5490 1971 5573 Veia!
2004 5490 2147 5575 oraui

560 5562 624 5626 ex
648 5562 863 5636 or'e'iupi
888 5562 1144 5637 abripuit,
1171 5562 1764 5637 caulthueadmiscuit,
1792 5578 1853 5637 ac
1871 5562 2147 5632 signaculo

560 5632 871 5712 impertivit.
906 5632 1051 5694 Male
1084 5654 1214 5712 ergo
1241 5632 1459 5712 Eusebii
1498 5637 1789 5712 interpres,
1818 5632 1973 5701 longa
2006 5648 2150 5702 saepe

561 5703 884 5784 paraphrasi
916 5750 932 5774 ,
984 5703 1225 5784 auctoris
1275 5710 1605 5775 detorquens
1635 5703 1990 5784 ,hobscuraus
2021 5745 2035 5768 ,
2082 5718 2147 5784 ac

564 5772 785 5842 iuutaus
825 5772 1067 5845 sensum,
1106 5772 1515 5846 incautumque,
1548 5792 1611 5830 ac
1650 5772 2139 5846 Grmciidiomatis

566 5856 753 5911 rudem
780 5844 1059 5925 lectorem,
1083 5851 1135 5905 in
1167 5844 1419 5905 errorem
1445 5850 1687 5925 mittens,
1717 5859 1780 5925 ac
1812 5844 1943 5925 risui
1970 5861 2138 5916 expo-

566 5938 701 5982 nens
733 5942 744 5976 z
774 5924 900 5978 dum
935 5931 1124 5992 putant
1163 5936 1414 5990 magnum
1471 5918 1599 5985 quid
1630 5931 1693 5969 ex
1732 5915 1962 5971 Eusebio
2006 5915 2131 5986 pro-

2241 4435 2422 4490 l'acerc
2475 4433 2770 4505 Eusebium
2829 4452 2924 4505 pro
2982 4448 3327 4491 sacramento
3387 4436 3833 4505 conﬁrmationis

2244 4505 2500 4560 distincto
2523 4520 2551 4558 a
2584 4503 2879 4575 baptismo,
2914 4521 3036 4559 cum
3067 4506 3201 4560 nihil
3230 4506 3318 4561 ille
3348 4507 3449 4561 hoc
3484 4507 3632 4561 velit.
3660 4503 3834 4572 Cujus

2240 4576 2569 4631 sacramenti
2602 4576 2863 4645 probandi
2898 4576 3123 4632 solidior
3154 4577 3292 4633 ratio
3316 4594 3345 4631 a
3371 4592 3631 4631 manuum
3651 4579 3831 4645 impo-

2244 4647 2444 4718 sitione
2492 4646 2906 4715 apostolorum,
2938 4663 3003 4702 ac
3032 4648 3282 4718 Spiritus
3332 4649 3505 4702 sancti
3560 4663 3657 4713 per
3706 4663 3832 4701 eam

2245 4717 2490 4783 dalione,
2531 4732 2694 4786 quam
2729 4718 2996 4783 Ecclesia,
3023 4717 3137 4788 jugi
3169 4719 3465 4773 traditione
3488 4733 3588 4773 ceu
3623 4731 3833 4787 myste-

2248 4789 2415 4851 rium,
2456 4801 2520 4840 ac
2556 4790 2749 4855 gratia:
2781 4798 2981 4843 statum
3017 4790 3254 4857 signum,
3287 4806 3314 4842 a
3349 4788 3567 4843 Christo
3603 4789 3835 4842 institu-

2250 4867 2385 4922 tum,
2416 4858 2645 4928 ejusque
2676 4860 3019 4913 ordinatione
3051 4875 3145 4926 per
3168 4864 3441 4928 apostolos
3458 4875 3523 4913 ac
3552 4873 3837 4913 successo-

2250 4944 2338 4984 res
2370 4932 2687 4998 episc0pos,
2732 4929 3190 4998 dispensandum,
3228 4931 3499 4985 constanti
3538 4929 3837 4983 traditione

2251 5000 2558 5067 acceperit,
2611 5014 2675 5053 ac
2706 5009 2889 5055 teneat
2932 5001 3215 5054 hactenus.
3272 5000 3432 5056 Clare
3461 5000 3627 5055 editio
3661 4999 3834 5065 Regia

2249 5070 2560 5136 Anastasii,
2598 5084 2696 5138 pro
2734 5086 2799 5125 eo
2850 5079 3013 5139 atque
3057 5070 3322 5126 Eusebius
3347 5112 3361 5134 ,
3396 5070 3473 5135 ὠς
3518 5070 3580 5123 τὸ
3624 5070 3838 5139 τέλειον

2252 5138 2403 5213 αὐτῷ
2445 5140 2821 5213 φυλακτήριον
2860 5138 3173 5213 ,ἐπιστήσας
3196 5182 3211 5209 ,
3261 5141 3362 5211 τὴν
3378 5140 3697 5213 σφραγῖδα-
3734 5138 3834 5213 τοῦ

2253 5212 2461 5281 Κυρίου
2490 5226 2503 5239 ·
2551 5210 2755 5265 ὡσανεὶ
2801 5212 2878 5282 τῷ
2928 5210 3268 5282 βαπτίσματι
3307 5210 3497 5265 τοῦτον
3534 5210 3839 5282 ἀσφαλισά-

2258 5279 2446 5352 μενος·
2475 5279 3002 5355 Αιψθηιξγεγιιοιιγιιια
3055 5279 3260 5337 habens
3295 5282 3391 5347 τὸ,
3425 5279 3838 5355 βάπτισμα-καὶ

2258 5353 2554 5425 σφραγῖδα.
2590 5354 2646 5408 ιιι
2682 5353 2845 5423 Regia
2872 5353 3111 5408 editione
3138 5357 3252 5420 ipso
3281 5356 3466 5409 statim
3495 5356 3651 5407 initio
3683 5353 3839 5403 vide-

2258 5432 2345 5478 tur
2373 5426 2554 5492 lapsus
2592 5427 2851 5480 utemoria
2901 5425 3224 5479 Anastasius
3268 5441 3282 5478 :
3313 5442 3435 5479 cum
3466 5427 3599 5478 citat
3631 5439 3693 5477 ex
3726 5436 3840 5473 uno

2257 5494 2549 5557 librorum,
2582 5511 2721 5566 quos
2756 5499 2821 5550 de
2846 5496 3077 5551 diversis
3110 5506 3425 5566 contextus.
3467 5492 3837 5563 Στρωματεῖς

2258 5576 2452 5620 vocant
2480 5582 2494 5618 :
2527 5565 2649 5620 cuin
2680 5583 2787 5621 tton
2811 5579 2992 5622 exstet
3018 5568 3069 5620 iu
3102 5565 3255 5621 libris
3288 5566 3661 5629 Stromaticis,
3690 5576 3839 5631 quos

2258 5646 2383 5707 octo
2411 5634 2677 5707 Eusebius
2694 5638 2879 5701 refert,
2909 5638 3001 5707 qui
3032 5640 3296 5693 hactenus
3319 5647 3555 5698 exstent,
3585 5635 3838 5707 citetque

2262 5706 2350 5783 ille
2377 5722 2444 5761 ex
2476 5706 2616 5783 libro
2647 5708 2753 5783 alio
2777 5749 2791 5773 ,
2845 5702 3005 5783 quem
3031 5707 3195 5783 etiam
3218 5709 3460 5783 _seorsim
3495 5702 3839 5783 inCatalg‘ga

2252 5776 2419 5831 refert
2454 5792 2468 5829 :
2503 5779 2595 5832 sed
2630 5771 3043 5834 videtur-uobis
3074 5779 3346 5834 excidisse
3376 5794 3391 5832 :
3425 5794 3489 5831 eo
3524 5775 3697 5835 titulo,
3732 5771 3838 5835 Τίς

2244 5847 2273 5900 ὁ
2313 5847 2622 5918 σωζόμενος
2652 5850 2948 5914 πλούσιος·
2988 5851 3120 5916 Quis
3152 5850 3242 5904 ille
3275 5849 3414 5903 dives
3446 5848 3509 5902 sit
3537 5846 3625 5918 qui
3656 5845 3840 5898 salta-

2248 5922 2374 5974 tur?
2396 5920 2687 5977 Gesseris.
