  <div class='ocr_page' id='page_1' title='image "/cluster/home/n/w/nwhite01/storage/ocr_20150623/89/hvd.32044010610574/562.png"; bbox 0 0 4080 6528; ppageno 0'>
   <div class='ocr_carea' id='block_1_1' title="bbox 340 388 475 453">
    <p class='ocr_par' dir='ltr' id='par_1_1' title="bbox 340 388 475 453">
     <span class='ocr_line' id='line_1_1' title="bbox 340 388 475 453; baseline 0.007 -1"><span class='ocrx_word' id='word_1_1' title='bbox 340 388 475 453; x_wconf 81' lang='lat'><strong>1109</strong></span> 
     </span>
    </p>
   </div>
   <div class='ocr_carea' id='block_1_2' title="bbox 1464 387 2451 457">
    <p class='ocr_par' dir='ltr' id='par_1_2' title="bbox 1464 387 2451 457">
     <span class='ocr_line' id='line_1_2' title="bbox 1464 387 2451 457; baseline -0.008 0"><span class='ocrx_word' id='word_1_2' title='bbox 1464 456 1467 457; x_wconf 30' lang='grc' dir='ltr'><strong>ν</strong></span> <span class='ocrx_word' id='word_1_3' title='bbox 1504 388 1793 451; x_wconf 80' lang='lat' dir='ltr'><strong>ORATIO</strong></span> <span class='ocrx_word' id='word_1_4' title='bbox 1826 388 1909 449; x_wconf 88' lang='lat' dir='ltr'><strong>IN</strong></span> <span class='ocrx_word' id='word_1_5' title='bbox 1948 387 2312 449; x_wconf 79' lang='lat' dir='ltr'><strong>PSALMUM</strong></span> <span class='ocrx_word' id='word_1_6' title='bbox 2355 388 2451 451; x_wconf 87' lang='lat' dir='ltr'><strong>VI.</strong></span> 
     </span>
    </p>
   </div>
   <div class='ocr_carea' id='block_1_3' title="bbox 3468 395 3604 464">
    <p class='ocr_par' dir='ltr' id='par_1_3' title="bbox 3468 395 3604 464">
     <span class='ocr_line' id='line_1_3' title="bbox 3468 395 3604 464; baseline 0.015 -2"><span class='ocrx_word' id='word_1_7' title='bbox 3468 395 3604 464; x_wconf 88' lang='lat'><strong>1110</strong></span> 
     </span>
    </p>
   </div>
   <div class='ocr_carea' id='block_1_4' title="bbox 348 497 1921 575">
    <p class='ocr_par' dir='ltr' id='par_1_4' title="bbox 348 498 1918 571">
     <span class='ocr_line' id='line_1_4' title="bbox 348 498 1918 571; baseline -0.004 -14"><span class='ocrx_word' id='word_1_8' title='bbox 348 504 407 556; x_wconf 87' lang='lat'><strong>&#39;0</strong></span> <span class='ocrx_word' id='word_1_9' title='bbox 431 503 487 556; x_wconf 70' lang='grc' dir='ltr'>δὲ</span> <span class='ocrx_word' id='word_1_10' title='bbox 520 498 820 565; x_wconf 74' lang='grc' dir='ltr'>ἐπίσκοπος</span> <span class='ocrx_word' id='word_1_11' title='bbox 852 500 1114 565; x_wconf 77' lang='grc' dir='ltr'>ἀκούσας,</span> <span class='ocrx_word' id='word_1_12' title='bbox 1142 498 1391 565; x_wconf 76' lang='grc' dir='ltr'><strong>στενάζει</strong></span> <span class='ocrx_word' id='word_1_13' title='bbox 1427 499 1577 569; x_wconf 79' lang='grc' dir='ltr'>μέγα</span> <span class='ocrx_word' id='word_1_14' title='bbox 1613 503 1676 553; x_wconf 81' lang='grc' dir='ltr'><strong>ἐκ</strong></span> <span class='ocrx_word' id='word_1_15' title='bbox 1699 500 1918 571; x_wconf 81' lang='grc' dir='ltr'>βαθους,</span> 
     </span>
    </p>
   </div>
   <div class='ocr_carea' id='block_1_5' title="bbox 2026 497 3606 575">
    <p class='ocr_par' dir='ltr' id='par_1_5' title="bbox 2027 497 3606 575">
     <span class='ocr_line' id='line_1_5' title="bbox 2027 497 3606 575; baseline 0.011 -24"><span class='ocrx_word' id='word_1_16' title='bbox 2027 497 2136 553; x_wconf 88' lang='lat' dir='ltr'><strong>alto</strong></span> <span class='ocrx_word' id='word_1_17' title='bbox 2176 514 2241 553; x_wconf 85' lang='lat' dir='ltr'><strong>ex</strong></span> <span class='ocrx_word' id='word_1_18' title='bbox 2283 497 2449 555; x_wconf 88' lang='lat' dir='ltr'><strong>corde</strong></span> <span class='ocrx_word' id='word_1_19' title='bbox 2495 500 2657 556; x_wconf 87' lang='lat' dir='ltr'><strong>ducto</strong></span> <span class='ocrx_word' id='word_1_20' title='bbox 2691 502 2949 573; x_wconf 84' lang='lat' dir='ltr'><strong>suSpirio,</strong></span> <span class='ocrx_word' id='word_1_21' title='bbox 2992 502 3324 575; x_wconf 88' lang='lat' dir='ltr'><strong>subiudeque</strong></span> <span class='ocrx_word' id='word_1_22' title='bbox 3365 507 3606 571; x_wconf 76' lang='lat' dir='ltr'><strong>flentem.</strong></span> 
     </span>
    </p>
   </div>
   <div class='ocr_carea' id='block_1_6' title="bbox 339 591 1920 665">
    <p class='ocr_par' dir='ltr' id='par_1_6' title="bbox 339 591 1920 665">
     <span class='ocr_line' id='line_1_6' title="bbox 339 591 1920 665; baseline -0.004 -16"><span class='ocrx_word' id='word_1_23' title='bbox 339 593 457 649; x_wconf 71' lang='grc' dir='ltr'>εἶτα</span> <span class='ocrx_word' id='word_1_24' title='bbox 488 593 719 665; x_wconf 83' lang='grc' dir='ltr'><strong>δακρύει</strong></span> <span class='ocrx_word' id='word_1_25' title='bbox 748 592 920 646; x_wconf 82' lang='grc' dir='ltr'>εἰπὼν</span> <span class='ocrx_word' id='word_1_26' title='bbox 938 593 1074 664; x_wconf 78' lang='grc' dir='ltr'>πρὸς</span> <span class='ocrx_word' id='word_1_27' title='bbox 1113 593 1395 665; x_wconf 83' lang='grc' dir='ltr'><strong>Ἰωάννην·</strong></span> <span class='ocrx_word' id='word_1_28' title='bbox 1423 610 1441 644; x_wconf 80' lang='grc' dir='ltr'><strong>ι</strong></span> <span class='ocrx_word' id='word_1_29' title='bbox 1479 591 1757 661; x_wconf 82' lang='grc' dir='ltr'>Τέθνηκεν</span> <span class='ocrx_word' id='word_1_30' title='bbox 1775 593 1920 646; x_wconf 77' lang='grc' dir='ltr'>ἐκεῖ·</span> 
     </span>
    </p>
   </div>
   <div class='ocr_carea' id='block_1_7' title="bbox 264 685 1917 759">
    <p class='ocr_par' dir='ltr' id='par_1_7' title="bbox 264 685 1917 759">
     <span class='ocr_line' id='line_1_7' title="bbox 264 685 1917 759; baseline 0.019 -28"><span class='ocrx_word' id='word_1_31' title='bbox 264 702 274 723; x_wconf 60' lang='grc' dir='ltr'>δ</span> <span class='ocrx_word' id='word_1_32' title='bbox 314 702 447 755; x_wconf 57' lang='grc' dir='ltr'>τως,</span> <span class='ocrx_word' id='word_1_33' title='bbox 490 708 509 742; x_wconf 70' lang='grc' dir='ltr'><strong>ι</strong></span> <span class='ocrx_word' id='word_1_34' title='bbox 549 687 735 759; x_wconf 79' lang='grc' dir='ltr'>φησίν.</span> <span class='ocrx_word' id='word_1_35' title='bbox 780 685 838 739; x_wconf 84' lang='grc' dir='ltr'><strong>Ὀ</strong></span> <span class='ocrx_word' id='word_1_36' title='bbox 868 687 925 740; x_wconf 82' lang='grc' dir='ltr'>δὲ</span> <span class='ocrx_word' id='word_1_37' title='bbox 980 687 1236 759; x_wconf 77' lang='grc' dir='ltr'><strong>Ἰωάννης</strong></span> <span class='ocrx_word' id='word_1_38' title='bbox 1282 688 1419 759; x_wconf 67' lang='grc' dir='ltr'>πρὸς</span> <span class='ocrx_word' id='word_1_39' title='bbox 1465 686 1651 741; x_wconf 69' lang='grc' dir='ltr'>αὐτόν’</span> <span class='ocrx_word' id='word_1_40' title='bbox 1695 706 1713 738; x_wconf 78' lang='grc'><strong>¹</strong></span> <span class='ocrx_word' id='word_1_41' title='bbox 1769 686 1917 751; x_wconf 65' lang='grc' dir='ltr'>Πῶς·</span> 
     </span>
    </p>
   </div>
   <div class='ocr_carea' id='block_1_8' title="bbox 272 776 1921 853">
    <p class='ocr_par' dir='ltr' id='par_1_8' title="bbox 272 776 1921 853">
     <span class='ocr_line' id='line_1_8' title="bbox 272 776 1921 853; baseline 0.01 -23"><span class='ocrx_word' id='word_1_42' title='bbox 272 776 275 787; x_wconf 18' lang='grc' dir='ltr'>ἶ</span> <span class='ocrx_word' id='word_1_43' title='bbox 335 782 524 853; x_wconf 70' lang='grc' dir='ltr'>φησὶν,</span> <span class='ocrx_word' id='word_1_44' title='bbox 557 780 589 851; x_wconf 83' lang='grc' dir='ltr'><strong>ἢ</strong></span> <span class='ocrx_word' id='word_1_45' title='bbox 628 780 765 850; x_wconf 81' lang='grc' dir='ltr'>ποίῳ</span> <span class='ocrx_word' id='word_1_46' title='bbox 802 779 1054 851; x_wconf 83' lang='grc' dir='ltr'>θανάτῳ;</span> <span class='ocrx_word' id='word_1_47' title='bbox 1100 799 1118 831; x_wconf 72' lang='grc' dir='ltr'><strong>ι</strong></span> <span class='ocrx_word' id='word_1_48' title='bbox 1172 780 1231 833; x_wconf 91' lang='lat'><strong>&#39;0</strong></span> <span class='ocrx_word' id='word_1_49' title='bbox 1282 779 1339 833; x_wconf 76' lang='grc' dir='ltr'>δὲ</span> <span class='ocrx_word' id='word_1_50' title='bbox 1387 779 1710 844; x_wconf 58' lang='grc' dir='ltr'>ἐπίσκοπος</span> <span class='ocrx_word' id='word_1_51' title='bbox 1751 798 1770 831; x_wconf 68' lang='grc' dir='ltr'><strong><em>ι</em></strong></span> <span class='ocrx_word' id='word_1_52' title='bbox 1815 780 1921 834; x_wconf 76' lang='grc' dir='ltr'><strong>Τδν</strong></span> 
     </span>
    </p>
   </div>
   <div class='ocr_carea' id='block_1_9' title="bbox 337 872 1922 947">
    <p class='ocr_par' dir='ltr' id='par_1_9' title="bbox 337 872 1922 947">
     <span class='ocr_line' id='line_1_9' title="bbox 337 872 1922 947; baseline -0.003 -17"><span class='ocrx_word' id='word_1_53' title='bbox 337 876 436 946; x_wconf 82' lang='grc' dir='ltr'>τῆς</span> <span class='ocrx_word' id='word_1_54' title='bbox 466 874 646 946; x_wconf 77' lang='grc' dir='ltr'>ψυχῆς</span> <span class='ocrx_word' id='word_1_55' title='bbox 676 872 908 945; x_wconf 80' lang='grc' dir='ltr'>τέθνηκε</span> <span class='ocrx_word' id='word_1_56' title='bbox 968 874 1204 928; x_wconf 78' lang='grc' dir='ltr'>θάνατον</span> <span class='ocrx_word' id='word_1_57' title='bbox 1234 892 1247 905; x_wconf 87' lang='grc'><strong>·</strong></span> <span class='ocrx_word' id='word_1_58' title='bbox 1298 874 1481 945; x_wconf 80' lang='grc' dir='ltr'>ἀπέϐη</span> <span class='ocrx_word' id='word_1_59' title='bbox 1536 875 1643 946; x_wconf 84' lang='grc' dir='ltr'>γὰρ</span> <span class='ocrx_word' id='word_1_60' title='bbox 1682 875 1922 947; x_wconf 79' lang='grc' dir='ltr'>πονηρὸς</span> 
     </span>
    </p>
   </div>
   <div class='ocr_carea' id='block_1_10' title="bbox 337 966 1924 1040">
    <p class='ocr_par' dir='ltr' id='par_1_10' title="bbox 337 966 1924 1040">
     <span class='ocr_line' id='line_1_10' title="bbox 337 966 1924 1040; baseline -0.001 -17"><span class='ocrx_word' id='word_1_61' title='bbox 337 968 703 1036; x_wconf 78' lang='grc' dir='ltr'><strong>ἐξωλέστατος</strong></span> <span class='ocrx_word' id='word_1_62' title='bbox 732 983 745 996; x_wconf 96' lang='grc'><strong>·</strong></span> <span class='ocrx_word' id='word_1_63' title='bbox 781 967 877 1021; x_wconf 71' lang='grc' dir='ltr'><strong>καὶ</strong></span> <span class='ocrx_word' id='word_1_64' title='bbox 897 968 958 1019; x_wconf 83' lang='grc' dir='ltr'><strong>τὸ</strong></span> <span class='ocrx_word' id='word_1_65' title='bbox 981 966 1045 1037; x_wconf 86' lang='grc' dir='ltr'>δὴ</span> <span class='ocrx_word' id='word_1_66' title='bbox 1077 966 1276 1038; x_wconf 83' lang='grc' dir='ltr'><strong>πέρας,</strong></span> <span class='ocrx_word' id='word_1_67' title='bbox 1327 966 1533 1040; x_wconf 81' lang='grc' dir='ltr'>λῃστὴς</span> <span class='ocrx_word' id='word_1_68' title='bbox 1564 970 1796 1038; x_wconf 79' lang='grc' dir='ltr'>ἀπεινὴς</span> <span class='ocrx_word' id='word_1_69' title='bbox 1828 985 1924 1021; x_wconf 82' lang='grc' dir='ltr'>κα-</span> 
     </span>
    </p>
   </div>
   <div class='ocr_carea' id='block_1_11' title="bbox 337 1058 1922 1132">
    <p class='ocr_par' dir='ltr' id='par_1_11' title="bbox 337 1058 1922 1132">
     <span class='ocr_line' id='line_1_11' title="bbox 337 1058 1922 1132; baseline 0 -18"><span class='ocrx_word' id='word_1_70' title='bbox 337 1064 525 1132; x_wconf 84' lang='grc' dir='ltr'>τέστη.</span> <span class='ocrx_word' id='word_1_71' title='bbox 565 1079 585 1114; x_wconf 76' lang='grc' dir='ltr'><strong>ι</strong></span> <span class='ocrx_word' id='word_1_72' title='bbox 623 1060 733 1114; x_wconf 76' lang='grc' dir='ltr'>Καὶ</span> <span class='ocrx_word' id='word_1_73' title='bbox 784 1060 921 1129; x_wconf 87' lang='grc' dir='ltr'>πρὸς</span> <span class='ocrx_word' id='word_1_74' title='bbox 948 1058 1127 1111; x_wconf 80' lang='grc' dir='ltr'>ταῦτα</span> <span class='ocrx_word' id='word_1_75' title='bbox 1170 1061 1198 1112; x_wconf 81' lang='grc' dir='ltr'>ὁ</span> <span class='ocrx_word' id='word_1_76' title='bbox 1246 1059 1500 1131; x_wconf 80' lang='grc' dir='ltr'>Ἰωάννης</span> <span class='ocrx_word' id='word_1_77' title='bbox 1532 1059 1608 1132; x_wconf 83' lang='grc' dir='ltr'>τῷ</span> <span class='ocrx_word' id='word_1_78' title='bbox 1638 1061 1922 1131; x_wconf 85' lang='grc' dir='ltr'>ὲπισκόπῳ</span> 
     </span>
    </p>
   </div>
   <div class='ocr_carea' id='block_1_12' title="bbox 246 1138 1924 1227">
    <p class='ocr_par' dir='ltr' id='par_1_12' title="bbox 246 1138 1924 1227">
     <span class='ocr_line' id='line_1_12' title="bbox 246 1138 1924 1227; baseline 0 -20"><span class='ocrx_word' id='word_1_79' title='bbox 246 1138 253 1145; x_wconf 39' lang='grc'>’</span> <span class='ocrx_word' id='word_1_80' title='bbox 338 1155 474 1227; x_wconf 84' lang='grc' dir='ltr'><strong>φησί</strong></span> <span class='ocrx_word' id='word_1_81' title='bbox 497 1172 511 1187; x_wconf 89' lang='grc'><strong>·</strong></span> <span class='ocrx_word' id='word_1_82' title='bbox 548 1174 567 1207; x_wconf 79' lang='lat' dir='ltr'><strong>r</strong></span> <span class='ocrx_word' id='word_1_83' title='bbox 603 1153 784 1209; x_wconf 84' lang='grc' dir='ltr'>Καλόν</span> <span class='ocrx_word' id='word_1_84' title='bbox 814 1170 893 1219; x_wconf 88' lang='grc' dir='ltr'><strong>σε,</strong></span> <span class='ocrx_word' id='word_1_85' title='bbox 922 1147 967 1207; x_wconf 80' lang='grc' dir='ltr'><strong>ὦ</strong></span> <span class='ocrx_word' id='word_1_86' title='bbox 991 1153 1284 1215; x_wconf 77' lang='grc' dir='ltr'>ἐπίσκοπε,</span> <span class='ocrx_word' id='word_1_87' title='bbox 1312 1153 1530 1223; x_wconf 77' lang='grc' dir='ltr'>φύλακα</span> <span class='ocrx_word' id='word_1_88' title='bbox 1550 1154 1650 1223; x_wconf 85' lang='grc' dir='ltr'>τῆς</span> <span class='ocrx_word' id='word_1_89' title='bbox 1674 1155 1769 1209; x_wconf 75' lang='grc' dir='ltr'><strong>τοῦ</strong></span> <span class='ocrx_word' id='word_1_90' title='bbox 1795 1173 1924 1209; x_wconf 84' lang='grc' dir='ltr'>παι-</span> 
     </span>
    </p>
   </div>
   <div class='ocr_carea' id='block_1_13' title="bbox 336 1246 1919 1318">
    <p class='ocr_par' dir='ltr' id='par_1_13' title="bbox 336 1246 1919 1318">
     <span class='ocr_line' id='line_1_13' title="bbox 336 1246 1919 1318; baseline -0.001 -17"><span class='ocrx_word' id='word_1_91' title='bbox 336 1249 427 1312; x_wconf 83' lang='grc' dir='ltr'><strong>δὸς</strong></span> <span class='ocrx_word' id='word_1_92' title='bbox 475 1248 658 1318; x_wconf 77' lang='grc' dir='ltr'>ψυχῆς</span> <span class='ocrx_word' id='word_1_93' title='bbox 726 1246 1165 1300; x_wconf 75' lang='grc' dir='ltr'>κατεπίστευσα·</span> <span class='ocrx_word' id='word_1_94' title='bbox 1210 1246 1377 1299; x_wconf 88' lang='grc' dir='ltr'>καλόν</span> <span class='ocrx_word' id='word_1_95' title='bbox 1426 1264 1484 1300; x_wconf 89' lang='grc' dir='ltr'><strong>σε</strong></span> <span class='ocrx_word' id='word_1_96' title='bbox 1535 1246 1770 1317; x_wconf 74' lang='grc' dir='ltr'>ποιμένα</span> <span class='ocrx_word' id='word_1_97' title='bbox 1825 1246 1919 1300; x_wconf 75' lang='grc' dir='ltr'>τοῦ</span> 
     </span>
    </p>
   </div>
   <div class='ocr_carea' id='block_1_14' title="bbox 337 1340 1922 1416">
    <p class='ocr_par' dir='ltr' id='par_1_14' title="bbox 337 1340 1922 1416">
     <span class='ocr_line' id='line_1_14' title="bbox 337 1340 1922 1416; baseline 0 -21"><span class='ocrx_word' id='word_1_98' title='bbox 337 1343 618 1416; x_wconf 76' lang='grc' dir='ltr'>προϐάτου</span> <span class='ocrx_word' id='word_1_99' title='bbox 643 1340 739 1396; x_wconf 79' lang='grc' dir='ltr'>τοῦ</span> <span class='ocrx_word' id='word_1_100' title='bbox 771 1340 1009 1413; x_wconf 74' lang='grc' dir='ltr'>Χριστοῦ</span> <span class='ocrx_word' id='word_1_101' title='bbox 1030 1342 1348 1412; x_wconf 72' lang='grc' dir='ltr'>πεποίηκα,</span> <span class='ocrx_word' id='word_1_102' title='bbox 1390 1342 1552 1396; x_wconf 80' lang='grc' dir='ltr'>Ἀλλά</span> <span class='ocrx_word' id='word_1_103' title='bbox 1574 1344 1623 1396; x_wconf 89' lang='grc' dir='ltr'><strong>εἰ</strong></span> <span class='ocrx_word' id='word_1_104' title='bbox 1655 1342 1922 1414; x_wconf 82' lang='grc' dir='ltr'>πάρεστιν</span> 
     </span>
    </p>
   </div>
   <div class='ocr_carea' id='block_1_15' title="bbox 336 1433 1923 1507">
    <p class='ocr_par' dir='ltr' id='par_1_15' title="bbox 336 1433 1923 1507">
     <span class='ocr_line' id='line_1_15' title="bbox 336 1433 1923 1507; baseline -0.001 -18"><span class='ocrx_word' id='word_1_105' title='bbox 336 1437 468 1507; x_wconf 78' lang='grc' dir='ltr'>ὑμῖν</span> <span class='ocrx_word' id='word_1_106' title='bbox 496 1434 593 1489; x_wconf 81' lang='grc' dir='ltr'><strong>νῦν</strong></span> <span class='ocrx_word' id='word_1_107' title='bbox 632 1435 821 1501; x_wconf 77' lang='grc' dir='ltr'>ἵππος,</span> <span class='ocrx_word' id='word_1_108' title='bbox 853 1436 948 1488; x_wconf 66' lang='grc' dir='ltr'><strong>καὶ</strong></span> <span class='ocrx_word' id='word_1_109' title='bbox 977 1436 1077 1503; x_wconf 86' lang='grc' dir='ltr'>τῆς</span> <span class='ocrx_word' id='word_1_110' title='bbox 1104 1433 1227 1488; x_wconf 83' lang='grc' dir='ltr'>όδοῦ</span> <span class='ocrx_word' id='word_1_111' title='bbox 1251 1451 1398 1498; x_wconf 86' lang='grc' dir='ltr'>τινες</span> <span class='ocrx_word' id='word_1_112' title='bbox 1415 1434 1620 1506; x_wconf 73' lang='grc' dir='ltr'>ὁδηγοὶ,</span> <span class='ocrx_word' id='word_1_113' title='bbox 1651 1435 1753 1506; x_wconf 84' lang='grc' dir='ltr'>τῆς</span> <span class='ocrx_word' id='word_1_114' title='bbox 1778 1435 1923 1489; x_wconf 85' lang='grc' dir='ltr'>ἀπα-</span> 
     </span>
    </p>
   </div>
   <div class='ocr_carea' id='block_1_16' title="bbox 336 1523 1923 1598">
    <p class='ocr_par' dir='ltr' id='par_1_16' title="bbox 336 1523 1923 1598">
     <span class='ocr_line' id='line_1_16' title="bbox 336 1523 1923 1598; baseline 0.001 -18"><span class='ocrx_word' id='word_1_115' title='bbox 336 1526 541 1598; x_wconf 79' lang='grc' dir='ltr'>γούσης</span> <span class='ocrx_word' id='word_1_116' title='bbox 568 1526 757 1581; x_wconf 77' lang='grc' dir='ltr'>ἕνεκεν</span> <span class='ocrx_word' id='word_1_117' title='bbox 777 1524 874 1579; x_wconf 83' lang='grc' dir='ltr'>τοῦ</span> <span class='ocrx_word' id='word_1_118' title='bbox 906 1526 1135 1591; x_wconf 86' lang='grc' dir='ltr'>παιδός;</span> <span class='ocrx_word' id='word_1_119' title='bbox 1170 1548 1186 1580; x_wconf 76' lang='grc' dir='ltr'><strong>ι</strong></span> <span class='ocrx_word' id='word_1_120' title='bbox 1235 1528 1442 1581; x_wconf 80' lang='grc' dir='ltr'>Λοιπὸν</span> <span class='ocrx_word' id='word_1_121' title='bbox 1459 1526 1534 1590; x_wconf 84' lang='grc' dir='ltr'>ὡς</span> <span class='ocrx_word' id='word_1_122' title='bbox 1562 1523 1710 1598; x_wconf 78' lang='grc' dir='ltr'>εἶχεν</span> <span class='ocrx_word' id='word_1_123' title='bbox 1742 1529 1923 1582; x_wconf 83' lang='grc' dir='ltr'>Ἰωάν-</span> 
     </span>
    </p>
   </div>
   <div class='ocr_carea' id='block_1_17' title="bbox 336 1617 1921 1691">
    <p class='ocr_par' dir='ltr' id='par_1_17' title="bbox 336 1617 1921 1691">
     <span class='ocr_line' id='line_1_17' title="bbox 336 1617 1921 1691; baseline 0.001 -21"><span class='ocrx_word' id='word_1_124' title='bbox 336 1634 436 1689; x_wconf 90' lang='grc' dir='ltr'><strong>νης</strong></span> <span class='ocrx_word' id='word_1_125' title='bbox 463 1617 651 1672; x_wconf 78' lang='grc' dir='ltr'>αὐτόθι</span> <span class='ocrx_word' id='word_1_126' title='bbox 680 1618 789 1672; x_wconf 71' lang='grc' dir='ltr'><strong>ἀπὺ</strong></span> <span class='ocrx_word' id='word_1_127' title='bbox 848 1618 951 1689; x_wconf 80' lang='grc' dir='ltr'>τῆς</span> <span class='ocrx_word' id='word_1_128' title='bbox 1012 1618 1343 1688; x_wconf 82' lang='grc' dir='ltr'>Ἐκκλησίας</span> <span class='ocrx_word' id='word_1_129' title='bbox 1377 1618 1455 1689; x_wconf 85' lang='grc' dir='ltr'>τῷ</span> <span class='ocrx_word' id='word_1_130' title='bbox 1506 1620 1665 1691; x_wconf 82' lang='grc' dir='ltr'><strong>ἵππῳ</strong></span> <span class='ocrx_word' id='word_1_131' title='bbox 1700 1619 1921 1683; x_wconf 77' lang='grc' dir='ltr'>ἐπιϐὰς,</span> 
     </span>
    </p>
   </div>
   <div class='ocr_carea' id='block_1_18' title="bbox 337 1711 1922 1783">
    <p class='ocr_par' dir='ltr' id='par_1_18' title="bbox 337 1711 1922 1783">
     <span class='ocr_line' id='line_1_18' title="bbox 337 1711 1922 1783; baseline -0.001 -17"><span class='ocrx_word' id='word_1_132' title='bbox 337 1712 598 1783; x_wconf 85' lang='grc' dir='ltr'>ἀκρατῶς</span> <span class='ocrx_word' id='word_1_133' title='bbox 627 1712 855 1783; x_wconf 75' lang='grc' dir='ltr'>ἧλαυνε,</span> <span class='ocrx_word' id='word_1_134' title='bbox 900 1712 962 1764; x_wconf 85' lang='grc' dir='ltr'>τὸ</span> <span class='ocrx_word' id='word_1_135' title='bbox 1000 1711 1277 1781; x_wconf 82' lang='grc' dir='ltr'>πλανηθὲν</span> <span class='ocrx_word' id='word_1_136' title='bbox 1311 1712 1585 1783; x_wconf 77' lang='grc' dir='ltr'>πρόϐατον</span> <span class='ocrx_word' id='word_1_137' title='bbox 1616 1712 1922 1767; x_wconf 79' lang='grc' dir='ltr'>ἀνακαλού-</span> 
     </span>
    </p>
   </div>
   <div class='ocr_carea' id='block_1_19' title="bbox 341 1804 1922 1877">
    <p class='ocr_par' dir='ltr' id='par_1_19' title="bbox 341 1804 1922 1877">
     <span class='ocr_line' id='line_1_19' title="bbox 341 1804 1922 1877; baseline -0.001 -19"><span class='ocrx_word' id='word_1_138' title='bbox 341 1822 521 1876; x_wconf 81' lang='grc' dir='ltr'>μενος.</span> <span class='ocrx_word' id='word_1_139' title='bbox 571 1806 684 1859; x_wconf 61' lang='lat' dir='ltr'><strong>Kal.</strong></span> <span class='ocrx_word' id='word_1_140' title='bbox 713 1804 777 1875; x_wconf 84' lang='grc' dir='ltr'>δὴ</span> <span class='ocrx_word' id='word_1_141' title='bbox 837 1804 1051 1874; x_wconf 79' lang='grc' dir='ltr'>φθάσας</span> <span class='ocrx_word' id='word_1_142' title='bbox 1088 1805 1159 1859; x_wconf 91' lang='grc' dir='ltr'><strong>τά</strong></span> <span class='ocrx_word' id='word_1_143' title='bbox 1199 1804 1300 1877; x_wconf 81' lang='grc' dir='ltr'>ὅρη</span> <span class='ocrx_word' id='word_1_144' title='bbox 1350 1804 1480 1859; x_wconf 69' lang='grc' dir='ltr'>ἔνθα</span> <span class='ocrx_word' id='word_1_145' title='bbox 1523 1804 1584 1859; x_wconf 79' lang='grc' dir='ltr'><strong>τὸ</strong></span> <span class='ocrx_word' id='word_1_146' title='bbox 1625 1805 1922 1877; x_wconf 81' lang='grc' dir='ltr'>λῃστήριον</span> 
     </span>
    </p>
   </div>
   <div class='ocr_carea' id='block_1_20' title="bbox 338 1897 1921 1971">
    <p class='ocr_par' dir='ltr' id='par_1_20' title="bbox 338 1897 1921 1971">
     <span class='ocr_line' id='line_1_20' title="bbox 338 1897 1921 1971; baseline -0.009 -19"><span class='ocrx_word' id='word_1_147' title='bbox 338 1899 576 1971; x_wconf 83' lang='grc' dir='ltr'>ὑπῆρχε,</span> <span class='ocrx_word' id='word_1_148' title='bbox 602 1900 891 1970; x_wconf 81' lang='grc' dir='ltr'>κρατεῖται</span> <span class='ocrx_word' id='word_1_149' title='bbox 926 1897 1034 1953; x_wconf 83' lang='grc' dir='ltr'><strong>ὑπὸ</strong></span> <span class='ocrx_word' id='word_1_150' title='bbox 1060 1899 1158 1969; x_wconf 81' lang='grc' dir='ltr'><strong>τῆς</strong></span> <span class='ocrx_word' id='word_1_151' title='bbox 1186 1898 1439 1969; x_wconf 77' lang='grc' dir='ltr'>φυλακῆς</span> <span class='ocrx_word' id='word_1_152' title='bbox 1498 1898 1668 1969; x_wconf 71' lang='grc' dir='ltr'>μηδὲν</span> <span class='ocrx_word' id='word_1_153' title='bbox 1708 1898 1921 1952; x_wconf 72' lang='grc' dir='ltr'><strong>ἀντιλέ..</strong></span> 
     </span>
    </p>
   </div>
   <div class='ocr_carea' id='block_1_21' title="bbox 336 1989 1923 2062">
    <p class='ocr_par' dir='ltr' id='par_1_21' title="bbox 336 1989 1923 2062">
     <span class='ocr_line' id='line_1_21' title="bbox 336 1989 1923 2062; baseline -0.001 -18"><span class='ocrx_word' id='word_1_154' title='bbox 336 2007 469 2060; x_wconf 90' lang='grc' dir='ltr'>γων,</span> <span class='ocrx_word' id='word_1_155' title='bbox 493 1991 627 2062; x_wconf 79' lang='grc' dir='ltr'>μηδὲ</span> <span class='ocrx_word' id='word_1_156' title='bbox 648 1990 1009 2062; x_wconf 76' lang='grc' dir='ltr'>λυπούμενος,</span> <span class='ocrx_word' id='word_1_157' title='bbox 1028 1991 1164 2045; x_wconf 83' lang='grc' dir='ltr'><strong>ἀλλά</strong></span> <span class='ocrx_word' id='word_1_158' title='bbox 1192 1991 1355 2062; x_wconf 80' lang='grc' dir='ltr'>βοῶν·</span> <span class='ocrx_word' id='word_1_159' title='bbox 1393 2010 1411 2043; x_wconf 80' lang='lat' dir='ltr'><strong>t</strong></span> <span class='ocrx_word' id='word_1_160' title='bbox 1451 1991 1576 2045; x_wconf 72' lang='grc' dir='ltr'>Ἐπὶ</span> <span class='ocrx_word' id='word_1_161' title='bbox 1608 1989 1769 2044; x_wconf 82' lang='grc' dir='ltr'>τοῦτο</span> <span class='ocrx_word' id='word_1_162' title='bbox 1796 1991 1923 2060; x_wconf 83' lang='grc' dir='ltr'>ἐλή-</span> 
     </span>
    </p>
   </div>
   <div class='ocr_carea' id='block_1_22' title="bbox 336 2083 1924 2157">
    <p class='ocr_par' dir='ltr' id='par_1_22' title="bbox 336 2083 1924 2157">
     <span class='ocr_line' id='line_1_22' title="bbox 336 2083 1924 2157; baseline 0.001 -22"><span class='ocrx_word' id='word_1_163' title='bbox 336 2083 495 2146; x_wconf 87' lang='grc' dir='ltr'>λυθα,</span> <span class='ocrx_word' id='word_1_164' title='bbox 509 2084 647 2156; x_wconf 81' lang='grc' dir='ltr'>πρὸς</span> <span class='ocrx_word' id='word_1_165' title='bbox 661 2084 752 2137; x_wconf 87' lang='grc' dir='ltr'><strong>τὸν</strong></span> <span class='ocrx_word' id='word_1_166' title='bbox 770 2085 1007 2154; x_wconf 77' lang='grc' dir='ltr'>ἄρχοντα</span> <span class='ocrx_word' id='word_1_167' title='bbox 1025 2083 1179 2154; x_wconf 82' lang='grc' dir='ltr'>ὑμῶν</span> <span class='ocrx_word' id='word_1_168' title='bbox 1194 2084 1434 2154; x_wconf 86' lang='grc' dir='ltr'>ἀγάγετέ</span> <span class='ocrx_word' id='word_1_169' title='bbox 1456 2102 1545 2155; x_wconf 83' lang='grc' dir='ltr'>με.</span> <span class='ocrx_word' id='word_1_170' title='bbox 1561 2104 1580 2138; x_wconf 76' lang='grc' dir='ltr'><strong>ι</strong></span> <span class='ocrx_word' id='word_1_171' title='bbox 1601 2085 1659 2139; x_wconf 82' lang='grc'><strong>’0</strong></span> <span class='ocrx_word' id='word_1_172' title='bbox 1675 2085 1729 2139; x_wconf 86' lang='grc' dir='ltr'>δὲ</span> <span class='ocrx_word' id='word_1_173' title='bbox 1748 2086 1924 2157; x_wconf 74' lang='grc' dir='ltr'>εἱστή-</span> 
     </span>
    </p>
   </div>
   <div class='ocr_carea' id='block_1_23' title="bbox 336 2176 1920 2249">
    <p class='ocr_par' dir='ltr' id='par_1_23' title="bbox 336 2176 1920 2249">
     <span class='ocr_line' id='line_1_23' title="bbox 336 2176 1920 2249; baseline 0.003 -21"><span class='ocrx_word' id='word_1_174' title='bbox 336 2194 424 2231; x_wconf 86' lang='grc' dir='ltr'><strong>κει</strong></span> <span class='ocrx_word' id='word_1_175' title='bbox 466 2177 809 2249; x_wconf 83' lang='grc' dir='ltr'>ὡπλισμένος</span> <span class='ocrx_word' id='word_1_176' title='bbox 832 2194 845 2209; x_wconf 95' lang='grc'><strong>·</strong></span> <span class='ocrx_word' id='word_1_177' title='bbox 880 2176 976 2230; x_wconf 70' lang='grc' dir='ltr'><strong>καί¹</strong></span> <span class='ocrx_word' id='word_1_178' title='bbox 1014 2176 1091 2239; x_wconf 84' lang='grc' dir='ltr'>ὡς</span> <span class='ocrx_word' id='word_1_179' title='bbox 1125 2176 1286 2249; x_wconf 88' lang='grc' dir='ltr'>μόνον</span> <span class='ocrx_word' id='word_1_180' title='bbox 1315 2177 1583 2231; x_wconf 79' lang='grc' dir='ltr'>ἐθεάσατο</span> <span class='ocrx_word' id='word_1_181' title='bbox 1606 2178 1698 2231; x_wconf 79' lang='grc' dir='ltr'><strong>τὸν</strong></span> <span class='ocrx_word' id='word_1_182' title='bbox 1741 2176 1920 2232; x_wconf 72' lang='grc' dir='ltr'>Ἰωάν-</span> 
     </span>
    </p>
   </div>
   <div class='ocr_carea' id='block_1_24' title="bbox 336 2270 1923 2342">
    <p class='ocr_par' dir='ltr' id='par_1_24' title="bbox 336 2270 1923 2342">
     <span class='ocr_line' id='line_1_24' title="bbox 336 2270 1923 2342; baseline 0.001 -20"><span class='ocrx_word' id='word_1_183' title='bbox 336 2289 437 2342; x_wconf 84' lang='grc' dir='ltr'><strong>νην</strong></span> <span class='ocrx_word' id='word_1_184' title='bbox 495 2270 635 2340; x_wconf 77' lang='grc' dir='ltr'>πρὸς</span> <span class='ocrx_word' id='word_1_185' title='bbox 690 2271 856 2324; x_wconf 74' lang='grc' dir='ltr'>αὑτὸν</span> <span class='ocrx_word' id='word_1_186' title='bbox 907 2270 1230 2341; x_wconf 81' lang='grc' dir='ltr'>ἐρχόμενον,</span> <span class='ocrx_word' id='word_1_187' title='bbox 1278 2270 1547 2334; x_wconf 77' lang='grc' dir='ltr'>αἰδεσθεὶς</span> <span class='ocrx_word' id='word_1_188' title='bbox 1616 2273 1697 2334; x_wconf 84' lang='grc' dir='ltr'><strong>είς</strong></span> <span class='ocrx_word' id='word_1_189' title='bbox 1745 2272 1923 2341; x_wconf 81' lang='grc' dir='ltr'>φυγὴν</span> 
     </span>
    </p>
   </div>
   <div class='ocr_carea' id='block_1_25' title="bbox 335 2359 1926 2432">
    <p class='ocr_par' dir='ltr' id='par_1_25' title="bbox 335 2359 1926 2432">
     <span class='ocr_line' id='line_1_25' title="bbox 335 2359 1926 2432; baseline 0.001 -20"><span class='ocrx_word' id='word_1_190' title='bbox 335 2360 619 2430; x_wconf 79' lang='grc' dir='ltr'>ἐτρέπετο.</span> <span class='ocrx_word' id='word_1_191' title='bbox 669 2359 729 2413; x_wconf 81' lang='grc' dir='ltr'><strong>ὐ</strong></span> <span class='ocrx_word' id='word_1_192' title='bbox 755 2359 813 2412; x_wconf 83' lang='grc' dir='ltr'>δὲ</span> <span class='ocrx_word' id='word_1_193' title='bbox 849 2360 1110 2432; x_wconf 83' lang='grc' dir='ltr'>Ἰωάννης</span> <span class='ocrx_word' id='word_1_194' title='bbox 1150 2360 1342 2432; x_wconf 79' lang='grc' dir='ltr'>ὥσπερ</span> <span class='ocrx_word' id='word_1_195' title='bbox 1381 2360 1474 2414; x_wconf 78' lang='grc' dir='ltr'>τοῦ</span> <span class='ocrx_word' id='word_1_196' title='bbox 1506 2362 1695 2432; x_wconf 81' lang='grc' dir='ltr'>γήρως</span> <span class='ocrx_word' id='word_1_197' title='bbox 1732 2363 1926 2415; x_wconf 82' lang='grc' dir='ltr'>ἐπιλα-</span> 
     </span>
    </p>
   </div>
   <div class='ocr_carea' id='block_1_26' title="bbox 335 2451 1922 2524">
    <p class='ocr_par' dir='ltr' id='par_1_26' title="bbox 335 2451 1922 2524">
     <span class='ocr_line' id='line_1_26' title="bbox 335 2451 1922 2524; baseline -0.001 -17"><span class='ocrx_word' id='word_1_198' title='bbox 335 2453 588 2522; x_wconf 86' lang='grc' dir='ltr'>θόμενος,</span> <span class='ocrx_word' id='word_1_199' title='bbox 625 2451 886 2524; x_wconf 83' lang='grc' dir='ltr'>ἀκρατῶς</span> <span class='ocrx_word' id='word_1_200' title='bbox 905 2451 999 2505; x_wconf 81' lang='grc' dir='ltr'><strong>τὸν</strong></span> <span class='ocrx_word' id='word_1_201' title='bbox 1027 2452 1194 2507; x_wconf 85' lang='grc' dir='ltr'>παῖδα</span> <span class='ocrx_word' id='word_1_202' title='bbox 1210 2453 1513 2506; x_wconf 84' lang='grc' dir='ltr'>κατεδίωκε</span> <span class='ocrx_word' id='word_1_203' title='bbox 1552 2454 1755 2522; x_wconf 82' lang='grc' dir='ltr'>λέγων·</span> <span class='ocrx_word' id='word_1_204' title='bbox 1797 2472 1816 2506; x_wconf 81' lang='grc' dir='ltr'><strong>ι</strong></span> <span class='ocrx_word' id='word_1_205' title='bbox 1856 2454 1922 2507; x_wconf 83' lang='grc' dir='ltr'><strong>Τί</strong></span> 
     </span>
    </p>
   </div>
   <div class='ocr_carea' id='block_1_27' title="bbox 228 2542 1922 2617">
    <p class='ocr_par' dir='ltr' id='par_1_27' title="bbox 228 2542 1922 2617">
     <span class='ocr_line' id='line_1_27' title="bbox 228 2542 1922 2617; baseline 0.001 -20"><span class='ocrx_word' id='word_1_206' title='bbox 228 2548 233 2551; x_wconf 85' lang='grc'><em>’</em></span> <span class='ocrx_word' id='word_1_207' title='bbox 336 2543 582 2614; x_wconf 78' lang='grc' dir='ltr'>φεύγεις,</span> <span class='ocrx_word' id='word_1_208' title='bbox 602 2544 817 2610; x_wconf 83' lang='grc' dir='ltr'>τέκνον,</span> <span class='ocrx_word' id='word_1_209' title='bbox 858 2542 950 2598; x_wconf 82' lang='grc' dir='ltr'><strong>τὸν</strong></span> <span class='ocrx_word' id='word_1_210' title='bbox 973 2544 1066 2599; x_wconf 83' lang='grc' dir='ltr'><strong>σὸν</strong></span> <span class='ocrx_word' id='word_1_211' title='bbox 1090 2545 1339 2617; x_wconf 82' lang='grc' dir='ltr'>πατέρα;</span> <span class='ocrx_word' id='word_1_212' title='bbox 1361 2546 1425 2597; x_wconf 80' lang='grc' dir='ltr'>Τί</span> <span class='ocrx_word' id='word_1_213' title='bbox 1457 2562 1546 2616; x_wconf 87' lang='grc' dir='ltr'><strong>μοι</strong></span> <span class='ocrx_word' id='word_1_214' title='bbox 1578 2546 1783 2611; x_wconf 82' lang='grc' dir='ltr'>κόπους</span> <span class='ocrx_word' id='word_1_215' title='bbox 1814 2563 1922 2599; x_wconf 91' lang='grc' dir='ltr'>πα-</span> 
     </span>
    </p>
   </div>
   <div class='ocr_carea' id='block_1_28' title="bbox 338 2637 1924 2710">
    <p class='ocr_par' dir='ltr' id='par_1_28' title="bbox 338 2637 1924 2710">
     <span class='ocr_line' id='line_1_28' title="bbox 338 2637 1924 2710; baseline 0.003 -21"><span class='ocrx_word' id='word_1_216' title='bbox 338 2637 551 2709; x_wconf 52' lang='lat' dir='ltr'><strong>pilare;</strong></span> <span class='ocrx_word' id='word_1_217' title='bbox 590 2638 849 2709; x_wconf 76' lang='grc' dir='ltr'>Ἐλέησόν</span> <span class='ocrx_word' id='word_1_218' title='bbox 886 2655 952 2708; x_wconf 88' lang='grc' dir='ltr'><strong>με</strong></span> <span class='ocrx_word' id='word_1_219' title='bbox 974 2638 1065 2691; x_wconf 79' lang='grc' dir='ltr'>τὸν</span> <span class='ocrx_word' id='word_1_220' title='bbox 1115 2638 1291 2705; x_wconf 83' lang='grc' dir='ltr'>ξένον,</span> <span class='ocrx_word' id='word_1_221' title='bbox 1326 2639 1421 2692; x_wconf 85' lang='grc' dir='ltr'><strong>τὸν</strong></span> <span class='ocrx_word' id='word_1_222' title='bbox 1447 2640 1673 2710; x_wconf 76' lang='grc' dir='ltr'>γυμνὸν,</span> <span class='ocrx_word' id='word_1_223' title='bbox 1696 2638 1789 2694; x_wconf 81' lang='grc' dir='ltr'><strong>τὸν</strong></span> <span class='ocrx_word' id='word_1_224' title='bbox 1825 2640 1924 2708; x_wconf 77' lang='grc' dir='ltr'><strong>γέ·-</strong></span> 
     </span>
    </p>
   </div>
   <div class='ocr_carea' id='block_1_29' title="bbox 348 2730 1918 2804">
    <p class='ocr_par' dir='ltr' id='par_1_29' title="bbox 348 2730 1918 2804">
     <span class='ocr_line' id='line_1_29' title="bbox 348 2730 1918 2804; baseline -0.002 -18"><span class='ocrx_word' id='word_1_225' title='bbox 348 2749 535 2804; x_wconf 85' lang='grc' dir='ltr'>ροντα,</span> <span class='ocrx_word' id='word_1_226' title='bbox 561 2734 655 2786; x_wconf 81' lang='grc' dir='ltr'><strong>τὸν</strong></span> <span class='ocrx_word' id='word_1_227' title='bbox 677 2731 958 2796; x_wconf 80' lang='grc' dir='ltr'>ἀδύνατον,</span> <span class='ocrx_word' id='word_1_228' title='bbox 997 2731 1088 2785; x_wconf 79' lang='grc' dir='ltr'><strong>τὸν</strong></span> <span class='ocrx_word' id='word_1_229' title='bbox 1120 2732 1355 2803; x_wconf 86' lang='grc' dir='ltr'>πτωχόν.</span> <span class='ocrx_word' id='word_1_230' title='bbox 1394 2731 1585 2801; x_wconf 81' lang='grc' dir='ltr'>Στῆθι,</span> <span class='ocrx_word' id='word_1_231' title='bbox 1618 2730 1693 2803; x_wconf 86' lang='grc' dir='ltr'><strong>μὴ</strong></span> <span class='ocrx_word' id='word_1_232' title='bbox 1721 2730 1918 2801; x_wconf 79' lang='grc' dir='ltr'>φοϐοῦ·</span> 
     </span>
    </p>
   </div>
   <div class='ocr_carea' id='block_1_30' title="bbox 346 2818 1926 2892">
    <p class='ocr_par' dir='ltr' id='par_1_30' title="bbox 346 2818 1926 2892">
     <span class='ocr_line' id='line_1_30' title="bbox 346 2818 1926 2892; baseline -0.001 -19"><span class='ocrx_word' id='word_1_233' title='bbox 346 2820 494 2891; x_wconf 78' lang='grc' dir='ltr'>ἔχεις</span> <span class='ocrx_word' id='word_1_234' title='bbox 522 2820 715 2874; x_wconf 76' lang='grc' dir='ltr'>ἐλπίδα</span> <span class='ocrx_word' id='word_1_235' title='bbox 747 2820 1054 2892; x_wconf 79' lang='grc' dir='ltr'>σωτηρίας·</span> <span class='ocrx_word' id='word_1_236' title='bbox 1101 2818 1212 2888; x_wconf 78' lang='grc' dir='ltr'>ἐγὼ</span> <span class='ocrx_word' id='word_1_237' title='bbox 1258 2819 1398 2891; x_wconf 83' lang='grc' dir='ltr'>ὑπὲρ</span> <span class='ocrx_word' id='word_1_238' title='bbox 1451 2818 1546 2872; x_wconf 81' lang='grc' dir='ltr'>σοῦ</span> <span class='ocrx_word' id='word_1_239' title='bbox 1591 2820 1926 2891; x_wconf 83' lang='grc' dir='ltr'>ἀπολογήσο-</span> 
     </span>
    </p>
   </div>
   <div class='ocr_carea' id='block_1_31' title="bbox 240 2912 1925 2991">
    <p class='ocr_par' dir='ltr' id='par_1_31' title="bbox 240 2912 1925 2991">
     <span class='ocr_line' id='line_1_31' title="bbox 240 2912 1925 2991; baseline 0.002 -28"><span class='ocrx_word' id='word_1_240' title='bbox 240 2950 249 2951; x_wconf 61' lang='grc' dir='ltr'><em>η</em></span> <span class='ocrx_word' id='word_1_241' title='bbox 340 2930 477 2984; x_wconf 82' lang='grc' dir='ltr'>μαι·</span> <span class='ocrx_word' id='word_1_242' title='bbox 520 2912 633 2983; x_wconf 79' lang='grc' dir='ltr'>ἐγὼ</span> <span class='ocrx_word' id='word_1_243' title='bbox 656 2914 755 2985; x_wconf 80' lang='grc' dir='ltr'><strong>τὴν</strong></span> <span class='ocrx_word' id='word_1_244' title='bbox 785 2913 962 2991; x_wconf 74' lang='grc' dir='ltr'>ψυχήν</span> <span class='ocrx_word' id='word_1_245' title='bbox 993 2930 1096 2984; x_wconf 90' lang='grc' dir='ltr'><strong>μου</strong></span> <span class='ocrx_word' id='word_1_246' title='bbox 1130 2913 1268 2986; x_wconf 80' lang='grc' dir='ltr'>ὑπὲρ</span> <span class='ocrx_word' id='word_1_247' title='bbox 1297 2913 1393 2967; x_wconf 81' lang='grc' dir='ltr'><strong>σοῦ</strong></span> <span class='ocrx_word' id='word_1_248' title='bbox 1437 2912 1609 2985; x_wconf 83' lang='grc' dir='ltr'>θήσω,</span> <span class='ocrx_word' id='word_1_249' title='bbox 1641 2912 1717 2977; x_wconf 85' lang='grc' dir='ltr'>ὼς</span> <span class='ocrx_word' id='word_1_250' title='bbox 1752 2914 1781 2965; x_wconf 84' lang='grc' dir='ltr'>ὁ</span> <span class='ocrx_word' id='word_1_251' title='bbox 1811 2914 1925 2966; x_wconf 86' lang='grc' dir='ltr'><strong>Κύ-</strong></span> 
     </span>
    </p>
   </div>
   <div class='ocr_carea' id='block_1_32' title="bbox 339 3006 1925 3079">
    <p class='ocr_par' dir='ltr' id='par_1_32' title="bbox 339 3006 1925 3079">
     <span class='ocr_line' id='line_1_32' title="bbox 339 3006 1925 3079; baseline -0.001 -18"><span class='ocrx_word' id='word_1_252' title='bbox 339 3025 454 3078; x_wconf 89' lang='grc' dir='ltr'>ριος</span> <span class='ocrx_word' id='word_1_253' title='bbox 475 3008 615 3078; x_wconf 82' lang='grc' dir='ltr'>ὑπὲρ</span> <span class='ocrx_word' id='word_1_254' title='bbox 633 3008 812 3079; x_wconf 84' lang='grc' dir='ltr'>ήμῶν.</span> <span class='ocrx_word' id='word_1_255' title='bbox 834 3008 925 3078; x_wconf 84' lang='grc' dir='ltr'><strong>Μὴ</strong></span> <span class='ocrx_word' id='word_1_256' title='bbox 944 3006 1137 3077; x_wconf 78' lang='grc' dir='ltr'>φοϐοῦ,</span> <span class='ocrx_word' id='word_1_257' title='bbox 1168 3006 1381 3073; x_wconf 83' lang='grc' dir='ltr'>τέκνον,</span> <span class='ocrx_word' id='word_1_258' title='bbox 1417 3006 1596 3077; x_wconf 82' lang='grc' dir='ltr'>στῆθι·</span> <span class='ocrx_word' id='word_1_259' title='bbox 1625 3006 1925 3061; x_wconf 74' lang='grc' dir='ltr'>Πίστευσον</span> 
     </span>
    </p>
   </div>
   <div class='ocr_carea' id='block_1_33' title="bbox 340 3099 1925 3171">
    <p class='ocr_par' dir='ltr' id='par_1_33' title="bbox 340 3099 1925 3171">
     <span class='ocr_line' id='line_1_33' title="bbox 340 3099 1925 3171; baseline 0.001 -18"><span class='ocrx_word' id='word_1_260' title='bbox 340 3116 453 3171; x_wconf 86' lang='grc' dir='ltr'>μοι·</span> <span class='ocrx_word' id='word_1_261' title='bbox 486 3102 516 3154; x_wconf 84' lang='grc' dir='ltr'><strong>ό</strong></span> <span class='ocrx_word' id='word_1_262' title='bbox 544 3099 780 3171; x_wconf 88' lang='grc' dir='ltr'>Χριστός</span> <span class='ocrx_word' id='word_1_263' title='bbox 813 3117 880 3170; x_wconf 88' lang='grc' dir='ltr'><strong>με</strong></span> <span class='ocrx_word' id='word_1_264' title='bbox 912 3099 1259 3165; x_wconf 78' lang='grc' dir='ltr'>ἀπέστειλεν,</span> <span class='ocrx_word' id='word_1_265' title='bbox 1295 3100 1492 3169; x_wconf 81' lang='grc' dir='ltr'>ἄφεσίν</span> <span class='ocrx_word' id='word_1_266' title='bbox 1535 3117 1616 3153; x_wconf 89' lang='grc' dir='ltr'><strong>σοι</strong></span> <span class='ocrx_word' id='word_1_267' title='bbox 1670 3100 1925 3170; x_wconf 78' lang='grc' dir='ltr'>ἐπιφερό-</span> 
     </span>
    </p>
   </div>
   <div class='ocr_carea' id='block_1_34' title="bbox 2021 591 3603 675">
    <p class='ocr_par' dir='ltr' id='par_1_34' title="bbox 2021 591 3603 675">
     <span class='ocr_line' id='line_1_34' title="bbox 2021 591 3603 675; baseline 0.01 -29"><span class='ocrx_word' id='word_1_268' title='bbox 2021 591 2215 647; x_wconf 87' lang='lat' dir='ltr'><strong>Joanni</strong></span> <span class='ocrx_word' id='word_1_269' title='bbox 2250 592 2453 651; x_wconf 80' lang='lat' dir='ltr'><strong>dixisse</strong></span> <span class='ocrx_word' id='word_1_270' title='bbox 2475 611 2519 648; x_wconf 72' lang='grc' dir='ltr'><strong>ε(</strong></span> <span class='ocrx_word' id='word_1_271' title='bbox 2542 610 2665 651; x_wconf 90' lang='lat' dir='ltr'><strong>eum</strong></span> <span class='ocrx_word' id='word_1_272' title='bbox 2693 597 2807 666; x_wconf 87' lang='lat' dir='ltr'><strong>jam</strong></span> <span class='ocrx_word' id='word_1_273' title='bbox 2838 607 3107 654; x_wconf 88' lang='lat' dir='ltr'><strong>mortuum</strong></span> <span class='ocrx_word' id='word_1_274' title='bbox 3137 605 3414 660; x_wconf 59' lang='lat' dir='ltr'><strong>esseaAd</strong></span> <span class='ocrx_word' id='word_1_275' title='bbox 3439 622 3603 675; x_wconf 86' lang='lat' dir='ltr'><strong>quem</strong></span> 
     </span>
    </p>
   </div>
   <div class='ocr_carea' id='block_1_35' title="bbox 2022 682 3606 761">
    <p class='ocr_par' dir='ltr' id='par_1_35' title="bbox 2022 682 3606 761">
     <span class='ocr_line' id='line_1_35' title="bbox 2022 682 3606 761; baseline 0.008 -22"><span class='ocrx_word' id='word_1_276' title='bbox 2022 682 2285 739; x_wconf 82' lang='lat' dir='ltr'><strong>Joannem</strong></span> <span class='ocrx_word' id='word_1_277' title='bbox 2338 703 2351 740; x_wconf 90' lang='lat'><strong>:</strong></span> <span class='ocrx_word' id='word_1_278' title='bbox 2412 704 2430 739; x_wconf 75' lang='grc' dir='ltr'><strong>ι</strong></span> <span class='ocrx_word' id='word_1_279' title='bbox 2469 685 2780 753; x_wconf 80' lang='lat' dir='ltr'><strong>Quomodo,</strong></span> <span class='ocrx_word' id='word_1_280' title='bbox 2828 689 3035 759; x_wconf 81' lang='lat' dir='ltr'><strong>inquit,</strong></span> <span class='ocrx_word' id='word_1_281' title='bbox 3093 699 3317 761; x_wconf 90' lang='lat' dir='ltr'><strong>antqua</strong></span> <span class='ocrx_word' id='word_1_282' title='bbox 3389 697 3606 752; x_wconf 88' lang='lat' dir='ltr'><strong>tandem</strong></span> 
     </span>
    </p>
   </div>
   <div class='ocr_carea' id='block_1_36' title="bbox 2022 778 3605 860">
    <p class='ocr_par' dir='ltr' id='par_1_36' title="bbox 2022 778 3605 860">
     <span class='ocr_line' id='line_1_36' title="bbox 2022 778 3605 860; baseline 0.008 -29"><span class='ocrx_word' id='word_1_283' title='bbox 2022 778 2234 833; x_wconf 89' lang='lat' dir='ltr'><strong>morte?</strong></span> <span class='ocrx_word' id='word_1_284' title='bbox 2270 797 2289 831; x_wconf 70' lang='grc' dir='ltr'><strong>ι</strong></span> <span class='ocrx_word' id='word_1_285' title='bbox 2329 779 2410 834; x_wconf 81' lang='lat' dir='ltr'><strong>Ad</strong></span> <span class='ocrx_word' id='word_1_286' title='bbox 2441 795 2602 850; x_wconf 89' lang='lat' dir='ltr'><strong>quem</strong></span> <span class='ocrx_word' id='word_1_287' title='bbox 2629 782 2943 853; x_wconf 91' lang='lat' dir='ltr'><strong>episcopum</strong></span> <span class='ocrx_word' id='word_1_288' title='bbox 2979 802 2994 838; x_wconf 90' lang='lat'><strong>:</strong></span> <span class='ocrx_word' id='word_1_289' title='bbox 3025 801 3044 836; x_wconf 79' lang='grc' dir='ltr'><strong>ι</strong></span> <span class='ocrx_word' id='word_1_290' title='bbox 3088 783 3348 853; x_wconf 87' lang='lat' dir='ltr'><strong>Mortuus,</strong></span> <span class='ocrx_word' id='word_1_291' title='bbox 3405 788 3605 860; x_wconf 87' lang='lat' dir='ltr'><strong>inquit,</strong></span> 
     </span>
    </p>
   </div>
   <div class='ocr_carea' id='block_1_37' title="bbox 2024 872 3610 950">
    <p class='ocr_par' dir='ltr' id='par_1_37' title="bbox 2024 872 3610 950">
     <span class='ocr_line' id='line_1_37' title="bbox 2024 872 3610 950; baseline 0.009 -24"><span class='ocrx_word' id='word_1_292' title='bbox 2024 878 2106 926; x_wconf 87' lang='lat' dir='ltr'><strong>est</strong></span> <span class='ocrx_word' id='word_1_293' title='bbox 2136 880 2313 926; x_wconf 89' lang='lat' dir='ltr'><strong>morte</strong></span> <span class='ocrx_word' id='word_1_294' title='bbox 2343 872 2538 927; x_wconf 70' lang='lat' dir='ltr'><strong>animae</strong></span> <span class='ocrx_word' id='word_1_295' title='bbox 2574 889 2590 940; x_wconf 91' lang='lat'><strong>;</strong></span> <span class='ocrx_word' id='word_1_296' title='bbox 2625 874 2823 945; x_wconf 87' lang='lat' dir='ltr'><strong>quippe</strong></span> <span class='ocrx_word' id='word_1_297' title='bbox 2865 874 3047 931; x_wconf 88' lang='lat' dir='ltr'><strong>factus</strong></span> <span class='ocrx_word' id='word_1_298' title='bbox 3075 884 3161 931; x_wconf 88' lang='lat' dir='ltr'><strong>est</strong></span> <span class='ocrx_word' id='word_1_299' title='bbox 3213 877 3492 950; x_wconf 87' lang='lat' dir='ltr'><strong>improbus</strong></span> <span class='ocrx_word' id='word_1_300' title='bbox 3546 900 3610 940; x_wconf 86' lang='lat' dir='ltr'><strong>ac</strong></span> 
     </span>
    </p>
   </div>
   <div class='ocr_carea' id='block_1_38' title="bbox 2022 964 3607 1035">
    <p class='ocr_par' dir='ltr' id='par_1_38' title="bbox 2022 964 3607 1035">
     <span class='ocr_line' id='line_1_38' title="bbox 2022 964 3607 1035; baseline 0.01 -17"><span class='ocrx_word' id='word_1_301' title='bbox 2022 964 2462 1034; x_wconf 85' lang='lat' dir='ltr'><strong>perditissimus:</strong></span> <span class='ocrx_word' id='word_1_302' title='bbox 2508 981 2571 1022; x_wconf 90' lang='lat' dir='ltr'><strong>ac</strong></span> <span class='ocrx_word' id='word_1_303' title='bbox 2618 967 2834 1022; x_wconf 84' lang='lat' dir='ltr'><strong>tandem</strong></span> <span class='ocrx_word' id='word_1_304' title='bbox 2893 969 2948 1023; x_wconf 93' lang='lat' dir='ltr'><strong>in</strong></span> <span class='ocrx_word' id='word_1_305' title='bbox 2994 969 3284 1029; x_wconf 82' lang='lat' dir='ltr'><strong>immanem</strong></span> <span class='ocrx_word' id='word_1_306' title='bbox 3338 976 3607 1035; x_wconf 82' lang='lat' dir='ltr'><strong>latronem</strong></span> 
     </span>
    </p>
   </div>
   <div class='ocr_carea' id='block_1_39' title="bbox 2024 1056 3608 1142">
    <p class='ocr_par' dir='ltr' id='par_1_39' title="bbox 2024 1056 3608 1142">
     <span class='ocr_line' id='line_1_39' title="bbox 2024 1056 3608 1142; baseline 0.011 -32"><span class='ocrx_word' id='word_1_307' title='bbox 2024 1057 2313 1125; x_wconf 83' lang='lat' dir='ltr'><strong>promovit.</strong></span> <span class='ocrx_word' id='word_1_308' title='bbox 2354 1075 2374 1111; x_wconf 75' lang='grc' dir='ltr'><strong>ι</strong></span> <span class='ocrx_word' id='word_1_309' title='bbox 2406 1058 2486 1113; x_wconf 87' lang='lat' dir='ltr'><strong>Ad</strong></span> <span class='ocrx_word' id='word_1_310' title='bbox 2514 1059 2628 1115; x_wconf 67' lang='lat' dir='ltr'><strong>haec</strong></span> <span class='ocrx_word' id='word_1_311' title='bbox 2652 1058 2915 1115; x_wconf 84' lang='lat' dir='ltr'><strong>Joannem</strong></span> <span class='ocrx_word' id='word_1_312' title='bbox 2940 1056 3193 1136; x_wconf 83' lang='lat' dir='ltr'><strong>episeopo</strong></span> <span class='ocrx_word' id='word_1_313' title='bbox 3227 1086 3241 1123; x_wconf 87' lang='lat'><strong><em>:</em></strong></span> <span class='ocrx_word' id='word_1_314' title='bbox 3276 1087 3293 1121; x_wconf 76' lang='grc' dir='ltr'><strong>ι</strong></span> <span class='ocrx_word' id='word_1_315' title='bbox 3322 1070 3608 1142; x_wconf 82' lang='lat' dir='ltr'><strong>Egregium</strong></span> 
     </span>
    </p>
   </div>
   <div class='ocr_carea' id='block_1_40' title="bbox 2027 1150 3606 1233">
    <p class='ocr_par' dir='ltr' id='par_1_40' title="bbox 2027 1150 3606 1233">
     <span class='ocr_line' id='line_1_40' title="bbox 2027 1150 3606 1233; baseline 0.01 -28"><span class='ocrx_word' id='word_1_316' title='bbox 2027 1150 2239 1205; x_wconf 88' lang='lat' dir='ltr'><strong>scilicet</strong></span> <span class='ocrx_word' id='word_1_317' title='bbox 2269 1159 2341 1216; x_wconf 89' lang='lat' dir='ltr'><strong>te,</strong></span> <span class='ocrx_word' id='word_1_318' title='bbox 2379 1151 2582 1221; x_wconf 87' lang='lat' dir='ltr'><strong>inquit,</strong></span> <span class='ocrx_word' id='word_1_319' title='bbox 2614 1154 2940 1225; x_wconf 88' lang='lat' dir='ltr'><strong>oepiscope,</strong></span> <span class='ocrx_word' id='word_1_320' title='bbox 2976 1160 3174 1216; x_wconf 72' lang='lat' dir='ltr'><strong>artium</strong></span> <span class='ocrx_word' id='word_1_321' title='bbox 3210 1165 3366 1233; x_wconf 90' lang='lat' dir='ltr'><strong>pueri</strong></span> <span class='ocrx_word' id='word_1_322' title='bbox 3417 1176 3606 1222; x_wconf 91' lang='lat' dir='ltr'><strong>custo-</strong></span> 
     </span>
    </p>
   </div>
   <div class='ocr_carea' id='block_1_41' title="bbox 2024 1241 3607 1317">
    <p class='ocr_par' dir='ltr' id='par_1_41' title="bbox 2024 1241 3607 1317">
     <span class='ocr_line' id='line_1_41' title="bbox 2024 1241 3607 1317; baseline 0.012 -21"><span class='ocrx_word' id='word_1_323' title='bbox 2024 1243 2147 1297; x_wconf 88' lang='lat' dir='ltr'><strong>dem</strong></span> <span class='ocrx_word' id='word_1_324' title='bbox 2199 1241 2416 1311; x_wconf 68' lang='lat' dir='ltr'><strong>praafeci</strong></span> <span class='ocrx_word' id='word_1_325' title='bbox 2450 1263 2481 1314; x_wconf 61' lang='grc' dir='ltr'><strong>,ε</strong></span> <span class='ocrx_word' id='word_1_326' title='bbox 2520 1246 2800 1314; x_wconf 83' lang='lat' dir='ltr'><strong>egregium</strong></span> <span class='ocrx_word' id='word_1_327' title='bbox 2849 1255 2900 1302; x_wconf 89' lang='lat' dir='ltr'><strong>te</strong></span> <span class='ocrx_word' id='word_1_328' title='bbox 2947 1260 3222 1317; x_wconf 85' lang='lat' dir='ltr'><strong>pastorem</strong></span> <span class='ocrx_word' id='word_1_329' title='bbox 3263 1259 3377 1311; x_wconf 90' lang='lat' dir='ltr'><strong>ovis</strong></span> <span class='ocrx_word' id='word_1_330' title='bbox 3405 1258 3607 1317; x_wconf 85' lang='lat' dir='ltr'><strong>Christi</strong></span> 
     </span>
    </p>
   </div>
   <div class='ocr_carea' id='block_1_42' title="bbox 2025 1333 3609 1422">
    <p class='ocr_par' dir='ltr' id='par_1_42' title="bbox 2025 1333 3609 1422">
     <span class='ocr_line' id='line_1_42' title="bbox 2025 1333 3609 1422; baseline 0.013 -33"><span class='ocrx_word' id='word_1_331' title='bbox 2025 1333 2171 1390; x_wconf 89' lang='lat' dir='ltr'><strong>feci?</strong></span> <span class='ocrx_word' id='word_1_332' title='bbox 2203 1334 2308 1391; x_wconf 81' lang='lat' dir='ltr'><strong>Séd</strong></span> <span class='ocrx_word' id='word_1_333' title='bbox 2328 1340 2570 1408; x_wconf 88' lang='lat' dir='ltr'><strong>nunquid</strong></span> <span class='ocrx_word' id='word_1_334' title='bbox 2605 1355 2825 1410; x_wconf 90' lang='lat' dir='ltr'><strong>equum,</strong></span> <span class='ocrx_word' id='word_1_335' title='bbox 2857 1344 3055 1414; x_wconf 84' lang='lat' dir='ltr'><strong>inquit,</strong></span> <span class='ocrx_word' id='word_1_336' title='bbox 3079 1365 3225 1405; x_wconf 92' lang='lat' dir='ltr'><strong>nunc</strong></span> <span class='ocrx_word' id='word_1_337' title='bbox 3245 1352 3482 1422; x_wconf 84' lang='lat' dir='ltr'><strong>aliquem</strong></span> <span class='ocrx_word' id='word_1_338' title='bbox 3512 1356 3609 1410; x_wconf 80' lang='lat' dir='ltr'><strong>ha-</strong></span> 
     </span>
    </p>
   </div>
   <div class='ocr_carea' id='block_1_43' title="bbox 2034 1428 3608 1511">
    <p class='ocr_par' dir='ltr' id='par_1_43' title="bbox 2034 1428 3608 1511">
     <span class='ocr_line' id='line_1_43' title="bbox 2034 1428 3608 1511; baseline 0.012 -29"><span class='ocrx_word' id='word_1_339' title='bbox 2034 1428 2195 1495; x_wconf 87' lang='lat' dir='ltr'><strong>betis,</strong></span> <span class='ocrx_word' id='word_1_340' title='bbox 2220 1439 2276 1485; x_wconf 89' lang='lat' dir='ltr'><strong>et</strong></span> <span class='ocrx_word' id='word_1_341' title='bbox 2306 1430 2519 1486; x_wconf 87' lang='lat' dir='ltr'><strong>itineris</strong></span> <span class='ocrx_word' id='word_1_342' title='bbox 2546 1432 2733 1500; x_wconf 88' lang='lat' dir='ltr'><strong>duces,</strong></span> <span class='ocrx_word' id='word_1_343' title='bbox 2762 1436 2853 1505; x_wconf 87' lang='lat' dir='ltr'><strong>qui</strong></span> <span class='ocrx_word' id='word_1_344' title='bbox 2901 1454 2987 1492; x_wconf 91' lang='lat' dir='ltr'><strong>me</strong></span> <span class='ocrx_word' id='word_1_345' title='bbox 3034 1441 3101 1495; x_wconf 90' lang='lat' dir='ltr'><strong>ad</strong></span> <span class='ocrx_word' id='word_1_346' title='bbox 3140 1442 3396 1511; x_wconf 86' lang='lat' dir='ltr'><strong>juvenem</strong></span> <span class='ocrx_word' id='word_1_347' title='bbox 3442 1447 3608 1502; x_wconf 90' lang='lat' dir='ltr'><strong>dedu-</strong></span> 
     </span>
    </p>
   </div>
   <div class='ocr_carea' id='block_1_44' title="bbox 2026 1521 3607 1594">
    <p class='ocr_par' dir='ltr' id='par_1_44' title="bbox 2026 1521 3607 1594">
     <span class='ocr_line' id='line_1_44' title="bbox 2026 1521 3607 1594; baseline 0.012 -19"><span class='ocrx_word' id='word_1_348' title='bbox 2026 1523 2192 1576; x_wconf 85' lang='lat' dir='ltr'><strong>cant?</strong></span> <span class='ocrx_word' id='word_1_349' title='bbox 2228 1540 2247 1573; x_wconf 74' lang='lat' dir='ltr'><strong><em>D</em></strong></span> <span class='ocrx_word' id='word_1_350' title='bbox 2277 1521 2397 1578; x_wconf 72' lang='lat' dir='ltr'><strong>llos</strong></span> <span class='ocrx_word' id='word_1_351' title='bbox 2436 1539 2567 1579; x_wconf 91' lang='lat' dir='ltr'><strong>vero</strong></span> <span class='ocrx_word' id='word_1_352' title='bbox 2592 1523 2855 1583; x_wconf 84' lang='lat' dir='ltr'><strong>Joannem</strong></span> <span class='ocrx_word' id='word_1_353' title='bbox 2892 1530 3092 1586; x_wconf 89' lang='lat' dir='ltr'><strong>ibidem</strong></span> <span class='ocrx_word' id='word_1_354' title='bbox 3123 1535 3190 1589; x_wconf 88' lang='lat' dir='ltr'><strong>ab</strong></span> <span class='ocrx_word' id='word_1_355' title='bbox 3219 1536 3448 1592; x_wconf 88' lang='lat' dir='ltr'><strong>ecclesia</strong></span> <span class='ocrx_word' id='word_1_356' title='bbox 3474 1555 3607 1594; x_wconf 87' lang='lat' dir='ltr'><strong>cou-</strong></span> 
     </span>
    </p>
   </div>
   <div class='ocr_carea' id='block_1_45' title="bbox 2027 1616 3607 1694">
    <p class='ocr_par' dir='ltr' id='par_1_45' title="bbox 2027 1616 3607 1694">
     <span class='ocr_line' id='line_1_45' title="bbox 2027 1616 3607 1694; baseline 0.014 -29"><span class='ocrx_word' id='word_1_357' title='bbox 2027 1626 2223 1667; x_wconf 90' lang='lat' dir='ltr'><strong>scenso</strong></span> <span class='ocrx_word' id='word_1_358' title='bbox 2254 1629 2414 1682; x_wconf 90' lang='lat' dir='ltr'><strong>equo,</strong></span> <span class='ocrx_word' id='word_1_359' title='bbox 2445 1616 2495 1669; x_wconf 89' lang='lat' dir='ltr'><strong>vi</strong></span> <span class='ocrx_word' id='word_1_360' title='bbox 2536 1625 2644 1671; x_wconf 91' lang='lat' dir='ltr'><strong>tota</strong></span> <span class='ocrx_word' id='word_1_361' title='bbox 2682 1619 2962 1689; x_wconf 88' lang='lat' dir='ltr'><strong>impulisse</strong></span> <span class='ocrx_word' id='word_1_362' title='bbox 2999 1624 3371 1694; x_wconf 88' lang='lat' dir='ltr'><strong>requirentem</strong></span> <span class='ocrx_word' id='word_1_363' title='bbox 3413 1646 3607 1687; x_wconf 87' lang='lat' dir='ltr'><strong>erran-</strong></span> 
     </span>
    </p>
   </div>
   <div class='ocr_carea' id='block_1_46' title="bbox 2029 1706 3606 1789">
    <p class='ocr_par' dir='ltr' id='par_1_46' title="bbox 2029 1706 3606 1789">
     <span class='ocr_line' id='line_1_46' title="bbox 2029 1706 3606 1789; baseline 0.012 -32"><span class='ocrx_word' id='word_1_364' title='bbox 2029 1712 2134 1759; x_wconf 89' lang='lat' dir='ltr'><strong>tem</strong></span> <span class='ocrx_word' id='word_1_365' title='bbox 2168 1718 2345 1760; x_wconf 87' lang='lat' dir='ltr'><strong>ovem.</strong></span> <span class='ocrx_word' id='word_1_366' title='bbox 2384 1706 2518 1761; x_wconf 82' lang='lat' dir='ltr'><strong>Cum</strong></span> <span class='ocrx_word' id='word_1_367' title='bbox 2546 1706 2658 1777; x_wconf 84' lang='lat' dir='ltr'><strong>jam</strong></span> <span class='ocrx_word' id='word_1_368' title='bbox 2682 1721 2865 1765; x_wconf 87' lang='lat' dir='ltr'><strong>autem</strong></span> <span class='ocrx_word' id='word_1_369' title='bbox 2903 1713 2969 1767; x_wconf 92' lang='lat' dir='ltr'><strong>ad</strong></span> <span class='ocrx_word' id='word_1_370' title='bbox 3005 1726 3219 1772; x_wconf 88' lang='lat' dir='ltr'><strong>montes</strong></span> <span class='ocrx_word' id='word_1_371' title='bbox 3244 1722 3606 1789; x_wconf 81' lang='lat' dir='ltr'><strong>pervenisset,</strong></span> 
     </span>
    </p>
   </div>
   <div class='ocr_carea' id='block_1_47' title="bbox 2027 1796 3610 1885">
    <p class='ocr_par' dir='ltr' id='par_1_47' title="bbox 2027 1796 3610 1885">
     <span class='ocr_line' id='line_1_47' title="bbox 2027 1796 3610 1885; baseline 0.015 -35"><span class='ocrx_word' id='word_1_372' title='bbox 2027 1796 2079 1851; x_wconf 92' lang='lat' dir='ltr'><strong>in</strong></span> <span class='ocrx_word' id='word_1_373' title='bbox 2116 1798 2313 1867; x_wconf 87' lang='lat' dir='ltr'><strong>quibus</strong></span> <span class='ocrx_word' id='word_1_374' title='bbox 2364 1798 2636 1855; x_wconf 89' lang='lat' dir='ltr'><strong>latronum</strong></span> <span class='ocrx_word' id='word_1_375' title='bbox 2675 1802 2896 1859; x_wconf 83' lang='lat' dir='ltr'><strong>latibula</strong></span> <span class='ocrx_word' id='word_1_376' title='bbox 2947 1816 3138 1877; x_wconf 88' lang='lat' dir='ltr'><strong>erant,</strong></span> <span class='ocrx_word' id='word_1_377' title='bbox 3177 1824 3486 1885; x_wconf 90' lang='lat' dir='ltr'><strong>correptum</strong></span> <span class='ocrx_word' id='word_1_378' title='bbox 3541 1822 3610 1873; x_wconf 90' lang='lat' dir='ltr'><strong>ab</strong></span> 
     </span>
    </p>
   </div>
   <div class='ocr_carea' id='block_1_48' title="bbox 2025 1888 3610 1970">
    <p class='ocr_par' dir='ltr' id='par_1_48' title="bbox 2025 1888 3610 1970">
     <span class='ocr_line' id='line_1_48' title="bbox 2025 1888 3610 1970; baseline 0.013 -28"><span class='ocrx_word' id='word_1_379' title='bbox 2025 1888 2269 1943; x_wconf 82' lang='lat' dir='ltr'><strong>excubiis</strong></span> <span class='ocrx_word' id='word_1_380' title='bbox 2295 1903 2418 1945; x_wconf 88' lang='lat' dir='ltr'><strong>esse</strong></span> <span class='ocrx_word' id='word_1_381' title='bbox 2456 1890 2877 1959; x_wconf 86' lang='lat' dir='ltr'><strong>nibilinvitum,</strong></span> <span class='ocrx_word' id='word_1_382' title='bbox 2920 1906 3014 1952; x_wconf 87' lang='lat' dir='ltr'><strong>aut</strong></span> <span class='ocrx_word' id='word_1_383' title='bbox 3056 1900 3115 1955; x_wconf 85' lang='lat' dir='ltr'><strong>se</strong></span> <span class='ocrx_word' id='word_1_384' title='bbox 3156 1911 3369 1970; x_wconf 87' lang='lat' dir='ltr'><strong>captum</strong></span> <span class='ocrx_word' id='word_1_385' title='bbox 3424 1906 3610 1963; x_wconf 84' lang='lat' dir='ltr'><strong>dolen-</strong></span> 
     </span>
    </p>
   </div>
   <div class='ocr_carea' id='block_1_49' title="bbox 2029 1979 3609 2063">
    <p class='ocr_par' dir='ltr' id='par_1_49' title="bbox 2029 1979 3609 2063">
     <span class='ocr_line' id='line_1_49' title="bbox 2029 1979 3609 2063; baseline 0.014 -29"><span class='ocrx_word' id='word_1_386' title='bbox 2029 1988 2131 2035; x_wconf 89' lang='lat' dir='ltr'><strong>tem</strong></span> <span class='ocrx_word' id='word_1_387' title='bbox 2152 1996 2166 2045; x_wconf 89' lang='lat'><strong>;</strong></span> <span class='ocrx_word' id='word_1_388' title='bbox 2189 1979 2282 2035; x_wconf 89' lang='lat' dir='ltr'><strong>sed</strong></span> <span class='ocrx_word' id='word_1_389' title='bbox 2303 1981 2663 2050; x_wconf 89' lang='lat' dir='ltr'><strong>clamantem,</strong></span> <span class='ocrx_word' id='word_1_390' title='bbox 2690 2001 2754 2040; x_wconf 92' lang='lat' dir='ltr'><strong>eo</strong></span> <span class='ocrx_word' id='word_1_391' title='bbox 2784 1987 2890 2042; x_wconf 85' lang='lat' dir='ltr'><strong>line</strong></span> <span class='ocrx_word' id='word_1_392' title='bbox 2907 1990 3125 2047; x_wconf 80' lang='lat' dir='ltr'><strong>venisse</strong></span> <span class='ocrx_word' id='word_1_393' title='bbox 3142 2001 3305 2063; x_wconf 88' lang='lat' dir='ltr'><strong>atque</strong></span> <span class='ocrx_word' id='word_1_394' title='bbox 3335 1999 3400 2051; x_wconf 90' lang='lat' dir='ltr'><strong>ad</strong></span> <span class='ocrx_word' id='word_1_395' title='bbox 3420 2013 3609 2055; x_wconf 85' lang='lat' dir='ltr'><strong>eorum</strong></span> 
     </span>
    </p>
   </div>
   <div class='ocr_carea' id='block_1_50' title="bbox 2026 2073 3609 2161">
    <p class='ocr_par' dir='ltr' id='par_1_50' title="bbox 2026 2073 3609 2161">
     <span class='ocr_line' id='line_1_50' title="bbox 2026 2073 3609 2161; baseline 0.014 -34"><span class='ocrx_word' id='word_1_396' title='bbox 2026 2073 2218 2128; x_wconf 90' lang='lat' dir='ltr'><strong>ducem</strong></span> <span class='ocrx_word' id='word_1_397' title='bbox 2276 2074 2472 2130; x_wconf 86' lang='lat' dir='ltr'><strong>adduci</strong></span> <span class='ocrx_word' id='word_1_398' title='bbox 2527 2076 2687 2133; x_wconf 86' lang='lat' dir='ltr'><strong>velle.</strong></span> <span class='ocrx_word' id='word_1_399' title='bbox 2750 2078 2944 2135; x_wconf 88' lang='lat' dir='ltr'><strong>Stabat</strong></span> <span class='ocrx_word' id='word_1_400' title='bbox 2984 2094 3165 2139; x_wconf 87' lang='lat' dir='ltr'><strong>autem</strong></span> <span class='ocrx_word' id='word_1_401' title='bbox 3202 2087 3293 2143; x_wconf 84' lang='lat' dir='ltr'><strong>ille</strong></span> <span class='ocrx_word' id='word_1_402' title='bbox 3319 2090 3372 2143; x_wconf 91' lang='lat' dir='ltr'><strong>in</strong></span> <span class='ocrx_word' id='word_1_403' title='bbox 3404 2093 3609 2161; x_wconf 86' lang='lat' dir='ltr'><strong>armis;</strong></span> 
     </span>
    </p>
   </div>
   <div class='ocr_carea' id='block_1_51' title="bbox 2026 2166 3611 2240">
    <p class='ocr_par' dir='ltr' id='par_1_51' title="bbox 2026 2166 3611 2240">
     <span class='ocr_line' id='line_1_51' title="bbox 2026 2166 3611 2240; baseline 0.014 -23"><span class='ocrx_word' id='word_1_404' title='bbox 2026 2170 2195 2232; x_wconf 79' lang='lat' dir='ltr'><strong>utque</strong></span> <span class='ocrx_word' id='word_1_405' title='bbox 2225 2172 2434 2218; x_wconf 89' lang='lat' dir='ltr'><strong>tantum</strong></span> <span class='ocrx_word' id='word_1_406' title='bbox 2474 2166 2778 2235; x_wconf 75' lang='lat' dir='ltr'><strong>aSpexisset</strong></span> <span class='ocrx_word' id='word_1_407' title='bbox 2810 2171 3165 2229; x_wconf 88' lang='lat' dir='ltr'><strong>accedentem</strong></span> <span class='ocrx_word' id='word_1_408' title='bbox 3203 2178 3269 2230; x_wconf 89' lang='lat' dir='ltr'><strong>ad</strong></span> <span class='ocrx_word' id='word_1_409' title='bbox 3293 2193 3418 2235; x_wconf 90' lang='lat' dir='ltr'><strong>eum</strong></span> <span class='ocrx_word' id='word_1_410' title='bbox 3446 2179 3611 2240; x_wconf 89' lang='lat' dir='ltr'><strong>Joan-</strong></span> 
     </span>
    </p>
   </div>
   <div class='ocr_carea' id='block_1_52' title="bbox 2028 2256 3621 2338">
    <p class='ocr_par' dir='ltr' id='par_1_52' title="bbox 2028 2256 3621 2338">
     <span class='ocr_line' id='line_1_52' title="bbox 2028 2256 3621 2338; baseline 0.016 -29"><span class='ocrx_word' id='word_1_411' title='bbox 2028 2270 2171 2323; x_wconf 86' lang='lat' dir='ltr'><strong>nem,</strong></span> <span class='ocrx_word' id='word_1_412' title='bbox 2194 2256 2338 2311; x_wconf 91' lang='lat' dir='ltr'><strong>senis</strong></span> <span class='ocrx_word' id='word_1_413' title='bbox 2360 2256 2554 2313; x_wconf 81' lang='lat' dir='ltr'><strong>faciem</strong></span> <span class='ocrx_word' id='word_1_414' title='bbox 2591 2262 2909 2331; x_wconf 90' lang='lat' dir='ltr'><strong>reveritum,</strong></span> <span class='ocrx_word' id='word_1_415' title='bbox 2945 2265 2998 2319; x_wconf 90' lang='lat' dir='ltr'><strong>in</strong></span> <span class='ocrx_word' id='word_1_416' title='bbox 3030 2266 3207 2338; x_wconf 86' lang='lat' dir='ltr'><strong>fugam</strong></span> <span class='ocrx_word' id='word_1_417' title='bbox 3223 2285 3439 2329; x_wconf 90' lang='lat' dir='ltr'><strong>versum</strong></span> <span class='ocrx_word' id='word_1_418' title='bbox 3469 2291 3621 2337; x_wconf 57' lang='lat' dir='ltr'><strong>esse.</strong></span> 
     </span>
    </p>
   </div>
   <div class='ocr_carea' id='block_1_53' title="bbox 2026 2347 3610 2429">
    <p class='ocr_par' dir='ltr' id='par_1_53' title="bbox 2026 2347 3610 2429">
     <span class='ocr_line' id='line_1_53' title="bbox 2026 2347 3610 2429; baseline 0.015 -26"><span class='ocrx_word' id='word_1_419' title='bbox 2026 2347 2311 2415; x_wconf 84' lang='lat' dir='ltr'><strong>Joannem,</strong></span> <span class='ocrx_word' id='word_1_420' title='bbox 2341 2360 2597 2421; x_wconf 87' lang='lat' dir='ltr'><strong>tanquam</strong></span> <span class='ocrx_word' id='word_1_421' title='bbox 2631 2371 2743 2410; x_wconf 69' lang='lat' dir='ltr'><strong>sua:</strong></span> <span class='ocrx_word' id='word_1_422' title='bbox 2775 2358 2954 2414; x_wconf 68' lang='lat' dir='ltr'><strong>aetatis</strong></span> <span class='ocrx_word' id='word_1_423' title='bbox 2969 2360 3222 2429; x_wconf 90' lang='lat' dir='ltr'><strong>oblitum,</strong></span> <span class='ocrx_word' id='word_1_424' title='bbox 3256 2366 3427 2422; x_wconf 83' lang='lat' dir='ltr'><strong>citato</strong></span> <span class='ocrx_word' id='word_1_425' title='bbox 3448 2385 3610 2428; x_wconf 86' lang='lat' dir='ltr'><strong>cursu</strong></span> 
     </span>
    </p>
   </div>
   <div class='ocr_carea' id='block_1_54' title="bbox 2021 2441 3611 2529">
    <p class='ocr_par' dir='ltr' id='par_1_54' title="bbox 2021 2441 3611 2529">
     <span class='ocr_line' id='line_1_54' title="bbox 2021 2441 3611 2529; baseline 0.015 -36"><span class='ocrx_word' id='word_1_426' title='bbox 2021 2441 2273 2511; x_wconf 76' lang='lat' dir='ltr'><strong>juvenem</strong></span> <span class='ocrx_word' id='word_1_427' title='bbox 2296 2452 2663 2513; x_wconf 87' lang='lat' dir='ltr'><strong>persecutum,</strong></span> <span class='ocrx_word' id='word_1_428' title='bbox 2696 2446 2750 2501; x_wconf 89' lang='lat' dir='ltr'><strong>in</strong></span> <span class='ocrx_word' id='word_1_429' title='bbox 2779 2448 2893 2503; x_wconf 63' lang='lat' dir='ltr'><strong>haec</strong></span> <span class='ocrx_word' id='word_1_430' title='bbox 2917 2451 3076 2506; x_wconf 88' lang='lat' dir='ltr'><strong>verba</strong></span> <span class='ocrx_word' id='word_1_431' title='bbox 3101 2454 3352 2512; x_wconf 69' lang='lat' dir='ltr'><strong>amntem</strong></span> <span class='ocrx_word' id='word_1_432' title='bbox 3386 2477 3401 2514; x_wconf 88' lang='lat'><strong>:</strong></span> <span class='ocrx_word' id='word_1_433' title='bbox 3428 2480 3446 2511; x_wconf 74' lang='grc' dir='ltr'><strong>ι</strong></span> <span class='ocrx_word' id='word_1_434' title='bbox 3472 2462 3611 2529; x_wconf 86' lang='lat' dir='ltr'><strong>Quid</strong></span> 
     </span>
    </p>
   </div>
   <div class='ocr_carea' id='block_1_55' title="bbox 2029 2532 3611 2611">
    <p class='ocr_par' dir='ltr' id='par_1_55' title="bbox 2029 2532 3611 2611">
     <span class='ocr_line' id='line_1_55' title="bbox 2029 2532 3611 2611; baseline 0.015 -25"><span class='ocrx_word' id='word_1_435' title='bbox 2029 2532 2191 2601; x_wconf 81' lang='lat' dir='ltr'><strong>fugis,</strong></span> <span class='ocrx_word' id='word_1_436' title='bbox 2233 2536 2329 2601; x_wconf 83' lang='lat' dir='ltr'><strong>ﬁli,</strong></span> <span class='ocrx_word' id='word_1_437' title='bbox 2358 2548 2568 2608; x_wconf 84' lang='lat' dir='ltr'><strong>patrem</strong></span> <span class='ocrx_word' id='word_1_438' title='bbox 2609 2542 2799 2595; x_wconf 89' lang='lat' dir='ltr'><strong>tuum?</strong></span> <span class='ocrx_word' id='word_1_439' title='bbox 2828 2543 2966 2610; x_wconf 88' lang='lat' dir='ltr'><strong>Quid</strong></span> <span class='ocrx_word' id='word_1_440' title='bbox 3000 2547 3136 2603; x_wconf 85' lang='lat' dir='ltr'><strong>mihi</strong></span> <span class='ocrx_word' id='word_1_441' title='bbox 3166 2548 3409 2607; x_wconf 84' lang='lat' dir='ltr'><strong>laborem</strong></span> <span class='ocrx_word' id='word_1_442' title='bbox 3438 2554 3611 2611; x_wconf 84' lang='lat' dir='ltr'><strong>facis?</strong></span> 
     </span>
    </p>
   </div>
   <div class='ocr_carea' id='block_1_56' title="bbox 2029 2627 3609 2712">
    <p class='ocr_par' dir='ltr' id='par_1_56' title="bbox 2029 2627 3609 2712">
     <span class='ocr_line' id='line_1_56' title="bbox 2029 2627 3609 2712; baseline 0.015 -32"><span class='ocrx_word' id='word_1_443' title='bbox 2029 2627 2106 2683; x_wconf 90' lang='lat' dir='ltr'><strong>Te</strong></span> <span class='ocrx_word' id='word_1_444' title='bbox 2140 2630 2244 2683; x_wconf 91' lang='lat' dir='ltr'><strong>mei</strong></span> <span class='ocrx_word' id='word_1_445' title='bbox 2298 2630 2556 2686; x_wconf 86' lang='lat' dir='ltr'><strong>misereat</strong></span> <span class='ocrx_word' id='word_1_446' title='bbox 2595 2635 2891 2705; x_wconf 83' lang='lat' dir='ltr'><strong>peregrini,</strong></span> <span class='ocrx_word' id='word_1_447' title='bbox 2952 2638 3103 2702; x_wconf 87' lang='lat' dir='ltr'><strong>nudi,</strong></span> <span class='ocrx_word' id='word_1_448' title='bbox 3145 2642 3317 2708; x_wconf 90' lang='lat' dir='ltr'><strong>senis,</strong></span> <span class='ocrx_word' id='word_1_449' title='bbox 3356 2644 3609 2712; x_wconf 87' lang='lat' dir='ltr'><strong>itnbellis,</strong></span> 
     </span>
    </p>
   </div>
   <div class='ocr_carea' id='block_1_57' title="bbox 2028 2719 3610 2804">
    <p class='ocr_par' dir='ltr' id='par_1_57' title="bbox 2028 2719 3610 2804">
     <span class='ocr_line' id='line_1_57' title="bbox 2028 2719 3610 2804; baseline 0.015 -32"><span class='ocrx_word' id='word_1_450' title='bbox 2028 2719 2304 2789; x_wconf 83' lang='lat' dir='ltr'><strong>pauperis.</strong></span> <span class='ocrx_word' id='word_1_451' title='bbox 2352 2720 2498 2777; x_wconf 89' lang='lat' dir='ltr'><strong>Siste</strong></span> <span class='ocrx_word' id='word_1_452' title='bbox 2550 2725 2812 2794; x_wconf 85' lang='lat' dir='ltr'><strong>gradum,</strong></span> <span class='ocrx_word' id='word_1_453' title='bbox 2849 2742 2917 2782; x_wconf 91' lang='lat' dir='ltr'><strong>ne</strong></span> <span class='ocrx_word' id='word_1_454' title='bbox 2950 2728 3168 2786; x_wconf 86' lang='lat' dir='ltr'><strong>timeas:</strong></span> <span class='ocrx_word' id='word_1_455' title='bbox 3223 2747 3476 2804; x_wconf 87' lang='lat' dir='ltr'><strong>superest</strong></span> <span class='ocrx_word' id='word_1_456' title='bbox 3514 2740 3610 2795; x_wconf 91' lang='lat' dir='ltr'><strong>tibi</strong></span> 
     </span>
    </p>
   </div>
   <div class='ocr_carea' id='block_1_58' title="bbox 2028 2812 3612 2898">
    <p class='ocr_par' dir='ltr' id='par_1_58' title="bbox 2028 2812 3612 2898">
     <span class='ocr_line' id='line_1_58' title="bbox 2028 2812 3612 2898; baseline 0.012 -31"><span class='ocrx_word' id='word_1_457' title='bbox 2028 2812 2221 2868; x_wconf 89' lang='lat' dir='ltr'><strong>salutis</strong></span> <span class='ocrx_word' id='word_1_458' title='bbox 2272 2829 2433 2883; x_wconf 89' lang='lat' dir='ltr'><strong>spes;</strong></span> <span class='ocrx_word' id='word_1_459' title='bbox 2489 2830 2590 2886; x_wconf 91' lang='lat' dir='ltr'><strong>ego</strong></span> <span class='ocrx_word' id='word_1_460' title='bbox 2635 2834 2734 2888; x_wconf 90' lang='lat' dir='ltr'><strong>pro</strong></span> <span class='ocrx_word' id='word_1_461' title='bbox 2778 2828 2829 2875; x_wconf 91' lang='lat' dir='ltr'><strong>te</strong></span> <span class='ocrx_word' id='word_1_462' title='bbox 2875 2825 3182 2891; x_wconf 81' lang='lat' dir='ltr'><strong>excusabo;</strong></span> <span class='ocrx_word' id='word_1_463' title='bbox 3228 2842 3327 2898; x_wconf 89' lang='lat' dir='ltr'><strong>ego</strong></span> <span class='ocrx_word' id='word_1_464' title='bbox 3374 2829 3612 2887; x_wconf 88' lang='lat' dir='ltr'><strong>animam</strong></span> 
     </span>
    </p>
   </div>
   <div class='ocr_carea' id='block_1_59' title="bbox 2029 2912 3614 2995">
    <p class='ocr_par' dir='ltr' id='par_1_59' title="bbox 2029 2912 3614 2995">
     <span class='ocr_line' id='line_1_59' title="bbox 2029 2912 3614 2995; baseline 0.013 -36"><span class='ocrx_word' id='word_1_465' title='bbox 2029 2921 2203 2960; x_wconf 88' lang='lat' dir='ltr'><strong>meam</strong></span> <span class='ocrx_word' id='word_1_466' title='bbox 2230 2922 2328 2975; x_wconf 92' lang='lat' dir='ltr'><strong>pro</strong></span> <span class='ocrx_word' id='word_1_467' title='bbox 2365 2917 2415 2961; x_wconf 89' lang='lat' dir='ltr'><strong>te</strong></span> <span class='ocrx_word' id='word_1_468' title='bbox 2446 2923 2671 2977; x_wconf 85' lang='lat' dir='ltr'><strong>ponam,</strong></span> <span class='ocrx_word' id='word_1_469' title='bbox 2706 2912 2849 2966; x_wconf 89' lang='lat' dir='ltr'><strong>sicut</strong></span> <span class='ocrx_word' id='word_1_470' title='bbox 2900 2913 3160 2973; x_wconf 88' lang='lat' dir='ltr'><strong>Dominus</strong></span> <span class='ocrx_word' id='word_1_471' title='bbox 3196 2933 3296 2988; x_wconf 90' lang='lat' dir='ltr'><strong>pro</strong></span> <span class='ocrx_word' id='word_1_472' title='bbox 3334 2922 3490 2978; x_wconf 87' lang='lat' dir='ltr'><strong>nobis</strong></span> <span class='ocrx_word' id='word_1_473' title='bbox 3520 2941 3614 2995; x_wconf 88' lang='lat' dir='ltr'><strong>po-</strong></span> 
     </span>
    </p>
   </div>
   <div class='ocr_carea' id='block_1_60' title="bbox 2027 2996 3613 3079">
    <p class='ocr_par' dir='ltr' id='par_1_60' title="bbox 2027 2996 3613 3079">
     <span class='ocr_line' id='line_1_60' title="bbox 2027 2996 3613 3079; baseline 0.013 -26"><span class='ocrx_word' id='word_1_474' title='bbox 2027 2999 2156 3055; x_wconf 89' lang='lat' dir='ltr'><strong>suit.</strong></span> <span class='ocrx_word' id='word_1_475' title='bbox 2192 2996 2270 3054; x_wconf 91' lang='lat' dir='ltr'><strong>Ne</strong></span> <span class='ocrx_word' id='word_1_476' title='bbox 2302 3009 2533 3066; x_wconf 86' lang='lat' dir='ltr'><strong>metuas,</strong></span> <span class='ocrx_word' id='word_1_477' title='bbox 2568 3002 2673 3071; x_wconf 83' lang='lat' dir='ltr'><strong>ﬁli;</strong></span> <span class='ocrx_word' id='word_1_478' title='bbox 2716 3005 2846 3060; x_wconf 87' lang='lat' dir='ltr'><strong>siste</strong></span> <span class='ocrx_word' id='word_1_479' title='bbox 2882 3024 2897 3060; x_wconf 88' lang='lat'><strong>:</strong></span> <span class='ocrx_word' id='word_1_480' title='bbox 2937 3008 3100 3064; x_wconf 90' lang='lat' dir='ltr'><strong>crede</strong></span> <span class='ocrx_word' id='word_1_481' title='bbox 3134 3012 3299 3079; x_wconf 87' lang='lat' dir='ltr'><strong>mihi;</strong></span> <span class='ocrx_word' id='word_1_482' title='bbox 3336 3030 3420 3071; x_wconf 92' lang='lat' dir='ltr'><strong>me</strong></span> <span class='ocrx_word' id='word_1_483' title='bbox 3451 3015 3613 3073; x_wconf 83' lang='lat' dir='ltr'><strong>Chri-</strong></span> 
     </span>
    </p>
   </div>
   <div class='ocr_carea' id='block_1_61' title="bbox 2028 3091 3612 3179">
    <p class='ocr_par' dir='ltr' id='par_1_61' title="bbox 2028 3091 3612 3179">
     <span class='ocr_line' id='line_1_61' title="bbox 2028 3091 3612 3179; baseline 0.012 -34"><span class='ocrx_word' id='word_1_484' title='bbox 2028 3101 2146 3146; x_wconf 90' lang='lat' dir='ltr'><strong>stus</strong></span> <span class='ocrx_word' id='word_1_485' title='bbox 2168 3091 2332 3155; x_wconf 89' lang='lat' dir='ltr'><strong>misit,</strong></span> <span class='ocrx_word' id='word_1_486' title='bbox 2366 3103 2423 3147; x_wconf 91' lang='lat' dir='ltr'><strong>ut</strong></span> <span class='ocrx_word' id='word_1_487' title='bbox 2455 3094 2549 3149; x_wconf 92' lang='lat' dir='ltr'><strong>tibi</strong></span> <span class='ocrx_word' id='word_1_488' title='bbox 2575 3105 2923 3165; x_wconf 87' lang='lat' dir='ltr'><strong>peccatorum</strong></span> <span class='ocrx_word' id='word_1_489' title='bbox 2952 3098 3210 3156; x_wconf 89' lang='lat' dir='ltr'><strong>inferrem</strong></span> <span class='ocrx_word' id='word_1_490' title='bbox 3237 3105 3472 3161; x_wconf 88' lang='lat' dir='ltr'><strong>veniam.</strong></span> <span class='ocrx_word' id='word_1_491' title='bbox 3500 3108 3612 3179; x_wconf 80' lang='lat' dir='ltr'><strong>Ego</strong></span> 
     </span>
    </p>
   </div>
   <div class='ocr_carea' id='block_1_62' title="bbox 340 3187 1921 3274">
    <p class='ocr_par' dir='ltr' id='par_1_62' title="bbox 340 3190 1921 3263">
     <span class='ocr_line' id='line_1_62' title="bbox 340 3190 1921 3263; baseline 0 -19"><span class='ocrx_word' id='word_1_492' title='bbox 340 3209 523 3262; x_wconf 88' lang='grc' dir='ltr'>μενον.</span> <span class='ocrx_word' id='word_1_493' title='bbox 552 3190 697 3261; x_wconf 83' lang='grc' dir='ltr'><strong>Ἐγὼ</strong></span> <span class='ocrx_word' id='word_1_494' title='bbox 720 3192 860 3261; x_wconf 83' lang='grc' dir='ltr'>ὑπὲρ</span> <span class='ocrx_word' id='word_1_495' title='bbox 892 3190 986 3244; x_wconf 79' lang='grc' dir='ltr'>σοῦ</span> <span class='ocrx_word' id='word_1_496' title='bbox 1019 3191 1282 3262; x_wconf 80' lang='grc' dir='ltr'>ὑπομένω</span> <span class='ocrx_word' id='word_1_497' title='bbox 1306 3190 1555 3245; x_wconf 88' lang='grc' dir='ltr'>θάνατον.</span> <span class='ocrx_word' id='word_1_498' title='bbox 1576 3191 1693 3245; x_wconf 86' lang='grc' dir='ltr'>Ἐπ’</span> <span class='ocrx_word' id='word_1_499' title='bbox 1715 3192 1839 3263; x_wconf 73' lang='grc' dir='ltr'>ἐμοὶ</span> <span class='ocrx_word' id='word_1_500' title='bbox 1863 3191 1921 3245; x_wconf 82' lang='grc' dir='ltr'><strong>τὸ</strong></span> 
     </span>
    </p>
   </div>
   <div class='ocr_carea' id='block_1_63' title="bbox 2026 3187 3614 3274">
    <p class='ocr_par' dir='ltr' id='par_1_63' title="bbox 2028 3187 3614 3259">
     <span class='ocr_line' id='line_1_63' title="bbox 2028 3187 3614 3259; baseline 0.011 -22"><span class='ocrx_word' id='word_1_501' title='bbox 2028 3198 2125 3254; x_wconf 88' lang='lat' dir='ltr'><strong>pro</strong></span> <span class='ocrx_word' id='word_1_502' title='bbox 2157 3193 2209 3239; x_wconf 90' lang='lat' dir='ltr'><strong>te</strong></span> <span class='ocrx_word' id='word_1_503' title='bbox 2233 3194 2462 3240; x_wconf 89' lang='lat' dir='ltr'><strong>mortem</strong></span> <span class='ocrx_word' id='word_1_504' title='bbox 2491 3187 2678 3243; x_wconf 90' lang='lat' dir='ltr'><strong>subire</strong></span> <span class='ocrx_word' id='word_1_505' title='bbox 2704 3199 2931 3259; x_wconf 87' lang='lat' dir='ltr'><strong>paratus</strong></span> <span class='ocrx_word' id='word_1_506' title='bbox 2958 3207 3102 3247; x_wconf 91' lang='lat' dir='ltr'><strong>sum.</strong></span> <span class='ocrx_word' id='word_1_507' title='bbox 3141 3194 3198 3249; x_wconf 88' lang='lat' dir='ltr'><strong>In</strong></span> <span class='ocrx_word' id='word_1_508' title='bbox 3233 3212 3321 3253; x_wconf 88' lang='lat' dir='ltr'><strong>me</strong></span> <span class='ocrx_word' id='word_1_509' title='bbox 3368 3198 3438 3253; x_wconf 86' lang='lat' dir='ltr'><strong>sit</strong></span> <span class='ocrx_word' id='word_1_510' title='bbox 3486 3216 3614 3256; x_wconf 87' lang='lat' dir='ltr'><strong>san-</strong></span> 
     </span>
    </p>
   </div>
   <div class='ocr_carea' id='block_1_64' title="bbox 336 3279 1924 3357">
    <p class='ocr_par' dir='ltr' id='par_1_64' title="bbox 336 3279 1924 3357">
     <span class='ocr_line' id='line_1_64' title="bbox 336 3279 1924 3357; baseline -0.001 -19"><span class='ocrx_word' id='word_1_511' title='bbox 336 3279 481 3355; x_wconf 72' lang='grc' dir='ltr'>αἷμα</span> <span class='ocrx_word' id='word_1_512' title='bbox 500 3286 638 3356; x_wconf 81' lang='grc' dir='ltr'>ὅπερ</span> <span class='ocrx_word' id='word_1_513' title='bbox 681 3284 902 3357; x_wconf 77' lang='grc' dir='ltr'>ἐξέχεας</span> <span class='ocrx_word' id='word_1_514' title='bbox 923 3302 937 3318; x_wconf 95' lang='grc'><strong>·</strong></span> <span class='ocrx_word' id='word_1_515' title='bbox 987 3284 1076 3337; x_wconf 82' lang='grc' dir='ltr'>ἐπ’</span> <span class='ocrx_word' id='word_1_516' title='bbox 1104 3285 1229 3352; x_wconf 73' lang='grc' dir='ltr'>ἐμοὶ</span> <span class='ocrx_word' id='word_1_517' title='bbox 1251 3284 1314 3338; x_wconf 81' lang='grc' dir='ltr'><strong>τὸ</strong></span> <span class='ocrx_word' id='word_1_518' title='bbox 1337 3285 1558 3356; x_wconf 79' lang='grc' dir='ltr'>φορτίον</span> <span class='ocrx_word' id='word_1_519' title='bbox 1601 3284 1708 3338; x_wconf 83' lang='grc' dir='ltr'><strong>τῶν</strong></span> <span class='ocrx_word' id='word_1_520' title='bbox 1742 3286 1924 3356; x_wconf 86' lang='grc' dir='ltr'>ἀμαρ-</span> 
     </span>
    </p>
   </div>
   <div class='ocr_carea' id='block_1_65' title="bbox 335 3374 1919 3450">
    <p class='ocr_par' dir='ltr' id='par_1_65' title="bbox 335 3374 1919 3450">
     <span class='ocr_line' id='line_1_65' title="bbox 335 3374 1919 3450; baseline 0 -20"><span class='ocrx_word' id='word_1_521' title='bbox 335 3377 469 3431; x_wconf 85' lang='grc' dir='ltr'>τιῶν</span> <span class='ocrx_word' id='word_1_522' title='bbox 520 3395 615 3431; x_wconf 89' lang='grc' dir='ltr'><strong>σου</strong></span> <span class='ocrx_word' id='word_1_523' title='bbox 657 3378 750 3432; x_wconf 77' lang='grc' dir='ltr'>ἐπὶ</span> <span class='ocrx_word' id='word_1_524' title='bbox 798 3380 890 3431; x_wconf 73' lang='grc' dir='ltr'>τὸν</span> <span class='ocrx_word' id='word_1_525' title='bbox 934 3378 1230 3450; x_wconf 83' lang='grc' dir='ltr'>τράχηλον.</span> <span class='ocrx_word' id='word_1_526' title='bbox 1265 3398 1284 3431; x_wconf 77' lang='grc' dir='ltr'><strong>ι</strong></span> <span class='ocrx_word' id='word_1_527' title='bbox 1342 3374 1479 3433; x_wconf 79' lang='grc' dir='ltr'>Εἶτα</span> <span class='ocrx_word' id='word_1_528' title='bbox 1529 3377 1664 3449; x_wconf 78' lang='grc' dir='ltr'>ἔστη</span> <span class='ocrx_word' id='word_1_529' title='bbox 1695 3381 1724 3433; x_wconf 85' lang='grc' dir='ltr'><strong>ό</strong></span> <span class='ocrx_word' id='word_1_530' title='bbox 1766 3380 1919 3441; x_wconf 83' lang='grc' dir='ltr'>παῖς·</span> 
     </span>
    </p>
   </div>
   <div class='ocr_carea' id='block_1_66' title="bbox 337 3470 1917 3545">
    <p class='ocr_par' dir='ltr' id='par_1_66' title="bbox 337 3470 1917 3545">
     <span class='ocr_line' id='line_1_66' title="bbox 337 3470 1917 3545; baseline 0.003 -22"><span class='ocrx_word' id='word_1_531' title='bbox 337 3470 534 3542; x_wconf 72' lang='grc' dir='ltr'>ἔρριψε</span> <span class='ocrx_word' id='word_1_532' title='bbox 565 3470 634 3524; x_wconf 83' lang='grc' dir='ltr'><strong>τά</strong></span> <span class='ocrx_word' id='word_1_533' title='bbox 654 3471 795 3525; x_wconf 83' lang='grc' dir='ltr'>ὅπλα</span> <span class='ocrx_word' id='word_1_534' title='bbox 813 3472 1031 3542; x_wconf 79' lang='grc' dir='ltr'>τρέμων</span> <span class='ocrx_word' id='word_1_535' title='bbox 1054 3470 1191 3542; x_wconf 83' lang='grc' dir='ltr'><strong>όμοῦ</strong></span> <span class='ocrx_word' id='word_1_536' title='bbox 1209 3489 1268 3524; x_wconf 85' lang='grc' dir='ltr'><strong>τε</strong></span> <span class='ocrx_word' id='word_1_537' title='bbox 1296 3472 1391 3526; x_wconf 69' lang='grc' dir='ltr'><strong>καὶ</strong></span> <span class='ocrx_word' id='word_1_538' title='bbox 1422 3472 1672 3545; x_wconf 81' lang='grc' dir='ltr'>σφοδρῶς</span> <span class='ocrx_word' id='word_1_539' title='bbox 1692 3473 1917 3527; x_wconf 87' lang='grc' dir='ltr'>κλαίων·</span> 
     </span>
    </p>
   </div>
   <div class='ocr_carea' id='block_1_67' title="bbox 337 3563 1919 3637">
    <p class='ocr_par' dir='ltr' id='par_1_67' title="bbox 337 3563 1919 3637">
     <span class='ocr_line' id='line_1_67' title="bbox 337 3563 1919 3637; baseline 0 -18"><span class='ocrx_word' id='word_1_540' title='bbox 337 3568 433 3619; x_wconf 77' lang='grc' dir='ltr'><strong>καὶ</strong></span> <span class='ocrx_word' id='word_1_541' title='bbox 461 3565 526 3636; x_wconf 81' lang='grc' dir='ltr'>δὴ</span> <span class='ocrx_word' id='word_1_542' title='bbox 556 3564 869 3636; x_wconf 85' lang='grc' dir='ltr'>προσελθὼν</span> <span class='ocrx_word' id='word_1_543' title='bbox 896 3563 972 3635; x_wconf 85' lang='grc' dir='ltr'>τῷ</span> <span class='ocrx_word' id='word_1_544' title='bbox 1013 3564 1239 3636; x_wconf 81' lang='grc' dir='ltr'>Ἰωάννῃ</span> <span class='ocrx_word' id='word_1_545' title='bbox 1265 3564 1568 3634; x_wconf 74' lang='grc' dir='ltr'>ἠσπάζετο,</span> <span class='ocrx_word' id='word_1_546' title='bbox 1600 3568 1722 3629; x_wconf 84' lang='grc' dir='ltr'>ταῖς</span> <span class='ocrx_word' id='word_1_547' title='bbox 1748 3566 1919 3637; x_wconf 82' lang='grc' dir='ltr'>οἰμω-</span> 
     </span>
    </p>
   </div>
   <div class='ocr_carea' id='block_1_68' title="bbox 336 3656 1923 3730">
    <p class='ocr_par' dir='ltr' id='par_1_68' title="bbox 336 3656 1923 3730">
     <span class='ocr_line' id='line_1_68' title="bbox 336 3656 1923 3730; baseline 0 -17"><span class='ocrx_word' id='word_1_548' title='bbox 336 3661 465 3727; x_wconf 80' lang='grc' dir='ltr'>γαῖς</span> <span class='ocrx_word' id='word_1_549' title='bbox 516 3657 627 3712; x_wconf 84' lang='grc' dir='ltr'>τῶν</span> <span class='ocrx_word' id='word_1_550' title='bbox 686 3656 938 3728; x_wconf 69' lang='grc' dir='ltr'>δακρύων</span> <span class='ocrx_word' id='word_1_551' title='bbox 1006 3656 1175 3711; x_wconf 76' lang='grc' dir='ltr'>αὑτοῦ</span> <span class='ocrx_word' id='word_1_552' title='bbox 1228 3657 1397 3728; x_wconf 85' lang='grc' dir='ltr'>μηδὲν</span> <span class='ocrx_word' id='word_1_553' title='bbox 1433 3658 1573 3730; x_wconf 83' lang='grc' dir='ltr'>πρὸς</span> <span class='ocrx_word' id='word_1_554' title='bbox 1622 3659 1923 3728; x_wconf 87' lang='grc' dir='ltr'>ἀπολογίαν</span> 
     </span>
    </p>
   </div>
   <div class='ocr_carea' id='block_1_69' title="bbox 338 3747 1921 3819">
    <p class='ocr_par' dir='ltr' id='par_1_69' title="bbox 338 3747 1921 3819">
     <span class='ocr_line' id='line_1_69' title="bbox 338 3747 1921 3819; baseline 0.001 -17"><span class='ocrx_word' id='word_1_555' title='bbox 338 3749 678 3819; x_wconf 76' lang='grc' dir='ltr'>φθέγξασθαι</span> <span class='ocrx_word' id='word_1_556' title='bbox 709 3747 1033 3819; x_wconf 85' lang='grc' dir='ltr'>δυνάμενος,</span> <span class='ocrx_word' id='word_1_557' title='bbox 1083 3748 1246 3818; x_wconf 91' lang='grc' dir='ltr'>μόνον</span> <span class='ocrx_word' id='word_1_558' title='bbox 1286 3748 1344 3802; x_wconf 82' lang='grc' dir='ltr'>δὲ</span> <span class='ocrx_word' id='word_1_559' title='bbox 1394 3751 1494 3819; x_wconf 82' lang='grc' dir='ltr'>τὴν</span> <span class='ocrx_word' id='word_1_560' title='bbox 1521 3749 1705 3816; x_wconf 79' lang='grc' dir='ltr'>δεξιὰν</span> <span class='ocrx_word' id='word_1_561' title='bbox 1755 3748 1921 3804; x_wconf 78' lang='grc' dir='ltr'>αὐτοῦ</span> 
     </span>
    </p>
   </div>
   <div class='ocr_carea' id='block_1_70' title="bbox 335 3840 1923 3914">
    <p class='ocr_par' dir='ltr' id='par_1_70' title="bbox 335 3840 1923 3914">
     <span class='ocr_line' id='line_1_70' title="bbox 335 3840 1923 3914; baseline 0.001 -19"><span class='ocrx_word' id='word_1_562' title='bbox 335 3845 496 3914; x_wconf 80' lang='grc' dir='ltr'>χεῖρα</span> <span class='ocrx_word' id='word_1_563' title='bbox 525 3841 605 3895; x_wconf 79' lang='grc' dir='ltr'>ἔτι</span> <span class='ocrx_word' id='word_1_564' title='bbox 650 3840 823 3913; x_wconf 80' lang='grc' dir='ltr'>αὐτὴν</span> <span class='ocrx_word' id='word_1_565' title='bbox 859 3842 1189 3912; x_wconf 69' lang='grc' dir='ltr'>ᾑμαγμένην</span> <span class='ocrx_word' id='word_1_566' title='bbox 1233 3841 1477 3910; x_wconf 79' lang='grc' dir='ltr'>ἐκράτει.</span> <span class='ocrx_word' id='word_1_567' title='bbox 1526 3844 1584 3895; x_wconf 78' lang='grc' dir='ltr'>ὐ</span> <span class='ocrx_word' id='word_1_568' title='bbox 1622 3842 1679 3895; x_wconf 82' lang='grc' dir='ltr'><strong>δὲ</strong></span> <span class='ocrx_word' id='word_1_569' title='bbox 1740 3843 1923 3897; x_wconf 85' lang='grc' dir='ltr'>Ἰωάν-</span> 
     </span>
    </p>
   </div>
   <div class='ocr_carea' id='block_1_71' title="bbox 336 3933 1921 4008">
    <p class='ocr_par' dir='ltr' id='par_1_71' title="bbox 336 3933 1921 4008">
     <span class='ocr_line' id='line_1_71' title="bbox 336 3933 1921 4008; baseline 0 -19"><span class='ocrx_word' id='word_1_570' title='bbox 336 3954 435 4007; x_wconf 87' lang='grc' dir='ltr'><strong>νης</strong></span> <span class='ocrx_word' id='word_1_571' title='bbox 470 3935 621 4007; x_wconf 75' lang='grc' dir='ltr'>παρὰ</span> <span class='ocrx_word' id='word_1_572' title='bbox 649 3935 727 4005; x_wconf 81' lang='grc' dir='ltr'><strong>τῷ</strong></span> <span class='ocrx_word' id='word_1_573' title='bbox 753 3933 955 3989; x_wconf 77' lang='grc' dir='ltr'>ἑαυτοῦ</span> <span class='ocrx_word' id='word_1_574' title='bbox 980 3933 1209 4003; x_wconf 89' lang='grc' dir='ltr'>στόματι</span> <span class='ocrx_word' id='word_1_575' title='bbox 1240 3935 1339 4003; x_wconf 80' lang='grc' dir='ltr'>τὴν</span> <span class='ocrx_word' id='word_1_576' title='bbox 1371 3933 1554 3999; x_wconf 79' lang='grc' dir='ltr'>δεξιὰν</span> <span class='ocrx_word' id='word_1_577' title='bbox 1584 3934 1678 3989; x_wconf 81' lang='grc' dir='ltr'>τοῦ</span> <span class='ocrx_word' id='word_1_578' title='bbox 1721 3934 1921 4008; x_wconf 76' lang='grc' dir='ltr'>λῃστοῦ</span> 
     </span>
    </p>
   </div>
   <div class='ocr_carea' id='block_1_72' title="bbox 337 4032 1924 4107">
    <p class='ocr_par' dir='ltr' id='par_1_72' title="bbox 337 4032 1924 4107">
     <span class='ocr_line' id='line_1_72' title="bbox 337 4032 1924 4107; baseline -0.001 -18"><span class='ocrx_word' id='word_1_579' title='bbox 337 4036 646 4103; x_wconf 74' lang='grc' dir='ltr'>κατεφίλει,</span> <span class='ocrx_word' id='word_1_580' title='bbox 679 4034 755 4098; x_wconf 84' lang='grc' dir='ltr'><strong>ὡς</strong></span> <span class='ocrx_word' id='word_1_581' title='bbox 789 4034 890 4104; x_wconf 83' lang='grc' dir='ltr'>’ήδη</span> <span class='ocrx_word' id='word_1_582' title='bbox 932 4032 1329 4103; x_wconf 83' lang='grc' dir='ltr'>βαπτισθεῖσαν</span> <span class='ocrx_word' id='word_1_583' title='bbox 1375 4037 1490 4097; x_wconf 81' lang='grc' dir='ltr'>τοῖς</span> <span class='ocrx_word' id='word_1_584' title='bbox 1527 4035 1787 4107; x_wconf 84' lang='grc' dir='ltr'>δάκρυσι·</span> <span class='ocrx_word' id='word_1_585' title='bbox 1829 4036 1924 4089; x_wconf 80' lang='grc' dir='ltr'>καὶ</span> 
     </span>
    </p>
   </div>
   <div class='ocr_carea' id='block_1_73' title="bbox 332 4128 1921 4206">
    <p class='ocr_par' dir='ltr' id='par_1_73' title="bbox 332 4128 1921 4206">
     <span class='ocr_line' id='line_1_73' title="bbox 332 4128 1921 4206; baseline -0.002 -19"><span class='ocrx_word' id='word_1_586' title='bbox 332 4134 396 4187; x_wconf 72' lang='grc' dir='ltr'>εὖ</span> <span class='ocrx_word' id='word_1_587' title='bbox 432 4133 701 4206; x_wconf 86' lang='grc' dir='ltr'>πρότερον</span> <span class='ocrx_word' id='word_1_588' title='bbox 731 4131 947 4202; x_wconf 78' lang='grc' dir='ltr'>ἀπέστη</span> <span class='ocrx_word' id='word_1_589' title='bbox 979 4132 1085 4195; x_wconf 75' lang='grc' dir='ltr'><strong>ἕως</strong></span> <span class='ocrx_word' id='word_1_590' title='bbox 1123 4128 1188 4185; x_wconf 80' lang='grc' dir='ltr'><strong>ἂν</strong></span> <span class='ocrx_word' id='word_1_591' title='bbox 1224 4131 1315 4185; x_wconf 71' lang='grc' dir='ltr'><strong>τὸν</strong></span> <span class='ocrx_word' id='word_1_592' title='bbox 1365 4133 1532 4186; x_wconf 82' lang='grc' dir='ltr'>παῖδα</span> <span class='ocrx_word' id='word_1_593' title='bbox 1573 4132 1694 4204; x_wconf 87' lang='grc' dir='ltr'>μεθ’</span> <span class='ocrx_word' id='word_1_594' title='bbox 1728 4130 1921 4186; x_wconf 76' lang='grc' dir='ltr'>ἑαυτοῦ</span> 
     </span>
    </p>
   </div>
   <div class='ocr_carea' id='block_1_74' title="bbox 335 4219 1923 4295">
    <p class='ocr_par' dir='ltr' id='par_1_74' title="bbox 335 4219 1923 4295">
     <span class='ocr_line' id='line_1_74' title="bbox 335 4219 1923 4295; baseline -0.003 -18"><span class='ocrx_word' id='word_1_595' title='bbox 335 4228 395 4277; x_wconf 82' lang='grc' dir='ltr'>ἐν</span> <span class='ocrx_word' id='word_1_596' title='bbox 411 4227 479 4295; x_wconf 82' lang='grc' dir='ltr'>τῇ</span> <span class='ocrx_word' id='word_1_597' title='bbox 520 4222 818 4292; x_wconf 69' lang='grc' dir='ltr'>Ἐκκλησία</span> <span class='ocrx_word' id='word_1_598' title='bbox 839 4222 1149 4292; x_wconf 82' lang='grc' dir='ltr'>συνήγαγεν</span> <span class='ocrx_word' id='word_1_599' title='bbox 1168 4236 1179 4248; x_wconf 96' lang='grc'><strong>·</strong></span> <span class='ocrx_word' id='word_1_600' title='bbox 1217 4220 1396 4285; x_wconf 82' lang='grc' dir='ltr'>διδοὺς</span> <span class='ocrx_word' id='word_1_601' title='bbox 1429 4223 1597 4274; x_wconf 81' lang='grc' dir='ltr'>πᾶσιν</span> <span class='ocrx_word' id='word_1_602' title='bbox 1617 4219 1923 4290; x_wconf 84' lang='grc' dir='ltr'>ὑπόδειγμα</span> 
     </span>
    </p>
   </div>
   <div class='ocr_carea' id='block_1_75' title="bbox 340 4313 1922 4387">
    <p class='ocr_par' dir='ltr' id='par_1_75' title="bbox 340 4313 1922 4387">
     <span class='ocr_line' id='line_1_75' title="bbox 340 4313 1922 4387; baseline -0.001 -19"><span class='ocrx_word' id='word_1_603' title='bbox 340 4316 635 4386; x_wconf 80' lang='grc' dir='ltr'>μετανοίας</span> <span class='ocrx_word' id='word_1_604' title='bbox 680 4314 1029 4387; x_wconf 76' lang='grc' dir='ltr'>εἰλικρινοῦς,</span> <span class='ocrx_word' id='word_1_605' title='bbox 1092 4313 1189 4367; x_wconf 77' lang='grc' dir='ltr'>καὶ</span> <span class='ocrx_word' id='word_1_606' title='bbox 1248 4313 1511 4384; x_wconf 85' lang='grc' dir='ltr'>τρόπαιον</span> <span class='ocrx_word' id='word_1_607' title='bbox 1572 4315 1922 4378; x_wconf 76' lang='grc' dir='ltr'>ἀναστάσεως</span> 
     </span>
    </p>
   </div>
   <div class='ocr_carea' id='block_1_76' title="bbox 336 4407 704 4480">
    <p class='ocr_par' dir='ltr' id='par_1_76' title="bbox 336 4407 704 4480">
     <span class='ocr_line' id='line_1_76' title="bbox 336 4407 704 4480; baseline -0.003 -18"><span class='ocrx_word' id='word_1_608' title='bbox 336 4407 704 4480; x_wconf 76' lang='grc' dir='ltr'>βλεπομένης.</span> 
     </span>
    </p>
   </div>
   <div class='ocr_carea' id='block_1_77' title="bbox 2028 3277 3609 3359">
    <p class='ocr_par' dir='ltr' id='par_1_77' title="bbox 2028 3277 3609 3359">
     <span class='ocr_line' id='line_1_77' title="bbox 2028 3277 3609 3359; baseline 0.011 -28"><span class='ocrx_word' id='word_1_609' title='bbox 2028 3277 2148 3349; x_wconf 86' lang='lat' dir='ltr'><strong>guis</strong></span> <span class='ocrx_word' id='word_1_610' title='bbox 2174 3294 2333 3348; x_wconf 88' lang='lat' dir='ltr'><strong>quem</strong></span> <span class='ocrx_word' id='word_1_611' title='bbox 2369 3278 2645 3347; x_wconf 86' lang='lat' dir='ltr'><strong>ell&#39;udisti;</strong></span> <span class='ocrx_word' id='word_1_612' title='bbox 2704 3282 2757 3337; x_wconf 92' lang='lat' dir='ltr'><strong>in</strong></span> <span class='ocrx_word' id='word_1_613' title='bbox 2806 3297 2893 3339; x_wconf 87' lang='lat' dir='ltr'><strong>me</strong></span> <span class='ocrx_word' id='word_1_614' title='bbox 2935 3299 3076 3342; x_wconf 90' lang='lat' dir='ltr'><strong>onus</strong></span> <span class='ocrx_word' id='word_1_615' title='bbox 3113 3289 3354 3359; x_wconf 90' lang='lat' dir='ltr'><strong>suscipio</strong></span> <span class='ocrx_word' id='word_1_616' title='bbox 3394 3303 3609 3349; x_wconf 90' lang='lat' dir='ltr'><strong>tuorum</strong></span> 
     </span>
    </p>
   </div>
   <div class='ocr_carea' id='block_1_78' title="bbox 2027 3375 3611 3457">
    <p class='ocr_par' dir='ltr' id='par_1_78' title="bbox 2027 3375 3611 3457">
     <span class='ocr_line' id='line_1_78' title="bbox 2027 3375 3611 3457; baseline 0.011 -33"><span class='ocrx_word' id='word_1_617' title='bbox 2027 3381 2396 3440; x_wconf 87' lang='lat' dir='ltr'><strong>peccatorum,</strong></span> <span class='ocrx_word' id='word_1_618' title='bbox 2432 3388 2496 3428; x_wconf 90' lang='lat' dir='ltr'><strong>ac</strong></span> <span class='ocrx_word' id='word_1_619' title='bbox 2518 3375 2787 3430; x_wconf 86' lang='lat' dir='ltr'><strong>cervicem</strong></span> <span class='ocrx_word' id='word_1_620' title='bbox 2810 3391 2986 3432; x_wconf 89' lang='lat' dir='ltr'><strong>meam</strong></span> <span class='ocrx_word' id='word_1_621' title='bbox 3029 3398 3074 3433; x_wconf 79' lang='grc' dir='ltr'><strong>ι.</strong></span> <span class='ocrx_word' id='word_1_622' title='bbox 3110 3379 3247 3436; x_wconf 92' lang='lat' dir='ltr'><strong>Tum</strong></span> <span class='ocrx_word' id='word_1_623' title='bbox 3278 3384 3484 3442; x_wconf 87' lang='lat' dir='ltr'><strong>stitisse</strong></span> <span class='ocrx_word' id='word_1_624' title='bbox 3522 3387 3611 3457; x_wconf 61' lang='lat' dir='ltr'><strong>juo</strong></span> 
     </span>
    </p>
   </div>
   <div class='ocr_carea' id='block_1_79' title="bbox 2027 3470 3611 3549">
    <p class='ocr_par' dir='ltr' id='par_1_79' title="bbox 2027 3470 3611 3549">
     <span class='ocr_line' id='line_1_79' title="bbox 2027 3470 3611 3549; baseline 0.012 -33"><span class='ocrx_word' id='word_1_625' title='bbox 2027 3478 2216 3520; x_wconf 87' lang='lat' dir='ltr'><strong>venem</strong></span> <span class='ocrx_word' id='word_1_626' title='bbox 2255 3483 2267 3518; x_wconf 91' lang='lat'><strong>:</strong></span> <span class='ocrx_word' id='word_1_627' title='bbox 2311 3473 2658 3536; x_wconf 90' lang='lat' dir='ltr'><strong>tremoreque</strong></span> <span class='ocrx_word' id='word_1_628' title='bbox 2691 3482 2756 3523; x_wconf 87' lang='lat' dir='ltr'><strong>ac</strong></span> <span class='ocrx_word' id='word_1_629' title='bbox 2782 3471 2973 3540; x_wconf 83' lang='lat' dir='ltr'><strong>grandi</strong></span> <span class='ocrx_word' id='word_1_630' title='bbox 3011 3470 3189 3538; x_wconf 92' lang='lat' dir='ltr'><strong>luctu,</strong></span> <span class='ocrx_word' id='word_1_631' title='bbox 3226 3490 3378 3531; x_wconf 87' lang='lat' dir='ltr'><strong>arma</strong></span> <span class='ocrx_word' id='word_1_632' title='bbox 3429 3479 3611 3549; x_wconf 89' lang='lat' dir='ltr'><strong>proje-</strong></span> 
     </span>
    </p>
   </div>
   <div class='ocr_carea' id='block_1_80' title="bbox 2026 3557 3607 3639">
    <p class='ocr_par' dir='ltr' id='par_1_80' title="bbox 2026 3557 3607 3639">
     <span class='ocr_line' id='line_1_80' title="bbox 2026 3557 3607 3639; baseline 0.008 -27"><span class='ocrx_word' id='word_1_633' title='bbox 2026 3558 2169 3613; x_wconf 90' lang='lat' dir='ltr'><strong>cisse</strong></span> <span class='ocrx_word' id='word_1_634' title='bbox 2199 3572 2214 3611; x_wconf 87' lang='lat'><strong>:</strong></span> <span class='ocrx_word' id='word_1_635' title='bbox 2245 3567 2409 3630; x_wconf 86' lang='lat' dir='ltr'><strong>atque</strong></span> <span class='ocrx_word' id='word_1_636' title='bbox 2438 3558 2503 3612; x_wconf 86' lang='lat' dir='ltr'><strong>ad</strong></span> <span class='ocrx_word' id='word_1_637' title='bbox 2535 3557 2799 3616; x_wconf 87' lang='lat' dir='ltr'><strong>Joannem</strong></span> <span class='ocrx_word' id='word_1_638' title='bbox 2830 3562 3204 3633; x_wconf 88' lang='lat' dir='ltr'><strong>accedentem,</strong></span> <span class='ocrx_word' id='word_1_639' title='bbox 3242 3567 3607 3639; x_wconf 78' lang='lat' dir='ltr'><strong>amplexatutu</strong></span> 
     </span>
    </p>
   </div>
   <div class='ocr_carea' id='block_1_81' title="bbox 2025 3652 3608 3731">
    <p class='ocr_par' dir='ltr' id='par_1_81' title="bbox 2025 3652 3608 3731">
     <span class='ocr_line' id='line_1_81' title="bbox 2025 3652 3608 3731; baseline 0.008 -25"><span class='ocrx_word' id='word_1_640' title='bbox 2025 3664 2168 3717; x_wconf 86' lang='lat' dir='ltr'><strong>esse,</strong></span> <span class='ocrx_word' id='word_1_641' title='bbox 2202 3666 2325 3705; x_wconf 93' lang='lat' dir='ltr'><strong>cum</strong></span> <span class='ocrx_word' id='word_1_642' title='bbox 2378 3652 2626 3718; x_wconf 85' lang='lat' dir='ltr'><strong>permiin</strong></span> <span class='ocrx_word' id='word_1_643' title='bbox 2676 3653 2935 3725; x_wconf 88' lang='lat' dir='ltr'><strong>lacrytnis</strong></span> <span class='ocrx_word' id='word_1_644' title='bbox 2958 3658 3349 3731; x_wconf 74' lang='lat' dir='ltr'><strong>gemitus(25),</strong></span> <span class='ocrx_word' id='word_1_645' title='bbox 3388 3677 3456 3717; x_wconf 90' lang='lat' dir='ltr'><strong>ne</strong></span> <span class='ocrx_word' id='word_1_646' title='bbox 3484 3676 3608 3721; x_wconf 86' lang='lat' dir='ltr'><strong>ver-</strong></span> 
     </span>
    </p>
   </div>
   <div class='ocr_carea' id='block_1_82' title="bbox 2027 3743 3609 3821">
    <p class='ocr_par' dir='ltr' id='par_1_82' title="bbox 2027 3743 3609 3821">
     <span class='ocr_line' id='line_1_82' title="bbox 2027 3743 3609 3821; baseline 0.01 -24"><span class='ocrx_word' id='word_1_647' title='bbox 2027 3743 2154 3798; x_wconf 91' lang='lat' dir='ltr'><strong>bum</strong></span> <span class='ocrx_word' id='word_1_648' title='bbox 2224 3744 2441 3813; x_wconf 90' lang='lat' dir='ltr'><strong>quidem</strong></span> <span class='ocrx_word' id='word_1_649' title='bbox 2471 3744 2538 3799; x_wconf 84' lang='lat' dir='ltr'><strong>ad</strong></span> <span class='ocrx_word' id='word_1_650' title='bbox 2609 3746 2986 3804; x_wconf 83' lang='lat' dir='ltr'><strong>defensionem</strong></span> <span class='ocrx_word' id='word_1_651' title='bbox 3033 3752 3286 3821; x_wconf 80' lang='lat' dir='ltr'><strong>proferre</strong></span> <span class='ocrx_word' id='word_1_652' title='bbox 3342 3755 3609 3814; x_wconf 88' lang='lat' dir='ltr'><strong>sinerent.</strong></span> 
     </span>
    </p>
   </div>
   <div class='ocr_carea' id='block_1_83' title="bbox 2028 3838 3611 3913">
    <p class='ocr_par' dir='ltr' id='par_1_83' title="bbox 2028 3838 3611 3913">
     <span class='ocr_line' id='line_1_83' title="bbox 2028 3838 3611 3913; baseline 0.012 -20"><span class='ocrx_word' id='word_1_653' title='bbox 2028 3838 2278 3910; x_wconf 88' lang='lat' dir='ltr'><strong>Tumque</strong></span> <span class='ocrx_word' id='word_1_654' title='bbox 2309 3840 2399 3895; x_wconf 92' lang='lat' dir='ltr'><strong>ubi</strong></span> <span class='ocrx_word' id='word_1_655' title='bbox 2426 3848 2633 3895; x_wconf 88' lang='lat' dir='ltr'><strong>tantum</strong></span> <span class='ocrx_word' id='word_1_656' title='bbox 2664 3842 2943 3899; x_wconf 76' lang='lat' dir='ltr'><strong>dexteram</strong></span> <span class='ocrx_word' id='word_1_657' title='bbox 2984 3846 3101 3913; x_wconf 88' lang='lat' dir='ltr'><strong>ejus</strong></span> <span class='ocrx_word' id='word_1_658' title='bbox 3133 3866 3355 3906; x_wconf 85' lang='lat' dir='ltr'><strong>manum</strong></span> <span class='ocrx_word' id='word_1_659' title='bbox 3415 3840 3611 3912; x_wconf 84' lang='lat' dir='ltr'><strong>etiam-</strong></span> 
     </span>
    </p>
   </div>
   <div class='ocr_carea' id='block_1_84' title="bbox 2028 3934 3609 4005">
    <p class='ocr_par' dir='ltr' id='par_1_84' title="bbox 2028 3934 3609 4005">
     <span class='ocr_line' id='line_1_84' title="bbox 2028 3934 3609 4005; baseline 0.011 -19"><span class='ocrx_word' id='word_1_660' title='bbox 2028 3948 2155 3986; x_wconf 91' lang='lat' dir='ltr'><strong>num</strong></span> <span class='ocrx_word' id='word_1_661' title='bbox 2179 3934 2441 4003; x_wconf 86' lang='lat' dir='ltr'><strong>sanguine</strong></span> <span class='ocrx_word' id='word_1_662' title='bbox 2465 3943 2806 3990; x_wconf 85' lang='lat' dir='ltr'><strong>cruentatam</strong></span> <span class='ocrx_word' id='word_1_663' title='bbox 2843 3938 3137 4005; x_wconf 89' lang='lat' dir='ltr'><strong>tenuisset,</strong></span> <span class='ocrx_word' id='word_1_664' title='bbox 3167 3940 3432 4000; x_wconf 89' lang='lat' dir='ltr'><strong>Joannem</strong></span> <span class='ocrx_word' id='word_1_665' title='bbox 3463 3963 3609 4004; x_wconf 88' lang='lat' dir='ltr'><strong>eam-</strong></span> 
     </span>
    </p>
   </div>
   <div class='ocr_carea' id='block_1_85' title="bbox 2026 4024 3608 4101">
    <p class='ocr_par' dir='ltr' id='par_1_85' title="bbox 2026 4024 3608 4101">
     <span class='ocr_line' id='line_1_85' title="bbox 2026 4024 3608 4101; baseline 0.01 -24"><span class='ocrx_word' id='word_1_666' title='bbox 2026 4024 2146 4078; x_wconf 90' lang='lat' dir='ltr'><strong>dem</strong></span> <span class='ocrx_word' id='word_1_667' title='bbox 2175 4024 2254 4079; x_wconf 92' lang='lat' dir='ltr'><strong>ori</strong></span> <span class='ocrx_word' id='word_1_668' title='bbox 2284 4025 2588 4092; x_wconf 91' lang='lat' dir='ltr'><strong>admotam,</strong></span> <span class='ocrx_word' id='word_1_669' title='bbox 2621 4034 2879 4097; x_wconf 89' lang='lat' dir='ltr'><strong>tanquam</strong></span> <span class='ocrx_word' id='word_1_670' title='bbox 2910 4030 3167 4101; x_wconf 85' lang='lat' dir='ltr'><strong>lacrymis</strong></span> <span class='ocrx_word' id='word_1_671' title='bbox 3189 4032 3608 4096; x_wconf 87' lang='lat' dir='ltr'><strong>jamintiuctam</strong></span> 
     </span>
    </p>
   </div>
   <div class='ocr_carea' id='block_1_86' title="bbox 2026 4106 3610 4196">
    <p class='ocr_par' dir='ltr' id='par_1_86' title="bbox 2026 4106 3610 4196">
     <span class='ocr_line' id='line_1_86' title="bbox 2026 4106 3610 4196; baseline 0.01 -25"><span class='ocrx_word' id='word_1_672' title='bbox 2026 4129 2190 4187; x_wconf 87' lang='lat' dir='ltr'><strong>atque</strong></span> <span class='ocrx_word' id='word_1_673' title='bbox 2217 4106 2527 4188; x_wconf 81' lang='lat' dir='ltr'><strong>purgatam,</strong></span> <span class='ocrx_word' id='word_1_674' title='bbox 2584 4121 2891 4175; x_wconf 80' lang='lat' dir='ltr'><strong>osculatam</strong></span> <span class='ocrx_word' id='word_1_675' title='bbox 2929 4138 3049 4179; x_wconf 86' lang='lat' dir='ltr'><strong>esse</strong></span> <span class='ocrx_word' id='word_1_676' title='bbox 3072 4166 3086 4188; x_wconf 93' lang='lat'><strong>,</strong></span> <span class='ocrx_word' id='word_1_677' title='bbox 3117 4139 3217 4180; x_wconf 87' lang='lat' dir='ltr'><strong>nec</strong></span> <span class='ocrx_word' id='word_1_678' title='bbox 3248 4128 3399 4196; x_wconf 86' lang='lat' dir='ltr'><strong>prius</strong></span> <span class='ocrx_word' id='word_1_679' title='bbox 3443 4131 3610 4187; x_wconf 84' lang='lat' dir='ltr'><strong>desti-</strong></span> 
     </span>
    </p>
   </div>
   <div class='ocr_carea' id='block_1_87' title="bbox 2029 4211 3611 4281">
    <p class='ocr_par' dir='ltr' id='par_1_87' title="bbox 2029 4211 3611 4281">
     <span class='ocr_line' id='line_1_87' title="bbox 2029 4211 3611 4281; baseline 0.009 -17"><span class='ocrx_word' id='word_1_680' title='bbox 2029 4211 2182 4279; x_wconf 86' lang='lat' dir='ltr'><strong>tisse,</strong></span> <span class='ocrx_word' id='word_1_681' title='bbox 2209 4225 2373 4281; x_wconf 88' lang='lat' dir='ltr'><strong>quam</strong></span> <span class='ocrx_word' id='word_1_682' title='bbox 2408 4225 2593 4267; x_wconf 82' lang='lat' dir='ltr'><strong>secum</strong></span> <span class='ocrx_word' id='word_1_683' title='bbox 2619 4211 2874 4280; x_wconf 84' lang='lat' dir='ltr'><strong>juvenem</strong></span> <span class='ocrx_word' id='word_1_684' title='bbox 2916 4215 2968 4269; x_wconf 91' lang='lat' dir='ltr'><strong>iu</strong></span> <span class='ocrx_word' id='word_1_685' title='bbox 3024 4215 3325 4275; x_wconf 83' lang='lat' dir='ltr'><strong>Eeclesiam</strong></span> <span class='ocrx_word' id='word_1_686' title='bbox 3366 4222 3611 4280; x_wconf 79' lang='lat' dir='ltr'><strong>induxis-</strong></span> 
     </span>
    </p>
   </div>
   <div class='ocr_carea' id='block_1_88' title="bbox 2022 4302 3608 4382">
    <p class='ocr_par' dir='ltr' id='par_1_88' title="bbox 2022 4302 3608 4382">
     <span class='ocr_line' id='line_1_88' title="bbox 2022 4302 3608 4382; baseline 0.007 -24"><span class='ocrx_word' id='word_1_687' title='bbox 2022 4311 2153 4359; x_wconf 90' lang='lat' dir='ltr'><strong>set:</strong></span> <span class='ocrx_word' id='word_1_688' title='bbox 2204 4302 2333 4358; x_wconf 89' lang='lat' dir='ltr'><strong>dato</strong></span> <span class='ocrx_word' id='word_1_689' title='bbox 2387 4303 2646 4359; x_wconf 88' lang='lat' dir='ltr'><strong>omnibus</strong></span> <span class='ocrx_word' id='word_1_690' title='bbox 2689 4304 2919 4360; x_wconf 73' lang='lat' dir='ltr'><strong>sincera:</strong></span> <span class='ocrx_word' id='word_1_691' title='bbox 2950 4308 3284 4376; x_wconf 71' lang='lat' dir='ltr'><strong>pmuitentia:</strong></span> <span class='ocrx_word' id='word_1_692' title='bbox 3337 4318 3608 4382; x_wconf 81' lang='lat' dir='ltr'><strong>exempto,</strong></span> 
     </span>
    </p>
   </div>
   <div class='ocr_carea' id='block_1_89' title="bbox 2023 4397 3608 4478">
    <p class='ocr_par' dir='ltr' id='par_1_89' title="bbox 2023 4397 3608 4478">
     <span class='ocr_line' id='line_1_89' title="bbox 2023 4397 3608 4478; baseline 0.005 -25"><span class='ocrx_word' id='word_1_693' title='bbox 2023 4398 2389 4466; x_wconf 77' lang='lat' dir='ltr'><strong>subjectzeque</strong></span> <span class='ocrx_word' id='word_1_694' title='bbox 2421 4397 2598 4452; x_wconf 87' lang='lat' dir='ltr'><strong>oculis</strong></span> <span class='ocrx_word' id='word_1_695' title='bbox 2632 4412 2696 4451; x_wconf 86' lang='lat' dir='ltr'><strong>ac</strong></span> <span class='ocrx_word' id='word_1_696' title='bbox 2728 4413 3017 4468; x_wconf 88' lang='lat' dir='ltr'><strong>corporum</strong></span> <span class='ocrx_word' id='word_1_697' title='bbox 3051 4404 3472 4461; x_wconf 82' lang='lat' dir='ltr'><strong>resurrectionis</strong></span> <span class='ocrx_word' id='word_1_698' title='bbox 3497 4405 3608 4478; x_wconf 71' lang='grc'><strong>(26)</strong></span> 
     </span>
    </p>
   </div>
   <div class='ocr_carea' id='block_1_90' title="bbox 2027 4492 2912 4563">
    <p class='ocr_par' dir='ltr' id='par_1_90' title="bbox 2027 4492 2912 4563">
     <span class='ocr_line' id='line_1_90' title="bbox 2027 4492 2912 4563; baseline 0.003 -17"><span class='ocrx_word' id='word_1_699' title='bbox 2027 4492 2169 4547; x_wconf 82' lang='lat' dir='ltr'><strong>velut</strong></span> <span class='ocrx_word' id='word_1_700' title='bbox 2209 4492 2442 4563; x_wconf 84' lang='lat' dir='ltr'><strong>quodam</strong></span> <span class='ocrx_word' id='word_1_701' title='bbox 2472 4500 2658 4546; x_wconf 87' lang='lat' dir='ltr'><strong>erecto</strong></span> <span class='ocrx_word' id='word_1_702' title='bbox 2690 4502 2912 4563; x_wconf 71' lang='lat' dir='ltr'><strong>tropaeo.</strong></span> 
     </span>
    </p>
   </div>
   <div class='ocr_carea' id='block_1_91' title="bbox 1859 4651 2081 4710">
    <p class='ocr_par' dir='ltr' id='par_1_91' title="bbox 1859 4651 2081 4710">
     <span class='ocr_line' id='line_1_91' title="bbox 1859 4651 2081 4710; baseline -0.009 -2"><span class='ocrx_word' id='word_1_703' title='bbox 1859 4651 2081 4710; x_wconf 74' lang='grc' dir='ltr'><strong>ΝΟΤᾸΞ.</strong></span> 
     </span>
    </p>
   </div>
   <div class='ocr_carea' id='block_1_92' title="bbox 410 4818 3608 4893">
    <p class='ocr_par' dir='ltr' id='par_1_92' title="bbox 410 4818 3608 4893">
     <span class='ocr_line' id='line_1_92' title="bbox 410 4818 3608 4893; baseline 0.003 -22"><span class='ocrx_word' id='word_1_704' title='bbox 410 4820 523 4891; x_wconf 72' lang='grc'><strong>(25)</strong></span> <span class='ocrx_word' id='word_1_705' title='bbox 560 4818 693 4893; x_wconf 78' lang='lat' dir='ltr'><strong>Cum</strong></span> <span class='ocrx_word' id='word_1_706' title='bbox 745 4819 986 4893; x_wconf 82' lang='lat' dir='ltr'><strong>permisti</strong></span> <span class='ocrx_word' id='word_1_707' title='bbox 1030 4819 1284 4893; x_wconf 72' lang='lat' dir='ltr'><strong>lacrymis</strong></span> <span class='ocrx_word' id='word_1_708' title='bbox 1312 4820 1542 4893; x_wconf 76' lang='lat' dir='ltr'><strong>gemitus</strong></span> <span class='ocrx_word' id='word_1_709' title='bbox 1566 4861 1580 4883; x_wconf 89' lang='lat'><strong>,</strong></span> <span class='ocrx_word' id='word_1_710' title='bbox 1608 4828 1749 4893; x_wconf 60' lang='lat' dir='ltr'><strong>etc.,</strong></span> <span class='ocrx_word' id='word_1_711' title='bbox 1779 4818 1917 4893; x_wconf 69' lang='lat' dir='ltr'><strong>blala</strong></span> <span class='ocrx_word' id='word_1_712' title='bbox 1952 4827 1996 4882; x_wconf 82' lang='grc' dir='ltr'><strong>ι)</strong></span> <span class='ocrx_word' id='word_1_713' title='bbox 2027 4836 2209 4893; x_wconf 80' lang='lat' dir='ltr'><strong>quam</strong></span> <span class='ocrx_word' id='word_1_714' title='bbox 2241 4820 2443 4893; x_wconf 71' lang='lat' dir='ltr'><strong>passim</strong></span> <span class='ocrx_word' id='word_1_715' title='bbox 2509 4819 2853 4875; x_wconf 80' lang='lat' dir='ltr'><strong>aﬂ&#39;ectiouem</strong></span> <span class='ocrx_word' id='word_1_716' title='bbox 2895 4821 3133 4892; x_wconf 80' lang='lat' dir='ltr'><strong>graviori</strong></span> <span class='ocrx_word' id='word_1_717' title='bbox 3198 4822 3378 4893; x_wconf 88' lang='lat' dir='ltr'><strong>aliquo</strong></span> <span class='ocrx_word' id='word_1_718' title='bbox 3425 4826 3568 4880; x_wconf 82' lang='lat' dir='ltr'><strong>luctu</strong></span> <span class='ocrx_word' id='word_1_719' title='bbox 3593 4868 3608 4893; x_wconf 90' lang='lat'><strong>,</strong></span> 
     </span>
    </p>
   </div>
   <div class='ocr_carea' id='block_1_93' title="bbox 324 4890 1921 4960">
    <p class='ocr_par' dir='ltr' id='par_1_93' title="bbox 324 4890 1921 4960">
     <span class='ocr_line' id='line_1_93' title="bbox 324 4890 1921 4960; baseline -0.003 -13"><span class='ocrx_word' id='word_1_720' title='bbox 324 4890 610 4959; x_wconf 80' lang='lat' dir='ltr'><strong>\nterpres</strong></span> <span class='ocrx_word' id='word_1_721' title='bbox 641 4890 1077 4960; x_wconf 62' lang='lat' dir='ltr'><strong>interpunctione</strong></span> <span class='ocrx_word' id='word_1_722' title='bbox 1097 4930 1112 4954; x_wconf 96' lang='lat'><strong>,</strong></span> <span class='ocrx_word' id='word_1_723' title='bbox 1148 4890 1208 4940; x_wconf 84' lang='grc' dir='ltr'><strong>τὸ</strong></span> <span class='ocrx_word' id='word_1_724' title='bbox 1240 4891 1362 4960; x_wconf 81' lang='grc' dir='ltr'>ταῖς</span> <span class='ocrx_word' id='word_1_725' title='bbox 1385 4892 1656 4960; x_wconf 77' lang='grc' dir='ltr'>οἰμωγαῖς</span> <span class='ocrx_word' id='word_1_726' title='bbox 1682 4890 1792 4943; x_wconf 84' lang='grc' dir='ltr'><strong>τῶν</strong></span> <span class='ocrx_word' id='word_1_727' title='bbox 1828 4890 1921 4944; x_wconf 86' lang='grc' dir='ltr'>δα-</span> 
     </span>
    </p>
   </div>
   <div class='ocr_carea' id='block_1_94' title="bbox 328 4952 1921 5033">
    <p class='ocr_par' dir='ltr' id='par_1_94' title="bbox 328 4952 1921 5033">
     <span class='ocr_line' id='line_1_94' title="bbox 328 4952 1921 5033; baseline 0 -18"><span class='ocrx_word' id='word_1_728' title='bbox 328 4952 524 5033; x_wconf 74' lang='grc' dir='ltr'>κρύων</span> <span class='ocrx_word' id='word_1_729' title='bbox 549 4958 738 5033; x_wconf 76' lang='grc' dir='ltr'>αὐτοῦ,</span> <span class='ocrx_word' id='word_1_730' title='bbox 765 4952 1000 5033; x_wconf 61' lang='lat' dir='ltr'><strong>fungens</strong></span> <span class='ocrx_word' id='word_1_731' title='bbox 1025 4952 1483 5033; x_wconf 15' lang='grc' dir='ltr'>νθιῇοᾲήσπὰζετρ,</span> <span class='ocrx_word' id='word_1_732' title='bbox 1508 4952 1771 5033; x_wconf 79' lang='lat' dir='ltr'><strong>absonum</strong></span> <span class='ocrx_word' id='word_1_733' title='bbox 1804 4974 1921 5015; x_wconf 84' lang='lat' dir='ltr'><strong>sett-</strong></span> 
     </span>
    </p>
   </div>
   <div class='ocr_carea' id='block_1_95' title="bbox 329 5028 1923 5100">
    <p class='ocr_par' dir='ltr' id='par_1_95' title="bbox 329 5028 1923 5100">
     <span class='ocr_line' id='line_1_95' title="bbox 329 5028 1923 5100; baseline -0.002 -14"><span class='ocrx_word' id='word_1_734' title='bbox 329 5028 456 5086; x_wconf 78' lang='lat' dir='ltr'><strong>sum</strong></span> <span class='ocrx_word' id='word_1_735' title='bbox 491 5032 667 5085; x_wconf 78' lang='lat' dir='ltr'><strong>reddit</strong></span> <span class='ocrx_word' id='word_1_736' title='bbox 709 5049 722 5084; x_wconf 89' lang='lat'><strong>:</strong></span> <span class='ocrx_word' id='word_1_737' title='bbox 772 5028 1054 5084; x_wconf 83' lang='lat' dir='ltr'><strong>Salutabat</strong></span> <span class='ocrx_word' id='word_1_738' title='bbox 1100 5028 1255 5083; x_wconf 80' lang='lat' dir='ltr'><strong>illum</strong></span> <span class='ocrx_word' id='word_1_739' title='bbox 1308 5031 1502 5100; x_wconf 77' lang='lat' dir='ltr'><strong>gemitu</strong></span> <span class='ocrx_word' id='word_1_740' title='bbox 1565 5030 1923 5100; x_wconf 84' lang='lat' dir='ltr'><strong>lacrymarum</strong></span> 
     </span>
    </p>
   </div>
   <div class='ocr_carea' id='block_1_96' title="bbox 330 5100 1924 5172">
    <p class='ocr_par' dir='ltr' id='par_1_96' title="bbox 330 5100 1924 5172">
     <span class='ocr_line' id='line_1_96' title="bbox 330 5100 1924 5172; baseline -0.001 -17"><span class='ocrx_word' id='word_1_741' title='bbox 330 5116 596 5165; x_wconf 84' lang='lat' dir='ltr'><strong>suarum;</strong></span> <span class='ocrx_word' id='word_1_742' title='bbox 654 5100 806 5169; x_wconf 89' lang='lat' dir='ltr'><strong>quasi</strong></span> <span class='ocrx_word' id='word_1_743' title='bbox 843 5115 973 5172; x_wconf 86' lang='lat' dir='ltr'><strong>vero</strong></span> <span class='ocrx_word' id='word_1_744' title='bbox 1029 5101 1286 5172; x_wconf 86' lang='lat' dir='ltr'><strong>lacrymis</strong></span> <span class='ocrx_word' id='word_1_745' title='bbox 1321 5116 1385 5155; x_wconf 86' lang='lat' dir='ltr'><strong>ac</strong></span> <span class='ocrx_word' id='word_1_746' title='bbox 1429 5101 1757 5172; x_wconf 84' lang='lat' dir='ltr'><strong>singultibus</strong></span> <span class='ocrx_word' id='word_1_747' title='bbox 1807 5118 1924 5172; x_wconf 84' lang='lat' dir='ltr'><strong>aut-</strong></span> 
     </span>
    </p>
   </div>
   <div class='ocr_carea' id='block_1_97' title="bbox 330 5169 1922 5242">
    <p class='ocr_par' dir='ltr' id='par_1_97' title="bbox 330 5169 1922 5242">
     <span class='ocr_line' id='line_1_97' title="bbox 330 5169 1922 5242; baseline -0.001 -18"><span class='ocrx_word' id='word_1_748' title='bbox 330 5176 659 5241; x_wconf 81' lang='lat' dir='ltr'><strong>plectamur,</strong></span> <span class='ocrx_word' id='word_1_749' title='bbox 689 5180 782 5224; x_wconf 88' lang='lat' dir='ltr'><strong>aut</strong></span> <span class='ocrx_word' id='word_1_750' title='bbox 812 5169 1438 5242; x_wconf 52' lang='lat' dir='ltr'><strong>saluteutustusebius</strong></span> <span class='ocrx_word' id='word_1_751' title='bbox 1465 5189 1477 5224; x_wconf 92' lang='lat'>:</span> <span class='ocrx_word' id='word_1_752' title='bbox 1521 5169 1922 5242; x_wconf 85' lang='grc' dir='ltr'>Ἀπολογούμε-</span> 
     </span>
    </p>
   </div>
   <div class='ocr_carea' id='block_1_98' title="bbox 330 5241 1924 5311">
    <p class='ocr_par' dir='ltr' id='par_1_98' title="bbox 330 5241 1924 5311">
     <span class='ocr_line' id='line_1_98' title="bbox 330 5241 1924 5311; baseline 0.001 -18"><span class='ocrx_word' id='word_1_753' title='bbox 330 5259 428 5306; x_wconf 85' lang='grc' dir='ltr'><strong>νος</strong></span> <span class='ocrx_word' id='word_1_754' title='bbox 465 5243 587 5304; x_wconf 86' lang='grc' dir='ltr'>ταῖς</span> <span class='ocrx_word' id='word_1_755' title='bbox 621 5243 915 5311; x_wconf 87' lang='grc' dir='ltr'>οἰμωγαῖς,</span> <span class='ocrx_word' id='word_1_756' title='bbox 946 5242 1021 5304; x_wconf 85' lang='grc' dir='ltr'>ὡς</span> <span class='ocrx_word' id='word_1_757' title='bbox 1063 5241 1328 5310; x_wconf 69' lang='grc' dir='ltr'>ἠδύνατο·</span> <span class='ocrx_word' id='word_1_758' title='bbox 1359 5241 1637 5295; x_wconf 72' lang='grc' dir='ltr'>Επιιδαηδ</span> <span class='ocrx_word' id='word_1_759' title='bbox 1666 5258 1728 5295; x_wconf 89' lang='lat' dir='ltr'><strong>ac</strong></span> <span class='ocrx_word' id='word_1_760' title='bbox 1766 5244 1924 5296; x_wconf 83' lang='lat' dir='ltr'><strong>satis-</strong></span> 
     </span>
    </p>
   </div>
   <div class='ocr_carea' id='block_1_99' title="bbox 330 5312 1920 5383">
    <p class='ocr_par' dir='ltr' id='par_1_99' title="bbox 330 5312 1920 5383">
     <span class='ocr_line' id='line_1_99' title="bbox 330 5312 1920 5383; baseline 0.004 -21"><span class='ocrx_word' id='word_1_761' title='bbox 330 5315 537 5383; x_wconf 75' lang='lat' dir='ltr'><strong>faciens</strong></span> <span class='ocrx_word' id='word_1_762' title='bbox 569 5314 871 5381; x_wconf 80' lang='lat' dir='ltr'><strong>gemitibus,</strong></span> <span class='ocrx_word' id='word_1_763' title='bbox 902 5325 1057 5380; x_wconf 81' lang='lat' dir='ltr'><strong>prout</strong></span> <span class='ocrx_word' id='word_1_764' title='bbox 1087 5321 1294 5377; x_wconf 84' lang='lat' dir='ltr'><strong>poterat</strong></span> <span class='ocrx_word' id='word_1_765' title='bbox 1325 5312 1786 5382; x_wconf 87' lang='lat' dir='ltr'><strong>:proltibentibus</strong></span> <span class='ocrx_word' id='word_1_766' title='bbox 1822 5314 1920 5368; x_wconf 90' lang='lat' dir='ltr'><strong>iis-</strong></span> 
     </span>
    </p>
   </div>
   <div class='ocr_carea' id='block_1_100' title="bbox 328 5384 1926 5453">
    <p class='ocr_par' dir='ltr' id='par_1_100' title="bbox 328 5384 1926 5453">
     <span class='ocr_line' id='line_1_100' title="bbox 328 5384 1926 5453; baseline 0 -16"><span class='ocrx_word' id='word_1_767' title='bbox 328 5386 459 5437; x_wconf 80' lang='lat' dir='ltr'><strong>dem</strong></span> <span class='ocrx_word' id='word_1_768' title='bbox 498 5384 680 5453; x_wconf 86' lang='lat' dir='ltr'><strong>loqui,</strong></span> <span class='ocrx_word' id='word_1_769' title='bbox 725 5398 787 5437; x_wconf 86' lang='lat' dir='ltr'><strong>ac</strong></span> <span class='ocrx_word' id='word_1_770' title='bbox 816 5384 999 5437; x_wconf 85' lang='lat' dir='ltr'><strong>verbis</strong></span> <span class='ocrx_word' id='word_1_771' title='bbox 1038 5398 1345 5450; x_wconf 79' lang='lat' dir='ltr'><strong>excusare,</strong></span> <span class='ocrx_word' id='word_1_772' title='bbox 1387 5392 1445 5437; x_wconf 93' lang='lat' dir='ltr'><strong>ut</strong></span> <span class='ocrx_word' id='word_1_773' title='bbox 1496 5384 1631 5436; x_wconf 88' lang='lat' dir='ltr'><strong>bene</strong></span> <span class='ocrx_word' id='word_1_774' title='bbox 1664 5386 1926 5452; x_wconf 80' lang='lat' dir='ltr'><strong>exprimit</strong></span> 
     </span>
    </p>
   </div>
   <div class='ocr_carea' id='block_1_101' title="bbox 327 5454 1918 5523">
    <p class='ocr_par' dir='ltr' id='par_1_101' title="bbox 327 5454 1918 5523">
     <span class='ocr_line' id='line_1_101' title="bbox 327 5454 1918 5523; baseline -0.003 -13"><span class='ocrx_word' id='word_1_775' title='bbox 327 5456 615 5510; x_wconf 78' lang='lat' dir='ltr'><strong>AnaStasii</strong></span> <span class='ocrx_word' id='word_1_776' title='bbox 648 5454 1030 5523; x_wconf 81' lang='lat' dir='ltr'><strong>paraphrasis,</strong></span> <span class='ocrx_word' id='word_1_777' title='bbox 1052 5463 1109 5506; x_wconf 92' lang='lat' dir='ltr'><strong>ut</strong></span> <span class='ocrx_word' id='word_1_778' title='bbox 1145 5455 1235 5509; x_wconf 87' lang='lat' dir='ltr'><strong>hic</strong></span> <span class='ocrx_word' id='word_1_779' title='bbox 1263 5471 1291 5508; x_wconf 90' lang='lat' dir='ltr'><strong>a</strong></span> <span class='ocrx_word' id='word_1_780' title='bbox 1327 5454 1485 5508; x_wconf 90' lang='lat' dir='ltr'><strong>nobis</strong></span> <span class='ocrx_word' id='word_1_781' title='bbox 1517 5468 1779 5522; x_wconf 83' lang='lat' dir='ltr'><strong>expressa</strong></span> <span class='ocrx_word' id='word_1_782' title='bbox 1816 5464 1918 5516; x_wconf 71' lang='grc' dir='ltr'>εει,</span> 
     </span>
    </p>
   </div>
   <div class='ocr_carea' id='block_1_102' title="bbox 327 5523 1920 5595">
    <p class='ocr_par' dir='ltr' id='par_1_102' title="bbox 327 5523 1920 5595">
     <span class='ocr_line' id='line_1_102' title="bbox 327 5523 1920 5595; baseline -0.002 -15"><span class='ocrx_word' id='word_1_783' title='bbox 327 5535 391 5580; x_wconf 83' lang='lat' dir='ltr'><strong>et</strong></span> <span class='ocrx_word' id='word_1_784' title='bbox 427 5525 627 5580; x_wconf 88' lang='lat' dir='ltr'><strong>clarius</strong></span> <span class='ocrx_word' id='word_1_785' title='bbox 658 5524 829 5595; x_wconf 83' lang='lat' dir='ltr'><strong>altera</strong></span> <span class='ocrx_word' id='word_1_786' title='bbox 859 5523 1445 5595; x_wconf 6' lang='lat' dir='ltr'><strong>editiorﬂegiigcodicis</strong></span> <span class='ocrx_word' id='word_1_787' title='bbox 1472 5542 1485 5579; x_wconf 90' lang='lat'><strong>:</strong></span> <span class='ocrx_word' id='word_1_788' title='bbox 1508 5524 1753 5595; x_wconf 47' lang='grc' dir='ltr'>,Τρὲμων</span> <span class='ocrx_word' id='word_1_789' title='bbox 1783 5523 1920 5594; x_wconf 84' lang='grc' dir='ltr'>ὁμοῦ</span> 
     </span>
    </p>
   </div>
   <div class='ocr_carea' id='block_1_103' title="bbox 325 5586 1921 5667">
    <p class='ocr_par' dir='ltr' id='par_1_103' title="bbox 325 5586 1921 5667">
     <span class='ocr_line' id='line_1_103' title="bbox 325 5586 1921 5667; baseline -0.001 -19"><span class='ocrx_word' id='word_1_790' title='bbox 325 5595 431 5649; x_wconf 70' lang='grc' dir='ltr'>καὶ</span> <span class='ocrx_word' id='word_1_791' title='bbox 459 5595 666 5667; x_wconf 79' lang='grc' dir='ltr'>κλαίων</span> <span class='ocrx_word' id='word_1_792' title='bbox 704 5594 986 5667; x_wconf 71' lang='grc' dir='ltr'>σφοδρῶς,</span> <span class='ocrx_word' id='word_1_793' title='bbox 1018 5594 1095 5658; x_wconf 82' lang='grc' dir='ltr'>ὡς</span> <span class='ocrx_word' id='word_1_794' title='bbox 1130 5586 1268 5666; x_wconf 70' lang='grc' dir='ltr'>μηδὲ</span> <span class='ocrx_word' id='word_1_795' title='bbox 1298 5586 1647 5667; x_wconf 67' lang='grc' dir='ltr'>φθέγγεσθαί</span> <span class='ocrx_word' id='word_1_796' title='bbox 1668 5595 1773 5667; x_wconf 81' lang='grc' dir='ltr'><strong>ὑπὸ</strong></span> <span class='ocrx_word' id='word_1_797' title='bbox 1811 5586 1921 5667; x_wconf 72' lang='grc' dir='ltr'><strong>τῶν</strong></span> 
     </span>
    </p>
   </div>
   <div class='ocr_carea' id='block_1_104' title="bbox 324 5664 1920 5738">
    <p class='ocr_par' dir='ltr' id='par_1_104' title="bbox 324 5664 1920 5738">
     <span class='ocr_line' id='line_1_104' title="bbox 324 5664 1920 5738; baseline -0.001 -19"><span class='ocrx_word' id='word_1_798' title='bbox 324 5664 852 5738; x_wconf 19' lang='grc' dir='ltr'>δακρόωνλίσχύειν,</span> <span class='ocrx_word' id='word_1_799' title='bbox 885 5664 1227 5738; x_wconf 51' lang='lat' dir='ltr'><strong>peltam-:93</strong></span> <span class='ocrx_word' id='word_1_800' title='bbox 1255 5667 1321 5718; x_wconf 80' lang='grc' dir='ltr'><strong>ἐκ</strong></span> <span class='ocrx_word' id='word_1_801' title='bbox 1348 5665 1443 5717; x_wconf 85' lang='grc' dir='ltr'>τοῦ</span> <span class='ocrx_word' id='word_1_802' title='bbox 1469 5664 1702 5738; x_wconf 81' lang='grc' dir='ltr'>πένθους</span> <span class='ocrx_word' id='word_1_803' title='bbox 1723 5664 1920 5735; x_wconf 82' lang='grc' dir='ltr'>λυγμῴ</span> 
     </span>
    </p>
   </div>
   <div class='ocr_carea' id='block_1_105' title="bbox 323 5734 1918 5806">
    <p class='ocr_par' dir='ltr' id='par_1_105' title="bbox 323 5734 1918 5806">
     <span class='ocr_line' id='line_1_105' title="bbox 323 5734 1918 5806; baseline -0.001 -16"><span class='ocrx_word' id='word_1_804' title='bbox 323 5734 1153 5806; x_wconf 13' lang='grc' dir='ltr'>τῆςφωνῆςἡέπικοπτομένης.</span> <span class='ocrx_word' id='word_1_805' title='bbox 1187 5734 1437 5789; x_wconf 84' lang='lat' dir='ltr'><strong>Tremore</strong></span> <span class='ocrx_word' id='word_1_806' title='bbox 1468 5752 1528 5789; x_wconf 85' lang='lat' dir='ltr'><strong>ac</strong></span> <span class='ocrx_word' id='word_1_807' title='bbox 1561 5736 1689 5804; x_wconf 80' lang='lat' dir='ltr'><strong>ﬂetu</strong></span> <span class='ocrx_word' id='word_1_808' title='bbox 1723 5734 1918 5798; x_wconf 71' lang='lat' dir='ltr'><strong>valido,</strong></span> 
     </span>
    </p>
   </div>
   <div class='ocr_carea' id='block_1_106' title="bbox 330 5806 1918 5879">
    <p class='ocr_par' dir='ltr' id='par_1_106' title="bbox 330 5806 1918 5879">
     <span class='ocr_line' id='line_1_106' title="bbox 330 5806 1918 5879; baseline -0.003 -18"><span class='ocrx_word' id='word_1_809' title='bbox 330 5816 394 5861; x_wconf 86' lang='lat' dir='ltr'><strong>ut</strong></span> <span class='ocrx_word' id='word_1_810' title='bbox 423 5823 513 5861; x_wconf 82' lang='lat' dir='ltr'><strong>nec</strong></span> <span class='ocrx_word' id='word_1_811' title='bbox 532 5824 641 5879; x_wconf 74' lang='lat' dir='ltr'><strong>pra:</strong></span> <span class='ocrx_word' id='word_1_812' title='bbox 672 5809 920 5879; x_wconf 78' lang='lat' dir='ltr'><strong>lacrymis</strong></span> <span class='ocrx_word' id='word_1_813' title='bbox 940 5806 1230 5877; x_wconf 83' lang='lat' dir='ltr'><strong>quidquam</strong></span> <span class='ocrx_word' id='word_1_814' title='bbox 1259 5807 1416 5875; x_wconf 73' lang='lat' dir='ltr'><strong>effari</strong></span> <span class='ocrx_word' id='word_1_815' title='bbox 1446 5815 1638 5879; x_wconf 70' lang='lat' dir='ltr'><strong>posset,</strong></span> <span class='ocrx_word' id='word_1_816' title='bbox 1665 5807 1918 5876; x_wconf 77' lang='lat' dir='ltr'><strong>singultu,</strong></span> 
     </span>
    </p>
   </div>
   <div class='ocr_carea' id='block_1_107' title="bbox 330 5877 1917 5948">
    <p class='ocr_par' dir='ltr' id='par_1_107' title="bbox 330 5877 1917 5948">
     <span class='ocr_line' id='line_1_107' title="bbox 330 5877 1917 5948; baseline 0.004 -21"><span class='ocrx_word' id='word_1_817' title='bbox 330 5894 487 5948; x_wconf 77' lang='lat' dir='ltr'><strong>quem</strong></span> <span class='ocrx_word' id='word_1_818' title='bbox 523 5877 695 5933; x_wconf 75' lang='lat' dir='ltr'><strong>lttt‘ttts</strong></span> <span class='ocrx_word' id='word_1_819' title='bbox 740 5877 799 5934; x_wconf 70' lang='lat' dir='ltr'><strong>ac</strong></span> <span class='ocrx_word' id='word_1_820' title='bbox 832 5896 1019 5934; x_wconf 71' lang='lat' dir='ltr'><strong>mmor</strong></span> <span class='ocrx_word' id='word_1_821' title='bbox 1050 5879 1245 5947; x_wconf 72' lang='lat' dir='ltr'><strong>[acciet</strong></span> <span class='ocrx_word' id='word_1_822' title='bbox 1276 5917 1289 5945; x_wconf 87' lang='lat'><strong>,</strong></span> <span class='ocrx_word' id='word_1_823' title='bbox 1334 5893 1503 5933; x_wconf 78' lang='lat' dir='ltr'><strong>reccm</strong></span> <span class='ocrx_word' id='word_1_824' title='bbox 1533 5877 1869 5933; x_wconf 78' lang='lat' dir='ltr'><strong>intercidente</strong></span> <span class='ocrx_word' id='word_1_825' title='bbox 1902 5894 1917 5930; x_wconf 84' lang='lat'><strong>.&#39;</strong></span> 
     </span>
    </p>
   </div>
   <div class='ocr_carea' id='block_1_108' title="bbox 2025 4890 2696 4958">
    <p class='ocr_par' dir='ltr' id='par_1_108' title="bbox 2025 4890 2696 4958">
     <span class='ocr_line' id='line_1_108' title="bbox 2025 4890 2696 4958; baseline 0.001 -14"><span class='ocrx_word' id='word_1_826' title='bbox 2025 4891 2360 4958; x_wconf 77' lang='lat' dir='ltr'><strong>experimur.</strong></span> <span class='ocrx_word' id='word_1_827' title='bbox 2405 4890 2696 4945; x_wconf 59' lang='grc' dir='ltr'><strong>(ἔσιθι-ξμς.</strong></span> 
     </span>
    </p>
   </div>
   <div class='ocr_carea' id='block_1_109' title="bbox 2098 4960 3605 5032">
    <p class='ocr_par' dir='ltr' id='par_1_109' title="bbox 2098 4960 3605 5032">
     <span class='ocr_line' id='line_1_109' title="bbox 2098 4960 3605 5032; baseline 0.005 -19"><span class='ocrx_word' id='word_1_828' title='bbox 2098 4960 2209 5032; x_wconf 61' lang='lat'><strong>(‘26)</strong></span> <span class='ocrx_word' id='word_1_829' title='bbox 2243 4960 2609 5032; x_wconf 70' lang='lat' dir='ltr'><strong>Subjectwque</strong></span> <span class='ocrx_word' id='word_1_830' title='bbox 2642 4962 2809 5016; x_wconf 84' lang='lat' dir='ltr'><strong>oculis</strong></span> <span class='ocrx_word' id='word_1_831' title='bbox 2840 4980 2902 5016; x_wconf 88' lang='lat' dir='ltr'><strong>ac</strong></span> <span class='ocrx_word' id='word_1_832' title='bbox 2942 4980 3220 5031; x_wconf 85' lang='lat' dir='ltr'><strong>corporum</strong></span> <span class='ocrx_word' id='word_1_833' title='bbox 3257 4970 3605 5021; x_wconf 86' lang='lat' dir='ltr'><strong>resurrectio-</strong></span> 
     </span>
    </p>
   </div>
   <div class='ocr_carea' id='block_1_110' title="bbox 2029 5030 3611 5105">
    <p class='ocr_par' dir='ltr' id='par_1_110' title="bbox 2029 5030 3611 5105">
     <span class='ocr_line' id='line_1_110' title="bbox 2029 5030 3611 5105; baseline 0.006 -22"><span class='ocrx_word' id='word_1_834' title='bbox 2029 5030 2128 5105; x_wconf 66' lang='lat' dir='ltr'><strong>nis.</strong></span> <span class='ocrx_word' id='word_1_835' title='bbox 2171 5030 2452 5105; x_wconf 80' lang='grc' dir='ltr'>Τρόπαιον</span> <span class='ocrx_word' id='word_1_836' title='bbox 2483 5033 2843 5105; x_wconf 60' lang='grc' dir='ltr'>ἀναστάσεως</span> <span class='ocrx_word' id='word_1_837' title='bbox 2872 5030 3238 5105; x_wconf 82' lang='grc' dir='ltr'>βλεπομένης.</span> <span class='ocrx_word' id='word_1_838' title='bbox 3272 5036 3444 5100; x_wconf 81' lang='lat' dir='ltr'><strong>Quam</strong></span> <span class='ocrx_word' id='word_1_839' title='bbox 3470 5038 3611 5092; x_wconf 85' lang='lat' dir='ltr'><strong>bene</strong></span> 
     </span>
    </p>
   </div>
   <div class='ocr_carea' id='block_1_111' title="bbox 2025 5102 3608 5179">
    <p class='ocr_par' dir='ltr' id='par_1_111' title="bbox 2025 5102 3608 5179">
     <span class='ocr_line' id='line_1_111' title="bbox 2025 5102 3608 5179; baseline 0.003 -23"><span class='ocrx_word' id='word_1_840' title='bbox 2025 5102 2235 5179; x_wconf 80' lang='lat' dir='ltr'><strong>glossat</strong></span> <span class='ocrx_word' id='word_1_841' title='bbox 2283 5103 2610 5179; x_wconf 69' lang='lat' dir='ltr'><strong>Anastasius</strong></span> <span class='ocrx_word' id='word_1_842' title='bbox 2656 5102 2827 5179; x_wconf 61' lang='lat' dir='ltr'><strong>Regio</strong></span> <span class='ocrx_word' id='word_1_843' title='bbox 2862 5102 3089 5171; x_wconf 30' lang='lat' dir='ltr'><strong>eodice’,</strong></span> <span class='ocrx_word' id='word_1_844' title='bbox 3122 5102 3221 5179; x_wconf 77' lang='lat' dir='ltr'><strong>pro</strong></span> <span class='ocrx_word' id='word_1_845' title='bbox 3264 5106 3608 5179; x_wconf 84' lang='grc' dir='ltr'>βλεπομένης</span> 
     </span>
    </p>
   </div>
   <div class='ocr_carea' id='block_1_112' title="bbox 2026 5173 3607 5248">
    <p class='ocr_par' dir='ltr' id='par_1_112' title="bbox 2026 5173 3607 5248">
     <span class='ocr_line' id='line_1_112' title="bbox 2026 5173 3607 5248; baseline 0.004 -21"><span class='ocrx_word' id='word_1_846' title='bbox 2026 5173 2360 5248; x_wconf 75' lang='lat' dir='ltr'><strong>substitucns</strong></span> <span class='ocrx_word' id='word_1_847' title='bbox 2402 5173 2772 5248; x_wconf 67' lang='grc' dir='ltr'>ἐλπιζομένης</span> <span class='ocrx_word' id='word_1_848' title='bbox 2798 5188 2812 5203; x_wconf 89' lang='grc'><strong>·</strong></span> <span class='ocrx_word' id='word_1_849' title='bbox 2848 5173 3341 5248; x_wconf 35' lang='lat' dir='ltr'><strong>resurrectionis-iu</strong></span> <span class='ocrx_word' id='word_1_850' title='bbox 3390 5173 3480 5244; x_wconf 69' lang='lat' dir='ltr'><strong>spe</strong></span> <span class='ocrx_word' id='word_1_851' title='bbox 3510 5173 3607 5248; x_wconf 52' lang='lat' dir='ltr'><strong>po?</strong></span> 
     </span>
    </p>
   </div>
   <div class='ocr_carea' id='block_1_113' title="bbox 2027 5244 3608 5318">
    <p class='ocr_par' dir='ltr' id='par_1_113' title="bbox 2027 5244 3608 5318">
     <span class='ocr_line' id='line_1_113' title="bbox 2027 5244 3608 5318; baseline 0.004 -21"><span class='ocrx_word' id='word_1_852' title='bbox 2027 5246 2170 5318; x_wconf 72' lang='lat' dir='ltr'><strong>siue,</strong></span> <span class='ocrx_word' id='word_1_853' title='bbox 2197 5258 2261 5297; x_wconf 90' lang='lat' dir='ltr'><strong>ac</strong></span> <span class='ocrx_word' id='word_1_854' title='bbox 2279 5244 2488 5318; x_wconf 59' lang='lat' dir='ltr'><strong>futurae</strong></span> <span class='ocrx_word' id='word_1_855' title='bbox 2514 5245 2662 5318; x_wconf 76' lang='lat' dir='ltr'><strong>illius</strong></span> <span class='ocrx_word' id='word_1_856' title='bbox 2700 5246 3119 5318; x_wconf 78' lang='lat' dir='ltr'><strong>resurrectionis</strong></span> <span class='ocrx_word' id='word_1_857' title='bbox 3157 5263 3471 5318; x_wconf 83' lang='lat' dir='ltr'><strong>corporum,</strong></span> <span class='ocrx_word' id='word_1_858' title='bbox 3502 5244 3608 5317; x_wconf 76' lang='lat' dir='ltr'><strong>qua</strong></span> 
     </span>
    </p>
   </div>
   <div class='ocr_carea' id='block_1_114' title="bbox 2026 5314 3640 5382">
    <p class='ocr_par' dir='ltr' id='par_1_114' title="bbox 2026 5314 3640 5382">
     <span class='ocr_line' id='line_1_114' title="bbox 2026 5314 3640 5382; baseline 0.004 -15"><span class='ocrx_word' id='word_1_859' title='bbox 2026 5316 2251 5367; x_wconf 83' lang='lat' dir='ltr'><strong>ontuiuo</strong></span> <span class='ocrx_word' id='word_1_860' title='bbox 2278 5314 2693 5367; x_wconf 83' lang='lat' dir='ltr'><strong>itutnutabimur</strong></span> <span class='ocrx_word' id='word_1_861' title='bbox 2730 5326 2873 5368; x_wconf 72' lang='lat' dir='ltr'><strong>statu</strong></span> <span class='ocrx_word' id='word_1_862' title='bbox 2910 5317 3203 5371; x_wconf 85' lang='lat' dir='ltr'><strong>immortali</strong></span> <span class='ocrx_word' id='word_1_863' title='bbox 3239 5314 3269 5381; x_wconf 77' lang='grc'><strong>;’</strong></span> <span class='ocrx_word' id='word_1_864' title='bbox 3289 5329 3397 5371; x_wconf 86' lang='lat' dir='ltr'><strong>tant</strong></span> <span class='ocrx_word' id='word_1_865' title='bbox 3423 5314 3564 5374; x_wconf 75' lang='lat' dir='ltr'><strong>male</strong></span> <span class='ocrx_word' id='word_1_866' title='bbox 3594 5361 3608 5382; x_wconf 85' lang='lat'><em>.</em></span> <span class='ocrx_word' id='word_1_867' title='bbox 3638 5316 3640 5318; x_wconf 37' lang='grc'><strong>⁷</strong></span> 
     </span>
    </p>
   </div>
   <div class='ocr_carea' id='block_1_115' title="bbox 2028 5384 3612 5457">
    <p class='ocr_par' dir='ltr' id='par_1_115' title="bbox 2028 5384 3612 5457">
     <span class='ocr_line' id='line_1_115' title="bbox 2028 5384 3612 5457; baseline 0.004 -21"><span class='ocrx_word' id='word_1_868' title='bbox 2028 5386 2171 5454; x_wconf 86' lang='lat' dir='ltr'><strong>quod</strong></span> <span class='ocrx_word' id='word_1_869' title='bbox 2202 5384 2407 5457; x_wconf 80' lang='lat' dir='ltr'><strong>passim</strong></span> <span class='ocrx_word' id='word_1_870' title='bbox 2435 5385 2595 5457; x_wconf 83' lang='lat' dir='ltr'><strong>solet,</strong></span> <span class='ocrx_word' id='word_1_871' title='bbox 2622 5385 2840 5439; x_wconf 82' lang='lat' dir='ltr'><strong>Eusebii</strong></span> <span class='ocrx_word' id='word_1_872' title='bbox 2877 5387 3177 5457; x_wconf 85' lang='lat' dir='ltr'><strong>interpres,</strong></span> <span class='ocrx_word' id='word_1_873' title='bbox 3208 5392 3334 5442; x_wconf 89' lang='lat' dir='ltr'><strong>dum</strong></span> <span class='ocrx_word' id='word_1_874' title='bbox 3367 5389 3441 5442; x_wconf 86' lang='lat' dir='ltr'><strong>ita</strong></span> <span class='ocrx_word' id='word_1_875' title='bbox 3475 5393 3612 5444; x_wconf 84' lang='lat' dir='ltr'><strong>red—</strong></span> 
     </span>
    </p>
   </div>
   <div class='ocr_carea' id='block_1_116' title="bbox 2025 5456 3611 5525">
    <p class='ocr_par' dir='ltr' id='par_1_116' title="bbox 2025 5456 3611 5525">
     <span class='ocr_line' id='line_1_116' title="bbox 2025 5456 3611 5525; baseline 0.004 -17"><span class='ocrx_word' id='word_1_876' title='bbox 2025 5456 2105 5508; x_wconf 87' lang='lat' dir='ltr'><strong>dit</strong></span> <span class='ocrx_word' id='word_1_877' title='bbox 2139 5472 2152 5509; x_wconf 86' lang='lat'><strong>:</strong></span> <span class='ocrx_word' id='word_1_878' title='bbox 2191 5456 2408 5507; x_wconf 78' lang='lat' dir='ltr'><strong>Illustre</strong></span> <span class='ocrx_word' id='word_1_879' title='bbox 2438 5456 2660 5524; x_wconf 77' lang='lat' dir='ltr'><strong>denique</strong></span> <span class='ocrx_word' id='word_1_880' title='bbox 2706 5470 2964 5525; x_wconf 64' lang='lat' dir='ltr'><strong>tropaeum</strong></span> <span class='ocrx_word' id='word_1_881' title='bbox 3013 5476 3043 5510; x_wconf 91' lang='lat' dir='ltr'><strong>a</strong></span> <span class='ocrx_word' id='word_1_882' title='bbox 3082 5460 3316 5525; x_wconf 79' lang='lat' dir='ltr'><strong>peccatis</strong></span> <span class='ocrx_word' id='word_1_883' title='bbox 3366 5476 3611 5514; x_wconf 80' lang='lat' dir='ltr'><strong>resurre-</strong></span> 
     </span>
    </p>
   </div>
   <div class='ocr_carea' id='block_1_117' title="bbox 2026 5526 3612 5597">
    <p class='ocr_par' dir='ltr' id='par_1_117' title="bbox 2026 5526 3612 5597">
     <span class='ocr_line' id='line_1_117' title="bbox 2026 5526 3612 5597; baseline 0.005 -20"><span class='ocrx_word' id='word_1_884' title='bbox 2026 5526 2217 5579; x_wconf 83' lang='lat' dir='ltr'><strong>ctionis</strong></span> <span class='ocrx_word' id='word_1_885' title='bbox 2249 5565 2263 5589; x_wconf 98' lang='lat'><strong>,</strong></span> <span class='ocrx_word' id='word_1_886' title='bbox 2295 5539 2388 5591; x_wconf 81' lang='lat' dir='ltr'><strong>per</strong></span> <span class='ocrx_word' id='word_1_887' title='bbox 2418 5530 2679 5578; x_wconf 73' lang='lat' dir='ltr'><strong>exteriora</strong></span> <span class='ocrx_word' id='word_1_888' title='bbox 2704 5528 3027 5595; x_wconf 74' lang='lat' dir='ltr'><strong>pmnitentice</strong></span> <span class='ocrx_word' id='word_1_889' title='bbox 3072 5529 3257 5597; x_wconf 84' lang='lat' dir='ltr'><strong>signa,</strong></span> <span class='ocrx_word' id='word_1_890' title='bbox 3291 5540 3425 5595; x_wconf 89' lang='lat' dir='ltr'><strong>etc.,</strong></span> <span class='ocrx_word' id='word_1_891' title='bbox 3458 5531 3612 5585; x_wconf 80' lang='lat' dir='ltr'><strong>velut</strong></span> 
     </span>
    </p>
   </div>
   <div class='ocr_carea' id='block_1_118' title="bbox 2028 5598 3611 5669">
    <p class='ocr_par' dir='ltr' id='par_1_118' title="bbox 2028 5598 3611 5669">
     <span class='ocr_line' id='line_1_118' title="bbox 2028 5598 3611 5669; baseline 0.003 -19"><span class='ocrx_word' id='word_1_892' title='bbox 2028 5598 2142 5665; x_wconf 86' lang='lat' dir='ltr'><strong>ipsa</strong></span> <span class='ocrx_word' id='word_1_893' title='bbox 2177 5612 2208 5649; x_wconf 89' lang='lat' dir='ltr'><strong>a</strong></span> <span class='ocrx_word' id='word_1_894' title='bbox 2256 5598 2497 5669; x_wconf 78' lang='lat' dir='ltr'><strong>peccatis</strong></span> <span class='ocrx_word' id='word_1_895' title='bbox 2543 5600 2873 5669; x_wconf 81' lang='lat' dir='ltr'><strong>resurrectio</strong></span> <span class='ocrx_word' id='word_1_896' title='bbox 2906 5613 3012 5669; x_wconf 86' lang='lat' dir='ltr'><strong>per</strong></span> <span class='ocrx_word' id='word_1_897' title='bbox 3048 5600 3427 5669; x_wconf 65' lang='lat' dir='ltr'><strong>ptenitentiam</strong></span> <span class='ocrx_word' id='word_1_898' title='bbox 3449 5640 3463 5655; x_wconf 91' lang='lat'><strong>.</strong></span> <span class='ocrx_word' id='word_1_899' title='bbox 3522 5603 3611 5656; x_wconf 90' lang='lat' dir='ltr'><strong>sui</strong></span> 
     </span>
    </p>
   </div>
   <div class='ocr_carea' id='block_1_119' title="bbox 2027 5665 3609 5738">
    <p class='ocr_par' dir='ltr' id='par_1_119' title="bbox 2027 5665 3609 5738">
     <span class='ocr_line' id='line_1_119' title="bbox 2027 5665 3609 5738; baseline 0.006 -21"><span class='ocrx_word' id='word_1_900' title='bbox 2027 5675 2290 5738; x_wconf 65' lang='lat' dir='ltr'><strong>tropaeum</strong></span> <span class='ocrx_word' id='word_1_901' title='bbox 2324 5665 2560 5738; x_wconf 81' lang='lat' dir='ltr'><strong>dicatur,</strong></span> <span class='ocrx_word' id='word_1_902' title='bbox 2612 5682 2722 5720; x_wconf 87' lang='lat' dir='ltr'><strong>non</strong></span> <span class='ocrx_word' id='word_1_903' title='bbox 2759 5665 3257 5738; x_wconf 51' lang='lat' dir='ltr'><strong>alterinsfsitqne</strong></span> <span class='ocrx_word' id='word_1_904' title='bbox 3301 5686 3363 5725; x_wconf 87' lang='lat' dir='ltr'><strong>ea</strong></span> <span class='ocrx_word' id='word_1_905' title='bbox 3418 5686 3609 5726; x_wconf 83' lang='lat' dir='ltr'><strong>resur-</strong></span> 
     </span>
    </p>
   </div>
   <div class='ocr_carea' id='block_1_120' title="bbox 2025 5734 3606 5808">
    <p class='ocr_par' dir='ltr' id='par_1_120' title="bbox 2025 5734 3606 5808">
     <span class='ocr_line' id='line_1_120' title="bbox 2025 5734 3606 5808; baseline 0.004 -18"><span class='ocrx_word' id='word_1_906' title='bbox 2025 5734 2557 5808; x_wconf 55' lang='lat' dir='ltr'><strong>rectioﬁlempévq,</strong></span> <span class='ocrx_word' id='word_1_907' title='bbox 2590 5739 2757 5791; x_wconf 84' lang='lat' dir='ltr'><strong>oculis</strong></span> <span class='ocrx_word' id='word_1_908' title='bbox 2777 5739 3024 5806; x_wconf 63' lang='lat' dir='ltr'><strong>subjecta</strong></span> <span class='ocrx_word' id='word_1_909' title='bbox 3058 5755 3120 5792; x_wconf 90' lang='lat' dir='ltr'><strong>ac</strong></span> <span class='ocrx_word' id='word_1_910' title='bbox 3138 5734 3463 5808; x_wconf 72' lang='lat' dir='ltr'><strong>conspicua;</strong></span> <span class='ocrx_word' id='word_1_911' title='bbox 3497 5756 3606 5797; x_wconf 88' lang='lat' dir='ltr'><strong>non</strong></span> 
     </span>
    </p>
   </div>
   <div class='ocr_carea' id='block_1_121' title="bbox 2022 5806 3610 5877">
    <p class='ocr_par' dir='ltr' id='par_1_121' title="bbox 2022 5806 3610 5877">
     <span class='ocr_line' id='line_1_121' title="bbox 2022 5806 3610 5877; baseline 0.003 -19"><span class='ocrx_word' id='word_1_912' title='bbox 2022 5806 2288 5877; x_wconf 82' lang='grc' dir='ltr'>νοουμένη</span> <span class='ocrx_word' id='word_1_913' title='bbox 2322 5846 2334 5867; x_wconf 88' lang='grc'><strong>,</strong></span> <span class='ocrx_word' id='word_1_914' title='bbox 2358 5822 2452 5859; x_wconf 81' lang='lat' dir='ltr'><strong>seu</strong></span> <span class='ocrx_word' id='word_1_915' title='bbox 2480 5809 2646 5876; x_wconf 84' lang='grc' dir='ltr'>νοητή</span> <span class='ocrx_word' id='word_1_916' title='bbox 2678 5825 2689 5838; x_wconf 93' lang='grc'><strong>·</strong></span> <span class='ocrx_word' id='word_1_917' title='bbox 2730 5810 3003 5863; x_wconf 80' lang='lat' dir='ltr'><strong>intellectu</strong></span> <span class='ocrx_word' id='word_1_918' title='bbox 3032 5811 3144 5863; x_wconf 82' lang='lat' dir='ltr'><strong>solo</strong></span> <span class='ocrx_word' id='word_1_919' title='bbox 3184 5828 3245 5862; x_wconf 85' lang='lat' dir='ltr'><strong>uc</strong></span> <span class='ocrx_word' id='word_1_920' title='bbox 3267 5806 3273 5808; x_wconf 51' lang='grc'>⁷</span> <span class='ocrx_word' id='word_1_921' title='bbox 3298 5823 3468 5866; x_wconf 84' lang='lat' dir='ltr'><strong>mente</strong></span> <span class='ocrx_word' id='word_1_922' title='bbox 3515 5829 3610 5867; x_wconf 80' lang='lat' dir='ltr'><strong>co-</strong></span> 
     </span>
    </p>
   </div>
   <div class='ocr_carea' id='block_1_122' title="bbox 2023 5878 3609 5950">
    <p class='ocr_par' dir='ltr' id='par_1_122' title="bbox 2023 5878 3609 5950">
     <span class='ocr_line' id='line_1_122' title="bbox 2023 5878 3609 5950; baseline 0.004 -18"><span class='ocrx_word' id='word_1_923' title='bbox 2023 5878 2330 5947; x_wconf 66' lang='lat' dir='ltr'><strong>gnoscibilis</strong></span> <span class='ocrx_word' id='word_1_924' title='bbox 2358 5892 2374 5941; x_wconf 78' lang='lat'><strong>,&#39;</strong></span> <span class='ocrx_word' id='word_1_925' title='bbox 2405 5878 2579 5945; x_wconf 78' lang='lat' dir='ltr'><strong>qualis</strong></span> <span class='ocrx_word' id='word_1_926' title='bbox 2605 5892 2653 5933; x_wconf 79' lang='lat' dir='ltr'><strong>et</strong></span> <span class='ocrx_word' id='word_1_927' title='bbox 2687 5879 2800 5947; x_wconf 72' lang='lat' dir='ltr'><strong>ipsa</strong></span> <span class='ocrx_word' id='word_1_928' title='bbox 2832 5880 3009 5940; x_wconf 81' lang='lat' dir='ltr'><strong>anima</strong></span> <span class='ocrx_word' id='word_1_929' title='bbox 3044 5891 3150 5948; x_wconf 77' lang='lat' dir='ltr'><strong>est,</strong></span> <span class='ocrx_word' id='word_1_930' title='bbox 3183 5882 3334 5950; x_wconf 80' lang='lat' dir='ltr'><strong>cujus</strong></span> <span class='ocrx_word' id='word_1_931' title='bbox 3362 5897 3609 5939; x_wconf 75' lang='lat' dir='ltr'><strong>resurre~</strong></span> 
     </span>
    </p>
   </div>
  </div>
