4080 6522
306 377 445 447 1113

1471 367 1755 430 ORATIO
1789 367 1870 428 IN
1914 365 2276 426 PSALMUM
2317 363 2415 424 VI.

3431 361 3570 430 1114

303 493 413 564 γάρ
451 507 518 563 με
551 490 606 542 αἱ
637 486 860 558 ἀνομίαι
893 502 1000 557 μου
1025 484 1160 557 πρὸς
1194 483 1438 555 ἑσπέραν
1471 482 1753 548 φθάσαντα
1788 500 1889 536 κα-

2005 481 2232 550 ιιιίιιιιιιε
2267 477 2486 543 inicio",
2518 477 2610 548 qui
2651 476 2763 546 jam
2820 495 2962 538 ma.e
2997 482 3065 537 ad
3095 499 3374 555 vesperam
3408 503 3570 548 vene-

303 587 447 652 λῶς·
499 586 586 639 ὅτι
632 581 898 655 ἀμύθητά
936 597 1042 650 μου
1076 579 1148 634 τὰ
1203 578 1365 650 χρέη.
1427 576 1568 630 Ἀλλ’
1599 575 1674 641 ὡς
1721 574 1887 642 ἐδέξω

304 681 517 752 Πέτρου
555 676 652 732 τοῦ
697 674 1006 733 ἀποστόλου
1051 689 1146 727 σου
1196 671 1288 726 τὸν
1334 669 1666 743 πικρότατον
1719 669 1890 722 κλαυ-

307 773 446 843 θμὸν
468 811 484 836 ,
517 769 692 834 οὕτως
743 768 1036 840 πρόσδεξαι
1067 767 1164 822 καὶ
1193 765 1287 819 τὸν
1308 761 1471 836 ἐμὸν,
1497 763 1853 834 φιλάνθρωπε
1873 801 1890 827 ,

307 864 546 936 ἐπιχέων
565 861 740 916 ταῦτα
760 860 830 914 τὰ
854 861 1070 933 δάκρυα
1099 859 1196 914 ἐπὶ
1224 859 1286 913 τὸ
1315 858 1426 912 τῶν
1457 856 1751 927 ἁμαρτιῶν
1785 873 1889 927 μου

305 959 712 1031 χειρόγραφον,
770 961 867 1012 καὶ
919 958 1001 1028 τῷ
1058 956 1286 1026 σπόγγῳ
1332 955 1435 1025 τῆς
1481 951 1893 1022 εὐσπλαγχνίας

258 1072 266 1132 '_
308 1067 407 1106 σου
442 1049 749 1122 ἐξαλείφων
784 1049 854 1105 τὰ
874 1047 1176 1105 ἀνείκαστά
1213 1031 1318 1120 μου
1354 1045 1830 1118 πλημμελήματα.
1866 1062 1885 1097 ι

379 1232 570 1288 Ταῦτα
602 1231 698 1286 καὶ
726 1231 798 1286 τὰ
846 1232 1074 1286 τοιαῦτα
1101 1232 1198 1285 ἐπὶ
1236 1232 1498 1294 πλείστας
1517 1230 1669 1300 ὥρας
1705 1231 1734 1284 ὁ
1793 1229 1893 1302 λῃ-

313 1327 446 1397 στὴς
490 1326 1033 1397 ἐξομολογούμενος,
1094 1325 1302 1397 καὶτῷ
1352 1325 1468 1396 ἰδίῳ
1506 1323 1778 1395 φακιολίῳ
1823 1325 1896 1378 τὰ

309 1419 527 1490 δάκρυα
571 1419 907 1489 ἐκμάσσων,
961 1417 1252 1490 παρέδωκε
1293 1417 1356 1471 τὺ
1397 1417 1655 1489 πνεῦμα,
1708 1414 1896 1481 καθὼς

312 1511 411 1564 καὶ
446 1511 499 1565 οί
534 1509 763 1582 πλησίον
793 1509 963 1564 αὑτοῦ
998 1509 1336 1581 κοιμώμενοι
1365 1509 1716 1580 διηγήσαντο.
1769 1509 1897 1582 Ἀρ-

311 1602 538 1673 χιατρδς
568 1601 628 1656 δέ
665 1619 751 1662 τις
789 1603 1000 1656 ἐκεῖνον
1027 1601 1122 1655 τὸν
1167 1600 1374 1666 ξενῶνα
1419 1601 1897 1673 ἐπισκεπτόμενος

309 1699 374 1750 ἐν
414 1695 493 1767 τῷ
536 1695 676 1766 οἴκῳ
722 1693 891 1749 αὑτοῦ
924 1695 1242 1762 καθεύδων,
1285 1697 1388 1768 ὁρᾷ
1430 1697 1555 1749 κατ’
1599 1695 1735 1767 όναρ
1772 1695 1896 1749 κατ’

311 1787 486 1858 αὐτὴν
515 1787 614 1860 τὴν
647 1787 799 1858 ὥραν
837 1790 898 1842 ἐν
1026 1789 1057 1842 ό
1084 1786 1294 1860 λῃστὴς
1342 1786 1666 1858 ἐτελεύτησε
1690 1825 1707 1852 ,
1743 1785 1899 1851 τινὰς

311 1879 584 1943 Αἰθίοπας
628 1877 861 1941 πολλοὺς
915 1878 1172 1943 ἐλθόντας
1226 1881 1365 1950 πρὸς
1404 1881 1506 1950 τὴν
1561 1879 1754 1950 κλίνην
1800 1877 1896 1933 τοῦ
1927 1861 1972 1918 Β

315 1971 549 2045 λῃστοῦ,
599 1971 739 2044 μετὰ
789 1972 1060 2028 πλείστων
1118 1973 1342 2044 χαρτῶν
1403 1972 1781 2045 περιεχόντων
1828 1969 1900 2027 τὰ

312 2067 696 2137 ἁμαρτήματα
735 2065 832 2120 τοῦ
879 2065 1118 2140 λῃστοῦ·
1167 2062 1291 2121 εἶτα
1333 2064 1430 2121 καί⁹
1469 2065 1565 2119 δύο
1588 2065 1745 2131 τινὰς
1791 2082 1903 2134 φω-

311 2162 526 2222 τεινοὺς
559 2159 785 2232 ἄνδρας.
817 2160 1098 2229 Ἤνεγκαν
1127 2155 1222 2214 οῦν
1255 2159 1452 2227 ζυγὸν,
1491 2159 1763 2230 βαλόντων
1793 2158 1903 2212 τῶν

315 2254 602 2310 Αἰθιόπων
636 2253 820 2309 πάντα
862 2253 934 2307 τὰ
965 2253 1320 2324 χειρόγραφα
1344 2251 1442 2306 τοῦ
1470 2250 1701 2326 λῃστοῦ,
1733 2262 1902 2306 κατε-

315 2346 565 2419 σάρησεν
611 2346 645 2416 ἡ
680 2345 780 2416 μία
810 2344 1114 2414 πλάστιγξ·
1149 2347 1182 2416 ὴ
1213 2345 1270 2399 δὲ
1306 2345 1475 2416 ἐτέρα
1505 2347 1590 2413 ἐφ’
1634 2343 1804 2415 ὕψους
1834 2339 1904 2417 ἦν

315 2435 864 2507 ἁνακεκουφισμένη.
910 2435 1178 2505 Λέγουσιν
1223 2431 1320 2490 οῦν
1372 2437 1424 2488 oi
1455 2435 1543 2492 διὰ
1583 2435 1678 2490 τοῦ
1724 2435 1905 2506 φωτὸς

317 2529 570 2599 ἄγγελοιο
624 2548 643 2582 ι
681 2525 818 2583 Εῐτα
846 2529 1012 2599 ἡμεῖς
1056 2527 1213 2582 οὐδὲν
1258 2527 1457 2598 ἔχομεν
1489 2522 1629 2594 ὧδες
1675 2547 1693 2578 ι
1741 2529 1906 2597 Λέγει

317 2624 353 2676 ὁ
374 2617 456 2686 εἷς
483 2619 621 2693 πρὸς
640 2620 733 2676 τὸν
763 2618 944 2674 ἄλλονο
981 2637 1003 2674 ι
1042 2618 1108 2673 Τί
1131 2618 1331 2689 ἔχομεν
1357 2618 1539 2690 ἔχειν;
1571 2619 1727 2673 οῦπω
1749 2618 1908 2674 δεκά-

318 2732 427 2786 την
459 2713 679 2790 ἡμέραν
709 2712 831 2783 ἔχει
875 2711 1050 2767 ἐλθὼν
1087 2713 1152 2765 ἐκ
1182 2711 1292 2766 τῶν
1339 2712 1517 2781 φόνων
1550 2709 1766 2764 καὶτοῦ
1808 2711 1908 2782 λῃ-

321 2808 552 2879 στηρίου
582 2805 772 2870 αὑτοῦ,
798 2805 896 2859 καὶ
924 2804 977 2858 τί
999 2804 1203 2873 ἀγαθὸν
1231 2802 1502 2877 ζητοῦμεν
1525 2805 1590 2859 ἐκ
1617 2803 1849 2871 τούτους
1883 2825 1901 2857 ι

320 2899 438 2954 Καὶ
470 2897 544 2960 ὡς
579 2896 753 2951 ταῦτα
783 2895 1006 2964 ἔλεγον,
1046 2897 1524 2967 προσεποιήσαντο
1555 2895 1816 2967 ψηλαφᾷν
1847 2897 1906 2951 ἐν

319 2991 393 3060 τῇ
429 2987 590 3061 κλίνῃ
615 2985 802 3042 αὑτοῦ.
830 2984 899 3040 El’
918 3001 1039 3050 πως
1064 2983 1270 3056 εὕρωσι
1293 2986 1390 3040 καὶ
1416 2987 1572 3040 αὐτοί
1594 3003 1647 3040 τι
1675 2985 1904 3056 ἀγαθόν.

323 3081 437 3142 Καὶ
472 3078 650 3153 εὑρὼν
680 3075 760 3145 εἷς
796 3079 859 3136 τὸ
889 3079 1176 3152 φακιόλιον
1197 3079 1328 3134 ἔνθα
1351 3080 1444 3135 τὸν
1475 3080 1754 3153 κλαυθμὸν
1785 3082 1906 3148 ἐξέ-

326 3190 544 3244 μασσεν
583 3177 613 3227 ό
655 3172 896 3244 λῃστὴς,
944 3172 1095 3241 λέγει
1143 3171 1280 3244 πρὸς
1315 3171 1409 3227 τὸν
1447 3174 1664 3244 ἑταῖρον
1701 3175 1906 3242 αὐτοῦ,

329 3287 352 3321 s
385 3270 593 3331 Ὄντως
617 3267 678 3320 τὺ
700 3267 982 3338 φακιόλιον
1009 3267 1119 3324 τῶν
1141 3267 1396 3339 δακρύων
1415 3267 1581 3323 αὐτοῦ
1610 3263 1700 3341 ἦν.
1740 3269 1903 3326 Ἀλλὰ

324 3358 580 3428 βάλωμεν
615 3357 752 3413 αὐτὸ
790 3359 871 3421 εἰς
903 3359 1006 3428 τὴν
1049 3358 1246 3430 ἑτέραν
1277 3359 1590 3430 πλάστιγγα
1614 3401 1630 3424 ,
1677 3361 1775 3416 irai.
1801 3362 1901 3435 τὴν

322 3450 744 3520 φιλανθρωπίαν
771 3451 868 3504 τοῦ
916 3450 1054 3505 Θεοῦ
1087 3454 1184 3506 σὺν
1214 3452 1366 3522 αὐτῷ
1387 3491 1402 3516 ,
1436 3455 1531 3507 καὶ
1561 3454 1780 3519 πάντως
1817 3456 1905 3525 γί-

321 3544 480 3596 νεταί
509 3543 562 3595 τί
601 3559 752 3598 ποτε.
797 3561 817 3596 s
862 3543 972 3598 Kal.
1004 3543 1081 3608 ὡς
1113 3543 1274 3613 μόνον
1306 3545 1502 3598 ἐδαλον
1531 3547 1665 3599 αὐτὸ
1694 3549 1774 3611 είς
1807 3548 1908 3621 τὴν

325 3635 650 3704 πλάστιγγα
718 3635 818 3706 τὴν
885 3637 1466 3710 ἁνακεκουφισμένην,
1523 3640 1904 3712 κατεδάρησε,

325 3729 428 3783 καὶ
464 3728 912 3801 ἐσκορπίσθησαν
940 3729 1039 3782 ὅλα
1073 3729 1140 3782 τὰ
1182 3730 1528 3801 χειρόγραφα
1553 3731 1621 3784 τὰ
1654 3731 1784 3786 ὄντα
1829 3735 1908 3796 εἰς

327 3825 432 3894 τὴν
477 3821 646 3893 ἄλλην
700 3822 1036 3891 πλάστιγγα.
1095 3823 1206 3876 Καὶ
1253 3823 1489 3892 ἐϐόησαν
1523 3825 1625 3896 μιᾷ
1665 3827 1817 3896 φωνῇ
1857 3825 1906 3878 οί

325 3914 558 3985 ἄγγελοι
629 3913 911 3983 λέγοντες·
987 3935 1006 3966 ι
1094 3915 1381 3985 Ἐνίκησεν
1433 3917 1466 3984 ὴ
1525 3915 1910 3986 φιλανθρωπία

325 4007 427 4063 τοῦ
485 4007 776 4061 Δεσπότου.
841 4026 861 4059 ι
925 4007 1037 4061 Καὶ
1105 4006 1364 4070 λαϐόντες
1425 4006 1525 4078 τὴν
1578 4007 1760 4078 ψυχὴν
1813 4007 1907 4061 τοῦ

327 4100 569 4174 λῃστοῦ,
610 4101 902 4170 ἀπήγαγον
941 4099 1114 4172 αὐτὴν
1161 4099 1284 4170 μεθ’
1330 4098 1564 4156 ἑαυτῶν.
1608 4100 1672 4153 Οί
1720 4101 1778 4154 δὲ
1809 4101 1907 4154 Αί-

329 4196 524 4260 Θίοπες
568 4195 798 4265 ἔφυγον,
836 4197 1350 4266 καταισχυνόμενοι.
1405 4196 1514 4249 Καὶ
1559 4194 1734 4249 ταῦτα
1785 4193 1911 4249 ἰδὼν

326 4293 360 4344 ὁ
401 4289 590 4360 ἰατρὸς
610 4327 627 4354 ,
663 4287 866 4350 εὐθέως
895 4287 1129 4356 ἔξυπνος
1161 4288 1482 4357 γενόμενος,
1522 4286 1814 4343 ἐνεδύσατο
1841 4288 1912 4342 τὰ

329 4380 534 4449 ἱμάτια
562 4378 731 4434 αὐτοῦ
750 4392 763 4407 ⁶
799 4381 896 4434 καὶ
928 4380 1206 4449 δρομαίως
1240 4375 1407 4450 ἦλθεν
1437 4380 1516 4443 εἰς
1537 4378 1631 4432 τὸν
1667 4377 1908 4445 ξενῶνασ

330 4470 432 4530 καὶ
464 4469 636 4525 ἐλθὼν
676 4473 756 4535 είς
788 4470 890 4539 τὴν
937 4470 1126 4539 κλίνην
1166 4472 1261 4525 τοῦ
1302 4469 1534 4547 λῃστοῦ,
1567 4464 1912 4542 εῦρετὶιμέν

1993 573 2098 628 rim
2132 591 2146 627 :
2181 573 2452 644 siquidem
2490 586 2610 626 mea
2673 572 2853 631 debita
2897 577 3100 647 majora
3136 590 3267 636 sunt
3317 598 3478 649 quam
3513 599 3572 641 ιιι

1993 667 2222 737 cegitari
2263 669 2492 736 possint.
2530 668 2858 739 Enimvero,
2917 675 2992 728 uti
3024 676 3251 745 apostoli
3296 680 3373 734 tui
3424 680 3569 737 Petri

1994 759 2396 816 amarissimum
2421 762 2688 819 admisisti
2717 764 2940 834 luctum,
2977 767 3048 822 ita
3066 779 3118 823 et
3142 786 3320 825 meum
3343 813 3357 834 ,
3391 781 3444 827 tu
3477 776 3570 829 be-

1994 855 2155 924 nigne
2185 870 2249 909 ac
2275 854 2518 910 clemens
2542 897 2557 921 ,
2583 858 2903 927 suscipiens,
2927 863 3089 918 hasce
3120 880 3270 921 meas
3304 866 3572 941 lacrymas

1996 946 2050 1001 in
2123 961 2365 1001 meorum
2429 957 2772 1016 peccatorum
2845 953 3268 1028 chirographum
3323 960 3571 1032 eﬂ'unde;

1995 1048 2210 1106 tuaeque
2252 1038 2340 1092 illa
2395 1041 2760 1098 miserationis
2803 1047 3026 1118 spongia
3054 1088 3069 1114 ,
3119 1049 3571 1124 incomparabilia

1997 1142 2117 1184 mea
2145 1128 2338 1184 delicta
2380 1129 2520 1184 dele.
2563 1149 2582 1182 ι

2075 1221 2222 1286 Haec,
2246 1231 2300 1277 et
2333 1221 2418 1277 bis
2448 1224 2647 1278 similia
2678 1225 2746 1279 ad
2782 1226 2982 1283 multas
3013 1230 3175 1288 horas
3207 1235 3472 1293 confitens
3499 1240 3578 1296 la-

2001 1326 2108 1382 tro,
2173 1332 2238 1372 ac
2302 1319 2530 1374 sudario
2583 1334 2682 1374 suo
2733 1321 3004 1394 lacrymas
3032 1336 3341 1398 extergeus,
3379 1331 3580 1392 emavit

1999 1412 2268 1480 animam,
2322 1415 2779 1484 quemadmodum
2850 1431 3215 1477 narraveruut
3264 1427 3353 1495 qui
3411 1445 3579 1501 prope

1998 1519 2124 1560 eum
2154 1503 2432 1574 jacebant.
2457 1505 2694 1576 Insignis
2723 1517 2902 1571 autem
2940 1513 3180 1570 medicus
3204 1518 3448 1586 quidam,
3486 1537 3580 1578 va-

2003 1597 2393 1653 letudinarium
2421 1599 2572 1653 illum
2606 1602 2830 1657 visitare
2873 1604 3084 1673 solitus,
3115 1609 3260 1664 domi
3312 1625 3424 1667 sum
3453 1614 3582 1670 dor-

2001 1691 2176 1747 miens
2202 1689 2350 1748 videt
2376 1694 2430 1748 in
2465 1696 2690 1758 somnis.
2720 1697 2831 1766 ipsa
2871 1697 3001 1752 hora
3035 1715 3140 1771 qua
3169 1701 3308 1759 latro
3335 1718 3582 1764 mortuus

2001 1790 2087 1838 est
2107 1782 2393 1857 Ethiopes
2427 1787 2626 1843 multos
2649 1789 2713 1843 ad
2741 1789 2856 1858 ejus
2883 1793 3164 1850 venientes
3199 1796 3401 1854 lectum
3455 1815 3580 1858 cum

2001 1876 2185 1932 multis
2211 1877 2419 1934 chartis
2438 1918 2454 1944 ,
2473 1881 2853 1950 quibusipsius
2882 1885 3292 1944 continerentur
3319 1891 3526 1949 scelera
3562 1913 3578 1951 :

2001 1977 2114 2024 tum
2135 1984 2353 2041 quoque
2387 1972 2532 2028 videt
2579 1973 2715 2028 duos
2763 1975 3078 2044 splendidos
3100 1980 3266 2036 viros.
3314 1983 3445 2040 Cum
3475 1987 3581 2042 ita-

2001 2077 2110 2132 que
2131 2061 2287 2117 allata
2307 2071 2536 2130 statera,
2569 2065 2619 2118 iu
2653 2080 2772 2119 eam
2805 2066 3095 2140 Etliiopes
3122 2074 3374 2130 universa
3414 2077 3582 2135 latro-

2003 2153 2091 2208 nis
2113 2153 2473 2223 conjecissent
2497 2155 2880 2227 chirographa,
2903 2160 3158 2230 depressa
3190 2176 3274 2220 est
3303 2184 3407 2224 una
3426 2171 3576 2237 lanx,

2003 2244 2173 2301 altera
2217 2247 2269 2301 in
2313 2247 2480 2301 altum
2521 2247 2819 2305 sublevata.
2861 2253 3026 2308 Aiunt
3071 2265 3249 2311 autem
3292 2261 3400 2316 duo
3451 2263 3585 2320 lucis

2004 2339 2179 2408 angeli
2212 2357 2227 2394 ε
2266 2359 2285 2392 ι
2333 2340 2424 2396 Sic
2466 2355 2533 2396 ne
2575 2341 2665 2397 hic
2706 2343 2842 2400 nihil
2882 2345 2984 2416 ipsi
3033 2326 3388 2410 habebimus?
3419 2374 3439 2410 ι
3471 2355 3583 2412 Re-

2004 2431 2222 2499 spondit
2256 2433 2394 2486 alter
2419 2434 2484 2487 ad
2513 2435 2746 2490 alterum
2781 2453 2801 2494 :
2837 2455 2857 2489 s
2900 2439 3040 2508 Quid
3068 2443 3349 2502 enimvero
3386 2449 3585 2506 habere

2005 2535 2290 2590 possemus
2311 2523 2334 2577 ?
2355 2521 2454 2578 Vix
2485 2525 2728 2582 decimus
2749 2527 2869 2584 dies
2898 2539 3000 2594 est.
3037 2545 3159 2587 cum
3192 2536 3368 2592 caedes
3396 2553 3461 2593 ac
3507 2541 3580 2595 la-

2007 2620 2224 2668 tronum
2263 2615 2436 2671 lustra
2480 2617 2699 2686 reliquit
2736 2637 2750 2673 :
2791 2620 2920 2690 quid
2953 2622 3076 2680 boni
3123 2641 3188 2681 ex
3235 2628 3323 2683 illo
3352 2633 3584 2701 requiri-

2008 2707 2169 2761 mus?
2205 2725 2225 2760 s
2264 2707 2388 2762 Haec
2413 2719 2472 2764 ut
2500 2709 2795 2778 dixerunt,
2825 2715 2924 2769 visi
2949 2728 3074 2770 sunt
3101 2719 3369 2791 vestigare
3396 2724 3446 2778 in
3471 2725 3588 2795 ejus

2008 2796 2171 2862 lecto,
2224 2800 2270 2855 si
2301 2800 2441 2854 forte
2470 2811 2526 2857 et
2563 2803 2662 2873 ipsi
2694 2803 2820 2860 boni
2850 2806 3056 2878 aliquid
3090 2812 3413 2871 invenirent.
3446 2816 3585 2873 Cum

2009 2901 2192 2948 autem
2219 2909 2359 2949 unus
2380 2897 2660 2952 sudarium
2688 2898 3129 2974 invenisset,quo
3147 2905 3286 2962 latro
3315 2907 3590 2982 lacryinas

2008 3001 2138 3042 suas
2174 2987 2510 3057 deterserat;
2554 2991 2629 3046 ait
2667 2993 2734 3048 ad
2767 2996 2975 3052 socium
3025 3015 3224 3055 suum:
3277 3021 3296 3056 ι
3333 3003 3588 3065 Profecto

2007 3078 2374 3163 lacrymarum
2409 3084 2530 3152 ejus
2543 3086 2821 3142 sudarium
2840 3101 2978 3147 erat.
3007 3091 3249 3166 Agedum
3277 3096 3330 3152 in
3361 3098 3587 3158 alteram

1935 3210 1978 3267 ϐ
2011 3171 2125 3240 hoc,
2154 3172 2363 3229 lancem
2410 3174 2708 3244 mittamus,
2757 3178 2939 3235 addita
2979 3181 3053 3237 illi
3083 3183 3173 3240 Dei
3203 3188 3490 3244 clementia
3527 3206 3592 3249 ac

2020 3264 2386 3334 benignitate;
2414 3283 2478 3320 ac
2514 3271 2728 3325 tandem
2761 3271 2852 3328 fiet
2871 3275 3093 3346 aliquid.
3138 3299 3160 3332 ι
3193 3279 3364 3339 Porro
3391 3293 3449 3340 ut
3470 3296 3592 3342 tan-

2021 3365 2134 3412 tum
2163 3373 2328 3412 unum
2357 3359 2486 3415 illud
2521 3361 2574 3416 in
2598 3362 2810 3419 lancem
2852 3367 3431 3443 elevatammisisseut,
3469 3392 3596 3434 mox

2014 3465 2080 3506 ea
2133 3451 2391 3521 depressa
2451 3464 2558 3520 est,
2611 3467 2666 3512 et
2699 3457 3094 3531 chirographa,
3149 3481 3270 3536 qua:
3318 3469 3372 3523 in
3426 3471 3595 3528 altera

2015 3552 2203 3610 erant,
2235 3545 2487 3602 universa
2521 3559 2650 3604 sunt
2674 3550 2958 3622 dissipata.
2996 3554 3384 3616 Exclamarunt
3413 3563 3598 3634 itaque

2017 3635 2217 3704 junctis
2246 3639 2470 3693 vocibus
2496 3643 2668 3712 angeli
2696 3661 2709 3698 :
2740 3662 2759 3697 ι
2793 3643 2935 3700 Vicit
2957 3646 3172 3705 Domini
3205 3654 3509 3725 benignitas
3533 3673 3598 3714 ac

2016 3728 2326 3784 clementia.
2375 3749 2394 3783 ι
2455 3731 2808 3790 Assumontes
2845 3749 3022 3792 autem
3059 3741 3293 3798 animam
3347 3744 3595 3814 latronis.

2016 3835 2200 3876 secum
2225 3823 2588 3879 abduxerunt.
2625 3827 2701 3881 Ac
2723 3825 3009 3900 Etiiiopes
3040 3848 3164 3887 cum
3198 3835 3489 3904 ignominia
3513 3838 3598 3893 fu-

2015 3925 2235 3980 gerunt.
2292 3916 2416 3972 Haec
2462 3922 2549 3975 ubi
2597 3922 2820 3976 vidisset
2871 3922 3145 3989 medicus,
3181 3939 3302 3978 eum
3363 3928 3596 3997 priunnu

2018 4007 2352 4080 evigilasset,
2380 4013 2680 4084 assumptis
2719 4013 2962 4070 vestibus
2985 4054 2999 4079 ,
3033 4014 3258 4071 festinus
3280 4019 3346 4072 ad
3376 4019 3596 4075 domum

2018 4098 2344 4168 hospitalem
2370 4104 2516 4158 venit
2550 4121 2564 4158 :
2609 4104 2984 4175 accedeusque
3021 4109 3088 4161 ad
3116 4108 3344 4164 latronis
3372 4109 3594 4179 lectum,

2018 4193 2222 4261 reperit
2247 4193 2364 4260 ejus
2406 4194 2624 4263 quidem
2652 4211 2850 4266 corpus
2869 4197 3045 4252 adhuc
3074 4197 3332 4266 calidum,
3361 4201 3597 4256 animam

2019 4292 2199 4338 autem
2237 4281 2348 4352 jam
2391 4283 2688 4353 profectam
2741 4286 2807 4339 ad
2850 4285 3160 4353 Dominum,
3207 4291 3600 4363 sudariumque

2018 4375 2237 4449 plenum
2275 4376 2531 4447 lacrymis
2566 4391 2734 4447 super
2759 4378 2948 4434 oculos
2974 4383 3232 4450 positum.
3266 4381 3366 4437 Ubi
3416 4394 3597 4438 autem

2020 4471 2174 4528 abiis
2205 4471 2297 4543 qui
2317 4485 2484 4544 prope
2514 4471 2934 4538 deeumbebant,
2960 4489 3123 4540 quam
3154 4474 3294 4530 latro
3328 4474 3397 4530 ad
3431 4474 3596 4532 Deum

331 4562 498 4632 σῶμα
527 4563 691 4617 αὑτοῦ
723 4564 849 4628 ζέον
877 4603 892 4629 ,
925 4566 1027 4636 τὴν
1055 4564 1112 4618 δὲ
1142 4565 1323 4636 ψυχὴν
1355 4565 1522 4623 αὑτοῦ
1564 4564 1903 4625 ἀπελθοῦσαι

2021 4569 2240 4626 fecisset
2263 4568 2684 4633 confessionem,
2703 4567 3082 4632 intellexisset,
3110 4579 3332 4638 accepto
3351 4569 3600 4634 sudario,

332 4653 477 4724 πρὸς
515 4654 741 4727 Κύριον.
782 4656 857 4710 Τὸ
909 4655 965 4709 δὲ
1004 4655 1290 4724 φακιόλιον
1335 4657 1428 4710 ἐπὶ
1469 4656 1582 4710 τῶν
1616 4655 1903 4728 ὀφθαλμῶι

2023 4665 2091 4720 ad
2121 4665 2424 4734 piissimum
2471 4663 2852 4734 imperatorem
2879 4671 3025 4718 recta
3063 4661 3340 4732 ingressus
3372 4671 3477 4727 est,
3510 4677 3600 4716 os-

335 4745 505 4800 αὖτοῦ
531 4746 784 4818 κείμενον
817 4751 1016 4817 μεστὴν
1045 4751 1154 4804 τῶν
1186 4749 1462 4820 δακρύων.
1490 4751 1601 4804 Καὶ
1630 4750 1694 4820 δὴ
1731 4750 1903 4820 μαθὼι

2029 4757 2257 4812 tendens
2280 4771 2344 4810 ac
2376 4771 2608 4810 narrans
2652 4769 2991 4824 quaecunque
3022 4753 3076 4808 in
3111 4753 3320 4808 somnis
3355 4754 3598 4822 vidisset,

336 4839 494 4909 παρὰ
517 4840 626 4894 τῶν
661 4840 890 4912 πλησίον
916 4845 1278 4914 κοιμωμένων
1307 4843 1405 4911 τὴν
1439 4843 1828 4914 ἐξομολόγησιν
1852 4845 1903 4914 ἧι

2027 4860 2092 4902 ac
2138 4864 2168 4900 a
2207 4845 2659 4902 decumbentibus
2706 4845 2758 4898 in
2804 4844 2982 4899 vicino
3008 4844 3058 4898 ei
3108 4843 3226 4898 loco
3251 4844 3598 4910 audisset,in

338 4931 600 5003 ἐποίησεν
640 4934 668 4986 ό
702 4933 908 5007 λῃστὴς
951 4936 1085 5006 πρὸς
1130 4935 1266 4988 Θεόν
1289 4953 1303 4969 ο
1336 4936 1516 4989 λαϐὼν
1545 4937 1606 4989 τὸ
1640 4935 1903 5004 φακιόλιοι

2029 4932 2145 4989 hate
2189 4935 2352 4987 verba
2405 4947 2528 4989 eum
2578 4932 2892 5004 alloquens:
2941 4932 3157 4988 Gratias
3212 4934 3422 5004 agimus
3467 4935 3598 5000 Deo.

338 5025 562 5098 εἰσῆλθε
611 5027 748 5100 πρὸς
795 5029 888 5082 τὸν
936 5029 1332 5083 εὐσεϐέστατον
1384 5027 1643 5099 βασιλέα,
1705 5028 1903 5090 δεικνὺς

2029 5024 2368 5095 pientissime
2419 5023 2661 5078 domine.
2704 5021 3026 5079 Audivimus
3067 5021 3331 5079 latronem
3367 5025 3600 5081 salutent

339 5117 492 5192 αὐτῷ
524 5119 619 5173 καὶ
639 5120 999 5191 διηγούμενος
1032 5120 1176 5193 ἅπερ
1199 5123 1321 5179 κατ’
1355 5121 1488 5195 ὄναρ
1517 5121 1806 5188 ἐθεάσατο,
1833 5137 1903 5178 κα

2035 5125 2388 5175 consecutum
2445 5129 2541 5187 per
2591 5111 3022 5183 confessionem,
3062 5116 3188 5172 dum
3219 5115 3433 5172 interim
3487 5115 3600 5177 Rex

415 5275 462 5308 "
478 5274 622 5332 Psal.
653 5292 838 5343 χχιιι,
889 5274 976 5332 15.

1847 5383 2078 5442 ΝΟΤᾸΕ.

416 5507 530 5579 (29)
563 5507 670 5574 Qui
691 5509 806 5580 jam
850 5508 987 5563 male
1031 5509 1099 5562 ad
1139 5522 1406 5577 uesperam
1444 5504 1695 5580 venerim.
1738 5501 1914 5580 Cogor
2041 5505 2142 5559 bus
2175 5518 2319 5580 aegre
2347 5519 2408 5580 se
2435 5502 2536 5560 sub
2572 5505 2624 5580 id
2657 5515 2870 5580 tempus
2907 5505 3184 5576 expediat.
3220 5503 3391 5580 Porro
3425 5504 3605 5563 facilis

343 5575 436 5634 sic
456 5575 704 5643 mutare,
728 5591 953 5646 cogente
984 5593 1144 5634 sensu
1179 5575 1244 5634 ac
1277 5587 1386 5632 tota
1418 5575 1601 5630 serie:
1633 5589 1733 5648 nec
1768 5575 1914 5628 enim
2029 5585 2114 5628 est
2143 5575 2303 5648 unius
2351 5576 2543 5630 littera:
2573 5577 2624 5630 in
2669 5576 2896 5648 alteram
2945 5575 3198 5648 currente
3227 5577 3436 5632 calamo
3476 5593 3601 5648 per.

344 5649 486 5704 berie
510 5664 576 5703 ac
611 5644 864 5711 feliciter.
901 5649 1044 5720 quod
1094 5649 1597 5720 redditqinterpres,
1623 5644 1690 5696 ad
1722 5657 1916 5720 vespe-
2031 5645 2260 5720 mutatio
2285 5685 2300 5708 .
2334 5655 2502 5720 utque
2528 5662 2595 5720 ex
2628 5647 2814 5720 κακῶς
2843 5647 3228 5720 ,Διιηῑίψιεηίιιί
3258 5688 3273 5714 ,
3314 5662 3408 5703 seu
3441 5644 3503 5704 ci
3533 5663 3604 5705 ett

347 5734 467 5789 ram
518 5721 669 5775 venit
703 5735 766 5775 ac
798 5713 932 5775 vitai
948 5728 1180 5783 metam,
1206 5718 1295 5789 qui
1324 5716 1403 5789 sic
1442 5716 1622 5789 venitj,
1664 5714 1740 5768 uti
1777 5713 1903 5789 latri

2027 5716 2369 5784 exscribens,
2396 5713 2588 5773 thecrit
2617 5717 2818 5784 καλῶς.
2851 5713 3145 5778 Conatus.

347 5788 632 5870 deplorat,
663 5805 725 5846 ac
756 5785 1256 5870 prieoccupantibus
1287 5787 1660 5859 iniquitatibus
1682 5825 1698 5854 ,
1730 5799 1758 5839 a
1791 5785 1916 5862 qui,
