4080 6566
484 376 628 446 1115

1701 384 1763 445 S.
1800 382 2207 445 ANASTASII
2248 381 2581 445 SlNAlT/B

3640 376 3769 445 1116

481 498 725 559 caelestis
751 498 805 557 in
834 512 1000 555 cruce
1031 497 1327 569 penderet,
1354 496 1698 568 vidimusque
1723 499 2077 556 nihilominus

2183 500 2333 573 ἅπερ
2378 500 2531 571 παρὰ
2571 497 2680 553 τῶν
2742 495 3109 569 κοιμωμένων
3160 495 3432 567 ἀκήκοεν,
3478 492 3653 565 λέγων
3696 493 3770 565 τῷ

481 594 751 649 latronem
790 591 956 647 alium
984 590 1200 659 imperii
1232 590 1308 644 tui
1346 591 1687 661 temporibus
1719 608 1819 662 per
1856 593 2076 648 confes-

481 685 691 743 sionem
723 682 978 752 adeptum
1010 682 1266 736 salutem.

2187 591 2437 663 βασιλεῖ⁸
2481 587 2935 661 Εὑχαριστοῦμεν
2964 587 3045 658 τῷ
3091 586 3245 657 Θεῷ,
3289 584 3653 639 εὐσεϐέστατε
3691 583 3771 637 δέ·

2188 700 2387 739 σποτα.
2432 682 2787 753 Ἦκούσαμεν
2820 679 3028 753 λῃστὴν
3059 678 3304 733 σωθέντα
3338 677 3405 731 δι’
3444 676 3772 747 ἐξομολογή-

484 791 623 840 σεως
655 775 749 827 ἐπὶ
780 774 877 827 τοῦ
930 771 1169 846 σταυροῦ
1238 771 1335 825 τοῦ
1407 772 1669 843 οὐρανίου
1707 774 2006 845 βασιλέως,
2052 777 2144 828 καὶ
2180 774 2366 847 ἴδομεν
2410 773 2618 846 λῃστὴν
2666 772 2914 826 σωθέντα
2944 771 3014 824 δι’
3058 769 3499 841 ἐξομολογήσεως
3537 768 3634 820 ἐπὶ
3676 765 3771 835 τῆς

483 868 583 939 σῆς
616 864 923 935 βασιλείας.

554 958 681 1013 Haec
706 960 809 1014 etsi
851 958 1139 1015 audientes
1187 974 1313 1015 vera
1366 975 1489 1016 esse
1514 960 1818 1025 credimus,
1854 961 2075 1017 consul-

486 1061 599 1107 tum
632 1060 812 1105 tamen
848 1060 1104 1120 putamus
1147 1050 1447 1107 terribilem
1483 1054 1675 1108 mortis
1712 1054 1904 1109 horum
1940 1069 2078 1123 pra:-

481 1145 703 1210 venire,
736 1158 800 1199 ac
830 1154 1045 1199 matura
1084 1160 1183 1199 nos
1211 1146 1356 1215 ipsos
1386 1146 1708 1215 paenitentia
1743 1158 2075 1217 praeparare.

479 1235 652 1303 Quam
676 1236 822 1291 enim
869 1237 1047 1303 multi,
1086 1247 1272 1307 putas,
1308 1238 1376 1293 de
1433 1248 1658 1308 repente
1702 1240 2075 1308 abripiuntur,

480 1329 572 1399 qui
603 1343 779 1398 neque
816 1328 1003 1398 loqui,
1059 1345 1238 1400 neque
1280 1329 1435 1398 ﬂere,
1475 1344 1653 1401 neque
1686 1341 2075 1389 testamentum

481 1421 717 1476 condere
765 1421 1032 1492 possunt?
1073 1420 1336 1488 Quisnam
1371 1423 1536 1477 etiam
1591 1438 1689 1492 pro
1744 1433 1794 1479 te
1845 1440 2080 1495 sponsor

480 1515 607 1581 erit,
635 1514 983 1569 inventurum
1013 1524 1064 1569 te
1086 1515 1176 1568 illa
1202 1515 1338 1569 hora
1363 1517 1637 1587 lacrymas
1664 1532 1726 1571 ea
1754 1524 1911 1588 copia
1941 1517 2076 1575 olfe-

480 1608 678 1663 rendas
712 1607 845 1673 Deo,
873 1623 978 1677 qua
1016 1607 1158 1662 latro
1195 1592 1282 1663 ille
1319 1608 1554 1663 obtulit?
1581 1608 1847 1675 Quocirca
1884 1626 1951 1666 ne
1980 1627 2079 1666 ex-

480 1708 812 1766 spectemus,
831 1712 929 1751 uec
961 1698 1015 1751 in
1045 1699 1237 1754 mortis
1263 1699 1453 1753 borum
1481 1698 1798 1757 diﬂ‘eramus
1821 1701 1933 1759 Deo
1949 1719 2081 1759 con-

480 1785 622 1842 literi
648 1796 865 1855 peccata
895 1798 1080 1841 nostra
1108 1802 1123 1851 ;
1152 1789 1284 1857 quin
1330 1790 1512 1857 potius
1544 1790 1944 1859 praeveniamus
1999 1794 2081 1848 l’a-

2245 957 2359 1012 Καὶ
2382 956 2558 1011 ταῦτα
2586 957 2684 1029 μὲν
2710 955 3009 1020 ἀκούοντες
3033 954 3366 1026 πιστεύομεν
3392 954 3569 1026 ἀληθῆ
3598 949 3768 1008 εἶναι’

2172 1052 2329 1122 ὅμως
2366 1049 2535 1105 καλὸν
2566 1050 2629 1103 τὸ
2668 1038 2968 1120 προλαϐεῖν
2997 1049 3098 1120 τὴν
3133 1047 3374 1118 φοϐερὰν
3425 1046 3579 1117 ὥραν
3609 1047 3771 1101 θανά-

2173 1162 2270 1199 του
2305 1146 2401 1199 καὶ
2433 1145 2840 1215 προετοιμάσαι
2873 1144 3108 1204 ἑαυτοὺς
3134 1143 3224 1197 διὰ
3259 1142 3577 1213 μετανοίας.
3610 1141 3770 1196 Πόσοι

2173 1239 2305 1309 γὰρ,
2329 1238 2453 1292 εἰπέ
2489 1255 2603 1309 μοι,
2630 1238 2895 1307 ἐξαίφνης
2919 1237 3289 1307 ἁρπάζονται,
3327 1237 3466 1307 μήτε
3495 1235 3731 1304 λαλῆσαι
3756 1252 3772 1301 ;

2188 1334 2329 1404 μήτε
2362 1330 2633 1405 δακρῦσαι
2670 1371 2685 1397 ,
2722 1335 2859 1403 μήτε
2911 1328 3178 1401 διαθήκην
3213 1329 3441 1400 ποιῆσαι
3473 1327 3770 1398 ἰσχύοντες.

2186 1425 2282 1490 Τίς
2306 1424 2365 1479 δέ
2411 1442 2472 1477 σε
2519 1424 2616 1478 καὶ
2659 1426 2688 1478 ὁ
2736 1422 3092 1493 ἀπιφωνῶν,
3137 1423 3218 1476 ὅτι
3261 1421 3519 1493 εὑρήσεις
3564 1422 3773 1493 δάκρυα

2188 1519 2327 1589 μετὰ
2363 1519 2467 1590 τὴν
2517 1518 2669 1590 ὥραν
2697 1517 2918 1588 ἐκείνην
2959 1516 3038 1586 τῷ
3071 1516 3191 1586 Θεῷ
3226 1518 3633 1586 προσαγαγεῖν,
3676 1517 3771 1571 ὅσα

2185 1614 2394 1677 ἐκεῖνος
2432 1614 2460 1666 ό
2488 1611 2693 1686 λῃστὴς
2741 1617 3097 1684 προσήγαγε;
3129 1609 3220 1663 Διὸ
3258 1610 3335 1681 μὴ
3385 1611 3772 1681 ἀναμείνωμεν

2190 1707 2328 1779 μηδὲ
2382 1705 2738 1777 ὲκδεξώμεθα
2777 1707 2834 1760 ἐν
2883 1704 2965 1775 τῷ
3008 1704 3224 1773 θανάτῳ
3251 1704 3330 1774 τῷ
3360 1703 3480 1774 Θεῷ
3520 1704 3771 1774 ἐξομολο-

2186 1796 2487 1868 γήσασθαι.
2528 1795 2694 1849 Ἀλλὰ
2731 1795 2932 1866 μᾶλλον
2954 1795 3363 1865 προφθάσωμεν
3394 1796 3453 1848 τὸ
3482 1794 3773 1863 πρόσωπον

481 1880 619 1933 ciem
646 1879 763 1946 ejus
790 1879 844 1933 in
878 1879 1254 1935 confessione.
1293 1880 1480 1952 Neque
1502 1898 1634 1938 vero
1667 1884 1856 1942 isthaec
1916 1903 1946 1941 a
1992 1902 2077 1942 me

2184 1889 2353 1943 αὐτοῦ
2401 1893 2462 1943 ὲν
2497 1888 2909 1960 ἐξομολογήσει.
2955 1887 3031 1940 Οὐ
3079 1886 3188 1957 γὰρ
3236 1888 3324 1939 ἵνα
3360 1888 3631 1958 χαυνώσω
3676 1887 3772 1952 τὰς

481 1976 547 2026 eo
572 1973 772 2042 scripta
808 1983 958 2039 sunt,
986 1982 1044 2026 ut
1079 1973 1356 2029 molliores
1388 1992 1451 2029 ac
1482 1976 1830 2034 remissiores
1864 1981 2080 2036 animos

480 2073 693 2118 vestros
708 2062 961 2128 elliciam,
996 2064 1092 2117 sed
1123 2073 1184 2118 ut
1234 2065 1519 2134 magisvos
1551 2067 1831 2135 excitem;
1876 2086 1982 2124 non
2022 2081 2081 2125 ut

482 2154 905 2225 negligentiores
929 2155 1173 2221 reddam,
1201 2156 1295 2210 sed
1322 2166 1378 2211 ut
1399 2158 1698 2215 alacriores
1728 2178 1741 2215 :
1766 2163 1908 2230 quod
1933 2172 2080 2232 post-

482 2263 644 2317 quam
698 2246 751 2300 in
795 2244 1131 2313 jejuniorum
1186 2250 1462 2305 curriculo
1483 2252 1595 2324 (50)
1631 2256 1853 2325 egregie
1906 2266 2078 2311 certa-

480 2343 741 2405 verimus,
778 2341 1011 2397 victores
1049 2341 1204 2409 facti,
1235 2357 1594 2414 peccatorum
1652 2350 1977 2406 remissione
2014 2368 2079 2408 ac

484 2450 651 2504 regno
676 2435 941 2489 caelorum
972 2434 1120 2506 digni
1154 2437 1457 2494 liabeamur
1491 2457 1506 2495 :
1539 2442 1717 2511 gratia
1746 2454 1800 2498 et
1830 2442 2081 2516 benigni-

485 2539 594 2583 tate
622 2526 838 2583 Domini
870 2528 1041 2583 nostri
1077 2527 1204 2583 Jesu
1234 2529 1471 2600 Christi;
1517 2550 1640 2590 cum
1677 2552 1786 2606 quo
1815 2538 1890 2592 sit
1930 2538 2079 2597 Patri

482 2623 685 2695 gloria,
732 2622 1006 2693 simulque
1061 2634 1255 2681 sancto
1286 2642 1351 2682 ac
1376 2629 1591 2687 viviiico
1641 2631 1903 2703 Spiritui,
1937 2651 2080 2694 nunc

481 2723 537 2768 et
572 2726 810 2783 semper,
852 2721 908 2768 et
951 2712 1005 2767 in
1047 2714 1247 2770 saecula
1286 2717 1610 2776 saeculorum
1646 2722 1878 2779 :Amen.

2186 1982 2463 2054 ὑμετέρας
2518 1983 2694 2052 ψυχὰς
2732 1981 2910 2034 ταῦτα
2958 1981 3273 2050 συνέγραψα
3299 2021 3314 2046 ,
3350 1979 3488 2033 ἀλλὰ
3541 1980 3770 2052 μᾶλλον,

2186 2075 2274 2129 ἵνα
2308 2076 2585 2146 διεγείρω.
2619 2075 2734 2145 Οὐχ
2777 2075 2865 2127 ἴνα
2902 2073 3305 2145 ἁμελεστὲρους
3359 2075 3598 2146 ποιήσω,
3643 2075 3774 2129 ἀλλὰ

2185 2169 2674 2241 προθυμοτέρους,
2721 2170 2873 2233 ὅπως
2921 2170 2980 2221 ἐν
3014 2166 3094 2237 τῷ
3131 2168 3332 2239 σταδίῳ
3356 2167 3465 2221 τῶν
3504 2170 3774 2240 νηστειῶν

2190 2264 2374 2327 καλῶς
2428 2263 2867 2333 ἀγωνισάμενοι,
2935 2264 3257 2330 στεφανῖται
3298 2262 3627 2332 γενόμενοι,
3678 2263 3775 2333 τῆς

2184 2356 2437 2425 ἀφέσεως
2495 2356 2604 2408 τῶν
2659 2354 2950 2427 ἁμαρτιῶν
3012 2354 3109 2407 καὶ
3168 2354 3269 2424 τῆς
3326 2354 3615 2424 βασιλείας
3671 2355 3775 2409 τῶν

2184 2446 2432 2519 οὐρανῶν
2466 2445 2827 2517 ἀξιωθῶμεν*
2864 2446 3049 2516 χάριτι
3102 2445 3197 2499 καὶ
3247 2445 3639 2518 φιλανθρωπίᾳ
3683 2448 3772 2500 τοῦ

2186 2542 2396 2613 Κυρίου
2443 2540 2605 2612 ἡμῶν
2668 2539 2845 2612 Ἰησοῦ
2902 2536 3168 2610 Χριστοῦ,
3216 2538 3338 2609 μεθ’
3371 2534 3432 2594 οὗ
3481 2540 3563 2611 τῷ
3604 2542 3775 2613 Πατρὶ

2185 2635 2334 2701 δόξα,
2364 2637 2481 2706 ἅμα
2510 2634 2590 2707 τῷ
2625 2634 2767 2705 ἁγίῳ
2795 2634 2891 2688 καὶ
2922 2631 3173 2703 ζωοποιῷ
3203 2631 3506 2704 Πνεῦμα-ιι,
3533 2634 3655 2704 νῦν,
3683 2637 3775 2692 καὶ

2189 2728 2308 2794 ἀεὶ,
2336 2728 2432 2782 καὶ
2456 2731 2537 2793 εἰς
2565 2728 2692 2791 τοὺς
2721 2726 2926 2789 αἰῶνας
2954 2724 3064 2778 τῶν
3092 2721 3327 2779 αἰώνων.
3370 2724 3574 2799 ’Δημήν.

1977 2880 2207 2938 ΝΟΤιΕ.
2237 2890 2239 2893 ’

555 3008 765 3087 (30)-1η
782 3010 1132 3087 jejuniorum!
1156 3013 1447 3087 curriculo.
1475 3015 1588 3087 _’Ev
1620 3013 1698 3085 τῷ
1742 3015 1942 3087 σταδίῳ
1969 3017 2081 3072 τῶν

482 3080 776 3155 νηστειῶν.
830 3083 1069 3155 δίελιιηι
1118 3084 1279 3155 initio
1314 3080 1681 3155 jejuniorum'
1712 3080 2079 3155 meminerat,

485 3151 552 3206 ac
576 3151 677 3205 sub
711 3165 900 3206 eorum
942 3154 1157 3208 initium
1200 3151 1344 3207 hanc
1368 3151 1428 3209 Se
1464 3154 1667 3209 l’salmi
1698 3156 1765 3209 ad
1802 3151 2073 3223 pmnitPnJ

486 3224 617 3276 tiam
646 3224 933 3291 compositi
977 3225 1388 3278 enarrationem
1420 3241 1581 3281 orare
1610 3226 2024 3293 signiﬁcaverat
2056 3252 2068 3286 :

487 3294 657 3346 altera
710 3303 890 3346 tamen
926 3294 1079 3363 Regii
1116 3295 1240 3349 cod.
1279 3296 1448 3349 editio
1480 3297 1615 3350 nihil
1673 3296 1781 3350 tale
1815 3299 2023 3353 indicat
2054 3319 2067 3356 :

483 3377 724 3436 cumque
745 3364 885 3432 stylo
910 3365 1023 3419 fere
1057 3366 1267 3433 puriori
1290 3406 1305 3430 ,
1344 3367 1633 3436 minusque
1665 3368 1731 3420 ad
1762 3369 2071 3425 barbariem

483 3451 549 3490 ac
574 3433 845 3502 sequioris
863 3436 1089 3492 Graeciae
1121 3438 1325 3492 idioma
1352 3433 1627 3509 vergenti,
1661 3445 1772 3494 tota
1791 3438 2071 3510 decurrat;

2189 3021 2511 3096 conjectura
2543 3023 2640 3096 _sit,
2668 3024 2870 3096 dictam
2897 3025 3069 3081 semel
3099 3026 3399 3092 liomiliam,
3424 3027 3609 3096 qualis
3632 3027 3770 3084 edita

2107 3112 2151 3170 ο
2187 3101 2272 3170 est
2308 3108 2336 3146 a
2366 3090 2591 3149 Canisio
2618 3135 2633 3158 ,
2666 3095 2839 3170 ipsum
2879 3099 3222 3170 postmodum
3267 3090 3629 3170 Anastasium
3679 3115 3774 3167 per

2182 3161 2353 3216 otium
2378 3161 2752 3238 retractatis—te;
2787 3161 2905 3237 ejus
2928 3168 3189 3238 pleraque
3217 3169 3409 3236 purius
3434 3161 3770 3236 reddidisse;

2184 3233 2446 3286 nonnulla
2477 3250 2581 3303 qua
2630 3233 2941 3302 addidisse,
2966 3253 3075 3306 qua
3101 3233 3396 3294 sustulisse
3417 3278 3431 3302 ,
3476 3254 3539 3293 ac
3586 3240 3641 3296 in
3667 3233 3767 3304 eis,

2180 3317 2303 3380 quae
2334 3306 2401 3380 ad
2431 3315 2643 3359 certum
2675 3317 2886 3380 tempus
2908 3347 2924 3371 ,
2962 3323 3158 3380 nempe
3187 3309 3516 3376 jejuniorum
3550 3324 3620 3365 ac
3652 3325 3777 3380 qua-

2182 3375 2502 3446 dragesima:
2520 3414 2535 3441 ,
2564 3377 2985 3447 restringebant.
3012 3375 3301 3438 Constans.

1622 3798 1973 3934 ΤΟΥ
2051 3794 2631 3933 ΑΥΤΟΥ

1142 4045 1541 4134 ΟΜΙΛΙΑ
1597 4046 1771 4132 ΕΙΣ
1845 4046 2073 4132 ΤοΝ
2147 4046 2529 4131 ΕΚΤΟΝ
2606 4044 2695 4131 Ψ
2698 4042 3092 4133 ΑΛΜΟΝ
3103 4106 3123 4124 .

1776 4404 2498 4538 EJUSDEM

920 4663 1458 4759 HOMILIA
1537 4661 1888 4752 DICTA
1965 4662 2090 4752 IN
2168 4663 2661 4754 SEXTUM
2738 4665 3349 4760 PSALMUM.

1632 4858 1745 4919 EX
1786 4857 1978 4919 ALIO
2025 4856 2323 4920 CODICE
2361 4858 2640 4921 EDITA.

559 5184 818 5257 Congrua
859 5183 1151 5238 admodum
1197 5182 1427 5236 sim-em
1479 5180 1814 5252 pmnitentia:
1839 5180 2084 5235 doctrina

489 5289 594 5345 est,
649 5277 789 5334 sexti
842 5275 1040 5331 Psalmi
1094 5272 1416 5344 complexio.
1473 5272 1679 5328 Idcirco
1748 5272 1819 5327 ab
1874 5271 2080 5342 Spiritu

493 5381 687 5429 sancto
729 5370 956 5439 scripta,
980 5384 1087 5439 quo
1114 5367 1206 5438 qui
1258 5373 1606 5437 peccatorum
1657 5365 1734 5420 rei
1792 5366 1860 5420 ad
1914 5367 2078 5420 Deum

490 5468 723 5532 adeunt,
785 5464 929 5521 scire
968 5463 1213 5534 possint,
1268 5458 1542 5531 quomodo
1583 5459 1634 5513 id
1690 5473 1785 5514 eos
1820 5468 2081 5528 praestare

488 5567 760 5628 oporteat,
790 5572 857 5613 ex
894 5557 1080 5612 animo
1102 5553 1448 5621 conﬁtentes,
1488 5567 1553 5607 ac
1587 5552 1801 5607 veniam
1844 5568 2077 5623 poscen-

492 5661 595 5717 tes,
623 5666 723 5721 pro
745 5650 815 5706 iis
836 5664 959 5720 qua:
990 5654 1374 5718 peccaverunt.
1413 5644 1467 5699 ln
1502 5645 1603 5698 hoc
1630 5645 1897 5714 siquidem
1926 5645 2074 5715 psal-

487 5756 579 5798 rno
608 5742 770 5798 ambo
815 5742 932 5796 itch
962 5739 1251 5803 docemur,
1279 5745 1549 5806 quatenus
1573 5736 1684 5801 ille,
1725 5747 1781 5793 et
1810 5740 2079 5808 paeniten-

487 5835 623 5889 tium
647 5833 1011 5890 humilitatem
1052 5829 1456 5902 cuniplectitur,
1498 5845 1793 5901 veramque
1846 5849 2077 5890 conver»

2262 5179 2562 5250 Πρέπουσα
2583 5178 2906 5234 διδασκαλία
2926 5181 3221 5251 μετανοίας
3241 5183 3591 5254 εἰλικρινοῦς,
3622 5185 3653 5255 ἠ
3673 5180 3763 5237 τοῦ

2189 5272 2420 5344 Ψαλμοῦ
2469 5272 2565 5327 τοῦ
2626 5273 2791 5326 ἕκτου
2839 5274 3096 5344 περιοχή.
3134 5273 3232 5327 Διὰ
3270 5274 3431 5328 τοῦτο
3480 5276 3633 5348 παρὰ
3674 5276 3764 5330 τοῦ

2182 5367 2340 5436 ἁγίου
2382 5366 2703 5437 Πνεῦματος
2733 5369 3115 5438 σαδγγραφεῖσα
3139 5407 3154 5433 ,
3185 5366 3327 5421 ὥστε
3352 5370 3480 5433 τοὺς
3502 5370 3561 5422 ὲν
3594 5371 3765 5441 ἀμαρ-

2181 5462 2327 5525 τίαις
2357 5460 2683 5532 προσιόντας
2717 5459 2860 5531 Θεῷ,
2905 5460 3107 5515 εἰδέναι
3142 5462 3292 5532 ἔχειν
3311 5502 3324 5526 ,
3359 5462 3478 5526 πῶς
3505 5463 3589 5516 δεῖ
3615 5461 3765 5516 τοῦτο

2185 5557 2394 5621 ποιεῖν,
2446 5558 2511 5609 ἐκ
2538 5555 2717 5626 ψυχῆς
2763 5555 3335 5630 έξομολογουμένους,
3378 5560 3475 5612 καὶ
3522 5560 3619 5628 τὴν
3662 5556 3763 5610 τῶν

2187 5650 2597 5721 ἡμαρτημένων
2621 5650 2911 5716 αἰτοῦντας
2931 5655 3305 5724 συγχώρησιν.
3347 5654 3435 5707 Ἐν
3464 5652 3636 5720 τούτῳ
3659 5650 3761 5720 γὰρ

2182 5741 2262 5813 τῷ
2289 5743 2490 5813 ψαλμῷ
2509 5786 2523 5808 ,
2547 5742 2916 5815 διδασκόμεθα
2951 5747 3245 5818 ἀμφότερα
3276 5747 3473 5811 ταῦτα,
3510 5745 3642 5801 καθὸ
3667 5745 3759 5812 τήν

2186 5855 2244 5891 τε
2279 5837 2608 5890 ταπείνωσιν
2657 5841 2767 5894 τῶν
2813 5842 3219 5913 μετανοούντων
3256 5844 3531 5913 περιέχει,
3576 5840 3673 5909 τήν
3704 5852 3756 5889 τε
