4080 6590
322 427 461 494 1117

1493 428 1780 492 ORATIO
1822 430 1902 492 ΙΝ
1944 431 2312 494 PSALMUM
2350 431 2453 496 VI.

3390 433 3394 437 ’
3482 433 3624 502 1118

321 539 562 613 γνησίαν
611 539 984 612 ἐπιστροφὴν,
1043 540 1113 596 τὰ
1166 541 1416 614 δάκρυα,
1469 543 1563 596 τὸν
1609 545 1675 598 ἐκ
1720 544 1917 616 βάθους

2050 546 2260 614 iouem,
2317 547 2591 619 lacrymas
2612 587 2628 614 ,
2656 547 2918 618 gemitum
2961 563 3027 604 ex
3059 547 3168 603 imo
3193 555 3619 618 pectore;-.con-

326 633 640 706 στεναγμὸν
660 672 675 697 ,
703 634 805 704 τὴν
843 633 939 686 τοῦ
963 634 1269 698 συνειδότος
1307 635 1556 709 ταραχὴν
1575 677 1590 704 ,
1626 639 1726 710 τὴν
1752 637 1920 692 ἀσθέ·

326 745 480 782 νειαν
501 769 517 793 ,
549 725 648 798 τὴν
688 726 747 779 ἐν
779 727 939 780 νυκτὶ⁹
969 728 1106 798 πρὸς
1151 727 1286 782 Θεὸν
1313 730 1532 800 ὁμιλίαν
1558 770 1573 795 ,
1608 732 1708 802 τὴν
1745 732 1804 784 ἐν
1849 733 1917 804 τῇ

331 822 594 891 στρωμνῇ
652 819 949 891 γινομένην
999 819 1357 892 συναίσθησιν
1396 824 1509 876 τῶν
1541 823 1662 895 μεθ’
1703 824 1922 896 ἡμέραν

329 910 746 981 πραττομένων,
773 909 869 963 καὶ
891 910 978 964 διὰ
1004 909 1107 980 τῆς
1131 911 1226 965 τοῦ
1259 912 1414 980 ἁγίου
1430 913 1748 984 Πνεύματος
1779 932 1923 986 παρ-

339 1003 535 1066 ουσίας
573 1004 886 1073 ἐπισκοπήν
915 1019 929 1033 ο
973 1002 1036 1056 οὐ
1065 1004 1242 1058 ταῦτα
1271 1004 1330 1058 δὲ
1362 1006 1525 1075 μόνον
1555 1005 1797 1060 ἐνταῦθα
1825 1023 1922 1059 πε-

335 1095 631 1166 ριεχόμενα
657 1112 741 1159 τις
769 1096 997 1168 εὑρήσει
1017 1139 1032 1163 ,
1073 1096 1210 1151 ἀλλᾶ
1245 1096 1345 1168 τὴν
1377 1099 1488 1153 ἀπὸ
1525 1101 1627 1170 τῆς
1662 1099 1924 1170 τοιαύτης

338 1186 633 1257 μετανοίας
686 1187 1133 1258 προσγινομένην
1194 1188 1305 1242 τῶν
1354 1189 1643 1262 ἁμαρτιῶν
1706 1191 1922 1259 ἄφεσιν.

333 1280 452 1354 Τὴν
483 1280 591 1334 τῶν
624 1281 900 1350 δαιμόνων
940 1281 1244 1353 αἰσχύνην,
1280 1283 1376 1337 καὶ
1414 1281 1515 1354 τὴν
1549 1282 1643 1337 τοῦ
1678 1283 1929 1338 παλαιω-

2023 639 2264 695 scientia:
2289 641 2676 709 turbationem,
2709 640 3112 705 inﬁrmitatem,
3143 650 3469 696 nocturnum
3493 657 3618 698 cum

2024 731 2137 788 Deo
2169 732 2525 803 colloquium,
2562 747 2744 788 rerum
2776 732 3011 788 interdiu
3067 742 3341 804 gestarum
3392 746 3626 802 percep-

2029 834 2139 881 tum
2164 826 2216 880 in
2248 835 2422 882 strato
2445 840 2692 890 sensum,
2717 839 2781 880 ac
2809 840 2951 888 eam,
2980 837 3099 896 quae
3131 825 3406 880 estsancti
3437 824 3620 895 Spiri-
3688 877 3692 881 .

2029 925 2116 972 tus
2145 917 2404 983 adventu,
2435 916 2827 988 inspectiouem
2860 932 2874 970 :
2908 931 3008 972 nec
3029 931 3091 971 ea
3125 925 3332 970 tantum
3374 916 3496 987 quis
3521 919 3622 973 hoc

2030 1009 2148 1065 loco
2175 1009 2355 1064 videat
2384 1011 2803 1079 comprehensa,
2844 1023 3031 1064 verum
3057 1009 3224 1064 etiam
3261 1025 3325 1063 ex
3375 1011 3467 1065 tali
3504 1024 3628 1079 pae-

2029 1099 2255 1154 nitentia
2283 1099 2636 1155 accedentem
2664 1108 3010 1169 peccatorum
3053 1099 3436 1155 remissionem
3461 1117 3476 1168 ;
3506 1100 3622 1156 dae-

2032 1208 2362 1263 monumque
2406 1193 2782 1248 confusionem
2816 1207 2883 1248 ac
2941 1192 3181 1250 hominis
3230 1194 3516 1252 inveterati
3569 1195 3624 1250 in

2033 1286 2274 1356 peccatis
2330 1285 2800 1342 reformationem.

337 1371 522 1436 θέντος
547 1371 842 1442 ἀνθρώπου
870 1375 989 1438 ταῖς
1017 1372 1320 1446 ἁμαρτίαις
1344 1374 1679 1431 ἀνάπλασιν.

422 1464 568 1518 Ἀλλ’
600 1458 754 1528 οὗτος
792 1466 890 1536 μὲν
920 1467 949 1519 ό
972 1465 1172 1530 σκοπὸς
1201 1464 1297 1520 τοῦ
1330 1465 1573 1538 ψαλμοῦ.
1605 1465 1770 1520 Ἐστι
1799 1467 1857 1521 δὲ
1886 1469 1942 1539 ή-

2105 1463 2420 1529 Enimvero,
2459 1462 2549 1519 hic
2595 1463 2817 1534 quidem
2851 1463 3064 1539 psalmo
3098 1462 3223 1519 linis
3252 1472 3356 1520 est.
3399 1464 3495 1519 Sic
3526 1480 3626 1522 au-

338 1554 507 1610 αὑτοῦ
537 1534 820 1627 ἐπιγραφή
866 1557 962 1609 ἐπὶ
989 1555 1193 1623 λέξεως
1229 1534 1660 1627 ἔχουσανοῦτως.
1717 1577 1734 1609 ι
1773 1534 1942 1612 Ψαλῖ

2049 1568 2145 1611 tem
2195 1558 2315 1628 ejus
2353 1557 2422 1612 ad
2452 1557 2680 1614 verbum
2733 1534 2898 1613 habet
2955 1558 3241 1628 inscriptio
3279 1575 3294 1611 :
3331 1576 3350 1610 ι
3382 1557 3632 1616 Psalmus

344 1647 468 1719 μὸς,
504 1648 659 1718 φησὶ,
708 1647 786 1718 τῷ
819 1646 990 1701 Δαὸὶδ
1023 1647 1152 1718 περὶ
1183 1648 1284 1718 τῆς
1321 1647 1538 1720 ὀγδόης.
1590 1667 1610 1701 ›
1660 1649 1928 1719 Ὀγδόην,

2049 1649 2230 1706 Davidi
2272 1651 2342 1707 de
2387 1664 2607 1708 cotava.
2652 1671 2671 1705 ι
2711 1650 3013 1707 Consuevit
3059 1651 3342 1721 Scriptura
3391 1662 3632 1708 octavam

344 1738 577 1810 σύνηθες
614 1742 682 1811 τῇ
721 1739 916 1811 Γραφῇ
951 1739 1276 1809 ὀνομάζειν,
1307 1739 1408 1812 τὴν
1457 1740 1598 1810 μετά
1629 1739 1730 1812 τὴν
1776 1741 1931 1795 ἐὸδό-

2049 1744 2315 1813 appellare
2344 1760 2488 1811 eam,
2514 1760 2635 1815 qum
2665 1744 3018 1815 subsequitur
3046 1745 3369 1814 septimam,
3396 1745 3499 1800 hoc
3525 1755 3631 1814 est,

346 1849 455 1903 μην
479 1847 492 1862 ·
526 1831 812 1898 τουτέστι,
845 1831 946 1901 τὴν
978 1831 1073 1884 τοῦ
1119 1831 1387 1904 παρόντος
1418 1831 1615 1896 αἰῶνος
1659 1831 1806 1903 ζωὴν
1839 1833 1936 1887 καὶ

2049 1836 2205 1890 vitam
2241 1846 2605 1907 praesentem;
2636 1836 2793 1908 cujus
2815 1846 3022 1893 octavae
3056 1837 3227 1908 ﬁgura
3261 1836 3365 1891 fuit
3390 1837 3631 1893 circum-

341 1902 621 1996 διαγωγὴν
644 1965 658 1989 ,
714 1919 781 1996 ἧς
813 1923 1016 1990 τύπος,
1066 1926 1099 1995 ἡ
1142 1902 1494 1996 ὀκταήμερος
1525 1902 1828 1996 περιτομή.
1865 1926 1934 1980 "0

2049 1929 2175 1984 cisio
2211 1902 2319 1984 diei
2372 1902 2604 1986 octavae.
2659 1902 2765 1986 sed
2795 1939 2848 1985 et
2884 1902 3122 2000 sapiens'
3165 1929 3446 1994 Salomon,
3507 1932 3633 1985 dum

342 2032 404 2068 τε
441 2016 605 2083 σοφὸς
639 2016 935 2088 Σολομῶν,
982 2035 1002 2069 ι
1057 2015 1263 2070 διδόναι
1313 2016 1510 2088 μερίδα
1559 2021 1676 2081 τοῖς
1713 2018 1858 2072 ἑπτὰ
1910 2038 1930 2072 ι

345 2109 632 2181 παραινῶν
653 2149 670 2175 ,
708 2129 727 2163 ι
765 2111 859 2166 καί
888 2127 954 2179 γε
991 2112 1105 2174 τοῖς
1133 2109 1279 2164 ὀκτὼ
1303 2151 1318 2176 ,
1358 2130 1376 2163 ι
1421 2111 1524 2183 τὴν
1556 2112 1768 2167 ἐκεῖθεν
1795 2114 1938 2167 ἀποο

345 2203 710 2267 κατάστασιν,
737 2203 835 2258 καὶ
855 2204 949 2258 τὸν
978 2203 1214 2258 ἐνταῦοα
1243 2203 1359 2274 βίον
1380 2207 1511 2275 ἡμῖν
1539 2205 1935 2261 ὑπαινίττεται.

351 2297 584 2368 Ἴδωμεν
645 2297 704 2352 δέ
760 2299 853 2352 κα“,
915 2298 1091 2370 αὐτὴν
1167 2297 1356 2352 λοιπὸν
1418 2299 1510 2352 τοῦ
1564 2299 1787 2372 ψαλμοῦ
1840 2301 1939 2372 τὴν

345 2390 549 2461 ἀρχήν·

425 2501 444 2534 ι
487 2483 686 2556 Κύριε,
721 2485 798 2557 μὴ
829 2484 906 2555 τῷ
937 2484 1096 2556 θυμῷ
1127 2501 1218 2538 σου
1248 2483 1477 2556 ἐλέγξῃς
1500 2503 1589 2557 με.
1623 2504 1642 2537 ι
1687 2487 1940 2559 Ὄμμασι

349 2577 558 2646 νοεροίς
599 2578 627 2630 ὁ
665 2579 954 2648 προφήτης
988 2577 1051 2630 τὸ
1083 2578 1316 2649 φοϐερὸν
1365 2581 1543 2632 ἐκεῖνο
1585 2579 1943 2652 δικαστήριον

350 2668 718 2741 προθεωρῶν,
766 2671 933 2724 οἱονεὶ
977 2671 1437 2742 ἀπαρρησίαστος
1491 2673 1599 2736 ῶν,
1653 2675 1750 2727 καὶ
1807 2675 1943 2745 μηδὲ

351 2760 656 2830 ἀπολογίαν
682 2762 824 2833 έχων
849 2763 992 2833 ὑπὲρ
1011 2756 1086 2816 ὧν
1109 2764 1327 2835 ἥμαρτε
1355 2763 1786 2832 προϐάλλεσθαι,
1807 2767 1944 2838 μήτε

353 2854 414 2919 ἐξ
442 2854 620 2925 ἔργων
643 2855 783 2926 ἔχων
807 2855 870 2909 τὺ
901 2855 1195 2921 σώζεσθαι,
1223 2857 1376 2910 οὐδὲν
1397 2857 1528 2912 ἄλλο
1555 2857 1646 2911 τὸν
1671 2860 1945 2929 Δικαστὴν

352 2944 592 3013 ἐξαιτεῖ,
627 2949 743 3002 ἀλλ’
774 2950 807 3020 ἢ
836 2948 995 3003 τοῦτο
1024 2948 1226 3018 λέγων’
1263 2968 1282 3002 ι
1334 2949 1529 3020 Κύριε,
1567 2949 1643 3021 μὴ
1677 2950 1755 3022 τῷ
1787 2950 1946 3023 θυμῷ

355 3054 452 3091 σου
488 3038 781 3112 ἐξελέγξῃς
816 3057 905 3110 με.
961 3058 979 3092 ι
1028 3036 1198 3106 Οἶδα,
1249 3040 1540 3106 Δέσποτα,
1587 3042 1671 3096 ὅτι
1717 3043 1948 3114 φρικτὸν

355 3132 646 3203 περιμένει
681 3150 749 3204 με
781 3134 1171 3206 δικαστήριονο
1198 3135 1290 3189 ὅτε
1324 3135 1670 3206 προκαθίσας
1703 3137 1795 3189 ἐπὶ
1822 3137 1948 3206 θρόο

2045 2042 2062 2074 ι
2112 2033 2322 2093 partem
2363 2023 2495 2078 dare
2525 2034 2755 2094 septem,
2789 2025 2920 2094 quin
2956 2031 3011 2078 et
3042 2032 3168 2079 octo
3198 2023 3270 2087 7°,
3305 2041 3324 2074 ι
3355 2023 3632 2088 admonet,

2042 2114 2188 2170 illam
2239 2116 2294 2170 in
2348 2115 2625 2186 integrum
2670 2131 2786 2170 aevo
2841 2116 3027 2172 futuro
3094 2115 3524 2178 restitutionem,
3571 2128 3637 2170 ac

2042 2209 2326 2278 praesentis
2356 2209 2538 2262 saeculi
2562 2209 2728 2262 vitam
2754 2207 2910 2261 nobis
2932 2206 3130 2262 innuit.
3152 2205 3273 2262 Jam
3302 2221 3429 2262 vero
3459 2206 3635 2276 ipsum

2043 2313 2261 2368 quoque
2289 2296 2574 2353 videamus
2609 2297 2804 2369 psalmi
2830 2297 3070 2352 initium.

2121 2493 2141 2528 ι
2177 2474 2430 2540 Domine,
2457 2490 2525 2531 ne
2561 2475 2614 2530 in
2644 2475 2832 2532 furore
2867 2485 2962 2532 tuo
2992 2491 3192 2547 arguas
3223 2490 3328 2531 me.
3362 2495 3382 2530 ι
3415 2475 3639 2546 Prospio

2045 2571 2197 2628 ciens
2228 2570 2491 2640 propheta
2525 2569 2701 2626 oculis
2733 2571 2902 2626 animi
2938 2571 3185 2626 terribile
3217 2569 3351 2635 illud
3373 2569 3635 2636 tribunal,

2048 2671 2306 2734 tanquam
2336 2662 2483 2717 omni
2522 2663 2819 2719 destitutus
2865 2663 3085 2727 liducia,
3139 2676 3239 2716 nec
3272 2660 3482 2716 habens
3511 2661 3642 2730 quid

2046 2755 2292 2826 proferat
2339 2753 2675 2810 defensionis
2713 2771 2812 2826 pro
2854 2754 2924 2810 iis
2969 2754 3093 2824 q’ua:
3135 2755 3406 2823 peccavit,
3464 2769 3643 2824 neque

2045 2864 2115 2904 ex
2169 2848 2430 2919 operibus
2496 2847 2697 2903 salvari
2741 2851 2948 2914 valens,
3005 2848 3138 2902 nihil
3194 2848 3341 2903 aliud
3381 2863 3411 2902 a
3450 2846 3642 2904 Judice

2047 2942 2309 3012 postulat,
2328 2956 2492 3012 quam
2525 2941 2669 2996 istud
2695 2939 2883 2996 dicens
2911 2958 2926 2996 :
2958 2959 2978 2992 ε
3009 2940 3260 3006 Domine,
3285 2955 3353 2996 ne
3375 2941 3428 2995 in
3457 2940 3644 2996 furore

2050 3043 2143 3090 tuo
2177 3049 2376 3105 arguas
2404 3049 2508 3089 me.
2547 3052 2567 3085 ι
2606 3034 2758 3098 Scio,
2789 3031 3041 3099 Domine,
3091 3048 3178 3089 me
3211 3047 3434 3088 manere
3479 3033 3640 3088 terri-

2050 3124 2475 3192 bilejudicium,
2521 3124 2741 3196 quando
2801 3123 2856 3178 in
2912 3123 3043 3178 sede
3091 3122 3398 3193 majestatis
3423 3123 3644 3179 excelso

354 3239 448 3277 νου
500 3222 811 3290 ἀπέκτου,
853 3221 1091 3279 ἐνώπιον
1153 3225 1408 3294 ἀγγέλων
1441 3227 1539 3279 καὶ
1595 3227 1776 3297 πάσης
1830 3226 1942 3280 κτί-

2051 3217 2372 3289 ριιαιείσοιιε,
2426 3233 2612 3273 coram
2665 3216 2873 3287 angelis
2912 3231 2978 3272 ac
3007 3217 3156 3272 omni
3207 3227 3485 3284 creatura,
3523 3232 3644 3288 quae

358 3328 535 3380 σεως,
587 3314 659 3368 τά
707 3317 894 3388 κρυφῆ
953 3319 1357 3388 πεπραγμένα,
1406 3319 1574 3372 πᾶσιν
1633 3317 1942 3390 ἀνθρώποις

2050 3320 2178 3367 sunt
2213 3311 2505 3368 commissa
2551 3311 2605 3366 in
2641 3309 2882 3376 occulto,
2928 3310 3182 3365 omnibus
3231 3309 3544 3365 hominibus
3581 3325 3644 3367 es

355 3407 771 3474 ἀποκαλύπτεις
793 3451 807 3471 ,
864 3410 960 3463 καὶ
999 3410 1068 3464 τὰ
1097 3411 1240 3475 τέως
1268 3409 1605 3466 λανθάνοντα
1631 3415 1811 3475 ποιεῖς
1844 3429 1942 3481 φα-

2050 3403 2412 3471 revelaturus,
2445 3419 2508 3461 ac
2534 3403 2714 3474 palam
2760 3402 3028 3471 facturus,
3059 3417 3181 3474 quae
3233 3403 3495 3457 hactenus
3523 3402 3644 3458 fue-

355 3501 510 3571 νερά.
541 3499 708 3554 Ὅθεν
731 3501 853 3555 οὐδὲ
876 3503 1063 3574 τολμῶ
1088 3502 1438 3576 συγχώρησιν
1458 3505 1566 3558 τῶν
1598 3505 1746 3574 ἐμῶν
1769 3507 1942 3578 ἁμαρ-

2051 3509 2182 3556 runt
2218 3499 2561 3556 abscondita.
2597 3499 2992 3568 Quamobrem,
3027 3512 3094 3553 ne
3125 3496 3347 3566 quidem
3397 3510 3642 3551 meorum

355 3592 488 3646 τιῶν
515 3591 944 3664 ἐξαιτήσασθαι·
976 3596 1061 3650 ὅτι
1089 3595 1310 3666 μείζους
1337 3589 1520 3662 αὗται,
1554 3597 1696 3668 ὑπὲρ
1723 3598 1784 3650 τὸ
1809 3599 1942 3666 ἀφε-

2050 3596 2266 3651 veuiam
2324 3602 2672 3665 peccatorum
2727 3594 2902 3649 audeo
2951 3590 3234 3662 postulare
3269 3607 3283 3646 :
3319 3590 3516 3661 quippe
3551 3589 3643 3646 illa

359 3684 522 3755 θῆναι
547 3703 615 3756 με
635 3702 648 3716 ·
680 3686 764 3739 ὃτι
790 3686 964 3741 πλείω
990 3687 1193 3751 παντὸς
1217 3687 1508 3760 ἀνθρώπου
1533 3691 1614 3753 εἰς
1646 3691 1707 3743 σὲ
1729 3691 1868 3763 ἐπλη
1877 3711 1942 3763 μ-

2053 3691 2255 3760 majora
2297 3699 2445 3755 sunt,
2484 3703 2647 3758 quam
2681 3696 2740 3741 ut
2777 3687 2908 3740 mihi
2939 3687 3142 3741 remitti
3182 3685 3384 3739 debere
3414 3683 3642 3738 videan-

364 3778 578 3849 μέλησα
602 3796 616 3810 ο
657 3779 740 3834 ὅτι
774 3779 916 3850 ὑπὲρ
955 3780 1048 3835 τὸν
1081 3781 1293 3836 ἄσωτον
1330 3781 1592 3852 ἥμαρτον
1614 3797 1628 3810 ·
1685 3784 1769 3837 ὅτι
1806 3785 1942 3858 ὑπὲρ

2053 3793 2161 3838 tur.
2194 3782 2407 3838 Etenim
2437 3783 2586 3837 omni
2620 3781 2840 3852 gravius
2866 3781 3086 3836 homine
3116 3779 3169 3834 in
3204 3791 3256 3834 te
3284 3778 3504 3848 deliqui.
3544 3777 3642 3833 Stt-

362 3873 573 3927 ἐκεῐνον
612 3872 706 3926 τὸν
735 3873 807 3928 τὰ
841 3873 1011 3946 μυρία
1056 3891 1140 3928 σοι
1183 3873 1472 3944 ὀφείλοντα
1503 3875 1766 3944 τάλαντα,
1797 3877 1942 3946 όφει-

2053 3892 2148 3947 pra
2180 3875 2477 3946 Prodigum
2519 3875 2737 3943 peccavi
2772 3874 2815 3906 τί
2854 3891 2868 3929 :
2905 3888 3068 3943 supra
3105 3872 3254 3926 illum
3298 3871 3389 3941 qui
3426 3871 3646 3926 debitor

359 3961 524 4032 λέτης
555 3980 639 4017 σοι
675 3963 944 4036 κατέστην
978 3963 1112 4033 ἐγώ.
1151 3961 1283 4019 Οἶδα
1327 3965 1440 4036 γὰρ
1499 3967 1738 4037 ἐμαυτὸν
1785 3970 1942 4023 πλέον

2051 3977 2170 4025 erat
2215 3970 2404 4024 decem
2455 3965 2684 4022 millium
2723 3966 3049 4022 talentorum
3082 3965 3148 4030 ⁷³,
3181 3965 3279 4020 tibi
3309 3979 3410 4034 ego
3431 3965 3645 4019 debitor

360 4056 396 4128 ἢ
416 4057 509 4110 τὸν
533 4057 787 4129 Τελώνην
810 4059 966 4130 παρὰ
994 4059 1090 4113 τοῦ
1125 4058 1326 4130 ἐχθροῦ
1357 4059 1744 4131 τελωνηθέντα
1763 4079 1778 4093 ο
1806 4062 1942 4133 ὑπὲρ

2054 4061 2380 4116 constitutus
2412 4075 2552 4116 sum.
2590 4057 2719 4115 Scio
2745 4058 2889 4115 enim
2920 4073 3086 4128 supra
3130 4056 3487 4112 Publicanum
3517 4073 3645 4128 gra-

359 4150 455 4202 τδν
496 4148 714 4223 Δῃστὴν
744 4149 1057 4222 λῃστρικῶς
1091 4149 1358 4222 ζήσαντα,
1387 4151 1482 4206 καὶ
1510 4152 1652 4222 ὑπὲρ
1681 4151 1781 4225 τὴν
1807 4154 1942 4225 Πόρ-

2056 4153 2206 4207 viora
2260 4152 2397 4207 mihi
2451 4152 2521 4207 ab
2574 4151 2730 4207 hoste
2784 4151 3048 4222 imperata
3107 4150 3309 4205 tributa
3343 4149 3390 4182 ⁷³
3427 4167 3440 4204 :
3475 4163 3642 4218 supra

362 4259 464 4314 νην
515 4259 598 4296 σοι
655 4242 984 4299 πταίσαντα.
1040 4238 1176 4298 Οἶδα
1206 4245 1287 4298 ὅτι
1323 4245 1419 4298 καὶ
1467 4243 1560 4299 τὸν
1606 4246 1948 4318 Μανασσῆν,

363 4334 648 4405 ἀνομήσας
698 4334 1018 4406 παρήλασα.
1056 4333 1222 4389 Ὅθεν
1281 4353 1300 4387 ‹
1340 4335 1396 4388 αἱ
1451 4336 1676 4406 ἀνομίαι
1711 4354 1814 4406 μου
1854 4336 1952 4409 τὴν

367 4426 616 4497 κεφαλήν
645 4445 750 4499 μου
799 4428 1185 4500 ύπεράρασαι,
1215 4427 1350 4481 ὡσεὶ
1382 4428 1604 4498 φορτίον
1637 4428 1780 4500 βαρὺ
1819 4429 1952 4482 ἐδα-

371 4517 646 4591 ρύνθησαν
695 4520 784 4573 ἐπ’
823 4520 961 4590 ἐμέο
1011 4520 1107 4573 καὶ
1153 4519 1624 4592 ταλαιπωρήσας,
1671 4521 1954 4592 κατεκάμ-

2054 4251 2369 4318 Latronem,
2400 4251 2605 4304 vixisse
2633 4248 2912 4304 latronum
2942 4263 3094 4303 more
3123 4247 3206 4313 ⁷³;
3234 4261 3300 4303 ac
3333 4248 3499 4314 supra
3531 4244 3644 4302 Me-

2055 4344 2332 4407 retricem,
2353 4351 2460 4401 tete
2488 4339 2782 4396 oﬂ'eudisse
2807 4342 2874 4395 ⁷⁵.
2895 4339 3001 4395 Sed
3022 4350 3077 4395 et
3106 4341 3209 4394 hoc
3234 4339 3386 4404 scio,
3435 4338 3645 4395 Dianas.

2055 4449 2152 4491 seu
2200 4448 2288 4489 me
2327 4432 2619 4503 iniquitate
2683 4431 2886 4487 vicisse
2930 4431 3000 4485 ".
3039 4429 3196 4486 Unde
3247 4449 3267 4483 ι
3324 4429 3643 4500 iniquitates

2060 4543 2194 4585 meae
2230 4540 2598 4598 supergressa;
2643 4534 2809 4596 caput
2861 4539 3076 4590 meum,
3124 4525 3268 4580 sicut
3295 4537 3437 4578 onus
3477 4536 3644 4594 grave

373 4609 516 4682 φοην
558 4611 662 4674 ἕως
690 4610 900 4673 τέλους.
942 4630 961 4663 ι
1009 4611 1082 4663 Τὸ
1114 4609 1287 4681 ὄνομα
1323 4627 1417 4663 σου
1447 4610 1510 4662 τὸ
1543 4609 1699 4678 ἆγιον
1723 4609 1942 4684 παρώρ·

2061 4595 2456 4689 gravatae—sunt
2485 4632 2652 4688 super
2680 4595 2804 4671 me:
2845 4613 3119 4685 miserque
3157 4610 3404 4678 elfectus,
3445 4625 3646 4666 curva:

369 4720 536 4772 γισα,
573 4705 636 4757 τὺ
689 4703 918 4775 Πνεῦμα
970 4721 1066 4757 σου
1117 4703 1368 4774 ἐλύπησα
1393 4741 1408 4767 ,
1441 4703 1552 4757 τῶν
1585 4703 1815 4758 ἐντολῶν
1859 4722 1953 4759 σου

368 4797 730 4870 παρήκουσατ,
776 4799 872 4853 τὸν
925 4796 1158 4851 πλοῦτόν
1204 4814 1300 4851 σου
1335 4795 1524 4861 κακῶς
1561 4795 1954 4867 διεσκόρπισα,

369 4891 468 4944 καὶ
495 4890 556 4945 ὃν
581 4909 670 4963 μοι
697 4891 938 4956 δέδωκας
960 4891 1281 4964 ἀρραϐῶνα,
1309 4893 1368 4944 ἐν
1389 4889 1655 4954 ἀσωτίαις
1677 4893 1955 4962 ἀνήλωσα,

367 4984 462 5038 τὸν
506 4984 602 5038 τοῦ
636 4983 891 5055 σώματος
925 4983 1054 5038 ναὸν
1095 4983 1412 5048 ἐσπίλωσα,
1460 4981 1560 5055 τὴν
1613 4984 1736 5038 κατ’
1767 4985 1953 5039 εἰκόνα

372 5095 468 5132 σου
525 5077 684 5144 ἀξίαν
734 5077 1077 5150 καθύϐρισα,
1127 5077 1188 5130 ὃν
1221 5077 1480 5141 ἐνέδυσάς
1537 5094 1606 5149 με
1651 5077 1956 5149 ἐρῤύπωσα

371 5171 607 5240 χιτῶνα,
641 5171 704 5224 τι
741 5171 1036 5241 πρόσωπον
1081 5170 1111 5224 ὅ
1163 5186 1256 5241 μοι
1291 5173 1357 5240 τῇ
1395 5171 1756 5241 ἀναγεννήσει
1794 5171 1955 5240 ἐφαί-

371 5263 604 5336 δρυνας,
644 5263 1071 5334 κατηχρείωσα,
1104 5261 1233 5326 τοὺς
1264 5262 1582 5334 ὀφθαλμοὺς
1614 5262 1710 5327 οὓς
1755 5263 1958 5332 ἐφώτι-

375 5373 498 5423 σας,
534 5357 697 5412 πάλιν
735 5356 1050 5427 ἐτύφλωσα,
1073 5355 1145 5410 τὰ
1177 5355 1330 5427 χείλη
1366 5373 1471 5427 μου
1507 5356 1652 5425 ἅπερ
1681 5355 1956 5427 ήγίασας,

373 5453 542 5508 πάλιν
578 5455 838 5524 ἐμόλυνα.
875 5453 1094 5508 Τούτων
1124 5454 1381 5508 ἁπάντων
1418 5453 1650 5519 εὐθύνας
1682 5472 1752 5524 με
1788 5456 1957 5510 ἀπαι-

371 5548 504 5612 τῶν,
545 5544 662 5602 οἷδα
710 5548 796 5603 ὅτι
837 5549 1218 5619 παραστήσεις
1255 5565 1322 5619 με
1373 5548 1582 5620 γυμνὸν
1623 5546 1703 5618 τῷ
1745 5546 1955 5620 βήματι

377 5661 505 5712 σου,
535 5644 633 5698 καὶ
668 5642 740 5701 τὰ
791 5641 1165 5714 πεπραγμένα
1206 5659 1297 5712 μοι
1347 5642 1525 5697 πάντα
1564 5641 1829 5712 ὲλέγξεις,
1855 5643 1952 5698 καὶ

448 5821 496 5853 τ⁰
513 5820 814 5900 fugienti,
840 5819 896 5874 2.
973 5820 1019 5852 '”
1051 5818 1184 5900 huc.
1216 5835 1269 5900 ν,
1301 5820 1389 5900 [ὃ.
1419 5890 1431 5900 _
1464 5819 1514 5852 ’²
1548 5817 1946 5900 Μαιιιιρνινιιι,
1988 5819 2078 5876 24.
2109 5835 2112 5838 ·
2193 5819 2240 5852 ⁷³
2271 5801 2411 5877 Luc.
2433 5832 2590 5885 xvttt,
2623 5815 2710 5872 lC.

380 5893 438 5948 Ἰ,
513 5891 560 5924 ’⁸
606 5889 681 5947 ιγ
723 5890 858 5961 Reg.
901 5907 1012 5955 ut,
1060 5891 1144 5945 16.
1227 5894 1269 5922 ⁷⁷
1312 5890 1432 5948 Ρειι
1496 5905 1705 5957 XXXVII.
1750 5890 1806 5949 5o

2063 4721 2153 4768 tus
2181 4727 2303 4767 sum
2343 4726 2512 4780 usque
2539 4711 2591 4764 in
2627 4709 2788 4764 linem
2817 4707 2885 4761 ⁷⁷.
2931 4725 2951 4759 ι
2977 4705 3183 4761 Nomen
3219 4712 3465 4759 sanctum
3493 4715 3642 4757 tuum

2064 4802 2304 4868 irritavi,
2347 4801 2610 4871 Spiritum
2659 4808 2809 4854 tuum
2854 4796 3195 4861 contristavi,
3236 4795 3506 4858 mandatis
3540 4795 3645 4851 tuis

2065 4911 2172 4952 non
2195 4893 2587 4963 obtemperavi,
2614 4900 2735 4948 tuas
2761 4907 2896 4963 opes
2923 4890 3063 4946 male
3088 4889 3371 4961 dissipavi,
3395 4903 3459 4943 ae
3481 4903 3644 4958 quam

2060 4989 2196 5046 mihi
2230 4988 2451 5044 arrham
2500 4985 2699 5041 dedisti
2752 4985 2804 5039 in
2850 4983 3083 5039 luxuriis
3134 4979 3474 5051 consumpsi,
3511 4991 3646 5034 tem-

2060 5083 2206 5154 plum
2237 5081 2482 5151 corporis
2499 5077 2890 5145 contaminavi,
2919 5075 3235 5147 dignitatem
3257 5082 3363 5128 tuae
3391 5071 3646 5142 imaginis

2061 5173 2283 5237 violavi,
2311 5187 2474 5244 quam
2500 5169 2858 5226 meindueras
2881 5168 3121 5223 tunicam
3145 5165 3398 5222 sordibus
3421 5163 3643 5228 foedari,

2064 5267 2270 5323 vultum
2298 5280 2458 5337 quem
2493 5263 2626 5319 mihi
2652 5260 3062 5332 regeneratione
3094 5273 3442 5331 perornaras,
3477 5257 3648 5327 turpi-

2068 5369 2152 5417 ter
2176 5359 2474 5416 deformavi
2508 5375 2523 5414 :
2572 5357 2758 5414 oculos
2794 5370 2928 5424 quos
2967 5353 3402 5413 illuminaveras,
3449 5351 3644 5404 iterum

2064 5453 2368 5519 excaecavi;
2419 5451 2562 5507 labia
2607 5464 2725 5506 mea
2765 5463 2886 5519 quae
2933 5443 3400 5508 sanctiﬁcaveras,
3459 5456 3647 5497 rursus

2065 5547 2253 5619 pollui.
2310 5546 2514 5602 l-lorum
2563 5543 2806 5600 omnium
2831 5558 2861 5597 a
2900 5556 2989 5596 me
3021 5540 3248 5610 exigens
3281 5549 3492 5607 pinnas.
3529 5531 3651 5588 fore

2069 5642 2186 5697 scio
2212 5648 2272 5696 ut
2304 5641 2507 5697 nudum
2541 5653 2629 5694 me
2658 5647 2786 5693 ante
2840 5645 2990 5691 tuum
3037 5641 3248 5690 statuas
3296 5624 3556 5692 tribunal,
3586 5638 3650 5680 ac

2835 5813 2884 5845 τι
2911 5811 3044 5867 Luc.
3078 5824 3134 5874 ι,
3159 5805 3251 5864 50.
3327 5803 3375 5836 ’⁸
3397 5800 3528 5859 Luc.
3552 5815 3650 5869 vit,
