4080 6536
567 363 703 429 1119

560 482 744 539 omnia
770 483 898 540 mihi
934 488 1223 544 commissa
1249 506 1477 562 arguas;
1513 511 1611 552 nec
1641 513 1760 554 esse
1791 501 2018 573 aliquid,
2046 522 2142 561 cu-

558 571 647 640 jus
672 589 774 646 ope
785 575 1024 647 effugere
1042 581 1268 648 possim.
1292 582 1490 640 Verum
1512 589 1658 644 enim
1683 608 1805 646 cum
1821 571 2139 669 meargues,

561 665 809 732 Domine,
869 687 889 722 ι
928 669 1004 728 Ne
1034 672 1087 726 in
1121 672 1304 730 furore
1347 685 1442 733 tuo
1484 696 1684 752 arguas
1736 701 1840 741 me.
1886 707 1906 740 ι
1943 665 2054 745 Ida
2089 702 2143 748 te

560 758 721 829 lucri,
745 763 834 833 qui
867 763 1014 820 solus
1037 765 1277 823 clemens
1299 786 1362 825 ac
1386 772 1654 841 benignus
1677 787 1779 842 est,
1809 794 2135 853 consequar.

560 848 682 907 Scis
705 853 819 922 ipse
843 856 1023 910 omnia
1052 859 1263 915 occulta
1289 878 1430 929 mea,
1457 879 1554 933 pro
1582 866 1779 935 quibus
1799 872 1964 926 etiam
1986 848 2137 946 rogo,

556 949 619 996 ut
647 959 717 999 ne
743 959 927 1000 coram
977 949 1185 1019 angelis
1223 962 1279 1009 et
1315 955 1624 1013 hominibus
1681 961 2040 1019 traducantur
2072 983 2137 1024 ac

557 1036 918 1105 publicentur,
951 1040 1017 1097 ad
1051 1045 1401 1114 appr-ebrium
1437 1066 1637 1115 meum,
1667 1068 1729 1108 ac
1760 1056 2134 1116 confusionem

553 1137 839 1188 aeternam.

630 1238 651 1272 ι
690 1220 937 1290 Domine,
971 1240 1039 1283 ne
1062 1228 1115 1283 in
1149 1227 1331 1288 furore
1362 1242 1453 1288 tuo
1483 1250 1680 1307 arguas
1710 1255 1815 1295 me.
1858 1260 1876 1294 ι
1909 1242 1967 1297 Si
1992 1243 2135 1313 peri-

556 1316 664 1371 turi
712 1320 855 1388 regis
903 1321 1143 1379 furorem
1197 1342 1355 1383 nemo
1398 1330 1667 1388 sustinere
1716 1344 1917 1403 potest,
1965 1338 2131 1393 multo

552 1409 724 1478 magis
760 1410 853 1466 Dei
884 1411 1123 1470 furorem
1154 1429 1400 1473 creatura
1432 1420 1615 1491 aliqua
1642 1425 1913 1480 sustinere
1938 1430 2131 1495 possit.

555 1517 575 1551 ι
616 1498 802 1570 Neque
839 1503 891 1558 in
935 1505 1011 1560 ira
1051 1516 1138 1563 tua
1182 1512 1448 1582 corripias
1497 1528 1602 1569 me.
1641 1532 1660 1567 ι
1699 1514 1817 1571 Νοη
1865 1519 2132 1591 deprecor

546 1594 746 1663 corripi
785 1613 802 1650 :
834 1597 1033 1668 quippe
1051 1602 1144 1670 qui
1175 1603 1438 1673 supplicio
1464 1608 1613 1662 ontni
1640 1624 1705 1665 ac
1734 1624 1894 1680 pinna
1930 1613 2131 1683 dignus

545 1684 649 1740 sim
680 1703 695 1753 ;
728 1689 822 1744 sed
872 1690 975 1748 hoc
1020 1709 1176 1765 rego,
1208 1706 1267 1751 ut
1298 1700 1625 1770 corripiens,
1665 1720 1685 1755 ι
1726 1720 1799 1761 ne
1834 1705 1887 1760 in
1919 1705 1998 1761 ira
2036 1717 2127 1763 tua

544 1778 808 1848 corripias
839 1795 944 1836 me.
979 1800 999 1835 ι
1030 1783 1163 1839 Novi
1212 1786 1478 1843 latronem
1521 1806 1644 1846 cum
1688 1803 1893 1850 tantum
1933 1811 2127 1866 preces

540 1867 852 1936 obtulisset,
882 1876 1120 1943 paradisi
1173 1878 1358 1933 statim
1406 1882 1713 1952 ingressum
1745 1889 2023 1957 accepisse
2052 1890 2124 1947 ⁷⁸.
2153 1885 2201 1943 Β

528 1954 672 2015 Novi
703 1966 1046 2022 meretricem
1069 1971 1365 2028 accessisse
1379 1989 1501 2029 cum
1528 1975 1804 2047 lacrymis,
1832 1996 1933 2036 nec
1964 1984 2121 2038 venia

537 2047 855 2107 [rostratam
886 2068 1010 2111 esse
1040 2058 1106 2112 ⁷⁸.
1140 2058 1271 2116 Novi
1320 2060 1678 2120 Publicanum
1713 2084 1779 2124 ex
1813 2071 1923 2125 imo
1968 2073 2122 2145 inge-

537 2142 763 2208 muisse,
797 2155 851 2201 et
873 2145 1229 2214 justiticatum
1260 2169 1383 2209 esse
1405 2155 1473 2209 ⁸ο.
1509 2156 1605 2213 llis
1632 2174 1734 2230 ego
1756 2161 2122 2221 miserabilior

533 2244 678 2286 sum.
720 2233 829 2290 Nec
860 2238 1004 2291 enim
1037 2241 1116 2295 uti
1153 2243 1230 2298 illi
1264 2245 1459 2303 habeo.
1493 2248 1627 2305 Nam
1662 2269 1767 2309 non
1798 2256 1973 2314 habeo
1998 2276 2122 2330 pro-

531 2337 732 2392 pensas
770 2328 1058 2400 lacrymas,
1094 2350 1200 2389 non
1242 2351 1425 2394 veram
1462 2344 1889 2417 confessionem,
1922 2369 2027 2407 non
2059 2363 2119 2410 ut

531 2430 599 2471 ex
629 2418 792 2475 corde
821 2423 1055 2492 gemitus
1086 2428 1430 2500 profundam,
1487 2450 1593 2490 non
1642 2438 1915 2497 sincerum
1957 2444 2117 2514 jeju-

530 2505 704 2573 nium,
739 2525 847 2566 non
878 2525 1245 2584 paupertatem
1300 2523 1548 2592 spiritus,
1586 2542 1691 2584 non
1736 2532 2013 2588 assiduam
2048 2551 2115 2592 ac

527 2596 795 2655 intentam
844 2608 1172 2676 orationem,
1223 2627 1333 2667 non
1370 2618 1584 2673 servavi
1649 2620 1995 2679 dilectionem
2044 2628 2112 2683 ad

526 2691 863 2761 proximum,
894 2711 1000 2752 non
1029 2699 1202 2757 habeo
1230 2717 1325 2759 cor
1349 2707 1638 2777 miserans,
1673 2723 1731 2768 ut
1758 2730 1973 2771 merear
1996 2717 2113 2788 ipse

527 2786 955 2857 miserationem,
979 2808 1085 2849 non
1111 2795 1283 2852 habeo
1312 2805 1808 2875 compunctionem,
1838 2820 1895 2864 ut
1925 2810 2108 2868 indul-

525 2880 761 2946 gentiam
802 2896 1130 2955 consequar,
1165 2903 1271 2944 non
1302 2893 1659 2952 sobrietatem
1693 2911 1786 2956 aut
1813 2904 2109 2972 puritatem

524 2972 938 3041 cegitationum.
972 2976 1085 3045 Qua
1112 2979 1227 3048 jam
1260 2982 1457 3052 fronte,
1495 3005 1602 3060 qua
1638 2991 1851 3049 licentia
1894 2998 2106 3056 veniam

522 3064 846 3131 postulatio?
873 3066 1228 3141 Frequenter,
1265 3076 1515 3146 Domine,
1543 3092 1794 3141 acturum
1825 3104 1911 3145 me
1938 3094 2108 3159 paeni-

525 3156 747 3213 tentiam
779 3162 1050 3230 pollicitus
1078 3182 1221 3233 sum,
1254 3171 1348 3225 sed
1378 3172 1536 3229 iidem
1581 3176 1673 3232 tibi
1702 3179 1880 3236 datam
1916 3156 2101 3242 fefelli.

521 3247 681 3320 Saepe
712 3250 767 3306 in
791 3253 1022 3311 ecclesia
1048 3273 1230 3314 coram
1254 3270 1305 3318 te
1324 3266 1569 3332 procido,
1596 3285 1831 3342 moxque
1856 3290 2106 3343 egressus

520 3341 576 3396 in
604 3343 809 3400 scelera
838 3346 1035 3404 incido.
1058 3350 1264 3423 Saepius
1286 3357 1391 3412 mei
1419 3359 1676 3418 misertus
1698 3380 1777 3431 es,
1801 3381 1901 3436 ego
1928 3381 2106 3425 autem

1774 389 1834 449 S.
1869 391 2269 458 ANASTASII
2312 401 2639 466 ΞΙΝΑΙΤίΕ

3693 422 3824 492 1120

2168 514 2396 573 Δούδὲν
2443 517 2595 572 ἔσται
2633 521 2663 573 ὃ
2710 538 2778 591 με
2826 524 3042 594 ποιήσει
3089 526 3402 597 διαφυγεῖν.
3451 531 3611 586 Ἀλλὰ
3665 540 3825 593 ποιῶν

2254 629 2345 681 μοι
2372 615 2462 666 τδν
2496 615 2741 686 ἔλεγχον,
2768 618 3036 688 Δέσποτα,
3078 640 3097 674 ι
3137 623 3224 695 Μὴ
3256 624 3338 696 τῷ
3368 626 3529 698 θυμῷ
3560 646 3654 683 σου
3686 634 3823 703 ἐλέγ.

2251 703 2349 778 ξῃς
2379 724 2466 775 με.
2506 729 2524 761 ι
2575 709 2747 764 Τοῦτο
2776 712 3027 784 κερδήσω
3071 718 3227 787 παρὰ
3258 717 3353 771 σοῦ
3392 720 3488 773 τοῦ
3530 722 3694 791 μόνου
3741 744 3820 795 φι-

2248 796 2591 870 λανθρώπου.
2644 798 2808 868 Οἶδας
2859 806 3022 871 αὐτὸς
3081 809 3257 862 πάντα
3308 827 3411 881 μου
3457 814 3527 866 τά
3579 815 3820 885 κρύφια,

2248 891 2387 962 ὑπὲρ
2421 885 2497 946 ὧν
2537 895 2631 948 καὶ
2668 896 2894 967 δέομαι,
2949 900 3024 969 μὴ
3053 900 3520 974 δημοσιευθῆναι,
3563 906 3698 977 μηδὲ
3725 926 3822 978 φα-

2245 983 2552 1054 νερωθῆναι
2592 988 2736 1041 αὐτὰ
2790 989 3023 1044 ἐνώπιον
3068 994 3319 1063 ἀγγέλων
3366 997 3464 1052 καὶ
3490 999 3819 1072 ἀνθρώπων,

2244 1075 2327 1138 είς
2357 1076 2623 1149 αἰσχύνην
2651 1082 2747 1135 καὶ
2776 1082 2981 1147 ὄνειδος
3017 1084 3259 1142 αἰώνιον.

2318 1280 2336 1310 ι
2367 1259 2564 1332 Κύριε,
2594 1261 2668 1332 μὴ
2695 1261 2774 1332 τῷ
2806 1262 2964 1333 θυμῷ
2997 1280 3090 1317 σου
3115 1263 3343 1337 ἐλέγξῃς
3375 1283 3464 1337 με.
3502 1286 3522 1320 ι
3551 1269 3616 1322 Εί
3652 1269 3819 1342 φθαρ-

2240 1352 2335 1406 τοῦ
2365 1352 2634 1423 βασιλέως
2665 1354 2841 1418 οὐδεὶς
2866 1354 3092 1409 δύναται
3128 1356 3301 1428 θυμὸν
3336 1361 3607 1429 ἐνεγκεῖν,
3644 1363 3818 1435 πολλῷ

2239 1445 2443 1514 μᾶλλον
2481 1445 2618 1499 Θεοῦ
2655 1446 2826 1516 θυμὸν
2854 1446 2953 1517 οὐχ
2990 1447 3291 1520 ὑποστῆναι
3326 1450 3622 1522 δυνήσεται
3671 1458 3816 1509 πᾶσα

2239 1537 2439 1601 κτίσις.
2498 1556 2517 1590 ι
2570 1539 2725 1609 Μηδὲ
2754 1541 2820 1609 τῇ
2852 1538 2992 1610 ὀργῇ
3037 1556 3131 1594 σου
3177 1542 3478 1616 παιδεύσῃς
3508 1562 3595 1616 με.
3658 1565 3679 1599 ›
3709 1549 3814 1603 Οὐκ

2237 1631 2375 1697 ἀξιῶ
2412 1633 2488 1703 μὴ
2520 1633 2878 1703 παιδευθῆναι
2903 1652 2916 1665 ·
2958 1632 3110 1700 ἄξιος
3151 1636 3262 1708 γάρ
3292 1637 3405 1707 ἐγὼ
3435 1639 3622 1711 πάσης
3669 1643 3815 1697 κολά-

2238 1738 2377 1786 σεως
2414 1722 2510 1775 καὶ
2551 1724 2858 1794 τιμωρίαςο
2893 1724 3032 1779 ἀλλὰ
3060 1725 3356 1793 παιδεύων,
3399 1747 3416 1781 ι
3461 1728 3537 1801 μὴ
3580 1734 3652 1802 τῇ
3683 1730 3810 1804 ὀργῇ

2237 1831 2331 1867 σου
2394 1814 2696 1887 παιδεύσῃς
2749 1834 2837 1887 με.
2914 1835 2932 1867 ι
2994 1813 3123 1871 Οἶδα
3187 1818 3391 1891 λῃστὴν
3444 1822 3812 1893 αἰτησάμενον

2233 1907 2394 1976 μόνον
2415 1946 2429 1970 ,
2463 1909 2558 1961 καὶ
2588 1908 2823 1962 λαϐόντα
2854 1908 3059 1973 εὐθέως
3085 1911 3418 1982 παραδείσου
3446 1912 3545 1984 τὴν
3580 1914 3809 1970 εἴσοδον.

2227 1995 2360 2053 Οἶδα
2388 2000 2595 2071 πόρνην
2638 2003 2779 2073 μετὰ
2805 2003 3058 2074 δακρύων
3087 2003 3498 2072 προσελθοῦσαν
3524 2044 3539 2068 ,
3578 2006 3679 2059 καὶ
3714 2006 3809 2077 τῆς

2226 2092 2631 2163 συγχωρήσεως
2686 2092 2761 2164 μὴ
2811 2092 3215 2165 ἀποτυχοῦσα-θ.
3265 2090 3398 2150 Οἶδα
3443 2095 3707 2168 Τελώνην
3748 2101 3807 2153 ἐκ

2224 2182 2427 2254 βάθους
2478 2184 2841 2252 στενάξαντα,
2882 2187 2980 2239 καὶ
3016 2187 3403 2243 δικαιωθέντα.
3434 2190 3664 2243 Τούτων
3703 2192 3807 2259 ἐγὼ

2221 2277 2573 2350 ἀθλιώτερος.
2611 2277 2686 2331 Οὐ
2713 2278 2825 2349 γάρ
2861 2279 2977 2349 εἰμι
2999 2279 3076 2343 ὼς
3112 2280 3267 2334 αὐτοί
3289 2298 3303 2312 ·
3333 2281 3397 2334 οὐ
3431 2280 3541 2353 γὰρ
3567 2282 3682 2352 ἔχω
3717 2283 3805 2336 δά-

2219 2385 2389 2440 κρυον
2438 2368 2692 2434 ἐκτενὲς,
2739 2368 2842 2423 οὐκ
2886 2369 2999 2441 ἔχω
3044 2369 3440 2443 ἐξομολόγησιν
3489 2374 3708 2444 άληθῆο
3745 2376 3802 2429 ού

2218 2464 2495 2533 κέκτημαι
2545 2463 2851 2533 στεναγμὸν
2886 2466 2952 2517 ὲκ
2989 2465 3241 2535 καρδίας,
3275 2467 3379 2520 οὐκ
3401 2466 3509 2537 ἔχω
3539 2470 3803 2539 νηστείαν

2217 2556 2524 2628 εἰλικρινῆ,
2555 2556 2656 2610 οὐκ
2679 2555 2788 2626 ἔχω
2814 2556 3095 2628 πτωχείαν
3131 2560 3533 2632 πνευματικὴν,
3568 2562 3673 2615 οὐκ
3698 2561 3802 2632 ἔχω

2213 2648 2438 2721 διηνεκῆ
2477 2649 2789 2720 προσευχὴν
2813 2691 2828 2713 ,
2883 2651 3106 2722 ἀγάπην
3145 2652 3284 2724 πρὸς
3312 2653 3405 2707 τὸν
3439 2654 3676 2724 πλησίον
3705 2656 3800 2709 οὐκ

2214 2740 2495 2810 ἐφύλαξα,
2571 2741 2916 2814 συμπάθειαν
2974 2745 3075 2798 οὐκ
3136 2744 3247 2815 ἔχω
3301 2746 3391 2800 ἵνα
3448 2746 3797 2817 συμπαθείας

2213 2835 2431 2900 agmen
2456 2872 2471 2898 ,
2516 2833 2812 2901 κατάνυξιν
2843 2835 2945 2889 οὐκ
2974 2835 3112 2906 ἔχω,
3155 2838 3242 2891 ἴνα
3274 2838 3650 2910 συγχωρηθῶ,
3696 2856 3798 2892 σω·

2213 2928 2489 2998 φροσύνην
2515 2928 2617 2980 οὐκ
2646 2926 2758 2997 ἐχω
2789 2927 2909 2981 οὐδὲ
2936 2929 3291 3001 καθαρότητα
3320 2930 3625 3003 λογισμῶν.
3652 2932 3796 3003 Ποίῳ

2211 3019 2402 3073 λοιπὸν
2436 3018 2747 3090 προσώπῳ,
2786 3021 2919 3091 ποίᾳ
2959 3023 3249 3094 παρρησίᾳ.
3272 3024 3480 3095 αίτήσω
3507 3024 3797 3097 συγχὼριν-

2212 3127 2332 3176 σιν;
2373 3111 2645 3172 Πολλάκις
2676 3129 2796 3177 σοι,
2842 3112 3117 3177 Δέσποτα,
3159 3118 3445 3186 μετανοεῖν
3486 3117 3791 3184 συνεταξά-

2217 3220 2346 3274 μην,
2397 3202 2492 3256 καὶ
2525 3201 2766 3273 ψεύστης
2790 3204 2887 3276 τῆς
2920 3205 3283 3278 ύποσχήσεως
3320 3208 3616 3278 ἐγενόμην.
3658 3209 3794 3262 Πολ-

2211 3294 2369 3358 λάκις
2425 3297 2483 3348 ἐν
2540 3295 2813 3367 ἐκκλησίᾳ
2874 3314 2959 3351 σοι
3008 3299 3373 3368 προσπίπτω,
3429 3300 3526 3353 καὶ
3586 3299 3791 3364 εὐθέως

2208 3386 2568 3458 ἐξερχόμενος
2625 3388 2684 3439 ἐν
2737 3387 2995 3458 ἁνομίαις
3045 3391 3326 3460 ἐμπίπτω.
3394 3390 3672 3456 Πολλάκις
3725 3409 3792 3463 με

518 3436 700 3505 sprevi
742 3448 816 3494 te.
868 3439 1025 3512 Saepe
1071 3444 1308 3503 tolerans
1336 3449 1391 3504 in
1426 3466 1511 3505 me
1556 3453 1728 3523 fuisti,
1784 3470 2110 3529 exspectans

2739 3436 3120 3550 *σενιηθνέζησαῗ
3171 3480 3439 3546 πολλάκις
3474 3436 3789 3554 ἐμακροθᾙζ

520 3529 895 3596 pmnitentiam
935 3551 1132 3605 meam,
1186 3555 1288 3611 ego
1338 3554 1519 3601 autem
1569 3550 1943 3618 patnilentiam
1992 3570 2105 3612 non

514 3620 624 3691 egi.
651 3621 805 3693 Swpe
834 3641 919 3680 me
942 3630 1188 3697 erexisti,
1211 3633 1434 3707 ipseque
1459 3654 1649 3695 rursus
1673 3656 1770 3711 per
1792 3646 2098 3703 socordiam

514 3714 750 3769 concidi.
781 3715 1005 3782 Quoties
1037 3738 1122 3777 me
1154 3728 1449 3796 exaudisti,
1496 3745 1708 3803 egoque
1741 3735 1835 3791 tibi
1880 3739 2101 3794 auscul-

516 3813 633 3860 tare
658 3805 838 3862 nolui?
858 3808 1081 3875 Quoties
1108 3816 1237 3870 mihi
1264 3819 1476 3874 veniam
1501 3823 1737 3881 tribuisti
1759 3842 1775 3892 ;
1797 3843 1898 3898 ego
1920 3839 2098 3885 autem

514 3896 609 3950 tibi
635 3914 911 3968 nunquam
936 3906 1177 3961 servivi?
1198 3908 1423 3973 Quoties
1456 3928 1772 3982 peccantem
1804 3936 1892 3974 me
1926 3922 2100 3975 haud-

509 4005 786 4061 quaquam
831 4007 1118 4054 aversatus
1154 4002 1251 4055 es?
1303 4005 1407 4059 Sed
1448 4016 1705 4078 tanquam
1748 4023 1907 4080 pater
1935 4014 2095 4071 ulnas

507 4086 825 4151 cxpandens
868 4106 883 4144 :
918 4089 1284 4163 Convertere,
1330 4096 1549 4167 inquis,
1584 4116 1653 4157 ne
1685 4104 1902 4161 timeas.
1947 4106 2095 4163 Ceci-

505 4175 678 4230 disti?
722 4177 969 4250 Erigere.
1019 4182 1254 4255 Fugiens
1300 4192 1493 4260 procul
1540 4196 1858 4251 recessisti?
1889 4198 2090 4256 lterum

506 4268 647 4326 redi.
680 4270 797 4326 Non
835 4284 886 4330 te
911 4292 1174 4333 eversor:
1204 4296 1311 4336 non
1348 4298 1606 4341 exsecror
1641 4304 1823 4345 meum
1858 4291 2091 4363 figmen~

503 4370 643 4420 tum.
689 4363 815 4421 ‘Non
866 4369 1059 4425 claudo
1127 4372 1337 4430 viscera
1381 4377 1450 4432 ad
1494 4395 1674 4438 meum
1725 4374 1918 4440 lilium.
1971 4386 2087 4443 Non

502 4454 649 4509 enim
703 4472 922 4526 possum
966 4477 1091 4517 eum
1140 4468 1341 4535 odisse,
1397 4486 1563 4543 quem
1607 4476 1743 4530 meis
1785 4476 1901 4545 ipse
1955 4479 2084 4535 tinxi

2208 3588 2392 3642 μησας
2421 3573 2502 3635 εἰς
2545 3572 2644 3643 ἐμὲ
2681 3573 2997 3643 περιμένων
3031 3591 3132 3645 μου
3170 3574 3270 3647 τὴν
3306 3575 3623 3646 μετάνοιαν,
3672 3576 3787 3633 ἀλλ’

2203 3662 2316 3733 ἐγὼ
2361 3663 2423 3717 ού
2482 3664 2810 3735 μετενόησα.
2857 3664 3130 3729 Πολλάκις
3182 3684 3255 3737 με
3302 3668 3652 3739 ἀνέστησας,
3693 3669 3786 3723 καὶ

2204 3755 2370 3811 πάλιν
2433 3756 2543 3826 ἐγὼ
2599 3759 2928 3830 ρᾳθυμησας
2992 3759 3318 3815 κατέπεσον.
3376 3762 3629 3825 Ποσάκις
3681 3780 3785 3833 μου

2198 3849 2528 3920 εἰσήκουσας
2551 3890 2566 3916 ,
2613 3851 2725 3918 ἐγὼ
2762 3850 2823 3904 δέ
2864 3868 2963 3907 σου
3001 3853 3327 3924 παρήκουσα
3343 3871 3365 3920 ;-
3392 3854 3637 3919 Ποσάκις
3694 3872 3783 3927 μοι

2201 3942 2502 4011 συνέγνωςο
2539 3942 2650 4011 ἐγὼ
2684 3944 2742 3997 δέ
2776 3962 2863 3998 σοι
2905 3944 3164 3999 οὐδέποτε
3198 3946 3585 4018 ἐθεράπευσα;
3608 3949 3783 4003 Ποσά-

2196 4055 2286 4099 κις
2318 4054 2386 4108 με
2424 4038 2816 4109 ἁμαρτάνοντα
2845 4038 2944 4091 οὐκ
2971 4039 3335 4110 ἀπεστράφης
3359 4081 3373 4106 ,
3409 4039 3528 4094 ἀλλ’
3565 4040 3646 4105 ὡς
3670 4057 3777 4094 πα-

2195 4131 2300 4202 τὴρ
2316 4131 2418 4194 τὰς
2445 4130 2701 4200 ἀγκάλας
2741 4131 3110 4202 εφαπλὼσαςς
3155 4134 3588 4207 Ἐπιστράφηθι,
3620 4132 3777 4205 ἔφης,

2198 4222 2273 4292 μὴ
2309 4220 2500 4290 φοϐοῦ.
2526 4223 2798 4290 Ἕπεσες;
2831 4224 3018 4295 Στῆοι.
3051 4225 3279 4294 Φεύγων
3304 4226 3772 4297 ἁπεμακρύνθης,

2193 4314 2359 4369 πάλιν
2383 4314 2529 4369 ἐλθέ.
2557 4315 2671 4370 Οὐκ
2700 4316 3126 4388 ἀποστρέφομαί
3154 4335 3236 4379 σε,
3272 4319 3375 4374 οὐκ
3406 4320 3680 4385 ὀνειδίζω,
3712 4320 3771 4374 ού

2192 4406 2556 4479 βδελύσσομαι
2588 4409 2650 4461 τὸ
2690 4409 2824 4480 ἐμὸν
2855 4410 3108 4480 πλάσμα,
3149 4412 3214 4465 οὐ
3246 4411 3415 4468 κλείω
3446 4414 3518 4468 τὰ
3560 4413 3797 4501 σπλάγχ

2191 4519 2295 4572 χνα
2325 4500 2460 4572 πρὸς
2486 4501 2549 4556 τὸ
2580 4501 2712 4572 ἐμὸν
2739 4501 2964 4568 τέκνον,
3005 4504 3067 4558 οὐ
3101 4504 3212 4577 γὰρ
3240 4504 3483 4575 δύναμαι
3520 4511 3767 4577 μισῆσαι,

505 4548 800 4617 "mnibus;
851 4569 947 4623 pro
990 4571 1101 4627 quo
1132 4564 1403 4633 meipsum
1453 4565 1773 4633 humiliavi;
1827 4586 1927 4639 pro
1970 4587 2081 4642 quo

505 4638 664 4671 an..."
713 4644 1027 4671 humani“-..
1077 4666 1250 4671 _._-__A_
1326 4656 1377 4671 ι-

2212 4548 2294 4572 ,η-
2331 4548 2458 4572 "r"
2497 4548 2548 4556 ’ν
2580 4548 2706 4572 ἰ’-*⁷
2751 4548 2964 4568 ’-”*’*’ν
3008 4548 3065 4558 *-
3113 4548 3210 4577 ι”Γ
3242 4548 3483 4575 ""‘t""‘"
3520 4548 3767 4577 r'"'t"""

2212 4613 2247 4647 ιν
2280 4596 2400 4655 ταῖς
2428 4592 2586 4665 χερσὶ
2624 4595 2747 4658 ταῖς
2786 4596 2951 4665 ἐμαῖς
2981 4595 3286 4653 διέπλασα⁶
3318 4598 3461 4669 ὑπὲρ
3491 4594 3553 4653 οὗ
3596 4602 3768 4671 ἐμαυ-

502 4638 666 4696 etiudi
712 4644 1036 4715 sanguinem
1077 4666 1279 4708 meum.
1313 4656 1384 4710 At
1419 4671 1518 4726 ego
1544 4638 1847 4729 aggravans
1871 4678 2083 4735 aurem,

501 4750 607 4790 non
630 4735 850 4794 adhibui
885 4741 1150 4811 animum,
1185 4762 1286 4803 nec
1308 4764 1430 4804 sum
1448 4765 1769 4811 conversus.
1792 4753 2083 4828 Tanquam

499 4843 633 4897 ergo
661 4831 748 4885 cui
774 4845 999 4904 cognata
1035 4837 1107 4892 sit
1129 4838 1433 4899 clementiae
1458 4861 1524 4902 ac
1544 4846 1902 4920 benignitatis
1924 4853 2084 4928 abys-

498 4938 617 4989 sus,
652 4939 716 4980 ac
747 4924 1182 4998 longanimitatis
1225 4933 1471 5006 pelagus,
1509 4956 1529 4990 ι
1561 4956 1631 4996 ne
1678 4940 1732 4997 in
1766 4942 1952 5003 furore
1991 4924 2080 5003 tuo

2188 4685 2280 4740 τὸν
2321 4685 2709 4739 ἐταπείνωσα’
2755 4687 2899 4757 ὑπὲρ
2950 4683 3011 4742 οὗ
3060 4688 3124 4742 τὸ
3178 4689 3312 4761 ἐμὸν
3357 4689 3558 4762 ἐξὲχεα
3605 4688 3762 4763 αἷμα.

2200 4776 2342 4845 Ἐγὼ
2373 4777 2430 4831 δὲ
2476 4777 2578 4848 τὴν
2618 4780 2791 4850 ἀκοὴν
2842 4780 3107 4851 βαρύνας,
3141 4782 3206 4835 ού
3251 4785 3595 4856 προσέσχον,
3644 4786 3765 4840 οὐδὲ

2185 4868 2561 4940 ἐπεστράφην.
2606 4870 2695 4934 Ὧς
2736 4869 2978 4942 ἔμφυτον
3008 4868 3102 4928 οὖν
3146 4871 3288 4943 ἔχων
3316 4876 3417 4946 τῆς
3452 4876 3763 4948 φιλανθρω-

2185 4959 2314 5023 πίας
2342 4961 2442 5032 τὴν
2478 4960 2753 5028 ἄϐυσσον,
2807 4964 2901 5016 καὶ
2938 4965 3040 5036 τῆς
3076 4965 3468 5040 μακροθυμίας
3501 4968 3565 5022 τὸ
3594 4969 3759 5023 πέλα-ν

499 5032 700 5087 arguas
747 5034 856 5083 me,
907 5036 1084 5093 neque
1115 5025 1168 5079 in
1201 5026 1281 5081 ira
1315 5039 1407 5084 tua
1434 5033 1704 5102 corripias
1735 5053 1823 5093 me
1859 5057 1874 5093 :
1924 5059 1945 5093 ι
1980 5044 2075 5099 sed

499 5108 673 5133 ηιμ..-
720 5109 1035 5133 I-__-_2..-!_
1084 5131 1093 5133 _
1176 5119 1208 5133 ,ο
1450 5121 1494 5133 ιν
1594 5126 1604 5133 .

2212 5070 2310 5118 ος,
2350 5073 2368 5105 ι
2397 5025 2499 5125 ’Μή
2535 5071 2604 5125 με
2634 5054 2714 5127 τῷ
2739 5025 2913 5128 ⁷θυμῷ
2937 5025 3034 5112 σου
3058 5025 3286 5131 ἐλέγξῃς
3310 5025 3496 5132 ..μηδὲ
3527 5066 3599 5133 τῇ
3622 5065 3753 5133 ὀργῇ

495 5108 675 5168 adhuc
720 5109 1045 5180 longanimis
1075 5119 1286 5175 sustine
1314 5137 1419 5177 me.
1449 5121 1531 5180 Ne
1558 5126 1670 5183 cito
1697 5139 1824 5184 ante
1862 5134 2076 5191 confes-

495 5200 730 5268 sionem,
781 5217 1048 5262 accusans
1091 5225 1198 5265 non
1262 5212 1408 5271 ferre
1450 5214 1711 5286 fructum,
1753 5224 2073 5281 excideris:

2170 5162 2267 5198 σου
2295 5145 2619 5219 παιδεύσῃς.
2669 5167 2692 5201 ι
2731 5147 2873 5203 Ἀλλ’
2902 5150 2982 5203 ἔτι
3020 5153 3459 5225 μακροθύμησον
3490 5156 3582 5210 ἐπ’
3610 5156 3749 5226 ἐμοί.

2176 5236 2262 5309 Μὴ
2297 5238 2545 5313 σπεύσῃς
2598 5241 2700 5312 τῆς
2732 5241 2878 5315 ζωῆς
2911 5244 3017 5315 πρὸ
3061 5246 3258 5318 καιροῦ
3310 5249 3599 5320 ἐκθερίσαι
3647 5268 3712 5323 με
3735 5271 3748 5283 ·

491 5292 587 5349 sed
619 5302 880 5366 tanquam
912 5298 1087 5358 bonus
1116 5320 1180 5360 ac
1210 5305 1470 5373 clemens,
1507 5311 1654 5369 hunc
1682 5330 1901 5386 quoque
1930 5320 2065 5377 mihi

495 5401 694 5412 ...ιι-ιιι...
725 5389 788 5412 -1
817 5393 1010 5412 _-A_.!._
1062 5395 1095 5412 ,ο
1248 5401 1258 5412 ι
1365 5402 1378 5412 .
1499 5402 1542 5412 ι.
1789 5408 1815 5412 .-

2212 5292 2262 5400 νὴ.
2288 5292 2790 5403 σπεύσηςνέκκόψάι
2829 5292 2896 5405 με
2927 5292 3033 5407 turpe
3072 5292 3518 5412 sio;o).oyﬁaa:og
3542 5381 3558 5406 ,
3592 5292 3751 5411 ἐγκα-

494 5401 696 5443 annum
723 5389 790 5445 ad
817 5393 1191 5462 pmnitentiam
1246 5401 1466 5471 largire.
1496 5402 1693 5482 Nevme
1734 5408 1913 5466 adhuc
1960 5413 2066 5468 itu-

489 5487 739 5547 paratum
768 5483 1027 5555 abripias,
1049 5503 1113 5545 ac
1141 5505 1264 5545 cum
1297 5494 1533 5551 necdum
1561 5498 1824 5556 virtutum
1862 5502 2067 5575 lampa-

2176 5423 2287 5476 λῶν
2337 5441 2430 5495 μοι
2479 5425 2539 5479 τὸ
2566 5426 2817 5499 ἄκαρπον
2845 5444 2858 5458 ·
2906 5428 3023 5483 ἀλλ’
3068 5429 3145 5495 ὡς
3188 5432 3396 5502 ἀγαθὸς
3436 5437 3533 5489 καὶ
3564 5437 3748 5507 φιλάν-

2180 5514 2418 5585 θρωπος,
2474 5517 2702 5589 χάρισαί
2751 5538 2845 5593 μοι
2890 5522 3028 5593 πρὸς
3060 5524 3353 5595 μετάνοιαν
3384 5526 3663 5583 καὶτοῦτο
3690 5529 3748 5582 τὸ

489 5572 614 5627 dem
646 5581 973 5646 acceperim,
1007 5590 1101 5635 aut
1133 5582 1333 5651 oleum,
1383 5602 1493 5658 quo
1541 5589 1726 5648 lumen
1774 5598 2072 5668 nutriatur,

490 5669 906 5693 ιι-ηη-ιηι-η-.-η-ζ...
975 5670 1046 5693 Μ-
1084 5689 1129 5693 __
1146 5689 1163 5693 _
1257 5691 1270 5693 _
1292 5691 1302 5693 Α
1322 5692 1331 5693 κ
1446 5679 1459 5691 ο
1568 5683 1581 5693 .
1674 5684 1685 5693 .

2212 5572 2306 5670 ξος.
2475 5572 2854 5685 άρπάσῃςγμε
2885 5572 3175 5687 άύέτοῖμον
3217 5618 3297 5672 ἔτι
3326 5619 3479 5685 ὄντα,
3508 5622 3605 5676 καὶ
3647 5622 3747 5693 τὴν

490 5669 931 5736 praeparaverim.
973 5670 1048 5726 Ne
1083 5689 1170 5729 me
1212 5679 1492 5749 acceperis
1546 5683 1869 5745 destitutum
1922 5704 2070 5749 veste

2212 5669 2277 5750 ὒν
2298 5669 2808 5774 ἀρετῶπίλαμπάδά
2843 5710 3010 5780 μήπω
3040 5669 3296 5775 λαϐόντα.
3331 5669 3736 5791 magum»;-

558 5836 608 5874 "
642 5838 774 5899 Luc.
808 5858 963 5905 mu.
998 5844 1083 5902 1-5.
1162 5851 1207 5881 "
1240 5850 1372 5908 Luc.
1406 5859 1615 5922 "1,57.

1695 5864 1738 5893 ⁸⁰
1768 5862 1899 5923 Luc.
1936 5882 2087 5935 sun,
2121 5871 2201 5931 10.
