4080 6524
215 307 351 372 ιιέι

209 512 315 586 (In;
347 530 416 583 με
453 514 635 584 γάμου
665 515 741 587 μὴ
773 514 965 586 ἔχοντα
990 517 1217 591 ἔνδυμα,
1254 520 1389 593 μηδὲ
1421 524 1560 596 πρὸς
1594 543 1807 597 καρπο-

211 607 415 679 φορίαν
446 612 844 681 προσενεγκεῖν
879 612 963 666 σοί
993 629 1046 667 τι
1076 612 1270 685 ἔχοντα
1294 633 1310 646 ·
1340 617 1478 672 ἀλλά
1501 621 1809 691 φιλανθρωι

112 783 117 789 ι
211 700 487 771 πεύθητι,
544 704 681 758 ἀλλά
714 708 815 777 τῆς
860 708 1236 778 χρηστότητος
1286 728 1381 767 σου
1428 713 1522 766 τὸν
1571 714 1807 771 πλούτου

209 794 513 862 ἐπίδειξον,
543 797 683 851 ἀλλά
709 799 1146 873 μακροθύμησον
1172 802 1254 857 ἐτι
1275 822 1384 875 ,μοι
1420 804 1461 869 ι,
1480 806 1560 878 τῷ
1586 806 1804 878 ἀμελεῖ,

206 886 292 958 τῷ
348 889 694 962 ἁμαρτωλῷ,
755 890 835 964 τῷ
885 892 1108 965 ἀσώτῳ,
1170 895 1293 970 [τῷ]
1363 898 1676 970 ἀγνώμονι,
1728 900 1807 971 τῷ

208 979 582 1053 ἀσπλάγχνιρ,
614 983 694 1055 τῷ
720 984 1088 1059 ταλαιπώρῳ,
1126 990 1205 1060 τῷ
1251 989 1461 1064 ἀναξίῳ
1490 992 1807 1066 φιλανθρω-

209 1066 378 1138 τὶίας,
405 1074 502 1128 καὶ
534 1076 717 1148 πάσης
742 1077 1017 1148 τιμωρίας
1044 1078 1207 1150 ἀξίῳ.

290 1185 308 1217 ι
360 1166 613 1240 Ἐλέησόν
647 1185 738 1238 με,
777 1168 972 1240 Κύριε,
1001 1171 1083 1225 ὃτι
1112 1172 1351 1245 ἀσθενής
1385 1176 1521 1245 εἰμι.
1563 1194 1581 1226 ι
1616 1174 1808 1232 Ἀσθε-

211 1262 296 1313 νεῖ
330 1277 432 1330 μου
463 1262 496 1331 ἡ
523 1260 743 1333 γνώμη,
777 1263 997 1319 ἀσθενεῖ
1021 1283 1123 1336 μου
1154 1266 1182 1319 ὸ
1211 1266 1495 1337 λογισμός.
1527 1269 1809 1338 Ἐξέλιπεν

212 1351 247 1416 ἡ
295 1350 409 1421 ζωή
446 1368 625 1422 μου.ι
678 1353 961 1420 Ἐξέλιπον
991 1357 1051 1411 ἐν
1104 1359 1430 1431 ματαιότητι
1487 1362 1546 1416 αί
1596 1364 1806 1436 ἡμέραι

212 1458 345 1511 μου,
385 1461 403 1493 ι
465 1443 559 1496 καὶ¹
602 1444 665 1498 τὸ
723 1446 878 1511 τέλος
918 1447 1160 1516 ἐγγίζον.
1228 1450 1371 1504 Ἀλλ’
1415 1451 1665 1508 ἔκτεινόν
1713 1473 1806 1525 μοι

210 1536 395 1605 χεῖρα,
421 1533 570 1606 βυθῷ
592 1539 977 1611 χειμαζομένῳ
996 1542 1073 1613 τῷ
1090 1543 1201 1596 τῶν
1224 1544 1531 1615 ἁμαρτιῶν.
1559 1547 1807 1616 Ἀνοιξον

210 1628 407 1698 κάμοὶ,
436 1629 706 1695 Δέσποτα,
739 1631 837 1703 τὴν
863 1632 1034 1706 θύραν
1063 1636 1159 1689 τοῦ
1192 1637 1376 1701 ἐλέους
1408 1654 1526 1693 σου.
1558 1639 1809 1705 ’Δνοιξον

212 1722 471 1791 κρούοντι
504 1723 764 1790 ἀναξίως,
802 1726 897 1781 καὶ
930 1727 1006 1799 μὴ
1046 1728 1268 1803 κλείσῃς
1312 1732 1485 1804 αὐτὴν
1513 1734 1610 1789 ἀπ’
1642 1734 1805 1806 ἐμοῦ.

1394 315 1678 378 ORATIO
1721 316 1800 379 1N
1841 319 2206 383 PSALMUM
2248 322 2349 385 VI.

213 421 471 489 μάσαντα
500 419 562 474 τὸ
609 419 791 475 ἔλαιον
812 464 825 483 ,
857 424 959 494 τὴν
996 426 1206 497 τροφὴν
1232 427 1327 482 τοῦ
1364 432 1563 499 φωτός.
1598 432 1690 503 Μὴ
1722 433 1810 487 λά-

1922 436 2169 506 nuptiali,
2203 452 2303 491 nec
2342 437 2632 495 habentem
2676 438 2884 496 fructus
2936 437 3141 509 aliquid
3186 441 3331 509 quod
3370 443 3505 497 otTe-
3596 480 3601 483 -

3283 373 3286 378 -
3364 324 3504 391 1122

1915 543 2057 594 ram,
2085 530 2179 584 sed
2211 531 2343 585 mihi
2377 541 2497 587 esto
2527 534 2770 590 clemens
2793 548 2857 589 ac
2888 533 3195 605 benignus;
3226 535 3320 589 sed
3352 536 3505 591 boni-

1917 621 2045 677 tatis
2075 630 2181 677 tuae
2216 622 2441 679 divitias
2468 623 2685 690 exhibe,
2719 625 2814 682 sed
2854 625 2907 680 in
2942 641 3030 682 me
3060 624 3387 697 longanimis
3409 643 3505 700 pa-

1918 714 2162 769 tientiam
2198 715 2505 783 habezme,
2533 717 2778 790 inquam,
2814 717 3102 783 incurium,
3134 728 3502 790 peccatorem,

1916 803 2280 872 luxuriosum,
2321 808 2614 874 ingratum,
2667 809 3182 877 inmisericordem,
3216 811 3504 874 miserum,

1918 898 2201 968 indignum
2230 900 2521 957 clementia
2552 917 2618 958 ac
2648 902 3012 975 benignitate,
3052 918 3323 975 poenaque
3353 904 3504 960 omni

1918 1005 1982 1046 ac
2014 991 2283 1063 supplicio
2305 993 2558 1067 dignum.

1995 1193 2014 1226 ι
2052 1173 2310 1232 Miserere
2338 1176 2468 1240 mei,
2497 1175 2748 1241 Domine,
2770 1176 3028 1247 quoniam
3048 1175 3301 1233 infirmus
3322 1191 3499 1232 suma

1916 1266 2133 1323 Infirma
2163 1276 2247 1323 est
2284 1283 2439 1324 mens
2475 1284 2594 1323 mea
2628 1286 2641 1322 ι
2674 1268 2892 1323 iniirma
2942 1268 3101 1324 ratio.
3154 1267 3361 1324 Deiecit
3394 1268 3504 1323 vita

1918 1373 2058 1414 mea.
2098 1377 2117 1412 ι
2152 1359 2476 1415 Defecerunt
2499 1360 2554 1415 in
2588 1361 2831 1415 vanitate
2854 1360 2972 1415 dies
3002 1359 3107 1415 mei
3131 1360 3199 1425 ἰ,
3227 1379 3246 1413 ι
3274 1359 3506 1429 ﬁnisque

1917 1468 2085 1525 prope
2111 1462 2217 1509 est.
2254 1452 2457 1509 Verum
2482 1454 2618 1509 mihi
2644 1469 2868 1509 manum
2896 1453 3131 1525 porrige,
3161 1456 3253 1523 qui
3287 1454 3339 1508 in
3372 1468 3506 1524 pec-

1916 1556 2163 1602 calorum
2201 1546 2474 1617 profundo
2510 1546 2687 1617 jacter
2710 1555 3059 1618 tempestate.
3095 1546 3223 1600 Mihi
3257 1530 3504 1616 quoque,

1916 1636 2169 1702 Domine,
2220 1638 2367 1707 aperi
2411 1637 2641 1706 januatn
2695 1647 2800 1693 tua:
2849 1636 3264 1693 misericordiae.
3317 1637 3503 1705 Aperi,

1916 1745 2230 1799 quanquam
2265 1731 2482 1802 indigne
2512 1730 2773 1801 pulsanti,
2809 1746 2909 1785 nec
2939 1746 3056 1784 eam
3090 1730 3222 1785 mihi
3252 1730 3506 1784 occluse-

224 1814 356 1869 Ἐὰν
380 1815 488 1887 γὰρ
508 1817 573 1871 σὺ
603 1817 847 1891 κλείσῃς,
874 1822 959 1885 τίς
991 1822 1230 1889 ἀνοίξεις
1276 1827 1403 1879 Ἐὰν
1434 1828 1499 1880 σὺ
1534 1826 1609 1899 μὴ
1639 1827 1811 1881 σπεύ-

1922 1823 2014 1879 ris.
2048 1822 2106 1879 Si
2138 1823 2284 1880 enim
2312 1834 2366 1879 tu
2399 1825 2686 1891 clauseris,
2710 1825 2834 1895 quis
2853 1838 2977 1881 eam
3011 1824 3228 1879 tandem
3258 1822 3504 1894 aperiet?

211 1925 353 1982 σῃς,
401 1913 488 1974 τίς
513 1911 705 1966 λοιπὸν
752 1911 1014 1985 βοηθήσει
1043 1931 1057 1977 ;
1086 1915 1261 1979 Δύτὸς
1290 1918 1367 1980 ὡς
1420 1919 1584 1987 φύσει
1616 1918 1809 1987 φιλάν-

212 2000 461 2073 θρωπος,
497 2002 587 2067 δὸς
633 2003 825 2077 καιρὸν
861 2006 1179 2076 μετανοίας,
1230 2008 1319 2070 δὸς
1357 2010 1700 2081 ἐπιστροφῆς
1732 2010 1813 2063 λι.-

211 2095 438 2165 γισμόν.
475 2096 617 2151 Ὀσα
647 2096 716 2151 ἂν
752 2096 867 2167 ἐγὼ
906 2100 1141 2171 ποιήσω,
1179 2100 1421 2155 ἀδύνατα
1445 2103 1544 2157 καὶ
1572 2104 1811 2157 εὐκατὰ-

212 2189 354 2242 λυτα
386 2187 667 2258 μένουσιν.
694 2190 791 2247 Εἰς
815 2191 918 2245 ὅσα
946 2192 1015 2247 ἂν
1043 2194 1407 2267 ἐπιχειρήσω,
1429 2196 1691 2266 ἄπρακτα
1718 2198 1812 2251 καὶ

213 2279 391 2350 ἀτελῆ
409 2281 671 2350 γίνονται.
703 2281 796 2355 Μὴ
821 2283 1159 2357 ἀναϐάλλῃς,
1190 2286 1460 2355 Δέσποτα,
1485 2288 1585 2359 τὴν
1616 2290 1810 2362 ἀκοὴν,

217 2373 362 2427 ἀλλὰ
394 2373 584 2439 σώζων
620 2376 681 2429 τὸ
724 2376 955 2449 πλάσμα
988 2396 1083 2432 σου
1120 2380 1463 2451 πρόφθασον.
1503 2383 1575 2437 Σὺ
1605 2378 1771 2447 εἶπας
1793 2424 1811 2451 ,

216 2466 305 2519 ὃτι
342 2486 360 2518 ι
396 2467 473 2520 Οὐ
507 2467 780 2523 ἀδύνασθε
806 2471 979 2541 χωρὶς
1012 2470 1147 2541 ἐμού
1184 2474 1363 2526 ποιεῖν
1396 2473 1574 2527 οὐδέν.
1602 2491 1621 2525 ι
1667 2475 1813 2546 ΙΙρὸ-

216 2557 359 2611 λαὸε
393 2562 460 2630 τῇ
509 2561 820 2634 ἐπιστροφῇ
868 2562 970 2631 τῆς
998 2563 1180 2633 ψυχῆς
1222 2581 1325 2634 μου
1364 2565 1465 2635 τῆς
1511 2566 1816 2638 παροδικῆς

218 2648 373 2719 ζωῆς
414 2648 506 2703 τὸν
546 2650 761 2722 χρόνον.
809 2650 946 2704 Ὑπὸ
992 2651 1095 2722 τῆς
1144 2653 1363 2722 φύσεως
1408 2653 1811 2728 τυραννοῦμαι,

219 2741 332 2795 ὑπὸ
360 2741 458 2814 τῆς
501 2744 683 2815 κακῆς
727 2746 1108 2819 προαιρέσεως
1163 2747 1530 2819 ἐκϐιάζομαι,
1565 2750 1672 2805 ὑπὸ
1716 2752 1816 2823 τῆς

221 2839 471 2909 πονηρᾶς
526 2840 919 2912 ἀναγκάζομαι
976 2841 1300 2913 συνηθείας*
1345 2843 1429 2899 διὸ
1487 2863 1506 2897 ι
1558 2844 1816 2916 Ἐλέησόν

224 2948 322 3001 με,
346 2931 429 2985 ὅτι
456 2931 693 3005 ἀσθενής
713 2935 851 3005 εἰμι.
889 2953 907 2986 ι
952 2934 1313 3006 Ἐκνευρίσας
1338 2938 1448 3007 γάρ
1472 2953 1542 3009 με
1564 2939 1592 2992 6
1621 2939 1817 3010 ἐχθρός

224 3042 369 3092 μου,
437 3025 639 3097 ἀσθενῆ
703 3026 799 3082 καὶ
856 3027 1335 3097 τεταπεινωμένον
1386 3028 1669 3100 ἐποίησεν.
1758 3031 1817 3085 Ὀ

1913 1912 2029 1971 Nisi
2065 1924 2121 1971 tu
2149 1915 2518 1985 festinaveris,
2551 1919 2675 1987 quis
2704 1918 2921 1971 denmm
2945 1918 3051 1972 erit
3075 1915 3313 1971 auxilio?
3340 1915 3504 1970 Plane

1915 2024 2095 2065 nemo.
2149 2007 2228 2063 Tu
2279 2010 2370 2079 qui
2408 2008 2551 2065 Deus
2602 2010 2845 2065 clemens
2893 2010 2972 2065 sis
3006 2025 3071 2064 ac
3102 2009 3399 2079 benignus,
3433 2010 3504 2065 da

1914 2098 2252 2169 paenitentiae
2280 2110 2495 2171 tempus
2520 2115 2536 2165 ;
2569 2101 2814 2155 concede
2844 2099 3223 2154 conversionis
3249 2099 3504 2170 proposi-

1917 2199 2053 2247 tum.
2107 2190 2463 2263 Quaecunque
2509 2192 2656 2247 enim
2707 2190 2907 2253 fecero,
2947 2190 3179 2245 invalida
3227 2198 3407 2255 erunt,
3448 2199 3506 2245 et

1916 2299 2037 2355 qua)
2064 2283 2224 2340 facile
2254 2294 2611 2340 evanescant.
2640 2282 2991 2352 Quaecunque
3023 2281 3175 2336 fuero
3197 2294 3503 2351 aggressus,

1916 2377 2389 2434 eruntineiIicacia
2410 2377 2833 2449 acimperfecta.
2858 2377 2955 2440 Ne,
2978 2373 3506 2441 Domine,esaudire

1917 2469 2162 2537 diﬂeras,
2199 2473 2294 2527 sed
2323 2472 2434 2526 cito
2459 2482 2610 2525 tuum
2635 2472 2954 2541 figmentum
2978 2469 3145 2523 salva.
3173 2466 3251 2521 Tu
3279 2467 3503 2524 dixisti:

1923 2584 1944 2617 ι
1992 2564 2124 2620 Sine
2154 2579 2241 2619 me
2277 2563 2413 2618 nihil
2448 2563 2679 2635 potestis
2709 2562 2890 2618 facere
2922 2561 2991 2617 ".
3032 2578 3051 2614 ›
3095 2560 3367 2615 l’raaverte
3401 2560 3506 2631 igio

1920 2666 2009 2713 tur
2038 2658 2401 2713 conversione
2446 2656 2643 2711 anima:
2689 2669 2859 2718 meae,
2912 2664 3126 2724 tempus
3176 2651 3507 2708 transitoria:

1917 2749 2044 2805 vitae
2071 2764 2226 2805 mea».
2258 2749 2389 2804 Mihi
2436 2760 2630 2803 natura
2660 2747 2767 2802 vim
2804 2744 2992 2810 infert,
3041 2744 3205 2800 infert
3239 2745 3378 2799 mala
3412 2760 3509 2799 vo-

1921 2844 2137 2907 luntas,
2199 2843 2367 2897 infert
2430 2857 2599 2914 prava
2654 2841 3016 2897 consuetudo.
3086 2838 3507 2908 Quamobrem:

1924 2955 1944 2990 ι
1988 2938 2245 2994 Miserere
2269 2940 2395 3003 mei,
2415 2937 2669 3007 quoniam
2705 2934 2954 2990 infirmus
2980 2949 3123 2988 sum.
3150 2951 3170 2987 ι
3203 2932 3285 2988 Me
3308 2930 3508 3002 quippe

1924 3032 2100 3086 hostis
2138 3045 2292 3085 mens
2324 3043 2620 3096 enervans,
2648 3026 2927 3082 intirmum
2963 3024 3093 3081 fecit
3117 3040 3182 3079 ac
3211 3023 3505 3092 abiectum.

222 3117 462 3189 ἀσθενὴς
496 3120 755 3174 ίάσασθαι
786 3120 849 3174 ού
893 3120 1122 3175 δύναται
1151 3121 1344 3173 ἑαυτόν
1364 3138 1377 3152 ·
1427 3124 1456 3176 6
1487 3139 1816 3194 συντετριμ-

1923 3124 2027 3190 Qui
2056 3132 2142 3179 est
2170 3124 2441 3187 infirmus,
2478 3121 2581 3177 sibi
2616 3121 2731 3190 ipse
2779 3120 2987 3176 mederi
3025 3134 3132 3172 non
3171 3126 3348 3187 potest
3376 3134 3390 3171 :
3415 3115 3512 3186 qui

225 3212 427 3279 μένος,
463 3211 734 3284 βοηθῆσαι
792 3213 975 3285 ἐαυτῷ
1022 3216 1081 3268 ἐν
1129 3215 1341 3285 ίσχύει·
1397 3215 1425 3267 6
1484 3213 1816 3281 πεπτωκὼς,

221 3305 327 3359 οὐκ
375 3306 667 3377 ἀνίστησιν
715 3306 931 3361 ἑαυτόν.
974 3325 991 3358 ι
1043 3306 1300 3378 Ἐλέησόν
1337 3324 1436 3377 με,
1475 3307 1685 3378 Κύριε,
1736 3308 1820 3362 ὃτι

221 3398 459 3470 ἀσθενής
487 3401 623 3470 εἰμι.
658 3418 677 3450 ι
727 3400 788 3453 Ὀ
816 3399 1063 3454 ἀσθενῶν
1089 3401 1152 3454 ού
1197 3400 1424 3455 δύναται
1449 3401 1818 3473 ἐργάσασθαι⁸

220 3494 251 3546 6
301 3493 533 3563 κάμνων
590 3494 775 3565 πάσης
842 3495 1129 3566 ἐνεργείας
1184 3495 1536 3567 ἀπείργεται.
1574 3515 1593 3548 ι
1637 3497 1819 3551 Ἴασαί

225 3601 322 3656 με,
361 3584 559 3656 Κύριε,
590 3588 673 3640 ὅτι
704 3586 980 3659 ἐταράχθη
1014 3588 1085 3642 τά
1112 3589 1249 3643 ὀστᾶ
1272 3606 1396 3658 μου.
1450 3608 1465 3638 ι
1511 3588 1819 3662 Ἐταράχθη

225 3679 323 3731 καὶ
356 3678 649 3751 συνετρίϐη
682 3696 786 3750 μου
819 3680 889 3735 τά
916 3680 1052 3733 ὀστᾶ
1081 3680 1183 3751 τῆς
1210 3682 1427 3752 ψυχῆςο
1458 3684 1486 3736 6
1507 3682 1564 3736 δέ
1594 3683 1664 3737 τά
1688 3684 1824 3739 ὀστᾶ

226 3769 372 3841 ἔχων
428 3770 892 3843 συντετριμμένα,
938 3771 1000 3826 οὐ
1046 3772 1274 3828 δύναται
1326 3774 1570 3839 ἀναστὰς
1628 3778 1823 3848 ἐπιζη-

224 3863 397 3933 τῆσαι
457 3864 671 3936 ἰατρόν·
725 3864 787 3917 οὐ
836 3864 1061 3919 δύναται
1103 3865 1357 3938 δραμεῖν,
1417 3870 1513 3923 καὶ
1555 3870 1821 3941 ρυσθῆναι

228 3956 343 4009 τῶν
382 3954 618 4028 ἐχθρῶν.
670 3957 897 4024 Λοιπὸν,
952 3977 971 4011 ι
1015 3959 1089 4013 Σὺ
1141 3960 1400 4031 ζήτησον,
1454 3962 1732 4027 Δέσποτα,
1796 3967 1824 4020 ὁ

231 4050 410 4106 ἐλθὼν
442 4052 674 4125 ζητῆσαι
709 4054 809 4109 καὶ
836 4053 1008 4110 σῶσαι
1054 4056 1116 4109 τὸ
1148 4056 1451 4123 ἀπολωλός.
1498 4079 1517 4110 ι
1556 4060 1629 4114 Σὺ
1660 4061 1822 4114 πάλιν

232 4144 357 4199 ἐλθὲ
406 4146 547 4217 πρὸς
597 4146 699 4216 ἐμὲ
731 4147 824 4202 τὸν
876 4150 1253 4219 περιπεσόντα
1300 4154 1552 4222 λῃσταῖς,
1586 4154 1680 4206 καὶ
1726 4154 1825 4224 οὐχ

232 4237 515 4310 ἡμιθανῆ,
568 4239 705 4294 ἀλλά
739 4241 934 4312 νεκρὸν
963 4242 1086 4296 ὅλον
1136 4248 1526 4314 πεποιηκόσιν.
1580 4265 1598 4299 ι
1643 4247 1825 4301 Ἴασαί

237 4348 328 4401 με,
370 4331 569 4405 Κύριε,
605 4333 701 4389 καὶ
734 4333 1052 4407 ίαθήσομαι.
1085 4355 1105 4389 ι
1145 4337 1328 4391 Ἵασαί
1362 4355 1454 4409 με,
1485 4339 1567 4392 ὅτι
1601 4341 1629 4393 6
1658 4358 1826 4413 πονη-

238 4425 331 4496 ρὸς
361 4424 509 4496 ὄφις,
538 4427 743 4501 ἀσθενῆ
775 4444 843 4499 με
873 4426 1149 4501 διέθηκεν.
1188 4429 1247 4483 ’0
1276 4430 1515 4502 ἀσθενὴς
1548 4432 1686 4495 ὅλως
1725 4432 1821 4505 ερ-

1923 3218 2199 3274 contritus
2221 3225 2326 3281 est,
2359 3230 2465 3271 non
2490 3215 2631 3270 valet
2652 3213 2757 3268 sibi
2787 3229 2943 3283 opem
2971 3212 3114 3268 ferre
3136 3236 3145 3265 :
3169 3212 3260 3281 qui
3288 3208 3509 3274 cecidit,

1923 3325 2033 3367 non
2067 3311 2183 3380 ipse
2213 3324 2271 3366 se
2314 3308 2480 3378 erigit
2516 3326 2531 3363 :
2567 3327 2585 3360 ι
2630 3306 2894 3362 Miserere
2927 3306 3055 3370 mei,
3091 3304 3343 3368 Domine,
3374 3318 3512 3373 quo-

1924 3402 2073 3456 niam
2105 3400 2357 3454 inflrmus
2392 3412 2537 3454 sum.
2578 3415 2598 3449 ι
2633 3396 2735 3462 Qui
2769 3404 2853 3450 est
2888 3394 3161 3458 inﬁrmus,
3200 3406 3309 3447 non
3333 3397 3512 3461 potest

1922 3493 2139 3563 operari
2176 3510 2189 3547 :
2223 3491 2315 3562 qui
2346 3505 2491 3562 aeger
2512 3501 2618 3554 εει,
2648 3490 2716 3543 ab
2744 3488 2891 3541 muni
2925 3485 3248 3558 prohibetur
3269 3484 3508 3539 actione.

1930 3606 1949 3639 ι
1992 3586 2135 3640 Sana
2189 3600 2295 3649 me,
2349 3582 2594 3645 Domine,
2648 3581 2905 3651 quoniam
2947 3578 3159 3632 turbata
3216 3586 3343 3631 sunt
3385 3589 3512 3631 ossa

1925 3694 2067 3735 mea.
2108 3697 2126 3729 ι
2168 3676 2404 3732 Turbata
2431 3685 2559 3731 sunt
2584 3691 2646 3729 ne
2675 3674 2913 3729 contrita
2943 3686 3077 3727 mea:
3111 3670 3308 3725 animai
3335 3683 3459 3724 ossa
3492 3687 3506 3723 :

1923 3770 2077 3841 atqui
2105 3770 2314 3825 habens
2336 3768 2570 3824 contrita
2605 3782 2752 3833 ossa,
2789 3780 2897 3820 non
2923 3774 3103 3833 potest
3130 3776 3363 3833 surgens
3391 3778 3508 3817 me-

1925 3861 2107 3916 dicum
2165 3873 2409 3929 quaerere
2444 3878 2456 3912 :
2494 3874 2602 3912 non
2663 3867 2840 3928 potest
2895 3869 3156 3919 currere,
3204 3868 3269 3909 ac
3321 3853 3511 3909 hostes

1925 3954 2184 4025 ell'ugere.
2219 3952 2373 4020 Quod
2401 3960 2674 4021 superest,
2706 3969 2724 4003 ι
2754 3952 2837 4005 Tu
2871 3965 2976 4015 me,
3004 3951 3253 4015 Domine,
3272 3966 3510 4020 quam»,

1924 4047 2017 4119 qui
2070 4044 2268 4099 venisti
2333 4058 2606 4113 qumrere,
2638 4056 2703 4097 ac
2753 4042 2964 4098 salvum
3011 4042 3192 4098 facere
3235 4042 3380 4110 quod
3416 4059 3512 4112 ιιι·-

1930 4142 2096 4195 rierat
2128 4139 2195 4193 ⁸³.
2230 4158 2249 4191 ι
2282 4137 2361 4192 Tu
2394 4137 2593 4191 iterum
2643 4135 2709 4190 ad
2742 4148 2828 4190 me
2865 4134 3096 4199 accede,
3137 4135 3227 4205 qui
3263 4135 3313 4189 in
3340 4134 3511 4190 latru-

1928 4250 2025 4290 ncs
2066 4231 2365 4302 inciderim.
2389 4230 2472 4297 ";
2506 4245 2534 4284 a
2565 4228 2785 4299 quibus,
2834 4244 2938 4283 non
2969 4228 3379 4293 semimortuus,
3415 4228 3513 4283 sed

1928 4339 2177 4385 mortuus
2208 4336 2358 4382 totus
2386 4325 2632 4381 redditus
2655 4321 2785 4378 sim.
2823 4339 2843 4373 ι
2876 4320 3020 4375 Sana
3046 4336 3152 4385 me,
3177 4319 3428 4383 Domine,
3459 4330 3515 4372 et
3614 4372 3619 4379 ,

1929 4424 2169 4477 sanahor
2201 4422 2271 4478 ".
2312 4438 2333 4473 ι
2370 4417 2513 4474 Sana
2551 4431 2658 4483 me,
2688 4415 2815 4484 quia
2850 4429 2938 4469 me
2968 4413 3143 4469 malus
3171 4413 3258 4467 ille
3289 4427 3514 4483 serpens

238 4519 433 4589 ριπται
464 4520 703 4591 πτῶμα,
733 4519 855 4585 ὅλος
902 4521 1101 4593 ἀργεῖ,
1163 4522 1326 4587 μόνον
1370 4526 1440 4595 τῇ
1487 4528 1640 4597 φωνῇ
1673 4527 1816 4580 καλεί

1930 4514 2206 4569 infirmum
2242 4513 2390 4568 fecit.
2418 4510 2522 4578 Qui
2556 4519 2640 4565 est
2670 4509 2942 4571 iuiirmus,
2972 4515 3120 4562 totus
3144 4506 3389 4575 ahjectns
3431 4515 3518 4560 est

235 4608 329 4661 τὸν
371 4610 575 4681 ίατρὸν,
612 4610 777 4680 μόνον
807 4610 926 4683 βοᾷ,
957 4613 1053 4666 καὶ
1083 4612 1174 4667 τὸν
1200 4615 1468 4686 ῥυόμενον
1498 4614 1673 4688 ζητεῖ.
1712 4618 1825 4671 Μό-

238 4714 329 4752 νον
349 4700 478 4763 τοὺς
504 4699 818 4771 ὀφθαλμοὺς
840 4703 1009 4773 αἴρει,
1032 4704 1128 4757 καὶ
1158 4704 1289 4758 πότε
1314 4705 1434 4776 ἥξει
1457 4711 1820 4778 περισκοπεῖ,

238 4790 336 4842 καὶ
388 4792 745 4862 ἐπισκέψεται
814 4794 1000 4857 αὐτὸν,
1044 4797 1073 4850 6
1135 4800 1264 4863 τοὺς
1323 4803 1825 4873 συντετριμμένους

237 4882 547 4952 δεσμεύων,
592 4886 687 4938 καὶ
733 4886 978 4957 ἀνορθῶν
1022 4890 1149 4953 τοὺς
1185 4894 1697 4964 κατερῤαγμένους,
1732 4896 1827 4949 καὶ

239 4972 431 5039 σώζων
459 4978 587 5041 τοὺς
614 4981 1129 5051 κατεγνωσμένους.

316 5170 337 5202 ι
376 5152 557 5206 Ἴασαί
593 5171 684 5225 με,
732 5156 930 5228 Κύριε,
968 5158 1050 5212 ὅτι
1100 5160 1380 5234 ἐταράχθη
1415 5162 1481 5216 τά
1511 5164 1645 5216 ὀστᾶ
1691 5180 1825 5235 μου·

240 5249 337 5302 καὶ
391 5249 423 5319 ἠ
470 5248 616 5323 ψυχή
681 5268 787 5322 μου
839 5255 1121 5326 ἐταράχθη
1175 5258 1406 5329 σφόδρα.
1448 5278 1467 5312 ι
1506 5260 1830 5330 Σωματικὸς

243 5343 363 5412 ἀμα
409 5342 505 5397 καὶ
536 5344 768 5415 ψυχικὸς
810 5347 1081 5402 κατέλαϐέ
1135 5366 1205 5421 με
1237 5352 1499 5424 τάραχος.
1544 5353 1827 5419 Δέσποτα,

242 5435 327 5488 ὅτι
391 5439 678 5507 σαρκικοῖς
730 5440 827 5492 καὶ
875 5439 1130 5511 ψυχικοῖς
1186 5446 1520 5518 περιέπεσον
1574 5448 1829 5502 πάθεσιν.

1933 4608 2107 4661 instar
2137 4604 2447 4670 cadaveris,
2482 4612 2565 4659 est
2595 4611 2740 4658 totus
2768 4601 2915 4655 iners
2947 4616 2962 4655 :
2996 4609 3208 4654 tantum
3239 4614 3335 4653 ore
3360 4609 3518 4654 vocat

1933 4702 2225 4765 medicum,
2262 4708 2470 4754 tantum
2516 4697 2739 4762 clamat,
2777 4710 2841 4750 ac
2868 4693 3066 4763 quaerit
3104 4692 3346 4763 eumqui
3379 4691 3518 4747 libe-

1937 4802 2035 4848 ret.
2070 4792 2181 4847 lloc
2211 4806 2379 4846 unum
2408 4788 2676 4859 reliquum
2706 4786 2890 4850 habet,
2924 4796 2980 4838 ut
3008 4785 3195 4839 oculos
3246 4785 3421 4849 tollat,
3450 4800 3518 4839 ac

1932 4885 2361 4957 circumSpiciat,
2385 4884 2605 4953 quando
2621 4882 2666 4937 is
2692 4888 2956 4935 venturus
2978 4879 3050 4934 sit
3066 4893 3130 4933 ac
3151 4879 3517 4946 inSpeeturns,

1933 4982 2027 5053 qui
2063 5001 2080 5034 ι
2118 4980 2338 5051 colligat
2395 4978 2665 5033 contritos
2712 4975 2782 5041 “,
2830 4990 2896 5030 ac
2942 4972 3107 5028 elisos
3157 4971 3317 5042 erigit
3360 4971 3406 5003 ⁸⁷
3439 4990 3453 5026 :
3490 4989 3513 5023 ι

1935 5089 2139 5145 eosque
2164 5073 2359 5136 salvat,
2389 5085 2620 5142 quorum
2654 5069 2845 5125 salutis
2877 5082 3002 5137 spes
3032 5066 3177 5121 nulla
3205 5074 3340 5121 erat.
3427 5064 3430 5067 ’

2018 5188 2037 5222 ι
2086 5168 2232 5223 Sana
2261 5180 2368 5231 Ine,
2414 5163 2663 5225 Domine,
2714 5161 2971 5232 quoniam
3019 5158 3338 5214 conturbata
3390 5168 3518 5213 sunt

1936 5277 2059 5318 ossa
2100 5274 2252 5324 mea;
2285 5266 2341 5313 et
2372 5256 2554 5312 anima
2588 5268 2707 5309 mea
2746 5255 2962 5309 turbata
2994 5262 3077 5307 est
3109 5251 3281 5307 valde.
3321 5269 3340 5302 ι
3381 5249 3517 5305 Cor-

1936 5356 2087 5429 poris
2119 5352 2282 5410 simul
2310 5361 2366 5408 et
2395 5350 2594 5407 anima:
2623 5347 2862 5402 turbatio
2896 5345 3092 5400 invasit
3128 5360 3235 5411 me,
3265 5342 3518 5409 Domine,

1935 5446 2137 5518 quippe
2164 5444 2257 5515 qui
2284 5443 2338 5498 in
2365 5442 2548 5499 carnis
2580 5455 2643 5495 ac
2685 5437 2852 5493 animi
2885 5435 3170 5507 passiones
3198 5450 3263 5490 ac
3298 5433 3519 5490 morbos

315 5549 363 5635 ’,ί
395 5552 539 5635 PV"
572 5570 783 5635 ιεκνξιρ
806 5557 895 5610 35-
973 5559 1018 5591 "
1043 5560 1199 5617 Joan.
1228 5579 1316 5630 xv,
1344 5565 1398 5619 ὕ.
1475 5566 1521 5598 ⁸³
1553 5564 1683 5623 Luc.
1721 5566 1884 5635 3,20.
1959 5566 2006 5599 "‘
2033 5563 2171 5620 lhid.
2200 5561 2291 5619 50.
2341 5558 2387 5594 "
2417 5559 2618 5616 Jerem.
2648 5570 2784 5627 xvtt,
2822 5556 2910 5611 ii.
2979 5554 3026 5589 ⁸⁸
3057 5550 3203 5611 Psal.
3244 5563 3427 5618 cnvt,
3456 5547 3513 5606 5.

248 5619 289 5652 ⁸⁷
326 5622 469 5678 Psal.
497 5639 681 5693 cutv,
718 5628 801 5685 Η.

1550 5750 1782 5808 VARI/li
1833 5747 2239 5805 LECTIONES.

322 5806 335 5841 ¹
370 5807 495 5878 Leg.
532 5811 624 5865 ἐπί
656 5829 766 5879 μοι.

3517 1046 3529 1127 l
