4080 6530
594 308 731 370 1123

1803 307 1865 368 S.
1905 307 2311 369 ANASTASII
2355 309 2684 371 SINAITE

3737 307 3857 374 1124

502 436 505 439 ’
591 416 897 475 inciderim.
936 435 955 470 ι
1000 418 1144 474 Sana
1178 431 1284 484 me,
1318 417 1573 487 quoniam
1620 416 1838 473 turbata
1885 428 2015 474 sunt
2049 434 2174 476 ossa

2296 440 2303 470 l
2351 420 2536 474 Ἴασαί
2572 437 2641 491 με
2663 459 2679 484 ,
2724 420 2807 473 ὅτι
2842 418 3123 491 ἐταράχθη
3147 420 3217 474 τὰ
3243 420 3380 475 ὀστᾶ
3416 435 3518 491 μου
3540 464 3553 487 ,
3594 441 3613 473 ιι
3652 422 3720 476 τά
3747 440 3857 478 συν-

590 527 756 569 mea:
795 530 816 565 ι
857 526 977 582 quae
1011 509 1275 566 nimirum
1315 509 1601 565 continent
1644 524 1709 565 ac
1737 511 2053 579 astringunt
2102 513 2188 567 in-

589 606 847 662 teriorem
876 620 1054 661 meum
1084 604 1386 659 hominem.
1417 601 1677 671 Qumnam
1720 619 1851 659 vero
1893 604 2029 660 illa?
2073 604 2188 662 Uti-

592 715 697 765 que
735 698 888 763 nales,
942 698 1248 768 prudentia,
1286 712 1432 768 spes,
1485 697 1749 761 Charitas,
1801 696 2180 768 temperantia,

592 791 952 854 continentia,
971 788 1210 860 justitia,
1236 788 1434 858 pietas,
1462 789 1851 853 mansuetudo,
1882 788 2183 845 humilitas.

590 884 724 938 Ossa
756 884 865 936 hrec
894 883 947 935 in
970 897 1057 936 me
1083 881 1323 937 contrita
1358 892 1486 937 sunt
1516 901 1529 937 :
1559 897 1717 939 secus
1747 892 1931 936 autem
1956 890 2184 937 sancto-

588 990 707 1029 rum
739 990 885 1030 ossa.
921 973 1060 1040 Quid
1106 973 1253 1030 enim
1286 975 1332 1030 is
1366 975 1481 1043 ipse
1513 973 1790 1047 Propheta
1825 976 1894 1031 de
1915 974 2024 1030 illis
2052 974 2129 1029 ait
2154 975 2183 1026 Ρ

598 1086 616 1120 ι
660 1065 911 1122 Custodit
941 1066 1207 1122 Dominus
1251 1067 1434 1122 omnia
1476 1083 1599 1123 ossa
1645 1082 1833 1122 eorum
1869 1083 1884 1121 :
1922 1083 2088 1121 unum
2117 1082 2185 1122 ex

591 1160 676 1215 his
717 1174 824 1215 non
876 1169 1216 1216 conteretur.
1276 1159 1419 1215 Sana
1472 1175 1580 1223 me,
1641 1160 1889 1225 Domine,
1923 1161 2184 1230 quoniam

591 1253 807 1308 turbata
832 1260 960 1307 sunt
982 1267 1109 1308 ossa
1130 1267 1245 1308 mea
1267 1269 1280 1306 :
1302 1261 1351 1308 et
1370 1253 1552 1306 anima
1577 1268 1696 1307 mea
1721 1252 1937 1306 turbata
1965 1262 2052 1307 est
2073 1252 2178 1309 ⁸⁸.»

590 1346 863 1413 Quorsum
899 1344 1067 1400 vero?
1111 1343 1403 1412 Nimirum,
1438 1347 1529 1416 qui
1553 1345 1668 1412 jam
1709 1362 1843 1402 mea:
1874 1348 2000 1402 vita:
2046 1356 2185 1403 tem—

590 1452 691 1506 pus
722 1435 956 1491 deticere
1006 1434 1247 1500 videam,
1281 1436 1654 1506 propinquare
1687 1437 1876 1501 linem,
1914 1438 2182 1492 defectam

592 1524 927 1583 senectutem
962 1528 1335 1597 prae-nuntiare
1358 1529 1719 1595 excisionem,
1754 1545 2050 1586 messorem
2075 1528 2185 1585 ies-

595 1620 859 1675 tinantem
910 1619 978 1684 ⁸⁹,
1037 1634 1101 1675 ac
1159 1612 1352 1675 falcem
1398 1621 1825 1677 ostendentem:
1876 1629 2181 1692 gestantem

593 1712 830 1767 securim
858 1713 927 1776 ³ο,
962 1728 1027 1767 ac
1059 1711 1438 1783 infrugiferam
1484 1713 1724 1767 animam
1754 1729 1932 1769 meam
1960 1713 2181 1769 exscin-

592 1806 827 1861 dendatn
858 1807 1019 1861 citius
1050 1806 1404 1861 indicantem.
1435 1823 1455 1857 ι
1490 1804 1686 1859 Anima
1713 1820 1830 1859 mea
1858 1806 2071 1861 turbata
2102 1812 2187 1860 est

593 1898 749 1953 valde
788 1900 854 1956 ".
892 1917 911 1950 ι
960 1897 1129 1954 Video
1162 1915 1248 1953 res
1280 1913 1431 1952 meas
1458 1897 1593 1952 nihil
1624 1898 1964 1961 emendatas,
1993 1912 2187 1969 meque

595 1991 648 2045 in
678 1992 794 2046 dies
831 1993 883 2046 in
912 1992 1155 2047 deterius
1186 1991 1415 2060 prolabi.
1460 2010 1478 2043 ι
1517 1992 1584 2046 Et
1610 1990 1792 2045 anima
1824 2006 1941 2045 mea
1970 1991 2186 2046 turbata

593 2096 678 2143 est
704 2087 879 2142 valde.
928 2106 947 2140 ι
985 2085 1156 2142 Video
1200 2087 1373 2141 furem
1408 2084 1779 2147 accedentem,
1813 2098 1878 2138 ac
1910 2099 1995 2138 me
2022 2098 2053 2138 e
2079 2083 2187 2137 vita

598 2195 791 2250 rapere
840 2179 1190 2235 festinantem
1225 2195 1241 2234 :
1282 2196 1301 2230 ι
1342 2178 1409 2232 Ει
1454 2178 1635 2232 anima
1677 2191 1795 2230 mea
1853 2175 2064 2229 turbata
2103 2182 2188 2230 est

600 2272 775 2327 valde.
829 2290 848 2325 ι
890 2272 1063 2326 Video
1108 2272 1402 2326 instantem
1434 2270 1558 2324 vitae
1608 2268 1816 2323 exitum
1864 2284 2059 2337 meque
2093 2266 2189 2322 de-

602 2362 853 2418 stitutum
886 2360 1298 2418 viatico.Video
1328 2362 1601 2416 rationum
1616 2359 1952 2428 praefectum,
1985 2358 2191 2412 instru-

600 2464 844 2512 mentum
880 2456 1008 2510 mibi
1053 2455 1458 2521 ostendentem,
1493 2469 1558 2509 ac
1588 2454 1810 2509 lictores
1859 2451 1998 2507 truci
2049 2465 2189 2521 quo-

600 2548 724 2605 dam
753 2558 978 2621 aspectu
1010 2559 1356 2606 contuentes.
1391 2546 1562 2602 Video
1586 2547 1788 2602 multos
1818 2554 2186 2610 accusatores,

602 2651 884 2714 patronem
915 2652 1096 2699 autem
1132 2641 1387 2697 nullum:
1427 2660 1446 2693 ι
1492 2640 1559 2695 Ει
1586 2640 1771 2694 anima
1817 2653 1937 2694 mea
1978 2638 2189 2693 turbata

600 2747 685 2792 est
716 2735 891 2793 valde.
938 2754 957 2788 ι
990 2735 1200 2791 Idcirco
1229 2734 1427 2790 horreo
1454 2749 1518 2789 ac
1538 2734 1734 2788 anxius
1762 2748 1907 2799 sum,
1938 2747 2038 2787 nec
2060 2730 2189 2801 quid

603 2830 799 2886 faciant
842 2828 1045 2896 habeo;
1084 2829 1355 2899 siquidem
1390 2828 1535 2883 enim
1582 2827 1706 2881 vitae
1736 2825 1969 2896 spatium
2004 2834 2192 2901 postu-

602 2924 809 2987 lavero,
851 2936 1046 2978 vereor
1075 2938 1143 2978 ne
1172 2922 1303 2977 illud
1337 2936 1529 2975 rursus
1564 2920 1619 2974 in
1654 2929 2006 2989 peccatorum
2039 2917 2195 2971 cedat

602 3017 880 3073 cumulum
911 3034 925 3071 :
964 3017 1048 3073 sin
1083 3017 1386 3085 imparatus
1415 3014 1619 3080 abiero,
1656 3013 1854 3082 quibus
1896 3011 2071 3066 oculis
2100 3025 2194 3065 ve-

2290 512 2492 582 έχοντα
2540 517 2638 566 καὶ
2693 512 3070 581 συσφίγγοντα
3109 513 3201 566 τὸν
3247 512 3356 566 ἔσω
3406 529 3511 584 μου
3568 513 3856 584 ἄνθρωπον.

2290 601 2480 655 Ταῦτα
2515 604 2575 657 δέ
2618 604 2741 658 τίνα
2792 606 2977 674 ἐστίν;
3029 608 3093 660 Ἦ
3149 609 3371 675 πίστις,
3427 609 3462 680 ἡ
3514 608 3859 683 φρόνησιςιή

2288 697 2506 770 ἀγάπη,
2539 699 2572 769 ἡ
2605 700 2934 771 σωφροσύνη
2956 742 2971 766 ,
3004 702 3037 773 ἡ
3080 702 3412 774 ἐγκράτεια,
3455 703 3489 773 ἡ
3522 701 3858 773 δικαιοσύνη,

2287 792 2321 860 ἡ
2349 791 2627 856 εὐσέϐεια,
2662 793 2695 864 ι)
2719 793 2987 864 πραότης,
3014 796 3046 864 ὴ
3068 795 3570 867 ταπεινοφροσύνη.
3600 795 3781 849 Ταῦτα
3802 796 3861 850 τά

2286 885 2424 939 ὀστᾶ
2456 885 2855 956 συνετρίϐησαν
2891 888 2979 940 ἐπ’
3021 887 3147 958 ἐμοὶ
3167 927 3183 953 ,
3209 887 3326 941 ἀλλ’
3355 889 3416 941 οὐ
3442 888 3552 941 τῶν
3580 889 3769 956 ἁγίων.
3805 892 3861 943 Τί

2287 977 2399 1050 γάρ
2445 996 2582 1049 φησι
2641 980 2774 1050 περὶ
2807 979 2990 1034 αὐτῶν
3034 982 3063 1033 ό
3116 980 3281 1044 αὐτὸς
3340 975 3496 1045 οὗτος
3549 982 3859 1051 Προφήτης

2293 1092 2312 1123 ι
2346 1072 2615 1127 Φυλάσσει
2659 1073 2874 1146 Κύριος
2920 1075 3103 1128 πάντα
3150 1074 3221 1127 τὰ
3257 1074 3395 1127 ὀστᾶ
3445 1074 3653 1128 αὐτῶν.
3699 1075 3789 1127 Ἐν
3814 1076 3863 1139 ἐξ

2287 1165 2466 1219 αὐτῶν
2507 1166 2569 1220 οὐ
2606 1167 3053 1238 συντριϐήσεται.
3092 1186 3113 1220 ι
3151 1199 3222 1208 ——
3257 1187 3276 1219 ι
3307 1168 3490 1222 Ἰασαί
3534 1185 3637 1238 με,
3684 1169 3861 1237 Κύριε,

2286 1258 2368 1311 ὅτι
2387 1258 2666 1330 ἐταράχθη
2687 1262 2758 1313 τὰ
2775 1260 2913 1314 όστᾶ
2938 1278 3061 1331 μου,
3084 1260 3180 1314 καὶ
3199 1262 3232 1331 ἡ
3250 1259 3397 1331 ψυχὴ
3424 1276 3527 1331 μου
3546 1260 3857 1330 ἐταράχθη.»

2286 1354 2385 1406 Διὰ
2413 1351 2496 1417 tl;
2544 1352 2693 1423 ’0ρῶ
2729 1353 2840 1425 γὰρ
2886 1353 2990 1425 ἤδη
3022 1354 3214 1408 λοιπὸν
3247 1354 3340 1407 τὸν
3370 1354 3568 1425 χρόνον
3598 1357 3699 1424 τῆς
3736 1352 3862 1424 ζωῆς

2290 1461 2394 1515 μου
2448 1445 2807 1511 ἐκλείποντα,
2844 1448 2905 1499 τὸ
2955 1447 3111 1511 τέλος
3162 1448 3419 1517 ἐγγίζον,
3446 1448 3508 1501 τὸ
3552 1448 3739 1518 γῆρας
3777 1448 3863 1519 τὴν

2287 1540 2464 1612 τομὴν
2487 1542 2890 1613 προαγγέλλον,
2917 1544 3010 1595 τὸν
3043 1542 3302 1613 θεριστὴν
3326 1543 3650 1603 σπεύδοντα,
3678 1543 3766 1595 καὶ
3779 1543 3863 1615 τὴν

2285 1632 2570 1704 δρεπάνην
2617 1634 2962 1699 δεικνύοντα,
2997 1634 3099 1706 τὴν
3147 1634 3342 1705 ἀξίνην
3390 1634 3749 1704 βαστάζοντα,
3783 1635 3863 1687 καὶ

2287 1724 2385 1797 τὴν
2439 1726 2684 1797 ἐκκοπὴν
2734 1725 3037 1797 μηνύοντα,
3069 1725 3170 1795 τῆς
3205 1727 3488 1797 ἀκαρπίαν
3522 1724 3754 1796 ἐχούσης
3781 1723 3866 1793 qlae

2287 1818 2409 1889 Χῆς-
2453 1836 2473 1870 ί
2531 1819 2593 1872 Ἡ
2633 1818 2781 1891 ψυχή
2817 1836 2922 1889 μου
2970 1818 3247 1890 ἐταράχθη
3298 1819 3524 1890 σφόδρα.
3567 1837 3587 1869 ι
3639 1816 3778 1889 ὐρῶ
3810 1821 3867 1870 τα

2290 1912 2409 1965 κατ’
2461 1913 2563 1983 ἐμέ
2605 1911 2943 1984 ἀδιόρθωτα,
2984 1913 3078 1966 καὶ
3125 1912 3266 1986 πρὸς
3308 1913 3371 1966 τὸ
3422 1915 3608 1983 χεῖρον
3649 1912 3866 1982 ἐμαυτὸν

2289 2006 2416 2060 καθ’
2447 2008 2664 2078 ἡμέραν
2692 2007 3016 2079 ἐρχόμενον.
3053 2026 3071 2059 ι
3100 2008 3215 2061 Καὶ
3238 2008 3270 2077 ἡ
3296 2007 3443 2077 ψυχή
3475 2024 3578 2077 μου
3609 2004 3865 2076 ἐταράχθη

2293 2100 2519 2171 σφόδρα.
2558 2119 2577 2152 ι
2635 2101 2777 2168 Ὀρῶ
2830 2101 2924 2154 τὸν
2962 2100 3206 2170 κλέπτην
3254 2099 3733 2172 προσεγγξζοντα,
3788 2098 3870 2151 καὶ

2288 2189 2539 2259 ἁρπάσαι
2567 2189 2664 2243 τοῦ
2694 2190 2812 2260 βίου
2856 2209 2924 2262 με
2955 2190 3259 2245 σπεύδοντα
3280 2208 3293 2220 ·
3338 2209 3355 2241 ι
3400 2190 3511 2244 Καὶ
3545 2192 3579 2261 ἡ
3610 2190 3759 2261 ψυχή
3783 2207 3868 2260 μου

2292 2282 2570 2354 ἐταράχθη
2608 2283 2846 2353 σφόδρα,
2887 2302 2906 2335 ι
2953 2284 3097 2353 Ὀρῶ
3125 2283 3225 2353 τὴν
3264 2282 3446 2349 ἔξοδον
3475 2279 3571 2333 τοῦ
3605 2281 3727 2351 βίου
3766 2283 3871 2333 ἐπι-

2293 2376 2520 2439 στᾶσαν,
2551 2375 2699 2445 κάμέ
2728 2375 2805 2446 μὴ
2837 2374 3035 2445 ἔχοντα
3066 2374 3303 2443 ἐφόδιον.
3346 2374 3494 2443 Ὀρῶ
3535 2372 3632 2427 τὸν
3672 2373 3872 2441 λογοθε-

2289 2469 2487 2521 τοῦντα
2516 2468 2579 2521 τὸ
2624 2467 2904 2538 ἔγγραφόν
2945 2484 3037 2537 μοι
3080 2466 3515 2530 ἐπιδεικνύοντα,
3552 2466 3653 2520 καὶ
3693 2464 3873 2535 πικρὸν

2291 2560 2419 2623 τοὺς
2445 2558 2679 2630 δημίους
2722 2557 3127 2625 ἐμϐλέποντας.
3187 2556 3331 2627 Ὀρῶ
3365 2556 3597 2619 πολλοὺς
3632 2556 3763 2619 τοὺς
3785 2572 3874 2607 κα-

2292 2653 2600 2724 τηγόρους,
2648 2652 2744 2704 καὶ
2794 2650 2989 2704 οὐδένα
3035 2650 3362 2722 συνήγορον,
3427 2668 3447 2700 ι
3504 2648 3619 2703 Καὶ
3664 2650 3697 2720 ἡ
3740 2647 3872 2718 ψυχή

2296 2765 2400 2818 μου
2454 2746 2733 2820 ἐταράχθη
2798 2746 3029 2816 σφόδρα.
3077 2763 3095 2796 ι
3157 2744 3257 2797 Διὰ
3303 2742 3463 2796 τοῦτο
3526 2743 3745 2815 φρίττω
3793 2742 3876 2795 καὶ

2295 2842 2546 2911 ἀγωνιῶ,
2584 2841 2679 2894 καὶ
2720 2840 2773 2894 τί
2830 2840 3029 2911 πράξω
3075 2839 3177 2893 οὐκ
3222 2833 3363 2892 οῖδα.
3399 2838 3498 2890 Ἂν
3549 2836 3667 2907 γάρ
3700 2836 3876 2907 χρόνον

2296 2936 2509 3007 αἰτήσω
2534 2934 2704 3006 ζωῆς,
2730 2932 3008 3004 φοϐοῦμαι
3040 2932 3114 3003 μὴ
3155 2929 3481 3001 προσθήκην
3508 2929 3680 2983 αὐτὸν
3713 2930 3878 2999 ἁμαρ-

2295 3030 2561 3101 τημάτων
2602 3031 2948 3100 ποιήσωμαι.
3006 3027 3104 3079 Ἂν
3154 3024 3228 3095 μὴ
3275 3022 3745 3094 προετοιμασθεὶς
3790 3038 3878 3073 πο-

605 3111 848 3167 nieutem
876 3094 1121 3181 judicent
1153 3109 1258 3165 sim
1285 3114 1689 3178 aspectaturus,
1736 3106 1950 3176 ignoro.
1986 3103 2191 3173 Quippe

2301 3094 2505 3195 ρεῦθῶ,
2565 3094 2743 3184 ποίοις
2788 3094 3092 3191 ὀφθαλμοῖς
3136 3094 3405 3187 θεάσομαι
3434 3116 3529 3169 τὸν
3570 3115 3772 3187 κριτὴν
3799 3114 3879 3167 ἐλ-

603 3203 826 3274 provexi
877 3203 945 3259 ad
997 3217 1270 3258 summum
1331 3215 1501 3271 usque
1555 3199 1807 3264 malitia);
1849 3213 1957 3253 non
2017 3206 2197 3253 cessat

606 3298 873 3370 malignus
889 3296 1190 3352 molestiam
1212 3294 1422 3363 facere;
1444 3293 2192 3366 hostcsjugiterimpugnant;

608 3390 926 3447 intestinum
958 3391 1139 3446 carnis
1169 3389 1371 3445 bellum
1409 3388 1782 3444 vehementius
1814 3387 1945 3442 furit
1971 3404 1985 3451 ;
2015 3401 2197 3456 prava:

607 3482 969 3553 cogitationes
999 3496 1108 3537 non
1148 3482 1471 3553 quiescunt;
1510 3497 1610 3538 nec
1643 3496 1871 3552 usquam
1906 3489 1992 3536 est
2018 3480 2194 3552 poeni-

610 3577 803 3632 tentia.

685 3688 705 3723 ι
743 3669 851 3725 Sed
902 3678 982 3735 tu,
1021 3668 1272 3737 Domine,
1323 3668 1644 3740 usquequo?
1698 3688 1716 3720 ι
1753 3667 1871 3724 Non
1921 3668 2198 3739 espressit

606 3763 876 3834 propheta
906 3763 1039 3835 quid
1089 3763 1210 3819 istis
1259 3763 1571 3834 signiﬁcare
1612 3763 1792 3818 vellet.
1839 3763 2005 3818 Forte
2038 3778 2189 3829 vero,

607 3871 731 3911 cum
757 3870 823 3911 ex
846 3856 1046 3912 summi
1080 3855 1227 3912 illius
1254 3856 1508 3912 maeroris
1536 3856 1611 3920 vi,
1641 3858 1816 3911 audax
1848 3854 2054 3926 aliquid
2088 3855 2196 3909 Deo

610 3948 1006 4013 velletdicere,
1060 3949 1297 4018 seipsum
1360 3947 1719 4003 nihilominus
1781 3948 2056 4013 cohibuit,
2098 3963 2197 4003 nec

608 4043 775 4098 audet
802 4042 855 4097 in
878 4042 1055 4113 palam
1077 4042 1399 4113 producere,
1429 4043 1526 4098 sed
1555 4043 1631 4097 ait
1663 4063 1674 4098 :
1702 4061 1720 4094 ι
1744 4043 1810 4098 Ει
1835 4053 1916 4108 tu,
1948 4043 2195 4111 Domine,

609 4136 932 4207 usquequo?
976 4156 995 4189 ι
1039 4136 1178 4193 Ecce
1208 4136 1362 4192 vides
1398 4136 1648 4207 pertinax
1694 4138 1996 4193 adversarii
2025 4138 2077 4193 in
2111 4152 2197 4193 me

610 4241 888 4287 certamen
921 4248 935 4286 :
968 4232 1151 4287 carnis
1183 4247 1418 4303 pugnam
1460 4234 2009 4300 irreconciliabilem;
2040 4242 2198 4287 atrox

611 4324 745 4381 illud
775 4341 840 4381 ac
870 4334 1189 4397 perpetuum
1242 4327 1464 4393 bellum,
1494 4343 1558 4382 ac
1588 4329 1786 4383 virium
1823 4343 2066 4383 mearum
2100 4328 2200 4381 im-

613 4419 985 4476 hecillitatem.
1014 4418 1132 4474 Jam
1154 4434 1306 4492 ergo,
1331 4436 1637 4491 usquequo,
1658 4420 1907 4502 Domine,
1931 4420 2202 4490 patienter

2305 3216 2470 3271 θόντα
2497 3215 2793 3287 ἀμηχανῶ.
2845 3214 2963 3267 Ἐπ’
2994 3213 3163 3282 ἄκρον
3201 3209 3401 3273 κακίας
3438 3207 3709 3280 ἐλήλυθα’
3742 3207 3879 3260 καὶὸ

2303 3312 2545 3385 πονηρὸς
2589 3310 2819 3381 διοχλῶν
2871 3310 2932 3364 ού
2987 3306 3239 3372 παύεται,
3275 3305 3325 3359 οἱ
3375 3304 3565 3377 ἐχθροὶ
3630 3303 3879 3373 πολεμεῖν

2302 3408 2404 3461 οῦκ
2447 3406 2814 3475 ἀφίστανται,
2860 3405 2889 3457 ὁ
2935 3402 3083 3456 ἔνδον
3112 3404 3213 3471 τῆς
3246 3398 3449 3469 σαρκὸς
3471 3397 3718 3468 πόλεμος
3760 3412 3878 3465 σφο-

2301 3498 2575 3571 δρώτερον
2598 3497 2974 3567 ἀγριαίνεται,
3007 3495 3056 3547 οἱ
3088 3490 3323 3563 πονηροὶ
3353 3489 3607 3560 λογισμοὶ
3641 3489 3745 3541 οὐκ
3768 3490 3879 3560 i395-

2306 3590 2499 3663 μοῦσι’
2530 3590 2623 3643 καὶ
2660 3589 2923 3659 μετάνοια
2945 3584 3207 3657 οὐδαμοῦ.

2380 3701 2399 3735 ι
2442 3681 2552 3737 Καὶ
2581 3682 2670 3747 σὺ,
2700 3680 2900 3752 Κύριε,
2920 3679 3028 3743 ἓως
3057 3680 3225 3746 πότε;
3261 3697 3280 3730 ι
3315 3678 3382 3733 Τί
3410 3675 3608 3748 δηλοῦν
3642 3669 3879 3728 ἐντεῦθεν

2307 3776 2584 3848 βούλεται,
2609 3776 2711 3829 οὐκ
2743 3775 3008 3845 ἐσήμανε.
3044 3774 3197 3844 Τάχα
3235 3774 3311 3837 δέ,
3343 3775 3405 3839 ἐξ
3438 3774 3617 3843 ἄκρας
3654 3766 3879 3835 ἀθυμξας

2304 3870 2583 3942 τολμηρόν
2624 3886 2678 3923 τι
2728 3867 2966 3939 θελήσας
3016 3868 3195 3920 εἰπεῖν
3240 3866 3380 3937 πρὸς
3406 3865 3503 3918 τὸν
3550 3863 3710 3924 Θεὸν,
3742 3863 3879 3928 ὅμως

2304 3964 2496 4035 ἐπέχει
2526 3962 2743 4028 ἑαυτὸν,
2774 3962 2869 4016 καὶ
2891 3961 3052 4014 τοῦτο
3076 3960 3168 4014 ὑπ’
3194 3960 3317 4029 δψιν
3339 3959 3570 4028 ἀγαγεῖν
3596 3956 3658 4009 οὐ
3694 3952 3876 4021 τολμᾷ,

2305 4057 2443 4114 ἀλλά
2495 4074 2663 4129 φησι·
2714 4075 2732 4107 ι
2782 4056 2892 4108 Καὶ
2927 4053 3024 4124 ob},
3062 4051 3276 4121 Κύριε,
3312 4052 3419 4115 ἕως
3471 4050 3633 4113 πότε;
3673 4066 3691 4097 ι
3761 4043 3878 4097 Ἰδοὺ

2310 4149 2529 4221 βλέπεις
2575 4149 2676 4218 τὴν
2708 4147 2831 4201 κατ’
2881 4144 3020 4216 ἐμοῦ
3072 4143 3327 4196 ἔνστασιν
3381 4141 3479 4195 τοῦ
3527 4137 3753 4210 ἐχθροῦ,
3791 4133 3879 4203 τὴν

2307 4241 2572 4298 ἄσπονδον
2596 4241 2697 4311 τῆς
2741 4238 2946 4310 σαρκὸς
2987 4238 3189 4307 μάχην,
3221 4234 3312 4287 τὸν
3343 4230 3762 4286 ἀκατάλλακτον
3790 4226 3879 4279 πό-

2307 4337 2364 4391 λε
2375 4354 2497 4407 μον,
2528 4336 2625 4388 καὶ
2654 4334 2753 4405 τὴν
2772 4333 2990 4386 ἀτονίαν
3016 4330 3117 4399 τῆς
3148 4328 3288 4398 ἐμῆς
3316 4325 3629 4396 δυνάμεως.
3669 4318 3879 4382 Λοιπὸν,

2307 4430 2415 4495 ἓως
2440 4428 2569 4482 πότε
2604 4426 3004 4499 μακροθυμείς,
3042 4422 3248 4493 Κύριε;
3300 4419 3409 4478 ἓως
3446 4417 3578 4470 πότε
3614 4415 3720 4467 οὐκ
3749 4411 3883 4466 ἐκδι-

613 4513 888 4570 sustines?
920 4528 1201 4584 usquequo
1239 4530 1344 4569 non
1396 4514 1719 4570 ulcisceris?
1771 4529 2055 4584 usquean
2094 4528 2191 4567 non

2307 4526 2458 4588 κεῖςς
2508 4522 2614 4585 ἐως
2661 4520 2795 4573 πότε
2820 4519 2923 4571 οῦκ
2960 4514 3307 4574 ἐπιδλέπεις,
3360 4510 3458 4563 καὶ
3503 4508 3615 4563 τῶν
3677 4504 3882 4559 ἐπιδου-

612 4608 833 4680 aspicis,
868 4621 969 4663 nec
993 4607 1064 4661 ab
1090 4607 1158 4662 iis
1183 4606 1403 4674 liberas,
1438 4622 1667 4678 quorum
1703 4617 1933 4677 appetor
1962 4605 2199 4660 insidiis.

614 4702 937 4772 Quanquam
964 4701 1109 4756 enim
1141 4716 1241 4771 ego
1270 4701 1522 4773 indignus
1548 4717 1667 4757 sum
1691 4719 1706 4768 ;
1735 4709 1787 4754 tu
1816 4711 1995 4756 tamen
2021 4698 2203 4755 multae

618 4795 1011 4851 misericordiae
1045 4810 1109 4851 ac
1139 4794 1382 4850 clemens
1415 4810 1497 4850 es.
1532 4793 1686 4861 Quod
1719 4792 1963 4863 negligas
1996 4808 2060 4847 ac
2108 4793 2202 4847 de-

615 4888 840 4960 spicias,
864 4890 1037 4944 ruinae
1065 4888 1282 4944 occasio
1314 4888 1374 4942 tit
1410 4888 1496 4954 iis,
1529 4902 1667 4958 quos
1691 4887 1925 4942 deseris.
1961 4885 2106 4947 Haec.
2139 4900 2204 4940 ac

619 4983 687 5036 iis
710 4982 932 5045 similia,
957 4984 1203 5052 cogitans
1227 4982 1492 5052 propheta
1524 4980 1635 5037 Deo
1662 4980 1933 5051 proloqui,
1965 4980 2203 5049 seipsum

617 5075 885 5141 coercuit,
935 5084 994 5128 ut
1026 5089 1092 5129 ne
1138 5075 1216 5130 sic
1266 5075 1517 5146 loquens,
1564 5089 1826 5146 pugnare,
1860 5089 1924 5129 ac
1952 5072 2100 5128 velut
2149 5072 2204 5128 in

620 5179 844 5224 causam
896 5168 1062 5223 Deum
1113 5183 1317 5225 vocare
1368 5169 1662 5225 videretur.
1718 5168 2095 5239 Deincepsque
2134 5165 2206 5221 ad

625 5259 718 5316 Dei
746 5260 1195 5330 supplicationem
1229 5262 1474 5317 animum
1507 5260 1872 5326 transferens,
1903 5260 1982 5316 ait
2018 5279 2031 5315 :

698 5372 719 5407 ι
760 5352 1052 5421 Converte,
1083 5355 1349 5422 Domine;
1383 5356 1534 5425 eripe
1563 5356 1803 5410 animam
1832 5369 2008 5410 meam
2042 5373 2058 5411 :
2092 5355 2205 5411 sal-

628 5460 753 5501 vum
784 5461 869 5501 me
901 5445 989 5501 fac
1028 5457 1250 5517 propter
1298 5446 1731 5502 misericordiam
1767 5455 1939 5501 tuam.
1981 5464 2001 5499 ι
2038 5444 2207 5501 Juxta

626 5539 838 5596 Domini
867 5540 1115 5610 proprias
1133 5539 1396 5607 rationes,
1417 5539 1583 5597 etiam
1609 5540 1878 5609 propheta
1900 5554 2206 5597 sermonem

2309 4616 2577 4670 λευόντων
2622 4613 2723 4666 οὐκ
2778 4610 3171 4668 ἀπαλλάσσεις.
3226 4606 3288 4658 Εἰ
3337 4603 3450 4673 γὰρ
3488 4601 3587 4655 καὶ
3629 4598 3745 4669 ἐγὼ
3798 4598 3881 4650 άν-

2310 4703 2461 4769 άξιος
2482 4743 2496 4765 ,
2531 4701 2668 4755 ἀλλὰ
2723 4702 2786 4754 σὺ
2822 4698 3107 4760 πολυέλεος
3145 4696 3242 4749 καὶ
3286 4693 3675 4764 φιλάνθρωπος
3697 4707 3711 4720 ·
3760 4690 3791 4756 ἡ
3824 4685 3881 4755 σὴ

2310 4797 2654 4869 παρόρασις,
2686 4793 3045 4855 κατάπτωσις
3076 4790 3287 4859 γίνεται
3316 4790 3434 4851 τοῖς
3469 4784 3880 4855 ἐγκαταλιμπα-

2309 4890 2579 4961 νομένοις.
2628 4887 2817 4940 Ταῦτα
2863 4884 2959 4939 καὶ
3002 4883 3071 4936 τὰ
3103 4881 3327 4936 τοιαῦτα
3363 4880 3500 4951 πρὸς
3528 4878 3662 4932 Θεὸν
3696 4877 3725 4929 ὁ
3756 4890 3878 4945 προ-

2306 4984 2484 5053 φήτης
2515 4980 2949 5052 βουλευσάμενος
2981 4976 3358 5047 προενεγκεῖν,
3394 4972 3632 5041 ἐπέσχεν
3664 4968 3877 5027 ἐαυτὸν,

2307 5077 2396 5129 ἵνα
2429 5074 2505 5146 μὴ
2534 5073 2865 5146 μαχόμενος,
2888 5070 2984 5125 καὶ
3004 5065 3119 5123 οἷον
3141 5066 3524 5137 δικαζόμενος,
3548 5064 3702 5117 ἐνθεν
3727 5062 3877 5130 φανῇ·

2306 5170 2403 5223 καὶ
2434 5167 2623 5220 λοιπὸν
2653 5167 2734 5229 εἰς
2778 5162 2991 5218 ἱκεσίαν
3043 5160 3181 5216 Θεοῦ
3229 5160 3532 5232 μεταφέρει
3600 5157 3693 5211 τὸν
3745 5156 3880 5220 λογι-

2308 5260 2470 5331 σμὸν,
2495 5257 2591 5313 καί
2621 5275 2787 5331 φησιν
2808 5272 2823 5288 ο

2383 5374 2403 5407 ι
2466 5352 2851 5424 Ἐπίστρεψον,
2905 5350 3118 5423 Κύριε,
3187 5348 3350 5421 ῥῦσαι
3386 5346 3487 5418 τὴν
3537 5344 3718 5417 ψυχήν
3765 5358 3877 5412 μου.

2308 5450 2485 5505 σῶσόν
2515 5466 2583 5523 με
2601 5449 2790 5503 ἕνεκεν
2813 5446 2907 5501 τοῦ
2931 5446 3113 5508 ἐλέους
3138 5461 3253 5499 σου.
3293 5462 3312 5493 ι
3347 5442 3503 5496 Μετὰ
3525 5441 3594 5493 τά
3628 5438 3879 5507 ἰδιώματα

2309 5542 2405 5595 τοῦ
2439 5540 2737 5604 Δεσπότου,
2771 5538 3007 5612 προάγει
3046 5537 3139 5591 τὸν
3170 5536 3330 5605 λόγον
3367 5535 3458 5588 καὶ
3505 5535 3534 5587 ὁ
3578 5527 3877 5602 προφήτης-

625 5634 894 5707 producit.
930 5634 1029 5691 Ubi
1080 5634 1225 5690 enim
1275 5634 1526 5707 superius
1578 5634 1849 5691 dixisset:
1892 5654 1912 5688 ι
1951 5633 2191 5691 Μῆδοι-ενι

2313 5635 2495 5690 Εἰπὼν
2523 5634 2635 5707 γὰρ
2664 5633 2949 5705 ἀνωτέρω,
2996 5650 3016 5682 ι
3074 5629 3331 5701 Ἐλέησόν
3378 5644 3467 5698 με,
3500 5626 3707 5696 Κύριε·
3742 5614 3881 5673 fassi

614 5842 631 5853 ,
696 5788 743 5820 ⁸⁸
767 5787 913 5843 Psal.
943 5803 1137 5858 xxxun,
1168 5790 1218 5857 l,
1252 5788 1307 5844 2.
1391 5789 1434 5822 ⁸³
1462 5789 1629 5845 Matth
1705 5805 1830 5858 χιιι,
1866 5790 1953 5846 30.

2032 5792 2079 5823 ”
2111 5790 2245 5850 Luc.
2291 5807 2417 5857 xm,
2458 5790 2511 5847 δ.
2588 5790 2631 5823 ⁹¹
2664 5788 2858 5847 Matth.
2901 5800 3050 5854 xxxv,
3086 5784 3178 5839 21.
