4080 6596
338 376 485 444 1125

1525 387 1809 450 ORATIO
1849 388 1933 453 IN
1974 390 2339 457 PSALMUM
2368 396 2467 459 VI.

3484 402 3622 474 1126

335 511 433 564 με,
464 493 661 564 Κύριε,
686 512 704 547 ι
741 496 937 565 ἐπάγει
965 495 1177 561 τούτοις
1207 497 1335 569 ἑξῆς
1363 499 1445 566 τὸ,
1469 518 1489 553 t
1525 500 1888 575 Ἐπίστρεψον

2034 508 2159 572 mei,
2190 507 2449 575 Domine;
2470 524 2603 565 sana
2631 523 2740 577 me,
2766 509 2998 568 Domine
3024 529 3037 568 :
3069 530 3087 566 ι
3113 511 3180 575 iis
3203 513 3399 573 deinde
3421 518 3622 576 subne-

328 587 414 651 ὡς
444 586 655 658 ποιμὴν
688 588 1025 661 ἐπίστρεψον
1045 607 1060 623 σ
1094 609 1113 643 ι
1136 592 1233 645 καὶ
1262 592 1339 657 ὡς
1362 593 1588 664 ὁδηγὸς,
1623 595 1784 666 ῥύσαι
1806 615 1820 630 ·
1852 598 1929 663 ὡς

324 678 597 745 δυνατὸς,
634 698 653 731 ι
695 680 878 736 Σῶσόν
919 699 987 754 με
1016 683 1208 739 ἕνεκεν
1236 689 1331 739 τοῦ
1381 686 1567 753 ἐλέους
1602 704 1718 744 σου.
1758 709 1777 743 ι
1815 692 1927 763 Οὐχ

325 767 501 824 ἕνεκα
530 770 641 823 τῶν
672 771 850 842 ἔργων
881 790 1006 844 μου,
1041 778 1257 850 πονηρὰ
1282 778 1392 849 γάρ
1422 778 1561 833 εἰσιν
1587 795 1601 809 °
1632 781 1731 853 οὐχ
1761 782 1927 837 ἕνεκα

324 860 445 915 τῶν
474 861 651 932 λόγων
682 880 810 934 μου,
847 866 1068 935 μάταιοι
1102 870 1212 940 γάρ
1244 871 1383 923 εἰσιν
1403 886 1417 900 ·
1472 872 1571 942 οὐχ
1618 873 1785 928 ἕνεκα
1814 876 1925 928 τῶν

322 951 615 1023 λογισμῶν
663 974 789 1026 μου,
842 960 1082 1031 ῥυπαροὶ
1127 960 1236 1033 γάρ
1267 964 1439 1016 εἰσιν
1473 965 1631 1030 ἀλλὰ,
1686 986 1705 1018 ι
1740 967 1924 1023 Σῶσόν

325 1064 403 1117 με
434 1048 621 1103 ἕνεκεν
648 1049 742 1104 τοῦ
772 1050 960 1115 ἐλέους
994 1069 1112 1108 σου.
1150 1073 1169 1106 ι
1202 1055 1266 1108 Et
1297 1055 1354 1109 δὲ
1402 1057 1735 1113 δικάσασθαι
1783 1062 1923 1131 πρός

324 1159 401 1214 με
440 1143 656 1215 βούλει,
702 1145 813 1214 ἐγὼ
861 1148 1239 1220 προλαμσάνω
1274 1150 1373 1222 τὴν
1409 1153 1509 1223 σὴν
1565 1153 1774 1226 κρίσιν,
1827 1157 1922 1210 καὶ

319 1237 454 1291 κατ’
483 1239 728 1309 ἐμαυτοῦ
752 1240 854 1312 τὴν
898 1241 1179 1311 ἀπόφασιν
1215 1245 1459 1316 ἐκφέρω,
1498 1248 1592 1300 καὶ
1627 1247 1915 1319 ὁμολογῶ,

315 1329 407 1383 ὃτι
435 1329 585 1395 ἄξιος
613 1331 852 1387 θανάτου
893 1334 1029 1402 ἐγώ.
1063 1337 1286 1401 Λοιπὸν,
1328 1357 1346 1389 t
1394 1338 1580 1393 Σῶσόν
1614 1358 1681 1412 με
1727 1342 1918 1397 ἕνεκεν

313 1418 422 1473 τοῦ
451 1419 644 1485 ἐλέους
691 1438 807 1478 σου.
845 1443 865 1477 ι
902 1424 998 1488 Et;
1025 1424 1085 1478 τὸ
1121 1425 1271 1490 ἔλεός
1302 1445 1397 1481 σου
1437 1432 1799 1501 καταφεύγω,
1829 1433 1920 1486 οὐ·-

312 1511 412 1565 δέν
464 1512 604 1584 ἔχων
635 1518 1011 1588 προσαγαγεῖν
1055 1534 1161 1573 σοι.
1197 1518 1387 1584 Ἔλεος
1418 1521 1557 1575 αἰτῶ
1598 1524 1753 1593 παρὰ
1781 1524 1875 1578 σού
1899 1542 1912 1557 ·

317 1606 403 1677 μὴ
428 1603 675 1682 ζητήσῃς
709 1627 779 1679 με
811 1610 912 1682 τὴν
945 1610 1143 1666 τούτου
1182 1614 1378 1684 τιμήν.
1422 1615 1615 1680 Οὐδεὶς
1644 1618 1756 1689 γάρ
1781 1635 1914 1672 ποτε

311 1697 420 1770 τὴν
470 1699 851 1771 ἐλεημοσύνην
902 1704 1249 1776 πιπράσκει,
1296 1706 1434 1759 ἀλλά
1480 1707 1655 1779 δῶρον
1705 1710 1914 1782 ταύτην

312 1793 574 1864 παρέχει.
603 1795 717 1860 Διὸ,
759 1814 781 1845 ς
815 1795 1000 1850 Σῶσον
1050 1815 1118 1867 με
1148 1798 1338 1851 ἐνεκεν
1366 1801 1461 1853 τοῦ
1502 1800 1686 1867 ἐλέους
1726 1820 1844 1859 σου.
1886 1823 1905 1856 ι

311 1888 607 1959 Μνήσθητι
639 1890 747 1944 τῶν
774 1891 950 1961 λόγων
979 1887 1055 1946 ὧν
1085 1896 1143 1946 ἐν
1176 1897 1296 1958 ταῖς
1324 1896 1509 1964 ἁγίαις
1538 1914 1632 1952 σου
1664 1898 1910 1969 Γραφαῖς

310 1985 584 2055 εἴρηκας·
618 1987 701 2041 ὅτι
742 2006 761 2040 ι
814 1987 1127 2061 Ἐπιμελῶς
1155 1991 1405 2061 ἔγκειται
1443 1992 1657 2046 διάνοια
1676 1993 1781 2048 τοῦ
1816 1996 1911 2048 ἀν-

309 2078 540 2151 θρώπου
570 2082 663 2136 ἐπὶ
700 2082 768 2137 τὰ
793 2083 1045 2155 πονηρὰ,
1080 2088 1144 2140 ἐκ
1187 2087 1439 2157 νεότητος
1477 2088 1668 2143 αὑτοῦ.
1702 2108 1721 2141 ι
1754 2090 1908 2160 Μνή-

307 2172 478 2245 σθητι
507 2175 589 2229 ὅτι
609 2176 898 2246 ἄνθρωπος
926 2179 1249 2251 ματαιότητι
1280 2179 1560 2251 ὡμοιώθη,
1593 2182 1688 2235 καὶ
1717 2182 1820 2250 ότι,
1847 2184 1906 2237 ού

305 2264 727 2338 δικαιοθήσεται
752 2269 989 2325 ἐνώπιόν
1016 2290 1109 2326 σου
1142 2275 1251 2337 πᾶς
1281 2272 1409 2338 ζῶν.
1450 2291 1469 2324 t
1520 2273 1648 2326 Ἐὰν
1677 2274 1910 2345 ἀνομίας

307 2363 710 2435 παρατηρήσῃ,
750 2363 833 2427 τίς
858 2364 1269 2438 ύποστήσεταις
1310 2386 1328 2419 ι
1373 2366 1659 2438 Μνὴσθητι
1689 2368 1772 2420 ὅτι
1811 2368 1905 2421 ού-

303 2451 425 2515 δεὶς
454 2453 697 2525 καθαρὸς
726 2456 835 2510 ἀπὸ
868 2456 1069 2529 ῥύπου,
1098 2458 1210 2511 οὐδ’
1239 2458 1306 2513 ἂν
1406 2459 1505 2530 μία
1526 2461 1764 2530 ήμέραή
1792 2460 1906 2531 ζωὴ

305 2543 515 2613 αὑτοῦξ·
558 2546 655 2600 καὶ
696 2548 781 2601 ὅτι
838 2566 857 2600 ι
892 2551 955 2602 ἐν
990 2549 1249 2620 ἁνομίαις
1300 2550 1664 2622 συνελήφθην,
1714 2552 1810 2605 καὶ
1847 2553 1906 2608 ἐν

304 2636 619 2708 ἁμαρτίαις
664 2638 925 2710 ἐκίσσησέ
970 2657 1037 2710 με
1068 2640 1102 2712 ἠ
1134 2642 1318 2712 μήτηρ
1356 2659 1481 2713 μου.
1537 2661 1556 2694 ι
1615 2642 1905 2715 Μνήσθητι

302 2727 394 2780 ὅτι
419 2728 542 2782 οὐδὲ
574 2730 739 2794 αὐτὸς
766 2732 795 2784 ό
816 2731 1045 2802 ούρανδς
1075 2732 1320 2804 καθαρὸς
1353 2732 1585 2787 ἐνώπιόν
1620 2751 1713 2787 σου
1736 2751 1748 2763 ·
1782 2735 1904 2788 ούδέ

302 2821 356 2873 0t
378 2821 602 2891 ἄγγελοι
632 2824 791 2877 αὐτοὶ
816 2824 1200 2897 ἀναμάρτητοι
1236 2826 1469 2881 ἐνώπιόν
1502 2844 1621 2892 σου,
1644 2825 1699 2880 εί
1721 2844 1782 2896 γε
1806 2827 1906 2881 καὶ

303 2913 369 2979 ἐξ
410 2916 642 2987 ούρανοῦ
695 2916 894 2973 ἐπεσόν
948 2936 1097 2982 τινες
1142 2918 1211 2972 δι’
1263 2918 1651 2991 ὑπερηφανίαν
1696 2917 1898 2972 αὐτῶν.

309 3026 331 3059 ι
376 3008 605 3065 Ἕνεκεν
625 3010 720 3065 τοῦ
743 3012 929 3076 ἐλέους
956 3030 1049 3067 σου
1085 3012 1261 3066 σῶσόν
1291 3030 1357 3083 με
1378 3027 1392 3042 ·
1430 3031 1449 3067 ι
1476 3012 1576 3084 ἐμὲ
1608 3012 1700 3065 τὸν
1719 3010 1900 3077 ἐλέους

299 3101 585 3174 δεόμενον.
638 3105 701 3159 Εί
745 3105 856 3177 γὰρ
889 3106 982 3159 τὸν
1010 3106 1160 3171 ἄξιον
1210 3105 1405 3171 σώζεις
1426 3147 1441 3174 ,
1473 3108 1521 3159 εί
1554 3104 1647 3158 τὸν
1692 3104 1900 3160 δίκαιον

2031 601 2127 655 ctit
2156 600 2312 666 illud,
2348 619 2367 653 ι
2402 601 2694 669 Converte,
2726 613 3008 669 converte,
3037 623 3056 657 ι
3090 614 3150 661 ut
3184 615 3402 676 pastor:
3439 620 3495 664 ut
3523 611 3621 667 vite

2029 691 2162 759 dux,
2193 693 2382 762 eripe;
2417 702 2478 749 ut
2525 706 2744 764 potens,
2785 714 2805 748 ‹
2844 694 3065 751 Salvum
3122 712 3208 751 me
3258 695 3347 752 fac
3398 710 3620 770 propter

2028 784 2465 840 misericordiam
2514 793 2686 843 tuam.
2729 806 2748 841 ο
2784 788 2900 843 Non
2958 800 3182 860 propter
3235 804 3400 861 Opera
3455 806 3612 861 mea;

2026 878 2228 948 quippe
2271 879 2410 933 mala
2459 887 2607 933 sunt.
2644 879 2760 934 Non
2808 891 3036 952 propter
3080 897 3232 938 meos
3284 899 3614 941 sermones:

2024 984 2153 1025 nam
2184 980 2313 1027 sunt
2357 972 2504 1027 vani.
2552 970 2668 1027 Non
2719 982 2945 1043 propter
2998 987 3149 1029 meas
3200 976 3615 1045 cogitationes:

2024 1062 2299 1135 siquidem
2349 1076 2474 1121 sunt
2527 1066 2863 1121 immunda:
2902 1068 3020 1133 sed,
3058 1086 3077 1119 ι
3127 1067 3351 1123 Salvum
3397 1085 3484 1124 me
3529 1070 3617 1127 fac

2022 1170 2250 1230 propter
2297 1159 2735 1214 misericordiam
2770 1169 2939 1214 tuam.
2990 1178 3008 1212 ι
3044 1159 3200 1227 Quod
3228 1162 3276 1216 si
3308 1160 3444 1217 velis
3479 1163 3613 1218 mihi

2023 1251 2172 1307 litem
2206 1253 2504 1322 intentare,
2554 1264 2702 1307 tuum
2749 1269 2848 1324 ego
2878 1252 3141 1321 judicium
3177 1269 3407 1325 occupo,
3450 1256 3614 1327 inque

2020 1346 2293 1416 meipsum
2338 1347 2672 1417 pronuntio,
2709 1361 2772 1401 ac
2805 1363 2891 1401 me
2919 1360 3071 1401 reum
3106 1347 3298 1403 mortis
3349 1348 3613 1404 conﬁteor

2020 1455 2084 1496 ac
2136 1454 2395 1510 agnosco.
2450 1438 2745 1504 Caeterum,
2782 1456 2800 1489 ι
2838 1438 3061 1494 Salvum
3113 1456 3199 1495 me
3253 1439 3340 1495 [ac
3388 1450 3613 1511 propter

2020 1533 2452 1590 misericordiam
2509 1544 2678 1588 tuam.
2719 1552 2738 1586 ι
2774 1532 2855 1587 Ad
2892 1543 3040 1588 tuam
3088 1534 3350 1605 confugio
3396 1536 3612 1591 miseri-

2016 1626 2284 1691 cordiam,
2319 1640 2443 1681 cum
2480 1625 2614 1681 mihi
2649 1624 2791 1681 desit
2832 1624 2964 1695 quid
3006 1625 3257 1682 olferam.
3290 1624 3401 1681 Abs
3435 1636 3487 1682 te
3514 1627 3610 1681 mi-

2015 1719 2372 1775 sericordiam
2399 1718 2584 1787 ﬂagito
2616 1736 2629 1772 :
2659 1726 2716 1772 tu
2754 1733 2825 1772 ne
2851 1717 2972 1787 ejus
3020 1719 3256 1787 pretium
3288 1733 3319 1771 a
3353 1732 3440 1773 me
3461 1734 3607 1789 qna:-

2016 1823 2128 1864 ras.
2162 1806 2334 1863 Nemo
2377 1809 2576 1878 quippe
2623 1806 3059 1861 misericordiam
3106 1805 3314 1871 vendit,
3363 1807 3456 1862 sed
3484 1822 3606 1862 eam

2016 1900 2190 1972 gratis
2238 1900 2447 1955 tribuit.
2506 1898 2734 1965 Idcirco,
2775 1917 2793 1950 ι
2842 1897 3067 1953 Salvum
3114 1913 3200 1953 me
3249 1899 3335 1953 fac
3382 1908 3606 1970 propter

2015 1991 2447 2047 misericordiam
2481 1999 2647 2044 tuam.
2683 2009 2702 2042 ›
2732 1988 3004 2043 Memento
3039 1989 3332 2043 verborum
3358 2001 3599 2055 tuorum,

2013 2100 2136 2155 qua:
2168 2084 2223 2139 in
2248 2084 2424 2139 sacris
2451 2082 2678 2138 Litteris
2705 2082 3024 2152 prolocutus
3046 2096 3127 2136 es.
3146 2080 3467 2148 Nimirum,t
3503 2082 3604 2137 ho-

2012 2178 2176 2233 minis
2221 2188 2455 2233 mentem
2510 2176 2797 2246 diligenter
2843 2175 2896 2228 in
2940 2172 3084 2228 mala
3125 2173 3388 2229 intentam
3432 2190 3461 2229 a
3503 2191 3602 2231 sua

2006 2271 2293 2342 juventute
2317 2273 2385 2325 ".
2423 2289 2443 2323 ι
2480 2269 2751 2323 Memento
2789 2267 3068 2322 hominem
3107 2268 3330 2321 vanitati
3378 2268 3601 2323 assimi-

2012 2364 2179 2419 latum
2211 2379 2351 2428 esse,
2380 2378 2444 2417 ac
2477 2361 2592 2416 fore
2622 2369 2680 2415 ut
2712 2375 2816 2413 non
2847 2357 3180 2427 iustificetur
3204 2360 3385 2413 omnis
3411 2359 3599 2416 vivens

2010 2473 2193 2513 coram
2247 2466 2302 2512 te
2343 2456 2411 2509 ”.
2452 2472 2471 2506 ι
2518 2453 2575 2508 Si
2630 2452 2953 2522 iniquitates
3024 2452 3424 2517 observaveris,
3473 2454 3595 2523 quis

2009 2548 2305 2605 sustinebit
2329 2546 2400 2600 "1'
2434 2564 2453 2599 ι
2490 2545 2763 2600 Memento
2790 2544 3061 2598 neminem
3092 2559 3120 2597 a
3153 2544 3311 2599 sorde
3337 2546 3615 2620 mundum

2008 2658 2148 2708 esse,
2177 2656 2245 2696 ne
2271 2641 2315 2695 si
2342 2656 2447 2695 una
2479 2640 2594 2694 dies
2625 2638 2700 2694 sit
2726 2639 2834 2693 vita
2864 2639 2980 2709 ejus
3016 2655 3031 2692 :
3062 2647 3230 2706 utque
3260 2654 3279 2688 ι
3314 2637 3366 2692 ἰιι
3398 2639 3597 2707 iniqui.

2010 2732 2211 2787 tatibus
2243 2736 2541 2798 conceptus
2572 2730 2698 2795 sim,
2725 2739 2775 2782 et
2804 2729 2858 2783 in
2893 2728 3136 2798 peccatis
3164 2730 3477 2798 conceperit
3512 2746 3597 2785 me

2007 2835 2183 2881 mater
2209 2839 2329 2878 mea
2363 2822 2433 2877 ".
2479 2840 2499 2875 ι
2535 2821 2807 2876 Memento
2843 2837 2911 2876 ne
2939 2821 3138 2877 coelum
3186 2822 3361 2891 ipsum
3403 2837 3589 2876 coram

2009 2926 2061 2972 te
2088 2916 2350 2971 mundum
2385 2928 2508 2971 esse
2535 2914 2607 2980 ",
2641 2928 2821 2984 neque
2851 2914 3077 2985 angelos
3108 2929 3231 2970 esse
3259 2930 3444 2969 coram
3475 2925 3527 2970 te
3558 2929 3589 2970 ιι

2005 3018 2229 3082 peccato
2267 3009 2537 3064 immunes
2559 3008 2628 3075 ’⁷,
2661 3007 2928 3077 siquidem
2957 3022 3145 3063 eorum
3184 3007 3352 3077 aliqui
3379 3007 3595 3069 cecide-

2004 3112 2135 3158 runt
2163 3119 2194 3159 e
2223 3104 2362 3161 celo
2410 3109 2634 3175 promer
2686 3099 3017 3169 superbiam.
3057 3117 3076 3151 ι
3110 3098 3348 3174 Salvum
3388 3114 3475 3156 me
3509 3098 3595 3154 fac

300 3194 576 3265 ἐλεήσεις,
602 3197 758 3252 οὐδὲν
794 3198 1111 3269 θαυμαστόν
1134 3214 1149 3229 ·
1190 3198 1305 3252 ἀλλ’
1336 3200 1384 3251 εί
1414 3198 1515 3268 ἐμὲ
1537 3197 1628 3250 τὸν
1654 3196 1894 3263 ἀνάξιον,

2008 3204 2229 3265 pr0pter
2277 3192 2711 3251 misericordiam
2755 3201 2906 3246 tuam
2941 3187 3021 3245 ι’»
3062 3207 3170 3258 me,
3208 3192 3451 3262 inquam,
3501 3192 3593 3262 qui

302 3287 403 3341 τοῦ
438 3289 621 3354 ἐλέους
648 3274 742 3344 σοῖ)
775 3290 1053 3356 ἀξιώσεις,
1090 3291 1254 3345 τοῦτο
1283 3291 1378 3345 καὶ
1402 3291 1558 3358 ξένον
1576 3306 1590 3319 ·
1619 3288 1780 3343 τοῦτο
1807 3290 1902 3344 καὶ

306 3382 477 3453 μέγα.
512 3383 623 3436 Καὶ
653 3383 762 3455 γὰρ
808 3385 992 3456 ἰατρὸς
1026 3383 1147 3438 τότε
1183 3385 1553 3455 θαυμάζεται,
1587 3384 1678 3438 ὅτε
1710 3384 1902 3448 νόσους

301 3475 561 3539 ἀνιάτους
613 3478 796 3531 ίᾶταν
851 3480 945 3533 καὶ
988 3477 1315 3549 ἀνθρώπους
1366 3477 1618 3549 χαλεπῶς
1648 3477 1895 3549 ἔχοντας,

302 3567 650 3638 ἐπαναγάγει
692 3570 833 3642 πρὸς
886 3571 1252 3643 εύρρωστίαν.
1303 3572 1414 3625 Καὶ
1462 3570 1716 3642 βασιλεὺς
1774 3571 1897 3625 τότε

300 3661 633 3727 ἐπαινεῖται,
676 3663 765 3717 ὅτε
815 3666 933 3726 τοῖς
978 3664 1220 3731 ἀναξίοις
1261 3664 1569 3736 χαρίζεται.
1604 3661 1765 3728 Οἶδας
1797 3664 1897 3736 τὴν

300 3752 592 3807 ἀσθένειαν
634 3755 738 3827 τῆς
784 3755 1037 3825 φύσεως,
1069 3758 1146 3820 ὼς
1178 3760 1274 3812 καὶ
1313 3757 1525 3822 πλάσας
1570 3758 1761 3831 αὐτὴν,
1798 3757 1896 3811 καὶ

300 3846 383 3918 μὴ
414 3846 734 3913 ἀπαξιώσας
770 3849 978 3920 ταύτην
1012 3849 1358 3906 ἐνδύσασθαι.

2004 3288 2384 3345 misericordia
2432 3302 2638 3359 egeam.
2689 3287 2972 3356 Siquidem
3015 3286 3162 3342 enim
3211 3301 3337 3341 eum
3380 3285 3593 3341 salvum

2002 3380 2161 3445 facis,
2210 3380 2303 3451 qui
2351 3382 2550 3451 dignus
2597 3388 2682 3436 est
2716 3397 2732 3435 :
2769 3379 3037 3448 siquidem
3096 3378 3377 3434 misereris
3433 3378 3588 3448 justi,

2004 3474 2142 3529 nihil
2174 3490 2262 3530 res
2300 3474 2682 3530 admirationis
2715 3474 2881 3528 habet
2922 3496 2933 3529 :
2967 3474 3050 3529 sin
3086 3485 3271 3527 autem
3305 3473 3589 3539 indignum

2003 3584 2109 3632 me,
2151 3577 2240 3623 tua
2272 3569 2644 3625 misericordia
2704 3569 3034 3638 impertieris
3066 3584 3078 3620 :
3116 3568 3219 3623 hoc
3274 3567 3460 3636 utique
3490 3580 3590 3620 no-

2002 3677 2165 3728 vum;
2202 3662 2306 3717 hoc
2354 3678 2606 3733 magnum
2649 3665 2763 3719 ﬁet.
2798 3663 2950 3719 Tunc
2980 3663 3179 3732 quippe
3211 3661 3454 3715 medicus
3485 3658 3588 3713 ad-

2002 3756 2277 3810 mirationi
2325 3756 2579 3822 habetur,
2617 3772 2740 3811 cum
2785 3759 3007 3813 morbos
3040 3755 3370 3811 incurabiles
3403 3761 3584 3818 sanat,

2000 3850 2254 3918 maleque
2289 3847 2510 3902 affectos
2541 3849 2785 3914 pristina:
2831 3846 3131 3904 valetudini
3179 3855 3416 3916 reparat.
3468 3844 3587 3899 Rex

215 3936 229 3951 '
297 3956 522 4012 quoque
571 3954 702 3997 tunc
748 3943 1059 3998 celebratur
1093 3943 1365 4009 laudibus,
1402 3959 1526 3999 cum
1593 3944 1646 3999 in
1685 3942 1991 3998 immeritos
2049 3942 2336 3997 munilicus
2355 3949 2460 3996 est.
2483 3942 2603 3997 Scis
2653 3952 2865 3997 naturae
2910 3940 3587 4012 imbecillitatem,quippe

296 4033 394 4104 qui
430 4048 547 4087 eam
582 4032 927 4098 fortnaveris,
977 4050 1077 4090 nec
1125 4035 1295 4104 ipsam
1350 4023 1577 4089 induere
1622 4035 1947 4106 dedignatus
1973 4033 2067 4089 sis.

373 4123 494 4190 Διὸ,
553 4144 571 4176 ι
608 4126 789 4179 Σῶσόν
832 4145 898 4198 με
948 4128 1138 4182 ἕνεκεν
1183 4128 1275 4182 τοῦ
1330 4128 1517 4192 ἐλέους
1563 4145 1682 4182 σου.
1722 4147 1742 4180 ο
1799 4129 1892 4201 Μὴ

2064 4125 2424 4197 Quapropter,
2463 4146 2482 4177 ‹
2520 4125 2742 4181 Salvum
2771 4141 2857 4182 me
2888 4126 2978 4182 fac
3008 4137 3233 4199 propter
3268 4128 3585 4184 misericor-

299 4216 506 4290 νικήσῃ
553 4218 585 4286 ἡ
630 4218 739 4289 ἐμὴ
791 4219 1040 4291 ῥᾳθυμία
1069 4220 1169 4292 τὴν
1195 4220 1435 4292 ἄμετρόν
1462 4238 1556 4273 σου
1583 4220 1895 4293 φιλανθρω-

2008 4222 2138 4276 tiam
2178 4230 2348 4274 tuam.
2391 4238 2411 4271 ι
2449 4219 2528 4275 Ne
2559 4222 2765 4286 vincat,
2798 4235 3006 4290 quaeso,
3042 4236 3160 4274 mea
3197 4220 3459 4289 segnities
3484 4219 3585 4273 int-

299 4308 464 4362 πίαν’
496 4326 514 4359 ι
549 4310 641 4381 Μὴ
672 4310 753 4373 εἰς
782 4311 965 4383 κρίσιν
985 4311 1147 4384 ἔλθῃς
1175 4312 1316 4383 μετά
1342 4312 1450 4366 τῶν
1478 4312 1683 4366 δούλων
1718 4330 1833 4367 σου.
1866 4334 1885 4367 ι

2008 4328 2238 4369 nensam
2286 4312 2633 4368 clementiam
2679 4329 2744 4370 ac
2788 4315 3180 4384 benignitatem
3215 4323 3402 4367 tuam:
3446 4332 3464 4365 ι
3505 4312 3583 4367 Nc

299 4403 364 4456 Εἰ
412 4402 523 4474 γὰρ
572 4404 832 4475 κριθῆναι
875 4405 1149 4478 βουληθῇς
1179 4406 1319 4477 πρὸς
1350 4407 1531 4477 ἡμᾶς,
1578 4408 1687 4461 πᾶν
1717 4407 1895 4479 στόμα

2016 4417 2163 4461 utres
2213 4405 2268 4459 in
2313 4404 2579 4475 judicium
2630 4419 2753 4461 cunt
2793 4406 2970 4461 servis
3019 4405 3130 4460 tuis
3176 4404 3247 4460 “.
3289 4424 3309 4457 ι
3343 4404 3399 4458 Si
3436 4404 3580 4458 enim

298 4497 691 4568 φραγήσεται,
752 4498 920 4569 μηδὲν
971 4498 1094 4569 ἔχον
1147 4498 1620 4570 ἀπολογήσασθαι.
1653 4500 1718 4552 Τί
1778 4500 1889 4571 γὰρ

2008 4498 2230 4560 volueris
2264 4496 2473 4567 judicio
2521 4499 2807 4555 nobiscum
2863 4500 3221 4563 contendere,
3263 4497 3582 4552 obstruatur

297 4587 570 4661 ἐρούμεν;
625 4590 718 4660 Μὴ
767 4590 931 4654 ὄντας
982 4592 1131 4663 ἡμᾶς
1174 4593 1464 4664 ἐποίησας,
1512 4592 1888 4664 πλανηθέντας

2008 4599 2206 4661 ψοτιθι
2236 4606 2397 4646 omne
2423 4606 2505 4655 os,
2533 4592 2680 4645 omni
2714 4593 3038 4647 destitutum
3069 4591 3406 4647 defensione.
3440 4589 3578 4656 Quid

296 4680 681 4751 ἐπέστρεψας,
733 4682 1086 4747 ἀπολωλότας
1127 4682 1441 4757 ἐζήτησας,
1488 4684 1659 4757 τιμίῳ
1691 4684 1887 4755 ἐξηγόο

2008 4683 2135 4739 anim
2173 4683 2376 4739 dicturi
2429 4683 2661 4738 sumus?
2692 4684 2826 4738 Cum
2879 4700 2987 4740 non
3030 4698 3299 4748 essemus,
3337 4683 3577 4748 creasti;

297 4792 473 4846 ρασας
520 4775 739 4846 αἵματι,
790 4777 941 4840 υἱοὺς
985 4778 1134 4847 ἡμᾶς
1188 4775 1324 4829 Θεοῦ
1374 4776 1469 4830 καὶ
1514 4775 1890 4849 κληρονόμους

2008 4792 2180 4834 :rrore
2242 4776 2464 4847 lapsos,
2534 4778 2881 4844 convertisti;
2944 4776 3189 4846 perditos
3243 4775 3575 4845 quaesivisti;

296 4866 660 4939 κατέστησας.
683 4869 795 4932 Διὸ,
820 4888 837 4920 ι
870 4868 962 4941 Μὴ
986 4868 1233 4940 μνησθῇς
1261 4868 1370 4922 τῶν
1392 4868 1633 4939 ἀνομιῶν
1657 4869 1836 4940 ἡμῶν·
1864 4889 1882 4923 ι

2008 4872 2234 4927 )retioso
2265 4870 2547 4926 redemisti
2582 4871 2887 4941 sanguine;
2928 4870 3018 4924 Dei
3043 4885 3143 4925 nos
3169 4870 3309 4924 filios
3326 4885 3390 4924 ac
3414 4876 3576 4924 haere-

299 4958 437 5029 μηδέ
455 4960 715 5013 ἀντισταο
726 4960 892 5032 μίσῃς
918 4963 1040 5024 ταῖς
1062 4960 1358 5032 ἁμαρτίαις
1381 4960 1480 5030 τὴν
1500 4959 1599 5032 σὴν
1628 4960 1887 5033 ἀπειλήνο

296 5047 437 5103 ἀλλά
464 5050 554 5103 τὸν
597 5050 806 5104 δίκαιόν
858 5070 949 5106 σου
986 5049 1171 5120 ζυγὸν,
1211 5071 1228 5103 ι
1265 5051 1448 5105 κλῖνον
1482 5053 1546 5105 ἐκ
1591 5051 1782 5107 τούτου
1806 5056 1887 5119 είς

295 5141 491 5195 τοῦτο’
538 5163 558 5195 ι
602 5144 667 5197 ἐκ
721 5144 814 5197 τού
863 5145 1138 5215 ἡμετέρου
1194 5142 1443 5214 φορτίου,
1502 5146 1582 5209 είς
1636 5143 1696 5198 τὸ
1745 5146 1890 5217 μέγα

296 5235 450 5299 ἔλεός
491 5252 609 5291 σου.
664 5236 852 5290 Σῶσόν
896 5254 965 5307 με
993 5236 1187 5291 ἕνεκεν
1225 5236 1324 5305 τῆς
1357 5236 1728 5309 χρηστότητός
1762 5255 1888 5301 σου,

295 5328 363 5383 δι’
402 5322 470 5402 ἧς
505 5329 710 5401 κόσμον
741 5329 1118 5400 ἀπολλύμενον
1158 5328 1404 5391 ἔσωσας⁴
1443 5329 1538 5382 καὶ
1582 5330 1784 5395 πάντες
1838 5331 1890 5384 οἱ

296 5421 395 5477 ἀπ’
443 5422 639 5483 αἰῶνος
672 5423 1061 5488 δικαιωθέντες
1080 5464 1092 5485 ,
1122 5424 1212 5478 διὰ
1255 5424 1462 5496 ταύτης
1492 5424 1601 5478 τῶν
1626 5426 1685 5477 ἐν
1715 5425 1889 5494 ἐπαγ-

297 5514 509 5581 γελίαις
556 5514 878 5589 ἠξιώθησαν
926 5517 1171 5586 ἀγαθῶν.
1218 5518 1339 5572 Κᾶν
1395 5520 1502 5588 γὰρ
1552 5519 1757 5573 Μωσέα
1805 5536 1889 5583 τις

298 5609 461 5680 εἴπῃ,
507 5608 608 5663 κᾶν
679 5609 913 5682 Ἀαρὼν,
963 5612 1068 5667 κᾶν
1118 5612 1314 5679 Δαὸὶδ,
1371 5614 1477 5668 κᾶν
1532 5612 1741 5685 Πέτρον
1790 5613 1882 5669 τὸν

1990 4966 2086 5020 des
2116 4963 2469 5019 constituisti.
2523 4964 2884 5034 Quapropter,
2922 4982 2941 5014 ι
2984 4962 3065 5018 Ne
3101 4963 3414 5018 memineris
3468 4962 3573 5017 ini-

1993 5056 2261 5127 quitatum
2310 5066 2623 5112 nostrarum
2659 5056 2706 5089 ”
2742 5073 2759 5113 :
2800 5075 2820 5108 ι
2862 5071 3037 5126 neque
3081 5058 3318 5127 peccatis
3367 5057 3574 5112 nostris

1991 5128 2138 5205 tuam
2164 5164 2232 5205 ex
2268 5149 2502 5204 adverso
2528 5149 3006 5205 comminatiouem
3038 5150 3364 5221 appenderis
3400 5150 3571 5220 :quiu

1988 5243 2190 5313 potius,
2220 5242 2426 5313 justam
2464 5241 2612 5297 illam
2649 5251 2797 5296 tuam
2844 5241 3036 5297 libram
3080 5259 3100 5294 ι
3138 5241 3341 5297 inclina
3368 5256 3436 5296 ex
3464 5242 3570 5297 hoc

1990 5338 2041 5392 in
2069 5337 2172 5393 hoc
2208 5337 2261 5403 ¹;
2300 5355 2319 5389 ι
2354 5351 2421 5391 ex
2461 5346 2648 5391 nostro
2685 5350 2853 5391 onere
2883 5337 2937 5390 in
2964 5351 3213 5404 magnam
3247 5336 3392 5391 illam
3422 5346 3567 5391 tuam

1988 5428 2450 5483 misericordiam.
2507 5427 2728 5484 Salvum
2762 5445 2848 5485 me
2880 5431 2965 5487 l'ac
2996 5442 3219 5502 propter
3266 5432 3565 5487 bonitatem

1990 5529 2156 5587 tuam,
2188 5536 2287 5592 per
2315 5535 2478 5591 quam
2503 5521 2764 5576 tnundum
2796 5525 3066 5594 perditum
3100 5524 3310 5580 salvum
3345 5522 3521 5579 fecisti
3548 5539 3563 5577 :

1988 5630 2287 5686 omnesque
2320 5631 2351 5671 a
2385 5615 2587 5673 saeculo
2618 5615 2747 5688 justi
2782 5633 2879 5688 per
2914 5633 3034 5673 eam
3068 5618 3209 5674 bona
3236 5615 3564 5688 repromissa

368 5762 739 5843 "ﬂutat",
762 5765 859 5843 2|.
936 5765 1144 5843 "Psal.
1167 5783 1370 5843 _cx_t.m_,
1408 5769 1471 5835 4;
1514 5769 1761 5843 cxr.n,2.
1838 5772 1886 5843 ’ζ
1916 5771 2062 5827 Psal.
2088 5787 2274 5835 cmx.
2305 5774 2358 5831 5.
2434 5775 2482 5808 "
2506 5774 2651 5834 Psal.
2680 5793 2733 5843 ι,
2761 5775 2814 5831 7.
2891 5777 2937 5809 "
2960 5774 3057 5831 Job
3094 5791 3178 5841 xv,
3224 5775 3309 5832 l5.
3387 5775 3433 5810 "
3462 5773 3565 5833 Job

310 5847 376 5899 iV,
406 5834 494 5893 18.
573 5837 617 5868 ⁸⁸
653 5836 795 5894 l‘sal.
828 5854 998 5906 chtt,
1031 5838 1087 5895 2.
1164 5841 1208 5872 θ’
1235 5840 1379 5896 Psal.
1421 5834 1613 5909 ωινιιι,
1660 5841 1713 5897 8.
1795 5843 1812 5874 ί
1855 5839 1905 5899 Ρ;

2050 5859 2236 5912 Lxstv,
2272 5848 2321 5900 9.
