4080 6562
522 309 659 385 1127

1726 327 1788 388 S.
1830 321 2231 388 ANASTASII
2290 330 2617 391 SINAIT/E

3660 336 3795 405 1128

523 432 786 503 consequi
829 445 1166 491 meruerunt.
1211 434 1532 505 Quanquam
1566 440 1712 493 enim
1748 441 1873 510 quis
1913 439 2100 497 Mosen

2232 441 2425 509 πρῶτον
2453 442 2566 497 τῶν
2598 442 2938 510 ἀποστόλων,
2984 445 3089 501 κᾶν
3124 441 3336 501 Παῦλον
3370 445 3465 503 τὸν
3499 451 3579 515 είς
3617 450 3798 526 τρε-τον

524 525 671 581 dicat
701 528 755 595 ’ς
786 542 1096 597 quanquam
1128 526 1275 581 dicat
1304 529 1485 583 Aaron
1516 529 1575 598 ³;
1606 546 1913 600 quanquam
1943 533 2101 589 Davi-

528 621 650 675 dem
674 620 726 687 ⁸;
746 635 1054 690 quanquam
1082 619 1304 675 Petrum
1332 622 1699 691 apostolorum
1730 625 2027 695 principem
2047 627 2101 692 ';

528 725 836 780 quanquam
888 710 1135 775 Paulum,
1175 714 1269 781 qui
1316 713 1382 766 ad
1417 714 1634 768 tertium
1692 732 1863 787 usque
1910 718 2106 773 caelum

532 817 722 875 raptus
755 815 839 860 est
866 806 887 837 ⁶
914 819 931 858 :
966 820 1034 859 ne
1064 821 1230 860 unum
1256 808 1476 876 quidem
1510 809 1701 863 borum
1731 811 1903 880 possit
1928 812 2111 868 dicere

530 912 559 950 a
591 907 813 967 peccato
860 896 1175 952 immunem.
1218 898 1570 965 Quamobrm,
1604 900 1721 971 ipse
1749 916 1967 973 quoque
1996 904 2111 960 sola

532 988 637 1043 fide
687 988 882 1041 salvari
944 1003 1151 1058 quano.
1205 989 1372 1057 Fide,
1425 992 1667 1062 inquam,
1718 1009 1824 1049 non
1871 1010 1939 1051 ex
1989 1012 2112 1055 meo

530 1096 694 1151 opere
729 1079 787 1147 ';
826 1092 884 1135 nt
916 1084 984 1137 ad
1017 1098 1101 1137 me
1146 1099 1362 1153 quoque
1401 1085 1641 1141 clemens
1665 1102 1730 1141 ac
1761 1087 2027 1160 benignus
2056 1100 2112 1146 tu

531 1172 681 1226 dicas
712 1190 727 1227 :
754 1191 771 1223 ι
807 1170 966 1228 Fides
997 1182 1089 1228 tua
1119 1183 1173 1228 te
1191 1174 1399 1228 salvum
1434 1174 1562 1231 fecit
1593 1191 1608 1230 :
1637 1179 1770 1233 vade
1796 1180 1847 1233 in
1878 1195 2009 1248 pace
2032 1182 2109 1235 ⁸.»

532 1263 746 1319 Nemini
772 1266 918 1320 enim
967 1268 1233 1331 omnium,
1270 1268 1472 1336 quibus
1504 1271 1715 1324 veniam
1754 1271 1973 1336 dedisti,
2007 1273 2115 1327 Do-

536 1357 702 1423 mine,
740 1358 963 1424 dixisti;
1003 1356 1180 1429 Opera
1214 1366 1306 1413 tua
1344 1369 1393 1414 Ie
1424 1360 1632 1415 salvum
1666 1361 1912 1418 fecerunt
1945 1382 1959 1417 :
1991 1366 2114 1434 quia

539 1466 561 1501 ι
597 1447 788 1507 Omnis
834 1460 1020 1506 nostra
1073 1449 1289 1520 justitia
1359 1461 1617 1523 tanquam
1684 1469 1899 1525 pannus
1962 1472 2117 1512 men-

2202 534 2436 606 οὒρανδν
2475 536 2839 604 ἁρπαγέντα,
2896 537 3089 592 οὐδένα
3142 540 3353 596 τούτων
3405 543 3796 615 ἀναμάρτητον

2204 626 2318 691 ἕξει
2360 629 2559 680 εἰπεῖν.
2605 628 2718 692 Διὸ,
2752 629 2937 682 πίστει
2973 629 3114 705 μόνῃ
3144 631 3301 702 κάγὼ
3329 635 3571 704 σωθῆναι
3608 634 3797 707 ζητῶ⁶

2212 718 2419 781 πίστει,
2451 720 2512 771 οὐ
2544 720 2767 790 πράξει,
2805 720 2893 775 ῐνα
2923 722 3017 774 καὶ
3044 724 3186 794 πρὸς
3228 725 3330 796 ἐμὲ
3354 728 3383 779 ὁ
3410 727 3802 799 φιλάνθρωπος

2214 809 2409 881 εἴπῃς·
2446 828 2466 862 ι
2508 812 2573 864 Ἢ
2603 812 2788 877 πίστις
2832 830 2927 867 σου
2976 815 3188 870 σέσωκέ
3223 833 3315 870 σε·
3347 818 3585 890 πορεύου
3612 820 3699 883 εις
3722 821 3803 873 ιι.

2221 904 2414 977 ρήνην.
2452 923 2471 956 ι
2529 905 2721 969 ὐσοις
2767 907 3045 976 συνέγνως
3086 909 3199 965 τῶν
3251 910 3559 982 ἀνθρώπιον
3586 912 3681 982 ἐφ’
3722 908 3804 978 οἷς

2217 997 2490 1069 ἦμαρ-ιον,
2539 997 2811 1062 Δέσποτα,
2841 999 3017 1055 οὐδενὶ
3047 1001 3230 1055 αὐτῶν
3256 1003 3489 1075 εἴρηκας
3507 1018 3524 1032 ³
3554 1004 3643 1058 Τὰ
3668 1003 3807 1075 ἔργα

2220 1107 2316 1144 σου
2368 1090 2577 1145 σέσωκέ
2622 1109 2713 1158 σε,
2760 1093 2844 1146 ὅτι
2875 1111 2894 1143 ι
2938 1092 3094 1146 Πᾶσα
3114 1093 3435 1153 δικαιοσύνη
3471 1095 3805 1168 ἀνθρώπου,

2212 1184 2447 1263 ἐνώπιόν
2505 1202 2635 1247 σου,
2681 1186 2852 1257 ῥάκος
2895 1188 3352 1261 ἀποκαθημένης.
3411 1208 3430 1241 ι
3487 1189 3583 1243 Διδ
3642 1188 3808 1243 πάλιν

2214 1278 2359 1345 λέγω
2384 1293 2397 1307 ⁸
2435 1296 2452 1328 ι
2492 1279 2676 1332 Σῶσὸν
2711 1297 2777 1350 με
2800 1280 2989 1334 ἕνεκεν
3018 1282 3111 1335 τοῦ
3143 1283 3328 1347 ἐλέους
3361 1300 3456 1336 σου
3478 1299 3492 1313 ·
3518 1283 3618 1336 καὶ
3645 1299 3809 1336 κατα·

2213 1370 2395 1438 διώξει
2423 1389 2489 1442 με
2515 1372 2576 1425 τὸ
2600 1373 2750 1437 ἔλεός
2783 1390 2877 1427 σου
2916 1375 3101 1440 πάσας
3133 1376 3232 1440 τὰς
3269 1376 3485 1447 ἡμέρας
3519 1375 3628 1446 τῆς
3660 1373 3808 1444 ζωῆς

2221 1482 2346 1535 μου.
2382 1485 2400 1518 ι

535 1558 758 1608 struata:
789 1550 811 1581 ⁹
850 1567 870 1602 ι
909 1551 963 1605 in
991 1561 1290 1621 conspectu
1325 1560 1437 1606 tuo.
1489 1551 1676 1623 Itaque
1717 1570 1933 1610 rursum
1999 1558 2132 1615 aio:
2180 1579 2198 1613 ι
2241 1562 2461 1620 Salvum
2505 1581 2592 1622 me
2625 1563 2713 1622 fac
2758 1575 2979 1639 prapter
3024 1564 3451 1622 misericordiam
3496 1575 3677 1621 tuam.
3746 1560 3809 1621 Et

540 1643 913 1698 misericordia
963 1653 1052 1699 tua
1081 1647 1448 1715 subsequetnr
1495 1662 1580 1703 me
1622 1650 1877 1707 omnibus
1927 1653 2121 1711 diebus
2157 1658 2281 1713 vita:
2311 1676 2444 1716 mea:
2470 1662 2536 1715 '°.
2583 1680 2601 1713 ι
2966 1655 2974 1661 ’

612 1742 1106 1811 Subsequeturme,
1127 1743 1221 1814 qui
1253 1743 1392 1797 male
1419 1761 1447 1797 a
1479 1752 1530 1798 te
1556 1743 1756 1811 fugiam
1796 1766 1807 1802 :
1835 1750 1926 1818 qui
1950 1753 2127 1806 conti-

2300 1757 2643 1824 Καταδιώξει
2678 1775 2745 1828 με
2771 1757 2864 1812 τὸν
2895 1757 3084 1821 κακῶς
3113 1757 3222 1811 ἀπὸ
3245 1756 3340 1811 σοῦ
3370 1756 3653 1826 φεύγοντα
3675 1772 3690 1786 ⁸
3720 1755 3809 1810 τὸν

539 1847 647 1891 nue
657 1836 723 1890 ad
740 1844 1022 1907 peceatum
1035 1850 1275 1891 curram.
1291 1836 1368 1889 Tu
1383 1838 1550 1900 enim,
1568 1854 1690 1893 cum
1705 1844 1781 1894 sis
1799 1858 1817 1892 ι
1849 1841 2010 1908 Deus,
2029 1845 2123 1913 qui

541 1926 677 1981 facis
703 1925 969 1980 mirabilia
1002 1925 1169 1989 solus,
1196 1926 1424 1979 mirifica
1462 1942 1626 1996 super
1657 1943 1745 1982 me
1773 1930 1939 1983 etiam
1977 1941 2121 1985 tuam

545 2018 977 2073 misericordiam
1012 2019 1080 2072 “.
1118 2036 1137 2069 ι
1172 2015 1254 2072 Tu
1281 2018 1480 2087 quippe
1506 2028 1791 2087 sperantes
1830 2020 1883 2076 in
1920 2030 1973 2076 te
2013 2023 2123 2077 sal-

544 2125 641 2165 vos
670 2108 805 2164 facis
827 2108 871 2140 ¹¹
897 2150 913 2173 ,
942 2108 1207 2179 facisque,
1237 2125 1402 2180 supra
1433 2124 1594 2179 quam
1651 2110 1886 2180 petimus
1909 2122 2001 2167 aut
2043 2114 2126 2168 in-

548 2202 857 2272 telligimus.
896 2201 1143 2257 Accessit
1169 2200 1237 2255 ad
1296 2211 1349 2257 te
1406 2201 1716 2271 aliquando,
1753 2202 1999 2270 Domine,
2033 2205 2127 2274 qui

542 2294 730 2348 decem
752 2290 975 2345 millium
1002 2290 1327 2345 talentorum
1353 2290 1538 2346 debito
1567 2291 1866 2347 obstrictus
1899 2303 2018 2349 erat
2056 2292 2123 2360 ι’,

546 2398 783 2453 cumque
812 2383 929 2437 leve
960 2380 1089 2451 quid
1125 2381 1373 2437 beneficii
1428 2382 1679 2452 accipere
1727 2393 1994 2455 rogasset,
2027 2401 2126 2453 pro

547 2486 638 2533 tua
665 2476 777 2547 ipse
796 2474 1081 2530 clementia
1112 2474 1426 2529 universam
1479 2474 1529 2528 ei
1594 2474 1834 2528 debitum
1888 2475 2125 2533 donasti.

546 2567 657 2625 Sed
692 2577 747 2623 et
784 2566 1040 2638 prodigus
1064 2579 1318 2620 reversus
1345 2564 1474 2619 olim
1522 2562 1588 2628 “,
1644 2579 1809 2618 unum
1856 2580 1888 2618 e
1919 2580 2128 2619 merce-

546 2660 720 2718 nariis
753 2660 859 2717 tuis
886 2657 1003 2713 fieri
1050 2654 1369 2728 ﬂagitabat:
1416 2665 1471 2710 tu
1528 2664 1734 2723 autem,
1768 2670 1866 2725 pro
1916 2671 2127 2711 mercc-

548 2758 711 2821 tario,
740 2755 911 2810 filium
938 2767 1060 2807 eum
1096 2766 1159 2805 ac
1214 2750 1484 2805 heredem
1537 2748 1735 2803 fecisti.
1766 2748 1930 2804 Petiit
1989 2750 2129 2806 latro

550 2862 612 2906 ut
642 2851 759 2921 ejus
781 2846 1125 2903 meminisses
1148 2843 1202 2898 in
1236 2857 1404 2914 regno
1465 2850 1558 2897 tuo
1592 2842 1635 2873 ³³
1668 2858 1683 2895 :
1719 2850 1774 2895 tu
1826 2852 2006 2896 autem
2042 2851 2128 2897 to-

553 2956 666 3001 tum
705 2943 779 3000 illi
809 2942 1122 3014 paradisum
1148 2938 1376 3009 largitus
1401 2952 1482 2993 es.
1509 2934 1757 2989 Accessit
1782 2936 2042 2991 meretrix
2073 2936 2128 2991 in

550 3040 732 3096 ﬂetum
783 3039 1019 3095 resoluta
1044 3038 1111 3107 “,
1140 3035 1455 3105 maioraque
1516 3034 1728 3103 accepit
1776 3046 1938 3103 quam
2002 3044 2127 3101 spe-

555 3143 703 3191 raret
733 3149 797 3189 ac
828 3121 1335 3203 quaereret.'Flevit
1356 3137 1409 3182 et
1437 3125 1631 3181 Petrus
1665 3135 1898 3189 tantum,
1923 3123 2129 3193 ipsum-
2157 3120 2201 3179 C

552 3242 659 3299 qne
682 3226 831 3298 regni
862 3225 1125 3281 caelorum
1153 3221 1354 3279 creasti
1375 3220 1725 3288 clavigerum.
1747 3215 1860 3282 Sic,
1886 3216 2132 3281 Domine,

556 3321 803 3378 moribus
861 3325 1236 3387 comparatum
1290 3314 1483 3377 habes,
1537 3324 1596 3367 ιιι
1634 3312 1688 3366 in
1734 3309 2054 3382 desperatis,
2080 3310 2135 3364 in

555 3415 755 3487 quibus
786 3412 931 3469 nulla
984 3409 1176 3467 salutis
1204 3422 1329 3480 spes
1387 3406 1595 3476 reliqua
1653 3404 1925 3467 videatur,
1964 3402 2017 3456 in
2069 3401 2138 3457 iis

557 3508 856 3563 clementia:
885 3515 988 3559 tua:
1021 3518 1085 3557 ac
1106 3498 1466 3572 benignitatis
1492 3496 1917 3569 magnitudinem
1951 3502 2138 3550 osten-

558 3605 678 3659 das.
710 3602 1002 3671 PrOpterea
1030 3606 1236 3668 repeto,
1261 3609 1363 3652 nec
1393 3594 1636 3651 desinam
1694 3606 1931 3662 unquam
1990 3603 2141 3659 repe-

564 3708 719 3751 tere:
758 3712 776 3746 ι
858 3691 1078 3747 Salvum
1149 3703 1236 3746 me
1271 3687 1358 3744 fac
1438 3694 1659 3758 propter
1705 3682 2138 3744 misericordiam

564 3797 733 3841 tuam.
778 3803 798 3837 ι

637 3893 658 3929 ι
697 3873 963 3943 Quoniam
989 3888 1094 3929 non
1125 3881 1209 3928 est
1245 3873 1298 3927 in
1331 3880 1507 3927 morte
1551 3870 1644 3941 qui
1678 3883 1889 3925 memor
1909 3868 1984 3923 sit
2012 3867 2086 3922 tui
2122 3883 2138 3922 :

566 3972 621 4026 in
646 3969 860 4024 inferno
900 3978 1082 4022 autem
1107 3966 1227 4035 quis
1252 3963 1601 4021 confitebitur
1631 3962 1762 4017 tibi?
1790 3981 1808 4015 ι
1842 3959 2138 4030 Pmpterea

566 4062 765 4119 festino
796 4081 812 4118 :
847 4067 1134 4129 propterea
1187 4057 1383 4113 anxius
1424 4071 1568 4120 sum,
1592 4055 1751 4127 plane
1800 4055 2140 4126 exploratum

566 4156 793 4219 habens,
826 4165 1101 4221 nunquam
1133 4165 1221 4206 me
1251 4149 1306 4204 in
1339 4150 1554 4203 inferno
1588 4146 1967 4202 confessurum
2000 4142 2133 4210 Deo,

569 4248 660 4304 ubi
695 4246 865 4303 semel
893 4246 1017 4300 vitae
1059 4244 1182 4299 finis
1204 4243 1570 4312 occupaverit.
1605 4240 1760 4295 Nulla
1795 4241 1942 4295 enim
1976 4248 2062 4294 est
2090 4238 2144 4293 in

570 4339 782 4395 inferno
808 4337 1126 4409 pteniteutia
1162 4336 1389 4405 :nequit
1416 4334 1611 4403 aliquis
1648 4343 1999 4403 peccatorum
2038 4329 2145 4385 illic

573 4432 788 4489 veniam
821 4428 1241 4499 consequi;non
1269 4434 1449 4497 potest
1484 4426 1597 4480 fieri
1625 4435 1683 4480 ut
1708 4426 1830 4494 quis
1866 4421 2145 4501 remissio-

2226 1852 2313 1905 ἀεὶ
2336 1851 2472 1923 πρὸς
2494 1851 2592 1922 τὴν
2611 1851 2891 1922 ἁμαρτίαν
2911 1849 3198 1922 τρέχοντα.
3232 1851 3305 1903 Σὺ
3327 1851 3458 1922 γὰρ,
3491 1868 3509 1902 ι
3540 1849 3682 1914 Θεὸς
3711 1849 3807 1913 ὢν,

2228 1941 2402 1996 ποιῶν
2431 1940 2713 2011 θαυμάσια
2750 1941 2935 2011 μόνος,
2969 1940 3370 2011 θαυμάστωσον
3412 1940 3511 1993 καὶ
3536 1940 3631 1992 ἐπ’
3687 1940 3811 2010 ἐμοὶ

2226 2035 2288 2087 τὸ
2317 2034 2466 2098 ἔλεός
2494 2052 2609 2088 σου.
2656 2054 2675 2086 ι
2709 2034 2782 2089 Σὺ
2816 2034 2929 2105 γὰρ
2956 2034 3084 2097 τοὺς
3124 2032 3448 2098 ἐλπίζοντας
3482 2034 3581 2087 ἐπὶ
3620 2033 3686 2087 σέ
3707 2040 3814 2087 σῶ-

2228 2126 2389 2190 ζειςο
2432 2128 2527 2181 καὶ
2574 2130 2751 2191 ποιεῖς
2803 2126 2947 2179 ὑπὲρ
2998 2124 3027 2178 ὃ
3094 2126 3398 2198 αἰτούμεθα
3451 2126 3488 2198 ἢ
3553 2125 3810 2197 νοοῦμεν.

2228 2220 2513 2292 Πῳσῆλθέ
2565 2220 2648 2274 σοί
2684 2239 2838 2286 ποτε,
2898 2222 3170 2285 Δέσποτα,
3246 2218 3459 2292 μυρίων
3528 2219 3815 2275 ταλάντων

2229 2311 2537 2383 ὀφειλέτης,
2556 2315 2651 2367 καὶ
2684 2313 2888 2386 μικρὰν
2917 2308 3063 2384 αὐτῷ
3094 2312 3257 2383 χάριν
3272 2310 3462 2366 λαϐεῖν
3493 2312 3812 2381 αίτήσαντι,

2227 2406 2443 2459 τελείαν
2464 2406 2541 2470 ὡς
2576 2406 2963 2478 φιλάνθρωπος
3009 2408 3109 2478 τὴν
3160 2403 3517 2476 συγχώρησιν
3547 2402 3813 2465 δέδωκας.

2242 2500 2611 2572 Ἐπιστρέψας
2641 2500 2774 2554 ποτὲ
2806 2501 2903 2554 καὶ
2947 2502 2977 2553 6
3006 2499 3239 2564 ἄσωτος,
3291 2493 3370 2562 εἷς
3416 2503 3526 2551 τῶν
3579 2494 3817 2567 μισθίων

2232 2609 2327 2646 σου
2364 2593 2637 2647 ἐδυσώπει
2675 2593 2930 2663 γενέσθαι
2960 2610 2976 2627 ο
3008 2593 3074 2646 σὺ
3103 2592 3179 2659 δὲ,
3216 2591 3337 2645 υίὺν
3366 2589 3530 2644 αὑτὸν
3562 2589 3665 2643 καὶ
3687 2587 3817 2656 κληε

2234 2687 2461 2757 ρονὸμον
2490 2685 2615 2738 ἀντὶ
2648 2684 2879 2756 μισθίων
2934 2684 3266 2752 πεποίηκας.
3310 2680 3588 2753 ’ῌτήσατο
3639 2679 3671 2731 6
3720 2676 3816 2748 λῃο

2233 2780 2383 2850 στὴς,
2419 2782 2643 2851 μνήμην
2661 2779 2828 2834 αὑτοῦ
2856 2779 3045 2835 λαϐεῖν
3096 2781 3155 2832 ἐν
3191 2780 3259 2849 τῇ
3288 2775 3539 2847 βασιλείᾳ
3570 2791 3673 2827 σου
3704 2790 3720 2805 ·
3756 2772 3818 2826 σὺ

2230 2873 2287 2926 δέ
2317 2873 2437 2927 ὅλον
2484 2872 2634 2944 αὐτῷ
2671 2873 2765 2927 τὸν
2814 2873 3149 2945 παράδεισον
3199 2870 3481 2941 ἐδωρήσω.
3523 2864 3818 2937 Προσῆλθε

2232 2962 2327 3016 καὶ
2364 2962 2537 3033 πόρνη
2574 2961 2913 3034 δακρύουσα,
2936 2963 3034 3014 καὶ
3058 2960 3199 3030 ὑπὲρ
3233 2957 3263 3012 ὃ
3288 2958 3494 3029 ἤλπισε
3544 2957 3647 3010 καὶ
3688 2952 3818 3022 “is

2230 3071 2419 3127 τησεν,
2457 3055 2674 3110 ἐλαϐεν.
2741 3054 3043 3125 Ἐδάκρυσε
3091 3052 3188 3107 καὶ
3239 3052 3449 3124 Πέτρος
3487 3049 3679 3122 μόνον,
3727 3046 3821 3102 καὶ

2235 3150 2546 3222 κλειδοῦχον
2581 3149 2743 3205 αὐτὸν
2777 3149 2882 3219 τῆς
2938 3148 3050 3202 τῶν
3100 3146 3352 3219 οὐρανῶν
3402 3143 3689 3216 βασιλείας
3728 3156 3823 3193 πε·

2236 3244 2495 3315 ποίηκας.
2533 3240 2790 3295 Τοιοῦτόν
2819 3256 2938 3305 σου,
2978 3239 3250 3300 Δέσποτα,
3285 3236 3349 3291 τδ
3397 3228 3577 3299 Ἐθος,’
3612 3234 3676 3286 ἐν
3712 3230 3823 3293 τοῖς

2235 3335 2689 3407 ἀπεγνωσμένοις
2708 3351 2723 3367 ο
2751 3336 2813 3388 ἐν
2832 3336 2946 3398 τοῖς
2994 3332 3265 3405 μηδεμίαν
3296 3328 3489 3385 ἐλπίδα
3542 3324 3823 3394 σωτηρίας

2238 3429 2472 3501 ἔχουσιν,
2502 3430 2559 3481 ἐν
2582 3428 2769 3488 αὐτοῖς
2796 3425 3173 3479 ἐνδείκνυσθαι
3202 3423 3261 3477 τὸ
3299 3419 3531 3491 μέγεθος
3562 3416 3670 3486 τῆς
3729 3430 3817 3483 φιο

2238 3520 2595 3594 λανθρωπίας
2628 3536 2747 3573 σου.
2797 3518 2898 3573 Διὰ
2946 3516 3105 3570 τοῦτο
3152 3514 3323 3584 λέγω,
3382 3513 3479 3566 καὶ
3536 3509 3718 3578 λέγων
3761 3504 3821 3559 οὗ

2240 3614 2524 3683 παύσομαι
2549 3630 2563 3645 ·
2604 3631 2621 3664 ι
2658 3609 2844 3666 Σῶσόν
2878 3627 2944 3681 με
2971 3609 3159 3663 ’ἐνεκεν
3180 3604 3278 3661 τοῦ
3314 3605 3500 3668 ἐλέους
3529 3618 3652 3655 σου.
3695 3618 3715 3653 ι

2320 3900 2338 3933 ι
2383 3881 2505 3935 Ὅτι
2534 3880 2635 3933 οὐκ
2653 3878 2803 3932 ἐστιν
2823 3877 2881 3930 ἐν
2908 3874 2988 3946 τῷ
3015 3872 3234 3943 θανάτῳ
3252 3874 3281 3926 ὀ
3307 3866 3667 3942 μνημονεύων
3696 3879 3819 3922 σου·
3872 3893 3884 3907 ·

2244 3974 2302 4027 ἐν
2332 3973 2389 4027 δέ
2422 3970 2499 4043 τῷ
2529 3969 2653 4041 ᾄδῃ,
2687 3968 2772 4033 τίς
2820 3961 3282 4037 ἐξομολογήσεται
3318 3978 3421 4027 σοι;
3458 3978 3477 4011 ι
3525 3958 3629 4013 Διὰ
3670 3956 3826 4011 τοῦτο

2246 4064 2464 4119 σπεύδω
2495 4079 2510 4094 ο
2544 4062 2633 4115 διὰ
2668 4059 2828 4115 τοῦτο
2850 4058 3096 4128 ἀγωνιῶ,
3126 4054 3413 4123 γινώσκων
3445 4051 3720 4123 ἀκριϐῶς,
3744 4050 3821 4103 ὅτι

2245 4158 2331 4212 ἐπ’
2358 4155 2426 4210 ἂν
2458 4154 2521 4208 τὸ
2558 4154 2739 4225 πέρας
2799 4150 2897 4220 τῆς
2933 4147 3081 4219 ζωῆς
3134 4162 3236 4216 μου
3297 4143 3619 4212 φθάσωμαι,
3671 4137 3823 4191 οὑδιι⁴

2250 4248 2367 4322 μῶς
2407 4247 2486 4316 τῷ
2515 4243 2634 4315 Θεῷ
2684 4244 2744 4297 ἐν
2778 4241 2856 4312 τῷ
2902 4240 3006 4313 ᾄδῃ
3040 4236 3536 4309 ἐξομολογήσομαι.
3585 4232 3664 4285 Οὐ
3718 4228 3823 4298 γάρ

2247 4344 2398 4397 ἐστιν
2433 4342 2553 4393 ἐκεῖ
2590 4336 2854 4409 μετάνοια
2876 4352 2892 4368 ο
2949 4335 3051 4387 οὐκ
3080 4331 3230 4384 ἐστιν
3270 4328 3390 4383 ἐκεῖ
3417 4325 3606 4379 λαϐεῖν
3639 4324 3823 4393 ἁμαρ⁴

2245 4434 2369 4497 τίας
2399 4430 2753 4503 συγχώρησιν
2779 4446 2792 4460 ·
2835 4428 2938 4481 οὐκ
2973 4426 3121 4479 ἐστιν
3152 4425 3210 4477 ἐν
3243 4420 3322 4492 τῷ
3354 4416 3823 4491 μνήματι,πλημ-

576 4540 698 4583 nem
727 4524 1055 4581 delictorum
1087 4522 1141 4576 in
1183 4521 1427 4592 sepulcro
1459 4518 1681 4575 referat.
1725 4518 1993 4575 Nundinte
2021 4532 2121 4573 sun

2253 4502 2585 4595 μελημάτων
2624 4519 2957 4590 κομίσασθαι
2991 4520 3209 4586 ἄφεσιν.
3259 4510 3575 4583 Πανήγυρίς
3609 4510 3759 4562 ἐστιν
3796 4507 3823 4559 6

573 4632 812 4689 praesens
844 4615 954 4670 vita
991 4615 1121 4670 :ubi
1166 4628 1295 4684 ergo
1364 4613 1618 4667 nundinae
1673 4611 1865 4667 solutae
1927 4611 2147 4674 fuerint,

2251 4617 2364 4688 βίος
2392 4632 2408 4648 ·
2446 4618 2534 4668 ἐπ’
2573 4613 2639 4669 ἂν
2684 4608 2778 4667 οὖν
2810 4612 2945 4684 λυθῇ
2978 4613 3012 4681 ἡ
3062 4608 3370 4678 πανήγυρις
3399 4642 3415 4667 ,
3454 4601 3631 4665 οὐδεὶς
3689 4615 3822 4669 πρα·

575 4688 735 4765 nemo
765 4706 1035 4780 neg0tiari
1066 4714 1260 4777 potest.
1289 4704 1462 4760 Stadii
1493 4720 1654 4759 cursu
1698 4712 1936 4774 peracto,
1968 4702 2127 4757 nullu;

2250 4705 2665 4778 γματεύσασθαι
2695 4705 2943 4759 δύναται.
2978 4702 3099 4757 Ἐπ’
3119 4701 3184 4755 ἂν
3219 4700 3279 4753 τὸ
3309 4694 3522 4749 στάδιον
3555 4688 3820 4761 παρέλθῃ,

574 4802 732 4857 miles
753 4802 916 4856 habet
946 4807 1181 4855 certare.
1205 4796 1303 4854 Ubi
1332 4810 1437 4851 nox
1456 4795 1822 4867 occupaverit,
1851 4795 1986 4850 nihil
2010 4796 2127 4851 lucr

2248 4801 2424 4864 οὐδεὶς
2462 4798 2791 4869 ἀγωνίζεται
2829 4796 3192 4869 στρατιώτης.
3241 4792 3360 4848 Ἐπ’
3390 4792 3457 4846 ἂν
3506 4789 3542 4858 ἡ
3583 4785 3680 4851 νὺξ
3736 4798 3822 4835 και

583 4902 829 4962 apparet.
863 4890 1000 4945 Audi
1057 4889 1188 4960 quid
1252 4887 1529 4958 Scriptura
1582 4888 1725 4943 dicat
1757 4905 1770 4941 :
1800 4905 1818 4938 ι
1860 4886 2005 4943 Mors
2035 4887 2127 4941 vin

2250 4893 2486 4967 ταλάϐῃ,
2519 4893 2579 4947 τὸ
2610 4892 2803 4965 κέρδος
2851 4892 2913 4945 οὐ
2949 4890 3224 4960 φαίνεται.
3274 4888 3543 4941 ’Ἄκουσον
3574 4878 3629 4935 τί
3667 4891 3821 4949 φησιν

584 4983 820 5051 requies,
853 4982 1006 5048 cuius
1032 4981 1345 5036 abscondita
1381 4990 1467 5035 est
1504 4981 1585 5035 via
1622 4997 1636 5035 :
1688 4978 1954 5035 conclusit
2001 4980 2127 5035 enin

2254 4988 2289 5057 ἡ
2324 4965 2539 5056 Γραιρή.
2589 5003 2608 5035 ι
2639 4983 2884 5045 Θάνατος
2925 4980 3083 5052 ἀνδρὶ
3123 4979 3454 5039 ἀνάπαυσις,
3507 4965 3568 5026 οὗ
3627 4971 3663 5041 ἡ
3708 4966 3821 5027 ὁδὸς

581 5070 730 5123 Deus
760 5084 924 5138 super
952 5085 1075 5122 eum
1108 5070 1173 5125 ".
1218 5087 1238 5121 ι
1274 5066 1375 5124 Ubi
1432 5080 1610 5124 autem
1662 5068 1805 5125 Deus
1863 5069 2127 5125 conclusit

2255 5072 2567 5145 ἁπεκρύϐη.
2604 5071 2929 5125 Συνέκλεισε
2962 5069 3074 5139 γὰρ
3118 5068 3149 5120 6
3199 5065 3332 5129 Θεὸς
3364 5065 3461 5119 ἀπ’
3496 5057 3667 5116 αὐτοῦ
3701 5059 3813 5145 ⁸³⁸)

585 5176 691 5216 ιιοιι
724 5172 809 5216 est
835 5170 1182 5231 peccatorum
1203 5160 1546 5230 pmnitentia.
1581 5160 1699 5217 Vita
1734 5162 1851 5217 haec
1891 5164 2119 5218 certami

2256 5141 2433 5219 Ὅπου
2456 5141 2593 5216 Θεοῦ
2620 5159 3012 5230 συγκλεισμδς,
3060 5156 3335 5230 ἁμαρτίας
3363 5156 3466 5208 οὐκ
3499 5150 3617 5204 ἐστι
3666 5141 3823 5216 μετὰ·

585 5252 746 5307 nibus
777 5252 951 5321 posita
989 5262 1071 5306 est
1103 5270 1116 5305 :
1163 5251 1357 5314 futura,
1380 5253 1488 5320 illa,
1518 5253 1664 5322 justo
1691 5255 1895 5325 judicio
1930 5270 2127 5326 :quam

2257 5274 2395 5312 νοια.
2421 5248 2591 5318 Οὗτος
2617 5256 2645 5308 ὁ
2669 5253 2805 5324 βίος,
2838 5252 2947 5308 τῶν
2967 5250 3197 5318 ἀγώνων
3222 5266 3236 5279 ο
3267 5248 3498 5308 ἐκεῖνος,
3529 5241 3819 5302 δικαιοκρι-

584 5346 809 5411 obrem,
861 5364 880 5398 ι
918 5347 1127 5400 salvum
1197 5362 1285 5401 me
1334 5345 1420 5403 fac
1464 5358 1682 5418 prepter
1729 5350 2127 5406 misericordiam

2258 5350 2418 5413 σίας’
2462 5370 2480 5402 ι
2527 5322 2710 5403 Σῶσϐν
2748 5364 2815 5419 με
2864 5347 3054 5401 ἕνεκεν
3085 5344 3179 5397 τοῦ
3235 5341 3420 5403 ἐλέους
3475 5352 3592 5390 σου.
3635 5329 3719 5383 Ἐν
3766 5322 3817 5376 δὲ

657 5456 876 5533 {fiam}
900 5473 997 5533 sx,
1026 5458 1110 5513 12.
1186 5459 1207 5533 ξ
1237 5459 1425 5533 Exod.
1459 5476 1628 5524 xxxii,
1663 5462 1745 5533 2.7
1794 5464 1816 5495 ⁸
1846 5459 1886 5515 ll
1912 5461 2050 5533 Reg.
2085 5477 2164 5523 ιι.
2196 5463 2249 5518 4.
2330 5464 2349 5493 ⁸
2384 5463 2579 5533 Matth.
2612 5461 2861 5526 xxvr,70.
2922 5460 2962 5533 _'
2987 5457 3186 5533 "pqr.
3224 5469 3331 5533 _xtt,
3359 5452 3467 5533 2._
3490 5450 3509 5481 '
3558 5445 3816 5533 W592!-

588 5545 644 5584 η.
680 5529 769 5585 15.
821 5529 866 5598 ,⁸
899 5512 1026 5583 [λεώ.
1066 5512 1162 5595 νιι,
1193 5512 1779 5598 δοῗἿιεΞΪιξὲὶνῖϐ.
1846 5512 2127 5590 Versius

2232 5512 2249 5595 ζ
2277 5533 2330 5587 6.
2384 5512 2869 5597 ’ῖι“ιῖξξιιζ“ἶιξέχν,
2907 5512 3003 5586 ιζ
3044 5512 3086 5561 ’ί
3115 5524 3259 5583 Psal.
3296 5512 3408 5590 in,
3436 5522 3486 5577 7.
3567 5516 3610 5551 "
3639 5512 3818 5571 Manu.

589 5614 740 5664 xvnt,
770 5596 863 5655 2i.
966 5599 1009 5630 “
1041 5598 1167 5655 Luc.
1204 5616 1291 5667 xv,
1324 5601 1411 5658 l9.
1518 5602 1561 5634 ¹⁸
1592 5596 1723 5658 an.
1751 5617 1908 5669 χχιιι,
1932 5604 2023 5659 4‘2.
2103 5604 2148 5636 ¹⁸
2176 5601 2308 5658 Luc.
2342 5618 2439 5668 vn,
2465 5603 2554 5662 57.
2636 5605 2677 5636 ”
2714 5603 2812 5660 Job
2846 5619 2929 5666 ιιι,
2956 5601 3051 5655 9.5.

1862 5723 2090 5780 VARI/ﬁ
2132 5723 2543 5781 LECTIONES.

663 5791 722 5826 ⁸³·
747 5790 833 5848 la.
853 5792 938 5846 ἐπ’
970 5791 1156 5848 αὑτοῦ.
