4080 6520
290 325 430 395 1129

1456 328 1740 390 ORATIO
1775 329 1857 393 IN
1888 332 2252 395 PSALMUM
2290 333 2394 396 VI.

3333 371 3336 376 -
3411 328 3550 399 1130

283 442 365 515 τῷ
415 443 518 518 ᾅδῃ
568 442 656 507 τίς
697 441 1164 515 ἐξομολογήσεται
1202 458 1306 509 σοι;
1346 461 1363 494 ι
1404 442 1548 512 Ὅρα
1587 442 1640 496 τί
1690 460 1826 513 φησι
1853 458 1869 475 ο

1987 456 2146 502 luam.
2186 447 2242 503 in
2290 446 2505 504 inferno
2562 455 2742 503 autem
2800 445 2921 518 quis
2961 445 3313 504 conﬁtebitur
3353 448 3490 505 tibi?
3527 468 3546 500 ο

295 556 313 590 ι
349 538 445 603 Τίς
473 535 940 607 ὲξομολογήσεταί
963 551 1077 603 σοις
1109 555 1128 587 ι
1163 536 1469 601 τουτέστιν,
1519 537 1719 600 οὐδείς.
1771 538 1872 593 Διά

286 629 444 685 τοῦτο
474 631 666 697 καλὸν,
698 628 1002 700 ἀγαπητοὶ,
1039 627 1500 701 προευτρεπίζειν
1522 629 1749 693 ἑαυτοὺς
1772 628 1874 700 τῆς

284 724 465 778 ἐκεῖσε
497 720 835 791 ὁδοιπορίας,
880 721 977 776 ἵνα
1013 721 1090 794 μὴ
1123 722 1274 793 ἡμᾶς
1329 722 1477 776 κατά
1522 721 1625 786 τὰς
1678 721 1873 793 μωρὰς

287 813 595 885 παρθένους
632 813 838 888 ἄπορος
866 813 965 879 νὺξ
1021 814 1331 886 καταλάϐῃ.
1360 812 1583 884 Ταύτην
1631 812 1728 866 καί
1782 829 1873 877 τις

283 908 446 972 ἄλλος
504 911 672 978 σοφδς
733 908 1135 979 αἰνιττόμενος,
1202 909 1301 963 καὶ
1355 909 1486 972 τοὺς
1541 906 1874 980 ἀργοτέρους

282 1001 576 1056 διανιστῶν
607 1017 623 1034 ’
658 1020 680 1055 ε
732 1000 1050 1074 Ἑτοίμαζε,
1080 1003 1238 1075 φησὶ,
1269 1003 1338 1057 τά
1363 1000 1503 1072 ἔργα
1537 1017 1633 1053 σου
1661 1001 1743 1064 είς
1773 999 1874 1070 τὴν
1908 1018 1913 1025 ·

284 1094 490 1163 ἔξοδον,
520 1096 618 1150 καὶ
640 1090 1124 1168 παρασκευάζου,’
1146 1096 1330 1167 μένων
1378 1094 1461 1159 είς
1487 1093 1582 1149 τὸν
1618 1093 1813 1164 ἀγρόν,
1848 1108 1869 1144 ι

297 1187 497 1259 ’Δγρὸν
546 1187 733 1243 καλῶν
785 1187 879 1243 τὸν
934 1188 1282 1260 ἀνθρώπινον
1321 1186 1440 1258 βίον
1468 1202 1483 1218 ·
1514 1187 1599 1240 ὅτι
1656 1204 1675 1237 ι
1717 1185 1877 1239 Πᾶσα

286 1276 452 1350 σάρξ,
481 1277 558 1344 ὡς
582 1278 802 1350 χόρτος,
836 1280 934 1335 καὶ
960 1281 1115 1335 πᾶσα
1133 1278 1428 1352 ἀνθρώπου
1444 1278 1594 1346 δόξα,
1617 1278 1694 1342 ὡς
1716 1276 1878 1340 ἄνθος

284 1374 541 1445 χόρτου.»
564 1404 631 1416 —-
648 1392 667 1426 ι
689 1373 982 1445 Ἐτοίμαζε
1011 1375 1095 1439 είς
1123 1375 1223 1445 τὴν
1251 1373 1432 1441 ἔξοδον
1458 1373 1527 1427 τὰ
1552 1373 1689 1445 ἔργα
1719 1388 1870 1425 σου.»

287 1466 424 1521 Ὀτι
464 1485 483 1514 ε
525 1465 820 1537 ἄνθρωπος
850 1466 987 1520 ὡσεὶ
1034 1466 1229 1538 χόρτος
1267 1466 1324 1519 αί
1375 1464 1583 1536 ἡμέραι
1630 1461 1817 1519 αὑτοῦ.
1852 1479 1872 1515 ι

285 1560 402 1613 Καὶ
434 1558 865 1629 παρασκευάζου
898 1559 957 1612 ιν
1008 1559 1090 1631 τῷ
1127 1557 1287 1631 ἀγρῷ
1314 1574 1329 1590 ⁶
1358 1559 1442 1612 ὅτι
1490 1575 1508 1609 ι
1546 1555 1680 1609 ὡσεὶ
1716 1555 1880 1618 ἄνθος

286 1648 390 1702 τοῦ
416 1648 593 1720 ἀγροῦ
626 1646 801 1711 οὕτως
830 1645 1145 1719 ὲξανθήσει,
1180 1666 1199 1699 ι
1231 1646 1327 1701 καὶ
1354 1646 1692 1717 ἀπανθήσει.
1717 1663 1735 1696 ‹
1770 1644 1882 1697 Καὶ

287 1740 636 1811 κλιθήσεται,
666 1739 762 1794 καὶ
815 1738 1242 1813 ξηρανθήσεται.
1285 1757 1304 1791 ι
1341 1769 1409 1779 -
1445 1757 1464 1791 ι
1502 1739 1616 1792 Καὶ
1641 1737 1748 1791 ὑπὸ
1780 1735 1881 1809 τὴν

1938 538 2109 607 _Vide
2138 541 2269 609 quid
2309 541 2492 597 dicat:
2530 560 2549 595 ι
2589 542 2727 610 Quis
2789 540 3141 597 conﬁtebitur
3181 538 3321 595 tibi?
3365 559 3384 592 ι
3439 542 3557 596 Hoc

1972 638 2076 696 est,
2109 630 2310 686 nullus.
2354 630 2648 702 Quocirca,
2682 633 3047 698 dilectissimi,
3082 640 3307 702 praestat
3345 639 3406 686 ut
3455 646 3557 685 nos

1975 720 2121 792 ipsos
2150 724 2217 779 ad
2253 723 2384 779 illud
2449 724 2555 779 iter
2602 738 2992 795 praeparemus,
3026 731 3087 777 ut
3136 736 3209 777 ne
3242 735 3369 786 nos,
3407 721 3553 775 haud

1973 821 2135 865 secus
2163 823 2229 866 ac
2256 809 2432 866 fatuas
2447 811 2690 881 virgines
2718 811 2784 877 ⁸⁸,
2809 825 2916 866 nox
2945 810 3247 879 improvida
3292 809 3558 879 inopsque

1975 904 2364 972 apprehendat.
2393 904 2525 959 Eam
2569 904 2695 975 quis
2725 904 2864 959 alius
2921 917 3139 974 quoque
3166 901 3385 973 sapiens
3423 903 3557 957 obs-

1976 1009 2110 1051 cure
2156 996 2491 1067 signiﬁcaus,
2525 1010 2591 1052 ac
2647 995 2950 1051 desidiores
3008 994 3299 1049 excitans:
3348 1012 3367 1045 ι
3412 993 3559 1049 Prae-

1978 1102 2131 1157 para,
2160 1087 2357 1159 inquit,
2382 1104 2548 1159 opera
2581 1097 2671 1143 tua
2704 1087 2771 1142 ad
2798 1101 3113 1157 egressum;
3155 1100 3218 1142 ac
3250 1101 3559 1157 prmparare

1978 1181 2072 1251 qui
2108 1182 2161 1236 in
2193 1196 2325 1248 agro
2345 1196 2534 1237 manes
2555 1181 2621 1234 η.
2665 1200 2684 1232 ι
2722 1178 3016 1242 Nimirum,
3054 1192 3244 1246 agrum
3279 1176 3558 1247 appellans

1980 1274 2275 1329 humanam
2304 1272 2471 1328 vitam
2498 1291 2511 1328 :
2547 1272 2673 1341 quia
2710 1290 2729 1325 ι
2771 1270 2963 1327 Omnis
2996 1284 3129 1325 caro
3157 1268 3299 1327 sicut
3329 1269 3513 1325 fenum
3540 1288 3554 1335 ;

1980 1376 2035 1421 et
2059 1366 2238 1421 omnis
2260 1364 2432 1434 gloria
2459 1365 2721 1429 hominis,
2741 1364 2883 1420 sicut
2904 1362 3004 1417 llos
3022 1361 3218 1417 feni".
3249 1380 3268 1413 ι
3288 1381 3392 1414 -ι
3424 1361 3561 1417 Pras—

1980 1473 2111 1529 para
2145 1458 2212 1513 ad
2240 1471 2518 1526 egressum
2569 1470 2734 1525 opera
2770 1463 2896 1521 tua;
2944 1473 2964 1505 ι
2992 1454 3117 1531 quia
3152 1470 3172 1505 ι
3209 1452 3374 1509 homo
3418 1454 3563 1509 sicut

1982 1552 2166 1606 l'euum
2211 1551 2331 1607 dies
2370 1550 2528 1620 ejus,
2576 1559 2834 1620 tanquam
2879 1548 2979 1604 llos
3031 1549 3149 1618 agri
3208 1546 3289 1602 sic
3349 1546 3561 1602 eﬁlore-

1982 1646 2064 1702 bit
2093 1645 2161 1709 ²¹,
2197 1664 2215 1697 ι
2254 1656 2310 1700 et
2337 1643 2648 1708 deflorebit,
2687 1660 2705 1695 ›
2742 1671 2812 1682 -
2847 1660 2866 1692 ι
2904 1652 2960 1697 et
2984 1640 3314 1706 declinabit,
3346 1650 3400 1696 et
3431 1657 3565 1695 exa-

1985 1750 2164 1794 rescet
2183 1738 2227 1770 “
2253 1754 2267 1791 :
2303 1755 2322 1789 ι
2348 1754 2443 1788 -ι
2469 1735 2690 1804 Subque
2720 1748 2852 1790 voce
2874 1732 3113 1804 passeris
3138 1750 3157 1784 ι
3191 1732 3371 1786 omnis
3400 1731 3565 1786 herba

289 1832 481 1904 φωνὴν
502 1831 596 1885 τοῦ
630 1831 939 1903 στρουθίου,
963 1849 981 1883 ι
1006 1833 1159 1886 πᾶσα
1185 1830 1384 1901 βοτάνη
1419 1848 1437 1882 ι
1462 1829 1822 1901 ἀναϐήσεται’
1854 1847 1875 1883 ι

1991 1849 2010 1883 ι
2047 1840 2295 1900 assurget
2325 1830 2425 1883 ⁸³.»
2456 1828 2573 1884 Hoc
2607 1839 2693 1884 est
2727 1844 2779 1882 ε(
2819 1826 2876 1881 in
2906 1840 3042 1881 voce
3074 1824 3411 1893 archangeli,
3432 1835 3485 1879 et
3515 1824 3566 1878 iu

287 1926 578 1980 τουτέστιν
600 1941 616 1957 ο
660 1943 679 1977 ι
720 1926 811 1978 Ἐν
844 1926 999 1996 φωνῇ
1042 1924 1422 1995 ἀρχαγγέλου,
1463 1922 1558 1976 καὶ
1580 1923 1639 1975 ὲν
1671 1919 1880 1993 ἐσχάτῃ

290 2015 561 2083 σάλπιγγι
605 2033 624 2066 ι
671 2015 825 2068 πᾶσα
884 2012 1024 2085 σὰρξ
1082 2015 1147 2068 ὲκ
1202 2013 1415 2084 νεκρῶν
1483 2011 1877 2082 ἀναστήσεται.

287 2105 575 2177 Σύμφωνα
626 2106 843 2169 τούτοις
870 2105 901 2157 ό
947 2104 1112 2169 αὐτὸς
1176 2106 1341 2160 πάλιν
1399 2105 1567 2175 φησίν
1599 2119 1612 2134 ο
1657 2122 1676 2157 ι
1712 2103 1880 2156 Ὑπο-

289 2199 618 2270 μιμνήσκου
657 2198 727 2252 τὰ
773 2197 982 2268 ἔσχατα
1013 2215 1133 2262 σου,
1172 2199 1271 2252 καὶ
1319 2198 1403 2262 είς
1433 2197 1527 2250 τὸν
1577 2196 1751 2251 αίῶνα
1782 2195 1882 2265 οὐχ

287 2289 665 2361 ἁμαρτήσεις.
708 2309 726 2342 ι
760 2290 982 2344 Τούτων
1016 2289 1128 2343 τῶν
1173 2289 1423 2360 ἐσχάτων
1459 2285 1882 2358 ὑπομιμνησκό-

292 2397 464 2450 μενος
496 2381 593 2435 καὶ
622 2382 651 2435 ό
683 2381 1002 2452 Προφήτης,
1038 2380 1128 2434 ἀεὶ
1162 2377 1432 2449 διηνεκῶς
1481 2379 1541 2431 ὲν
1580 2374 1881 2443 κατανύξει

288 2472 543 2537 ἐπένθει,
566 2473 663 2527 καὶ
686 2458 755 2526 ὲν
777 2470 1047 2544 κλαυθμῷ
1084 2470 1488 2542 διενυκτέρευε.

365 2563 461 2617 Διὸ
502 2564 599 2617 καὶ
643 2563 844 2633 ἐπάγει
876 2579 893 2597 ο
938 2582 958 2615 ι
1008 2562 1313 2618 Ἐκοπίασα
1355 2563 1417 2614 ὲν
1462 2558 1545 2630 τῷ
1593 2554 1888 2627 στεναγμῷ

290 2673 405 2726 μου
432 2672 449 2689 ο
485 2655 665 2711 λούσω
691 2657 817 2712 καθ’
867 2658 1112 2729 ἑκάστην
1153 2655 1331 2711 νύκτα
1374 2655 1474 2727 τὴν
1515 2653 1707 2725 κλίνην
1733 2668 1837 2721 μου
1868 2665 1883 2680 ο

289 2747 357 2800 ὲν
379 2746 614 2819 δάκρυσί
634 2765 741 2819 μου
766 2746 867 2819 τὴν
909 2748 1205 2820 στρωμνήν
1256 2764 1360 2819 μου
1410 2745 1610 2818 βρέξω.
1655 2762 1674 2797 ι
1728 2742 1886 2817 "nam

289 2840 408 2911 γάρ
445 2840 715 2911 ἀκριϐῶς,
756 2842 841 2895 ὅτι
877 2859 897 2893 ι
935 2843 984 2895 oi
1031 2840 1355 2912 σπείροντες
1386 2840 1446 2891 ὲν
1474 2838 1769 2909 δάκρυσιν,
1825 2835 1888 2888 ἐν

289 2930 624 3000 ἀγαλλιάσει
650 2931 895 3003 θεριοῦσι
924 2946 941 2963 ⁸
983 2950 1004 2983 ι
1037 2931 1133 2986 καὶ
1150 2932 1235 2985 ὅτι
1281 2948 1302 2983 ι
1340 2929 1393 2982 oi
1428 2928 1566 2999 μετά
1591 2924 1882 2991 κλαυθμοῦ

290 3023 590 3095 βάλλοντες
631 3024 703 3077 τά
759 3023 1058 3097 σπέρματα
1113 3022 1316 3090 αὐτῶν,
1362 3022 1591 3094 ἥξουσιν
1620 3041 1640 3073 ι
1700 3021 1760 3073 ὲν
1812 3021 1881 3091 τῇ

288 3117 619 3176 ἀναστάσει,
658 3136 677 3169 ι
744 3116 996 3205 αἴροντες
1040 3116 1111 3170 τά
1157 3116 1456 3187 δράγματα
1504 3114 1690 3168 αὐτῶν
1745 3113 1888 3184 μετὰ
1915 3145 1960 3205 C

291 3212 498 3283 χαρᾶς.
532 3230 553 3263 ι
591 3209 790 3273 Καλῶς
819 3204 967 3274 εἷπε,
1002 3211 1243 3264 Λούσω.
1274 3210 1487 3279 ’Ὠσπερ
1535 3207 1647 3279 γάρ
1674 3207 1761 3261 διὰ
1790 3204 1886 3261 τοῦ

292 3307 357 3357 ὲν
386 3301 465 3372 τῷ
487 3301 832 3372 βαπτίσματι
860 3300 1055 3364 ὓδατος
1082 3298 1538 3371 ἀναγεννώμεθα,
1599 3298 1744 3352 οὕτω
1798 3296 1888 3353 διὰ

293 3394 555 3466 δακρύων
594 3394 688 3448 καὶ
726 3391 1080 3457 κατανύξεως
1134 3389 1634 3462 ἀναϐαπτιζόμενοι
1689 3388 1887 3444 καθαι-

295 3488 537 3563 ρόμεθα.
560 3488 730 3559 Πλὴν,
758 3484 886 3539 οὔτε
919 3486 982 3539 τὸ
1018 3484 1351 3555 βάπτισμα,
1390 3482 1518 3537 οὔτε
1542 3484 1576 3554 ὴ
1627 3482 1739 3535 τῶν
1794 3481 1889 3534 δα-

294 3580 490 3653 κρύων
516 3578 833 3643 κατάνυξις,
866 3566 997 3633 ἄνευ
1023 3576 1121 3631 τοῦ
1152 3576 1316 3646 ἁγίου
1371 3576 1576 3630 δίδοται
1631 3573 1891 3645 Πνεύμα-

294 3689 414 3735 τος.
448 3672 561 3724 Καὶ
594 3670 671 3741 μὴ
715 3669 1045 3740 θαυμάσῃςο
1103 3669 1205 3739 τὴν
1236 3668 1399 3740 χάριν
1427 3666 1539 3739 γὰρ
1582 3666 1651 3737 ἢν
1697 3666 1757 3720 ἐν
1810 3663 1890 3735 τῷ

298 3764 647 3836 βαπτίσματι
674 3762 862 3833 νήπιοι
896 3759 1293 3832 βαπτιζόμενοι
1332 3758 1709 3830 λαμϐάνομεν,
1751 3757 1890 3810 ταύ-

294 3874 405 3928 την
437 3853 772 3919 ἀπολλύντες
787 3853 879 3909 διὰ
902 3853 1181 3927 ῥᾳθυμίας
1212 3854 1310 3907 καὶ
1352 3852 1617 3923 ἀμελείας
1639 3851 1741 3921 τῆς
1781 3848 1891 3902 τῶν

296 3947 493 4004 κακῶν
524 3957 555 3987 ιι
608 3947 906 4018 ἐργασίας,
965 3946 1057 4001 διά
1107 3945 1427 4017 μετανοίας,
1478 3944 1577 4000 καὶ
1626 3944 1727 4015 τῆς
1779 3942 1890 3996 τῶν

294 4040 556 4112 δακρύων
585 4041 775 4111 πηγῆς
814 4039 1308 4111 ἀπολαμϐάνομεν.

380 4156 400 4190 ι
450 4136 758 4209 Ἐταράχθη
810 4135 925 4190 ἀπὸ
966 4134 1144 4207 θυμοῦ
1175 4138 1203 4189 ὁ
1231 4134 1519 4206 ὀφθαλμός
1564 4150 1668 4206 μου
1697 4150 1712 4165 ·
1755 4136 1893 4188 ὲπα-

296 4225 546 4298 λαιὼθην
582 4228 641 4281 ὲν
674 4228 812 4280 πᾶσι
840 4228 953 4290 τοῖς
983 4224 1203 4295 ἐχθροῖς
1234 4242 1361 4296 μου.
1393 4244 1411 4275 ι
1446 4224 1731 4289 Τουτέστι,
1760 4224 1893 4276 Συν-

297 4319 541 4391 ηύξησα,
589 4320 943 4389 συνεγὴρασα
966 4319 1173 4382 πάσαις
1209 4320 1330 4381 ταῖς
1364 4318 1684 4389 ἁμαρτίαις.
1721 4317 1893 4371 Τοῦτο

298 4410 417 4480 γὰρ
445 4408 601 4480 δηλοῖ
638 4408 717 4480 τῷ
755 4411 969 4463 εἰπεῖν’
1009 4428 1029 4462 ι
1082 4407 1466 4480 Ἐπαλαιώθην
1497 4410 1557 4462 ὲν
1586 4411 1723 4462 πᾶσι
1776 4410 1890 4471 τοῖς

1988 1924 2279 1978 novissima
2313 1922 2438 1976 tuba
2466 1920 2535 1984 ³⁸,
2566 1939 2585 1973 ι
2619 1921 2799 1975 omnis
2823 1932 2954 1973 caro
2984 1932 3013 1970 a
3044 1916 3272 1972 mortuis
3302 1926 3566 1986 resurget.

1985 2012 2083 2069 His
2119 2028 2356 2069 consona
2397 2012 2540 2069 idem
2576 2026 2770 2068 rursus
2801 2015 2877 2064 ait
2910 2028 2924 2065 :
2968 2028 2987 2061 ι
3024 2008 3330 2064 Memorare
3380 2010 3568 2064 novis-

1987 2109 2126 2163 sima
2158 2118 2275 2171 tua,
2308 2106 2441 2169 etin
2475 2117 2740 2161 aeternum
2778 2119 2887 2160 non
2924 2102 3179 2175 peccabis
3204 2103 3272 2169 ",
3309 2119 3329 2155 ι
3364 2100 3567 2159 Horum

1982 2200 2400 2256 novissimorum
2434 2201 2599 2256 etiam
2624 2211 2832 2255 memor
2860 2196 3157 2267 PrOpbeta,
3199 2192 3317 2268 iugi
3351 2209 3571 2266 semper

1983 2292 2403 2360 compunctione
2445 2289 2696 2361 lugebat,
2738 2297 3039 2361 noctesque
3082 2289 3230 2360 ipsas
3273 2288 3330 2346 in
3379 2288 3571 2346 dolore

1983 2399 2045 2440 ac
2068 2384 2195 2440 ﬁetu
2220 2383 2575 2455 transigebat.

2054 2558 2421 2626 Quamobrem
2447 2555 2615 2614 etiam
2643 2556 2830 2613 subdit
2858 2574 2873 2612 :
2904 2574 2925 2610 ι
2971 2554 3242 2612 Laboravi
3275 2555 3332 2610 in
3364 2554 3571 2626 gemitu

1984 2666 2105 2707 meo
2136 2651 2369 2707 :lavabo
2391 2664 2492 2720 per
2528 2649 2774 2720 singulas
2834 2658 3026 2704 noctes
3072 2647 3271 2703 lectum
3322 2661 3507 2703 meum
3552 2665 3569 2703 :

1984 2744 2242 2814 lacrymis
2266 2744 2404 2800 meis
2420 2753 2660 2799 stratum
2691 2756 2872 2797 meum
2894 2741 3107 2812 rigabo.
3150 2740 3355 2797 rCerto
3373 2740 3575 2811 quippe

1984 2837 2217 2900 sciebat,
2263 2835 2380 2890 fore
2410 2843 2470 2890 ut
2537 2853 2557 2887 ι
2594 2833 2686 2903 qui
2752 2835 3028 2890 seminant
3075 2832 3130 2888 in
3191 2831 3472 2904 lacrymis,
3516 2831 3572 2886 in

1989 2930 2355 2987 exsultatione
2402 2936 2643 2998 metant;
2692 2947 2710 2981 ι
2770 2939 2935 2998 utque
2961 2927 3020 2995 ii,
3062 2945 3080 2979 ι
3119 2928 3212 2998 qui
3270 2941 3392 2982 cum
3445 2924 3575 2981 ﬁetu

1990 3026 2217 3080 mittunt
2245 3022 2452 3078 semina
2486 3036 2608 3088 sua,
2651 3039 2671 3074 ι
2701 3021 2753 3075 in
2784 3022 3185 3077 resurrectione
3214 3038 3233 3073 ι
3268 3035 3392 3075 cum
3442 3034 3576 3089 gau-

1993 3116 2083 3172 dio
2133 3115 2380 3179 veniant,
2441 3122 2727 3183 portantes
2794 3112 3098 3183 manipulos
3158 3128 3286 3170 suos
3308 3113 3376 3168 “.
3433 3111 3578 3167 Bene

1994 3209 2104 3264 dixi
2160 3224 2174 3263 :
2223 3207 2453 3262 Lavabo.
2514 3205 2984 3274 Quemadmodum
3046 3206 3191 3260 enim
3248 3221 3346 3276 per
3378 3220 3575 3275 aquam

1991 3302 2045 3356 in
2089 3299 2361 3369 baptismo
2390 3299 2749 3360 renascimur,
2781 3297 2865 3354 sic
2910 3312 3008 3368 per
3038 3298 3307 3370 lacrymas
3336 3312 3401 3352 ac
3427 3312 3577 3352 com-

1991 3394 2335 3463 puuctiouem
2360 3406 2560 3447 novum
2583 3389 2870 3460 baptizati,
2900 3389 3246 3444 mundamur.
3279 3390 3573 3454 Caeterum,

1993 3499 2168 3553 neque
2198 3482 2527 3553 baptismus,
2556 3496 2735 3552 neque
2802 3482 3165 3552 lacrymarum
3200 3483 3575 3549 compunctin,

1990 3577 2153 3630 datur
2203 3575 2409 3644 absque
2460 3573 2667 3644 Spiritu
2700 3584 2909 3630 sancto.
2945 3573 3055 3629 Nec
3112 3574 3330 3629 mireris
3363 3592 3377 3628 :
3410 3589 3573 3644 quam

1996 3668 2141 3723 enim
2181 3666 2419 3721 infantes
2479 3665 2537 3721 in
2570 3666 2842 3736 baptismo
2884 3681 3023 3736 aqua
3090 3666 3304 3721 iutiucti
3345 3667 3577 3738 gratiam

2003 3758 2325 3827 accipimus,
2350 3773 2470 3813 eam
2496 3772 2596 3826 per
2623 3761 2915 3829 segnitiem
2952 3759 3236 3818 amissam.
3273 3774 3336 3814 ac
3395 3760 3578 3830 negle-

1993 3862 2140 3904 cuuu
2160 3849 2421 3918 operandi
2440 3849 2604 3914 bona,
2625 3866 2723 3918 per
2740 3851 3116 3921 pmnitentiam
3132 3867 3196 3908 ac
3210 3852 3576 3924 laerymarum

1996 3942 2197 3997 fontem
2229 3942 2547 4013 recipimus.

2070 4144 2088 4174 ι
2128 4122 2405 4178 Turbatus
2433 4134 2518 4180 est
2548 4140 2576 4178 a
2613 4124 2798 4181 furore
2828 4127 3020 4181 oculus
3050 4141 3201 4183 meus
3230 4145 3245 4195 ;
3281 4128 3576 4183 inveteravi

1995 4217 2139 4272 inter
2172 4232 2361 4273 omnes
2396 4219 2646 4273 inimicos
2695 4233 2864 4273 meos.
2911 4238 2930 4271 ι
2965 4218 3080 4275 Ηοο
3109 4229 3192 4275 est
3234 4238 3249 4275 :
3297 4221 3469 4276 Annis
3516 4237 3580 4274 ac

1993 4321 2152 4364 anule
2180 4310 2432 4380 provexi;
2466 4311 2729 4366 consenui
2759 4311 2812 4365 in
2840 4312 3093 4369 omnibus
3128 4314 3262 4370 meis
3317 4315 3576 4384 peccatis.

1995 4408 2109 4464 Hoc
2167 4410 2308 4463 enim
2343 4409 2410 4464 iis
2462 4409 2645 4465 verbis
2700 4408 2972 4480 signiﬁcat
3016 4428 3030 4465 :
3067 4428 3086 4463 ι
3132 4408 3432 4466 luveteravi
3487 4410 3577 4464 iu-

296 4501 519 4573 ὲχθροῖς
572 4517 701 4571 μου.
753 4520 771 4552 ι
804 4502 896 4554 Διὸ
960 4501 1056 4555 καὶ¹
1118 4501 1505 4582 πεπαλαίωκαι
1559 4500 1711 4571 παρά
1774 4502 1886 4564 τοῖς

1998 4511 2078 4557 ter
2125 4500 2319 4557 omnes
2409 4501 2662 4557 inimicos
2719 4515 2893 4557 meos.
2938 4520 2958 4555 ι
3001 4502 3365 4570 Quamobrem
3409 4502 3577 4558 etiam

298 4596 522 4665 ἐχθροῖς
536 4595 852 4663 γενόμενος,
874 4596 1063 4647 ἐκεῖνα
1080 4594 1340 4665 πράττειν
1359 4592 1830 4666 προκαλούμενος,
1851 4592 1887 4647 ἃ

298 4684 397 4739 τὸν
426 4684 526 4756 τῆς
546 4684 728 4755 ψυχῆς
753 4683 988 4738 θάνατον
1013 4683 1288 4755 προξενεῖ,
1323 4685 1421 4737 καὶ
1441 4685 1541 4755 τὴν
1577 4682 1888 4737 παλαίωσιν

298 4778 640 4848 ὑπογράφει,
673 4776 774 4849 τὴν
831 4776 1062 4831 ἀπὸτοῦ
1114 4775 1323 4846 φαύλου
1380 4776 1500 4846 βίου
1540 4774 1889 4845 ἐπιγίνεσθαι

303 4869 720 4941 συμϐαίνουσαν
747 4886 761 4899 ο
789 4863 857 4941 ἧς
883 4870 980 4922 καὶ
1008 4869 1119 4933 πᾶς
1152 4868 1566 4941 ἐκκαθαρθῆναι
1606 4868 1682 4939 μὴ
1717 4864 1892 4920 σπεύ-

302 4979 430 5028 σας,
453 4962 721 5017 ἀδύνατον
748 4961 1149 5018 ἐπενδύσασθαι
1195 4962 1288 5017 τὸν
1337 4961 1529 5016 καινὸν
1574 4960 1889 5032 ἄνθρωπον,

300 5056 379 5121 ῶς
426 5073 593 5127 φησιν
626 5057 657 5109 ό
706 5055 1054 5119 Ἀπόστολος,
1096 5076 1115 5107 ι
1153 5056 1249 5109 τὸν
1299 5054 1767 5126 ἀνακαινούμενον
1810 5052 1893 5125 τῷ

302 5148 587 5220 πνεύματι
623 5148 720 5202 τοῦ
749 5149 890 5213 νοός.
934 5167 953 5200 ι
996 5148 1139 5202 Ἀλλ’
1160 5150 1286 5221 ὅρα,
1336 5149 1477 5221 μετά
1513 5149 1614 5222 τὴν
1664 5149 1891 5220 χρονίαν

302 5246 364 5297 ἒν
398 5242 699 5314 ἁμαρτίαις
734 5242 1041 5296 παλαίωσιν
1068 5258 1081 5272 ·
1108 5278 1111 5279 ν
1135 5242 1277 5313 μετὰ
1313 5243 1416 5313 τὴν
1481 5243 1541 5295 ἐν
1577 5242 1726 5313 πάσῃ
1759 5243 1886 5296 ἀνο-

306 5338 412 5410 μίᾳ
446 5336 776 5408 συμϐίωσιν,
803 5336 921 5400 πῶς
952 5337 1055 5391 οὐκ
1099 5337 1326 5406 ἀπέγνω
1360 5335 1559 5391 ἑαυτοῦ
1606 5338 1634 5389 ὁ
1666 5336 1890 5407 Προφή-

300 5450 408 5502 της
438 5448 450 5459 ’
477 5432 589 5486 οὐδ’
608 5432 891 5503 άπήλπισε
922 5432 986 5485 τὸ
1006 5432 1156 5495 ἕλεος
1185 5431 1281 5485 τοῦ
1311 5431 1469 5486 Θεοῦ.
1518 5430 1647 5487 Οὐδ’
1698 5429 1891 5497 ἐξέδω-

379 5547 426 5579 ¹⁶
451 5546 643 5601 Matth.
671 5562 800 5608 xxv,
830 5547 883 5600 ί.
961 5548 1003 5581 ¹⁹
1033 5545 1192 5602 Prov.
1215 5564 1340 5614 xxv,
1373 5548 1465 5605 27.
1538 5552 1585 5583 ¹⁰
1621 5549 1721 5604 lsa.
1758 5565 1847 5616 xL,
1886 5546 1938 5602 6.

378 5619 423 5651 “
454 5618 622 5673 lCor.
649 5634 743 5687 xv,
771 5619 862 5673 52.
939 5620 984 5651 ⁸⁵
1008 5618 1189 5675 Eccle.
1227 5634 1324 5686 vtt,
1366 5620 1455 5674 40.

1567 5623 1612 5654 "
1641 5619 1783 5674 Psal.
1826 5635 1991 5676 cxxv.
2028 5617 2081 5673 5.
2112 5617 2166 5670 6.

1994 4595 2294 4650 inveteravi
2321 4594 2459 4664 apud
2482 4594 2732 4651 inimicos
2785 4609 2976 4664 agens,
3014 4596 3439 4665 provocantihus
3468 4596 3577 4652 illis

1990 4703 2207 4757 semper
2231 4700 2414 4757 agere,
2447 4701 2567 4755 quae
2619 4686 2788 4743 animi
2826 4695 3060 4742 mortem
3098 4685 3354 4747 aﬁ‘erunt.
3382 4702 3447 4743 ac
3480 4703 3577 4740 ve-

1993 4789 2251 4835 tustatem
2310 4778 2481 4845 illam,
2536 4794 2659 4849 qua:
2718 4794 2748 4833 a
2796 4778 2937 4833 mala
2985 4779 3095 4833 vita
3146 4778 3364 4851 adgigui
3418 4779 3577 4843 solet,

1992 4874 2287 4944 designans
2323 4889 2337 4926 :
2371 4888 2399 4927 a
2436 4888 2541 4942 qua
2575 4872 2826 4942 quisquis
2851 4872 3139 4927 emundari
3202 4889 3307 4927 non
3347 4872 3579 4928 sollicite

1993 4978 2167 5033 curat,
2192 4966 2609 5035 haudquaquam
2628 4980 2823 5020 novum
2843 4964 3116 5020 hominem
3139 4967 3576 5035 potestinduere,

1992 5060 2109 5130 qui,
2148 5070 2206 5112 ut
2252 5058 2546 5128 Apostolus
2587 5058 2687 5123 ait,
2736 5075 2755 5109 ι
2818 5066 3118 5112 renovatur
3174 5057 3371 5128 Spiritu
3426 5073 3579 5112 meu-

1994 5153 2147 5208 tis”.
2193 5170 2212 5203 ι
2264 5149 2399 5205 Vide
2446 5160 2650 5215 autem,
2685 5157 2744 5204 ut
2788 5160 2912 5220 post
2960 5149 3176 5219 longam
3233 5151 3285 5204 in
3334 5150 3578 5221 peccatis

1995 5245 2384 5299 veterationem
2406 5284 2420 5309 ,
2446 5251 2566 5312 post
2600 5242 2768 5297 vitam
2800 5243 2853 5296 in
2886 5243 3033 5297 omni
3066 5243 3355 5311 iniquitate
3402 5252 3579 5296 trans-

1998 5349 2195 5403 actam,
2245 5335 2379 5390 nihil
2427 5335 2691 5405 propheta
2741 5336 2985 5389 animum
3051 5335 3423 5404 desponderit,
3484 5344 3582 5387 aut

2000 5430 2068 5483 de
2094 5428 2186 5482 Dei
2225 5425 2604 5493 misericordia
2658 5424 2864 5481 diﬁisus
2892 5425 2986 5490 sit,
3015 5422 3098 5479 vel
3146 5438 3268 5479 sese
3313 5423 3578 5479 socordia:

2018 5547 2061 5577 ’ί
2096 5543 2243 5601 Psal.
2274 5559 2370 5607 Cll,
2406 5543 2494 5599 14.
2571 5544 2617 5575 ¹²
2641 5541 2786 5598 Psal.
2819 5557 2892 5610 Cl,
2929 5542 3018 5596 12.
3092 5542 3139 5575 ³³
3170 5540 3349 5598 Eccle.
3378 5557 3477 5608 xu,
3520 5540 3575 5595 4.

2282 5616 2327 5650 ’ν
2362 5615 2565 5688 Ephes.
2616 5630 2691 5685 tv,
2736 5614 2828 5669 23.

1600 5714 1833 5772 VARI/8
1871 5712 2276 5772 LECTIONES.

375 5791 405 5825 ⁷³
444 5782 573 5856 Leg.
602 5782 806 5837 καλῶν.

625 5881 902 5945 Ρλτιιοι..
944 5878 1060 5939 Gn.
1081 5877 1410 5947 LXXXIX.

3125 5866 3200 5932 36
