4080 6594
535 341 667 409 1131
1744 342 1805 402 S.
1848 340 2146 402 ANASTA:

2192 331 2615 399 [ΓΞΙΝΑΙΤΆΕ
3666 335 3803 404 1132

533 460 804 519 dediderit
832 476 844 514 :
886 460 980 514 sed
1007 472 1101 528 per
1130 453 1606 525 compunctioncm
1631 452 1859 523 adeptus
1877 453 1949 508 sit
1967 450 2114 507 salu;

2218 463 2314 501 κεν
2357 449 2554 502 ἑαυτὸν
2601 449 2681 511 είς
2742 446 3024 519 ρᾳθυμίαν
3053 463 3068 479 °
3119 448 3254 504 ἀλλὰ
3301 449 3391 504 διὰ
3456 450 3804 516 κατανύξεως

533 568 798 625 tem:per
859 554 1126 623 lacrymas
1151 549 1480 604 emundatus
1501 550 1596 612 sit,
1626 562 1692 602 ae
1741 563 1839 618 per
1896 545 2109 602 confes-

2218 539 2422 611 ἐσώθη,
2449 541 2540 594 διὰ
2584 539 2841 612 δακρύων
2883 540 3193 612 ἐκαθάρθη,
3235 543 3329 594 καὶ
3361 543 3430 596 δι’
3473 544 3804 616 ἐξομολογή-

534 653 740 706 sionem
764 647 1118 718 justiﬁcatus.
1153 643 1281 698 Haec
1334 641 1423 697 ille
1449 643 1560 711 egit
1611 639 1947 710 poenitentiae
1978 648 2115 693 tem-

2220 649 2359 696 σεως
2379 632 2700 702 ἐδικαιώθη.
2739 632 2929 692 Ταῦτα
2959 632 3201 704 ποιήσας
3249 634 3308 686 ἐν
3362 634 3442 704 τῷ
3478 635 3580 706 τῆς
3636 654 3805 707 μετα-

533 758 687 812 porc,
716 757 835 812 quae
863 751 915 796 et
947 737 1048 809 ipsi
1075 750 1267 792 omnes
1295 735 1347 790 in
1381 734 1499 804 ipsa
1534 748 1825 804 possumus
1854 741 2117 803 praestare

2219 723 2368 786 νοίας
2390 723 2589 794 καιρῷ,
2618 724 2764 796 ἆπερ
2797 726 3044 789 ἅπαντες
3091 725 3188 778 καὶ
3220 725 3384 795 ἡμεῖς
3423 727 3482 778 ἐν
3536 728 3690 798 αὐτῷ
3731 729 3807 800 τῷ

535 844 840 889 senectute.
863 832 1123 899 Quaenam
1158 827 1284 883 illa?
1314 842 1499 894 orare,
1525 841 1764 897 gemere,
1794 824 1950 890 ﬂere,
1984 839 2116 879 cou-

2219 819 2370 887 γήρα
2407 819 2586 871 ποιεῖν
2622 817 2928 889 δυνάμεθα.
2955 817 3090 872 Τίνα
3119 817 3328 884 ταῦτα;
3363 817 3652 890 δεηθῆναι,
3683 839 3802 875 στε·

537 924 701 981 literi.
721 923 873 990 Quod
900 924 945 977 si
975 923 1140 977 etiam
1173 921 1256 976 vis
1286 920 1430 976 scire
1458 920 1586 989 quid
1619 919 1775 973 nobis
1807 918 1929 973 inde
1960 931 2116 972 acce-

2219 907 2401 975 νάξαι,
2434 910 2729 983 δακρῦσαι,
2761 912 3301 984 ἐξομολογήσασθαι.
3327 913 3394 966 Et
3423 913 3480 968 δὲ
3508 914 3604 967 καὶ
3648 914 3704 967 τί
3749 916 3808 970 ἐκ

536 1017 650 1079 dat,
681 1015 804 1068 audi
838 1029 958 1084 quae
993 1022 1317 1081 sequuntur.
1345 1010 1482 1066 Cum
1543 1012 1803 1066 dixisset:
1839 1029 1858 1063 ι
1900 1010 2115 1066 lnvete-

2218 1002 2425 1056 τούτων
2443 1005 2577 1074 ἡμῖν
2603 1006 3009 1076 προγενήσεται
3034 1005 3214 1069 Θέλεις
3238 1006 3436 1077 μαθεῖν
3454 1045 3470 1071 ,
3499 1006 3673 1062 ἄκουε
3701 1008 3806 1062 τῶν

540 1101 655 1155 ravi
695 1101 838 1154 inter
865 1114 1057 1155 omnes
1088 1100 1346 1156 inimicos
1383 1114 1553 1165 meos,
1592 1117 1610 1152 ι
1657 1109 1792 1165 tum,
1824 1102 2118 1156 accedente

2219 1097 2367 1167 ἐξῆς.
2406 1097 2612 1164 Εἰπὼν,
2673 1117 2693 1149 ι
2734 1099 3120 1171 Ἐπαλαιώθην
3154 1102 3212 1155 ἐν
3259 1101 3399 1155 πᾶσι
3441 1103 3557 1166 τοῖς
3588 1102 3807 1172 ἐχθροῖς

536 1190 884 1261 ρωιιίιεηιίει,
918 1190 1155 1245 divinam
1200 1191 1253 1245 in
1297 1205 1358 1248 se
1401 1191 1824 1248 illustrationem
1851 1192 2114 1260 sentiens,

2223 1206 2326 1260 μου
2357 1205 2371 1220 ·
2410 1208 2428 1242 ι
2477 1186 2600 1245 εῐτα
2633 1192 2733 1263 τῆς
2798 1192 3093 1263 μετανοίας
3148 1192 3468 1265 γινομένης,
3524 1197 3585 1248 ἐν
3625 1196 3805 1266 ἐαυτῷ

541 1284 725 1340 hostes
765 1283 1022 1354 deinceps
1063 1299 1186 1340 cum
1236 1293 1510 1355 potestate
1564 1285 1837 1355 increpat,
1877 1285 2064 1342 dicens
2099 1305 2114 1342 :

2220 1281 2374 1346 θείας
2402 1283 2730 1356 ἐλλάμψεως
2748 1285 3170 1358 αἰσθανόμενος,
3201 1287 3437 1360 ἐπιτιμᾷ
3467 1288 3659 1343 λοιπὸν
3696 1292 3805 1354 τοῖς

2221 1373 2550 1446 πολεμοῦσιν
2580 1378 2745 1433 αὐτὸν
2775 1379 2896 1449 μετ’
2923 1379 3176 1447 ἐξουσίας
3201 1380 3297 1434 καὶ
3328 1380 3518 1450 λέγει’

609 1463 883 1519 Discedite
910 1478 941 1518 a
989 1479 1097 1530 me,
1140 1479 1335 1520 omnes
1378 1463 1470 1533 qui
1505 1463 1811 1535 operamini
1857 1463 2118 1535 iniquita-

2295 1484 2316 1520 ι
2365 1468 2668 1542 ’Δπόστητε
2691 1471 2788 1525 ἀπ’
2811 1470 2949 1544 ἐμοῦ
2975 1473 3176 1537 πάντες
3203 1473 3255 1528 οἱ
3308 1473 3676 1544 ἐργαζόμενοι
3713 1473 3807 1544 τὴν

540 1563 672 1610 tem.
724 1573 743 1607 ι
787 1555 896 1611 lloc
926 1567 1012 1611 est
1062 1573 1076 1610 :
1132 1555 1442 1624 Abscedite,
1501 1565 1732 1622 cessate,
1768 1557 2116 1624 erubescite;

2220 1559 2452 1632 ἀνομίαν
2475 1579 2491 1596 ’
2530 1582 2549 1615 ι
2592 1565 2908 1631 τουτέστιν,
2947 1565 3337 1638 Ἀναχωρεῖτε,
3378 1566 3694 1630 παύσασθε,
3725 1569 3805 1621 al-

544 1665 565 1700 ι
616 1647 874 1716 quoniam
905 1647 1183 1703 exaudivit
1230 1647 1492 1703 Dominus
1529 1662 1715 1704 vocem
1779 1648 1938 1704 ﬂetus
1969 1651 2114 1716 mei;

2221 1649 2642 1722 σχύνθητεοότι
2704 1654 2999 1725 είσήκουσε
3045 1655 3254 1727 Κύριος
3305 1658 3406 1728 τῆς
3465 1655 3663 1726 φωνῆς
3719 1656 3806 1710 τοῦ

540 1740 820 1796 exaudivit
857 1738 1123 1795 Dominus
1179 1740 1617 1810 deprecationem
1680 1755 1895 1807 meam;
1933 1742 2116 1797 Domi-

2188 1745 2503 1820 ,κλαυθμοῦ
2539 1766 2642 1819 μου
2675 1764 2688 1778 ⁶
2749 1750 2951 1822 ἢκουσε
2988 1750 3196 1825 Κύριος
3230 1752 3333 1823 τῆς
3371 1751 3617 1824 δεήσεώς
3669 1771 3799 1824 μου·

541 1849 645 1888 nus
676 1834 978 1889 orationem
1008 1850 1183 1890 meam
1225 1834 1483 1905 suscepit.
1513 1834 1856 1892 Erubescant
1891 1845 1946 1891 et
1988 1851 2119 1893 cou-
2151 1845 2152 1849 ‘

2190 1795 2428 1912 ἰΚύριος
2457 1795 2908 1918 τὴν-προσευχήν
2967 1795 3513 1920 μουτπροσὲδέξατιο.
3565 1795 3801 1920 Αἰσχυν-

542 1927 835 1980 tnrbentur
871 1941 1062 1981 omnes
1112 1926 1317 1982 inimici
1359 1927 1463 1982 mei
1508 1941 1522 1981 :
1556 1937 1872 1984 avertantur
1896 1940 1952 1984 et
1987 1943 2118 1985 eru—

2222 1933 2450 2003 θείησαν
2495 1937 2592 1989 καὶ
2636 1938 3044 2011 ταραχθείησαν
3102 1942 3309 2006 πάντες
3345 1943 3395 1996 οἱ
3441 1943 3636 2016 ἐχθροί
3672 1961 3803 2014 μου*

542 2022 770 2076 bescant
801 2020 959 2076 valde
988 2021 1264 2076 velociter.
1315 2039 1332 2074 ι
1361 2022 1614 2078 Vidistin‘
1642 2022 2006 2094 lacrymarum
2027 2041 2122 2096 po-

2223 2023 2714 2097 ἀποστραφείησαν
2788 2028 2884 2082 καὶ
2967 2032 3505 2104 καταισχυνθείησαν
3597 2034 3808 2106 σφόδρα

547 2114 808 2168 tentiam?
834 2112 1060 2168 Vidistin
1103 2113 1746 2174 conl‘essionisfructum?
1765 2118 2018 2174 Vidistin'
2041 2121 2122 2175 in-

2221 2114 2531 2186 διατάχους.
2571 2135 2590 2168 ι
2624 2113 2784 2182 Εἶδες
2836 2118 2947 2173 τῶν
2985 2120 3240 2192 δακρύων
3271 2122 3370 2194 τὴν
3425 2123 3614 2194 ἰσχύν;
3662 2121 3806 2188 Εἶδες

547 2205 936 2260 veterationem
967 2205 1020 2259 in
1053 2210 1198 2260 omni
1231 2216 1581 2275 peccatorum
1613 2225 1838 2281 genere,
1865 2222 2028 2283 atque
2054 2229 2123 2268 ex

2223 2206 2326 2275 τῆς
2353 2207 2803 2281 ἐξομολογήσεως
2830 2210 2922 2265 τὸν
2949 2213 3197 2284 καρπόνς
3231 2208 3389 2276 Εἶδες
3424 2214 3523 2286 τὴν
3563 2216 3629 2268 ἐν
3666 2216 3809 2286 πάσῃ

547 2295 618 2352 iis
678 2297 1287 2366 regenerationemiNe
1349 2300 1483 2354 mibi
1528 2315 1658 2372 ergo
1712 2303 1825 2372 jam
1877 2304 2120 2360 dixeris:

2227 2302 2477 2374 ἁμαρτίᾳ
2522 2302 2851 2371 παλαίωσιν,
2897 2305 2992 2360 καὶ
3033 2306 3430 2376 άναγέννησιν;
3479 2306 3699 2360 Οὐκοῦν
3739 2309 3807 2377 μή

550 2387 728 2443 Senex
782 2403 942 2455 sum;
993 2389 1243 2445 inﬁrmus
1296 2406 1460 2459 sum;
1501 2394 1829 2463 inveteravi;
1877 2397 1930 2452 in
1977 2399 2122 2453 ornni

2229 2408 2320 2464 μοι
2346 2396 2511 2466 εῖπῃς
2537 2413 2550 2426 ·
2575 2395 2759 2466 Γέρων
2791 2396 2930 2468 είμὶ,
2971 2397 3210 2469 ἀσθενής
3243 2399 3384 2469 ειμι,
3433 2398 3808 2467 ὲπαλαιώθην,

548 2491 776 2551 peccato
826 2482 1085 2537 consuevi
1128 2499 1142 2536 :
1197 2497 1296 2538 nec
1344 2498 1566 2554 possum
1617 2488 1850 2556 amplius
1893 2489 1986 2544 Dei
2041 2491 2122 2544 fa-

2230 2485 2469 2557 συνήθης
2502 2486 2774 2558 ἐγενόμην
2805 2487 2988 2559 πάσης
3043 2488 3324 2559 ἁμαρτίας
3351 2504 3367 2522 ·
3413 2489 3597 2543 λοιπὸν
3635 2491 3811 2544 οὐκέτι

550 2588 674 2628 cere
705 2573 992 2639 mandata;
1052 2589 1119 2630 ne
1175 2575 1303 2645 quid
1357 2577 1489 2630 mihi
1550 2580 1802 2648 deinceps
1861 2580 2126 2650 ejusmodi

2227 2577 2466 2648 δύναμαι
2516 2578 2743 2649 ποιῆσαι
2810 2580 2911 2643 τὰς
2984 2579 3208 2644 ἐντολὰς
3245 2578 3344 2634 τοῦ
3398 2580 3556 2636 Θεοῦ.
3632 2582 3811 2651 Μηδὲν

552 2665 790 2728 dixeris;
828 2679 926 2719 nec
967 2664 1113 2720 aliud
1173 2666 1467 2735 quidquam
1532 2672 1856 2727 excusanda:
1884 2674 2128 2731 dilatioui

2229 2669 2470 2724 τοιοῦτον
2505 2671 2773 2745 λαλήσῃς,
2811 2671 2947 2743 μηδέ
2984 2689 3039 2726 τι
3068 2673 3196 2728 ἄλλο
3230 2690 3323 2744 μοι
3338 2674 3811 2745 προφασιζόμενος

553 2757 617 2810 ad
648 2765 966 2825 praetextum
991 2757 1298 2826 protuleris.
1330 2757 1464 2813 Nam
1493 2762 1677 2816 Statim
1699 2763 1795 2818 tibi
1824 2770 2126 2836 05tendam,

2227 2765 2327 2837 τὴν
2353 2764 2658 2836 ἀναϐολὴν,
2715 2765 3079 2836 προενέγκῃς.
3119 2765 3276 2820 Ἐπεὶ
3317 2765 3526 2828 εὐθέως
3582 2765 3667 2818 σοὶ
3712 2764 3809 2818 δεί-

554 2858 612 2902 υι
644 2849 697 2902 in
725 2848 838 2918 ipsa
891 2859 1195 2917 senectute,
1256 2850 1452 2906 melius
1503 2868 1668 2922 quam
1720 2855 1774 2910 in
1823 2856 2127 2928 juvenlute,

2233 2873 2421 2926 κνυμι,
2441 2857 2522 2910 ὅτι
2553 2855 2648 2910 ἐάν
2667 2857 2829 2926 μόνον
2849 2855 3105 2929 θελήσῃς,
3128 2858 3184 2910 ἐν
3213 2855 3366 2927 αὐτῷ
3395 2855 3473 2926 τῷ
3493 2855 3648 2926 γήρᾳ
3677 2856 3810 2926 ὑπὲρ

553 2941 806 2995 mandata
846 2955 1068 2996 servare
1097 2943 1298 3013 possis.
1346 2944 1498 3017 Rogo
1554 2949 1698 3001 enim
1745 2956 1832 3015 te,
1864 2964 2130 3019 quosnam

2231 2948 2329 3019 τὴν
2354 2949 2581 3020 νεότητα
2609 2947 2845 3018 φυλάξαι
2867 2946 2937 3002 τὰ
2969 2948 3372 3020 προστάγματα
3402 2947 3530 3018 δυνή
3544 2965 3638 3018 σῃ.
3681 2947 3808 3000 Εἰπὲ

556 3039 835 3110 Scriptura
863 3045 1050 3098 beatos
1092 3045 1373 3113 pradicat,
1419 3062 1544 3102 cum
1585 3048 1707 3104 ait:
1748 3066 1767 3100 ι
1813 3049 1965 3104 Beati
1997 3065 2132 3120 pau-

2233 3043 2341 3114 γάρ
2391 3059 2482 3112 μοι
2517 3082 2531 3108 ,
2577 3042 2728 3105 τίνας
2774 3043 2802 3095 6
2845 3041 3003 3110 λόγος
3039 3040 3368 3112 μακαρίζει;
3409 3059 3428 3092 ι
3453 3039 3736 3110 Μακάριοι
3767 3039 3811 3090 οί

554 3148 713 3204 peres
736 3134 928 3202 spiritu
953 3135 1022 3193 ’⁸.
1073 3153 1090 3187 ›
1120 3134 1286 3190 Plane
1320 3137 1563 3192 dicturus
1588 3152 1647 3194 es
1674 3157 1686 3193 :
1721 3139 1847 3205 Eos,
1875 3142 1966 3209 qui
2001 3151 2132 3195 sunt
2158 3143 2165 3183 4

2235 3137 2463 3207 πτωχοὶ,
2487 3136 2685 3205 λέγων,
2715 3135 2794 3207 τῷ
2823 3134 3128 3206 πνεύματι;
3175 3154 3194 3188 ι
3233 3137 3460 3198 Πάντως
3489 3136 3665 3206 ἐρεῖς,
3693 3132 3811 3195 τοὺς

556 3243 719 3283 sensu
739 3228 974 3282 demisso
993 3237 1154 3296 atque
1180 3228 1396 3283 humili.
1432 3229 1788 3294 Quandonam
1852 3247 1980 3288 vero
2032 3248 2131 3288 nu-

2231 3224 2330 3296 τὴν
2383 3225 2622 3279 διάνοιαν
2661 3225 3145 3296 κατεσταλμένους
3177 3226 3270 3279 καὶ
3309 3225 3629 3288 ταπεινούς.
3681 3225 3807 3278 Πότε

555 3320 642 3374 bis
697 3319 990 3373 demissior
1049 3334 1242 3375 sensus
1298 3335 1362 3375 ac
1395 3322 1695 3389 humilior;
1732 3324 1784 3377 in
1822 3323 2128 3392 juvenlute,

2231 3314 2328 3371 οὖν
2355 3317 2746 3388 ταπεινότερον
2791 3317 2952 3390 ήμῶν
2995 3319 3110 3371 ἐστι
3150 3318 3211 3370 τὸ
3264 3318 3522 3390 φρόνημα
3555 3333 3573 3347 ·
3604 3318 3666 3368 ἐν
3700 3316 3807 3368 νεό⁴

555 3428 623 3467 au
650 3412 702 3467 in
735 3413 890 3469 senio
910 3414 934 3467 ?
957 3412 1146 3468 Nonne
1180 3414 1351 3485 liquet
1375 3414 1430 3469 in
1457 3415 1653 3472 senio?
1689 3417 1902 3473 Etenim
1961 3419 2132 3477 fastus

2233 3427 2377 3481 τητι,
2411 3410 2444 3481 ἢ
2485 3412 2542 3464 ἐν
2582 3411 2761 3482 γήρας
2797 3410 2913 3463 Οὐκ
2945 3409 3168 3481 εὔδηλον
3198 3409 3281 3464 ὅτι
3322 3410 3379 3461 ἐν
3419 3409 3602 3479 γήρας
3669 3407 3809 3476 Σύμ-

553 3504 775 3573 quidam
808 3519 872 3558 ac
897 3515 1075 3560 tumor
1098 3503 1371 3573 iuventuti
1416 3511 1741 3578 congenitus
1774 3521 1878 3566 est.
1901 3511 1927 3564 ἰ
1978 3513 2129 3570 Beati

2234 3519 2400 3572 φυτος
2429 3502 2541 3572 γάρ
2570 3503 2668 3572 τῆς
2696 3502 2954 3572 νεότητος
2982 3503 3011 3556 6
3047 3501 3235 3571 τύφος.
3271 3519 3289 3553 ι
3321 3500 3606 3571 Μακάριοι
3623 3502 3672 3553 ol
3694 3516 3808 3551 πεν-

555 3596 646 3664 qui
675 3595 860 3664 lugent
897 3595 962 3649 ”.
1004 3615 1022 3648 ι
1051 3595 1170 3664 Dic,
1205 3612 1335 3667 rogo
1368 3616 1381 3652 :
1418 3598 1686 3666 Quidnam
1742 3604 1806 3658 ad
1838 3603 2039 3659 luctum
2068 3621 2131 3662 ac

2234 3593 2475 3657 θοῦντες.
2514 3612 2532 3646 ι
2564 3595 2700 3648 Εἰπὲ
2732 3594 2796 3666 δή
2834 3611 2961 3665 μοι,
2986 3594 3142 3647 ποῖόν
3176 3595 3294 3646 ἐστι
3336 3593 3474 3665 πρὸς
3492 3593 3697 3655 πένθος
3722 3591 3808 3644 καὶ

557 3688 1030 3757 compunctionem
1074 3689 1380 3758 expeditius
1413 3703 1570 3759 putes
1607 3710 1620 3746 :
1673 3703 2030 3760 senectutem,
2063 3711 2130 3752 au

2234 3685 2530 3751 κατάνυξιν
2569 3685 2920 3759 ἑτοιμότερον
2945 3702 2961 3719 ο
2984 3685 3045 3739 τὸ
3088 3685 3289 3757 γῆρας,
3316 3684 3348 3756 ἢ
3382 3685 3416 3754 ἡ
3441 3684 3668 3754 νεότης;
3710 3681 3803 3735 Εὖ-

551 3776 1118 3845 jnventutem?Plane
1173 3780 1341 3846 dices,
1367 3790 1727 3837 senectutem.
1773 3801 1791 3835 ι
1837 3784 1986 3840 Beati
2030 3789 2131 3843 mi-

2233 3778 2392 3850 δηλον
2423 3778 2596 3832 ὅτιτὸ
2647 3779 2849 3850 γῆρας.
2909 3797 2930 3831 ι
2968 3779 3248 3848 Μακάριοι
3289 3779 3338 3831 οἱ
3370 3779 3592 3848 πραεῖς.
3633 3793 3654 3827 ι
3687 3771 3805 3843 Ἀρ*

558 3881 643 3925 tes
677 3870 744 3923 ³ο.
795 3889 813 3921 ι
861 3868 1053 3926 Nonne
1077 3872 1345 3928 universis
1375 3871 2129 3947 confessumestjuventutem

2232 3871 2355 3942 οὐχὶ
2385 3871 2588 3937 πάντες
2625 3873 3057 3944 ὁμολογήσουσιν
3091 3872 3358 3943 ὀξυτέραν
3407 3866 3550 3925 εἴναι
3579 3869 3680 3924 τοῦ
3711 3869 3802 3939 γή-

555 3964 712 4016 senio
734 3963 1121 4033 promptiorem
1152 3977 1294 4030 esse,
1318 3979 1382 4018 ac
1411 3964 1626 4020 [acilius
1645 3965 1902 4023 labilem?
1932 3969 2131 4041 Liquet

2235 3980 2344 4032 ρως
2359 3963 2458 4034 τὴν
2482 3963 2712 4035 νεότητα
2731 3965 2824 4018 καὶ
2844 3965 3233 4036 εὐέμπτωτον;
3253 3961 3494 4034 Εὔδηλον
3512 3961 3596 4015 ὃτι
3613 3960 3801 4024 οὕτως,

558 4068 695 4109 sane
712 4061 773 4108 ut
798 4052 844 4108 si
867 4055 1048 4107 omnia
1073 4056 1416 4124 expenderis,
1447 4056 1639 4127 majori
1667 4067 2000 4115 senectutem
2023 4078 2132 4131 prze

2232 4053 2330 4108 ἐὰν
2353 4055 2530 4109 πάντα
2559 4057 2930 4128 κατανοήσῃς,
2965 4057 3226 4128 εὑρήσεις
3241 4055 3304 4109 τὸ
3323 4054 3503 4126 γῆρας
3520 4053 3679 4124 παρὰ
3714 4052 3803 4122 τὴν

549 4144 855 4213 juvenlute,
915 4145 1260 4200 inventurum
1296 4155 1349 4201 te
1405 4147 1472 4202 ad
1507 4148 1736 4204 salutem
1779 4150 2038 4218 subsidio,
2067 4168 2132 4210 ac

2232 4146 2461 4219 νεότητα
2494 4148 2792 4219 συνεργοῦν
2836 4165 2921 4201 σοι
2974 4148 3076 4218 τὴν
3132 4146 3430 4217 σωτηρίαν,
3472 4144 3571 4198 καὶ
3620 4144 3801 4210 ἐπιτη-

561 4237 653 4291 l)ei
681 4237 1038 4292 observandis
1090 4239 1360 4295 mandatis
1397 4242 1862 4309 comparationem
1893 4244 2128 4301 elIicere.

2231 4239 2502 4310 δειότερον
2527 4239 2954 4311 παρασκευάζον
2995 4239 3132 4310 πρὸς
3173 4238 3272 4309 τὴν
3302 4238 3410 4290 τῶν
3462 4235 3693 4290 ἐντολῶν
3721 4251 3804 4303 φυ·

561 4327 632 4383 Ut
670 4344 800 4385 vero
833 4331 1011 4385 resita
1036 4330 1252 4395 habeat,
1273 4333 1475 4402 accipe.
1518 4332 1740 4403 Vigente
1762 4346 1942 4404 aetate,
1979 4353 2132 4392 amor

2232 4331 2426 4401 λακήν.
2469 4332 2579 4385 Καὶ
2610 4333 2779 4396 ὅπως,
2832 4331 3020 4385 ἄκουε.
3068 4332 3157 4384 Ἐν
3212 4331 3447 4399 νεότητι,
3489 4329 3585 4381 καὶ
3642 4331 3672 4382 6
3705 4327 3801 4379 τῶν

559 4437 850 4491 corporum
881 4422 1112 4478 validius
1145 4424 1387 4491 infestat,
1414 4439 1475 4479 ac
1500 4426 1783 4482 molestius
1817 4431 2130 4486 exardescit

2233 4423 2506 4492 σωμάτων
2530 4422 2671 4494 ἔρως
2707 4422 3066 4495 σφοδρότερον
3086 4420 3294 4491 ἐνοχλεί
3322 4439 3334 4450 ·
3371 4420 3463 4473 καὶ
3489 4420 3524 4489 ἡ
3548 4415 3801 4486 ἐπιθυμία

559 4513 854 4582 cupiditas,
887 4513 1117 4568 avaritia
1146 4528 1384 4584 quoque,
1413 4526 1468 4570 et
1494 4516 1673 4572 inanis
1694 4517 1886 4587 gloria,
1910 4530 1962 4574 et
1981 4522 2127 4590 gula,
2154 4497 2170 4559 Ῑ

2189 4499 2207 4556 δ
2232 4510 2616 4584 χαλεπώτερον
2649 4512 3015 4579 ἐξανάπτεται
3045 4515 3104 4565 ἐν
3127 4511 3342 4581 νεότητι
3362 4525 3374 4539 ο
3412 4509 3509 4562 καὶ
3551 4508 3800 4578 φιλαργυ-

562 4620 628 4659 ac
663 4605 868 4675 reliqua
903 4605 1034 4660 vitia
1084 4606 1290 4674 omnia,
1327 4615 1454 4662 tunc
1504 4624 1692 4664 rursus
1725 4612 2133 4681 impressionem

2237 4601 2350 4672 ρία,
2385 4601 2479 4655 καὶ
2512 4602 2814 4669 κενοδοξία,
2848 4603 2945 4656 καὶ
2985 4601 3430 4673 γαστριμαργία,
3483 4600 3583 4654 καὶ
3632 4600 3799 4652 πάντα

563 4695 804 4760 faciunt,
836 4706 997 4764 atque
1033 4697 1368 4766 impngnant.
1407 4698 1485 4752 Ac
1521 4698 1662 4753 sicut
1702 4715 1823 4754 cum
1853 4702 1959 4758 duo
1993 4703 2136 4762 lucta

2231 4694 2300 4748 τὰ
2328 4694 2491 4748 λοιπὰ
2522 4694 2694 4767 πάθη,
2727 4695 2892 4750 πάλιν
2932 4693 3238 4749 ἐπιτίθεται
3268 4694 3396 4747 τότε
3436 4693 3534 4747 καὶ
3555 4691 3794 4760 πολεμεῖ.

562 4787 1015 4858 congrediuntur,
1037 4788 1336 4843 imminutis
1350 4787 1503 4844 alteri
1522 4791 1732 4846 viribus
1756 4791 1894 4848 alter
1910 4798 2135 4853 omnino

2232 4788 2344 4842 Καὶ
2375 4788 2626 4861 καθάπερ
2654 4787 2749 4842 δύο
2786 4788 3157 4853 παλαιόντων,
3188 4788 3284 4842 ἐὰν
3323 4781 3404 4850 εἷς
3452 4784 3746 4854 ἀσθενήσῃ.
3773 4782 3796 4833 ὁ

561 4880 756 4932 fortior
811 4879 1124 4934 invenitur:
1155 4879 1318 4935 sicin
1373 4881 1551 4936 anima
1603 4897 1668 4938 ac
1721 4899 1970 4955 corpore.
1997 4887 2133 4943 Cum

2232 4878 2418 4951 ἕτερος
2447 4882 2712 4952 κρείττων
2741 4881 2961 4945 πάντως
2987 4880 3306 4950 εὑρίσκεται
3329 4918 3342 4932 .
3374 4875 3550 4939 οὕτως
3585 4877 3676 4928 ἐπὶ
3708 4873 3791 4941 τῆς

562 4972 743 5025 carnis
773 4971 1099 5040 cupiditates
1153 4988 1217 5028 ac
1244 4973 1408 5042 vires,
1442 4990 1546 5031 non
1577 4991 1729 5046 aeque
1778 4978 1830 5033 in
1861 4991 2140 5039 senectute

2231 4971 2415 5044 ψυχῆς
2441 4975 2535 5027 καὶ
2556 4972 2650 5026 τοῦ
2678 4972 2933 5044 σώματος
2959 4988 2972 5003 ο
2998 4972 3107 5025 τῶν
3123 4970 3361 5040 ὀρέξεων
3391 4966 3619 5022 καὶτῶν
3653 4965 3795 5018 δυνάο

564 5072 727 5130 atque
751 5061 1096 5130 injuventute
1121 5066 1352 5132 valeant,
1383 5067 1562 5137 plane,
1599 5078 1656 5123 ut
1685 5078 1812 5124 tunc
1856 5073 2034 5126 anima
2071 5075 2138 5130 ad

2237 5080 2384 5134 μεων
2421 5066 2521 5133 τῆς
2558 5063 2787 5135 σαρκὸς,
2824 5063 2886 5116 οὐ
2929 5063 3030 5133 τὴν
3068 5061 3193 5133 ἴσην
3239 5059 3482 5131 ἐχουσῶν
3532 5055 3793 5126 ἑκατέρων

565 5154 660 5208 Dei
725 5156 1073 5224 exsequenda
1125 5158 1380 5211 mandata
1415 5159 1638 5214 excitari
1683 5161 1835 5227 velit,
1867 5164 2139 5229 potentior

2235 5159 2415 5229 ἰσχὺν,
2450 5156 2588 5228 πρός
2620 5175 2679 5210 τε
2707 5159 2887 5228 γῆρας
2915 5155 3054 5226 ὁμοῦ
3088 5154 3185 5210 καὶ
3232 5154 3462 5222 νεότητα
3486 5169 3500 5183 ·
3556 5151 3651 5203 ἐὰν
3675 5148 3795 5208 ὅλως

563 5247 687 5302 erit.
724 5249 796 5301 Ea
825 5259 982 5304 (elate
1008 5252 1329 5321 pr0pensior
1362 5252 1524 5308 liabet
1550 5254 1616 5308 ad
1667 5258 2136 5324 compunctionem

2237 5249 2475 5321 βουληθῇ
2514 5250 2545 5320 ἡ
2591 5249 2751 5321 ψυχὴ,
2783 5249 2921 5321 πρὸς
2977 5247 3244 5319 ἐργασίαν
3302 5242 3658 5310 διαναστῆναι
3697 5239 3792 5291 τῶν

566 5357 632 5395 ac
656 5341 941 5411 lacrymas.
968 5341 1136 5398 Porro
1167 5345 1436 5416 lacrymas
1468 5346 1608 5410 dico,
1638 5361 1756 5416 qua‘
1772 5347 1878 5402 Deo
1903 5365 2135 5404 consen-

2238 5345 2489 5406 ἐντολῶν,
2515 5345 2636 5398 τότε
2677 5344 2878 5416 μᾶλλον
2921 5342 3115 5412 ἰσχύει.
3155 5340 3289 5393 Τότε
3331 5338 3468 5408 πρὸς
3519 5331 3794 5396 κατάνυξιν

569 5443 743 5490 laneas
777 5446 924 5490 sunt.
966 5436 1099 5491 Nam
1155 5447 1281 5493 sunt
1311 5439 1471 5492 etiam
1535 5438 1787 5510 lacryma:
1843 5443 2136 5510 naturales,

2242 5438 2338 5492 καὶ
2364 5437 2575 5507 δάκρυά
2603 5438 2750 5492 ἐστιν
2784 5435 3121 5508 ἐπιρρεπής.
3156 5431 3379 5500 Δάκρυα
3425 5429 3482 5482 δέ
3530 5428 3688 5495 λέγω,
3732 5420 3790 5474 τὰ

571 5528 757 5597 quales
785 5528 1016 5582 libamus
1097 5542 1260 5596 super
1321 5539 1589 5585 mortuos.
1621 5517 1762 5586 Snut
1808 5533 2141 5605 ctlacryune

2241 5531 2386 5587 κατὰ
2418 5530 2570 5586 Θεόν.
2622 5531 2744 5584 Εἰσὶ
2782 5530 2890 5599 γὰρ
2931 5527 3143 5596 δάκρυα
3184 5523 3280 5576 καὶ
3318 5519 3544 5591 φυσικὰ,
3573 5511 3656 5569 οἶα
3693 5514 3787 5605 τοῖς

571 5621 865 5684 Satanicm,
947 5634 1082 5689 quas
1173 5621 1391 5690 quidam
1469 5621 1716 5688 fundunt,
1794 5624 1879 5678 vel
1962 5604 2140 5682 inanis

2244 5627 2459 5696 νεκροῖς
2502 5622 2903 5694 ἐπιστὰζομενο
2964 5620 3070 5673 εἰσὶ
3109 5618 3322 5688 δάκρυα
3383 5614 3477 5669 καὶ
3515 5604 3783 5668 Σατανικά,

645 5778 688 5808 ⁸⁸
729 5776 919 5831 Matth.
956 5792 1009 5840 v,
1044 5776 1096 5830 ὅ.
1173 5778 1217 5809 ¹⁹
1252 5777 1382 5832 ibid.
1415 5775 1465 5831 5.
1547 5775 1591 5807 ³⁸
1623 5774 1751 5830 ibid.
1794 5776 1847 5831 4.
