4080 6524
267 318 406 385 1133

1438 307 1721 372 ORATIO
1760 306 1843 370 IN
1882 291 2251 369 PSALMUM
2284 305 2385 369 vr.

3328 377 3332 381 ς
3414 301 3553 371 1134

267 440 407 506 ἅπερ
429 428 631 502 τινέςῆ
661 428 753 483 διὰ
788 424 1125 495 κενοδοξίαν,
1153 424 1187 497 ἢ
1221 424 1319 479 καὶ
1346 423 1529 497 ἔρωτα
1561 422 1866 479 Σατανικὸν

1988 423 2157 494 gloria:
2189 436 2377 487 causa,
2405 418 2713 477 velamoris
2750 418 3019 477 Satanici.
3050 418 3205 477 Sicut
3247 434 3382 493 ergo
3433 422 3554 477 aliae

261 524 601 597 ἐπιχέουσιν.
645 521 862 592 Ὥσπερ
886 515 982 573 οῦν
1025 515 1124 571 καί⁹
1161 518 1227 570 ἐκ
1266 514 1440 586 μέθης
1494 516 1633 568 εἰσὶν
1690 513 1858 583 ἕτερα

261 622 500 691 δάκρυα,
540 614 696 686 παρά
746 612 815 666 τὰ
845 610 1119 684 εἰρημένα
1144 624 1159 639 ’
1188 607 1334 662 οὕτω
1356 606 1422 678 δὴ
1451 606 1551 660 καὶ
1582 608 1648 659 ἐκ
1695 621 1864 676 μετα-

263 710 415 772 νοίας
449 706 663 776 δάκρυα
714 698 1091 765 κατανύξεως,
1134 698 1233 753 καὶ
1262 699 1328 752 ἐκ
1361 697 1530 767 φόϐου
1580 694 1740 764 Θεοῦ,
1766 693 1866 748 καὶ

264 804 479 863 ἐννοίας
511 797 772 862 θανάτου,
811 794 908 849 καὶ
933 795 1158 866 μνήμης
1188 792 1468 857 κολάσεως
1515 790 1649 861 ἡμῖν
1688 804 1864 860 προσ-

265 892 536 964 γινόμενα
559 906 572 919 ·
616 881 698 953 οἷς
728 887 827 941 ἐὰν
855 885 1225 959 χρονίσωμεν,
1251 883 1643 955 προκόπτομεν
1670 880 1769 935 καὶ
1785 880 1866 943 εἰς

265 984 339 1037 τὰ
375 979 728 1052 πνευματικὰ
757 978 974 1050 δάκρυα
993 1017 1009 1043 ,
1045 977 1107 1031 ού
1148 976 1339 1047 φόϐον,
1374 973 1515 1029 ἀλλὰ
1534 973 1702 1027 πόθον
1729 971 1867 1042 πρὸς

266 1076 409 1130 Θεὸν
440 1075 637 1147 ἔχοντα
660 1088 673 1102 ·
718 1072 912 1136 πόθεν,
946 1071 1007 1137 ἐξ
1033 1068 1359 1142 ἐλλάμψεως
1388 1067 1490 1130 τοῦ
1511 1068 1672 1138 ἁγίου
1694 1064 1868 1121 Πνεύ-

272 1184 446 1239 ματος
477 1165 885 1235 ἐντικτόμενον.

343 1344 388 1397 Τ
391 1342 625 1405 οιούτοις
645 1341 877 1413 δάκρυσι
904 1357 971 1393 πε
982 1340 1258 1411 ριεῤῥεῖτο
1282 1340 1312 1393 ὀ
1337 1339 1516 1408 λέγων
1546 1334 1687 1406 πρὸς
1709 1333 1865 1389 Θεόν’

277 1454 300 1490 ι
355 1433 660 1505 Ἐκολλήθη
693 1434 726 1504 ἡ
757 1431 904 1502 ψυχή
940 1448 1043 1503 μου
1078 1431 1258 1483 ὀπίσω
1295 1447 1410 1483 σου.
1444 1448 1463 1480 ι
1511 1428 1622 1483 Καὶ
1659 1426 1825 1482 πάλιν
1851 1441 1867 1457 ο

277 1546 301 1583 ι
354 1526 661 1597 Ἐξεκαύθη
710 1526 744 1597 ἡ
788 1525 990 1597 καρδία
1026 1540 1151 1595 μου,
1190 1523 1287 1576 καὶ
1322 1524 1371 1576 οἱ
1413 1522 1604 1591 νεφροί
1640 1538 1743 1593 μου
1774 1518 1867 1590 ὴλ-

273 1622 610 1693 λοιώθησαν.
651 1639 670 1673 ι
701 1618 835 1672 Καίο
866 1636 886 1671 t
936 1617 998 1671 Ὀ
1020 1617 1154 1681 Θεὸς
1183 1616 1285 1686 τῆς
1318 1615 1551 1688 καρδίας
1581 1632 1685 1685 μου
1712 1613 1809 1667 καὶ⁸
1836 1613 1871 1683 ή

278 1714 445 1788 μερίς
482 1730 585 1785 μου
621 1713 650 1765 ὁ
678 1711 811 1775 Θεὸς
845 1712 927 1774 εἰς
965 1709 1058 1763 τὸν
1107 1707 1305 1763 αἰῶνα.
1363 1725 1382 1759 ι
1437 1707 1551 1762 Καὶ
1595 1704 1868 1776 ἁλλαχοῦ”

1964 514 2093 569 item
2121 513 2376 584 lacrymae
2402 520 2528 568 sunt
2553 525 2619 567 ex
2652 512 2940 581 ebrietate,
2973 522 3171 584 printer
3196 512 3312 581 jam
3342 526 3555 567 mento-

1964 616 2144 672 ratas;
2171 606 2251 661 sic
2272 619 2407 661 sane
2425 613 2480 660 et
2509 619 2578 661 ex
2608 604 2951 675 poenitentia,
2987 619 3164 675 exque
3214 604 3411 660 timore
3434 603 3553 668 Dei,

1965 710 2021 757 et
2070 700 2266 755 mortis
2320 698 2678 769 cogitatione,
2706 712 2771 752 ac
2828 697 3219 767 suppliciorum
3269 696 3553 760 memoria,

1968 792 2411 864 compunctionis
2427 791 2692 848 accedunt
2719 790 2974 861 lacryma:
2999 808 3016 848 :
3049 791 3103 845 in
3130 788 3328 859 quibus
3357 788 3404 844 si
3436 802 3557 859 per-

1972 903 2313 953 severemus,
2344 884 2537 955 utique
2567 883 2634 938 ad
2664 883 2942 952 spiritales
2958 898 3178 954 quoque
3211 882 3558 953 promovebi-

1970 1001 2091 1042 mus
2113 984 2407 1053 lacrymas,
2432 992 2555 1048 qua:
2574 991 2682 1032 non
2708 976 2981 1042 timorem,
3008 975 3106 1031 sed
3129 975 3462 1032 desiderium
3497 975 3551 1029 in

1970 1076 2141 1133 Deum
2167 1073 2395 1137 habent,
2424 1085 2492 1125 ex
2523 1067 2766 1140 Spiritus
2802 1066 2978 1123 sancti
3010 1066 3067 1123 in
3121 1066 3282 1123 nobis
3324 1080 3564 1139 progna-

1971 1179 2087 1225 tum
2118 1164 2507 1223 illustratione.

2045 1346 2269 1403 Talibus
2325 1343 2583 1415 lacrymis
2635 1340 3082 1412 perfundebatur,
3118 1341 3212 1411 qui
3268 1343 3335 1398 ad
3392 1342 3560 1397 Deum

1958 1442 2051 1497 {ait
2112 1458 2125 1494 :
2184 1458 2202 1492 ι
2244 1437 2486 1493 Adhaesit
2538 1436 2719 1490 anima
2776 1447 2895 1489 mea
2943 1443 3065 1505 post
3091 1443 3144 1490 te
3168 1434 3235 1487 ³¹.
3270 1436 3401 1491 »Λο
3455 1437 3561 1489 ite-

1977 1548 2095 1589 rum
2133 1549 2147 1585 :
2180 1550 2199 1582 α
2253 1528 2650 1584 lnﬂammatum
2676 1535 2758 1582 est
2802 1541 2899 1583 cor
2928 1536 3204 1595 meum,et
3250 1536 3408 1584 rene‘s
3454 1529 3558 1582 moi
3630 1584 3631 1587 η

1979 1622 2297 1681 commutati
2351 1630 2478 1678 sunt
2506 1621 2572 1675 ³⁸.
2608 1638 2628 1673 ι
2686 1619 2752 1675 Et
2808 1638 2822 1675 :
2885 1637 2904 1672 ι
2965 1617 3103 1673 Deus
3146 1618 3327 1673 cordis
3356 1620 3482 1686 mei,
3509 1629 3564 1673 et

1980 1731 2105 1788 pars
2129 1730 2247 1771 mea
2268 1714 2413 1770 Deus
2447 1714 2500 1768 in
2526 1722 2791 1769 aeternum
2823 1711 2891 1767 ³⁸.
2932 1729 2953 1764 ι
2985 1711 3108 1766 Alio
3135 1726 3351 1782 quoque
3393 1711 3511 1766 loco
3545 1729 3561 1768 :

282 1829 302 1864 ι
362 1807 647 1863 Ἐπιποθεί
671 1805 769 1859 καὶ
794 1802 1039 1858 ἐκλείπει
1070 1801 1104 1872 ἡ
1139 1800 1289 1873 ψυχή
1328 1816 1434 1870 μου
1464 1801 1545 1862 είς
1576 1798 1674 1862 τάς
1706 1795 1875 1860 αὐλὰς

1988 1828 2004 1863 ι
2052 1806 2403 1876 Coucupiscit
2445 1814 2499 1860 et
2537 1803 2724 1859 delicit
2775 1803 2956 1857 anima
3008 1816 3128 1857 mea
3174 1803 3228 1857 in
3282 1804 3420 1857 atria
3462 1802 3567 1859 Do-

274 1904 375 1959 τοῦ
399 1901 629 1973 Κυρίου’
654 1900 690 1971 ἡ
715 1897 917 1970 καρδία
939 1913 1040 1967 μου
1059 1895 1157 1948 καὶ
1184 1893 1322 1968 σάρξ
1347 1909 1449 1964 μου
1470 1889 1875 1963 ὴγαλλιάσαντο

275 1999 377 2052 ἐπὶ
409 1996 544 2051 Θεὸν
573 1993 777 2058 ζῶντα.
812 2009 831 2044 ι
866 1990 980 2044 Καὶ
1011 1988 1197 2043 πάλιν·
1238 2007 1257 2039 ι
1303 1987 1401 2041 "Ov
1434 1985 1641 2055 τρόπον
1678 1982 1875 2035 ἐπιπο-

276 2093 369 2147 θεῖ
394 2093 427 2162 ὴ
460 2090 659 2157 ἔλαφος
692 2086 786 2140 ἐπὶ
810 2083 911 2149 τάς
940 2081 1125 2155 πηγὰς
1146 2080 1257 2134 τῶν
1285 2079 1516 2143 ὑδάτων,
1544 2074 1719 2139 οὕτως
1749 2075 1875 2127 ἐπι-

278 2184 442 2239 ποθεῖ
462 2184 496 2255 ἡ
514 2180 662 2251 ψυχὴ
687 2196 789 2249 μου
814 2176 956 2247 πρὸς
975 2175 1056 2239 σέ,
1075 2174 1103 2227 ὁ
1124 2172 1279 2237 Θεός.
1317 2191 1335 2224 ι
1363 2170 1623 2226 Τοιοῦτον
1642 2164 1756 2239 εἶχε
1776 2168 1877 2238 τὴν

278 2278 421 2349 πρὸς
450 2275 584 2329 Θεὸν
619 2272 786 2327 πόθον
825 2269 923 2325 τοῦ
950 2267 1254 2339 ψάλλοντος
1285 2266 1320 2338 ή
1350 2264 1523 2336 ψυχή.
1562 2262 1717 2333 Τάχα
1749 2262 1879 2314 λαν-

279 2371 440 2426 θάνει
474 2369 606 2431 τοὺς
660 2364 894 2427 πολλοὺς
932 2360 1091 2432 ὑμῶν
1144 2358 1213 2413 τὰ
1259 2357 1555 2427 λεγόμενα.
1606 2352 1738 2409 Οἶδα
1784 2353 1880 2407 καὶ

279 2462 623 2532 πέπεισμαιο
654 2457 773 2513 ἀλλ’
804 2455 906 2511 οῦκ
928 2454 1012 2518 εἰς
1041 2451 1209 2508 καλὸν
1233 2451 1365 2522 ὑμῖν
1390 2450 1424 2520 ἡ
1450 2447 1681 2519 τοιαύτη
1708 2463 1880 2500 κατα-

194 2598 197 2603 .
280 2556 553 2629 φρόνησις
587 2550 1011 2624 περιστήσεται.
1047 2543 1237 2609 Διατί;
1279 2543 1406 2597 Ὀτι
1444 2539 1577 2611 περὶ
1615 2538 1883 2611 πράγμα-

280 2667 379 2716 τος
406 2645 773 2718 διαλεγόμεθα
804 2644 906 2697 οὐκ
946 2643 1026 2706 εἰς
1056 2640 1149 2695 τὸν
1178 2638 1462 2708 Θαλάσσης
1494 2637 1649 2699 ὄντος
1696 2632 1880 2705 βυθὸν,

282 2742 417 2797 οὔτε
463 2740 570 2811 μὴν
616 2738 746 2809 περί
792 2736 971 2798 εἴδους
1021 2734 1106 2796 εἰς
1150 2732 1221 2785 τὰ
1255 2731 1356 2802 τῆς
1397 2732 1500 2800 γῆς
1533 2726 1885 2799 πληρώματα

283 2833 595 2905 δυναμένου
629 2826 986 2902 εὑρίσκεσθαι
1009 2842 1025 2858 ⁸
1061 2824 1202 2879 ἀλλά
1240 2823 1375 2893 περὶ
1415 2820 1745 2893 πράγματος
1792 2817 1888 2870 λα-

284 2929 518 3002 λοῦμεν,
553 2927 659 2981 ὑπὸ
682 2922 924 2996 Χριστοῦ
952 2924 1011 2975 ἐν
1041 2923 1165 2984 ταῖς
1190 2918 1449 2990 καρδίαις
1481 2916 1636 2987 ὑμῶν
1660 2925 1680 2946 ⁸
1706 2930 1887 2983 πεφυ-

286 3023 585 3094 τευμένον,
618 3018 714 3072 τοῦ
749 3015 1020 3081 εἰπόντος’
1055 3032 1073 3064 t
1112 3012 1181 3065 Ἠ
1218 3008 1475 3082 βασιλεία
1502 3006 1611 3060 τῶν
1639 3003 1887 3075 οὐρανῶν

287 3093 445 3177 ἐντὸς
478 3110 634 3183 ὑμῶν
679 3110 820 3172 ἐστι,
862 3123 881 3157 ι
918 3102 1168 3158 τουτέστι
1195 3138 1210 3165 ,
1242 3098 1305 3154 τὸ
1336 3096 1565 3167 Πνεῦμα
1599 3095 1661 3149 τὸ
1705 3093 1885 3163 ἆγιον,

287 3209 366 3263 τὰ
394 3206 607 3276 δάκρυα
637 3201 825 3255 τίκτον
856 3198 952 3252 καὶ
981 3195 1082 3268 τὴν
1119 3192 1437 3259 κατάνυξιν.

365 3297 597 3368 Μεγάλη
625 3294 808 3348 τοίνυν
831 3290 941 3346 τῶν
965 3290 1105 3361 μετά
1136 3287 1270 3341 Θεὸν
1295 3285 1604 3355 δακρύωνὴ
1633 3282 1889 3353 ἐνέργεια

290 3393 395 3448 καὶ
426 3393 460 3462 ἠ
494 3389 668 3460 ἰσχύς.
702 3385 813 3442 Καὶ
845 3385 1125 3456 μάρτυρες
1148 3423 1162 3448 ,
1198 3382 1258 3433 ἐν
1297 3378 1399 3450 μὲν
1426 3379 1495 3449 τῇ
1528 3376 1763 3446 Παλαιᾷ,
1794 3374 1892 3427 Νι-

291 3485 530 3546 νευῖται,
566 3479 886 3550 Μανασσῆς,
922 3474 1173 3542 Ἐζεκίας
1195 3489 1209 3503 '
1242 3473 1300 3526 ἐν
1330 3471 1473 3542 eam
1511 3470 1648 3541 Νέᾳ,
1681 3468 1892 3538 Πέτρος

292 3578 391 3633 διὰ
422 3574 676 3647 δακρύων
706 3572 801 3626 τὸν
829 3569 964 3624 Θεὸν
1002 3568 1352 3639 ἱλεούμενος,
1396 3563 1493 3618 καὶ
1519 3561 1619 3633 τὴν
1659 3562 1891 3633 ἄρνησιν

296 3666 649 3742 θεραπεύων,
673 3663 875 3735 πόρνη,
892 3661 1127 3731 δάκρυσι
1147 3657 1210 3712 τὸ
1229 3654 1613 3727 φιλάνθρωπον
1629 3652 1888 3718 ἕλκουσα,

296 3764 401 3818 καὶ
426 3762 524 3831 τὴν
548 3760 746 3828 ἄφεσιν
771 3755 883 3809 τῶν
911 3752 1326 3824 πεπραγμένων
1350 3747 1727 3819 λαμϐάνουσα.
1760 3747 1891 3799 Ὄν-

295 3872 413 3919 τως
441 3853 740 3923 ἀδιήγητον
766 3848 829 3902 τὸ
858 3846 1101 3915 πέλαγος
1129 3843 1239 3897 τῶν
1273 3840 1579 3912 οἰκτιρμῶν
1608 3837 1703 3892 τοῦ
1731 3834 1890 3895 Θεοῦ.

298 3950 368 4003 Εί
419 3944 721 4014 Μανασσῆς
767 3940 859 3995 διὰ
917 3936 1207 4011 μετανοίας
1260 3933 1534 4000 σώζεται,
1578 3932 1665 3996 τίς
1710 3930 1894 3985 λοιπὸν

303 4040 587 4115 μετανοῶν
616 4035 898 4107 ὁλοψύχως
928 4029 1264 4103 ἀμφιϐάλλει
1299 4027 1432 4099 περὶ
1467 4024 1780 4097 σωτηρίας;
1828 4023 1893 4077 Τί

304 4154 400 4208 μοι
442 4133 658 4201 λέγεις·
700 4129 1080 4199 Ἐπόρνευσα,
1125 4122 1457 4193 ἐμοίχευσα,
1492 4119 1794 4188 ἐφόνευσα,
1835 4117 1895 4169 ἐν

300 4227 479 4298 κακίᾳ
512 4226 786 4295 ἐγήρασα,
828 4218 1070 4289 σωθῆναι
1099 4216 1161 4269 οὐ
1196 4214 1460 4282 δύναμαι.
1491 4212 1553 4265 Ei
1596 4209 1896 4279 Μανασσῆν

300 4324 331 4375 ὁ
358 4319 491 4382 Θεὸς
518 4316 743 4380 ἐλέξατο
784 4309 1149 4384 μεταγνόντα,
1184 4305 1308 4360 τίνα
1340 4305 1448 4357 τῶν
1487 4300 1895 4375 μετανοούντων

301 4414 405 4485 ὅλῃ
432 4412 581 4483 ψυχῇ
612 4408 673 4461 ού
707 4402 1107 4477 προσδέξεταις
1144 4398 1297 4469 Τάχα
1333 4395 1518 4467 τολμῶ
1564 4396 1741 4448 εἰπεῖν
1764 4434 1778 4457 ,
1812 4393 1896 4446 ὅτι

1980 1899 2157 1954 mini:
2198 1912 2294 1953 cor
2345 1911 2524 1952 meum
2556 1903 2612 1950 et
2666 1908 2796 1950 caro
2856 1908 2973 1949 mea
3025 1893 3440 1951 exsultaveruut
3511 1897 3566 1950 in

1980 1992 2148 2047 Deum
2196 1991 2377 2045 vivum
2415 1988 2481 2041 ³⁵.
2543 2006 2562 2040 ι
2610 1989 2690 2043 Ac
2735 1988 2934 2043 iterum
2989 2004 3005 2042 :
3076 2005 3096 2040 ι
3134 1987 3566 2054 Qumadmodum

1979 2083 2255 2139 desiderat
2304 2095 2501 2137 cervus
2556 2081 2622 2136 ad
2672 2080 2850 2135 fontes
2894 2092 3183 2148 aquarum,
3243 2078 3318 2133 ita
3363 2078 3569 2134 deside-

1982 2185 2072 2231 rat
2125 2177 2306 2230 anima
2363 2188 2481 2228 mea
2538 2173 2604 2227 ad
2634 2180 2707 2236 te,
2753 2171 2911 2228 Deus,
2940 2171 3025 2227 ":
3069 2189 3090 2224 ι
3131 2179 3281 2226 tanto
3312 2170 3567 2225 nimirum

1984 2269 2049 2322 ad
2104 2268 2274 2323 Deum
2324 2266 2596 2321 desiderio
2648 2265 2884 2320 habebat
2956 2262 3240 2334 psallentis
3327 2262 3566 2317 animus.

1982 2362 2148 2417 Forte
2191 2360 2359 2414 latent
2397 2359 2579 2428 plures
2607 2367 2850 2413 vestrum
2889 2371 2952 2412 ea
3010 2372 3133 2426 quae
3181 2355 3458 2411 dicuntur.
3492 2356 3571 2410 Ita

1986 2468 2118 2509 sane
2160 2452 2309 2519 novi,
2340 2460 2395 2507 et
2428 2460 2610 2506 certus
2659 2465 2801 2506 sum.
2856 2449 3056 2505 Verum
3110 2448 3387 2519 neglectus
3425 2446 3573 2517 ejus-

1988 2543 2129 2599 modi
2183 2542 2609 2612 haudquaquam
2640 2540 2797 2596 vobis
2838 2542 2893 2595 in
2934 2539 3134 2595 bonum
3184 2554 3440 2595 cessurus
3465 2550 3570 2594 est.

1986 2636 2258 2703 Quorsum
2290 2636 2379 2689 ill?
2430 2633 2567 2700 Quia
2606 2633 2884 2696 nimirum,
2920 2646 3027 2687 non
3056 2630 3121 2687 de
3142 2645 3199 2686 re
3238 2631 3292 2685 in
3324 2630 3434 2686 imo
3460 2645 3576 2684 ma-

1988 2730 2065 2784 ris
2095 2728 2307 2800 gurgite
2346 2728 2523 2799 posita
2579 2726 2940 2797 disputamus,
2968 2735 3062 2781 aut
3108 2725 3177 2781 de
3220 2722 3423 2795 specie,
3455 2736 3576 2791 qua:

1988 2834 2097 2873 non
2134 2818 2236 2873 nisi
2268 2819 2318 2872 in
2354 2826 2514 2873 terrae
2549 2816 2815 2872 extremis
2871 2815 3085 2888 angulis
3137 2822 3396 2871 occurrat
3429 2830 3444 2869 :
3477 2814 3575 2868 SOtl

1989 2913 2056 2966 de
2108 2927 2166 2965 re
2215 2909 2510 2980 loquimur,
2536 2911 2591 2964 in
2641 2909 2807 2965 corde
2842 2910 3000 2965 nobis
3038 2924 3069 2964 a
3116 2908 3335 2964 Christo
3389 2892 3574 2969 insita,

1991 3003 2082 3073 qui
2123 3002 2302 3057 dixit:
2341 3018 2360 3053 ι
2395 2998 2643 3071 Regnum
2675 3000 2940 3057 ccelorum
2990 3000 3131 3056 intra
3174 3014 3277 3056 vos
3310 3009 3393 3055 est
3428 2998 3511 3063 “;
3550 3016 3570 3050 ι

1991 3095 2093 3150 hoc
2134 3101 2242 3159 est,
2302 3092 2536 3163 Spiritus
2586 3100 2832 3162 sanctus,
2888 3091 3261 3163 lacrymarum
3309 3103 3374 3146 ac
3426 3103 3578 3145 com-

1990 3184 2310 3257 punctionis
2341 3198 2566 3254 parens.

2063 3277 2257 3350 Magna
2293 3278 2474 3349 itaque
2496 3276 2885 3347 lacrymarum,
2925 3288 3047 3345 qua:
3084 3286 3152 3328 ex
3201 3270 3403 3343 pietate
3427 3279 3579 3336 sunt,

1991 3369 2234 3427 eﬂicacia
2288 3379 2344 3426 et
2378 3370 2573 3426 virtus.
2622 3367 2917 3424 Testautur
2946 3380 3098 3433 vero,
3123 3366 3177 3420 in
3212 3364 3399 3422 Veteri
3455 3365 3581 3434 qui-

1995 3463 2117 3519 dem
2173 3460 2549 3529 Testamento,
2600 3458 2880 3525 Ninivitae,
2924 3458 3222 3524 Manasses,
3278 3454 3579 3521 Ezechias;

1998 3554 2053 3608 in
2084 3550 2236 3608 Novo
2283 3563 2463 3606 autem
2501 3548 2720 3614 Petrus,
2756 3550 2847 3620 qui
2896 3548 3086 3619 utique
3135 3545 3497 3618 lacrymarum
3527 3544 3581 3598 vi

1999 3644 2170 3701 Deum
2192 3642 2445 3715 placavit,
2465 3657 2529 3699 ac
2547 3642 2690 3713 quod
2714 3640 3005 3712 negatione
3036 3647 3313 3710 peccarat,
3344 3638 3580 3695 curavit.

1998 3735 2255 3792 Meretrix
2277 3748 2515 3805 quoque,
2554 3747 2675 3805 qua:
2722 3732 3002 3803 lacrymls,
3038 3730 3133 3787 Dei
3165 3731 3389 3787 attraxit
3415 3729 3573 3785 mise-

1996 3827 2312 3889 ricordiam,
2337 3840 2401 3880 ac
2449 3824 2871 3879 commissorum
2930 3821 3309 3878 remissionem
3344 3821 3581 3891 accepit.

1994 3919 2162 3975 Plane
2188 3918 2372 3974 verbis
2427 3916 2688 3985 explicari
2725 3913 2914 3984 nequit
2947 3922 3161 3968 tantum
3196 3912 3327 3967 illud
3356 3913 3584 3983 pelagus

1996 4012 2093 4069 Dei
2126 4011 2563 4068 miserationum.
2591 4008 2724 4063 Cum
2758 4006 3036 4062 Manasses
3060 4020 3157 4077 per
3200 4006 3583 4076 pmnitentiam

1998 4106 2227 4162 salutem
2257 4110 2658 4170 consequatur;
2686 4099 2810 4169 quis
2845 4098 3126 4167 deinceps,
3154 4111 3316 4166 quem
3360 4096 3587 4151 omnino

1997 4217 2063 4257 ex
2089 4200 2269 4254 animo
2303 4204 2649 4267 peccatorum
2685 4193 2967 4265 paeniteat,
3008 4193 3076 4249 de
3130 4190 3306 4247 salute
3331 4189 3586 4246 dubitet?

1999 4292 2137 4359 Quid
2165 4290 2296 4345 mihi
2330 4300 2381 4342 tu
2406 4287 2643 4358 loqueris
2669 4305 2683 4342 :
2712 4286 3035 4341 Fornicatus
3065 4281 3582 4350 sum;aldultcrium

1999 4385 2139 4447 feci;
2168 4382 2521 4438 homicidium
2566 4378 2901 4451 perpetravi,
2934 4378 2989 4433 in
3020 4377 3156 4433 vitio
3201 4391 3267 4433 ac
3314 4373 3586 4446 pravitate

424 4466 779 4559 τὸνἯίάὅολον
806 4466 1030 4561 ἐδέξατο
1052 4493 1140 4557 ἂν,
1163 4492 1211 4544 εἰ
1230 4466 1534 4562 ’μετάνοιαν
1559 4485 1885 4551 ἐπεδείξατο.

2002 4475 2294 4541 consenui;
2324 4486 2487 4544 atque
2516 4473 2652 4527 adeo
2675 4487 2781 4527 non
2812 4485 3033 4541 possum
3058 4468 3289 4526 salutem
3313 4466 3584 4536 adipisci?

306 4599 407 4664 Τίς
431 4598 542 4666 ἄρα
573 4591 817 4648 τοιοῦτόν
841 4607 892 4642 τι
922 4588 1197 4657 ἥμαρτεν,
1228 4578 1339 4636 οἷον
1363 4583 1391 4635 ό
1418 4579 1741 4647 Μανασσῆς,
1769 4594 1902 4630 πεν-

307 4696 548 4766 τήκοντα
576 4687 672 4741 καὶ
695 4684 790 4738 δύο
819 4680 1053 4753 χρόνους
1079 4677 1170 4732 τὸν
1192 4675 1323 4729 λαὸν
1352 4672 1448 4726 τοῦ
1496 4671 1718 4743 Ἰσραὴλ
1744 4672 1905 4742 ποιή-

310 4763 415 4848 σας
442 4779 771 4854 προσκυνεῖν
811 4773 909 4829 καὶ
944 4769 1233 4843 λατρεύειν
1279 4766 1545 4828 εἰδώλοις.
1587 4763 1758 4816 Πόσαι
1800 4780 1906 4834 μυ-

314 4876 520 4947 ριάδες,
557 4869 683 4925 εἰπέ
722 4885 834 4940 μοι,
873 4863 1154 4919 ἀπέθανον
1179 4862 1239 4914 ἐν
1268 4858 1502 4921 ἐκείνοις
1525 4858 1638 4919 τοῖς
1664 4856 1904 4926 χρόνοις,

308 4964 389 5024 ὧν
423 4968 485 5022 τὸ
521 4968 696 5036 κρῖμα
730 4961 829 5031 τῆς
861 4956 1143 5017 ἀπωλείας
1172 4951 1483 5021 Μανασσῆς
1515 4949 1722 5020 καίπερ
1754 4948 1908 5016 ὀφεί-

311 5064 444 5125 λων,
464 5063 613 5133 ὄμως
637 5057 843 5128 ἀφέθη·
864 5055 958 5108 καὶ
980 5052 1082 5106 οὐκ
1107 5049 1331 5120 ἐνίκησε
1358 5046 1457 5117 τὴν
1488 5043 1907 5115 φιλανθρωπίαν

312 5157 411 5213 τοῦ
441 5154 578 5209 Θεοῦ
609 5154 671 5207 τὸ
702 5151 905 5222 πλῆθος
941 5147 1040 5217 τῆς
1080 5141 1247 5197 αὐτοῦ
1285 5138 1575 5210 πονηρίας.
1620 5135 1763 5189 Ἀλλ’
1800 5134 1905 5188 ὑπὸ

315 5249 602 5305 Χαλδαίων
632 5243 983 5315 αἰχμάλωτος
1014 5233 1341 5306 ἀπενεχθεὶς
1367 5233 1450 5295 εἰς
1481 5228 1781 5283 Βαϐυλῶνα
1810 5228 1905 5281 καὶ

313 5346 477 5414 δίκην
514 5335 940 5398 καταδικασθεὶς
970 5330 1157 5385 δοῦναι
1191 5327 1351 5391 ἀξίαν
1380 5318 1457 5378 ὧν
1487 5321 1778 5392 ἐξύϐρισεν
1824 5321 1906 5383 εἰς

316 5410 474 5503 Θεὸν,
510 5435 673 5506 μόνον
715 5429 855 5502 μετὰ
893 5423 1147 5496 δακρύων
1179 5417 1533 5491 προσηύξατο
1565 5416 1624 5469 ἐν
1657 5410 1736 5484 τῷ
1771 5411 1905 5484 χαλ-

2002 4570 2062 4627 Si
2119 4569 2336 4640 quidem
2397 4567 2539 4622 Deus
2594 4563 2882 4620 Manassen
2928 4562 3286 4633 pmuitentem
3332 4559 3586 4630 recepit:

2004 4679 2164 4736 quem
2220 4661 2441 4716 omnino
2479 4675 2546 4714 ex
2586 4659 2771 4713 animo
2826 4655 3186 4727 pmnitentem
3232 4666 3339 4707 non
3394 4651 3467 4707 sit
3497 4666 3587 4705 re-

2003 4752 2315 4823 cepturus?
2368 4750 2533 4805 Forte
2578 4750 2752 4803 ausim
2798 4748 2982 4803 dicere
3022 4747 3140 4801 fore
3181 4754 3241 4801 ut
3297 4752 3354 4800 et
3410 4744 3587 4814 ipsum

2007 4847 2282 4903 diabolum
2324 4853 2642 4914 recepturus
2665 4850 2830 4905 esset,
2864 4850 2925 4896 ut
2955 4840 3047 4895 ille
3084 4838 3463 4910 paenitentiam
3496 4854 3590 4894 os-

2008 4939 2291 4993 tendisset.
2314 4934 2448 5001 Quis
2493 4932 2704 5002 grande
2749 4930 2887 4985 adeo
2925 4938 3210 5000 peccatum
3263 4935 3425 4997 atque
3477 4925 3585 4980 Ma-

2006 5044 2193 5086 nasses
2240 5025 2504 5098 peccavit,
2539 5023 2633 5094 qui
2667 5032 2807 5077 totos
2857 5019 3251 5091 quinquaginta
3309 5017 3448 5072 duos
3495 5030 3593 5070 au-

2007 5139 2127 5188 nos,
2155 5119 2512 5177 lsraeliticum
2559 5116 2814 5187 populum
2843 5113 3168 5184 compulerit
3211 5110 3279 5166 ad
3317 5109 3593 5166 idolorum

2002 5216 2387 5273 adorationem
2412 5226 2477 5266 ac
2510 5209 2760 5267 cultum?
2783 5208 2955 5274 Quam
3005 5205 3200 5271 multa,
3230 5221 3381 5277 rogo,
3417 5205 3595 5260 homi-

2008 5329 2135 5368 num
2171 5309 2338 5365 millia
2373 5309 2514 5362 intra
2544 5306 2644 5361 hos
2675 5319 2849 5360 anuos
2870 5304 3010 5359 diem
3036 5304 3320 5369 obierunt;
3354 5317 3591 5371 quorum

2014 5408 2145 5464 licet
2182 5405 2457 5460 Manasscs
2489 5400 2745 5457 interitus
2793 5407 2943 5453 reatu
2985 5404 3282 5463 teneretur,
3318 5394 3596 5450 remissio-

391 5578 433 5611 ³³
462 5575 606 5634 Psal.
643 5587 777 5637 mi,
803 5572 858 5627 9.
936 5568 979 5601 ³⁸
1003 5565 1147 5623 Psal.
1172 5577 1345 5632 Lxxtt,
1372 5560 1462 5620 2|.
1537 5557 1584 5592 ⁸³
1603 5555 1735 5615 ibid.
1756 5553 1851 5610 26.

1988 5548 2383 5614 Psal.uxxul,
2425 5545 2481 5601 5.
2558 5542 2604 5576 ³⁵
2636 5539 2786 5598 Psal.
2817 5555 2927 5613 xu,
2961 5537 3019 5594 2.
3092 5537 3138 5573 ³⁸
3172 5535 3309 5593 Luc.
3336 5549 3473 5599 xvn,
3499 5533 3588 5588 2!.

1613 5674 1873 5737 'VARUE
1914 5668 2314 5730 LECTIONES.

397 5796 426 5828 ο
453 5787 587 5859 Leg.
616 5784 799 5867 ἡμῶν,
831 5798 899 5842 ex
929 5780 1111 5839 editis.
1444 5756 1482 5806 ⁸
