4080 6600
504 354 645 421 1135

1716 341 1779 403 S.
1824 338 2228 401 ANASTASII
2269 335 2601 399 SINAIT/‘E

3658 335 3793 404 1136

500 480 626 522 nem
659 471 843 517 tamen
882 468 968 515 est
1006 465 1332 520 assecutus,
1366 466 1465 507 nec
1514 450 1607 507 Dei
1652 450 1937 521 superavit
1980 450 2090 505 cle-

2211 448 2552 519 ιουργήματι
2585 442 2629 515 ᾧ
2663 443 2952 517 ἐϐέϐλητο,
2983 445 3082 501 καὶ
3127 447 3427 518 προστάξει
3466 448 3617 505 Θεοῦ
3638 491 3655 517 ,
3699 453 3792 508 τοῦ

500 556 764 613 mentiam
812 552 983 608 multa
1016 549 1135 620 ejus
1165 545 1431 616 nequitia.
1473 545 1583 600 Sed
1618 558 1743 599 cum
1768 559 1800 599 a
1824 543 2096 600 Chaldaeis

502 651 558 707 in
607 648 941 720 Babylonem
991 641 1243 713 captivus
1277 647 1504 694 avectus
1558 645 1729 702 esset,
1756 651 1820 693 ac
1861 652 1962 708 pro
2006 636 2093 701 iis,

502 757 625 812 qua:
658 741 711 796 in
747 740 918 795 Deum
961 750 1060 807 per
1085 732 1339 804 injuriam
1371 737 1674 801 peccasset,
1706 729 1873 799 iusta:
1923 744 2097 800 pinna:

505 835 761 890 addictus
793 831 984 885 fuisset
1018 845 1032 883 :
1067 825 1159 881 ubi
1187 823 1363 880 solum
1399 823 1452 877 in
1492 837 1643 878 aenea
1676 822 1953 888 machina,
1989 836 2096 891 qua

507 927 727 981 clausus
751 922 1060 982 tenebatur,
1083 930 1209 972 cum
1230 914 1484 984 lacrymis
1504 922 1756 984 precatus
1782 922 1925 969 esset
1946 912 2058 984 (51)
2080 929 2095 979 ;

506 1016 601 1071 Dei
629 1013 897 1082 iussione,
932 1009 1049 1080 ejus
1077 1005 1456 1078 paenitentiam
1515 1014 1794 1075 acceptam
1827 1004 2097 1073 habentis,

504 1121 655 1162 aenea
688 1105 776 1159 illa
806 1102 1059 1158 machina
1082 1099 1324 1167 dirupta,
1354 1098 1470 1168 ipse
1500 1112 1728 1167 prorsus
1761 1096 1932 1152 exivit
1975 1096 2101 1153 illaa-

506 1210 725 1252 suszac
752 1195 936 1249 salvus
981 1190 1221 1246 evadens
1246 1188 1303 1242 in
1345 1185 1676 1252 Jerusalem,
1715 1187 1829 1241 illic
1878 1188 2099 1242 tandem

506 1291 675 1344 vitam
708 1297 876 1344 totam
928 1281 1246 1356 paenitentis
1291 1279 1592 1335 sobrietate
1641 1279 1972 1350 transigens,
2003 1279 2100 1335 de-

2192 538 2296 612 τήν
2337 539 2637 610 μετάνοιαν
2665 538 2835 593 αὐτοῦ
2866 537 3187 611 δεξαμένου,
3214 541 3277 594 τό
3305 559 3365 595 τε
3399 545 3715 616 μηχάνημα
3736 547 3795 602 τὸ

2194 631 2436 705 χαλκοῦν
2481 631 2792 705 διερράγη,
2842 633 2940 687 καὶ
2988 633 3161 704 μηδὲν
3216 635 3411 690 παθὼν
3455 637 3518 691 τὸ
3572 639 3798 693 σύνολον

2194 723 2415 794 ἐξῆλθεο
2449 726 2563 780 Καὶ
2589 724 2901 789 ἀνασωθεὶς
2929 726 3011 789 είς
3046 725 3427 800 Ἰερουσαλὴμ,
3456 732 3584 785 ἐκεῖ
3612 731 3800 789 λοιπὸν

2194 818 2425 889 τελευτᾷ
2451 821 2512 874 ἐν
2540 818 2807 892 μετανοίᾳ
2829 818 2923 874 τὸν
2949 817 3132 875 πάντα
3162 819 3278 891 βίον
3300 823 3603 892 διηνυκώς.
3649 826 3800 890 Ἐζε-

2196 909 2327 975 κίας
2364 910 2422 965 δὲ
2476 911 2575 966 καὶ
2620 910 2950 984 προσθήκην
2987 912 3129 967 ἐτῶν
3162 920 3222 966 ιε’
3263 914 3511 982 ἐδέξατο,
3550 916 3671 970 ἀπὸ
3704 917 3798 973 τοῦ

2200 1004 2511 1075 στραφῆναι
2558 1004 2700 1076 πρὸς
2726 1004 2818 1059 τὸν
2849 1006 3051 1076 τοῖχον,
3094 1007 3192 1061 καὶ
3241 1007 3481 1063 κλαῦσαι
3527 1010 3633 1063 τὸν
3676 1011 3805 1066 Θεὸν

2196 1096 2838 1170 καταδυσωπῶν.’⁹ορᾷς
2868 1090 2959 1152 οἷα
2988 1098 3292 1170 εἰργάσατο
3320 1102 3360 1172 ή
3383 1102 3682 1173 μετάνοια,
3716 1106 3807 1160 καὶ

2195 1190 2359 1245 τίνων
2406 1191 2612 1262 ἠξίωσε
2647 1192 2781 1257 τοὺς
2820 1192 2881 1247 ἐν
2925 1192 3197 1266 κλαυθμῷ
3237 1194 3331 1250 τὸν
3376 1195 3514 1251 Θεὸν
3562 1195 3807 1268 ἐκζητή-

2200 1299 2441 1352 σαντας;

508 1388 730 1443 i‘unctus
781 1393 889 1441 est.
932 1380 1199 1438 Ezechias
1245 1390 1486 1448 quoque,
1557 1377 1703 1448 quod
1764 1377 1834 1432 ad
1911 1377 2175 1446 parietem
2213 1394 2406 1436 versus
2463 1395 2586 1438 cum
2649 1378 2782 1438 ﬂetu
2829 1382 3002 1439 Deum
3075 1385 3465 1451 obsecrasset,
3531 1397 3809 1438 annorum

510 1483 824 1556 quindecim
860 1479 1233 1536 accessionem
1283 1475 1520 1545 accepit.
1564 1472 1729 1530 Vides
1764 1484 1969 1545 quanta
2000 1474 2112 1530 sint
2146 1477 2487 1548 poenitentiae
2512 1479 2731 1541 merita.
2792 1495 2857 1535 ac
2920 1480 3119 1551 quibus
3157 1495 3253 1537 eus
3280 1482 3597 1547 donaverit,
3630 1480 3726 1553 qui
3756 1480 3809 1536 in

420 1607 432 1618 α
511 1579 663 1633 luctu
696 1577 865 1630 Deum
898 1570 1225 1642 requirunt?

582 1670 735 1737 Quod
769 1670 812 1723 si
844 1667 995 1733 libet,
1028 1667 1191 1721 aliam
1239 1676 1457 1735 quoque
1509 1663 1746 1719 narrabo
1784 1663 2099 1731 historiam,

2284 1665 2349 1719 Ei
2398 1663 2457 1718 δὲ
2499 1663 2702 1735 βούλει,
2760 1664 2858 1719 καὶ
2902 1664 3101 1735 ἑτέραν
3150 1666 3395 1737 ἱστορίαν
3430 1666 3807 1739 διηγήσομαι,

513 1765 679 1834 plane
724 1761 1071 1824 mirabilem,
1136 1774 1298 1829 quam
1355 1760 1610 1816 Clemens
1660 1760 1900 1829 scriptor
1962 1758 2101 1829 (ille

2213 1757 2368 1811 πολὺ·
2389 1757 2450 1810 τὸ
2481 1757 2791 1828 παράδοξον
2833 1757 3091 1829 ἔχουσαν,
3121 1760 3188 1830 ἢν
3228 1761 3464 1831 Κλήμης
3495 1761 3525 1813 ό
3563 1778 3811 1835 συγγρα-

511 1856 941 1923 Alexandrinus)
993 1853 1061 1909 de
1100 1851 1315 1909 Joanne
1361 1853 1563 1907 tradit:
1596 1850 1825 1919 Joanne,
1853 1851 2097 1921 inquam,

2211 1849 2345 1918 φεὺς
2379 1850 2511 1921 περ)⁸
2560 1847 2813 1904 Ἰωάννου
2849 1850 3007 1921 φησὶ,
3041 1849 3137 1905 τοῦ
3184 1851 3254 1905 τὰ
3297 1850 3421 1907 θεῖα
3464 1854 3607 1924 ἡμῖν
3650 1853 3811 1925 βρον-

514 1950 606 2019 qui
644 1946 866 2002 tonitrui
906 1948 1080 2002 instar
1113 1946 1298 2000 divina
1335 1946 1497 2000 nobis
1532 1943 1806 2008 intonuit;
1839 1944 2047 2013 quique
2075 1960 2105 1997 a

515 2054 687 2111 puero
738 2038 1108 2108 virginitatem
1158 2037 1380 2103 dilexit;
1436 2052 1503 2093 ac
1555 2046 1779 2106 propter
1826 2036 2108 2091 excellen-

519 2144 627 2187 tem
667 2132 719 2186 in
764 2129 1085 2198 Magistrum
1134 2129 1513 2197 dilectionem,
1544 2129 1663 2199 plus
1694 2130 1949 2185 omnibus
1972 2127 2107 2182 dile-

516 2237 638 2280 ctus
668 2222 788 2289 fuit,
810 2232 867 2277 ut
885 2232 937 2277 et
958 2221 1241 2292 privilegio
1267 2235 1432 2287 supra
1452 2220 1628 2289 ipsum
1651 2220 1963 2276 recubuerit
1992 2218 2106 2274 Do-

518 2315 781 2370 minicutn
818 2322 1029 2383 pectus,
1068 2327 1133 2368 ac
1179 2311 1455 2383 Virginem
1488 2311 1695 2381 Deique
1736 2311 2099 2373 Genitricetn,

517 2409 764 2479 deposito
811 2406 1107 2477 acceperit.
1158 2404 1360 2463 Narrat
1408 2405 1652 2477 ergo_de
1704 2403 1795 2459 illo
1854 2401 2110 2473 prml‘atus

518 2509 739 2577 sapiens
772 2505 1128 2560 historiarum
1183 2503 1420 2573 scriptor
1457 2501 1734 2572 quidpiam
1756 2499 2023 2573 ejusmodi
2055 2500 2108 2555 in

517 2615 630 2656 uno
685 2599 925 2669 quodam
956 2598 1077 2669 ejus
1112 2595 1401 2659 librorum,
1434 2609 1572 2665 quos
1604 2594 1758 2650 varie
1801 2601 2108 2660 contextos,

516 2693 873 2765 Στρωματεῖς
904 2689 1161 2762 appellari
1197 2688 1408 2745 voluit:
1445 2698 1506 2743 ut
1536 2687 1605 2742 ad
1641 2686 1933 2757 quemdam
1966 2686 2111 2741 Asia:

518 2784 698 2841 locum
722 2794 1040 2838 transcursu
1075 2780 1289 2837 itineris
1311 2778 1570 2846 veniens;
1606 2794 1731 2834 cum
1758 2778 2017 2833 nimirum
2046 2778 2112 2831 li-

519 2877 670 2933 deles
690 2875 970 2931 invisurus
998 2888 1063 2930 ac
1085 2873 1515 2930 conﬁrmaturus
1537 2872 1723 2928 Asiam
1752 2878 2108 2941 peragraret;

519 2969 802 3026 inventum
820 2967 1112 3038 quemdam
1131 2966 1553 3030 adolescentem,
1570 2965 1815 3035 corporis
1829 2971 2116 3019 venustate

520 3075 587 3118 ac
610 3059 819 3116 viribus
836 3056 1051 3132 egregie
1073 3067 1353 3124 ornatum,
1387 3056 1617 3112 necdum
1652 3064 1831 3110 tamen
1861 3055 1985 3109 lidei
2022 3068 2113 3109 ru-

521 3154 786 3211 dimentis
822 3152 1113 3217 imbutum,
1175 3159 1272 3206 aut
1329 3149 1523 3206 salutis
1560 3147 1817 3204 edoctum
1853 3147 2021 3214 viam,
2046 3159 2107 3202 ut

520 3209 742 3302 Christo
760 3209 959 3299 nomen
976 3209 1130 3298 daret
1159 3254 1223 3297 ac
1245 3241 1533 3297 accederet
1560 3238 1683 3294 lidei
1706 3209 2110 3294 adhortationi-
2139 3209 2184 3270 Ο

521 3340 627 3395 bus
661 3338 931 3393 inllexerit
956 3353 971 3391 :
995 3350 1158 3408 quem
1191 3345 1247 3390 et
1279 3334 1431 3391 urbis
1456 3332 1605 3389 illius
1644 3331 1890 3405 episcopi
1916 3334 1972 3388 in
2007 3333 2114 3388 lide

524 3428 925 3488 instituendum
972 3429 1278 3494 adducens,
1314 3425 1391 3481 ita
1435 3424 1634 3480 allatus
1695 3425 1768 3481 sit
1813 3442 1827 3479 :
1866 3443 1886 3477 ι
1952 3424 2114 3482 Hunc

524 3525 648 3591 tibi,
685 3542 718 3579 o
770 3524 1053 3594 episcope,
1092 3521 1378 3593 juvenem,
1436 3518 1689 3589 deposito
1747 3518 1932 3585 trado,
2002 3517 2115 3575 Deo

523 3626 686 3683 teste,
727 3631 792 3672 ac
857 3616 1115 3671 universa
1185 3610 1470 3667 Ecclesia.
1512 3629 1530 3664 ι
1575 3609 1674 3667 His
1707 3621 1889 3666 autem
1919 3611 2112 3678 dictis,

523 3719 817 3765 exeuntem
853 3706 1187 3777 apostolum,
1230 3704 1398 3759 urbes
1434 3705 1571 3758 alias
1598 3702 1724 3759 ﬁdei
1766 3704 2113 3774 praedicatio-

524 3814 651 3854 nem
687 3795 1039 3860 seminando,
1078 3793 1313 3851 subinde
1339 3793 1569 3849 obiisse.
1609 3794 1941 3866 Episcopum
1959 3811 2113 3860 vero,

522 3896 873 3959 assumptum
920 3900 1174 3958 puerum,
1224 3898 1324 3956 pro
1359 3884 1550 3955 regula
1578 3884 1635 3940 in
1671 3883 1936 3942 Ecclesiis
1966 3886 2114 3942 obti-

525 3988 695 4036 nente
716 4019 733 4047 ,
756 3978 883 4034 ﬁdei
913 3980 1149 4049 primam
1206 3977 1619 4034 institutionem
1651 3978 1927 4044 edoctum,
1965 3980 2115 4036 salu-

525 4075 664 4129 taris
722 4073 877 4127 unda:
946 4071 1268 4127 intinctione
1324 4087 1740 4129 consummasse
1786 4089 1800 4127 :
1842 4084 1966 4144 post
2016 4076 2114 4131 ba-

527 4168 726 4237 ptisma
763 4172 970 4231 autem,
1000 4164 1143 4218 haud
1176 4164 1319 4219 ultra
1365 4164 1640 4235 prioribus
1673 4165 1919 4232 monitis,
1951 4182 2117 4222 excoc

526 4260 689 4315 lendo
739 4256 1105 4314 adolescentis
1149 4259 1334 4313 animo
1378 4276 1536 4316 usum
1568 4276 1730 4318 esse:
1777 4264 1922 4332 quod
1952 4259 2115 4314 nimi-

523 4370 647 4410 rum
710 4356 850 4411 nihil
895 4370 1124 4427 prorsus
1184 4354 1399 4410 timoris
1442 4354 1673 4410 subesse
1724 4355 2110 4424 arbitraretur,

523 4456 587 4502 ut
651 4449 878 4503 multam
948 4448 1063 4519 jam
1116 4446 1557 4501 adhortationem
1623 4461 1688 4501 ac
1764 4444 2111 4518 disciplinam

2207 1942 2496 2014 τήσαντος,
2520 1943 2617 1996 καὶ
2637 1942 2736 2015 τὴν
2761 1942 3066 2014 παρθενίαν
3090 1944 3157 1998 ἐκ
3176 1943 3369 2009 παιδὸς
3387 1946 3809 2018 ἀγαπήσαντος

2209 2035 2306 2088 καὶ
2334 2034 2425 2088 διὰ
2451 2034 2514 2088 τὸ
2535 2035 2637 2105 τῆς
2682 2036 2907 2107 ἀγάπης
2934 2036 3281 2107 ὑπερϐάλλον
3306 2039 3410 2109 τῆς
3441 2040 3578 2110 περὶ⁵
3612 2038 3709 2093 τὸν
3734 2042 3813 2093 Δι-

2207 2125 2500 2192 δάσκαλον,
2527 2125 2692 2180 πλέον
2716 2127 2937 2182 πάντων
2963 2128 3371 2200 ἀγαπηθέντος,
3393 2129 3471 2194 ὡς
3500 2132 3601 2185 καὶ
3636 2133 3733 2186 ἐπὶ
3755 2133 3811 2186 τὸ

2206 2219 2532 2273 δεσποτικὸν
2566 2218 2765 2291 στῆθος
2795 2221 3118 2287 ἀναπεσεῖν,
3146 2222 3243 2275 καὶ
3268 2221 3368 2294 τήν
3401 2223 3698 2294 Παρθένον
3721 2226 3813 2278 καὶ

2208 2310 2536 2383 Θεομήτορα
2561 2312 3041 2385 παρακαταθήκην
3072 2313 3283 2368 λαϐεῖν.
3331 2315 3595 2370 Τοιοῦτόν
3625 2335 3682 2371 τι
3716 2318 3812 2388 μὲν

2211 2403 2343 2476 περὶ
2368 2404 2534 2458 αὑτοῦ
2569 2406 2597 2459 ό
2639 2405 2801 2472 σοφὸς
2840 2406 3261 2477 ἱστοριογράφος
3309 2406 3369 2461 έν
3405 2425 3515 2462 τινι
3556 2409 3675 2462 τῶν
3718 2410 3813 2462 αὑ-

2209 2495 2305 2550 τοῦ
2343 2500 2773 2568 Στρωματικων
2806 2497 3008 2567 λόγων
3048 2498 3424 2572 διεξέρχεταιο
3456 2502 3544 2556 ὅτι
3574 2520 3690 2573 περ
3722 2504 3813 2558 ἐπί

2210 2610 2335 2647 τινα
2365 2592 2533 2647 τόπον
2567 2592 2671 2664 τῆς
2713 2593 2905 2658 Ἀσίας
2937 2588 3133 2659 ἐλθὼν,
3168 2594 3313 2649 κατὰ
3344 2594 3611 2666 πάροδον·
3652 2595 3813 2665 ἐτύγ-

2210 2701 2343 2755 χανε
2368 2683 2478 2757 γὰρ
2499 2685 2970 2757 ἐπισκεπτόμενος
2990 2684 3117 2750 τοὺς
3133 2685 3365 2751 πιστοὺς
3386 2686 3484 2740 καὶ
3506 2688 3809 2760 στηρίζων,

2212 2772 2525 2845 διέρχεσθαι
2556 2774 2659 2845 τὴν
2709 2775 2932 2830 Ἀσίανο
2973 2774 3101 2830 τινὰ
3139 2775 3358 2830 νεανίαν
3395 2776 3581 2849 εὑρὼν
3620 2778 3814 2833 κάλλει

2187 2866 2471 2939 οσώματος
2499 2869 2598 2922 καὶ
2628 2868 2775 2940 ίσχύϊ
2804 2886 3183 2940 κοσμουμενον
3213 2870 3331 2941 μὲν,
3360 2871 3517 2925 οὔπω
3551 2871 3613 2926 δέ
3643 2889 3815 2943 κατη-

2214 2958 2455 3030 χηθέντα
2499 2958 2600 3032 τὴν
2645 2964 2854 3028 πίστιν,
2888 2962 3012 3015 οὐδὲ
3050 2963 3151 3034 τὴν
3193 2964 3296 3035 τῆς
3337 2965 3628 3037 σωτηρίας
3664 2965 3813 3019 διδα-

2215 3053 2417 3124 χθέντα
2460 3052 2582 3107 όδόν
2610 3070 2625 3086 ’
2661 3052 2852 3108 τοῦτον
2898 3056 3260 3128 παραινέσεσι
3309 3057 3495 3111 πείθει
3551 3056 3814 3128 γενέσθαι

2217 3145 2410 3199 πιστόν
2434 3162 2449 3177 ο
2484 3145 2542 3200 ὃν
2591 3147 2689 3201 καὶ
2730 3145 2808 3215 τῷ
2853 3148 2955 3218 τῆς
2995 3148 3208 3213 πόλεως
3257 3148 3478 3221 ἐκείνης
3519 3147 3814 3219 ἐπισκόπῳ

2216 3239 2354 3310 πρὸς
2370 3239 2432 3292 τὸ
2449 3240 2807 3311 κατηχεῖσθαι
2830 3241 3219 3313 προσαγαγών·
3248 3258 3267 3292 ι
3297 3240 3503 3295 Τοῦτόν
3522 3259 3631 3308 σοι,
3656 3242 3810 3313 φησὶ,

2215 3330 2307 3385 τὸν
2323 3331 2441 3385 νέον
2466 3331 2980 3404 παρακατατίθημι,
3011 3327 3056 3387 ὦ
3076 3334 3368 3398 ἐπίσκοπε,
3396 3335 3811 3406 μαρτυροῦντος

2214 3420 2312 3477 τοῦ
2347 3422 2518 3491 Θεοῦ,
2550 3424 2646 3477 καὶ
2688 3424 2872 3496 πάσης
2900 3427 3002 3497 τῆς
3048 3424 3407 3498 Ἐκκλησίας.
3461 3445 3482 3479 s
3519 3427 3698 3482 Τοῦτο
3736 3430 3812 3482 εί-

2216 3513 2337 3568 πὼν
2379 3517 2408 3570 ό
2442 3516 2743 3580 ἀπόστολος
2790 3518 2885 3571 καὶ⁵
2930 3516 3200 3585 ἐξελθὼν,
3250 3521 3352 3584 τὰς
3389 3520 3586 3593 ἐτέρας
3624 3523 3811 3587 πόλεις

2217 3609 2515 3681 ἐπήρχετο,
2550 3610 2886 3683 διασπείρων
2915 3611 2977 3664 τὸ
3004 3615 3105 3681 τῆς
3138 3612 3376 3678 πίστεως
3415 3616 3707 3687 κήρυγμα.
3751 3616 3808 3670 '0

2217 3701 2619 3769 δὲέπίσκοπος,
2647 3704 2739 3757 τὸν
2766 3704 2934 3760 παῖδα
2965 3705 3335 3777 παραλαϐὼν,
3367 3709 3511 3762 κατὰ
3548 3710 3645 3762 τὸν
3678 3727 3810 3780 κρα-

2215 3800 2414 3857 τοῦντα
2443 3804 2614 3860 τύπον
2639 3808 2759 3871 ταῖς
2821 3807 3196 3879 Ἐκκλησίαις,
3232 3810 3571 3880 κατηχήσας,
3609 3814 3706 3863 καὶ
3735 3810 3809 3864 δι-

2216 3895 2406 3964 δάξας,
2433 3897 2513 3970 τῷ
2546 3902 2801 3973 σωτηρίῳ
2833 3900 3177 3973 βαπτίσματι
3215 3901 3537 3957 ἐτελείωσεν
3558 3919 3573 3934 ο
3608 3898 3672 3959 οὗ
3718 3902 3808 3956 καὶ

2217 3991 2541 4063 γενομένου,
2565 3994 2751 4047 οὐκέτι
2776 3997 2899 4059 ταῖς
2923 3996 3226 4067 προτέραις
3259 3995 3531 4068 ἐκέχρητο
3557 3997 3700 4069 πρὸς
3718 3996 3809 4049 αύ-

2216 4084 2307 4138 τὸν
2328 4085 2657 4150 νουθεσίαις
2690 4088 2912 4152 πάντως
2933 4088 3183 4155 οἰόμενος
3213 4088 3418 4159 μηδένα
3441 4088 3610 4157 φόϐον
3640 4089 3804 4159 ἔχειν,

2217 4176 2351 4248 πρὸς
2375 4176 2438 4229 τὸ
2461 4179 2911 4251 παρατραπῆναι,
2943 4181 3037 4234 τὸν
3063 4181 3164 4252 ήδη
3192 4181 3395 4252 πολλῆς
3427 4184 3805 4254 παραινέσεως

2217 4269 2313 4323 καὶ
2343 4268 2699 4335 διδασκαλίας
2733 4270 3062 4337 ἀξιωθέντα.
3101 4272 3208 4327 Τοῦ
3241 4272 3299 4327 δὲ
3335 4275 3459 4328 νέου
3501 4274 3803 4345 λαϐομένου

2215 4361 2439 4427 ἁδείας,
2494 4362 2716 4436 ἕτοιμον
2765 4364 2823 4418 δὲ
2876 4365 3015 4437 πρὸς
3072 4365 3439 4438 παρατροπὴν
3492 4367 3525 4435 ή
3582 4368 3802 4438 νεότης,

2220 4444 2461 4524 μάλιστα
2519 4456 2570 4509 εί
2632 4454 2788 4526 τύχοι
2851 4456 3119 4525 φθορεῦσί
3191 4474 3303 4511 τισι
3376 4456 3803 4522 συναυλιζόντων

523 4542 793 4611 adeptus,
845 4556 1005 4597 secus
1064 4548 1494 4611 perverteretur.
1541 4536 1802 4594 Juvenem
1842 4555 1973 4596 vero
2019 4556 2107 4597 ac-

2216 4547 2312 4600 καὶ
2350 4546 2533 4602 αὐτῶν
2572 4546 2965 4613 ἐξωλεστάτων
2995 4549 3238 4621 ἀνδρῶν,
3271 4550 3371 4602 ἐπ.
3408 4549 3606 4602 δεῖπνα
3640 4550 3802 4601 πολυ-

522 4647 679 4706 cepta
752 4635 1019 4700 licentia,
1090 4641 1149 4688 ut
1208 4641 1293 4688 est
1347 4642 1598 4703 prompta
1640 4633 1911 4705 ljuvenum
1970 4644 2104 4694 tetas

2212 4640 2347 4711 τελῆ
2372 4641 2750 4714 προκαλεῖται·
2783 4639 2917 4697 Εἶτα
2954 4642 3051 4697 ἐπὶ
3082 4641 3290 4707 κλοπὰς
3317 4645 3412 4697 καὶ
3440 4642 3799 4705 λωποδυσίας⁴

2064 4791 2291 4851 NOT/E.

599 4948 712 5019 (⁸51)
750 4947 849 5002 Hie
873 4956 1107 5018 quatuor
1131 4953 1260 5001 sunt
1288 4944 1528 5019 notanda
1561 4962 1575 4999 :
1604 4946 1787 5019 primo;
1818 4943 2003 5019 fabula
2044 4949 2111 5003 de

526 5016 801 5082 Manasse,
826 5016 919 5087 qui
950 5019 1003 5072 in
1031 5032 1181 5073 mnea
1214 5016 1467 5071 machina
1492 5016 1747 5073 detentus
1778 5017 1904 5072 inde
1927 5017 2114 5075 salvus

525 5090 740 5155 evasit,
775 5090 864 5143 illa
904 5104 1001 5157 per
1026 5090 1346 5158 miraculum
1374 5088 1619 5157 dirupta.
1651 5088 1906 5143 Secundo
1928 5127 1944 5154 ,
1971 5092 2115 5158 apud

438 5210 443 5214 .
526 5160 808 5215 Canisium
854 5159 1138 5230 Man-asses
1177 5157 1616 5230 Hierosolymam
1654 5173 1986 5230 reversurus
2011 5157 2117 5230 ίᾶγ-

528 5229 691 5299 γελον
747 5229 915 5295 Θεοῦ,
975 5230 1233 5298 angelum
1272 5228 1368 5283 Dei
1401 5228 1595 5284 ducent
1648 5229 1855 5284 habere
1904 5228 2113 5299 debuit.

527 5297 787 5368 Quaedam
817 5301 883 5354 de
916 5298 1006 5354 illo
1030 5300 1280 5369 principe
1305 5304 1619 5370 apocrypha
1645 5300 1894 5354 narravit
1926 5297 2121 5357 auctor

527 5372 1002 5443 Constitutionum.
1031 5371 1147 5441 (lib.
1181 5384 1242 5423 ιι.
1275 5384 1399 5440 cap.
1432 5370 1527 5442 22)
1551 5412 1567 5438 ,
1605 5371 1702 5427 sed
1734 5386 1800 5425 eo
1830 5373 1897 5443 dc
1922 5374 2115 5443 angelo

528 5445 700 5520 silet.“
704 5442 817 5520 Hoc
834 5442 1007 5520 igitur
1035 5450 1348 5520 novum-est
1376 5453 1778 5520 commentpm;
1808 5442 1865 5498 5°
1886 5442 2122 5520 aliaha-

530 5516 625 5569 bet
659 5512 917 5570 Canisius
949 5527 1069 5579 qua:
1102 5511 1192 5581 hic
1224 5512 1446 5577 desunt,
1492 5511 1800 5581 quanq'uatn
1832 5515 2073 5569 notanda
2101 5531 2117 5579 ;

530 5586 656 5641 Ideo
691 5583 1032 5652 reponimus.
1063 5580 1343 5653 Hocrmihi
1374 5582 1592 5635 observa
1632 5580 1861 5653 Pelagus
1898 5584 2120 5638 inenar-

530 5657 701 5710 rabile
725 5655 1134 5709 miscrationum
1150 5652 1264 5722 ejus
1290 5653 1380 5721 qui
1403 5656 1545 5723 solus
1573 5652 1826 5723 benignus
1850 5666 1926 5709 est
1957 5654 2118 5719 Deus,

531 5729 623 5795 qui
661 5727 832 5781 salvos
880 5724 1008 5800 facit
1049 5736 1104 5777 -ει
1137 5724 1304 5800 gratis
1359 5722 1727 5800 misericordia
1784 5728 2122 5800 prosequitur

533 5809 783 5865 auatquot
826 5803 893 5852 ad
931 5798 1105 5864 ipsum
1160 5795 1474 5864 confugiunt
1508 5809 1526 5846 :
1565 5810 1679 5848 rere
1736 5798 1903 5863 gratis
1929 5795 1958 5863 ;⁷
1995 5812 2116 5850 nam

2210 4953 2343 5026 quid
2378 4955 2511 5010 mihi
2556 4957 2863 5011 Manassen:
2905 4956 3158 5013 obtulisse
3204 4957 3375 5012 dicere
3427 4958 3638 5026 possis,
3667 4957 3799 5025 quod

2213 5025 2326 5079 ulla
2356 5042 2423 5080 ea:
2453 5038 2601 5094 parte
2628 5027 3011 5097 conferendum
3039 5030 3105 5082 sit
3132 5044 3248 5082 cum
3266 5025 3477 5098 judicio
3504 5040 3555 5082 et
3590 5030 3799 5098 interitu

2214 5103 2294 5170 ιριΔ
2310 5098 2615 5170 nigriadum
2641 5101 2968 5164 animarum,
2994 5114 3113 5170 qua:
3139 5101 3193 5153 in
3220 5097 3455 5168 gehenna
3490 5097 3801 5167 perierunt?

2219 5163 2417 5232 Nihil',
2447 5169 2688 5239 confugit
2726 5180 2933 5222 tantum
2956 5163 3029 5222 aa
3057 5163 3250 5237 Deum',
3286 5181 3334 5224 et
3362 5170 3416 5223 in
3444 5163 3800 5223 miserationes

2217 5241 2334 5305 ejus
2366 5254 2419 5291 se
2446 5240 2829 5307 prwcipitauit,
2879 5256 2942 5292 ac
2975 5240 3173 5309 dignus
3218 5240 3435 5295 habitus
3465 5251 3544 5295 est
3575 5241 3666 5309 qui
3688 5239 3799 5306 ejus

2220 5308 2595 5379 benignitatem
2619 5312 2974 5379 experiretur.
3008 5308 3196 5365 Graeca
3232 5312 3355 5365 vide
3377 5326 3566 5378 supra,
3589 5308 3647 5378 7p.
3680 5309 3799 5371 496,

2222 5378 2325 5449 ὅρα
2347 5395 2520 5451 usque
2549 5378 2901 5451 uap‘abroﬁ.
2927 5380 3021 5437 Sic
3050 5382 3262 5436 meritis
3288 5382 3540 5435 laudibus
3568 5383 3797 5435 divinam

2222 5450 2439 5503 extollit
2480 5450 2915 5506 misericordiam
2963 5454 3294 5508 Anastasius
3348 5461 3802 5519 peccatorumque

2226 5520 2603 5593 remissionem
2649 5523 2946 5592 gratuitam
2977 5563 2993 5588 ,
3026 5524 3092 5576 ad
3123 5537 3289 5593 quam
3326 5523 3680 5576 obtinendam
3713 5524 3801 5593 ho-

2225 5591 2400 5644 tnines
2439 5588 2675 5646 oll‘eruni
2712 5593 2867 5651 nihil.
2914 5594 2972 5648 4°
3022 5588 3317 5648 Observari
3360 5593 3522 5647 debet
3550 5633 3565 5659 ,
3599 5606 3717 5659 qua:
3742 5591 3801 5643 de

2224 5661 2456 5715 Ezechia
2495 5664 2765 5718 habentur
2789 5666 2841 5717 iu
2876 5665 3117 5720 editione
3146 5663 3553 5721 Combelisiana
3582 5678 3689 5716 non
3713 5675 3800 5715 oc-

2224 5748 2447 5787 currere
2475 5734 2528 5787 in
2551 5732 2867 5803 Capisiana.
2900 5734 3065 5790 BASN.
