4080 6570
288 405 425 473 1137

1464 410 1752 472 ORATIO
1790 410 1873 472 IN
1914 411 2280 474 PSALMUM
2314 413 2419 475 VI.

3374 424 3378 429 ’
3441 424 3582 494 1138

280 520 350 573 δν
390 519 489 574 καὶ
541 520 1036 594 παραφθείραντες
1072 518 1362 587 παντελῶς
1423 523 1549 585 ταῖς
1596 520 1871 587 τοιαύταις

1987 530 2047 575 ιιι
2095 530 2463 590 pervertatur.
2513 523 2676 596 idque
2729 526 3075 599 cumprimis,
3115 529 3161 587 si
3207 531 3437 591 nefariis
3482 536 3582 594 ho-

280 612 602 685 ἐργασίαις,
659 615 759 668 καὶ
810 612 1007 669 τοῦτον
1054 613 1153 668 τοῦ
1203 613 1415 678 εὐθέως
1453 614 1878 684 ἀπαγαγόντες,

279 707 382 759 καὶ
400 705 714 760 τελευταῖον
742 705 837 761 ἐπὶ
863 706 927 761 τὸ
949 706 1076 778 δρος
1098 706 1263 761 αὑτὸν
1287 704 1727 774 ἀναϐιϐάσαντες
1758 707 1883 778 μεθ’

280 799 530 864 ἑαυτῶν,
558 800 655 855 ttat
684 798 995 872 λῄσταρχον
1025 802 1182 872 κοινῇ
1219 800 1738 871 χειροτονήσαντες,
1783 801 1885 856 ἅτε

282 890 513 962 μεγέθει
534 891 754 962 ἡλικίας
774 893 872 947 καὶ
892 892 1124 964 δυνάμει
1152 893 1481 965 προέχοντα,
1506 893 1576 948 τά
1604 894 1885 965 ἀνήκεστα

279 983 558 1053 ἔπραττον
577 1000 593 1018 ο
632 985 981 1055 ὁρμητήριον
1012 984 1076 1039 τὸ
1103 983 1240 1039 αὐτὸ
1266 985 1395 1057 ὅρος
1430 984 1752 1058 ποιούμενοι
1788 986 1884 1042 καὶ

277 1073 653 1146 προσφύγιον.
686 1075 916 1146 Χρόνων
944 1076 1235 1148 τοιγαροῦν
1262 1076 1322 1129 ὲν
1348 1075 1427 1148 τῷ
1463 1078 1616 1149 μέσῳ
1642 1076 1882 1132 διελθόν-

275 1184 390 1220 των
415 1167 518 1222 οὐκ
542 1166 764 1237 ὀλίγων,
790 1166 1108 1222 ἐπανελθὼν
1129 1168 1160 1221 6
1194 1168 1577 1234 ’Λπόστολος·‹
1593 1170 1730 1239 Ἀγε
1762 1188 1882 1241 μοι,

275 1260 485 1330 φησὶν,
521 1260 615 1313 ἐπι⁹
647 1259 873 1314 πάντων
904 1260 1042 1333 πρὸς
1071 1260 1165 1314 τὸν
1197 1260 1536 1326 ἐπίσκοπον,
1567 1259 1667 1334 τὴν
1697 1279 1883 1333 παρα-

275 1350 461 1421 θήκην
497 1351 565 1422 ἣν
609 1351 937 1423 παρεθέμην
974 1369 1059 1407 σοι
1109 1352 1205 1406 ἐπὶ
1238 1352 1482 1425 μάρτυρι
1526 1354 1649 1425 Θεῷ
1679 1355 1773 1409 καὶ
1811 1358 1879 1428 τῇ

287 1442 613 1515 Ἐκκλησία.
652 1463 671 1498 ι
710 1444 771 1499 '0
804 1445 859 1498 δὲ
890 1445 1195 1509 ἐπίσκοπος
1220 1446 1315 1501 ἐπὶ
1344 1446 1408 1501 τὸ
1435 1447 1644 1519 ῥήματι
1672 1447 1881 1502 ἐκπλα-

270 1536 421 1604 γείς·
445 1535 668 1607 ἐνόμιζε
690 1537 802 1606 γὰρ
825 1538 1084 1608 χρήματα
1106 1538 1258 1609 αὐτῷ
1281 1555 1407 1593 τινα
1432 1539 1879 1612 παρατεθειμένα

272 1627 344 1696 ζη
356 1628 492 1681 τεῖν⁸
516 1627 570 1680 τί
596 1628 690 1682 καὶ
713 1627 896 1697 λέγειν
917 1629 1138 1700 ἠπόρει.
1178 1630 1236 1683 ὐ
1265 1630 1325 1684 δέ
1360 1631 1618 1703 Ἰωάννης
1637 1631 1714 1697 ὡς
1736 1628 1879 1686 εἶδεν

273 1719 445 1772 αὑτὸν
475 1719 888 1790 ἀμηχανοῦνταο
947 1738 966 1773 ι
1010 1721 1149 1791 ’Δγε
1197 1739 1325 1791 μοι,
1362 1724 1498 1794 φησὶ¹
1536 1725 1702 1779 πάλιν
1738 1725 1878 1799 πρὸς

272 1810 466 1876 αὐτὸν,
490 1809 537 1867 ὦ
569 1812 861 1877 ἐπίσκοπε,
891 1812 985 1867 τὸν
1010 1814 1235 1869 νεανίαν
1271 1815 1484 1870 ἐκεῖνον
1508 1817 1568 1870 ὃν
1594 1834 1680 1871 σοι
1710 1834 1878 1891 παρε-

1987 609 2231 667 minibus
2282 626 2347 667 ac
2378 615 2797 685 currnptoribus
2852 619 3323 691 commisceatur;
3370 625 3579 696 princi-

1984 701 2076 771 pio
2121 702 2339 773 quidem
2389 719 2419 758 a
2468 706 2710 763 factiosis
2772 710 3099 781 quibusdam
3153 713 3307 781 viris,
3380 718 3473 788 qui
3526 729 3582 775 et

1985 793 2087 865 ipsi
2150 795 2513 867 perditissimi
2572 810 2791 866 essent,
2875 804 2939 857 ad
2998 815 3315 877 sumptuosa
3388 810 3579 864 convi-

1986 886 2071 939 via
2120 895 2516 956 provocatum;
2555 896 2667 944 tum
2719 892 2787 947 ad
2828 891 2993 960 furta,
3035 910 3099 951 ac
3142 898 3515 967 grassationcs
3557 918 3572 954 :

1984 990 2322 1046 prorsusque
2372 976 2717 1036 facinoribus
2748 981 3017 1053 ejusmodi
3070 986 3448 1057 depravatum,
3488 999 3575 1046 at-

1986 1082 2091 1138 que
2117 1083 2148 1123 a
2192 1077 2344 1125 recto
2383 1070 2705 1138 abductum,
2749 1088 2813 1128 ac
2843 1075 3061 1130 detnum
3100 1078 3152 1131 in
3186 1092 3423 1137 montem
3480 1085 3576 1138 atl-

1983 1161 2227 1227 ductum,
2249 1162 2637 1235 communique
2669 1179 2858 1220 eorum
2882 1168 3113 1225 consilio
3145 1171 3417 1229 latronum
3465 1175 3572 1230 du-

1982 1264 2099 1306 cem
2128 1262 2403 1320 creatum,
2435 1264 2694 1325 tanquam
2724 1257 2816 1327 qui
2845 1264 3056 1313 statura
3101 1266 3351 1333 corporis
3384 1281 3449 1323 ac
3486 1282 3575 1323 ro-

1982 1341 2115 1398 bore
2138 1352 2449 1413 prtestaret,
2486 1346 2885 1402 immanissima
2915 1349 3122 1417 pariter
3156 1353 3421 1422 agitasse;
3448 1369 3571 1411 cum

1981 1434 2082 1489 sibi
2130 1434 2208 1489 illi
2253 1444 2495 1511 montem
2542 1437 2716 1504 illum,
2747 1454 2846 1494 ceu
2905 1449 3118 1508 portum
3168 1445 3459 1512 quemdam
3510 1462 3575 1503 ac

1982 1524 2189 1599 asylum
2244 1525 2523 1582 fecissent.
2563 1526 2783 1584 interim
2834 1540 3018 1586 autem
3057 1546 3162 1586 non
3214 1536 3427 1590 modico
3461 1538 3575 1593 ela-

1979 1634 2076 1688 pso
2126 1628 2393 1691 tempore,
2429 1636 2707 1678 reversum
2739 1626 2955 1679 tandem
2999 1627 3334 1698 apostolum,
3369 1633 3440 1687 ita
3484 1650 3572 1701 pa-

1982 1708 2085 1763 Iam
2137 1711 2393 1766 omnibus
2450 1712 2708 1781 episcoiio
2772 1714 2979 1771 dixisse
3032 1735 3045 1772 :
3112 1736 3130 1769 ι
3177 1717 3337 1774 Modo
3391 1722 3575 1791 profer

1980 1800 2304 1870 depositum,
2339 1806 2483 1873 quod
2519 1806 2612 1861 tibi
2650 1806 2750 1862 sub
2781 1807 2889 1863 Deo
2924 1818 3080 1877 teste,
3119 1823 3184 1865 ac
3239 1811 3509 1879 Ecclesia,
3537 1832 3570 1873 a

274 1898 456 1971 θέμην
475 1900 553 1964 ὡς
585 1902 897 1974 ἐπισκόπῳ.
931 1921 950 1954 ι
1001 1903 1059 1957 Ὀ
1079 1903 1138 1958 δὲ
1168 1906 1420 1959 νεανίαν
1446 1906 1712 1972 ἀκούσας,
1751 1884 1871 1961 στε-

1983 1906 2070 1946 me
2118 1895 2499 1966 consignatum
2560 1899 2749 1954 habes.
2812 1918 2833 1954 ι
2886 1898 3248 1974 Obstupuisse
3297 1916 3475 1963 autem
3514 1908 3570 1964 in

274 1990 450 2055 νάξας
488 1991 633 2062 μέγα
662 1994 758 2046 καὶ
786 1994 1013 2066 πικρὸν,
1037 1990 1159 2049 εἶτα
1178 1995 1516 2067 δακρυθεὶς,
1550 2017 1570 2051 ι
1601 1999 1877 2071 Τέθνηκεν

275 2085 513 2148 ἐκεῖνος,
559 2103 579 2137 ι
606 2085 747 2157 πρὸς
786 2086 1046 2161 Ἰωάννην
1077 2088 1466 2161 ἀποκρίνεται.
1505 2092 1616 2146 Καὶ
1648 2092 1815 2157 εὐθὺς
1847 2094 1878 2148 6

288 2174 573 2245 Ἰωάννης·
604 2193 623 2227 ι
662 2178 787 2242 Πως
818 2178 1017 2251 ἢποίῳ
1049 2179 1241 2250 τρόπῳ
1262 2218 1279 2246 ,
1320 2181 1469 2236 εἰπέ.
1496 2200 1516 2235 ι
1552 2181 1612 2235 Ὀ
1635 2181 1694 2236 δὲ
1726 2201 1744 2236 ι
1772 2182 1877 2237 Τὸν

274 2267 557 2323 ἀπευκτὸν
597 2270 698 2342 τῆς
724 2271 936 2344 ψυχῆς,
980 2273 1148 2346 φησι,
1190 2272 1442 2331 θάνατον.
1507 2275 1715 2348 ’Δπέϐη
1767 2276 1878 2347 γάρ

275 2361 549 2433 πονηρὸς,
565 2363 660 2417 καὶ
685 2362 927 2437 ἐξώλης,
953 2365 1055 2420 καὶ
1080 2365 1289 2440 λῃστὴς
1320 2366 1648 2438 βιαιότατος.
1673 2387 1692 2422 ι
1712 2369 1824 2425 Καὶ
1847 2371 1877 2424 6

288 2454 642 2520 Ἀπόστολος·
673 2476 693 2509 ι
720 2458 906 2513 Καλόν
931 2477 1016 2527 σε,
1039 2454 1085 2515 ὦ
1102 2460 1395 2527 ἐπίσκοπε,
1423 2462 1754 2534 φύλακατῆς
1768 2463 1875 2535 ψυ-

273 2546 385 2618 χῆς
413 2549 731 2622 κατέστησα
758 2552 855 2607 τοῦ
891 2553 1117 2623 παιδός;
1150 2573 1170 2608 ι
1206 2546 1612 2618 Ταῦταείπὼν,
1647 2556 1746 2611 καὶ
1783 2555 1874 2610 ἶπ-

271 2656 383 2694 πον
411 2641 675 2715 αἰτήσας,
710 2644 829 2715 ἅμα
856 2646 953 2700 καὶ
990 2645 1245 2716 ὁδηγοὺς,
1270 2648 1369 2719 τῆς
1394 2650 1475 2713 είς
1492 2648 1556 2702 τὸ
1581 2648 1875 2721 λῃστήριον

267 2733 601 2807 ἀπαγούσης
632 2737 848 2808 ἥπτετο
874 2738 1092 2810 τρίϐου.
1121 2739 1234 2794 Καὶ
1273 2739 1352 2804 ὡς
1381 2735 1531 2812 εἶχεν
1561 2740 1759 2813 ἤλαυνε
1795 2742 1875 2814 τῷ

267 2825 429 2898 ῐππῳ
468 2828 696 2894 ἐπιϐἀς,
736 2828 1066 2900 βουλόμενος
1104 2829 1167 2883 τὸ
1214 2830 1489 2903 πλανηθὲν
1528 2832 1872 2887 ἀνακαλέσα-

269 2916 402 2973 σθαι
430 2916 728 2989 πρόϐατον.
757 2918 873 2974 Καὶ
900 2919 967 2991 δὴ
990 2918 1207 2989 φθάσας
1235 2920 1332 2975 ἐπὶ
1367 2921 1431 2975 τὸ
1468 2920 1595 2995 ὅρος
1613 2962 1630 2989 ,
1660 2922 1875 2994 λαμϐά-

266 3026 425 3065 νεται
452 3010 563 3064 ὑπὸ
580 3010 680 3081 τῆς
709 3011 1077 3085 προφυλακῆς
1105 3012 1215 3068 τῶν
1243 3012 1486 3086 λῃστῶν,
1517 3013 1687 3086 μηδὲν
1718 3016 1875 3070 ἀντι-

267 3104 490 3167 τείνων,
528 3104 565 3177 ή
621 3104 819 3177 ἕτερον
871 3104 1073 3175 λέγων,
1124 3104 1242 3161 ἀλλ’
1275 3106 1311 3179 ἢ
1348 3106 1510 3162 τοῦτο
1543 3109 1641 3163 καὶ
1680 3109 1869 3180 μόνον’

274 3210 295 3247 ι
328 3196 429 3259 Είς
452 3196 550 3251 τὸν
574 3196 817 3269 ἄρχοντα
842 3197 1001 3271 ὑμῶν
1021 3198 1266 3293 ἀγάγετέ
1290 3216 1379 3271 με.
1413 3218 1433 3253 ι
1478 3199 1537 3255 '0
1558 3200 1616 3255 δέ
1643 3199 1874 3274 λήσταρ-
1898 3232 1942 3293 c

266 3305 366 3360 χος
401 3288 479 3353 ὡς
528 3290 693 3362 μόνον
742 3290 1016 3348 ἐθεάσατο
1063 3291 1157 3346 τὸν
1220 3292 1479 3365 Ἰωάννην
1534 3295 1834 3368 ἐρχόμενον
1853 3337 1869 3364 ν

267 3381 412 3436 καθὸ
452 3384 984 3456 παρεσκευασμένος
1028 3384 1214 3440 ἵστατο
1260 3385 1359 3440 καὶ
1409 3386 1872 3459 καθωπλισμένος

268 3476 373 3529 σὺν
403 3475 589 3540 αὐτοῖς
614 3478 727 3540 τοῖς
746 3476 850 3548 τῆς
880 3477 1136 3552 λῃστείας
1162 3479 1542 3550 παρασήμοις,
1572 3480 1767 3553 ᾤχετο.
1812 3483 1870 3537 '0

266 3566 325 3621 δὲ
381 3567 644 3638 Ἰωάννης
671 3566 866 3639 ὥσπερ
909 3568 1006 3624 τοῦ
1050 3571 1260 3643 γήρους
1303 3570 1731 3642 ἐπιλαθόμενος,
1773 3576 1870 3628 καὶ

268 3662 477 3725 παντὸς
521 3659 686 3717 ἄλλου
732 3660 831 3715 τοῦ
873 3661 983 3716 ἀπὸ
1031 3663 1134 3734 τῆς
1173 3663 1399 3736 πορείας
1446 3664 1732 3735 καμάτου,
1776 3666 1869 3721 τὸν

269 3753 659 3824 ὑποφεύγοντα
686 3753 988 3807 κατεδίωκε
1009 3795 1024 3819 ,
1052 3754 1273 3827 κράζων
1302 3757 1519 3828 μεγάλα
1540 3759 1638 3812 καὶ
1666 3758 1864 3828 λέγων·

273 3863 293 3899 ι
327 3846 521 3917 Στῆθι,
575 3846 790 3912 τέκνον,
828 3846 905 3920 μὴ
950 3847 1142 3917 φοϐοῦ.
1191 3848 1258 3901 Τί
1301 3866 1369 3920 με
1403 3849 1626 3918 φεύγεις
1654 3851 1745 3905 τὸν
1776 3851 1868 3905 σὺν

269 3938 524 4010 πατέρα;
561 3938 629 3992 Τί
662 3957 751 4010 μοι
779 3938 986 4004 κόπους
1020 3939 1326 4012 παρέχεις;
1358 3941 1643 4014 Οῐκτειρόν
1683 3960 1749 4013 με
1773 3943 1866 3998 τὸν

270 4033 509 4105 γέροντα
527 4074 544 4091 .
570 4032 718 4104 ἔχεις
747 4032 941 4087 ἐλπίδα
972 4033 1253 4106 σωτηρίας
1272 4050 1286 4067 ο
1324 4032 1436 4103 ἐγὼ
1470 4034 1614 4107 ὑπὲρ
1644 4036 1740 4090 σοῦ
1766 4036 1864 4109 τὴν

269 4125 454 4198 ψυχήν
495 4143 597 4198 μου
640 4125 812 4198 θήσω,
859 4126 935 4191 ὡς
969 4127 998 4179 6
1034 4125 1244 4198 Κύριος
1278 4128 1420 4199 ὺπέρ
1459 4127 1643 4200 ἡμῶν.
1686 4129 1867 4184 Μόνον

273 4217 456 4291 στῆθι,
488 4219 699 4283 τέκνον,
730 4218 1007 4273 πιστεύων
1036 4219 1119 4272 ὅτι
1150 4220 1180 4273 6
1213 4219 1451 4290 Χριστός
1484 4236 1554 4292 με
1577 4220 1865 4275 ἀπέστειλε

265 4308 367 4380 τὴν
392 4308 675 4379 σωτηρίαν
706 4325 792 4362 σοι
817 4307 886 4362 δι’
913 4306 1052 4379 ἐμοῦ
1084 4307 1565 4379 προμηθούμενος.
1612 4309 1733 4363 Ἐπ’
1764 4312 1866 4381 ἐμὲ

266 4399 327 4453 τὸ
360 4399 585 4471 φορτίον
612 4399 723 4453 τῶν
752 4399 1043 4471 ἁμαρτιῶν
1075 4416 1194 4467 σου,
1237 4398 1326 4452 ἐπ’
1356 4399 1459 4469 ἐμὲ
1481 4399 1542 4453 τὸ
1578 4394 1719 4471 αἷμα
1755 4400 1866 4454 τῶν

266 4494 379 4550 ἀπὸ
423 4494 520 4548 σοῦ
557 4494 760 4560 ἀδίκως
792 4493 1221 4564 ἀναιρεθέντων.
1281 4511 1301 4546 ›
1344 4493 1535 4548 Ταῦτα
1579 4495 1799 4549 ἀκούων
1835 4495 1865 4549 6

1983 1986 2148 2041 verbo
2198 1987 2299 2042 hoc
2346 1991 2661 2060 episcOpum
2718 1994 2971 2063 (putabat
3003 1996 3151 2052 enim
3209 2000 3568 2068 pecuniarum

1979 2077 2182 2149 aliquid
2210 2076 2471 2137 Joannem
2499 2097 2772 2152 quaerere,
2804 2074 2949 2156 quod
3007 2087 3254 2159 deposito
3312 2092 3570 2148 tradidis-

1978 2172 2106 2240 set),
2150 2172 2375 2227 dubium
2438 2177 2623 2231 animo
2679 2178 2811 2248 quid
2868 2184 3250 2250 responderet.
3301 2180 3567 2239 Joannem

1982 2277 2131 2327 vero,
2158 2278 2281 2319 cum
2326 2266 2406 2322 sic
2441 2267 2655 2339 inopem
2701 2270 2919 2328 consilii
2950 2274 3184 2340 videret,
3236 2277 3364 2330 talia
3418 2276 3567 2331 intu-

1978 2352 2105 2409 lisse
2155 2372 2171 2410 :
2213 2372 2233 2406 ι
2272 2356 2481 2424 Adduc,
2537 2375 2570 2415 o
2604 2359 2882 2431 episcope,
2916 2376 3077 2432 quem
3138 2363 3236 2419 tibi
3299 2373 3566 2435 tanquam

1976 2446 2234 2518 episcopo
2282 2448 2684 2508 adolescentem
2734 2453 2983 2524 deposito
3047 2456 3268 2511 tradidi.
3312 2474 3334 2510 ι
3386 2456 3565 2522 lllum,

1977 2552 2100 2593 cum
2144 2538 2533 2595 adolescentem
2576 2544 2841 2613 audisset,
2881 2546 3085 2616 ingenti
3120 2562 3427 2616 amaroque
3465 2564 3563 2621 ge-

1977 2632 2136 2696 tnitu,
2171 2633 2508 2703 subindeque
2539 2634 2592 2688 in
2628 2634 2898 2708 lacrymas
2936 2637 3199 2709 effusum,
3228 2638 3424 2696 Joanni
3475 2656 3566 2697 re-

1975 2724 2283 2793 spondisse,
2337 2742 2460 2782 eum
2511 2735 2784 2784 mortuum
2814 2744 2957 2786 esse.
3000 2730 3311 2802 Statimque
3342 2747 3568 2803 percon-

1980 2823 2126 2869 tante
2148 2813 2381 2884 Joanne,
2415 2819 2708 2888 quomodo,
2738 2830 2831 2877 aut
2855 2822 3039 2893 quaid
3069 2826 3279 2882 ratione
3304 2826 3569 2883 haberet?

1975 2906 2176 2962 dixisse
2207 2908 2564 2980 cpisc0pum,
2611 2913 3010 2984 deprecabilem
3062 2917 3260 2974 animae
3310 2930 3562 2976 mortem.

1980 3016 1998 3051 t
2034 3001 2270 3069 Etenim,
2302 3004 2503 3073 inquit,
2533 3008 2705 3060 evasit
2731 3022 2966 3077 nequam
2995 3024 3060 3065 ac
3105 3012 3373 3080 perditus,
3407 3014 3569 3069 latro-

1975 3108 2215 3164 numque
2236 3097 2596 3154 saevissimus.
2637 3119 2657 3153 ι
2678 3098 2928 3169 Tumque
2953 3116 3076 3157 eum
3106 3103 3509 3176 ad.episcopum
3546 3124 3563 3162 :

1983 3203 2002 3237 ι
2057 3186 2264 3243 Bonum
2291 3197 2362 3256 te,
2393 3204 2425 3246 o
2474 3191 2750 3261 episcope,
2782 3191 3142 3250 adolescentis
3189 3196 3384 3250 anima:
3424 3212 3567 3253 con-

1975 3279 2129 3336 Slilui
2161 3282 2490 3337 custodem?
2531 3301 2551 3336 ι
2592 3283 2799 3355 llisque
2827 3284 3009 3353 dictis,
3061 3299 3126 3340 ac
3168 3288 3339 3357 petito
3384 3302 3562 3358 equo,

1978 3391 2078 3432 nec
2110 3392 2217 3432 non
2245 3377 2345 3432 viae
2370 3378 2626 3448 ducibus,
2662 3381 2765 3435 iter
2786 3381 2853 3435 ad
2878 3380 3148 3436 latronum
3192 3381 3324 3437 illttd
3375 3383 3565 3439 diver-

1972 3470 2178 3525 sorium
2211 3472 2539 3543 arbipuisse,
2565 3473 2748 3529 studio
2779 3475 2897 3530 ovis
2933 3474 3173 3530 errantis
3221 3477 3562 3531 revocandae.

1970 3563 2049 3618 Ac
2073 3576 2228 3629 sane,
2256 3580 2379 3619 cum
2403 3566 2645 3621 venisset
2676 3566 2742 3621 ad
2772 3574 3033 3630 montem,
3067 3580 3095 3618 a
3126 3565 3401 3621 latronum
3455 3582 3555 3622 ex-

1971 3656 2143 3712 cubiis
2165 3667 2385 3728 captum
2418 3673 2564 3725 esse,
2600 3675 2721 3714 cum
2756 3660 2891 3715 nihil
2922 3662 3037 3730 ipse
3065 3661 3426 3729 obniteretur,
3461 3668 3562 3719 nec

1970 3749 2117 3805 aliud
2169 3751 2467 3822 quidquam
2519 3752 2760 3820 diceret,
2791 3761 2990 3823 praeter
3026 3753 3127 3808 hoc
3159 3753 3335 3809 solum
3369 3770 3383 3809 2
3420 3776 3439 3809 ι
3481 3759 3560 3814 Ad

1971 3853 2214 3898 vestrum
2245 3859 2329 3898 me
2354 3845 2545 3898 ducem
2592 3844 2863 3899 adducite.
2902 3863 2922 3897 ι
2954 3844 3256 3910 Caeterum,
3288 3847 3561 3905 latronum

1969 3937 2293 4008 principem,
2346 3925 2405 3992 ut
2442 3946 2650 3993 tantum
2702 3939 3006 4009 aspexisset
3045 3941 3354 3996 venientem
3397 3941 3562 3998 Joan-

1970 4044 2117 4095 nem,
2142 4045 2251 4100 quo
2291 4030 2478 4086 habitu
2509 4033 2810 4087 instructus
2840 4041 3197 4102 armatusque
3230 4050 3351 4089 cum
3374 4037 3558 4105 sociis,

1969 4124 2239 4180 latronum
2273 4124 2628 4180 nobilissimis
2683 4124 2886 4191 stabat,
2928 4124 3226 4196 aufugisse.
3256 4127 3556 4195 Joannem,

1969 4213 2116 4269 velut
2147 4216 2462 4281 senectutis,
2501 4231 2564 4270 ac
2596 4215 2763 4270 totius
2808 4216 2875 4271 ab
2910 4216 3108 4272 itinere
3159 4217 3384 4286 laboris,
3415 4221 3555 4274 obli-

1970 4314 2106 4372 tum,
2136 4305 2431 4376 fugientem
2467 4311 2769 4360 insecutum
2800 4322 2942 4371 esse,
2976 4308 3147 4362 altum
3193 4310 3320 4378 quid
3356 4310 3408 4363 iu
3442 4311 3557 4365 haec

1967 4400 2130 4456 verba
2157 4401 2482 4455 clamantem
2512 4424 2524 4456 ;
2562 4417 2582 4451 ι
2619 4399 2791 4467 Siste,
2823 4400 2919 4461 fili,
2955 4416 3022 4456 ne
3049 4401 3259 4457 timeas.
3286 4401 3425 4469 Quid
3472 4420 3557 4459 me

1968 4501 2119 4548 tuum
2162 4502 2371 4563 patrem
2428 4491 2609 4564 fugis?
2640 4490 2781 4560 Quid
2817 4492 2948 4547 mihi
2983 4491 3227 4547 laborem
3279 4493 3557 4551 facis‘P'l'e

267 4587 593 4660 ἀποτρέχων
624 4585 933 4651 νεανίσκος,
956 4585 1090 4657 ἔστη
1121 4584 1285 4656 ῥίψας
1309 4584 1380 4639 τά
1393 4586 1560 4653 ὅπλα,
1585 4586 1681 4641 καὶ
1694 4586 1863 4659 πρόσ-

1973 4587 2072 4641 mei
2106 4584 2253 4641 senis
2304 4586 2589 4652 misereat;
2615 4594 2702 4639 est
2742 4599 2867 4655 spes
2917 4584 3142 4641 salutis:
3175 4599 3275 4655 ego
3316 4586 3554 4641 animam

266 4696 374 4735 εισι
398 4679 479 4751 τῷ
509 4678 756 4752 Ἰωάννῃ,
779 4678 1002 4751 τρέμων
1023 4677 1162 4750 ὁμοῦ
1198 4679 1295 4734 καὶ
1324 4678 1530 4734 κλαίων
1586 4680 1859 4751 σφοδρῶς,

266 4773 343 4838 ὡς
400 4772 538 4844 μηδέ
597 4772 934 4843 φθέγγεσθαι
986 4772 1096 4826 ὑπὸ
1144 4773 1256 4826 τῶν
1301 4772 1557 4845 δακρύων
1610 4774 1860 4844 ἰσχύειν,

272 4863 510 4933 μάλιστα
535 4862 617 4935 τῷ
645 4864 710 4917 ἐκ
742 4861 839 4916 τοῦ
882 4861 1117 4926 πένθους
1148 4862 1344 4934 λυγμῷ
1387 4866 1491 4935 τῆς
1526 4864 1713 4935 φωνῆς
1742 4866 1863 4917 ἐπι-

268 4955 638 5027 κοπτομένης.
681 4954 742 5009 '0
776 4954 835 5009 δέ
879 4953 1137 5027 Ἰωάννης
1183 4955 1410 5026 θαρρεῖν
1450 4954 1631 5027 αὐτῷ,
1676 4972 1861 5025 παρα-

268 5046 629 5118 κελευόμενος
648 5046 742 5101 καὶ
765 5044 984 5117 χρηστά
1015 5044 1344 5117 προσδοκᾷν,
1372 5046 1454 5109 είς
1483 5045 1862 5118 πληροφορίαν

268 5134 343 5191 ὧν
368 5155 431 5191 τε
461 5137 614 5193 λείαν
649 5136 1099 5209 παραθαρρύνων
1127 5136 1325 5205 αὑτὸν,
1357 5137 1515 5207 ἔλεγε
1549 5137 1625 5210 μὴ
1666 5139 1863 5208 ἀπογι-

268 5228 501 5283 νώσκειν
533 5227 633 5301 τὴν
662 5227 859 5302 ἑαυτοῦ
887 5228 1165 5301 σωτηρίαν
1185 5244 1201 5261 ο
1233 5229 1522 5301 κατεφίλει
1549 5231 1651 5301 τὴν
1676 5230 1861 5298 δεξιὰν

267 5320 432 5375 αὐτοῦ
468 5324 651 5395 χεῖρα,
690 5320 773 5376 ἔτι
801 5320 976 5394 αὐτὴν
1017 5322 1351 5394 ᾑμαγμένην
1380 5322 1566 5377 λαϐὼν
1587 5362 1603 5390 ,
1637 5322 1715 5388 ὡς
1757 5324 1859 5396 ἤδη

266 5414 642 5484 καθαρθεῖσαν
660 5415 778 5477 τοῖς
806 5412 1094 5486 δάκρυσιν·
1128 5414 1187 5469 ὃν
1212 5415 1308 5470 καὶ
1330 5414 1715 5486 διορθούμενος
1738 5419 1860 5481 ταῖς

264 5498 669 5567 διδασκαλίαις,
701 5500 797 5555 καὶ
824 5501 921 5555 τοῦ
955 5501 1254 5575 πτώματος
1285 5505 1541 5571 ἀνιστῶν,
1565 5507 1627 5559 ού
1655 5506 1858 5579 πρότε-

268 5611 359 5664 ρον
388 5594 605 5665 ἀπέστη
636 5593 708 5649 τά
745 5594 886 5665 πρὸς
922 5596 1266 5669 ἐπιστροφὴν
1305 5597 1401 5652 καὶ
1438 5597 1733 5670 διόρθωσιν
1761 5599 1856 5653 τοῦ

267 5687 607 5751 ἀποστάντος
632 5687 889 5755 ἐπινοῶν,
919 5689 1023 5754 ἕως
1052 5691 1219 5744 αὐτὸν
1256 5691 1421 5746 πάλιν
1442 5694 1509 5764 τῇ
1555 5693 1856 5765 Ἐκκλησία

270 5778 571 5849 συνήγαγε·
598 5781 734 5834 πᾶσι
761 5783 873 5846 τοῖς
897 5782 1222 5854 μετέπειτα,
1244 5783 1305 5838 τὸ
1326 5785 1454 5857 περὶ
1472 5786 1563 5839 τὸν
1592 5788 1856 5858 νεώτερον

271 5866 476 5925 ἐκεῖνον
497 5871 867 5949 γεγενημένον
890 5874 1183 5945 μετανοίας
1199 5874 1528 5948 εἰλικρινοῦς
1554 5876 1855 5948 ὑπόδειγμα

1967 4694 2142 4735 meam
2185 4693 2282 4749 pro
2315 4688 2366 4733 te
2398 4694 2620 4748 ponam,
2647 4694 2751 4748 qua
2785 4678 3048 4734 Dominus
3076 4681 3286 4734 ratione
3328 4693 3427 4748 pro
3458 4696 3555 4734 no-

1964 4772 2050 4827 bis
2108 4752 2309 4841 posuit.
2358 4770 2595 4825 Tantum
2645 4771 2802 4834 siste,
2839 4769 2955 4836 illi;
2988 4769 3041 4824 id
3097 4771 3281 4824 animo
3338 4772 3555 4825 lirtnnnt

1964 4863 2170 4919 habens
2198 4864 2422 4919 missum
2457 4878 2544 4917 me
2573 4861 2643 4917 ad
2673 4872 2724 4917 te
2767 4876 2799 4917 a
2847 4860 3094 4927 Christo,
3126 4862 3218 4931 qui
3260 4870 3410 4917 tuam
3458 4878 3557 4932 per

1964 4971 2052 5011 me
2080 4954 2313 5012 salutem
2341 4963 2514 5011 curet.
2546 4953 2606 5010 1n
2640 4968 2729 5009 me
2763 4953 2835 5009 sit
2860 4968 2998 5009 onus
3047 4962 3263 5008 tuorum
3294 4964 3553 5023 peccato-

1962 5064 2083 5105 rum
2114 5068 2126 5104 :
2169 5050 2222 5104 in
2255 5064 2341 5104 me
2378 5062 2567 5104 eorum
2607 5047 2851 5117 sanguis,
2881 5047 2975 5117 qui
3020 5054 3114 5101 tua
3152 5044 3353 5115 injuste
3385 5064 3548 5103 manu

1966 5141 2235 5197 interfecti
2258 5149 2404 5197 sunt.
2451 5158 2471 5193 ι
2508 5138 2634 5195 Haec
2651 5137 2965 5195 audientem
2994 5136 3241 5209 fugacem
3267 5136 3549 5207 juvenem,

1962 5234 2181 5289 stetisse
2237 5231 2491 5300 projectis
2555 5230 2746 5296 armis,
2772 5245 2837 5286 ac
2867 5230 2937 5285 ad
2991 5230 3281 5299 Joannem,
3310 5239 3553 5287 tremore
3662 5228 3670 5235 ’

1962 5326 2166 5395 pariter
2189 5341 2253 5381 ac
2282 5324 2413 5381 fletu
2446 5324 2648 5389 valido,
2678 5332 2737 5379 ut
2780 5337 2853 5381 ne
2891 5323 3111 5395 quidem
3160 5322 3308 5394 loqui
3337 5340 3435 5394 per
3476 5324 3553 5378 la-

1961 5433 2176 5488 crymas
2217 5416 2508 5482 sineretur,
2536 5415 2774 5487 singultu
2797 5416 3033 5471 maxime
3069 5430 3099 5469 a
3130 5413 3277 5470 luctu
3321 5429 3386 5469 ac
3416 5429 3554 5469 moe-

1962 5524 2087 5565 rore
2118 5524 2302 5564 vocem
2332 5507 2710 5571 intercidente,
2739 5505 3059 5563 accessisse.
3086 5503 3378 5568 Joannem,
3407 5504 3551 5559 bono

1959 5604 2143 5659 animo
2193 5602 2476 5671 jubentem
2515 5614 2636 5655 esse
2659 5641 2675 5669 ,
2706 5616 2769 5657 ac
2804 5601 2976 5657 bonas
3017 5614 3240 5670 sperare
3272 5640 3286 5664 ,
3332 5606 3541 5652 certant

1958 5696 2181 5750 omnino
2203 5694 2452 5748 ﬁduciam
2490 5695 2703 5759 fecisse,
2738 5708 2804 5748 ac
2850 5708 2919 5750 ne
2959 5694 3027 5749 de
3062 5707 3156 5749 sua
3190 5691 3363 5747 salute
3398 5706 3549 5759 spem

1960 5784 2239 5854 abjiccrct,
2264 5784 2677 5855 edixissemjus
2714 5784 3020 5841 osculatum
3075 5784 3381 5848 dexteram,
3424 5798 3550 5836 cum

1958 5880 2135 5936 adhuc
2192 5888 2471 5935 cruentam
2531 5878 2877 5951 accepisset,
2929 5877 3077 5935 velut
3116 5877 3229 5949 jam
3291 5875 3550 5940 lacrymis
