3820 6524
486 393 630 461 1139

1705 391 1765 450 S.
1806 388 2209 450 ANAS’I‘ASII
2253 389 2582 451 SINAITzE

3621 394 3730 463 ιιιο

484 516 907 581 perpurgatam;
959 518 1062 560 nec
1136 502 1287 573 prius
1338 501 1684 558 documentis
1760 501 2074 571 corrigere,

2194 498 2628 570 περιλιμπάνων,
2662 501 2756 553 καὶ
2789 500 2889 572 τῆς
2919 499 3287 574 ἐλπιζομένης
3318 502 3656 569 ἀναστάσεως
3681 507 3729 559 τὸ

486 606 803 672 lapsumque
851 599 1085 667 erigere,
1121 611 1241 667 qua:
1279 596 1347 650 ad
1374 594 1789 651 conversionem
1825 607 1890 649 ac
1936 607 2072 663 apo-

2181 590 2488 661 μυστήριον
2512 589 2729 660 τρανῶς
2757 589 3123 662 ὑπογράφων.

484 707 640 755 statae
681 694 1114 751 emendationem
1165 702 1471 762 opportuna
1509 700 1713 755 essent,
1747 689 2087 759 suggerendo
2119 698 2388 751 cessasse,
2424 684 2599 739 donec
2632 683 2826 740 iterum
2877 684 3187 756 collegisset
3221 687 3482 743 Ecclesia
3536 706 3551 742 :
3589 701 3728 760 pone

486 795 563 848 ris
594 789 846 846 omnibus
909 788 1141 843 sincerae
1178 787 1519 856 poenitentiae
1580 784 1783 849 relicto
1826 783 2073 854 exemplo
2111 780 2257 853 quod
2290 780 2343 835 in
2376 779 2725 837 adolescente
2757 780 2849 837 illo
2871 789 3081 853 gestum
3100 791 3267 851 esset,
3296 796 3363 838 ac
3399 781 3454 837 in
3475 796 3559 850 eo,
3590 798 3732 839 resur-

488 887 745 943 rectionis
801 886 855 940 in
908 898 1005 953 spe
1062 883 1250 954 positae
1310 883 1605 938 informato
1678 882 1956 952 mysterio.

559 983 658 1038 llis
698 998 727 1035 a
774 995 859 1035 me
881 979 1045 1034 dictis
1075 978 1236 1035 fidem
1270 977 1396 1033 facit
1425 978 1565 1031 latro
1608 976 1697 1031 ille
1732 978 1834 1033 sub
1860 986 2075 1045 tempus

490 1077 786 1132 Dominicze
811 1073 1016 1139 crucis,
1044 1071 1162 1127 solo
1193 1072 1380 1135 verbo,
1414 1070 1641 1141 dignum
1668 1070 1786 1140 ejus
1817 1070 1869 1124 in
1898 1068 2075 1125 Domi-

490 1184 619 1224 num
672 1164 1065 1221 benevolentiae
1118 1163 1425 1233 praemium,
1453 1161 1763 1232 paradisum
1815 1160 2074 1230 adeptus;

490 1260 766 1328 facietque
824 1254 1181 1311 nihilominus
1222 1252 1360 1309 alter
1401 1252 1562 1316 latro,
1588 1252 1678 1321 qui
1738 1249 2077 1320 temporibus

491 1350 731 1408 Mauritii
773 1348 846 1418 pii
879 1346 1231 1416 imperatoris
1257 1342 1378 1412 fuit,
1412 1354 1632 1413 tamque
1673 1342 1869 1398 multas
1898 1351 2078 1410 patra-

493 1446 574 1499 vit
599 1443 800 1508 cazdes,
828 1448 887 1496 ut
910 1437 1161 1494 Thraciae
1187 1437 1383 1492 itinera
1414 1435 1557 1490 invia
1585 1434 1703 1490 fere
1733 1432 2075 1489 reddidisset.

496 1538 705 1608 Quippe
728 1549 852 1590 cum
883 1532 983 1588 sibi
1015 1532 1067 1587 in
1098 1546 1206 1586 uno
1225 1530 1489 1584 montium
1517 1528 1765 1582 Thraciae
1790 1526 2076 1582 habitacu-

496 1631 609 1684 lum
635 1625 946 1695 delegisset,
977 1623 1191 1694 praedas
1234 1622 1361 1675 inde
1389 1619 1833 1690 praetereuntium
1864 1619 2077 1688 agebat.

496 1720 747 1788 Quodam
811 1717 997 1786 itaque
1040 1713 1386 1784 imperatoris
1445 1711 1794 1767 familiarium
1851 1712 1924 1765 ad
1980 1710 2083 1766 hoc

498 1818 673 1883 ipsum
724 1810 891 1866 misso
921 1848 938 1876 ,
993 1808 1256 1863 suadente
1283 1846 1299 1873 ,
1359 1804 1585 1875 abiectis
1625 1810 1793 1864 armis
1835 1807 2083 1863 eumdem

2243 969 2533 1042 Μαρτύρει
2568 988 2671 1042 μου
2701 969 2781 1043 τῷ
2813 970 2960 1043 λόγῳ
3001 972 3103 1043 τῆς
3148 972 3479 1043 μετανοίας,
3510 972 3599 1025 καὶ
3620 974 3644 1026 ό
3664 973 3734 1026 ἐπὶ

2173 1062 2272 1117 τοῦ
2312 1063 2651 1117 Δεσποτικοῦ
2685 1063 2925 1133 σταυροῦ
2956 1064 3198 1136 λῃστὴς,
3248 1064 3464 1134 ῥήματι
3511 1064 3643 1133 μόνῳ
3664 1065 3735 1116 sin

2176 1151 2510 1223 παράδεισον
2542 1151 2735 1221 μισθὸν
2771 1151 2953 1205 λαϐὼν
2975 1151 3125 1217 ἀξιον
3151 1153 3255 1223 τῆς
3284 1152 3429 1223 πρὸς
3458 1152 3548 1205 τὸν
3572 1156 3735 1207 Δεστό-

2174 1257 2277 1310 την
2311 1240 2767 1312 εὐγνωμοσύνης.
2806 1242 3168 1315 Μαρτυρήσει
3211 1244 3310 1296 καὶ
3354 1243 3548 1313 ἕτερος
3577 1244 3736 1315 λῃστὴς

2185 1331 2329 1385 κατὰ
2356 1331 2488 1395 τοὺς
2518 1331 2744 1403 χρόνους
2768 1334 3080 1404 Μαυρικίου
3106 1335 3201 1389 τοῦ
3226 1334 3495 1399 εὐσεϐοῦς
3526 1336 3736 1406 βασιλέως

2183 1423 2450 1491 γεγονὼς,
2481 1424 2559 1486 ὡς
2591 1425 2824 1495 μυρίους
2850 1424 3218 1497 ἐργαζόμενος
3249 1428 3476 1495 φόνους,
3499 1428 3570 1490 ὡς
3594 1428 3738 1497 σχεᾱν

2185 1514 2278 1567 καὶ⁸
2318 1513 2419 1578 τὰς
2468 1515 2609 1568 κατὰ
2662 1514 2764 1586 τὴν
2819 1516 3048 1588 Θρᾴκην
3097 1517 3337 1580 ἀϐάτους
3376 1520 3558 1571 ποιεῖν
3598 1518 3734 1581 ὁδούς.

2198 1607 2355 1661 Ἐπεὶ
2381 1607 2439 1659 ἒν
2466 1606 2578 1678 γὰρ
2606 1606 2716 1661 τῶν
2747 1607 2957 1679 ταύτης
2993 1609 3163 1680 ὀρέων
3192 1611 3382 1675 οἰκῶν,
3411 1611 3541 1674 τοὺς
3560 1613 3737 1680 παρεόν

2188 1718 2288 1764 τας
2319 1699 2635 1771 ἐλῄστευσε.
2668 1700 2770 1754 Διά
2799 1718 2949 1764 τινος
2970 1700 3112 1772 (οὖν)
3142 1701 3250 1755 τῶν
3273 1702 3501 1754 οἰκείων
3522 1700 3598 1771 τῷ
3623 1700 3738 1769 βασι-

2190 1794 2275 1846 λεῖ
2322 1794 2416 1846 ἐπὶ
2468 1792 2631 1846 τοῦτο
2675 1794 2810 1847 αὐτὸ
2855 1793 3359 1859 ἐξαποσταλέντος,
3401 1794 3475 1848 τὰ
3518 1794 3738 1864 λῃστρικὰ

497 1905 709 1966 adiens,
733 1911 793 1957 ut
830 1902 882 1957 in
928 1901 1046 1969 ejus
1090 1900 1241 1956 venit
1294 1907 1672 1969 cormpectum,
1714 1898 2080 1961 clementiam,

2194 1884 2329 1938 ὅπλα
2382 1883 2547 1956 ῥίψας
2584 1883 2852 1951 πεισθεὶς,
2902 1886 2997 1939 καὶ
3028 1885 3204 1940 ἐλθεῖν
3247 1885 3390 1957 πρὸς
3425 1886 3619 1947 αὑτὸν,
3648 1886 3737 1937 ἐπὶ

498 1998 894 2067 benignamque
923 1995 990 2049 ab
1037 2008 1103 2049 eo
1152 1993 1549 2063 susceptionem
1601 2004 1927 2048 consecutus
1981 1999 2084 2046 est.

499 2095 637 2149 Dum
685 2107 814 2147 vero
872 2090 1092 2145 interim
1122 2089 1264 2155 .dies
1302 2088 1447 2143 haud
1490 2088 1689 2142 multos
1737 2086 2087 2156 imperatoris

501 2180 880 2237 munificentia
900 2179 1114 2236 collatis
1150 2179 1469 2234 muneribus
1490 2179 1543 2233 in
1562 2177 1770 2233 deliciis
1803 2189 2006 2249 ageret,
2035 2177 2085 2231 in

500 2289 722 2345 gravem
760 2272 1007 2328 incidens
1038 2270 1311 2336 morbum,
1348 2270 1400 2324 in
1440 2268 1761 2340 Sampsonis
1791 2269 2088 2324 reclinatur

504 2365 928 2422 valetudinario.
958 2364 1097 2419 Tum
1130 2371 1333 2429 autem,
1366 2362 1549 2417 acrius
1593 2375 1674 2427 se,
1706 2375 1812 2431 qua
1868 2360 2089 2415 teneba-

504 2476 593 2517 tur
636 2461 978 2524 inlirmitate,
1016 2452 1496 2528 torqueri‘videns,
1535 2465 1680 2512 tanta
1707 2455 1815 2522 illa,
1842 2465 1902 2509 ut
1923 2455 1971 2510 vi
2006 2455 2089 2509 ni-

506 2559 612 2610 mia
638 2562 868 2608 mortem
906 2551 1211 2607 minaretur
1230 2564 1295 2606 ac
1322 2550 1526 2605 exitum
1553 2548 1696 2614 Vitas,
1723 2563 1783 2605 se
1808 2549 1989 2603 statim
2020 2547 2088 2602 ad

502 2646 876 2716 paenitentiam
929 2646 1202 2699 convertit
1256 2660 1271 2698 :
1334 2657 1569 2713 cumque
1619 2642 1956 2697 ferventibus
2007 2641 2087 2694 la-

500 2739 706 2811 crymis
748 2735 997 2793 conﬁteri
1042 2735 1320 2805 crepisset,
1377 2735 1593 2791 veniam
1644 2734 1861 2803 petebat
1899 2748 2087 2789 eorum

502 2846 626 2902 quae
687 2836 991 2899 peccasset,
1038 2828 1092 2882 in
1160 2828 1276 2883 haec
1326 2826 1715 2897 propemodum
1771 2826 1934 2881 verba
1978 2824 2089 2879 Deo

503 2922 841 2996 supplicans,
888 2936 953 2977 ac
1012 2918 1219 2976 dicens.
1261 2936 1281 2970 ι
1333 2917 1502 2986 Nihil,
1550 2918 1802 2984 Domine,
1854 2916 2086 2972 alienum

502 3016 740 3090 postulo,
773 3016 841 3072 ab
897 3015 962 3071 iis
1013 3029 1133 3085 quae
1184 3025 1447 3086 praestare
1486 3017 1654 3074 soles.
1691 3016 1806 3083 Qua
1856 3031 2089 3086 namque

507 3108 743 3170 ratione,
768 3104 1102 3160 anteriorem
1149 3120 1237 3159 me
1276 3105 1541 3162 latronem
1579 3120 1676 3177 per
1715 3106 2087 3176 pmnitentiam

505 3197 711 3253 salvum
751 3196 1003 3263 eﬂ‘ecisti,
1052 3196 1242 3252 eadem
1296 3213 1514 3268 quoque
1574 3213 1681 3264 me,
1712 3198 2087 3254 misericordia

508 3300 625 3353 tua,
652 3288 861 3343 salvum
907 3287 1088 3345 facere
1131 3290 1395 3359 digneris,
1429 3298 1743 3359 acceptans,
1771 3305 1933 3361 quem
1989 3290 2090 3347 sub

506 3384 627 3454 ipso
652 3382 799 3438 exitu
831 3382 1034 3438 luctum
1064 3380 1256 3437 oil‘ero.
1288 3380 1571 3449 Quomodo
1596 3382 1663 3438 iis
1690 3383 1781 3453 qui
1815 3385 1957 3439 circa
1990 3384 2088 3440 ho-

507 3489 626 3531 ram
683 3472 1030 3529 undecimam
1108 3472 1245 3528 nihil
1305 3472 1524 3543 dignum
1589 3473 1801 3543 operati
1859 3486 2088 3542 essent,

509 3567 787 3637 ignovisti,
814 3566 894 3623 sic
914 3574 968 3620 et
987 3565 1120 3621 mihi
1150 3566 1391 3636 ignosce,
1417 3566 1509 3635 qui
1561 3566 1885 3623 immensum
1919 3584 2092 3639 quan-

509 3672 625 3716 tum
674 3657 1017 3725 oll‘enderim,
1056 3670 1162 3713 nec
1197 3657 1343 3711 aliud
1372 3658 1625 3724 habeam,
1657 3673 1765 3729 quo
1813 3662 2089 3731 cognitam

510 3752 660 3806 illam
709 3759 855 3803 tuam
920 3749 1268 3804 clementiam
1314 3749 1623 3817 obsecrem,
1671 3765 1834 3821 quam
1889 3768 2091 3823 paucas

512 3843 647 3898 istas
670 3856 733 3897 ac
758 3854 974 3897 amaras
1000 3841 1294 3911 lacrymas,
1320 3854 1456 3910 quas
1480 3839 1716 3897 eﬂ‘undo.
1741 3841 1927 3913 Neque
1946 3847 2091 3900 enim

510 3935 606 4009 qui
636 3936 877 3990 animam
915 3935 1139 4003 exigunt
1164 3933 1301 4005 (32),
1335 3934 1480 3989 aliud
1526 3935 1655 4004 quid
1689 3937 1926 4005 amplius
1956 3952 2093 4006 prae-

511 4041 657 4089 stare
698 4032 1042 4103 permittunt.
1074 4030 1230 4086 Enim
1286 4044 1417 4086 vero
1466 4044 1535 4085 ne
1579 4030 1813 4099 gratiam
1863 4044 2089 4097 renuas,

512 4141 651 4181 neve
675 4125 899 4182 differas
937 4134 1081 4180 tuam
1105 4125 1425 4190 bonitatem,
1453 4138 1616 4193 quam
1660 4137 1878 4193 semper
1908 4125 1960 4178 in
1998 4140 2092 4181 eos

512 4219 823 4285 ostendisti,
852 4218 943 4288 qui
980 4217 1111 4272 mihi
1160 4217 1363 4273 similia
1414 4229 1725 4285 peccavere.
1762 4213 1879 4270 Jam
1926 4217 1977 4271 in
2007 4232 2094 4272 ve-

512 4329 675 4385 spera
754 4310 1291 4382 comprehenderunt
1353 4326 1440 4366 me
1521 4310 1705 4366 multae
1776 4298 2093 4381 iniquitates

514 4421 672 4462 inea.
699 4403 777 4461 Ne
800 4419 886 4459 me
923 4417 1053 4474 ergo
1081 4403 1378 4468 averseris,
1400 4417 1560 4471 quem
1599 4418 1666 4458 ex
1706 4404 1885 4459 animo
1918 4407 2095 4475 pmui:

516 4507 628 4552 teat
658 4514 673 4552 :
706 4496 801 4550 sed
829 4496 973 4551 sicut
1018 4493 1239 4549 Petrum
1283 4494 1569 4562 suscepisti
1612 4509 1798 4548 amare
1830 4496 1925 4550 tibi
1966 4497 2093 4551 lien-

516 4601 652 4649 tem.
678 4589 758 4645 sic
799 4599 854 4643 et
895 4604 980 4644 me
1035 4587 1274 4657 suscipe,
1310 4586 1500 4641 eodem
1551 4597 1714 4656 atque
1754 4588 1844 4642 ille
1886 4592 2089 4657 animo,
2126 4580 2169 4634 Β

516 4680 770 4739 clementi
815 4678 910 4735 tibi
945 4680 1052 4735 Deo
1074 4679 1373 4749 supplicem
1402 4686 1544 4746 ;tua:
1575 4679 1720 4734 illam
1780 4681 2088 4738 misericor-

517 4778 622 4831 diae
677 4776 957 4847 spongiam
1029 4776 1099 4828 ad
1153 4771 1381 4827 delenda
1451 4785 1678 4841 prorsus
1740 4773 1907 4828 multa
1974 4790 2090 4831 mea

516 4877 740 4940 peccata
768 4868 1051 4923 adhibens.

2193 1977 2288 2029 καὶ
2316 1978 2394 2040 εἰς
2425 1975 2551 2045 ὄψιν
2574 1972 2711 2047 ἦλθε
2734 1976 2832 2029 τοῦ
2860 1975 3150 2046 βασιλέως,
3172 1976 3594 2047 φιλανθρωπίας
3617 1976 3738 2044 ἔτυχε

2190 2067 2308 2138 ἅμα
2356 2068 2452 2121 καὶ⁸
2494 2066 2807 2132 δεξιώσεως
2857 2071 2992 2141 παρ’
3042 2068 3229 2123 αὑτοῦ.
3288 2066 3551 2140 Ἠμερῶν
3586 2067 3741 2133 ὀλίγων
3818 2088 3820 2135 ρ

2190 2155 2341 2225 αὐτῷ
2385 2154 2579 2227 χρόνος
2616 2157 3010 2228 ἀναμετρεῖται
3044 2158 3270 2231 τρυφῶν
3305 2157 3468 2221 τινας
3499 2156 3740 2227 βασιλικὰς
3818 2156 3820 2159 ’

2188 2246 2421 2317 δωρεάς⁹
2442 2246 2541 2300 καὶ
2560 2246 2627 2318 δὴ
2649 2246 2792 2318 νόσῳ
2816 2247 3132 2321 περιπεσὼν
3156 2248 3371 2320 χαλεπῇ
3404 2248 3490 2318 τῷ
3515 2249 3604 2302 τοῦ
3626 2248 3742 2315 Σαμ-

2188 2336 2307 2407 ψὼν
2340 2337 2697 2393 ἀνακλινεται
2727 2341 2973 2412 ἰατρείῳ.
3008 2337 3145 2395 Εἶτα
3173 2342 3250 2405 ὡς
3279 2337 3425 2395 εἶδεν
3457 2341 3640 2395 ἑαυτὸν
3664 2341 3741 2392 ὑπὸ

2188 2429 2287 2499 τῆς
2310 2429 2681 2500 περιεχούσης
2705 2431 3022 2503 ἀρρωστίας
3044 2433 3532 2502 κατατεινόμενον.
3556 2431 3741 2485 θάνατον
3818 2450 3820 2453 ·

2189 2523 2257 2591 τῇ
2305 2520 2634 2591 σφοδρότητι
2663 2522 3020 2594 ἀπειλούσης,
3047 2524 3141 2579 καί¹
3167 2525 3348 2593 ἔξοδον
3370 2528 3474 2597 τῆς
3503 2524 3741 2597 παρούσης
3818 2520 3820 2537 ¹

2190 2611 2369 2683 ζωῆς,
2406 2612 2571 2677 εὐθὺς
2604 2615 2877 2686 τρέπεται
2911 2617 3051 2689 πρὸς
3084 2619 3401 2688 μετάνοιαν·
3435 2620 3533 2671 καὶ
3559 2618 3741 2686 θερειοέ

2189 2708 2301 2768 τοῖς
2325 2705 2592 2775 δάκρυσιν
2609 2706 2920 2779 ἀρξάμενος
2941 2709 3411 2780 ἐξομολογεῖσθαι,
3436 2712 3743 2781 συγχώρησιν
3818 2730 3820 2781 ε

2187 2795 2298 2849 τῶν
2337 2796 2487 2867 αὐτῷ
2534 2800 2949 2870 πεπραγμένων
2980 2804 3201 2873 ᾐτεῖτο,
3244 2803 3479 2857 τοιαῦτα
3522 2802 3645 2873 πρὸς
3675 2802 3741 2852 σὺν
3818 2852 3820 2863 ,

2189 2886 2322 2941 Θεὸν
2350 2889 2730 2958 ἐντυγχάνων,
2765 2891 2857 2943 καὶ
2887 2890 3081 2960 λέγων’
3122 2912 3142 2946 ι
3187 2894 3263 2947 Ού
3303 2894 3481 2964 ζητῶ,
3512 2894 3739 2954 Δέσποτα,
3818 2884 3820 2945 ξ

2190 2978 2476 3051 ἀλλότριον
2522 2974 2598 3034 ὧν
2642 2982 2743 3034 ούκ
2777 2980 2928 3048 οἶδας
2966 2988 3163 3039 ποιεῖν.
3218 2986 3310 3050 Ὠς
3362 2988 3456 3041 τὸν
3500 2987 3601 3057 πρὸ
3636 2983 3741 3053 ἐμοῦ

2191 3070 2395 3143 λῃστὴν
2422 3073 2489 3126 δι’
2513 3073 2963 3146 ἐξομολογήσεως
2989 3076 3222 3141 ἔσωσας,
3251 3078 3398 3131 οὓτω
3418 3078 3563 3147 κάμὲ
3586 3077 3739 3137 σῶσαι,
3818 3092 3820 3117 :

2195 3165 2634 3235 σπλαγχνίσοητι
2655 3206 2670 3232 ,
2702 3167 2999 3239 δεξάμενος
3025 3170 3119 3222 τὸν
3150 3172 3231 3231 εἰς
3267 3169 3443 3240 αὐτὴν
3470 3170 3569 3238 τὴν
3600 3166 3741 3230 ἔξοδον

2116 3234 2161 3295 (ἶ
2194 3255 2524 3327 ποιούμενον
2561 3234 2865 3327 ιιλαυομόν.
2924 3258 3013 3322 Ὠς
3043 3261 3154 3322 τοῖς
3184 3260 3316 3330 περ)⁸
3356 3234 3460 3329 την
3489 3234 3739 3324 ἑνδεκάτην
3818 3302 3820 3335 ξ

2191 3347 2341 3419 ὥραν
2370 3348 2644 3416 συνέγνως
2674 3350 2842 3420 μηδὲν
2871 3350 3024 3415 ἀξιον
3048 3353 3477 3422 ἐργασαμένοις,
3508 3352 3642 3404 οὕτω
3664 3350 3739 3401 κάς

2197 3440 2288 3510 μοὶ
2338 3441 2576 3509 σύγνωθι
2606 3440 2685 3511 τῷ
2726 3441 2901 3496 πολλά
2936 3460 3019 3497 σοι
3054 3446 3149 3498 καὶ
3183 3443 3406 3514 ἄμετρα
3448 3444 3736 3497 ἐπταικότισ

2197 3536 2336 3606 μόνα
2376 3535 2517 3606 ἔχων
2551 3537 2630 3601 εἰς
2660 3537 3012 3609 παράκλησιν
3052 3540 3155 3609 τῆς
3188 3540 3289 3611 σῆς
3318 3538 3561 3611 ἐμφύτου
3589 3538 3739 3608 φιλαι-

2195 3628 2469 3698 θρωπιας,
2499 3628 2569 3682 τὰ
2601 3630 2937 3702 ἐπιχεόμενά
2973 3649 3063 3702 μοι
3094 3631 3269 3687 ταῦτα
3297 3634 3457 3701 ὀλίγα
3486 3634 3574 3686 καὶ
3599 3630 3736 3700 πικρὰ

2192 3719 2425 3790 δάκρυα.
2459 3720 2597 3775 Οὐδὲ
2628 3722 2737 3794 γὰρ
2771 3722 2902 3777 ἄλλο
2925 3742 2978 3777 τι
3008 3724 3172 3779 πλέον
3202 3728 3383 3779 ποιεῖν
3406 3728 3459 3779 οἱ
3486 3722 3734 3779 ἀπαιτοῦν-

2191 3829 2281 3875 τες
2318 3812 2418 3882 τὴν
2459 3813 2641 3885 ψυχὴν
2687 3816 3090 3887 συγχωροῦσιν.
3142 3816 3310 3871 Ἀλλὰ
3354 3819 3431 3888 μὴ
3477 3816 3733 3885 ἀνάνεύπῃς

2191 3904 2292 3974 τὴν
2321 3904 2504 3973 χάριν,
2539 3905 2675 3976 μηδὲ
2702 3907 3017 3978 ἀναϐάλλῃς
3046 3924 3139 3961 σου
3173 3907 3277 3978 τὴν
3311 3909 3659 3980 χρηστότητα,
3681 3906 3732 3973 ἣν

2192 3994 2283 4049 ἀεὶ
2303 3995 2674 4050 ἐπιδείκνυσαι
2701 3996 2839 4069 πρὸς
2866 3999 2993 4061 τοὺς
3018 3997 3087 4052 τὰ
3116 3998 3281 4070 ὅμοια
3302 4000 3429 4069 ἐμοὶ
3450 3997 3730 4054 ἐπταικότεις

2195 4086 2579 4157 ἁμαρτωλούς.
2633 4090 2780 4160 Πρὸς
2831 4090 3076 4161 ἑσπέραν
3124 4091 3229 4163 ἢδη
3280 4091 3613 4164 κατελήφθην
3661 4086 3731 4139 Lai

2192 4176 2303 4230 τῶν
2330 4177 2542 4232 πολλῶν
2577 4196 2678 4249 μου
2717 4180 2982 4250 ἀνομιῶν.
3033 4181 3124 4254 Μὴ
3156 4178 3250 4237 οὖν
3293 4182 3629 4252 ἀποστραφῇς
3660 4194 3727 4247 ιε.

2193 4271 2283 4324 τὸν
2317 4271 2382 4325 ὲκ
2414 4272 2595 4342 ψυχῆς
2643 4290 2724 4326 σοι
2772 4274 3168 4344 μετανοοῦντα,
3198 4274 3319 4329 ἀλλ’
3364 4277 3443 4340 ὡς
3473 4272 3728 4346 προσεδέξω

2195 4362 2403 4435 Πέτρον
2449 4364 2666 4435 πικρῶς
2697 4382 2779 4418 σοι
2814 4366 3152 4431 κλαύσαντα,
3191 4366 3342 4421 οὕτω
3380 4370 3521 4439 κάμὲ
3546 4364 3726 4436 πρόσδε-

2196 4452 2305 4517 ξαι,
2337 4454 2474 4523 μετά
2502 4455 2602 4524 τῆς
2629 4457 2825 4525 ὁμοίας
2852 4458 3051 4530 ἐκείνῳ
3071 4460 3325 4531 γνώμηςο
3354 4462 3450 4514 τὸν
3474 4457 3721 4530 suavem»

2198 4543 2299 4595 πόν
2332 4561 2390 4596 σε
2421 4544 2556 4598 Θεὸν
2587 4547 2906 4603 ἱκετεύοντα
2925 4590 2940 4615 ,
2972 4550 3284 4605 ἐπιϐάλλων
3313 4553 3396 4623 τῷ
3426 4554 3625 4619 σπόγγῳ
3652 4546 3723 4612 τῆς

2200 4633 2301 4700 σῆς
2327 4635 2737 4707 εὐσπλαγχνίας
2763 4639 2901 4709 πρὸς
2933 4639 3213 4713 ἐξάλειψιν
3241 4644 3487 4714 παντελῆ
3508 4642 3601 4696 τῶν
3623 4637 3721 4691 ’.τολ-

2201 4723 2310 4778 λῶν
2344 4742 2446 4796 μου
2482 4727 2790 4797 ἁμαρτιῶν.
2834 4748 2853 4782 ι

2101 5005 2334 5066 ΝΟΤΙΕ.

592 5143 714 5223 (52).
761 5145 912 5215 Apud
937 5146 1236 5223 _§anisium
1283 5151 1483 5223 legitur
1525 5166 1629 5206 vox
1680 5151 2093 5223 ἐκσπηλευτῶν,

520 5216 886 5285 ἐγγισάντων.
934 5216 1088 5274 lianc
1126 5234 1316 5276 vocem
1337 5216 1623 5277 'Latinam
1682 5216 1864 5277 facere
1923 5216 2099 5278 noluit

520 5286 827 5342 Turrianus
860 5288 1258 5360 {divinandum
1286 5292 1491 5360 judicat
1522 5292 1884 5348 Combefisius
1912 5312 1926 5360 ;
1955 5293 2102 5349 ideo-

519 5372 652 5439 que_
671 5370 737 5409 ex
779 5356 967 5412 codice
994 5357 1189 5439 llegio'
1214 5356 1437 5439 reponit
1465 5382 1477 5417 :
1505 5364 1568 5415 Οἱ
1595 5356 1976 5439 ’ἀπαιτοῦντες
2002 5365 2102 5435 τὴν

521 5374 630 5412 συθ
671 5374 737 5409 ex
779 5374 967 5412 coulce
999 5374 1172 5429 negto
1214 5374 1431 5431 reponit
1465 5382 1477 5417 :
1505 5374 1568 5415 Ut
1615 5374 1976 5426 ἀπαιτούντες
2002 5374 2101 5435 τὴν

521 5374 701 5503 ψυχὴν
722 5426 1105 5503 συγχωροῦσι,
1136 5426 1321 5499 Neque
1353 5433 1490 5486 enim
1516 5435 1605 5501 qui
1633 5436 1863 5487 animam
1887 5438 2101 5503 exigunt

522 5497 733 5581 aliquid
791 5497 1018 5581 amplius
1056 5497 1323 5581 .prqm'are
1357 5497 1708 5581 permittunt.
1760 5497 2100 5581 Videturque

520 5568 664 5638 ipsi,
703 5576 983 5638 auctorem
1021 5568 1263 5625 alludere
1304 5568 1381 5625 ad
1412 5571 1557 5627 feras
1592 5574 1647 5626 in
1695 5574 1880 5629 lustris
1910 5589 1974 5630 ac
2003 5568 2097 5629 ca-

519 5637 707 5693 vernis
757 5637 1033 5694 latitantes
1059 5681 1075 5707 ,
1104 5654 1241 5709 quas
1273 5641 1397 5696 inde
1428 5656 1593 5697 canes
1640 5644 1953 5700 extrudam.
1988 5643 2093 5699 Sed

520 5709 939 5781 retineridebet
965 5725 1062 5765 vox
1088 5710 1488 5781 ἐκσπηλευτὴς,
1517 5728 1615 5767 nec
1644 5715 1919 5768 immutari
1938 5714 2097 5770 debet

522 5778 689 5851 lectio
741 5779 979 5844 Cauisii,
1050 5796 1171 5850 qua:
1231 5778 1531 5851 legitimum
1596 5783 1772 5837 reddit
1836 5800 2090 5851 sensum;

522 5850 753 5905 verbum
780 5851 922 5906 enim
942 5852 1084 5922 illud
1114 5850 1490 5922 compulsorem
1525 5854 1815 5925 signiﬁcat.
1851 5855 1941 5911 Sic
1995 5850 2093 5910 .lu-é

2194 5154 2468 5213 stinianus
2492 5158 2548 5212 in
2585 5158 2793 5215 novella
2812 5160 2936 5228 128,
2966 5178 3089 5235 cap.
3124 5164 3193 5220 ϐε
3226 5167 3288 5220 Ei
3311 5167 3371 5221 δὲ
3402 5162 3716 5223 evanidam;

2196 5226 2398 5285 εὑρέθη
2443 5230 2842 5285 Κανονικάριος
2890 5234 2963 5285 μὴ
3014 5236 3400 5285 ἐκσπηλευτὴε
3449 5212 3712 5285 πεαπέσθω.

2196 5226 2399 5296 εὑρέθη
2443 5230 2842 5302 Κανονικάριος
2889 5226 2963 5305 μὴ
3014 5226 3417 5319 ἐξισπηλευτης.

2198 5296 2366 5377 _Erant
2403 5302 3004 5377 autemucompulsores
3031 5322 3067 5360 ιι
3095 5321 3185 5374 qui
3216 5309 3450 5377 publicis
3470 5309 3710 5360 functiomo

2198 5369 2301 5439 bus
2335 5368 2416 5422 vel
2460 5368 3028 5430 fiscalibus'oneribus
3069 5368 3337 5432 obno'xios
3377 5378 3569 5433 solvere
3589 5385 3714 5439 cogu-

2201 5436 2353 5517 bant.
2389 5439 2593 5517 Alludit
2638 5441 2805 5510 igitur
2854 5443 3179 5517 Anastasius
3228 5448 3296 5502 ad
3330 5449 3602 5517 principum
3637 5436 3715 5492 nii-

2203 5510 2405 5587 nistros
2425 5510 2612 5587 potius
2647 5526 2810 5587 quam
2844 5516 3110 5587 adcanes
3139 5556 3154 5582 ,
3196 5518 3294 5585 qui
3328 5510 3466 5571 feras
3482 5510 3713 5587 latitantes

2203 5581 2257 5630 iu
2283 5581 2470 5658 antris
2498 5582 2833 5658 extrudun_t._
2861 5584 3176 5658 Adveniunt
3209 5581 3385 5658 angeli
3415 5602 3444 5641 a
3474 5586 3571 5658 Deo
3593 5581 3709 5634 miSSi

2204 5649 2298 5726 qui
2327 5649 2563 5726 animam
2613 5652 2717 5705 sibi
2749 5651 2987 5726 debitam
3022 5649 3313 5726 repetant:
3352 5672 3445 5711 nec
3469 5652 3709 5726 debitorem

2204 5715 2754 5793 diﬂerrepatiantur.
2788 5723 2879 5777 Sic
2908 5715 3264 5793 igitur'reddi
3291 5715 3453 5781 debet
3492 5723 3565 5777 ille
3587 5721 3707 5771 locus

2202 5788 2649 5844 accuratissimus
2670 5793 2809 5859 apud
2838 5788 3114 5849 Caﬁisium
3139 5814 3153 5850 :
3174 5811 3274 5851 nec
3297 5796 3438 5849 aliud
3457 5793 3563 5847 εἱιιίε
3585 5793 3703 5847 non.

2202 5860 2735 5931 appropinquantibus
2778 5879 2857 5921 me
2879 5867 3319 5935 compulsoribus.
3348 5866 3490 5921 Basu.
