4080 6522
278 396 404 464 1141

1429 393 1709 454 ORATIO
1750 391 1829 451 IN
1869 388 2232 450 PSALMUM
2270 387 2371 448 VI.

3330 370 3333 373 ’
3372 381 3506 447 1142

341 508 528 563 Ταῦτα
565 508 660 561 καὶ
691 505 918 560 πλείονα
951 505 1159 559 τούτων
1187 506 1308 568 ταῖς
1348 504 1582 571 ἐξοδίαις
1622 503 1794 574 ὥραις
1814 504 1842 554 ὁ

2014 499 2141 554 Haec
2167 513 2231 552 ac
2268 497 2337 552 iis
2373 495 2524 566 plura
2570 493 2836 550 conﬁtens
2871 492 3009 548 latro
3044 493 3175 547 bora
3210 493 3411 555 exitus,
3447 510 3511 548 ac

273 601 474 673 λῃστὴς
504 597 1032 668 ἐξομολογούμενος,
1065 597 1160 650 καὶ⁸
1187 596 1255 648 τὰ
1289 596 1504 667 δάκρυα
1538 592 1622 658 οἷς
1671 593 1844 647 ἰλεού-

279 708 437 764 μενος
465 690 556 743 τὸν
599 689 737 742 Θεὸν
760 728 775 752 ,
806 687 998 741 ἐαυτὸν
1031 686 1318 758 περιέρρει
1348 726 1363 752 ,
1402 686 1485 757 τῷ
1514 690 1612 756 τῆς
1646 683 1840 738 ἐαυτοῦ

277 780 520 852 κεφαλῆς
550 777 1013 850 περικαλύμματι
1040 778 1385 846 άπομάσσων
1403 817 1419 842 ,
1463 777 1752 848 παρέδωκε
1781 775 1844 828 τὸ

275 873 496 945 πνεῦμα
523 887 541 904 ο
575 871 652 934 ὡς
702 870 929 941 ὕστερον
972 869 1125 942 παρὰ
1157 869 1267 922 τῶν
1304 869 1844 940 συμπαρακειμένων

275 965 460 1036 αὐτῷ,
495 961 745 1033 ἀκριϐῶς
790 965 818 1016 ὁ
851 962 1093 1026 τοιοῦτος
1129 961 1360 1026 θάνατος
1392 961 1728 1032 διεγνώσθη.
1781 961 1842 1013 Ὀ

273 1060 330 1112 δὲ
361 1055 747 1127 φιλάνθρωπος
793 1053 928 1118 Θεὸς
957 1054 1053 1108 καὶ
1086 1052 1278 1123 Σωτὴρ
1314 1052 1410 1107 τοῦ
1439 1053 1635 1122 γένους
1663 1051 1842 1122 ἡμῶν,

276 1149 576 1220 κηδόμενος
604 1147 716 1201 τῶν
744 1147 824 1209 εἰς
858 1145 1022 1216 βάθος
1052 1146 1317 1200 ἐλθόντων
1352 1144 1563 1212 κακῶν,
1587 1144 1683 1198 καλ⁸
1705 1143 1845 1197 ἀπο-

274 1236 651 1307 γινωσκόντων
701 1236 804 1304 τὴν
852 1235 1062 1288 ἑαυτῶν
1110 1234 1412 1305 σωτηρίαν,
1456 1234 1532 1295 ὡς
1589 1234 1655 1286 ἂν
1700 1233 1845 1303 ἐχειν

273 1329 588 1392 ἀκούοντες,
625 1328 720 1381 καὶ
747 1327 855 1380 άπὸ
896 1327 998 1396 τῆς
1040 1326 1300 1396 τελευτῆς
1337 1325 1431 1378 τοῦ
1468 1324 1667 1397 λῃστοῦ
1702 1327 1847 1395 ὠφε-

273 1419 510 1484 λεῖσθαι,
525 1418 620 1470 καὶ
637 1418 736 1488 τὴν
762 1416 1101 1487 ἐπιστροφὴν
1127 1417 1201 1488 μὴ
1220 1416 1641 1486 ἀπογινώσκειν,
1666 1417 1849 1486 ἰατρόν

271 1527 401 1564 τινα
425 1507 687 1580 εὐλαϐείᾳ
739 1506 990 1571 συζῶντα
1029 1508 1156 1562 ἰδεῖν
1185 1509 1480 1579 οἰκονομεῖ,
1537 1508 1680 1562 κατὰ
1722 1510 1849 1571 τοὺς

275 1601 480 1665 ὕπνους
503 1603 562 1656 ἐν
588 1601 774 1672 ἐκείνῃ
802 1603 870 1671 τῇ
901 1601 1061 1654 νυκτὶ
1084 1600 1209 1654 καθ’
1243 1603 1310 1674 ἢν
1344 1601 1437 1655 καὶ
1455 1602 1484 1654 ὁ
1505 1599 1708 1674 λῃστὴς
1736 1602 1851 1653 ἐτε-

274 1693 541 1763 λεύτησεν
567 1732 584 1758 ,
617 1691 887 1755 Αἰθίοπας
935 1690 1190 1756 ἐλθόντας
1237 1692 1377 1763 πρὸς
1406 1692 1591 1757 αὐτὸν,
1629 1691 1725 1746 καὶ⁵
1769 1688 1850 1755 οἷς

275 1785 613 1856 ἐπεφέροντο
646 1783 878 1854 χάρταις
914 1783 1237 1854 ἐγγράφοις,
1291 1783 1361 1838 τὰ
1406 1781 1556 1856 αὐτῷ
1594 1785 1850 1855 ἡμαρτη-

277 1877 421 1946 μένα
451 1876 630 1930 πάντα
676 1873 1140 1940 ἐπιδεικνύοντας.
1201 1875 1403 1929 Ἐδίδου
1439 1876 1497 1930 δὲ
1547 1875 1625 1946 τῷ
1675 1875 1851 1929 ταῦτα

275 1969 576 2041 θεωροῦντι
601 1967 664 2022 τὸ
699 1969 854 2039 ϐναρ,
883 1969 977 2023 καὶ
1008 1968 1103 2022 δύο
1123 1969 1278 2033 τινὰς
1306 1969 1621 2038 φωτοειδεῖς
1650 1969 1853 2040 ἄνδρας

274 2065 436 2134 ὁρᾷν,
477 2062 614 2133 πρὸς
665 2061 760 2125 οὒς
791 2062 886 2115 καὶ
929 2061 1060 2126 τοὺς
1095 2061 1361 2125 Αἰθίοπας
1409 2061 1687 2125 ἐκείνους,
1726 2062 1854 2124 τοὺς

275 2152 714 2222 ἐπιφερομένους
744 2151 953 2221 χάρτας
983 2151 1390 2218 ἐπιδεικνῦναι,
1426 2152 1523 2204 καὶ
1563 2150 1852 2221 βούλεσθαι

279 2244 405 2314 μεθ’
440 2245 649 2298 ἐαυτῶν
677 2242 982 2311 λαμϐάνειν
1008 2241 1102 2294 τὸν
1136 2242 1342 2313 λῃστήν
1362 2259 1378 2274 ο
1411 2243 1540 2305 τοῦς
1568 2241 1626 2296 δέ
1657 2258 1854 2311 φωτει-

274 2335 406 2397 νοῦς
451 2333 651 2402 ἄνδρας
696 2331 805 2386 τῶν
834 2331 1012 2386 ἄλλων
1061 2331 1444 2402 ἀποροῦντας,
1496 2332 1684 2401 ζητεῖν
1731 2325 1854 2403 ἐνῇ

275 2427 571 2480 κατέκειτο
606 2425 786 2496 κλίνῃ,
822 2423 876 2476 εἴ
900 2442 1017 2488 πως
1048 2422 1252 2494 εῦρωσί
1281 2441 1334 2476 τι
1363 2425 1458 2477 καὶ
1487 2425 1644 2477 αύττοί⁹
1667 2466 1681 2490 ,
1716 2425 1854 2495 πρὸς

275 2520 381 2588 τὴν
409 2517 519 2571 τῶν
551 2515 825 2570 Αἰθιόπων
875 2517 1230 2586 ἀποτροπήν·
1272 2516 1321 2568 οἳ
1358 2516 1452 2569 καὶ
1491 2517 1744 2586 εὑρόντες
1790 2517 1852 2570 τὸ

274 2611 380 2680 τῆς
425 2607 671 2678 κεφαλῆς
699 2606 794 2659 τοῦ
840 2605 1041 2678 λῃστοῦ
1076 2606 1476 2677 περικάλυμμα
1511 2608 1722 2678 πλῆρες
1770 2607 1852 2660 ἐτι

274 2701 533 2771 δακρύων
577 2693 652 2754 ὧν
686 2699 870 2770 ἐξέχεε
899 2699 1183 2770 μετανοῶν
1211 2701 1267 2752 ἐν
1319 2699 1397 2769 τῷ
1435 2699 1649 2768 μέλλειν
1689 2699 1854 2753 αὐτὸν

275 2793 563 2860 τελευτᾷν,
617 2791 778 2844 τοῦτο
823 2791 920 2844 κα)⁵
958 2790 1058 2861 τὴν
1110 2788 1520 2859 φιλανθρωπίαν
1573 2789 1668 2843 τοῦ
1716 2789 1853 2843 Θεοῦ

279 2884 544 2954 βαλόντες
578 2883 660 2945 εἰς
684 2881 783 2951 τὴν
825 2881 955 2951 μίαν
989 2880 1305 2949 πλάστιγγα
1349 2881 1450 2949 τῆς
1474 2881 1750 2952 τρυτάνης
1772 2895 1787 2910 ·
1819 2883 1854 2954 ἥ

278 2976 379 3028 καὶ
410 2974 499 3026 διὰ
524 2974 584 3026 τὸ
622 2973 793 3045 μηδὲν
821 2972 966 3042 ἔχειν
991 2973 1072 3033 εἰς
1092 2971 1153 3025 τὸ
1180 2972 1730 3042 άντισταθμίζεσθαι,
1758 2976 1857 3028 καὶ

275 3070 395 3130 τοῖς
438 3066 750 3135 τιθεμένοις
795 3065 1150 3136 βαρύνεσθαι,
1204 3066 1290 3134 ἐφ’
1337 3064 1508 3135 ὕφους
1554 3067 1719 3138 ᾔρετο
1762 3068 1856 3120 καὶ

1944 592 2236 662 lacrymas,
2283 587 2480 659 quibus
2513 601 2571 641 se
2598 587 2713 655 ipse
2750 585 2919 640 Deum
2954 585 3177 654 placaus
3222 583 3513 654 perfunde-

1944 682 2059 749 bat,
2089 681 2284 751 capitis
2323 679 2490 733 linteo
2530 679 2868 744 abstergens,
2911 675 3113 731 emavit
3159 677 3416 740 animam,
3457 685 3515 730 ut

1946 774 2286 844 postmodum
2322 786 2419 842 per
2449 786 2544 825 eos
2575 771 2665 839 qui
2696 770 2860 824 vicini
2892 769 3084 823 eodem
3118 767 3516 823 decumbebant

1945 866 2086 931 loco,
2123 863 2431 919 accuratius
2460 861 2730 930 cognitum
2763 869 2864 916 est.
2893 861 3144 916 Clemens
3172 869 3353 913 autem
3377 859 3516 913 Deus

1947 973 2011 1014 ac
2046 957 2292 1013 Salvator
2331 956 2552 1010 humani
2594 955 2829 1025 generis,
2879 968 3068 1008 eorum
3116 967 3300 1007 curam
3351 966 3518 1023 agens

1949 1053 2040 1123 qui
2094 1060 2362 1107 venerunt
2408 1050 2462 1104 in
2500 1058 2843 1120 peccatorum
2900 1046 3250 1115 profundum,
3297 1060 3360 1099 ac
3405 1059 3518 1100 sua:

1948 1145 2141 1203 salutis
2168 1145 2436 1215 abjiciunt
2469 1157 2644 1211 spem,
2672 1155 2800 1210 quo,
2835 1154 2899 1194 ex
2946 1138 3174 1193 latronis
3212 1147 3387 1192 morte
3419 1153 3516 1190 au-

1948 1238 2160 1294 dientes
2205 1234 2548 1291 commodum
2609 1241 2910 1303 reportent,
2964 1245 3064 1285 nec
3095 1231 3408 1298 .desperent
3454 1229 3520 1284 de
3591 1272 3594 1275 .

1948 1329 2325 1392 conversione,
2352 1326 2454 1396 piis
2475 1325 2765 1394 quemdam
2799 1321 3043 1377 moribus
3077 1321 3367 1385 medicum,
3401 1320 3519 1388 ipsa

1950 1433 2110 1480 nocte
2155 1438 2258 1492 qua
2309 1420 2452 1474 latro
2497 1417 2774 1483 decessit,
2815 1415 2868 1470 in
2901 1415 3108 1470 somnis
3157 1413 3340 1468 videre
3389 1413 3521 1468 facit

1951 1515 2229 1570 venientes
2263 1512 2332 1567 ad
2360 1526 2482 1566 eum
2523 1508 2831 1576 Ethiopes,
2863 1522 2927 1561 ac
2974 1505 3197 1570 chartis,
3227 1520 3363 1576 quas
3385 1503 3522 1560 scri-

1949 1619 2069 1681 ptas
2092 1607 2420 1671 inferebant,
2456 1604 2573 1675 ejus
2597 1601 2803 1657 scelera
2829 1599 3011 1655 omnia
3043 1605 3401 1653 ostentantes.
3427 1596 3522 1649 Vi-

1951 1701 2112 1756 debat
2142 1711 2357 1768 quoque
2401 1696 2594 1751 borum
2629 1700 2903 1764 spectator
2936 1704 3033 1760 per
3060 1689 3354 1752 somnium,
3388 1689 3523 1742 duos

1952 1790 2216 1861 quosdam
2261 1787 2412 1842 viros
2436 1786 2672 1850 lucidos,
2707 1785 2897 1852 eisque
2931 1779 3190 1851 praefatos
3236 1777 3524 1850 Ethiopes

1955 1879 2131 1934 illatas
2196 1876 2535 1946 proferentes
2600 1873 2820 1927 chartas
2867 1885 2931 1926 ac
2983 1870 3413 1935 contendentes,
3466 1878 3526 1923 ut

1954 1971 2220 2024 latronem
2271 1980 2455 2021 secum
2505 1965 2819 2031 abriperent
2854 1980 2869 2016 :
2904 1959 3025 2016 illos
3063 1975 3192 2014 vero
3240 1960 3408 2026 viros,
3443 1960 3524 2012 in-

1952 2075 2136 2131 quam,
2158 2058 2277 2113 luce
2298 2055 2632 2128 splendidos,
2652 2069 2774 2109 cum
2800 2053 2906 2107 alia
2927 2054 3199 2113 deessent,
3221 2063 3527 2118 quaerentes

1953 2150 2008 2204 in
2059 2148 2222 2211 lecto,
2271 2161 2377 2216 quo
2410 2145 2454 2200 is
2484 2144 2724 2214 jacebat,
2763 2158 2893 2198 num
2936 2152 2989 2197 et
3035 2143 3139 2212 ipsi
3189 2143 3394 2211 aliquid
3444 2140 3529 2196 fu-

1954 2240 2142 2310 ganda:
2173 2240 2345 2294 turba:
2373 2236 2784 2306 illiIEtbiopum
2806 2235 3050 2289 invenire
3079 2243 3302 2303 possent
3328 2254 3341 2288 :
3374 2249 3528 2288 cum-

1954 2345 2059 2402 que
2090 2331 2125 2385 ii
2153 2329 2382 2384 latronis
2413 2328 2544 2383 illud
2577 2325 2768 2396 capitis
2792 2325 3020 2380 linteum
3045 2324 3296 2394 lacrymis
3325 2325 3525 2390 adhuc,

1955 2440 2091 2494 quas
2128 2424 2401 2494 pcenitens
2441 2422 2494 2476 in
2530 2421 2720 2476 mortis
2761 2419 3041 2488 procinctu
3075 2416 3378 2483 eﬂ'udisset,
3406 2418 3525 2487 ple-

1955 2533 2081 2571 num
2117 2516 2478 2578 invenissent,
2511 2515 2564 2568 in
2596 2528 2756 2566 unam
2783 2519 2996 2565 statera:
3021 2510 3252 2574 lancem,
3282 2525 3345 2564 ac
3367 2511 3528 2564 simul

1957 2610 2048 2664 Dei
2079 2610 2354 2663 mittentes
2385 2605 2731 2661 clementiam
2758 2621 2772 2668 ;
2810 2619 2930 2672 qua:
2957 2603 3176 2672 quidem
3211 2602 3357 2668 lanx,
3385 2603 3529 2671 quod

1957 2700 2090 2755 nihil
2141 2707 2292 2753 esset
2347 2696 2491 2767 quod
2535 2711 2604 2750 ex
2656 2697 2889 2749 adverso
2945 2694 3185 2762 pondere
3240 2703 3526 2763 gravaret,

1956 2793 2127 2847 altera
2158 2791 2318 2844 illatis
2344 2803 2439 2857 per
2467 2787 2753 2856 [Etltiopes
2786 2785 3002 2854 scriptis
3046 2785 3224 2853 plena,
3254 2800 3317 2838 ac
3358 2786 3409 2839 in
3443 2801 3530 2839 so-

1957 2882 2062 2938 lum
2091 2883 2366 2950 depressa,
2399 2880 2450 2932 in
2482 2877 2714 2931 sublime
2746 2875 2880 2929 levis
2908 2875 3122 2930 sublata
3148 2884 3267 2930 erat
3295 2895 3307 2929 :
3338 2892 3528 2945 magna

1957 2973 2331 3029 exclamarunt
2384 2985 2551 3024 voce:
2579 2987 2598 3018 ι
2638 2967 2818 3021 Vincit
2852 2966 2946 3022 Dei
2982 2967 3306 3031 clementia;
3339 2987 3358 3018 ι
3407 2982 3531 3021 mox

1957 3077 2134 3120 autem
2192 3061 2477 3131 Ethiopes
2518 3060 2734 3129 quidem
2792 3058 3003 3114 confusi
3049 3060 3333 3122 abierunt;
3395 3058 3536 3114 lucis

278 3155 678 3227 ἀνεκουφίζετο
698 3173 711 3187 ·
745 3158 842 3210 καὶ
876 3159 984 3229 γὰρ
1009 3157 1108 3228 τὴν
1147 3157 1340 3227 ἑτέραν
1371 3159 1420 3210 οἰ
1455 3158 1716 3221 Αἰθίοπες
1739 3163 1855 3224 τοῖς

1961 3173 2087 3213 vero
2131 3157 2326 3224 angeli,
2377 3162 2652 3223 acceptam
2716 3151 2940 3208 latronis
2974 3152 3211 3207 animam
3264 3153 3318 3206 in
3365 3151 3534 3207 coalos

279 3249 585 3320 ἐγγράφοις
631 3244 780 3319 εἶχον
828 3249 1271 3320 πεπληρωμένην
1305 3250 1398 3303 καὶ
1439 3249 1852 3323 καθελκομένην

1956 3263 2138 3307 secum
2164 3245 2519 3316 collegerunt.

280 3347 366 3409 εἰς
395 3345 592 3415 ἔδαφος
615 3361 629 3376 ο
664 3365 682 3398 ι
732 3345 878 3417 Νικᾷ
922 3347 955 3415 ή
990 3345 1373 3417 φιλανθρωπία
1404 3345 1501 3399 τοῦ
1532 3345 1692 3411 Θεοῦ,
1734 3366 1752 3400 ι
1789 3349 1848 3402 ἐν
1890 3347 2101 3422 μεγάλῃ
2127 3344 2278 3413 φωνῇ
2342 3339 2640 3411 ἐξεϐόησαν
2665 3356 2678 3370 ο
2712 3339 2806 3393 καὶ
2863 3338 3026 3403 εὐθὺς
3072 3340 3120 3393 οἰ
3156 3339 3256 3412 μὲν
3278 3338 3535 3403 Αἰθίοπες

283 3439 1131 3513 καςῃσχιυμμένοιγύπέστρεφονο
1157 3441 1207 3495 οἰ
1237 3440 1414 3496 δέτοῦ
1434 3440 1611 3513 φωτὸς
1629 3441 1869 3515 ,ἄγγελοι
1896 3443 2155 3506 λαϐόντες
2217 3437 2317 3510 τὴν
2355 3435 2535 3508 ψυχὴν
2565 3436 2660 3490 τοῦ
2721 3436 2946 3508 λῃστοῦ,
2986 3437 3066 3500 εἰς
3099 3436 3366 3507 οὐρανοὺς
3415 3435 3535 3508 μεθ’

283 3533 498 3588 ἐαυτῶν
531 3534 928 3603 συνανήγαγον.

356 3625 548 3678 Ταῦτα
598 3627 627 3678 ό
677 3624 972 3696 εἰρημένος
1035 3623 1218 3696 ἰατρὸς
1276 3624 1410 3696 ὄναρ
1463 3625 1610 3691 ἰδὼν,
1659 3626 1866 3690 εὐθέως

283 3713 530 3775 ἀναστάς
543 3711 618 3775 ὡς
649 3709 767 3783 εἶχε
793 3713 995 3782 τάχους
1024 3711 1248 3783 ἔρχεται
1278 3715 1360 3777 εἰς
1389 3715 1452 3767 τὸ
1485 3719 1861 3786 νοσοκομείον·

285 3803 388 3856 καὶ
416 3803 795 3874 προσεγγίσας
825 3805 890 3873 τῇ
939 3802 1098 3874 κλίνῃ
1144 3803 1242 3856 τοῦ
1291 3803 1491 3875 λῃστοῦ
1513 3847 1529 3870 ,
1562 3805 1727 3858 αὑτὸν
1765 3806 1864 3875 μὲν

285 3893 538 3965 εὑρίσκει
562 3894 660 3965 ἤδη
683 3893 1089 3948 ἐκπνεύσανταο
1112 3893 1175 3947 τὸ
1201 3893 1259 3947 δέ
1285 3895 1682 3966 περικάλυμμα
1710 3895 1864 3967 παρὰ

284 3987 390 4057 τὴν
415 3985 604 4056 κλίνην
635 3986 738 4057 ὁρᾷ
767 3985 1024 4056 κείμενον
1053 3985 1346 4057 διάϐροχον
1378 3986 1501 4040 ὅλον
1529 3988 1594 4040 ἐκ
1622 3986 1731 4042 τῶν
1766 3988 1861 4041 δα-

287 4078 479 4148 κρύων
505 4095 521 4110 ο
548 4079 645 4131 καὶ
683 4077 748 4148 δὴ
782 4077 973 4148 μαθὼν
1011 4078 1163 4147 παρὰ
1196 4077 1308 4131 τῶν
1340 4076 1569 4149 πλησίον
1600 4096 1830 4133 κατακει
1850 4111 1863 4122 -

290 4169 477 4240 μένων
513 4167 756 4222 ἀσθενῶν
786 4166 879 4220 τοῦ
908 4167 1142 4222 θανάτου
1167 4167 1260 4221 τὸν
1292 4169 1496 4240 τρόπον
1521 4211 1536 4236 ,
1570 4169 1671 4239 τὴν
1698 4169 1866 4240 μετά-

285 4278 446 4316 νοιαν
469 4301 485 4325 ,
521 4259 664 4314 αὐτὰ
692 4259 761 4313 τὰ
785 4261 855 4332 pf)
867 4277 1015 4331 ματα
1038 4259 1074 4314 ἃ
1101 4261 1240 4332 πρὸς
1270 4261 1405 4315 Θεὸν
1430 4259 1864 4331 ἐξομολογούμε-

287 4369 381 4415 νος
408 4352 617 4418 ἐλεγεν,
659 4351 846 4406 ἄπεισι
877 4352 1015 4423 πρὸς
1049 4352 1143 4406 τὸν
1171 4352 1372 4424 εὐσεϐῆ
1406 4353 1503 4406 καὶ
1537 4353 1865 4408 πιστότατον

290 4443 542 4514 βασιλέα,
581 4443 720 4514 ἔχων
745 4444 838 4498 ἐπὶ
862 4446 1051 4516 χεῖρας
1083 4444 1145 4498 τὸ
1181 4444 1545 4514 περικλυσθέν
1568 4444 1862 4515 κεφαλόδε-

2036 3619 2138 3676 Ubi
2175 3630 2335 3689 porro
2365 3615 2623 3687 praefatus
2654 3611 2900 3669 medicus
2923 3612 3037 3669 bzec
3060 3614 3112 3669 in
3143 3618 3350 3675 somnis
3368 3619 3537 3678 vidis-

1960 3725 2068 3782 set,
2101 3728 2334 3784 surgens
2386 3710 2597 3773 statim,
2649 3722 2809 3778 quam
2839 3708 2948 3763 cito
2982 3708 3177 3777 potuit,
3210 3711 3276 3764 ad
3317 3711 3534 3766 domum

1961 3823 2081 3866 eam
2113 3807 2452 3861 inﬁrmorum
2480 3802 2630 3857 venit
2666 3815 2680 3853 :
2717 3800 3050 3870 propiusque
3085 3799 3152 3854 ad
3187 3800 3415 3858 latronis
3442 3819 3534 3858 ac-

1960 3899 2160 3955 cedens
2200 3895 2424 3958 lectum,
2471 3893 2646 3960 ipsum
2689 3890 2906 3960 quidem
2951 3889 3065 3960 jam
3096 3891 3335 3944 animam
3366 3892 3537 3946 exha—

1961 3988 2102 4042 lasse
2131 3983 2355 4039 invenit.
2387 3980 2546 4035 Videt
2589 3993 2719 4033 vero
2763 3978 2817 4032 in
2849 3977 2989 4033 lecto
3039 3979 3317 4035 sudarium
3367 3990 3535 4037 totum

1960 4073 2213 4144 lacrymis
2268 4069 2580 4129 madidum;
2644 4082 2875 4136 cumque
2908 4084 2936 4121 a
2974 4068 3132 4123 simul
3163 4086 3194 4125 e
3233 4072 3538 4140 propinquo

1961 4163 2411 4223 decumbentibus
2453 4160 2706 4226 inﬁrmis,
2763 4161 2884 4230 ejus
2931 4161 3123 4214 mortis
3184 4162 3540 4218 intellexisset

1961 4253 2204 4320 modum,
2243 4249 2754 4321 pmnitentiamque,
2789 4265 2852 4304 ac
2881 4250 2992 4319 ipsa
3033 4251 3197 4306 verba
3236 4267 3356 4322 quae
3401 4268 3538 4308 con-

1962 4346 2205 4402 fessione
2234 4345 2302 4398 ad
2343 4343 2511 4397 Deum
2547 4343 2860 4412 prolocutus
2907 4351 3071 4408 esset,
3105 4343 3216 4398 abit
3250 4344 3434 4399 statim
3470 4347 3544 4400 ad-

1968 4437 2366 4510 pientlssimum
2411 4450 2476 4490 ac
2524 4435 3045 4490 Cbristianissimum
3109 4435 3536 4506 imperatorem,

291 4552 432 4606 σμον
466 4535 568 4606 τῆς
616 4537 912 4605 μετανοίας
941 4537 1056 4601 τοῖς
1096 4536 1331 4608 δάκρυσι
1357 4554 1374 4569 ο
1407 4538 1504 4591 καὶ
1550 4537 1857 4601 ἐπιδεικνὺς

1968 4531 2128 4584 udum
2165 4528 2401 4596 undique
2429 4525 2761 4596 pcenitentiae
2792 4526 3050 4597 lacrymis
3087 4526 3268 4584 ferens
3293 4528 3540 4584 manibus

289 4624 445 4695 αύτῷ
468 4625 530 4678 τὸ
570 4627 985 4698 ἐπιφερόμενον,
1015 4627 1110 4680 καὶ
1143 4627 1504 4700 διηγούμενος
1540 4629 1686 4699 άπερ
1725 4627 1869 4682 κατὰ

289 4718 420 4780 τοὺς
463 4716 668 4780 ὕπνους
712 4717 1021 4782 ἐθεάσατο,
1067 4718 1164 4772 καὶ
1197 4718 1346 4791 ἅπερ
1389 4719 1584 4790 μαθεῖν
1616 4718 1862 4789 ἴσχυσεν,

300 4827 320 4861 ι
359 4807 815 4878 Εὑχαριστοῦμεν
839 4809 916 4880 τῷ
943 4809 1085 4880 Θεῷ,
1114 4809 1293 4878 λέγων
1319 4850 1335 4876 ,
1371 4810 1732 4866 εὐσεϐέστατε
1772 4810 1871 4881 βα-

297 4896 477 4962 σιλεῦ,
508 4898 588 4950 ὅτι
615 4897 910 4961 ἀκούοντες
939 4898 1141 4970 λῃστὴν
1165 4899 1412 4953 σωθέντα
1439 4900 1506 4952 δι’
1544 4899 1871 4971 ἐξομολογή-

299 5005 443 5052 σεως
477 4990 571 5042 ἐπὶ
610 4989 703 5042 τοῦ
726 4989 961 5059 σταυροῦ
992 4992 1145 5060 παρὰ
1166 4990 1262 5044 τοῦ
1288 4991 1546 5063 οὐρανίου
1581 4991 1870 5061 βασιλέως,

297 5079 398 5133 νῦν
425 5079 642 5151 είδομεν
667 5081 762 5133 ἐπὶ
802 5080 898 5133 σοῦ
942 5081 1035 5134 τοῦ
1063 5083 1312 5150 ἐπιγείου
1352 5083 1639 5152 βασιλέως,
1670 5083 1874 5156 λῃστὴν

297 5173 488 5243 ἕτερον
519 5174 867 5244 σεσωσμένον
899 5173 967 5226 δι’
1001 5175 1450 5245 ἐξομολογήσεως
1491 5175 1614 5245 ῐσης
1652 5176 1748 5230 καὶ
1773 5191 1873 5244 με·

297 5263 543 5328 τανοίας.
583 5282 604 5315 ι

372 5445 564 5499 Ταῦτα
610 5446 686 5516 μὴ
730 5446 894 5516 μόνον
936 5445 1228 5514 ἀκούωμεν
1275 5444 1506 5508 ἁπλῶς,
1555 5443 1874 5513 ἀγαπητοὶ,

299 5538 440 5593 ἀλλὰ
481 5538 577 5591 καί⁵
618 5537 970 5607 πιστεύωμεν
1021 5537 1200 5606 ἀληθῆ
1228 5532 1405 5589 εἶναι’
1457 5535 1659 5606 μᾶλλον
1701 5534 1758 5587 δὲ
1802 5533 1876 5603 μὴ

304 5630 472 5701 μόνον
531 5631 862 5701 ἀκούωμεν,
893 5630 1034 5684 ἀλλὰ
1076 5631 1171 5683 καὶ
1217 5625 1878 5700 πωπαρασκευαζὼμεθα

307 5722 440 5791 πρὶν
468 5724 667 5792 ἐπιστῇ
694 5723 756 5775 τὸ
784 5722 940 5784 τέλος
958 5761 972 5785 ,
1027 5721 1436 5792 προφθάνοντες
1483 5721 1543 5773 τὸ
1588 5720 1879 5790 πρόσωπον

305 5811 402 5865 τοῦ
433 5811 570 5866 Θεοῦ
598 5813 666 5867 δι’
704 5812 1046 5880 ἐπιστροφῆς
1068 5813 1162 5865 καὶ
1194 5811 1432 5880 άληθόῦς
1463 5812 1754 5882 μετανοίας
1776 5827 1788 5841 ⁸
1810 5809 1878 5856 δι’

1966 4622 2161 4694 capitis
2187 4620 2316 4676 illud
2345 4618 2623 4674 sudarium
2651 4635 2665 4672 :
2689 4625 3083 4686 ostentansque
3109 4618 3306 4688 ipsmn,
3338 4634 3401 4674 ac
3419 4635 3541 4690 qua:
3639 4669 3646 4680 ,

1965 4712 2192 4768 vidisset
2223 4712 2278 4765 in
2309 4710 2535 4774 somnis,
2569 4723 2797 4778 quaeque
2833 4708 3046 4762 discere
3091 4708 3371 4776 potuisset,
3414 4726 3540 4764 nar-

1967 4819 2139 4860 rans:
2178 4822 2197 4856 ι
2235 4802 2488 4866 Gratias,
2551 4801 2757 4869 inquit,
2820 4800 3159 4867 pientissime
3219 4800 3548 4868 imperator,

1968 4909 2193 4966 agamus
2240 4896 2383 4959 Deo,
2425 4893 2569 4962 quod
2611 4891 2876 4945 latronem
2926 4892 3226 4955 audientes,
3263 4907 3293 4945 a
3331 4892 3541 4947 caelesti

1971 4986 2120 5058 Rege
2164 4986 2218 5040 in
2249 4999 2413 5041 cruce
2444 4999 2541 5052 per
2577 4985 2975 5040 confessionem
3021 4991 3371 5036 consecutum
3403 4985 3546 5037 salu-

1973 5089 2118 5143 tem;
2142 5077 2306 5131 alium
2331 5074 2689 5131 nihilominus
2717 5075 3009 5139 latronem,
3030 5077 3136 5127 tuis
3160 5076 3318 5128 modo
3343 5075 3543 5129 terreni

1974 5170 2317 5240 imperatoris
2371 5168 2725 5237 temporibus,
2787 5168 2980 5237 aequali
3026 5165 3269 5221 exhibita
3324 5167 3542 5220 confes-

1973 5262 2126 5317 sione
2155 5276 2220 5316 ac
2248 5261 2584 5332 poenitentia,
2634 5259 2860 5313 salutem
2901 5258 3032 5313 item
3070 5260 3321 5327 adeptum
3359 5259 3542 5313 videav

1978 5364 2122 5404 Inus.
2159 5368 2178 5401 ι

2051 5440 2258 5495 Nedum
2312 5441 2448 5503 haec,
2487 5438 2822 5503 charissimi,
2869 5438 3189 5507 simpliciter
3238 5442 3545 5507 audiamus,

1980 5547 2169 5586 verum
2226 5531 2386 5585 etiam
2436 5543 2562 5583 vera
2619 5544 2742 5585 esse
2792 5529 3112 5593 credamus;
3165 5531 3408 5598 quinimo
3456 5548 3548 5586 ne-

1982 5625 2108 5678 dum
2142 5623 2441 5686 audiamus,
2501 5637 2686 5677 verum
2737 5624 2900 5677 etiam
2954 5632 3183 5685 mature,
3236 5624 3548 5692 priusquam

1985 5717 2107 5769 linis
2162 5715 2343 5778 instet,
2402 5729 2788 5782 praeparentur,
2863 5725 3304 5783 praeoccupautes
3356 5714 3560 5769 faciem-

1985 5805 2198 5860 Domini
2240 5819 2335 5875 per
2369 5805 2773 5880 conversionem
2810 5819 2869 5862 ac
2913 5819 3094 5861 veram
3143 5807 3552 5878 paenitentiam:
