3820 6562
498 367 642 436 1143

499 498 597 553 per
622 478 1018 537 confessionem
1054 493 1083 533 a
1113 478 1350 535 contrito
1401 477 1701 550 profectam
1743 482 1938 548 corde;
1979 494 2075 550 per
2103 488 2150 545 Α

501 562 731 643 gemitus
756 589 823 629 ex
844 573 953 628 imo
966 571 1264 628 submissos
1283 588 1298 638 ;
1319 585 1414 641 per
1437 570 1710 643 lacrymas
1733 571 1936 642 jngiter
1963 587 2077 627 ma-

503 677 697 722 nantes
729 664 799 720 ab
828 664 1031 729 oculis;
1066 678 1161 732 per
1189 661 1591 734 eleemosynam
1621 661 1769 733 large
1796 663 1848 717 in
1878 677 2081 733 paupe-

503 774 591 813 res
632 773 754 813 cum
797 756 1000 826 pietate
1045 753 1377 821 exbibitam;
1425 769 1525 824 per
1571 754 1735 808 vitam
1782 753 2079 809 virtutibus

503 860 773 914 ornatam,
804 847 1224 917 religiosamque
1259 857 1323 899 ac
1356 855 1671 899 accuratam
1711 845 2080 899 conversatio-

503 956 650 994 nem.
703 939 893 1007 Opera:
943 938 1085 991 enim
1143 938 1373 1007 pretium
1428 947 1534 1000 est,
1584 946 1641 989 ut
1693 950 2077 1005 praeparentur,

502 1030 979 1098 necessariumque
1006 1027 1072 1083 ad
1100 1027 1229 1081 illud
1260 1027 1364 1081 iter
1397 1035 1761 1083 commeatum
1797 1039 2079 1095 compare-

505 1137 658 1189 mus;
706 1137 805 1176 nec
853 1121 1101 1176 dicamus
1134 1119 1248 1174 fore
1277 1127 1334 1173 ut
1364 1127 1492 1173 tunc
1539 1118 1920 1187 paenitentiam
1953 1131 2081 1188 aga-

505 1228 651 1278 mus,
698 1227 821 1267 cum
876 1213 944 1267 ab
1001 1211 1103 1267 hac
1159 1211 1268 1265 vita
1336 1211 1675 1281 migrandum
1736 1209 2077 1264 habebimus.

502 1305 712 1374 Quippe
754 1304 1018 1358 incertum
1076 1311 1161 1357 est
1206 1318 1333 1357 num
1367 1302 1451 1358 vel
1503 1316 1760 1372 suprema
1813 1303 1976 1357 verba
2011 1301 2079 1357 ad

503 1395 833 1451 domesticos
863 1394 1010 1464 loqui
1044 1394 1372 1465 poterimus,
1424 1393 1660 1449 celerius
1710 1392 1956 1462 rapiente
1987 1391 2080 1462 qui

504 1485 793 1557 compellat
842 1487 1080 1539 animam
1115 1499 1147 1541 e
1173 1500 1404 1555 corpore
1449 1485 1654 1556 egredi.
1694 1483 1864 1549 Quam
1903 1483 2080 1552 multi,

505 1588 684 1645 putas,
732 1578 799 1633 de
833 1586 1055 1646 repente
1094 1576 1328 1646 abrepti,
1385 1591 1486 1631 nec
1534 1576 1807 1646 lacrymas
1853 1574 2082 1630 fundere

506 1678 822 1737 potuerunt,
856 1682 953 1723 nec
986 1668 1052 1722 de
1089 1667 1251 1722 rebus
1284 1667 1520 1738 propriis
1562 1674 1891 1721 testamento
1924 1666 2082 1735 quid-

504 1777 665 1829 quam
692 1759 973 1815 statuere?
996 1758 1128 1825 Quis
1159 1774 1285 1814 vero
1311 1759 1626 1829 spepondit,
1659 1766 1754 1810 aut
1785 1757 2074 1812 certiorem

507 1854 657 1916 fecit,
691 1853 805 1906 fore
843 1862 899 1907 ut
924 1852 1146 1907 omnino
1178 1860 1305 1905 tunc
1339 1851 1614 1920 paenitens
1644 1850 1855 1904 veniam
1889 1863 2078 1903 conse-
2111 1830 2155 1885 Β

506 1944 733 2010 quaris?
765 1954 892 1997 utve
936 1943 1150 2011 qualem
1188 1942 1327 1997 latro
1369 1942 1748 2013 pteniteutiam
1800 1940 2081 2005 exhibeas,

510 2048 793 2105 tamasque
839 2034 1109 2104 laerymas
1161 2034 1213 2088 in
1253 2042 1503 2104 promptu
1559 2032 1783 2097 habeas,
1853 2040 2085 2101 quantas

507 2127 705 2182 obtulit
732 2125 861 2180 ille?
891 2125 1069 2191 Quare
1102 2140 1168 2179 ne
1198 2133 1442 2178 coactam
1501 2122 1771 2193 ejusmodi
1819 2123 2084 2191 poeniten-

512 2218 660 2284 tiam,
718 2231 838 2285 qua:
888 2216 942 2270 in
980 2224 1152 2270 morte
1198 2226 1304 2280 est,
1362 2225 1766 2283 exspectemus,
1818 2216 2084 2269 incertum

507 2309 650 2361 enim
684 2316 788 2372 est,
831 2322 957 2361 num
989 2316 1042 2360 et
1071 2306 1189 2377 ejus
1231 2308 1404 2363 simus
1434 2306 1602 2360 futuri
1650 2307 1889 2375 domini;
1922 2309 2084 2379 quin-

515 2401 648 2465 imo,
696 2399 939 2469 quandiu
975 2398 1083 2451 vita
1132 2408 1372 2471 superat,
1423 2397 1659 2467 quandiu
1692 2398 1926 2454 stadium
1966 2414 2089 2471 pro-

510 2491 743 2560 positum
791 2499 877 2545 est
915 2489 1152 2559 quandiu
1188 2491 1365 2544 adhuc
1408 2489 1537 2544 licet
1571 2492 1782 2556 vivere,
1845 2492 2085 2562 quandiu

514 2584 738 2638 necdum
794 2582 1059 2638 abscissio
1114 2581 1381 2649 imminet,
1453 2592 1669 2638 mature
1718 2582 1985 2651 Judicem,
2032 2586 2085 2640 in

513 2692 675 2746 quem
709 2676 850 2731 nulla
880 2692 1233 2747 personarum
1270 2677 1517 2746 acceptio
1550 2678 1731 2743 cadat,
1767 2677 2082 2748 placemus:

513 2776 571 2821 ut
599 2779 653 2824 et
689 2768 799 2822 vita
834 2768 957 2832 hac,
991 2768 1109 2835 ejus
1137 2770 1189 2823 in
1218 2784 1315 2824 nos
1343 2784 1500 2838 opem
1535 2771 1895 2834 attrahamus,
1926 2772 2088 2841 inque

512 2860 719 2925 futura,
774 2860 968 2915 blande
1015 2861 1069 2914 in
1120 2874 1218 2914 nos
1280 2863 1579 2917 intuentem
1626 2861 1986 2929 inveniamus,
2024 2879 2088 2919 ac

515 2954 903 3024 repromissum
952 2969 1175 3022 regnum
1210 2968 1331 3008 cum
1381 2955 1589 3011 sanctis
1643 2955 1893 3011 erunibus
1935 2955 2090 3012 nobis

515 3045 835 3115 largientem
870 3062 884 3099 :
913 3045 1111 3114 quippe
1156 3058 1318 3115 quem
1374 3045 1565 3102 deceat
1610 3046 1803 3117 gloria,
1834 3062 1938 3102 una
1967 3064 2087 3104 cum

513 3138 679 3193 Patre
709 3151 773 3192 ac
815 3136 1024 3207 Spiritu
1070 3148 1287 3205 sancto,
1314 3138 1367 3193 iu
1405 3139 1611 3195 infinita
1641 3140 1963 3196 saeculorum
1990 3156 2091 3197 sa:-
2116 3160 2160 3219 α

515 3230 658 3286 cuia.
685 3230 879 3286 Amen.

1702 372 1763 432 S.
1803 371 1904 434 AN
1908 370 2202 433 ASTASII
2240 370 2567 434 SINAITE

2178 481 2627 553 ἐξομολογήσεως
2654 480 2765 538 ἀπὸ
2808 482 3277 556 συντετριμμένης
3306 482 3534 555 καρδίας
3569 503 3698 541 κατε-

2185 572 2626 644 σκευαζομένης·
2662 574 2753 630 διὰ
2796 576 3120 647 στεναγμῶν
3157 577 3225 630 ἐκ
3273 574 3472 646 βάθους
3498 576 3700 651 dum.

2183 662 2436 733 πομένων
2456 681 2468 695 ·
2501 663 2594 718 διὰ
2624 661 2879 735 δακρύων
2910 664 2973 731 ἐξ
3003 664 3306 738 ὀφθαλμῶν
3330 666 3566 729 ἁεννάως
3604 686 3703 739 περ·

2181 754 2463 822 Χεομένων
2487 771 2500 783 ⁸
2533 754 2601 809 δι’
2629 754 3005 827 ἐλεημοσύνης
3033 755 3175 826 μετὰ
3215 755 3497 826 δαψιλείας
3528 758 3610 810 σὺν
3634 759 3699 811 εὖ·

2182 844 2373 917 σεϐείᾳ
2401 846 2539 917 πρὸς
2580 848 2710 911 τοὺς
2736 848 2979 918 πένητας
3008 847 3501 918 ἐπιδεικνυμένης·
3553 848 3612 902 δι’
3639 852 3701 902 ὲν-

2180 937 2375 1008 αρέτου
2405 937 2551 1010 ζωῆς
2579 938 2673 993 καὶ
2708 939 2988 1003 πολιτείας
3018 938 3305 1010 θεοφιλοῦς
3332 939 3426 993 καὶ
3456 938 3562 1011 βίου
3583 940 3705 1011 ἠκρι-

2180 1029 2455 1101 6ωμένου.
2482 1031 2664 1086 Καλόν
2689 1032 2800 1102 γὰρ
2823 1035 2884 1087 τὸ
2910 1031 3464 1103 προευτρεπίξεσθαι,
3487 1032 3574 1085 καὶ
3609 1048 3708 1102 προ-

2181 1135 2293 1172 ετοι
2301 1121 2438 1190 μάζε
2450 1139 2497 1174 ιν
2518 1122 2587 1175 τὰ
2607 1126 2705 1192 τῆς
2729 1122 2983 1177 ἐντεῦθεν
3007 1122 3319 1194 ἀποδημίας
3339 1121 3543 1192 ὲφόδια’
3561 1123 3635 1176 καὶ
3655 1124 3710 1194 μὴ

2179 1207 2429 1281 λέγωμεν
2451 1211 2533 1265 ὅτι
2561 1212 2683 1265 τότε
2722 1214 3155 1284 μετανοήσομεν,
3184 1213 3276 1267 ὅτε
3320 1211 3584 1283 μέλλομεν
3608 1214 3709 1279 terg.

2180 1318 2269 1356 ναι
2301 1301 2397 1355 τοῦ
2452 1301 2595 1372 βίου.
2640 1304 2875 1374 Ἀδηλον
2920 1305 3030 1375 γὰρ
3072 1307 3123 1359 εί
3155 1305 3298 1378 πρὸς
3351 1305 3482 1368 τοὺς
3525 1305 3708 1368 οἰκείους

2180 1393 2342 1465 ἡμῶν
2390 1396 2495 1450 κᾶν
2534 1396 2603 1450 τὰ
2643 1398 2934 1452 τελευταῖα
2975 1399 3277 1469 ίσχύσομεν
3325 1396 3710 1465 ἐπιφθέγξασθαι

2186 1489 2410 1558 ῥήματα
2460 1490 2565 1543 ὑπὸ
2607 1491 2701 1544 τοῦ
2757 1492 3187 1561 κατεπείγοντος
3245 1490 3707 1563 προαρπαξόμενοι.

2184 1579 2371 1644 Πόσοι,
2394 1581 2515 1634 είπέ
2538 1599 2652 1654 μοι,
2672 1582 2933 1655 ἐξαίφνης
2956 1584 3241 1653 γεγονότες
3261 1582 3709 1653 ἀνάρπαστοῳζστε

2181 1668 2471 1740 δακρῦσαι,
2507 1671 2632 1726 οὔτε
2668 1672 2954 1728 διαθέσθαι
2989 1691 3041 1727 τι
3080 1672 3191 1727 τῶν
3221 1672 3350 1726 καθ’
3391 1671 3601 1734 ἑαυτοὺς
3622 1672 3711 1741 ἡδυ-

2182 1764 2452 1835 νήθησαν;
2508 1764 2605 1827 Τίς
2656 1763 2714 1816 δὲ
2752 1764 2847 1817 καὶ
2892 1762 3282 1834 ἐγγυώμενος,
3327 1763 3364 1833 ἣ
3399 1762 3711 1833 sesama:

2183 1854 2321 1917 ὅλως
2356 1855 2476 1907 τότε
2509 1854 2857 1924 μετανοήσας
2901 1854 3353 1926 συγχωρηθήσῃ;
3386 1853 3420 1923 ἢ
3443 1853 3538 1923 τὴν
3562 1854 3711 1921 ὁμοίαν

2183 1942 2263 2013 τῷ
2305 1943 2475 2015 λῃστῇ
2515 1944 2807 2013 μετάνοιαν
2847 1942 3126 2016 ἐπιδείξῃ,
3176 1942 3210 2013 ἢ
3254 1942 3499 1998 τοσαῦτα
3546 1943 3711 2010 δάκρυε

2184 2033 2326 2099 ἕξεις
2350 2035 2484 2095 ,ὅσα
2509 2035 2720 2098 ἐκεῖνος
2749 2036 3106 2106 προσήγαγε;
3137 2034 3230 2088 Διὸ
3261 2034 3344 2106 μὴ
3376 2032 3712 2105 περιμένωμεν

2184 2126 2281 2198 τὴν
2332 2128 2390 2179 ὲν
2434 2126 2511 2197 τῷ
2565 2126 2783 2197 θανάτῳ
2835 2126 3377 2197 κατηναγκασμένην
3435 2125 3707 2195 μετάνοιαν·

2186 2217 2380 2290 ἄδηλον
2427 2219 2538 2288 γὰρ
2566 2219 2615 2271 εἰ
2648 2222 2745 2272 καὶ
2774 2218 2876 2289 τῆς
2923 2218 3183 2289 τοιαύτης
3216 2217 3513 2289 γενώμεθα
3542 2217 3706 2287 κύριοι·

2186 2307 2303 2361 ἀλλ’
2335 2308 2440 2371 ἕως
2465 2309 2493 2360 ὁ
2524 2307 2639 2377 βίος
2663 2307 2802 2371 ἔστι,
2831 2308 2937 2372 ἕως
2964 2308 3024 2362 τὸ
3062 2308 3275 2362 στάδιον
3317 2307 3612 2379 πρόκειται,
3637 2308 3711 2368 ἕως

2187 2400 2268 2455 ἔτι
2293 2399 2354 2453 τὺ
2385 2402 2484 2472 ζῇν
2522 2400 2741 2470 ἔχομεν,
2784 2400 2894 2465 ἕως
2935 2401 3035 2454 οὐκ
3062 2400 3356 2470 ἐφίσταται
3389 2400 3423 2469 ἡ
3448 2398 3598 2469 τομὴ,
3618 2414 3713 2467 προ-

2190 2495 2487 2565 φθάσωμεν
2519 2494 2894 2565 ὲξιλεούμενοι
2917 2493 3009 2547 τὸν
3039 2492 3545 2563 ἀπροσωπόληπτον
3569 2492 3674 2541 Anu:
3692 2516 3707 2529 -

2188 2589 2323 2655 στήν
2344 2606 2358 2620 ·
2394 2588 2483 2642 ἵνα
2526 2586 2624 2641 καὶ
2652 2584 2893 2641 ἐνταῦθα
2926 2586 3029 2655 τὴν
3058 2585 3191 2656 παρ’
3226 2582 3404 2637 αὑτοῦ
3454 2581 3609 2653 ῥοπὴν
3630 2583 3713 2633 ἑπι-

2189 2680 2549 2751 σπασώμεθα,
2573 2681 2671 2735 καὶ
2700 2680 2846 2735 κατὰ
2864 2678 2963 2751 τὴν
2992 2679 3295 2751 μέλλουσαν
3325 2676 3713 2750 ζωὴν,εὔρειμεν

2187 2774 2350 2828 αὐτὸν
2383 2773 2613 2844 εὐμενὲς
2645 2775 2781 2844 ἡμῖν
2807 2772 3197 2835 ὲπιϐλέποντα,
3236 2772 3335 2824 καὶ
3357 2771 3461 2840 τῆς
3493 2766 3711 2838 ἐπηγγελ-

2191 2865 2361 2935 μένης
2427 2863 2709 2934 βασιλείας
2773 2862 3139 2930 καταξιοῦντα
3190 2862 3334 2932 μετὰ
3389 2860 3595 2914 πάντων
3636 2857 3711 2911 τῶν

2188 2956 2394 3024 ἁγίωψ
2439 2958 2523 3011 ὅτι
2578 2956 2729 3027 αὐτῷ
2777 2956 2982 3028 πρέπει
3036 2956 3071 3027 ὴ
3102 2954 3230 3020 δόξα
3259 2995 3275 3018 ,
3320 2954 3448 3024 ἅμα
3474 2952 3546 3024 τῷ
3579 2951 3713 3020 Πατρὶ

2190 3048 2286 3100 καὶ
2311 3046 2390 3118 τῷ
2417 3047 2557 3118 ἁγίῳ
2584 3047 2866 3117 Πνεύματι
2883 3088 2900 3114 ,
2934 3049 3015 3113 είς
3051 3048 3179 3111 τοὺς
3207 3047 3589 3115 summa»;
3613 3041 3710 3097 αὶὼ-

2192 3153 2291 3200 νας
2319 3137 2426 3191 τῶν
2448 3138 2684 3193 αἰώνων.
2731 3138 2922 3208 Ἀμήν.

1026 3582 1718 3673 ΑΝΑΣΤΑΣΙΟΥ
1792 3579 2498 3670 ΠΑΤΡΙΑΡΧΟΥ
2572 3579 3243 3668 ΑΝΤΙΟΧΕΙΑΣ

1658 3763 1751 3817 ΕΚ
1789 3761 1927 3817 'ror
1963 3760 2123 3816 KAT'
2160 3759 2439 3817 EIKONA
2472 3758 2573 3832 (t).

987 4089 1596 4182 ANASTASII
1678 4089 2467 4180 PATRIARCHAE
2540 4085 3292 4181 ANTIOCHENI

1184 4281 1227 4337 E
1261 4279 1587 4339 SERMONE
1629 4298 1641 4335 :
1690 4276 2097 4335 SECUNDUM
2138 4276 2556 4343 lMAGlNEH,
2598 4274 3101 4334 FRAGMENTUM.

1407 4439 1553 4499 (Asc.
1592 4437 1706 4499 MAI,
1734 4435 1918 4499 Script.
1957 4436 2117 4485 Veter.
2144 4436 2274 4484 Nov.
2304 4432 2548 4493 Collectio,
2576 4441 2611 4483 t.
2645 4433 2726 4494 1X,
2747 4433 2881 4493 619.)

591 4744 711 4802 Non
759 4755 921 4797 unam
971 4748 1184 4797 tantum
1239 4737 1528 4809 imaginem
1581 4750 1645 4794 a‘c
1687 4736 2094 4792 similitudinem

2272 4737 2350 4792 Οὐ
2401 4736 2537 4808 μίαν
2588 4736 2713 4790 τινὰ
2774 4737 2957 4790 εἰκόνα
3022 4738 3117 4792 καὶ
3164 4737 3422 4808 ὁμοίωαιν
3453 4736 3688 4803 κέκτηται.

521 4850 538 4907 t
564 4838 682 4909 Dei)
719 4837 771 4891 in
802 4850 863 4892 se
892 4835 1052 4891 habet
1079 4832 1341 4905 (homo),
1390 4833 1485 4888 sed
1514 4840 1570 4888 et
1597 4831 1821 4886 alteram
1850 4846 2086 4900 quoque,

521 4940 578 4983 ιιι
626 4928 874 4996 tertiam,
922 4936 976 4984 et
1014 4934 1296 4996 quartam,
1340 4924 1517 4979 adhuc
1541 4932 1594 4978 et
1618 4923 1860 4993 quintam
1901 4941 1917 4978 :
1958 4923 2010 4976 in
2035 4937 2095 4978 se

524 5019 754 5085 scilicet,
810 5006 959 5072 velut
1010 5018 1065 5071 in
1115 5015 1337 5088 speculo
1380 5017 1613 5084 quodam
1653 5023 1747 5068 aut
1776 5014 1830 5067 in
1860 5014 2092 5083 pictura,

527 5123 632 5160 non
665 5106 884 5174 quidem
918 5106 1129 5177 typica,
1161 5105 1256 5161 sed
1288 5105 1556 5171 naturali,
1610 5105 1763 5158 trinae
1791 5103 2095 5160 Divinitatis

525 5196 843 5268 mysterium
875 5206 1308 5268 repraesentans;
1363 5212 1541 5267 neque
1584 5195 1714 5253 illud
1749 5195 1953 5260 solum,
1998 5197 2095 5251 sed

523 5292 686 5344 etiam
730 5289 890 5346 unius
921 5302 953 5343 e
980 5299 1165 5345 sancta
1196 5287 1465 5345 Trinitate
1495 5289 1919 5345 incarnationem
1952 5287 2095 5344 dilu-

2199 4830 2335 4885 ἀλλὰ
2370 4831 2467 4884 καὶ
2499 4830 2783 4900 δευτέραν,
2832 4830 2927 4884 καὶ
2962 4830 3178 4902 τρίτην,
3220 4830 3314 4884 καὶ
3339 4830 3596 4899 τετάρτην,
3626 4822 3689 4875 nl

2194 4924 2490 4994 πέμπτην·
2546 4922 2890 4990 ὲξεικονίζων
2936 4921 3126 4995 ῶσπερ
3157 4924 3215 4977 ὲν
3256 4923 3497 4991 ἐσόπτρῳ
3522 4916 3609 4971 τινὶ
3626 4911 3689 4965 καὶ

2196 5012 2543 5085 σκιαγραφίᾳ
2574 5014 2809 5084 φυσικῇ,
2837 5013 2900 5065 οὐ
2935 5014 3167 5083 τυπικῇ,
3202 5013 3307 5082 τῆς
3328 5003 3685 5082 τρισυποστάτου

2192 5105 2456 5177 Θεότητος
2495 5105 2557 5159 τὸ
2608 5105 2906 5177 μυστήριον
2930 5122 2945 5136 -
3000 5106 3062 5157 οὐ
3110 5105 3295 5175 μόνον,
3343 5103 3470 5158 ἀλλὰ
3513 5099 3589 5153 καὶ
3618 5093 3687 5161 τὴν

2194 5196 2608 5270 ἐνανθρὼπησιν
2653 5195 2748 5249 τοῦ
2799 5196 2921 5259 ἐνὸς
2964 5196 3066 5267 τῆς
3129 5196 3303 5267 αὐτῆς
3352 5192 3554 5265 Τριάδος
3590 5181 3684 5239 Cie-3

2194 5290 2371 5360 Λόγου
2394 5328 2410 5355 ,
2445 5288 2633 5359 σαφῶς
2656 5288 3084 5360 προδιαγράφων
3109 5304 3123 5318 ·
3147 5287 3243 5342 καὶ
3268 5288 3403 5358 τάχα
3422 5285 3528 5339 κατ’
3551 5276 3686 5334 εἰκόνα

2036 5444 2271 5502 NOTAE.

596 5585 673 5655 (ι)
712 5584 1013 5655 Gulielmus
1051 5583 1262 5640 Caveus
1300 5584 1353 5655 in
1374 5583 1516 5639 Hist.
1549 5587 1657 5641 litt.
1683 5590 1768 5641 tit.
1797 5587 2095 5653 Anastasii,

523 5653 818 5713 itas—cribit
842 5673 857 5711 :
879 5675 897 5708 ί
930 5653 1078 5711 Inter
1106 5654 1321 5709 codices
1344 5654 1711 5711 Baroccianos
1742 5659 1793 5711 in
1831 5658 2083 5713 biblioth.

523 5727 838 5793 Bodleiano,
859 5727 982 5783 cod.
1014 5725 1140 5790 197,
1170 5724 1261 5779 fol.
1281 5726 1412 5790 265,
1444 5724 1674 5781 habetur
1692 5725 1888 5783 Sermo
1912 5732 2090 5783 Anas-

525 5798 648 5855 tasii
693 5797 1017 5870 patriarchae
1061 5797 1389 5854 Autiochcni
1426 5797 1564 5867 napi.
1596 5797 1688 5852 τοῦ
1738 5798 1858 5852 κατ’
1886 5800 2092 5864 εἰκόνα,

2205 5586 2257 5641 id
2277 5593 2380 5650 est,
2405 5594 2464 5639 ut
2488 5584 2748 5647 arbitror,
2770 5580 2845 5636 De
2868 5581 2961 5636 illo
2984 5598 2997 5635 :
3028 5580 3180 5645 Quod
3210 5580 3361 5633 homo
3380 5576 3443 5650 ad
3467 5573 3679 5650 ignotuml

2199 5658 2295 5711 Dei
2325 5644 2566 5710 conditus
2586 5655 2676 5709 sit.
2713 5644 2906 5722 Incipit
2946 5644 3110 5706 Ἀλλά
3155 5667 3219 5719 γε
3245 5650 3327 5722 δεῖ
3349 5648 3431 5700 ἐπὶ
3452 5644 3531 5722 Ξὺ,
3555 5647 3675 5722 etc.)

2204 5727 2378 5797 Hujus
2413 5710 2869 5797 ergosermonis',
2908 5737 3003 5779 seu
3033 5710 3319 5797 Opusculi,
3347 5731 3434 5772 nos
3452 5710 3675 5780 Fragmeﬂ'

2204 5791 2315 5855 tum
2346 5812 2413 5854 ex
2441 5791 2702 5879 Vaticano
2732 5793 2921 5852 codice
2952 5808 3098 5852 nunc
3126 5791 3468 5862 divulgamus.
