4080 6522
409 350 547 418 1145

400 554 665 625 ὁμοίωσιν
693 553 750 607 δὲ
784 554 883 624 τῆς
908 552 1003 608 τοῦ
1043 554 1217 623 Λόγου
1246 552 1608 625 σαρκώσεως,
1640 550 1702 604 τὸ
1728 550 1981 603 σύνθετον

404 645 563 716 ⁴ημῶν
596 646 697 716 τῆς
725 644 907 715 ψυχῆς
936 645 1031 699 καὶ
1058 644 1153 700 τοῦ
1183 644 1461 715 σώματος.
1485 644 1705 699 Μᾶλλον
1730 644 1789 698 δὲ
1814 644 1979 698 πάλιν

402 740 493 792 ἐπ’
517 738 689 809 αὐτὴν
714 738 809 793 τοῦ
832 738 992 807 λόγου
1033 738 1134 810 τὴν
1161 738 1335 811 ἀρχὴν
1362 737 1773 812 ἀναδράμωμεν
1796 752 1809 766 ·
1835 737 1979 789 ἐκεῖ·

405 827 498 880 θεν
532 826 726 897 ῶσπερ
761 825 824 880 ἐκ
866 844 1013 891 τινος
1055 828 1237 899 πηγῆς
1272 827 1493 898 πρῶτον
1525 824 1818 896 ζητοῦντες
1841 866 1856 891 ,
1896 824 1978 890 τὸ,

404 921 458 973 τί
502 920 701 991 δήποτε
753 920 830 991 μὴ
868 920 992 973 καθ’
1021 920 1317 990 ὁμοιότητα
1341 919 1449 972 τῶν
1492 918 1697 972 λοιπῶν
1722 916 1979 986 λογικῶν,

406 1010 576 1081 ηγουν
604 1009 714 1062 τῶν
738 1008 1009 1078 ἀγγέλων,
1043 1009 1076 1079 ἢ
1111 1008 1276 1063 πάλιν
1312 1008 1432 1063 κατ’
1468 1007 1695 1079 ἰσότητα
1728 1007 1839 1061 τῶν
1880 1008 1981 1078 ὲμ-

404 1100 592 1172 ψύχων
644 1098 799 1165 ζώων
850 1101 1228 1173 ὁμοιοτρόπως
1277 1100 1378 1165 τὰς
1417 1099 1838 1173 προπατορικάς
1887 1098 1983 1152 καί⁵

408 1191 715 1264 κορυφαίας
758 1191 919 1263 ἡμῶν
970 1193 999 1245 6
1049 1192 1182 1255 Θεὸς
1229 1192 1597 1258 ὑποστάσεις,
1647 1189 1741 1245 τοῦ
1787 1190 1980 1261 Ἀδὰμ,

408 1282 583 1352 λέγω,
607 1284 825 1353 καὶτῆς
854 1282 1022 1350 Εὔας,
1066 1285 1159 1338 καὶ
1193 1282 1289 1337 τοῦ
1322 1283 1678 1355 προελθόντος
1712 1281 1771 1347 ἐξ
1800 1281 1983 1336 αὐτῶν

408 1375 561 1438 υίοῦ,
603 1374 943 1446 πεποίηκεν·
1005 1375 1150 1429 ἀλλά
1188 1374 1276 1429 τὸν
1312 1375 1409 1447 μὲν
1471 1374 1644 1445 ’Λδέιμ
1667 1414 1681 1438 ,
1716 1371 1983 1436 ἀναιτίως

407 1468 501 1520 καὶ
555 1467 868 1539 ἀγεννήτως
908 1466 1185 1540 ὑπέστησε
1212 1484 1226 1498 ·
1262 1468 1356 1519 τὸν
1401 1466 1459 1519 δὲ
1506 1466 1758 1537 δεύτερον
1813 1463 1981 1519 αὑτοῦ

407 1560 731 1631 ἄνθρωπον,
762 1564 857 1617 τὸν
896 1564 1035 1631 υίὸν,
1081 1563 1343 1633 γεννητόν
1365 1577 1378 1592 ·
1410 1562 1511 1635 τὴν
1550 1563 1609 1617 δὲ
1645 1561 1786 1615 Εὔαν
1807 1602 1822 1627 ,
1855 1560 1982 1615 οὔτε

406 1652 704 1721 γεννητῶς,
734 1653 859 1707 οὔτε
886 1653 1049 1708 πάλιν
1090 1654 1382 1717 ἀναιτίως.
1424 1652 1562 1706 ἀλλὰ
1599 1652 1825 1723 ληπτῶς
1858 1652 1983 1723 ἢτοι

1367 349 1452 412 IN
1489 349 1728 411 ILLUD
1770 362 1783 399 ε
1828 347 2242 409 SECUNDUM
2281 347 2694 412 IMAGINEM.

408 462 509 533 μέν
534 462 653 514 ἐστι
680 458 864 533 γυμνὴ
896 459 930 533 ἠ
957 458 1126 532 ψυχὴ,
1153 457 1255 531 τῆς
1281 460 1499 531 γυμνῆς
1524 459 1779 530 θεότητος
1804 474 1817 488 ·
1852 458 1974 512 καθ’

2086 459 2204 513 cide
2261 458 2479 528 prmlign
2491 474 2615 514 rans
2668 476 2682 514 :

3515 353 3651 421 1146

2734 456 2913 513 forsan
2966 466 3144 516 autem
3198 462 3378 519 anima
3424 470 3651 523 scorsim

2081 558 2295 619 sumpta
2344 560 2427 606 est
2474 552 2543 605 ad
2584 550 2878 620 imaginem
2911 565 3073 606 merae
3100 552 3444 622 Divinitatis,
3481 568 3650 615 totum

2081 654 2212 696 vero
2266 657 2335 696 ex
2383 642 2567 696 anima
2616 651 2802 698 nostra
2852 653 2909 699 et
2947 659 3177 715 corpore
3210 651 3542 711 coalescens.
3583 653 3652 707 ad

2081 730 2485 785 similitudinem
2515 729 2674 785 Verbi
2700 733 2865 789 divini
2894 734 3303 794 incarnationis.
3342 738 3445 793 Sed
3476 742 3655 810 potius

2083 823 2149 877 ad
2199 823 2466 878 sermonis
2515 823 2842 893 principium
2893 836 3269 895 revertamur,
3320 831 3465 895 inde,
3497 836 3652 903 quasi

2083 927 2148 965 ex
2180 910 2330 967 fonte
2356 912 2612 981 quodam,
2642 916 2876 980 primum
2902 914 3237 984 inquirentes
3261 934 3429 989 quare
3457 937 3561 976 non
3586 924 3654 978 ad

2083 1004 2492 1058 similitudinem
2527 1015 2845 1060 cmterorum
2875 1007 3237 1076 spiritualium
3269 1012 3505 1079 entium,
3558 1029 3655 1070 seu

2084 1095 2433 1166 angelorum,
2485 1097 2566 1152 vel
2599 1097 2762 1152 etiam
2816 1100 2884 1153 ad
2938 1099 3110 1155 instar
3179 1102 3493 1160 animalium
3541 1108 3655 1178 pri-

2085 1187 2285 1242 marius
2334 1189 2597 1256 majorum
2642 1199 2953 1248 .tostrorum
3006 1208 3270 1262 personas
3328 1199 3467 1255 Deus
3521 1199 3658 1255 fece-

2084 1278 2190 1343 rit,
2238 1278 2429 1334 Adami
2497 1280 2618 1334 dico
2681 1280 2932 1351 Evzeque,
2984 1292 3038 1338 et
3088 1285 3182 1339 filii
3231 1304 3298 1342 ex
3352 1290 3481 1359 ipsis
3528 1294 3655 1358 orti,

2083 1369 2178 1424 sed
2218 1371 2486 1424 Adamqu
2518 1370 2739 1441 quidem
2783 1375 2991 1443 absque
3020 1388 3245 1444 parente
3277 1390 3329 1434 et
3360 1382 3656 1453 ingenitum

2084 1460 2414 1525 condiderit,
2446 1463 2739 1517 secundum
2768 1474 2949 1519 autem
2976 1467 3045 1523 ab
3066 1482 3130 1522 eo
3156 1470 3449 1539 hominem,
3477 1474 3528 1527 id
3553 1486 3656 1540 est,

2082 1552 2201 1621 ejus
2233 1551 2401 1606 filium
2436 1555 2697 1622 genitum,
2734 1553 2900 1610 Evam
2927 1574 3056 1615 vero
3090 1576 3267 1631 neque
3290 1566 3525 1634 genitam
3560 1584 3652 1621 nc-

2083 1658 2187 1712 que
2220 1645 2534 1715 ingenitam,
2570 1648 2663 1700 sed
2696 1648 3054 1718 desumptive,
3089 1653 3204 1708 sive
3235 1671 3332 1725 per
3358 1660 3659 1725 processio-

406 1745 791 1816 ὲκπορευτῶς,
841 1747 907 1800 ἐκ
963 1749 1063 1817 τῆς
1112 1730 1304 1810 ούσίας
1349 1744 1445 1799 τοῦ
1495 1745 1747 1799 ἀναιτίου
1807 1743 1981 1814 Ἀδάμ

2087 1736 2171 1789 nis
2220 1736 2479 1801 modum,
2545 1754 2612 1791 ex
2664 1738 2831 1807 ipsius
2884 1740 3348 1823 ingeniti‘Adami
3402 1748 3657 1804 substan-

408 1814 731 1901 ἐξελθοῦσαν
774 1814 1033 1910 ἀρρήτως
1066 1838 1334 1891 οὑσίωσεν
1357 1852 1372 1867 ο
1414 1838 1511 1890 καὶ
1555 1838 1751 1908 μήπως
1776 1837 1885 1908 ἀρα
1921 1835 1977 1889 αἰ

2086 1829 2155 1883 tia
2196 1844 2472 1897 egressam
2525 1830 2873 1888 ineil‘abiliter
2919 1814 3171 1903 ﬁnxerit';
3229 1839 3355 1893 item
3387 1843 3660 1908 quomodo

405 1931 553 2000 τρεῖς
614 1924 774 1984 α’ὑται
823 1930 931 1983 τῶν
979 1930 1263 2000 προγόνων
1320 1928 1595 1997 κεφαλαὶ,
1643 1930 1825 1995 πάσης
1877 1926 1978 1995 τῆς

407 2019 830 2090 ἀνθρωπότητος
874 2022 1151 2091 όμοούσιοι
1207 2021 1573 2085 ὑποστάσεις,
1617 2018 1737 2073 κατ’
1790 2019 1979 2071 εἰκόνα

405 2112 557 2176 τινὰ,
579 2111 653 2175 ὡς
691 2114 789 2168 καὶ
829 2113 1077 2184 Μεθοδίῳ
1109 2114 1287 2177 δοκεῖ,
1317 2111 1569 2176 τυπικῶς
1610 2112 1845 2180 γέγοναν
1878 2110 1981 2178 τῆς

406 2206 571 2273 ἁγίας
604 2207 700 2258 κοιλ⁵
727 2208 1015 2276 ὁμοουσίου
1051 2207 1284 2279 Τριάδος
1310 2223 1323 2237 ·
1344 2205 1439 2258 τοῦ
1478 2206 1577 2275 μὲν
1608 2205 1856 2259 ἀναιτίου
1885 2206 1981 2259 καὶ

405 2298 710 2368 ἀγεννήτου
764 2298 959 2368 Ἀδὰμ,
1001 2298 1175 2353 τύπον
1221 2299 1316 2353 καὶ
1355 2298 1540 2351 εἰκόνα
1574 2296 1793 2367 ἔχοντος
1820 2337 1835 2362 ,
1884 2295 1979 2349 τοῦ

408 2388 654 2441 ἀναιτίου
709 2388 803 2441 καὶ
852 2390 1073 2443 πάντων
1119 2391 1294 2442 αἰτίου
1349 2387 1795 2459 παντοκράτορος
1842 2385 1979 2439 Θεοῦ

410 2480 505 2532 καὶ
540 2479 784 2551 Πατρός’
824 2479 918 2534 τοῦ
974 2481 1031 2534 δὲ
1083 2479 1347 2549 γεννητοῦ
1384 2479 1550 2535 αὑτοῦ
1606 2479 1748 2545 υίοῦ,
1797 2479 1983 2534 εἰκόνα

408 2570 908 2641 προδιαγράφοντος
942 2571 1034 2623 τοῦ
1058 2570 1319 2642 γεννητοῦ
1354 2570 1486 2624 Υἰοῦ
1522 2572 1617 2624 καὶ
1647 2570 1827 2639 Λόγου
1876 2570 1977 2624 τοῦ

409 2659 578 2713 Θεοῦ’
624 2661 724 2731 τῆς
758 2661 814 2720 δὲ
849 2661 1195 2732 ὲκπορευτῆς
1228 2660 1373 2725 Εὔας
1395 2702 1410 2726 ,
1462 2662 1841 2733 σημαινούσης
1881 2663 1982 2734 τὴν

409 2752 505 2805 τοῦ
549 2752 708 2821 ἁγίου
752 2752 1071 2824 Πνεύματος
1124 2753 1470 2824 ὲκπορευτὴν
1515 2754 1839 2808 ὑπόστασιν.
1889 2753 1985 2807 Διὸ

411 2843 531 2897 οὐδὲ
570 2844 906 2915 ἐνεφύσησεν
949 2844 1086 2916 αὐτῇ
1134 2843 1163 2897 6
1202 2844 1335 2908 Θεὸς
1365 2845 1535 2916 πνοὴν
1568 2844 1747 2914 ζωῆς,
1786 2845 1875 2899 διὰ
1922 2845 1985 2899 τὸ

409 2935 580 2989 τύπον
614 2934 788 3006 αὑτὴν
819 2933 959 2990 εἶναι
1000 2935 1103 3007 τῆς
1134 2935 1230 2989 τοῦ
1272 2935 1429 3005 ἁγίου
1460 2935 1780 3007 Πνεύματος
1812 2937 1983 3009 πνοῆς

412 3028 509 3081 καί⁵
568 3028 754 3100 ζωῆςο
816 3030 913 3084 καί
949 3029 1039 3083 διὰ
1099 3029 1162 3083 τὸ
1216 3029 1437 3100 μέλλειν
1486 3031 1657 3103 αὐτὴν
1704 3031 1775 3085 δι’
1823 3032 1982 3101 ἁγίου

411 3120 733 3193 Πνεύματος
769 3122 1027 3188 δέξασθαι
1060 3123 1193 3177 Θεὸν
1213 3164 1228 3191 ,
1262 3123 1354 3176 τὸν
1396 3123 1565 3187 ὅντως
1599 3125 1729 3178 δντα
1761 3125 1982 3180 πάντων

412 3214 584 3286 πνοὴν
612 3215 706 3268 καὶ
736 3214 903 3287 ζωήν.
944 3215 1107 3269 Ὅθεν
1140 3216 1236 3269 καὶ
1277 3214 1428 3269 ἔστιν
1472 3215 1678 3270 ἰδέσθαι
1712 3217 1810 3270 καὶ
1849 3216 1982 3271 θαυ-

415 3301 610 3372 μάσαι,
641 3304 724 3358 ὅτι
756 3306 784 3359 6
813 3306 914 3375 μὲν
938 3304 1238 3377 ἀγέννητος
1279 3304 1477 3376 Ἀδὰμ,
1499 3304 1660 3360 ἄλλον
1687 3306 1987 3379 ἀγέννητον

412 3394 447 3465 ἥ
479 3395 719 3451 ἀναίτιον
749 3397 807 3449 ἐν
837 3396 1151 3468 ἀνθρώποις
1182 3396 1284 3449 οὑκ
1325 3396 1488 3468 ἔσχεν
1516 3397 1703 3468 ὅμοιον
1730 3415 1744 3429 ’
1795 3397 1986 3470 ὥσπερ

413 3486 606 3558 οὑδὲη
639 3487 953 3560 ὲκπορευτὴ
986 3486 1135 3541 Εὑαο
1196 3487 1273 3553 ὡς
1305 3489 1468 3542 τύποι
1522 3488 1748 3561 ἀληθεῖς
1807 3492 1986 3562 ὑπάρ-

414 3595 604 3649 χοντες
642 3577 737 3632 τοῦ
766 3578 1066 3650 ἀγεννήτου
1100 3580 1338 3652 Πατρὸς,
1380 3583 1476 3635 καὶ
1502 3580 1597 3635 τοῦ
1626 3582 1784 3651 ἁγίου
1811 3583 1987 3637 Πνεύ-

418 3688 586 3740 ματος
606 3686 618 3701 ο
647 3671 675 3724 6
702 3671 759 3724 δὲ
791 3672 1051 3743 γεννητὸς
1088 3671 1215 3737 Υίὸς
1249 3672 1462 3737 πάντας
1490 3673 1831 3746 ἀνθρώπους,
1858 3692 1986 3744 γεν-

415 3763 614 3833 νητοὺς
645 3763 794 3827 υἱοὺς
825 3763 1009 3828 ὄντας,
1038 3764 1305 3834 ἀδελφοὺς
1334 3766 1539 3837 ὁμοίως
1570 3764 1729 3837 ἔσχεν
1759 3765 1837 3829 ὡς
1864 3765 1986 3821 κατ’

415 3854 603 3909 εἰκόνα
634 3858 728 3908 καὶ
758 3856 1021 3926 ὁμοίωσιν
1047 3856 1286 3927 τυπικὴν
1321 3858 1585 3928 ὑπάρχων
1614 3858 1857 3929 Χριστοῦ
1890 3858 1985 3913 τοῦ

416 3946 679 4018 γεννητοῦ
710 3946 841 4000 Υίοῦ
862 3990 877 4012 ,
911 3947 972 4012 ὃς
1009 3948 1233 4016 ἐγένετο
1266 3948 1555 4020 ἄνθρωπος
1576 3991 1591 4017 ,
1637 3951 1987 4021 πρωτότοκος

414 4040 546 4093 ἄνευ
588 4041 796 4111 σπορᾶς
831 4039 890 4093 ὲν
920 4039 1141 4104 πολλοῖς
1167 4041 1438 4111 ἀδελφοῖς.
1475 4043 1540 4096 Εἰ
1586 4042 1643 4096 δὲ
1685 4042 1762 4114 μὴ
1808 4042 1986 4108 οὑτω,

419 4132 517 4184 καὶ
553 4132 697 4186 κατά
728 4132 891 4187 τοῦτο
919 4132 982 4186 τὸ
1023 4133 1371 4187 κατ”εἰκόνα
1400 4133 1599 4201 ταῦτα,
1638 4135 1692 4188 τί
1744 4134 1807 4207 δή
1856 4150 1988 4189 ποτε

420 4224 499 4295 μὴ
527 4224 814 4291 τέσσαρες,
846 4225 940 4279 δύο
964 4225 1037 4296 ,ἢ
1072 4225 1317 4288 πλείονες
1344 4227 1670 4291 ὑποστάσεις
1706 4227 1815 4281 τῶν
1853 4244 1989 4300 προ-

418 4315 676 4386 πατόρων
702 4315 959 4385 γέγοναν,
978 4315 1450 4388 παρηλλαγμένας
1479 4316 1698 4390 ἔχουσαι
1726 4318 1824 4382 τὰς
1856 4318 1990 4371 ὑπο-

419 4407 684 4471 στατικάς
713 4408 893 4462 αὑτῶν
929 4408 1238 4479 ἰδιότητας,
1290 4409 1435 4478 λέγω
1480 4409 1547 4480 δὴ
1596 4409 1657 4462 τὸ
1694 4410 1992 4481 ἀγέννητον

2081 1917 2186 1971 illa:
2239 1928 2347 1973 tres
2405 1930 2685 1988 parentum
2736 1932 3042 1978 nostrorum
3092 1942 3357 1995 personae,
3394 1932 3659 1986 universa:

2082 2012 2409 2067 humanitati
2464 2014 2958 2070 οοιιειιιιειιιιιιῐειΙεε
2980 2058 2995 2082 ,
3055 2019 3233 2089 typice
3267 2022 3333 2075 ad
3368 2023 3657 2091 imaginem

2081 2116 2281 2160 sanctae
2334 2114 2388 2159 et
2433 2106 2918 2163 consubstantialis
2959 2109 3285 2179 Trinitatis,
3346 2124 3405 2167 ut
3439 2117 3657 2171 Metho-

2083 2194 2173 2249 dio
2201 2196 2408 2264 placet,
2456 2197 2566 2251 sint
2591 2195 2798 2253 eﬂ‘ectzr
2818 2239 2834 2264 ,
2881 2200 3090 2255 Adamo
3119 2202 3386 2273 siquidem
3420 2215 3477 2257 ut
3506 2206 3657 2275 inge»
3690 2226 3693 2229 ·

2084 2290 2222 2354 nilo,
2255 2288 2481 2358 ingeniti
2512 2300 2566 2344 et
2597 2290 2974 2347 universorum
3000 2292 3269 2360 Factoris,
3292 2294 3468 2352 Patris
3489 2299 3661 2353 omni-

2084 2382 2340 2453 potentis,
2376 2392 2559 2454 typum
2599 2394 2655 2439 et
2687 2384 2975 2454 imaginem
3006 2385 3302 2453 “referunt;
3341 2387 3452 2443 tilio
3479 2400 3658 2443 autem

2084 2472 2202 2541 ejus
2246 2473 2427 2543 genito
2453 2513 2468 2539 ,
2527 2474 2688 2529 Verbi
2731 2476 2927 2540 divini,
2966 2475 3084 2531 Filii
3121 2479 3318 2548 geniti,
3370 2482 3656 2551 imaginem

2084 2567 2499 2637 praefigurante;
2554 2568 2879 2637 procedente
2903 2584 3031 2623 vero
3062 2569 3189 2635 Eva,
3224 2566 3399 2627 sancti
3427 2574 3660 2646 Spiritus

2086 2661 2465 2730 procedentem
2502 2675 2785 2730 personam
2820 2663 3195 2733 signiﬁcante,
3250 2666 3392 2720 unde
3423 2668 3658 2722 animam

2086 2752 2215 2807 vitae
2267 2752 2409 2806 Deus
2448 2752 2502 2805 in
2535 2766 2656 2806 eam
2692 2768 2797 2806 non
2831 2754 3153 2823 lnSpiravit,
3217 2764 3275 2809 ut
3321 2766 3476 2828 typus
3505 2758 3661 2815 lieret

2087 2843 2263 2898 sancti
2317 2843 2553 2912 Spiritus
2609 2843 2702 2914 qui
2751 2845 2933 2898 anima
2979 2854 3034 2900 et
3081 2846 3191 2903 vita
3236 2857 3359 2913 est,
3422 2858 3478 2905 et
3532 2854 3658 2920 quia

2088 2950 2184 3005 per
2231 2933 2492 3004 Spiritum
2538 2946 2784 2991 sanctmu
2834 2947 2980 2993 esset
3012 2937 3179 2995 Deum
3208 2951 3515 3011 receptura,
3543 2960 3663 2998 om-

2089 3027 2238 3083 nium
2290 3042 2416 3082 vere
2468 3029 2703 3084 animam
2751 3037 2806 3083 et
2850 3030 3037 3085 vitam.
3100 3031 3181 3087 Ex
3212 3048 3320 3104 quo
3368 3035 3548 3089 videre
3577 3048 3663 3092 est

2089 3128 2144 3173 et
2171 3119 2357 3173 mirari
2391 3120 2537 3189 quod
2570 3121 2844 3191 ingenitus
2870 3120 3110 3178 Adamus
3142 3124 3346 3180 nullum
3378 3126 3519 3182 inter
3543 3142 3662 3181 om-

2087 3225 2185 3266 nes
2212 3212 2459 3267 homines
2488 3212 2594 3268 sibi
2625 3212 2883 3281 similem,
2914 3228 3007 3270 seu
3036 3214 3354 3286 ingenitum,
3386 3216 3659 3281 habuerit,

2083 3318 2257 3374 neque
2286 3306 2583 3375 procedens
2616 3306 2746 3373 Eva,
2778 3322 2846 3363 eo
2875 3309 3019 3378 quod
3044 3318 3229 3364 essent
3257 3324 3382 3365 vere
3413 3313 3519 3383 typi
3552 3311 3657 3366 Pa-

2083 3396 2186 3451 tris
2214 3396 2437 3467 ingeniti
2464 3407 2518 3451 et
2540 3397 2779 3469 Spiritus
2819 3400 3019 3464 sancti,
3052 3400 3194 3455 ﬁlius
3245 3411 3422 3456 autem
3447 3404 3659 3473 genitus

2082 3499 2273 3541 omnes
2308 3485 2557 3542 homines
2595 3488 2699 3543 sibi
2730 3489 2938 3545 similes
2960 3531 2977 3557 ,
3020 3500 3079 3545 ut
3115 3493 3361 3562 genitos,
3412 3494 3662 3550 habuerit

2083 3583 2139 3630 et
2177 3575 2409 3641 fratres,
2455 3580 2580 3647 quia
2622 3579 2688 3633 ad
2725 3564 3016 3649 imaginem
3049 3590 3102 3636 et
3131 3582 3537 3639 similitudinem
3572 3596 3655 3656 ty-

2086 3665 2263 3736 picam
2291 3675 2411 3721 erat
2433 3664 2660 3735 Christi,
2686 3667 2808 3721 Filii
2833 3669 3023 3738 geniti,
3049 3671 3138 3739 qui
3168 3670 3331 3726 homo
3356 3673 3530 3729 lactus
3552 3686 3657 3739 est,

2084 3757 2473 3828 primogenitus
2506 3758 2623 3814 sine
2656 3760 2861 3815 semine
2896 3760 2947 3816 in
2977 3761 3162 3817 multis
3188 3762 3469 3821 fratribus.
3504 3765 3659 3832 Quod

2085 3850 2131 3905 si
2164 3850 2235 3904 ita
2272 3866 2378 3905 non
2406 3858 2591 3917 esset,
2643 3866 2818 3921 neque
2855 3866 2920 3907 eo
2948 3868 3110 3909 sensu
3143 3856 3209 3909 ad
3242 3856 3529 3926 imaginem
3561 3859 3655 3913 Dei

2086 3942 2213 3998 facti
2240 3952 2422 3998 essent
2441 3952 2874 4013 protoparentes,
2892 3960 2989 3999 cur
3013 3961 3119 4000 non
3143 3958 3392 4016 quatuor,
3413 3960 3505 4003 aut
3527 3948 3665 4015 duo,

2084 4041 2178 4087 aut
2227 4033 2407 4102 plures
2452 4032 2671 4088 fuerunt
2714 4049 2997 4105 personae,
3073 4039 3388 4107 personales
3435 4040 3660 4110 singulae

2084 4134 2141 4181 et
2182 4125 2428 4180 diversas
2461 4123 2726 4180 habentes
2763 4126 3121 4196 pr0prietates
3144 4167 3160 4191 ,
3221 4128 3516 4198 ingenitum
3549 4130 3659 4184 sci-

2086 4213 2215 4269 licet
2245 4224 2299 4268 et
2328 4214 2570 4285 genitum
2599 4214 2695 4268 sed
2728 4216 3046 4285 procedens,
3068 4224 3121 4269 et
3151 4225 3258 4271 tres
3289 4220 3535 4273 tantum?
3570 4216 3661 4275 Sic

2087 4306 2140 4360 iu
2173 4306 2276 4361 hoc
2310 4305 2377 4359 ad
2411 4305 2700 4376 imaginem
2744 4314 2801 4360 et
2841 4307 3251 4363 similitudinem
3280 4309 3445 4366 habet
3476 4311 3531 4366 iu
3560 4314 3660 4367 tri-

2088 4401 2189 4456 bus
2215 4398 2461 4469 personis
2492 4400 2725 4469 typicam
2755 4398 3099 4468 Trinitatem,
3134 4402 3188 4457 in
3218 4404 3448 4460 unitate.

418 4498 595 4551 καὶτὸ
624 4498 907 4569 γεννητὸν,
936 4498 1115 4552 καὶτὸ
1148 4499 1506 4570 ὲκπορευτὸν,
1546 4500 1683 4554 ἀλλά
1733 4502 1887 4572 τρεῖς
1951 4500 2045 4553 καὶ
2087 4494 2297 4566 μόνας;
2342 4490 2551 4544 Οὐκοῦν
2600 4490 2743 4563 ἔχεις
2779 4493 2843 4546 τὸ
2890 4496 3008 4549 κατ’
3073 4495 3258 4551 εἰκόνα
3312 4496 3407 4550 καὶ
3463 4496 3662 4569 ὁμοίω·

420 4606 527 4649 σιν,
555 4587 794 4659 τυπικὴν
832 4586 1037 4658 Τριάδα
1069 4588 1128 4641 ὲν
1162 4587 1351 4656 μονάδι
1381 4630 1395 4655 ,
1429 4588 1487 4641 ὲν
1510 4590 1689 4658 τρισὶν
1737 4589 2118 4643 ὑποστάσεσιν.

501 4675 820 4731 Ἀκόλουθόν
845 4693 905 4729 σε
936 4674 1129 4748 μαθεῖν
1155 4676 1251 4729 καὶ
1283 4676 1486 4748 μονάδα
1514 4680 1573 4731 ὲν
1606 4678 1796 4749 Τριάδι
1822 4696 1836 4709 ·
1868 4679 1985 4743 πῶς

2162 4670 2422 4742 Sequitur
2450 4684 2508 4727 ut
2537 4672 2713 4727 discas
2738 4683 2792 4730 et
2818 4675 3078 4730 unitatem
3107 4675 3159 4731 in
3186 4675 3451 4732 Trinitate
3478 4698 3491 4734 :
3515 4683 3660 4749 quod

418 4769 477 4825 δὲ
527 4768 688 4823 τοῦτο
728 4768 911 4831 καλῶς
958 4766 1254 4837 διαγνῶναι
1284 4768 1526 4841 δυνήσῃ,
1567 4768 1800 4823 ἄκουσόν
1844 4787 1992 4832 τινος

417 4862 530 4917 τῶν
584 4863 764 4931 σοφῶν
827 4878 910 4915 σοι
968 4859 1385 4931 παραινοῦντος,
1440 4860 1536 4913 καί
1572 4860 1864 4929 λέγοντοςσ
1926 4860 1990 4914 Εἰ

423 4951 603 5023 βούλει
643 4951 849 5020 γνῶναι
886 4948 1020 5002 Θεὸν
1047 4991 1063 5017 ,
1094 4947 1387 5022 προλαϐὼν
1442 4948 1613 5019 γνῶθι
1661 4951 1877 5015 σαυτὸν,
1926 4949 1991 5003 ὲκ

420 5045 525 5116 τῆς
557 5041 758 5098 σαυτοῦ
778 5084 794 5110 ,
828 5043 987 5113 φησί,
1018 5044 1388 5112 κατασκευῆς,
1419 5042 1485 5095 ὲκ
1510 5040 1611 5111 τῆς
1648 5042 1848 5096 σαυτοῦ
1872 5059 1996 5095 συν-

422 5139 660 5206 θέσεως,
714 5138 937 5192 ἐκτῶν
971 5137 1125 5201 ἐντὸς
1175 5135 1414 5191 ἑαυτοῦο
1468 5136 1634 5190 είσιθι
1684 5136 1888 5199 ὑποδὺς
1936 5135 1995 5188 ὲν

425 5230 633 5303 σαυτῷ·
666 5228 958 5300 διάὸλεψον
986 5230 1045 5283 ὲν
1085 5228 1335 5300 ἐσόπτρῳ
1369 5228 1477 5283 τινί
1508 5229 1567 5281 ἐν
1595 5230 1663 5299 τῇ
1691 5227 1835 5300 ψυχῇ
1865 5227 1995 5281 ἑαυ-

422 5321 520 5379 τοῦ
543 5339 558 5353 ·
609 5321 889 5393 διάκρινον
927 5322 1028 5391 τὴν
1074 5320 1281 5393 ταύτης
1332 5319 1702 5392 κατασκευὴν,
1748 5320 1843 5372 καὶ
1887 5317 1994 5388 ὄψῃ

428 5412 632 5467 σαυτὸν
662 5414 785 5465 κατ’
813 5412 996 5465 εἰκόνα
1024 5412 1121 5465 καὶ
1156 5410 1417 5481 ὁμοίωσιν
1448 5410 1584 5464 Θεοῦ
1630 5410 1992 5480 τυγχάνοντα.

439 5496 751 5575 ’Δνώνυμός
794 5521 888 5557 σου
929 5503 1040 5575 γὰρ
1088 5503 1185 5557 καὶ
1218 5501 1515 5571 ἄγνωστος,
1547 5502 1643 5556 καὶ
1686 5500 1868 5571 νοερά,
1900 5500 1998 5552 καὶ

425 5596 697 5660 ἀθάνατος
725 5597 827 5666 τῆς
854 5594 1033 5667 ψυχῆς
1056 5596 1090 5666 ἡ
1123 5594 1283 5648 οὑσία
1312 5595 1434 5648 κατ’
1468 5594 1652 5647 εἰκόνα
1681 5594 1776 5647 καὶ
1799 5593 1999 5663 ὁμοίως

431 5704 517 5740 σιν
542 5688 781 5759 τυπικὴν
812 5686 909 5741 τοῦ
939 5688 1228 5757 ἀνωνύμου
1257 5688 1353 5740 καὶ
1383 5687 1724 5758 ἀγνωρίστου
1754 5686 1850 5740 κτιί⁸
1873 5684 2002 5739 ἀθα-

431 5780 593 5835 νάτου
624 5779 762 5836 Θεοῦ
786 5779 1152 5850 καθέστηκεν
1188 5778 1311 5834 οὔτε
1339 5778 1446 5849 γὰρ
1474 5778 1633 5848 Θεοῦ,
1667 5777 1790 5833 οὔτε
1819 5777 1999 5849 ψυχῆς

2096 4776 2156 4820 ιιι
2187 4766 2468 4836 perspicue
2495 4765 2762 4836 intelligas
2785 4805 2803 4831 ,
2858 4769 2979 4823 audi
3010 4769 3244 4838 aliquem
3272 4784 3303 4825 e
3325 4772 3660 4841 sapientibus

2098 4856 2191 4910 tibi
2223 4857 2489 4911 dicentem
2544 4870 2558 4909 :
2611 4856 2665 4909 Si
2702 4857 2782 4911 vis
2821 4857 2986 4912 Deum
3020 4874 3376 4930 cognoscere,
3427 4863 3659 4933 teipsum

2096 4947 2245 5016 prius
2271 4936 2587 5012 nosce,'hoc
2612 4957 2697 5002 est
2727 4962 2795 5001 ex
2826 4958 2914 5002 tua
2938 4951 3193 5015 essentia,
3224 4966 3291 5006 ex
3321 4960 3408 5006 tua
3439 4968 3661 5026 compo-

2089 5039 2306 5105 sitione,
2345 5053 2413 5093 ex
2447 5038 2552 5095 tuis
2581 5040 2959 5106 interioribus;
3012 5040 3064 5094 in
3098 5043 3329 5111 teipsum
3358 5046 3659 5113 descende;

2091 5130 2146 5183 in
2207 5132 2447 5184 animam
2504 5139 2652 5186 tuam
2733 5131 2879 5185 velut
2947 5133 3003 5187 in
3060 5135 3327 5203 quoddam
3379 5138 3657 5206 speculum

2090 5223 2278 5276 oculos
2306 5222 2445 5291 fige;
2486 5223 2601 5291 ejus
2631 5221 2883 5278 discerne
2911 5224 3226 5291 essentiam,
3259 5235 3315 5281 et
3343 5232 3397 5282 te
3427 5230 3492 5284 ad
3521 5230 3660 5284 ima-

2092 5313 2269 5381 ginem
2297 5313 2774 5370 etsimilitudinem
2812 5315 2905 5369 Dei
2938 5326 3177 5372 creatum
3211 5318 3417 5374 videbis
3450 5338 3466 5377 :
3502 5320 3660 5375 inno-

2091 5404 2323 5472 minata,
2378 5406 2591 5476 ignota,
2639 5406 2939 5477 spiritualis
2987 5408 3417 5480 itnmortalisque
3466 5413 3661 5469 animae

2092 5503 2197 5551 tute
2221 5499 2521 5552 substantia
2547 5508 2628 5554 est
2654 5499 2720 5553 ad
2751 5498 3039 5570 imaginem
3066 5510 3120 5556 et
3143 5502 3552 5559 similitudinem
3577 5515 3683 5575 ty-V

2091 5592 2267 5662 picam
2294 5592 2638 5659 innominati,
2667 5592 3079 5662 inintelligibilis
3104 5604 3158 5649 et
3186 5596 3509 5652 immortalis
3534 5595 3659 5652 Dei:

2096 5698 2275 5752 neque
2306 5685 2450 5738 enim
2488 5685 2580 5740 Dei
2637 5698 2811 5755 neque
2847 5685 3146 5755 spiritualis
3179 5688 3375 5745 anitnte
3409 5698 3659 5744 naturam

2097 5776 2250 5833 novit
2294 5792 2529 5849 unquam
2586 5777 2745 5835 homo
2796 5779 2848 5835 in
2890 5780 2993 5836 hoc
3036 5780 3233 5841 smeulo
3260 5780 3497 5852 degens;
3541 5794 3662 5852 quae
