4080 6552
462 398 596 463 1147
1655 397 1716 457 S.
1756 395 2056 457 ANASTA:

2155 449 2157 453 ,
2189 395 2511 456 SINAIT/E
3576 395 3706 463 1148

459 523 656 578 corpus
687 523 718 563 e
745 515 979 578 quatuor
1001 506 1287 563 elementis
1314 515 1571 563 constans
1603 505 1843 562 viviﬁcat
1862 548 1877 573 ,
1920 504 2034 560 col-

2155 504 2360 574 ιογικῆς
2381 505 2573 557 οὐσίαν
2615 503 2758 574 ἔγνω
2783 504 2895 559 τῶν
2924 505 2983 559 ὲν
3008 504 3165 559 αἰῶνί
3199 520 3284 568 τις
3332 506 3709 576 γεγενημένων

461 602 579 673 ligit
629 614 684 656 et
724 610 1045 664 conservat,
1120 601 1298 654 anima
1351 607 1436 654 est
1483 600 1549 653 ad
1603 599 1891 669 imaginem
1941 597 2036 651 Dei

2155 596 2237 649 ὶνθ
2248 597 2445 667 ρώπων
2467 614 2479 627 ·
2512 595 2775 661 ζωοποιὸς
2805 598 2900 652 καὶ
2924 597 3225 669 συστατικὴ
3258 597 3351 651 καὶ
3380 597 3713 669 προνοητικὴ

464 694 730 747 universa:
761 691 1093 760 providentis
1124 700 1388 744 creatura:
1422 689 1563 744 infra
1593 699 1649 742 et
1676 703 1837 756 supra
1868 704 1881 742 :
1907 701 2042 757 qua-

2155 690 2169 757 δ
2226 688 2374 759 ψυχὴ
2424 689 2660 760 ὑπάρχει
2694 690 3241 761 τῆς,τετραστοίχου
3304 688 3400 742 τοῦ
3466 686 3716 757 σώματος

464 792 689 853 propter
720 782 994 837 nescimus
1028 782 1117 835 ubi
1153 780 1292 834 Deus
1321 782 1546 846 habitet,
1573 780 1666 834 sed
1693 789 1899 832 tantum
1923 790 2041 831 cre-

2155 780 2372 847 ρύσεως,
2411 782 2533 835 κατ’
2563 782 2747 835 εἰκόνα
2775 781 2912 836 Θεοῦ
2943 780 3037 835 τοῦ
3072 780 3375 853 προνοητοῦ
3407 780 3592 849 πάσης
3621 777 3718 847 τῆς

466 877 645 929 dimus
679 887 803 927 eum
834 874 888 926 in
918 874 1171 927 omnibus
1197 888 1352 937 esse;
1409 886 1581 940 neque
1610 869 2041 939 pariter‘scimus

2155 873 2548 945 τετραπεράτου
2600 875 2695 928 καὶ
2747 874 2850 945 τῆς
2898 873 3012 928 ἀνω
3052 876 3301 937 κτίσεως.
3349 872 3555 940 Διόπερ
3596 868 3718 922 οὔτε

467 968 556 1019 ubi
592 966 797 1021 habitet
829 965 1007 1018 anima
1044 965 1095 1017 in
1124 980 1373 1033 corpore,
1427 963 1677 1017 novimus
1706 969 1885 1014 autem
1920 969 2039 1013 tan-

2155 962 2229 1015 τὸν
2267 962 2360 1016 τοῦ
2388 963 2526 1017 Θεοῦ
2572 966 2739 1018 τόπον
2782 965 2911 1018 ἔνθα
2941 967 3211 1029 κατοικεῖ,
3254 962 3393 1016 ἀλλά
3428 962 3593 1032 μόνον
3631 976 3720 1011 πι-

470 1068 584 1112 tum
617 1072 735 1114 eam
772 1058 826 1111 in
857 1072 921 1112 eo
947 1072 1066 1110 esse
1096 1066 1148 1109 et
1176 1071 1355 1123 agere.

2155 1054 2432 1128 πεύομεν,
2458 1058 2540 1111 ὅτι
2561 1059 2617 1111 ὲν
2641 1057 2805 1111 παντί
2832 1060 3002 1112 ἐστιν⁸
3032 1056 3156 1111 οὕτε
3182 1056 3290 1129 μὴν
3311 1056 3403 1109 τδν
3434 1054 3601 1108 τόπον
3621 1051 3722 1121 τῆς

467 1151 647 1219 ψυχῆς
677 1149 900 1219 οἴδαμεν
936 1147 1067 1202 ἔνθα
1096 1149 1238 1200 οἰκεῖ
1273 1148 1330 1201 ὲν
1361 1145 1438 1216 τῷ
1475 1144 1687 1216 σώματι
1720 1159 1736 1176 ο
1768 1139 1906 1196 ἀλλὰ
1968 1140 2132 1210 μόνον
2194 1148 2561 1221 ἐπιστάμεθα,
2596 1150 2679 1204 ὅτι
2706 1151 2764 1204 ὲν
2788 1149 2867 1221 τῷ
2933 1150 3189 1221 παναγίῳ
3252 1146 3467 1219 σώματί
3496 1147 3725 1201 ἐστικαὶ

470 1243 706 1314 ἐνεργεῖ.

542 1338 728 1390 Altero
779 1335 944 1390 etiam
991 1336 1152 1391 modo
1205 1336 1384 1389 anima
1421 1344 1514 1389 tua
1553 1336 1726 1389 estad
1754 1336 2045 1407 imaginem

2218 1332 2374 1405 Ἔχει
2425 1350 2518 1387 σου
2566 1332 2661 1388 καὶ
2699 1332 2890 1405 ἕτερον
2925 1332 3047 1387 κατ’
3082 1332 3269 1387 εἰκόνα
3303 1331 3440 1387 Θεοῦ
3470 1333 3504 1404 ή
3534 1332 3681 1405 ψυχή
3703 1349 3721 1367 ο

476 1430 602 1493 Dei,
636 1428 905 1497 siquidem
938 1428 1166 1482 diversae
1191 1437 1272 1481 est
1297 1436 1502 1480 naturae
1532 1442 1595 1480 ac
1622 1427 1799 1480 omnis
1829 1438 2047 1483 creatu-

2155 1424 2286 1495 λέγω
2310 1424 2376 1497 δὴ
2399 1425 2461 1479 τὸ
2495 1424 2838 1495 ἑτεροούσιον
2870 1426 3041 1497 αὐτὴν
3076 1421 3220 1480 εἰναι
3272 1425 3458 1496 πάσης
3494 1425 3726 1492 κτιστῆς

476 1537 572 1587 ra;
634 1519 777 1590 quod
813 1534 942 1572 vero
977 1519 1280 1573 mirabilius
1313 1526 1426 1584 est,
1485 1532 1658 1585 neque
1689 1527 1863 1586 potest
1894 1534 2048 1575 mens

2155 1517 2395 1587 pdoswg°
2429 1518 2490 1570 τὸ
2531 1517 2588 1570 δὲ
2628 1518 2845 1572 πάντων
2880 1517 3320 1590 παραδοξότερον
3361 1516 3459 1571 τοῦ
3507 1519 3566 1571 ὲν
3594 1518 3727 1588 ἡμῖν

476 1614 711 1667 lmmana
745 1611 836 1664 Dei
865 1610 1561 1680 exsistentiaﬁprobationes
1583 1617 1849 1676 evertere,
1876 1625 2048 1680 neque

2155 1609 2266 1662 κατ’
2299 1610 2519 1673 εἰκόνα,
2567 1609 2744 1662 ἐκεῖνό
2803 1610 2977 1674 ἐστιν,
3011 1609 3094 1663 ὃτι
3140 1608 3265 1662 οὔτε
3296 1608 3401 1679 τῆς
3449 1606 3550 1662 τοῦ
3590 1606 3724 1663 Θεοῦ

475 1704 648 1772 inagis
677 1702 869 1757 anima:
895 1711 1117 1767 nostrae,
1146 1717 1365 1770 quoquo
1394 1703 1552 1757 modo
1580 1702 1647 1757 ad
1670 1702 2043 1757 exsistentiam

2155 1698 2442 1766 ὑπάρξεως
2472 1700 2600 1764 τοὺς
2632 1699 2827 1768 λόγους
2854 1738 2869 1765 ,
2903 1699 3245 1771 ἀνθρώπινος
3289 1698 3415 1765 νοῦς
3452 1699 3725 1754 κατασϐέ-

473 1795 705 1849 venerit.
773 1793 876 1848 Sed
898 1834 913 1859 ,
967 1807 1064 1862 age
1086 1830 1102 1857 ,
1155 1792 1436 1847 veniamus
1465 1808 1607 1847 nunc
1640 1794 1705 1846 ad
1734 1807 2043 1862 supremum

2155 1809 2239 1844 σαι
2283 1791 2507 1844 δύναται
2532 1830 2549 1856 ,
2581 1788 2707 1844 οὒτε
2737 1790 2839 1861 τῆς
2873 1790 3114 1863 ψυχικῆς
3150 1792 3311 1863 ἡμῶν
3351 1791 3580 1860 οὐσίας,
3610 1792 3727 1857 πῶς

473 1887 726 1957 imaginis
757 1895 810 1940 et
841 1885 1211 1940 similitudinis
1246 1884 1460 1938 modum
1481 1923 1496 1949 ,
1555 1884 1622 1937 ad
1653 1885 2042 1938 ostendendum

2155 1881 2229 1943 εἰς
2292 1878 2531 1951 ὕπαρξιν
2582 1880 2797 1949 πέφυκέ
2860 1897 2922 1934 τε
2986 1883 3082 1935 καὶ
3125 1882 3515 1953 παραγίνεται.
3583 1881 3728 1935 Ἀλλ’

474 1980 528 2036 iu
559 1980 763 2046 anima,
797 1979 943 2049 quod
972 1992 1159 2033 sumus
1186 1975 1443 2046 polliciti,
1490 1976 1752 2031 unitatem
1782 1975 2046 2030 Divinita-

477 2069 547 2126 tis
581 2070 634 2123 in
665 2068 935 2124 Trinitate
990 2086 1005 2124 ε
1060 2065 1407 2121 manifestum
1438 2075 1522 2121 est
1550 2074 1730 2121 autem
1772 2067 1871 2121 tria
1901 2081 2044 2133 esse,

475 2164 715 2216 animam
743 2162 971 2225 scilicet,
1004 2160 1286 2229 spirituale
1312 2159 1427 2227 ejus
1450 2160 1675 2213 verbum
1708 2169 1761 2213 et
1787 2168 2045 2227 mentem,

474 2269 637 2323 quam
670 2254 921 2323 spiritum
952 2262 1110 2305 vocat
1132 2250 1441 2320 Aposwlus,
1470 2266 1591 2305 cum
1616 2251 1869 2306 admouet
1896 2259 1954 2304 ut
1977 2251 2047 2305 si-

475 2362 598 2401 mus
622 2344 793 2401 sancti
828 2344 1005 2397 anima
1031 2352 1085 2398 et
1109 2356 1335 2411 corpore
1361 2351 1415 2397 et
1442 2342 1688 2411 spiritu‘.
1709 2341 1880 2398 Porro
1900 2341 2050 2412 inge-

474 2439 587 2493 nita
614 2446 698 2493 est
727 2437 907 2491 anima
939 2445 1123 2489 nostra
1178 2436 1228 2488 in
1272 2443 1453 2504 typum
1488 2434 1710 2500 ingeniti
1744 2434 1838 2488 Dei
1868 2442 1923 2488 et
1946 2434 2049 2487 Pa-

477 2530 610 2595 tris;
651 2546 755 2585 non
789 2539 968 2582 autem
1006 2527 1301 2597 ingenitum
1338 2526 1454 2595 ejus
1483 2526 1767 2595 spirituale
1799 2524 2047 2592 verbum,

476 2624 571 2679 sed
622 2622 690 2675 ab
719 2636 781 2675 ea
814 2620 1056 2690 genitum
1101 2617 1480 2684 ineﬂ‘ahiliter,
1540 2618 1911 2683 invisibiliter,
1966 2620 2049 2671 in-

476 2712 895 2776 enarrabiliter,
945 2715 1062 2766 sine
1110 2711 1332 2777 labore,
1382 2710 1433 2765 in
1473 2719 1654 2781 typum
1690 2711 1855 2781 geniti
1888 2710 2049 2779 Filii;

477 2819 630 2858 mens
658 2818 786 2857 vero
819 2817 993 2871 neque
1023 2802 1283 2873 ingenita,
1333 2816 1506 2869 neque
1534 2802 1715 2872 genita
1735 2841 1751 2866 ,
1799 2802 1891 2856 sed
1923 2817 2053 2872 pro-

476 2897 696 2959 cedens,
728 2895 907 2949 omina
936 2894 1271 2961 discurrens,
1303 2893 1483 2948 omnia
1512 2903 1782 2958 scrutatis,
1810 2894 2055 2949 invisibi-

477 2989 602 3043 liter
653 2986 1043 3051 considerans,
1103 2985 1170 3039 ad
1221 2986 1515 3054 imaginem
1554 2995 1609 3039 et
1645 2985 2052 3041 similitudinem

477 3080 803 3136 sanctissimi
838 3087 894 3133 et
926 3077 1268 3147 procedentis
1298 3076 1567 3147 Spiritus,
1622 3078 1688 3131 de
1718 3093 1826 3147 quo
1857 3078 2057 3134 dicitur

478 3174 621 3242 quod
651 3171 836 3226 omnia
867 3179 1144 3226 scrutatur
1169 3211 1184 3237 ,
1236 3170 1400 3224 etiam
1433 3169 1695 3240 profunda
1724 3171 1876 3226 Dei’.
1933 3172 2053 3225 Non
2083 3149 2124 3207 (ἶ

476 3274 562 3320 est
592 3266 891 3335 procedens
916 3263 1099 3318 anima
1132 3262 1432 3332 usquedum
1461 3273 1547 3317 est
1576 3263 1627 3317 in
1653 3278 1903 3332 corpore,
1933 3264 2059 3318 alio-

477 3359 640 3427 quin,
690 3356 734 3412 si
770 3356 1108 3426 procederet,
1145 3354 1197 3410 in
1231 3363 1507 3409 momento
1530 3370 1894 3422 moreremur;
1947 3371 2055 3410 non

477 3461 562 3507 est
604 3450 903 3519 ingenitum
953 3448 1177 3503 verbum
1224 3459 1509 3513 nostrum,
1570 3447 1807 3517 alioquin
1856 3448 2056 3518 stupidi

479 3553 531 3598 et
583 3541 724 3596 bruti
770 3554 1053 3607 essemus;
1114 3540 1257 3609 quod
1290 3549 1470 3594 autem
1504 3548 1586 3593 est
1625 3555 1787 3609 quam
1822 3541 2059 3595 maxime

480 3630 749 3695 mirabile,
774 3629 1011 3683 animam
1036 3629 1253 3697 quidem
1279 3627 1581 3698 simplicem
1603 3627 1887 3695 habemus,
1908 3646 2057 3685 men-

483 3735 589 3779 tem
631 3737 847 3793 quoque
897 3737 1060 3776 unam
1107 3729 1163 3776 et
1207 3720 1619 3783 inconcretam,
1674 3722 1897 3776 verbum
1927 3737 2059 3777 vero

486 3816 708 3885 duplex,
748 3814 1016 3884 duplicem
1048 3813 1254 3868 habens
1281 3813 1712 3884 generationem,
1739 3813 1868 3869 licet
1892 3830 2057 3869 unum

481 3920 539 3972 et
593 3907 884 3962 indivisum
937 3914 1156 3960 maneat
1218 3924 1233 3960 :
1296 3914 1590 3975 generatur
1635 3906 1781 3962 enim
1834 3907 2057 3963 verbum

483 4001 537 4055 in
587 4000 789 4063 corde,
853 3996 1387 4068 incomprehensibili
1437 4007 1490 4053 et
1536 3999 1849 4069 incorporea
1892 4015 2057 4070 gene-

484 4091 717 4155 ratione,
764 4091 907 4144 intus
937 4101 1154 4157 quoque
1184 4097 1366 4143 manet
1392 4087 1702 4155 invisibile;
1756 4091 1932 4145 denuo
1962 4105 2059 4145 au-

484 4193 594 4238 tem
642 4181 1000 4252 corporaliter
1049 4193 1146 4249 per
1190 4178 1331 4234 labia
1373 4190 1664 4250 generatur
1712 4189 1767 4236 et
1806 4182 2059 4239 omnibus

483 4273 832 4330 manifestum
886 4271 984 4338 (lt;
1059 4286 1159 4326 nec
1208 4280 1389 4325 tamen
1447 4286 1477 4324 a
1529 4282 1827 4341 generante
1877 4274 2057 4327 anima

485 4366 726 4432 recedit,
794 4372 852 4417 ut
909 4377 976 4418 ex
1018 4361 1219 4432 duplici
1264 4362 1414 4415 verbi
1460 4364 1632 4416 nostri
1678 4367 2052 4433 generatione,

2144 1971 2244 2041 ἄγε
2272 1971 2338 2044 δὴ
2371 1972 2462 2023 ἐπ’
2489 1971 2623 2026 αὐτὸ
2661 1971 2724 2026 τὸ
2766 1970 3106 2043 κυριώτατον
3132 1973 3228 2027 τοῦ
3261 1973 3385 2028 κατ’
3410 1974 3601 2028 εἰκόνα
3635 1975 3729 2028 καὶ

2146 2064 2409 2135 ὁμοίωσιν
2439 2064 2709 2134 ἔλθωμεν,
2742 2065 2895 2129 ὅπως
2923 2066 3066 2119 κατὰ
3114 2067 3215 2130 τὰς
3242 2067 3568 2138 ὑποσχέσεις
3611 2067 3726 2121 δείε-

2147 2155 2329 2226 ξωμεν
2358 2155 2420 2208 τὸ
2466 2156 2758 2224 μοναδικόν
2796 2157 2896 2228 τῆς
2926 2158 2986 2210 ὲν
3019 2157 3214 2230 Τριάδι
3245 2158 3499 2229 θεότητος
3529 2175 3543 2189 ·
3579 2161 3732 2214 ποῖον

2146 2246 2205 2301 δέ
2234 2248 2353 2299 ἐστι
2380 2245 2540 2300 τοῦτο
2571 2287 2588 2315 ,
2628 2244 2852 2319 εὔδηλον
2885 2247 2968 2300 ὃτι
3000 2247 3035 2318 ἡ
3075 2248 3322 2321 ἡμετέρα
3366 2249 3532 2303 πάλιν
3558 2247 3729 2321 ψυχὴ,

2147 2338 2246 2391 καὶ
2283 2336 2313 2388 6
2346 2338 2553 2409 ταύτης
2601 2339 2790 2410 νοερδς
2837 2338 2996 2408 λόγος
3023 2380 3039 2406 ,
3073 2339 3168 2393 καὶ
3197 2340 3226 2393 6
3260 2339 3387 2405 νοῦς
3414 2358 3428 2373 ·
3487 2341 3674 2394 ὅντινα
3703 2342 3734 2396 6

2160 2431 2485 2495 ’Δπόστολος
2522 2432 2741 2503 πνεῦμα
2780 2433 3246 2504 προσηγόρευσεν,
3276 2433 3367 2487 ὅτε
3411 2433 3731 2489 διακελεύε-

2147 2541 2241 2578 ται
2267 2525 2459 2595 ἁγίους
2490 2526 2641 2595 ἠμᾶς
2682 2520 2821 2578 εἶναι
2855 2529 2921 2597 τῇ
2958 2526 3106 2599 ψυχῇ
3152 2526 3248 2580 καί
3274 2524 3353 2597 τῷ
3391 2526 3609 2597 σώματι
3637 2528 3735 2579 καὶ

2150 2618 2227 2690 τῷ
2271 2617 2566 2688 πνεύματι.
2624 2616 2948 2689 ’Δγέννητος
2985 2618 3087 2688 μὲν
3124 2619 3234 2689 γάρ
3280 2617 3447 2672 πάλιν
3498 2619 3651 2671 ἐστὶν
3700 2619 3733 2689 ἡ

2150 2710 2297 2783 ψυχὴ
2347 2712 2442 2765 καὶ
2479 2710 2719 2774 ἀναίτιος
2772 2712 2854 2776 εἰς
2913 2714 3087 2765 τύπον
3141 2710 3237 2764 τοῦ
3291 2712 3589 2783 ἀγεννήτου
3635 2710 3734 2763 καὶ

2151 2804 2400 2858 ἀναιτίου
2449 2803 2587 2858 Θεοῦ
2639 2804 2734 2857 καὶ
2784 2803 3035 2874 Πατρός·
3092 2803 3193 2858 οὐκ
3244 2804 3543 2873 ἀγέννητος
3594 2802 3651 2856 δὲ
3706 2804 3736 2857 6

2152 2894 2339 2967 νοερὸς
2381 2893 2555 2965 αὐτῆς
2587 2894 2767 2964 λόγος,
2803 2893 2919 2946 ἀλλ’
2956 2894 3015 2959 ἐξ
3044 2895 3217 2966 αὐτῆς
3249 2894 3593 2965 γεννώμενος
3626 2893 3731 2966 ἀῤ-

2156 2987 2335 3057 ρήτως
2368 2986 2465 3039 καὶ
2495 2985 2769 3057 ἀοράτως,
2799 2986 3226 3057 ἀνερμηνεύτως
3246 2986 3342 3041 καὶ
3370 2985 3621 3050 ἀπαθῶς,
3652 2986 3735 3050 εἰς

2154 3079 2326 3133 τύπον
2351 3077 2447 3132 τοῦ
2479 3078 2742 3150 γεννητοῦ
2770 3078 2903 3133 Υἰοῦ
2933 3095 2947 3110 ·
2984 3080 3013 3131 ὁ
3042 3078 3100 3132 δὲ
3158 3077 3282 3141 νοῦς
3334 3078 3455 3132 οὐδὲ
3487 3077 3732 3141 ἀναίτιός

2157 3172 2328 3237 ἐστιν,
2374 3168 2501 3223 οὐδὲ
2530 3168 2791 3240 γεννητὸς
2809 3208 2826 3235 ,
2853 3168 2967 3223 ἀλλ’
3000 3168 3335 3239 ὲκπορευτὸς
3358 3207 3374 3233 ,
3403 3168 3581 3240 πάντη
3615 3168 3736 3221 δια⁶

2156 3261 2392 3334 τρέχων,
2446 3260 2539 3315 καὶ
2590 3260 2662 3315 τά
2705 3259 2885 3314 πάντα
2937 3260 3289 3314 διασκοπῶν⁹
3344 3260 3440 3315 καὶ
3484 3260 3736 3331 ἀοράτως

2156 3352 2456 3424 ψηλαφῶν,
2486 3354 2609 3406 κατ’
2649 3354 2836 3407 εἰκόνα
2883 3354 2978 3407 καί
3008 3353 3267 3424 ὁμοίωσιν
3312 3352 3409 3407 τοῦ
3458 3352 3735 3422 παναγίου

2158 3448 2254 3498 καὶ
2283 3445 2618 3516 ἑκπορευτοῦ
2656 3445 3002 3517 Πνεύματος.
3031 3445 3167 3517 Περί
3194 3437 3255 3499 οὗ
3284 3447 3523 3517 εἴρηται,
3555 3446 3637 3499 ὅτι
3669 3443 3735 3499 τὸ

2158 3536 2387 3607 Πνεῦμα
2433 3535 2615 3590 πάντα
2662 3536 2858 3608 ἐρευνᾷ
2885 3537 2979 3590 καὶ
3021 3535 3092 3590 τά
3127 3535 3267 3606 βάθη
3298 3536 3393 3590 τοῦ
3429 3534 3586 3590 Θεοῦ.
3617 3536 3734 3591 Οὐκ

2157 3629 2306 3683 ἐστιν
2338 3630 2649 3701 ἑκπορευτὴ
2682 3630 2715 3701 ὴ
2754 3628 2929 3702 ψυχὴ,
2972 3629 3081 3693 ἓως
3120 3622 3182 3684 οὗ
3217 3630 3369 3683 ἐστιν
3400 3630 3459 3684 ἐν
3506 3627 3584 3700 τῷ
3628 3627 3736 3684 σώ-

2160 3737 2333 3792 ματιο
2389 3721 2516 3774 ἐπεὶ
2560 3722 2609 3775 εἰ
2645 3722 2959 3793 ὲκπορευτὴ
3005 3717 3096 3792 ἦν,
3154 3720 3263 3793 ἀρα
3302 3719 3370 3776 ἂν
3426 3719 3551 3774 καθ’
3584 3719 3737 3792 ῶραν

2158 3812 2598 3885 ἀπεθνήσκομεν.
2627 3813 2743 3867 Οὐκ
2776 3814 2924 3868 ἔστιν
2952 3813 3249 3886 ἀγέννητος
3286 3814 3314 3867 6
3346 3812 3504 3882 λόγος
3534 3813 3696 3883 ἡμῶν
3717 3850 3733 3875 ,

2157 3906 2281 3959 ἐπεὶ
2318 3904 2508 3973 ἀλογοί
2542 3921 2690 3969 τινες
2725 3905 2822 3959 καὶ
2851 3903 3149 3977 κτηνώδεις
3191 3903 3520 3976 ὑπήρχομεν
3543 3920 3557 3934 ’
3584 3903 3645 3956 τὸ
3673 3901 3735 3957 δὲ

2157 3994 2593 4067 παραδοξότερον
2621 3994 2731 4049 τῶν
2761 3993 3083 4065 παραδόξων
3102 3992 3332 4061 τούτων,
3354 3992 3534 4045 ἐκεῖνό
3561 3993 3733 4057 ἐστιν,

2156 4090 2239 4143 ὄτι
2268 4089 2449 4161 ψυχὴν
2482 4089 2584 4160 μὲν
2617 4087 2801 4158 άπλῆν
2843 4103 2966 4140 τινα
2997 4086 3217 4156 ἔχομεν,
3251 4085 3457 4156 ὁμοίως
3484 4084 3581 4139 καὶ
3607 4083 3735 4138 νοῦν

2161 4181 2447 4253 μοναδικδν
2489 4180 2584 4235 καὶ
2612 4178 2928 4245 ἀσύνθετον,
2978 4177 3137 4247 λόγον
3173 4176 3231 4231 δὲ
3260 4175 3504 4241 διπλοῦν,
3537 4175 3733 4246 διπλῆν

2157 4274 2350 4344 ἔχοντα
2374 4273 2435 4326 τὸ
2465 4272 2597 4326 αὐτὸ
2619 4270 2718 4343 τὴν
2742 4271 3020 4342 γέννησιν,
3050 4270 3145 4323 καὶ
3168 4270 3267 4323 ἕνα
3299 4269 3395 4323 καὶ
3421 4267 3723 4340 ἀμέριστον

2158 4366 2585 4437 φυλαττόμενον.
2619 4365 2885 4419 Γεννᾶται
2933 4365 3044 4436 γάρ
3065 4366 3093 4418 6
3124 4363 3282 4434 λόγος
3320 4364 3380 4417 ὲν
3411 4365 3480 4435 τῇ
3510 4363 3733 4435 καρδίᾳ,

483 4472 582 4526 pro
609 4455 841 4526 quadam
870 4452 1103 4522 imagine
1128 4461 1182 4506 et
1210 4450 1588 4518 similitudine,
1616 4453 1887 4524 duplicem
1915 4456 2054 4513 Ver-

2160 4459 2413 4530 γέννησίν
2468 4476 2594 4512 τινα
2659 4458 3048 4529 ἀκατάληπτον
3100 4456 3197 4512 καὶ
3251 4454 3545 4526 ἀσώματον
3571 4471 3585 4485 ’
3639 4454 3735 4507 καὶ

484 4548 536 4602 hi
564 4545 730 4601 divini
761 4544 1169 4615 generationem
1198 4555 1679 4612 cognosceremus,
1702 4545 1792 4612 qui
1818 4546 2062 4603 invisibi-

484 4639 612 4695 liter
640 4647 696 4695 et
723 4634 1072 4691 ineﬂ'ahiliter
1109 4651 1139 4688 a
1170 4633 1333 4690 Patre
1358 4644 1440 4691 est
1466 4636 1686 4705 genitus
1713 4648 1838 4693 ante
1865 4642 2059 4697 saecula

483 4741 539 4785 et
569 4729 623 4783 in
653 4726 834 4793 Patre,
870 4725 1030 4796 quasi
1065 4726 1121 4781 tn
1150 4726 1330 4779 anima
1362 4725 1595 4782 latenter
1619 4736 1836 4793 manet,
1889 4730 2061 4786 donec

483 4837 556 4878 ex
589 4830 779 4876 sancta
804 4816 1054 4888 Virgine,
1084 4816 1232 4872 velut
1259 4830 1325 4873 ex
1350 4817 1517 4874 corde
1537 4817 1796 4889 quodam,
1821 4820 2062 4879 incorru-

2160 4552 2310 4622 μένει
2340 4550 2489 4605 ἔνδον
2525 4550 2894 4622 ἀγνώριστον·
2916 4550 3013 4605 καὶ
3044 4551 3301 4621 γεννᾶται
3326 4549 3589 4623 δευτέραν
3610 4550 3732 4619 γέν-

2156 4658 2315 4713 νησιν
2372 4642 2473 4714 τὴν
2533 4642 2857 4714 σωματικὴν
2900 4641 2991 4696 διὰ
3036 4642 3300 4712 χειλέων,
3332 4641 3428 4696 καὶ
3456 4641 3582 4696 τότε
3622 4641 3735 4703 τοῖς

2157 4736 2293 4790 πᾶσι
2340 4732 2692 4806 γνωρίζεται,
2726 4735 2828 4806 τῆς
2879 4733 2938 4788 δὲ
2971 4734 3318 4806 γεννησάσης
3364 4732 3529 4787 αὑτὸν
3555 4731 3731 4803 ψυχῆς

2154 4825 2219 4879 οὐ
2275 4824 2613 4897 χωρίζεται·
2665 4825 2756 4879 ῑνα
2805 4823 2894 4879 διά
2934 4824 3046 4881 τῶν
3074 4825 3170 4879 δύο
3214 4824 3308 4878 τοῦ
3363 4823 3527 4893 λόγου
3577 4821 3733 4893 ἡμῶν

484 4908 751 4979 ptibiliter
784 4918 841 4963 et
871 4906 1077 4977 absque
1104 4906 1291 4963 dolore
1315 4947 1333 4973 ,
1386 4908 1683 4964 secundum
1714 4923 1934 4965 carnem
1966 4926 2056 4966 na-

2157 4918 2472 4988 γεννήσεων
2495 4956 2512 4983 ,
2546 4917 2735 4987 σαφῶς
2763 4917 2865 4983 τὰς
2900 4917 2994 4972 δύο
3031 4916 3128 4973 τοῦ
3164 4916 3302 4972 Θεοῦ
3342 4917 3517 4985 Λόγου
3545 4915 3733 4985 γεννή-

487 5008 735 5055 sceretur
762 5004 818 5050 et
849 4996 1004 5051 nobis
1033 4995 1391 5067 corporaliter
1419 5011 1485 5051 ex
1513 4994 1681 5051 altera
1706 4999 2056 5068 generatione

484 5098 794 5160 appareret.

2164 5024 2280 5071 σεις
2308 5007 2432 5062 κατ’
2476 5009 2665 5063 εἰκόνα
2698 5009 2820 5064 τινά
2855 5010 2952 5063 καὶ
3000 5011 3266 5081 ὁμοίωσιν
3310 5010 3600 5080 μάθωμεν.
3640 5008 3725 5061 Γε-

2161 5098 2422 5171 γέννηται
2454 5100 2567 5172 γὰρ
2612 5101 2863 5172 ἀοράτως
2907 5101 3003 5156 καὶ
3029 5099 3452 5173 ἀνερμηνεύτως
3486 5100 3597 5172 πρὸ
3626 5098 3734 5152 τῶν

483 5180 699 5236 αἰώνων
734 5183 800 5235 ὲκ
836 5179 1052 5252 Πατρδς
1071 5218 1087 5246 ,
1119 5179 1214 5234 καί⁵
1243 5179 1393 5251 μένει
1422 5180 1703 5250 ἄγνωστος
1721 5222 1737 5249 ,
1762 5183 1839 5248 ὡς
1894 5184 1953 5240 ἐν
1982 5203 2089 5242 τινι
2124 5191 2267 5264 ψυχῇ
2301 5193 2436 5264 πρὸς
2458 5195 2551 5249 τὸν
2580 5196 2824 5268 Πατέραο
2863 5195 2990 5263 ἕως,
3014 5194 3206 5266 ῶσπερ
3234 5197 3299 5249 ἐκ
3321 5194 3548 5268 καρδίας
3567 5191 3729 5259 τινὸς,

482 5275 584 5345 τῆς
611 5273 775 5343 ἁγίας
804 5274 1087 5347 Παρθένου
1126 5273 1383 5347 ἀφθόρως
1444 5276 1540 5330 καὶ
1568 5276 1786 5343 ἀπόνως
1808 5280 2133 5352 γεγέννηται
2157 5286 2218 5339 τὸ
2244 5289 2387 5342 κατά
2450 5288 2653 5362 σάρκα,
2696 5290 2793 5346 καὶ
2851 5290 3182 5362 ὲνεφανίσθη
3239 5291 3375 5362 ἡμῖν
3404 5287 3731 5359 σωματικῶς

481 5368 571 5422 διὰ
601 5368 863 5440 δευτέρας
893 5369 1226 5438 γεννήσεως.

552 5460 810 5517 Cernitur
855 5461 1018 5517 etiam
1078 5461 1131 5515 in
1176 5460 1434 5529 homine,
1498 5463 1654 5531 quasi
1711 5464 1764 5518 in
1818 5465 2051 5536 imagine

481 5564 538 5612 et
569 5566 693 5629 typo
717 5597 733 5623 ,
782 5557 981 5629 duplex
1013 5558 1096 5614 vis
1126 5558 1179 5614 in
1211 5558 1501 5629 imaginem
1528 5569 1581 5615 et
1604 5570 1784 5632 typum
1807 5560 2008 5617 Christi
2037 5580 2053 5620 :

481 5652 938 5721 quemadmodum
964 5653 1109 5709 enim
1142 5653 1260 5726 ejus
1286 5653 1546 5712 divinitas
1576 5655 1684 5726 egit
1717 5656 2051 5727 theandrice,

559 5803 578 5836 ί
615 5804 832 5866 Coloss.
859 5823 899 5876 ι,
932 5806 1025 5865 22.
1100 5811 1122 5844 ί
1153 5807 1173 5866 Ι
1199 5807 1328 5869 Cor.
1364 5825 1424 5878 ιι,
1464 5809 1544 5866 10.

2240 5469 2467 5543 Ὀρᾶται
2494 5470 2656 5526 πάλιν
2691 5470 2767 5535 ὡς
2798 5471 2857 5525 ἐν
2887 5470 3059 5525 εἰκόνι
3103 5467 3214 5524 τινὶ
3245 5466 3341 5523 καὶ
3372 5467 3531 5539 τύπῳ
3556 5506 3571 5533 ,
3596 5468 3731 5537 λέγω

2161 5563 2221 5617 ὲν
2258 5564 2334 5634 τῷ
2358 5563 2665 5636 ἀνθρώπῳ,
2701 5566 2798 5619 καί
2840 5563 2993 5634 διττή
3033 5579 3118 5625 τις
3172 5559 3456 5630 ἐνεργείας
3498 5561 3730 5631 ἔμφασις

2160 5658 2240 5721 εἰς
2265 5657 2452 5713 εἰκόνα
2477 5658 2573 5714 καὶ
2595 5657 2765 5714 τύπον
2792 5657 3034 5729 Χριστοῦ
3061 5671 3077 5688 ο
3098 5654 3348 5726 καθάπερ
3367 5653 3477 5725 γὰρ
3506 5650 3549 5725 ἡ
3569 5649 3727 5709 αὐτοῦ
