4080 6538
386 336 528 406 1153

1797 355 2054 418 SERMO
2090 357 2205 419 III.

3496 371 3632 437 1151,

378 454 546 508 οἱονεὶ
586 454 985 526 προθεμελίους
1024 458 1338 526 καταϐολὰς
1376 462 1768 535 ἀνορύττοντες
1792 508 1808 534 ,
1862 469 1958 523 καὶ

2075 472 2194 538 rint,
2251 473 2317 529 iis
2336 476 2570 544 primum
2604 479 2817 537 radices
2844 494 3057 546 eorum,
3084 480 3476 552 cardinumque
3511 484 3636 540 tun-

378 546 748 617 γυμνοῦντες,
781 548 875 603 καὶ
904 553 1419 622 προκατασείοντες,
1448 557 1752 627 τηνικαῦτα
1786 559 1959 630 εὐμα-

381 636 495 708 ρῶς
515 679 532 705 ,
564 639 642 704 ὡς
675 639 878 711 ἄριστα
910 641 1226 712 διαγνόντες
1249 688 1265 712 ,
1310 646 1515 718 ἄριστα
1544 652 1638 703 καὶ
1688 651 1963 722 ἰατρεύειν

378 729 727 800 δυνήσονται.
765 733 880 788 Οὐκ
907 736 1015 789 είσὶ
1050 736 1232 791 τοίνυν
1266 738 1482 805 λαλιαὶ,
1518 742 1641 795 ούδέ
1670 742 1855 811 λόγοι,
1886 738 1962 799 ὧν

380 822 503 892 οὐχὶ
549 823 840 878 ἀκούονται
887 828 945 880 ai
988 830 1167 897 φωναὶ
1194 830 1376 886 αὐτῶν
1398 847 1412 861 ⁸
1446 833 1584 888 ἀλλὰ
1617 837 1724 908 μὴν
1759 839 1851 891 καὶ
1882 840 1963 902 είς

382 912 565 965 πᾶσαν
598 913 696 983 τὴν
721 915 826 985 γῆν
854 916 1078 987 ἐξῆλθεν
1101 921 1129 973 6
1159 921 1398 991 φθόγγος
1432 926 1634 993 αὐτῶν,
1670 929 1766 982 καὶ
1790 930 1872 991 είς
1895 928 1964 982 τὰ

382 1003 601 1074 πέρατα
627 1005 725 1076 τῆς
742 1008 1074 1079 οἰκουμένης
1100 1012 1168 1065 τὰ
1199 1015 1425 1085 ῥήματα
1452 1017 1657 1073 αὐτῶν.
1684 1019 1962 1088 Ἐκείνων,

382 1098 551 1165 λέγω,
591 1100 702 1153 τῶν
732 1100 1072 1172 πολεμικῶν,
1109 1107 1394 1176 Περσικῶν
1428 1126 1487 1163 τε
1520 1111 1614 1164 καὶ
1640 1109 1965 1181 Ῥωμαϊκῶν

385 1190 766 1260 παρατάξεων,
796 1194 959 1265 ἡνίκα
987 1196 1077 1249 τὸν
1096 1200 1377 1267 νικητικὸν
1397 1201 1656 1270 τρόπαιον
1678 1200 1772 1254 τοῦ
1797 1203 1965 1255 Σταυ-

384 1281 484 1353 ροῦ
520 1283 811 1356 συνεργείᾳ
848 1285 984 1339 Θεοῦ
1023 1289 1295 1360 ἐπανῆλθε
1340 1292 1463 1362 μεθ’
1509 1292 1834 1364 Ἡρακλείου
1869 1293 1963 1347 τοῦ

385 1377 654 1449 βασιλέως
686 1382 744 1433 ἐν
783 1380 1165 1452 Ἰερουσαλήμ.

456 1462 627 1532 Οὗτος
665 1471 729 1541 δὴ
775 1474 804 1527 6
834 1475 933 1543 τῆς
977 1472 1299 1545 Ῥωμαῖκῆς
1336 1477 1459 1529 κατ’
1511 1476 1723 1531 ἐκείνου
1768 1476 1963 1545 καιροῦ

384 1563 731 1633 σκηπτοῦχος
786 1564 1063 1635 βασιλείας
1121 1566 1447 1638 Ἡράκλειος
1488 1569 1581 1622 ἐπὶ
1620 1570 1691 1623 τὰ
1721 1570 1967 1623 Χαλδαῖά

382 1670 445 1706 τε
492 1655 586 1707 καὶ
630 1654 877 1724 Περσικά
932 1656 1172 1727 μέλεθρα
1217 1658 1316 1722 τάς
1369 1660 1596 1730 πορείας
1642 1662 1965 1730 ποιούμενος

384 1745 532 1799 κατὰ
557 1745 656 1815 τὴν
696 1746 1016 1817 ’Δντιοχέων
1035 1748 1214 1811 πόλιν,
1242 1754 1629 1821 περιτυγχάνει
1661 1753 1769 1805 τινὶ
1806 1751 1965 1805 Ἀθα-

2066 561 2343 628 damenta,
2367 568 2604 621 eruenda
2625 579 2772 635 sunt,
2797 568 3119 626 denudanda
3152 568 3222 625 ab
3256 570 3473 641 imoque
3506 588 3639 628 eon-

2067 654 2319 711 cutieuda
2352 671 2367 709 :
2405 666 2533 713 tunc
2573 661 2770 731 quippe
2800 661 2979 727 facile,
3004 678 3128 717 cum
3147 662 3294 732 ipsos
3318 666 3520 734 optime
3546 681 3638 721 co-

2066 746 2305 814 gnorint,
2328 748 2410 802 eis
2444 764 2661 819 quoque
2696 762 2946 821 poterunt
2987 754 3205 823 egregie
3252 753 3477 809 mederi.
3521 754 3636 810 Non

2068 837 2231 907 igitur
2256 855 2445 909 nugas,
2470 852 2580 923 {aut
2611 843 2789 898 inania
2820 845 2983 899 verba
3015 845 3371 915 proferemus,
3405 860 3637 913 quorum

2068 943 2174 982 non
2208 930 2503 987 audiantur
2536 947 2694 988 voces
2724 950 2738 988 :
2776 935 2869 990 sed
2900 936 2952 989 in
2990 950 3205 992 omnem
3240 937 3405 992 etiam
3434 946 3636 991 terram

2065 1020 2231 1075 exivit
2274 1035 2438 1078 sonus
2483 1038 2701 1089 eorum,
2729 1035 2785 1080 et
2833 1026 2886 1080 in
2932 1028 3067 1081 lines
3094 1027 3242 1083 orbis
3280 1037 3440 1083 terra:
3473 1027 3638 1082 verba

2065 1125 2273 1170 eorum.
2304 1113 2524 1177 Eorum,
2561 1115 2800 1184 inquam,
2832 1118 3141 1172 militarium
3170 1119 3443 1184 ordinum,
3468 1118 3641 1175 Persi-

2066 1220 2250 1260 carum
2281 1206 2757 1277 Romanarumque
2783 1209 3037 1265 classium
3056 1251 3072 1274 ,
3103 1226 3227 1267 cum
3277 1212 3630 1267 victoriosum

2066 1296 2259 1353 Crucis
2311 1308 2572 1369 tropaeum
2621 1299 2805 1357 divino
2850 1300 3159 1369 adiutorio,
3197 1318 3322 1359 cum
3380 1303 3633 1358 lleraclio

2067 1401 2193 1455 rege
2219 1389 2273 1441 in
2305 1388 2604 1444 Jerusalem
2639 1406 2914 1469 reversum
2946 1402 3053 1447 est.

2124 1480 2223 1534 Hic
2244 1482 2449 1537 scilicet
2476 1482 2703 1538 Romani
2724 1485 2934 1552 imperii
2959 1500 3021 1539 ea
3040 1495 3365 1554 tempestate
3397 1489 3639 1543 modera-

2068 1579 2153 1624 tor
2180 1570 2480 1639 Heraclius,
2505 1588 2626 1629 cum
2657 1585 2775 1643 post
2809 1575 3111 1644 Chaldaeos,
3145 1578 3449 1648 Persasque
3474 1596 3638 1647 supe-

2067 1670 2213 1714 ratos
2244 1660 2346 1715 iter
2375 1664 2440 1714 ad
2474 1663 2940 1720 Antiochenorum
2975 1667 3251 1723 civitatem
3282 1669 3637 1736 instituisset,

2068 1751 2121 1805 in
2152 1752 2509 1808 Athanasium
2553 1756 2839 1823 quemdam
2879 1758 3071 1814 incidit
3100 1760 3318 1815 odibilis
3367 1760 3638 1816 Jacobita-

384 1834 560 1906 νασίῳ
618 1836 939 1909 πατριάρχῃ
993 1837 1273 1910 λεγομένῳ
1320 1841 1421 1910 τῆς
1464 1842 1574 1895 τῶν
1632 1841 1965 1895 Ἰακωϐιτῶν

2075 1859 2184 1896 rum
2244 1844 2577 1901 hierarehias
2612 1850 2974 1916 patriarebam
3027 1860 3421 1921 nuncupatum,
3465 1853 3643 1908 homi-

386 1928 772 1998 μισιεραρχίας
794 1968 810 1993 ,
847 1928 1009 1999 δεινῷ
1034 1947 1141 1984 τινι
1171 1930 1286 1985 ὄντι
1318 1934 1445 2003 περὶ
1479 1932 1671 2002 λόγους
1692 1973 1707 1996 ,
1738 1934 1831 1987 καὶ
1865 1950 1968 1986 κα-

384 2016 609 2088 κούργῳ
636 2020 703 2089 τῇ
736 2019 847 2071 τῶν
890 2020 1077 2093 Σύρων
1116 2020 1348 2092 ἐμφύτῳ
1378 2024 1705 2094 πανουργίᾳ.
1740 2024 1851 2078 Kal
1880 2042 1967 2077 κι-

386 2110 561 2182 νήσας
591 2110 729 2181 πρὸς
760 2110 922 2164 αὐτὸν
964 2114 1092 2176 τοὺς
1123 2114 1253 2182 περὶ
1285 2114 1523 2175 πίστεως
1561 2114 1671 2167 τῶν
1704 2114 1799 2167 δύο
1830 2116 1967 2184 Χρι-

385 2202 517 2255 στοῦ
545 2201 763 2271 φύσεων
792 2202 989 2272 λόγους
1011 2243 1025 2268 ,
1056 2206 1084 2257 6
1127 2203 1379 2274 βασιλεὺς
1422 2206 1753 2275 ύπισχνείτο,
1797 2205 1871 2269 ὡς
1919 2206 1968 2258 εί

385 2292 640 2366 πεισθείη
666 2294 818 2365 αύτῷ
840 2335 855 2359 ,
880 2297 974 2349 καὶ
999 2295 1219 2365 δέξηται
1251 2298 1350 2367 τὴν
1380 2297 1543 2365 ἁγίαν
1577 2297 1794 2352 σύνοδον
1823 2297 1969 2352 Χαλ-

387 2384 658 2454 κηδόνος,
706 2386 1054 2457 πατριάρχην
1101 2387 1267 2440 αὐτὸν
1313 2388 1580 2460 καθιστᾷν
1623 2389 1725 2459 τῆς
1778 2388 1968 2443 αὐτόθι

388 2476 552 2545 ἁγίας
582 2477 877 2547 καθολικῆς
918 2478 1270 2549 Ἐκκλησίας.
1300 2481 1426 2533 Εἴτε
1453 2476 1545 2535 οὖν
1575 2481 1633 2534 ἐν
1654 2481 1964 2554 ὑποκρίσει,

388 2569 500 2622 εἴτε
528 2569 624 2622 καὶ
649 2571 771 2623 καθ’
802 2570 993 2644 ἕτερον
1021 2571 1223 2642 τρόπον
1251 2573 1403 2643 ὅμως
1453 2572 1674 2639 ἐδέξατο
1697 2571 1797 2642 τὴν
1832 2572 1967 2625 σύν-

389 2662 511 2715 οδον
560 2662 591 2714 6
624 2661 942 2725 Ἀθανάσιος
964 2701 980 2725 ,
1017 2664 1360 2734 ὁμολογήσας
1396 2663 1498 2727 τὰς
1524 2663 1620 2718 δύο
1648 2666 1707 2717 ἐν
1741 2662 1969 2735 Χριστῷ

390 2751 677 2822 ἡνωμένας
702 2752 913 2821 φύσεις.
942 2753 1050 2806 Καὶ
1072 2753 1276 2807 τούτων
1302 2754 1694 2825 στοιχηθέντων
1716 2754 1969 2826 ἡρώτησε

389 2839 483 2894 τὸν
507 2838 731 2911 βασιλέα
759 2842 889 2913 περὶ
915 2841 1018 2911 τῆς
1046 2842 1329 2913 ἐνεργείας
1348 2881 1364 2905 ,
1391 2844 1486 2896 καὶ
1518 2843 1627 2896 τῶν
1649 2843 1970 2913 θελημάτων

390 2929 475 2996 τὺ,
512 2931 629 2994 πῶς
657 2931 739 2984 δεῖ
777 2930 953 2985 ταῦτα
984 2930 1164 2999 λέγειν
1207 2933 1265 2986 ἐν
1293 2931 1371 3003 τῷ
1412 2932 1662 3003 Χριστῷ,
1697 2933 1895 3000 διπλᾶ,
1932 2933 1966 3003 ἢ

392 3022 694 3092 μοναδικά;
734 3021 795 3077 Ὀ
841 3022 970 3090 γοῦν
1008 3022 1265 3093 βασιλεὺς
1318 3023 1713 3095 ξενοφωνηθεὶς
1761 3026 1854 3078 ἐπὶ
1898 3027 1967 3097 τῇ

390 3113 683 3184 ἐρωτήσει,
710 3115 806 3169 ἅτε
833 3114 899 3186 δὴ
925 3114 1243 3201 οῠπωῆκατὰ
1269 3116 1396 3179 τοὺς
1422 3116 1722 3187 ἡμετέρους
1742 3118 1968 3188 καιροὺς

392 3172 681 3276 κίνηθείσγί
702 3243 718 3269 ,
749 3172 953 3275 γράιρει
985 3182 1121 3277 πρὸς
1151 3172 1549 3277 Μαρτίνόνιτὸν
1593 3172 1782 3260 πάπαν
1822 3172 1971 3271 ’ξ’ὡλ
1996 3172 2039 3229 C

395 3312 507 3365 μης
538 3296 669 3367 περὶ
704 3298 917 3350 τούτου’
950 3298 1151 3368 ὁμοίως
1182 3298 1276 3350 καὶ
1305 3298 1443 3368 πρὸς
1473 3298 1699 3368 Σέργιον
1726 3296 1817 3351 τὸν
1848 3297 1973 3351 ἐπί-

396 3397 599 3441 σκοπον
626 3390 1273 3454 Κωνσταντινουπόλεως.
1308 3391 1419 3443 Καὶ
1448 3394 1475 3443 6
1506 3390 1604 3461 μὲν
1634 3388 1823 3453 πάπας
1848 3389 1975 3461 ἐσή-

396 3498 569 3551 μανεν
592 3481 741 3551 αύτῷ
779 3481 921 3535 κατὰ
960 3481 1062 3553 τὴν
1096 3483 1395 3551 παράδοσιν
1439 3482 1547 3535 τῶν
1589 3482 1762 3549 ἁγίων
1794 3481 1973 3535 [lati-

394 3590 529 3645 ρων,
558 3574 753 3640 λέγων,
781 3576 864 3629 ὅτι
888 3574 1016 3629 ἔνθα
1044 3575 1139 3629 δύο
1166 3574 1353 3643 φύσεις
1379 3574 1757 3645 γνωρίζονται,
1780 3572 1974 3643 κτιστὴ

392 3667 532 3737 ὁμοῦ
561 3684 621 3720 τε
651 3667 746 3721 καί⁵
770 3668 1045 3731 ἄκτιστος,
1079 3669 1297 3736 ἀνάγκη
1326 3671 1477 3722 πᾶσα
1503 3668 1649 3738 ἔχειν
1682 3668 1853 3731 αὑτὰς
1880 3667 1975 3719 καὶ

362 3759 495 3822 ,τὰς
542 3757 637 3813 δύο
683 3759 863 3813 αὐτῶν
896 3759 1135 3830 φυσικὰς
1173 3759 1444 3830 ἰδιότητας
1466 3801 1481 3826 ,
1518 3759 1662 3827 λέγω
1692 3759 1758 3830 δὴ
1786 3758 1855 3813 τὰ
1886 3757 1976 3810 θε-

394 3850 652 3920 λήματα,
682 3852 778 3905 καὶ
813 3850 914 3915 τὰς
942 3851 1243 3919 ἐνεργείας·
1275 3843 1351 3903 ὧν
1379 3853 1489 3920 γὰρ
1552 3852 1585 3921 ἡ
1625 3849 1843 3920 θέλησις
1880 3848 1977 3901 καὶ

394 3948 431 4016 ὴ
471 3946 722 4018 ἐνέργεια
755 3946 853 4019 μία
880 3987 895 4011 ,
941 3947 1148 4001 τούτων
1182 3947 1401 4009 πάντως
1430 3946 1526 3998 καὶ
1572 3947 1604 4015 ἡ
1647 3944 1809 4013 φύσις
1844 3943 1974 4013 μία,

398 4039 494 4091 καὶ
523 4039 585 4092 οὐ
618 4038 712 4092 δύο
738 4038 1090 4109 τυγχάνουσι.
1123 4038 1310 4092 Ταῦτα
1341 4039 1438 4091 xal
1465 4038 1533 4092 τὰ
1566 4036 1795 4093 τοιαῦτα
1817 4038 1977 4107 Map-

396 4126 548 4182 τίνου
572 4128 642 4183 τὰ
675 4128 1002 4200 γράμματα.

484 4388 543 4441 '0
570 4388 629 4442 δὲ
661 4388 1284 4451 Κωνσταντινουπόλεως
1312 4386 1561 4458 Σέργιος,
1584 4386 1680 4441 ἅτε
1708 4384 1773 4457 δὴ
1810 4386 1980 4456 Συρο-

2068 1951 2187 1989 nem
2210 1936 2458 1992 sermone
2487 1948 2817 2008 promptum,
2849 1950 2904 1995 et
2933 1943 3236 2012 improbant
3260 1944 3440 1998 nativa
3475 1943 3642 2013 Syru-

2069 2043 2186 2082 rum
2235 2028 2549 2084 calliditate.
2598 2031 2845 2100 Cumque
2876 2033 2979 2087 sibi
3011 2034 3239 2088 invicem
3287 2034 3357 2088 de
3404 2035 3635 2103 duplicis

2066 2117 2267 2173 Christi
2292 2129 2497 2173 natura:
2531 2119 2634 2173 [ide
2671 2123 3169 2177 communicassent
3211 2125 3513 2179 sententias
3536 2167 3551 2188 ,
3591 2126 3641 2178 id

2069 2212 2284 2265 tandem
2315 2211 2587 2281 pollicitus
2616 2221 2698 2266 est
2734 2212 3052 2282 imperator,
3079 2215 3123 2268 si
3153 2215 3259 2270 sibi
3306 2229 3511 2269 morem
3551 2231 3643 2285 ge-

2070 2312 2234 2365 reret,
2269 2312 2623 2371 sanctamque
2652 2302 3150 2359 Chalcedonensem
3179 2307 3443 2377 synodum
3474 2308 3645 2361 susci-

2069 2402 2254 2462 peret,
2310 2394 2482 2461 ipsum
2530 2395 2649 2463 ejus
2672 2403 2874 2449 sancta:
2907 2396 3190 2451 catholica:
3236 2395 3489 2452 Ecclesiae
3550 2412 3644 2465 pa-

2071 2480 2357 2535 triarcbam
2399 2481 2513 2537 fore
2560 2483 3009 2537 constituturum.
3047 2480 3172 2537 Sive
3207 2483 3371 2553 igitur
3423 2482 3644 2537 simula-

2071 2573 2236 2639 tione,
2290 2574 2404 2629 sive
2451 2562 2561 2628 alio
2601 2573 2795 2642 quovis
2857 2571 3021 2627 modo
3072 2575 3316 2644 suscepit
3378 2574 3646 2644 synodum

2066 2666 2420 2731 Athanasius,
2457 2666 2725 2736 simulque
2751 2668 2888 2721 duas
2920 2667 2973 2721 in
3002 2667 3221 2721 Christo
3266 2665 3447 2720 unitas
3481 2674 3643 2718 natu-

2068 2769 2158 2808 ras
2175 2769 2295 2809 esse
2318 2754 2598 2809 confessus
2617 2766 2720 2810 est.
2742 2754 2837 2810 llis
2858 2755 2931 2810 ita
2948 2754 3278 2824 compositis,
3295 2754 3408 2823 ipse
3425 2753 3493 2808 de
3519 2768 3649 2821 ope-

2070 2846 2389 2911 rationibus,
2416 2856 2470 2901 et
2498 2847 2861 2902 voluntatibus
2895 2829 3244 2916 percontatur
3269 2862 3299 2901 a
3343 2862 3501 2917 rege,
3525 2847 3647 2900 uni-

2068 2951 2260 2991 canitie
2310 2946 2516 2991 tantum
2572 2954 2637 2992 an
2683 2938 2923 3006 duplices
2957 2940 3055 2994 bas
3089 2940 3294 3008 pariter
3328 2938 3381 2991 in
3427 2938 3649 2992 Christo

2068 3038 2314 3096 oporteat
2328 3027 2589 3095 proﬁteri.
2606 3027 2931 3097 Qnaéstionis
2953 3027 3234 3096 utriusque
3249 3026 3484 3080 novitate
3502 3040 3650 3077 com-

2074 3128 2248 3173 motus
2265 3133 2356 3172 rex
2376 3118 2671 3190 (numquam
2688 3118 2884 3171 etenim
2910 3119 2974 3172 ad
2995 3128 3175 3172 nostra
3197 3118 3310 3171 haec
3327 3130 3494 3184 usque
3515 3124 3650 3168 tem-

2073 3224 2202 3279 pora
2230 3211 2463 3265 excitata
2504 3209 2722 3278 fuerat),
2757 3210 2823 3265 de
2876 3210 2958 3264 his
3002 3210 3070 3263 ad
3128 3208 3415 3263 Martinum
3460 3207 3650 3262 scribit

2075 3318 2267 3372 papam
2292 3300 2619 3365 Romanum,
2664 3302 2959 3371 itidemque
2982 3303 3048 3356 ad
3102 3302 3349 3371 Sergium
3376 3298 3649 3353 Constan-

2075 3393 2328 3464 tinopolis
2344 3393 2680 3462 episcopum.
2713 3394 2889 3461 Atque
2933 3409 2962 3446 a
3009 3408 3145 3463 papa
3175 3392 3390 3460 quidem
3424 3404 3648 3459 respon-

2074 3499 2192 3540 sum
2224 3484 2458 3552 accipit,
2485 3500 2593 3554 quo
2624 3486 2876 3541 videlicet
2904 3486 3006 3540 sibi
3045 3484 3456 3555 signiﬁcabatur
3492 3482 3648 3549 juxta

2074 3585 2387 3631 sanctorum
2452 3575 2670 3647 Patrum
2740 3577 3116 3641 traditionem,
3190 3574 3281 3629 ubi
3349 3574 3467 3627 dna:
3528 3586 3649 3625 esse

2078 3676 2376 3722 noscuntur
2408 3677 2634 3734 natura},
2667 3678 2846 3722 creata
2878 3668 3135 3721 nimirum
3158 3707 3175 3732 ,
3214 3676 3376 3736 atque
3412 3667 3649 3719 inrreata

2078 3760 2283 3825 simul,
2348 3758 2422 3813 ibi
2483 3774 2707 3814 necesse
2747 3763 2951 3828 pariter
2999 3774 3159 3825 esse,
3208 3771 3651 3826 unamquamque

2079 3851 2348 3907 naturales
2377 3866 2505 3906 suas
2553 3851 2749 3905 habere
2782 3851 3177 3921 proprietates;
3220 3850 3373 3915 duas,
3407 3849 3649 3917 inquam,

2077 3940 2425 4006 voluntates,
2470 3950 2635 4009 atque
2678 3940 3025 4009 Operationes
3072 3956 3085 3993 :
3124 3954 3354 4008 quorum
3419 3951 3654 4004 namque

2078 4030 2713 4099 voluntasmperatioque
2731 4045 2835 4084 una
2857 4042 2959 4096 est,
2987 4030 3177 4083 horum
3202 4028 3405 4099 pariter
3437 4028 3652 4080 unicam

2078 4124 2332 4185 omnino,
2379 4137 2485 4175 non
2520 4120 2787 4190 duplicem
2840 4118 3165 4175 censendam
3221 4133 3342 4173 esse
3378 4127 3649 4170 naturam.

2082 4216 2232 4270 llanc
2262 4228 2483 4285 prorsus
2508 4212 2830 4268 sententiam
2854 4210 3069 4266 Martini
3098 4209 3292 4265 littera:
3321 4207 3651 4277 complecte-

2079 4308 2296 4363 bantur.

2155 4399 2378 4470 Sergius
2433 4412 2561 4454 vero
2597 4394 3154 4466 Constantinopolita,
3184 4394 3274 4464 qui
3321 4392 3529 4449 scilicet
3586 4408 3654 4448 ex

400 4486 567 4555 γενὴς
594 4485 874 4556 ὑπάρχων,
904 4485 979 4549 ὼς
1024 4484 1089 4555 δὴ
1115 4482 1273 4552 λόγος
1296 4523 1313 4548 ,
1342 4483 1438 4535 καὶ
1472 4479 1676 4547 γονέων
1723 4478 1974 4533 Ἰακωϐι-

2087 4486 2241 4559 Syria
2273 4497 2512 4541 traxerat
2545 4501 2731 4554 genus,
2761 4495 2921 4554 atque
2968 4500 3034 4539 ex
3068 4482 3330 4539 Jacobitis
3371 4484 3651 4554 prognatis

399 4576 510 4628 τῶν
539 4575 794 4644 ἐγγονος;
831 4576 898 4630 τὰ
942 4577 1159 4630 ἐναντία
1191 4576 1470 4647 Μαρτίνου
1503 4573 1793 4627 ἐπέστελλε
1840 4572 1977 4644 πρὸς

412 4668 751 4737 Ἡράκλειον,
786 4668 914 4739 μίαν
941 4686 999 4721 τε
1037 4668 1268 4740 φυσικὴν
1294 4669 1536 4739 θέλησιν,
1569 4667 1666 4722 καὶ
1700 4667 1980 4738 ἐνέργειαν

402 4761 461 4813 ἐν
490 4760 711 4831 Χριστῷ
740 4761 1098 4833 ὁμολογήσας.
1124 4762 1427 4833 Δεξάμενος
1452 4756 1544 4814 οὖν
1575 4762 1602 4813 6
1627 4759 1881 4830 βασιλεὺς
1918 4760 1978 4827 ἐξ

404 4855 733 4925 ἀμφοτέρων
765 4855 832 4908 τὰ
856 4856 1161 4928 γράμματα
1189 4855 1473 4926 ἐστοίχησε
1508 4853 1711 4925 μᾶλλον
1736 4856 1847 4917 τοῖς
1877 4853 1982 4906 ύπδ

404 4948 634 5018 Σεργίου
685 4952 994 5019 γραφεῖσιν·
1048 4949 1190 5020 άπερ
1238 4948 1332 5001 καὶ
1393 4947 1712 5010 ’Λθανάσιος
1765 4946 1983 5009 ὑπτίαις

407 5039 597 5110 χερσὶν
644 5040 895 5109 ἀσμένως
927 5040 1174 5105 ἐδέξατο,
1208 5040 1285 5102 ὡς
1329 5039 1635 5110 κακοῦργος
1678 5038 1983 5109 γινώσκων,

405 5127 489 5186 ὅτι
518 5130 647 5185 ἔνθα
675 5131 774 5202 μία
811 5132 1061 5203 ἐνέργεια
1091 5132 1326 5202 εἴρηται,
1362 5133 1483 5184 ἐκεῖ
1512 5132 1731 5193 πάντως
1758 5130 1855 5183 καὶ
1886 5130 1985 5200 μία

407 5222 571 5289 φύσις
593 5222 943 5293 γνωρίζεται.
970 5219 1103 5276 Εἶτα
1124 5222 1513 5276 ἀποστέλλεται
1535 5224 1563 5276 6
1587 5223 1775 5286 πάπας
1803 5221 1987 5292 Κύρος

408 5313 467 5364 ὲν
536 5312 948 5384 Ἀλεξανδρείᾳ,
998 5316 1145 5367 ποιεί
1185 5313 1387 5377 καύτὸς
1423 5314 1628 5385 ὁμοίως
1682 5314 1844 5366 κάκεῖ
1889 5313 1987 5383 τὴν

411 5404 694 5476 ύδροϐαφῆ
722 5406 938 5477 ἐκείνην
959 5407 1045 5461 διὰ
1089 5406 1368 5479 Θεοδώρου
1401 5406 1496 5460 τοῦ
1526 5406 1828 5477 ⁴ιιαρανίτου
1858 5405 1990 5458 ἐνω-

411 5512 518 5560 σιν,
553 5496 754 5566 μᾶλλον
802 5497 859 5551 δὲ
888 5498 1121 5551 κένωσιν
1165 5498 1318 5568 μίαν,
1371 5498 1566 5552 καύτοὶ
1617 5496 1806 5550 αὐτόοι
1851 5497 1988 5567 γρά-

410 5588 614 5657 ψαντες
659 5590 717 5643 ἐν
765 5590 988 5661 Χριστῷ
1020 5591 1260 5661 φυσικὴν
1300 5592 1401 5662 τὴν
1434 5591 1735 5662 ἐνέργειαν.
1772 5588 1990 5642 Τούτων

412 5679 479 5749 δὴ
510 5678 699 5733 λοιπὸν
738 5679 881 5734 οὕτω
916 5682 1059 5735 κατὰ
1099 5681 1208 5736 τῶν
1254 5682 1571 5752 Ἀντιοχέων
1606 5681 1701 5734 καὶ
1740 5679 1989 5745 Ἀλεξαν·

416 5770 589 5842 δρέων
616 5770 1237 5846 παρακολουθησάντων,
1272 5775 1353 5837 εἰς
1394 5776 1538 5844 μέγα
1564 5773 1765 5837 όνειδος
1797 5773 1831 5843 ἡ
1864 5772 1990 5825 σύν-

2084 4580 2257 4649 stirpe
2289 4576 2618 4640 dimanabat,
2679 4575 2887 4631 litteras
2930 4576 2996 4629 ad
3050 4573 3357 4629 lleraclium
3401 4574 3547 4628 dedit
3601 4573 3655 4626 in

2085 4675 2370 4727 adversam
2403 4669 2637 4724 Martino
2667 4668 2997 4724 sententiam
3041 4666 3382 4737 conscriptas
3403 4705 3418 4731 ,
3460 4665 3657 4734 quibus

2085 4765 2297 4819 unicam
2350 4762 2647 4817 naturalem
2688 4761 3055 4825 voluntatem,
3089 4759 3574 4829 operationemque
3606 4757 3659 4812 in

2084 4855 2300 4910 Christo
2328 4854 2704 4909 conﬁtebantur.
2757 4849 2978 4905 Litteris
3023 4851 3076 4904 in
3134 4851 3277 4905 hunc
3308 4864 3469 4919 quem
3519 4848 3661 4902 dixi-

2088 4963 2206 5002 mus
2241 4945 2455 4999 modum
2503 4943 2571 4998 ab
2612 4953 2840 5007 utroque
2870 4942 3109 5011 acceptis
3161 4942 3477 5011 imperator,
3530 4939 3658 4994 Ser-

2086 5042 2157 5110 gii
2191 5041 2367 5110 potius
2390 5038 2671 5094 sententia:
2700 5040 2978 5092 adbazrere
3007 5037 3313 5101 constituit,
3348 5052 3511 5107 quam
3543 5036 3659 5103 epi-

2087 5132 2224 5186 stola
2246 5142 2618 5198 expresserat,
2659 5144 2929 5201 quamque
2954 5128 3287 5184 Athanasius
3314 5129 3510 5200 gaudio
3543 5125 3659 5183 ela-

2090 5233 2178 5279 tus
2204 5223 2469 5291 resupinis
2487 5232 2779 5292 exceperat
2807 5222 3094 5290 manibus,
3119 5222 3210 5292 qui
3242 5221 3451 5277 scilicet
3495 5220 3657 5275 calli-

2088 5311 2189 5366 dus
2244 5319 2420 5377 norat,
2473 5310 2549 5364 ibi
2601 5311 2822 5366 omnino
2865 5312 3077 5366 unicam
3116 5320 3364 5365 naturam
3427 5308 3659 5377 intelligi

2091 5414 2361 5472 oportere,
2391 5402 2481 5457 ubi
2514 5402 2671 5458 unica
2723 5418 2843 5458 esse
2886 5405 3132 5474 operatio
3155 5402 3450 5459 diceretur.
3487 5401 3662 5473 Cyrus

2092 5497 2299 5553 interea
2329 5498 2571 5567 pontifex
2596 5496 2978 5552 Alexandriam
3020 5498 3287 5563 mittitur,
3320 5510 3429 5567 quo
3464 5494 3567 5549 loci
3608 5505 3663 5548 et

2097 5590 2210 5660 ipse
2238 5588 2491 5643 similiter
2510 5604 2605 5659 per
2637 5588 2975 5642 Theodorum
3007 5588 3351 5643 Pliaranitem
3386 5600 3450 5639 eo
3479 5584 3658 5638 unita-

2094 5680 2188 5746 tis,
2212 5678 2324 5732 sivc
2346 5678 2526 5749 potius
2563 5677 2840 5731 inanitatis
2871 5678 3123 5747 dogmate
3171 5675 3445 5739 inlicitur;
3491 5687 3662 5743 quare

2099 5771 2311 5841 utrique
2364 5769 2575 5825 unicam
2618 5768 2757 5825 hanc
2818 5768 3119 5824 naturalem
3180 5766 3548 5837 operationem
3590 5756 3663 5820 in
