4072 6524
515 353 654 421 1155

1714 355 1775 414 S.
1818 353 2217 415 ANASTASII
2259 351 2588 414 SINAlT/E

3638 349 3768 416 1156

513 468 733 525 Christo
756 463 977 535 scriptis
1000 468 1366 535 propugnant.
1398 460 1497 519 His
1525 460 1691 532 igitur
1719 461 1772 515 in
1807 462 1908 516 hac
1937 470 2087 530 post—

2204 460 2308 525 ›δος
2353 457 2696 528 Χαλκηδόνος
2732 456 2829 513 καὶ
2884 456 3217 529 ἡκαθολικὴ
3263 458 3594 530 περιέπεσεν
3655 463 3761 516 Ἐκ-

512 576 577 618 ea
611 560 1057 632 permanentibus
1086 557 1359 611 sententia
1386 556 1650 611 adversus
1690 552 2086 619 Antiochenos,

517 662 679 722 atque
719 649 1146 710 Alexandrinos,
1184 648 1237 700 in
1274 660 1525 716 magnam
1562 644 1753 699 incidit
1794 643 2092 700 Chalcedo-

518 742 708 799 nensis
748 742 1098 813 synodus,et
1143 738 1427 794 Catholica
1468 737 1707 793 Ecclesia
1744 735 2097 806 vituperatio-

517 851 663 890 nem.
695 832 879 888 Jacobi
922 846 1157 900 namque
1186 840 1488 887 sectatores
1543 830 1599 884 in
1648 816 1828 900 Syria,
1860 826 2097 883 Alexan-

518 927 758 995 driaeque
780 924 1068 980 Theodosii
1101 909 1347 993 discipuli
1398 924 1450 977 in
1496 922 1666 990 ipsius
1695 921 1934 975 dedecus
1982 918 2097 989 glo-

2185 552 2409 623 κλησία.
2442 551 2863 621 Κατεκαύχοντο
2896 549 3008 621 γὰρ
3035 551 3085 604 oi
3114 551 3186 605 τά
3231 551 3495 605 Ἰακώϐου
3526 554 3582 605 ἐν
3608 553 3770 625 Συρίᾳ

2186 642 2557 713 φρονοῦντες,
2606 643 2700 696 καὶ
2750 642 2801 696 οἱ
2847 641 2917 695 τά
2958 641 3245 696 Θεοδοσίου
3292 644 3352 696 ἐν
3400 643 3772 717 Ἀλεξανδρείᾳ

2187 734 2513 804 φάσκοντες,
2541 734 2624 787 ὅτι
2653 733 2765 803 Οὐχ
2793 734 2960 804 ἡμεῖς
2990 735 3058 803 τῇ
3086 732 3419 805 Χαλκηδόνι,
3446 733 3561 787 ἀλλ’
3581 736 3615 805 ἡ
3639 735 3773 788 Χαλ-

2191 828 2375 898 κηδών
2411 828 2616 898 μᾶλλον
2658 830 2792 899 ἡμῖν
2822 828 3180 900 ἐκοινώνησε,
3207 828 3297 883 διά
3332 828 3436 899 τῆς
3465 832 3595 900 μιᾶς
3622 831 3773 903 ἐνερο

2190 921 2344 989 γείας
2380 920 2511 991 μίαν
2538 919 2923 992 ὁμολογήσασα
2952 922 3115 991 φύσιν
3145 921 3409 993 Χριστοῦ.

520 1020 801 1073 riabantur
826 1019 1053 1073 aientes.
1088 1019 1201 1073 Non
1234 1033 1332 1074 nos
1382 1018 1740 1083 Chalccdoni,
1801 1017 1895 1071 sed
1961 1014 2363 1072 Chalcedonem
2418 1019 2598 1086 potius
2638 1017 2919 1073 nobiscum
2976 1018 3333 1085 convenisse,
3387 1032 3507 1089 quae
3536 1018 3776 1075 videlicet

518 1112 590 1168 ob
620 1111 832 1165 unicam
863 1110 1064 1165 Christi
1097 1111 1467 1179 operationem
1493 1110 1710 1165 unicam
1742 1122 1958 1179 quoque
1990 1119 2237 1163 naturam
2271 1108 2388 1176 ejus
2440 1107 2698 1165 fateatur.

592 1200 688 1257 His
704 1201 906 1256 auditis
924 1200 1207 1257 Heraclius
1221 1200 1468 1263 erubuit;
1483 1209 1742 1256 caeterum
1782 1214 2094 1269 quanquam

2269 1196 2404 1254 Εἶτα
2434 1200 2678 1264 ἀκούσας
2702 1199 2876 1255 ταῦτα
2918 1199 3241 1272 Ἡράκλειος
3269 1199 3539 1274 ᾐσχύνθη,
3564 1202 3661 1255 καὶ
3689 1219 3777 1255 κα-

521 1308 644 1363 quas
668 1294 853 1348 animo
883 1302 1243 1364 proposuerat
1270 1294 1558 1364 repudiare
1590 1292 1779 1358 nollet,
1815 1307 1990 1362 neque
2018 1302 2097 1346 ta-

2204 1291 2425 1346 ταλῦσαι
2475 1291 2576 1361 μὲν
2616 1291 2686 1345 τά
2732 1293 2913 1347 οίκεῖα
2955 1292 3059 1346 οὐκ
3106 1292 3304 1364 ἡθελε,
3341 1294 3437 1349 καὶ
3478 1292 3645 1347 πάλιν
3692 1294 3777 1347 τὸν

523 1399 648 1438 men
673 1383 947 1441 ferendam
976 1400 1097 1440 esse
1120 1384 1506 1439 contumeliam
1528 1384 1884 1440 existimavit.
1912 1383 2099 1454 Itaque

2204 1384 2499 1454 ὀνειδισμὸν
2525 1384 2625 1454 οὐχ
2648 1384 2911 1456 ὑπέφερε.
2943 1384 3080 1438 Τότε
3105 1384 3170 1455 δὴ
3199 1384 3276 1448 ὡς
3300 1384 3444 1454 μέγα
3468 1401 3523 1437 τι
3548 1382 3776 1453 νομίζων

523 1477 689 1531 veluti
742 1492 993 1545 magnum
1043 1476 1246 1548 aliquid
1296 1475 1480 1532 facere
1512 1477 1907 1546 excogitasset,
1967 1477 2098 1531 illud

2204 1480 2391 1541 ποιεῖν,
2427 1476 2703 1530 ἐκτίθεται
2740 1478 2802 1529 τὸ
2832 1477 3131 1548 λεγόμενον
3172 1478 3374 1532 ίδικτον
3405 1476 3469 1530 τὸ
3498 1475 3773 1546 περιέχον,

524 1568 666 1635 quod
695 1568 930 1623 edictum
965 1577 1310 1638 nuncupatur
1353 1566 1669 1638 publicavit,
1707 1582 1815 1637 quo
1847 1569 2097 1622 contine-

2207 1568 2344 1638 μήτε
2372 1567 2523 1638 μίανν
2556 1568 2695 1639 μήτε
2717 1568 2811 1622 δύο
2831 1568 3113 1640 ἐνεργείας
3140 1568 3425 1639 ὁμολογεῖν
3455 1569 3514 1621 ἐν
3541 1567 3773 1638 Χριστῷ·

525 1665 637 1721 tur,
692 1672 864 1727 neque
911 1659 1128 1714 unicam
1177 1659 1455 1725 deinceps,
1506 1671 1681 1729 neque
1730 1658 1995 1726 duplicem
2041 1658 2094 1712 in

2204 1663 2341 1732 ὅπερ
2370 1661 2435 1731 δὴ
2463 1662 2789 1730 ἀναγνόντες
2831 1663 2880 1715 oi
2925 1662 2994 1716 τὰ
3041 1663 3280 1733 Σεϐήρου
3314 1660 3663 1734 φρονοῦντες,
3693 1662 3779 1714 ἐπὶ

522 1748 745 1805 Christo
781 1750 861 1805 fas
899 1750 1039 1814 fore,
1076 1750 1323 1805 confiteri
1362 1751 1757 1820 Operatiunem.
1791 1748 1941 1816 Quod
1973 1765 2095 1804 eum

2204 1754 2518 1824 καπηλείων
2579 1755 2675 1807 καὶ
2734 1753 3031 1824 βαλανείων
3087 1755 3337 1825 διέσυρον
3402 1753 3503 1824 τὴν
3565 1754 3778 1807 καθολι-

523 1840 590 1894 ad
646 1838 834 1895 Severi
894 1850 1224 1896 sectatorum
1278 1842 1527 1895 notitiam
1577 1842 1945 1910 pervenisset,
1996 1855 2093 1908 per

2204 1846 2305 1918 κὴν
2342 1820 2702 1914 Ἐκκλησίαν,
2734 1820 3008 1913 λέγοντες·
3042 1820 3255 1917 Πρώην-
3271 1845 3373 1915 μὲν
3394 1820 3777 1915 ’τὰ-Νεστορίου

524 1946 797 2001 cauponas
850 1933 1128 1999 continuo,
1176 1944 1338 2002 atque
1382 1946 1477 2002 per
1525 1931 1715 1987 balnea
1757 1932 2092 1986 Catholicam

2204 1938 2529 2010 φρονοῦντες
2559 1940 2608 1991 oi
2652 1938 3047 2009 Χαλκηδονῖται
3086 1939 3365 2009 ἀνένηψαν
3411 1936 3778 2007 ἐπιστρέψαν-

523 2024 712 2077 sannis
740 2023 981 2079 lacerare
1014 2033 1297 2094 cmperunt
1320 2024 1641 2089 Ecclesiam,
1675 2024 1725 2077 in
1753 2026 1895 2078 hunc
1928 2026 2096 2080 ferme

2204 2048 2283 2094 τες
2321 2032 2402 2093 είς
2436 2031 2535 2104 τὴν
2566 2031 2862 2101 ἀλήθειαν,
2894 2031 3185 2095 ἐνωθέντες
3220 2032 3355 2102 ἡμῖν
3381 2030 3471 2085 διά
3512 2030 3617 2100 τῆς
3658 2030 3779 2100 μιᾶς

524 2118 744 2171 modum
774 2118 1015 2171 dicentes
1049 2133 1152 2170 non
1187 2118 1258 2171 ita
1290 2117 1494 2187 pridem
1525 2115 1761 2171 Nestorii
1794 2117 2095 2187 discipulos

2204 2123 2475 2194 ἐνεργείας
2527 2124 2608 2187 είς
2643 2123 2742 2193 τὴν
2790 2122 2921 2193 μίαν
2953 2123 3045 2176 τοῦ
3079 2122 3316 2195 Χριστοῦ
3366 2124 3550 2193 φύσινο
3585 2122 3685 2175 νῦν
3727 2121 3779 2175 δέ

523 2209 996 2264 Chalcedonenses
1047 2209 1207 2263 sorde
1261 2209 1471 2263 ablutos
1509 2208 1673 2264 fuisse
1699 2224 1990 2263 conversos
2028 2210 2096 2264 ad

523 2302 834 2367 veritatem,
861 2300 1185 2369 coniunctos
1210 2302 1365 2356 nobis
1388 2303 1439 2355 in
1470 2302 1628 2355 unius
1655 2300 1858 2355 Christi
1890 2310 2097 2356 natura:

2193 2216 2557 2283 καταγνόντες
2608 2215 2704 2269 τοῦ
2753 2215 2934 2279 καλῶς
2998 2215 3214 2285 ἔχοντος
3267 2215 3562 2270 ἀπώλεσαν
3607 2212 3783 2284 ἀμφό-

2192 2321 2349 2379 τερα,
2389 2308 2527 2377 μήτε
2559 2306 2712 2376 μίαν,
2744 2308 2882 2377 μήτε
2910 2306 3003 2360 δύο
3031 2308 3087 2359 ἐν
3119 2308 3343 2379 Χριστῷ
3369 2306 3779 2378 ὁμολογοῦντες,

526 2393 654 2459 tlde,
686 2394 756 2448 ob
782 2394 996 2448 unicam
1026 2394 1432 2464 Operationem;
1462 2407 1603 2447 nunc
1638 2407 1769 2447 vero
1834 2406 1955 2460 qua:
1982 2401 2129 2447 recte
2204 2395 2452 2450 instituta
2503 2396 2717 2450 fuerant
2758 2398 3203 2463 condemnantes,
3247 2409 3538 2467 utramque
3595 2405 3783 2450 sustu-

524 2485 675 2550 lisse,
714 2500 836 2540 eum
873 2501 1050 2556 neque
1084 2487 1301 2541 unicam
1328 2484 1465 2556 jam,
1512 2500 1686 2554 neque
1741 2484 2009 2554 duplicem
2045 2486 2097 2540 in
2136 2486 2354 2543 Christo
2388 2489 2773 2545 conﬁteantur.

596 2578 724 2633 llaec
754 2580 1001 2644 audiens,
1031 2578 1579 2648 animadvertensque
1603 2580 1973 2634 Romanorum
2004 2596 2101 2633 an-

528 2667 685 2721 tistes
711 2666 1000 2732 Martinus,
1043 2682 1165 2722 cum
1204 2668 1425 2723 minime
1460 2669 1569 2738 pati
1613 2679 1793 2738 posset
1830 2671 1963 2724 adeo
1992 2669 2097 2723 im-

526 2763 793 2830 pudenter
826 2763 1093 2817 dedecore
1132 2760 1377 2815 aifectam
1423 2761 1723 2817 Ecclesium
1766 2765 2096 2831 prospicere,

526 2850 781 2920 plurium
811 2863 1122 2907 sanctorum
1174 2854 1551 2922 episcoporum
1589 2852 1775 2907 Roma:
1830 2854 2098 2923 synodum

527 2942 698 3011 cogit,
744 2943 797 2996 in
845 2957 949 3013 qua
993 2958 1060 2998 ex
1113 2952 1423 2998 sanctorum
1471 2942 1691 2997 Patrum
1748 2944 2097 3009 testimoniis,

529 3034 666 3089 duas
720 3034 981 3089 indivisas
1024 3034 1225 3089 Christi
1258 3035 1639 3104 proprietates,
1674 3036 1777 3090 hoc
1836 3044 1921 3090 est
1954 3035 2099 3089 divi-

2268 2582 2453 2636 Ταῦτα
2476 2584 2541 2654 δὴ
2574 2584 2848 2649 ἀκούσας,
2883 2583 2980 2638 καί⁸
3018 2583 3241 2655 θεωρῶν
3269 2583 3298 2637 6
3336 2582 3437 2652 τῆς
3497 2582 3785 2653 Ῥωμαίων

2197 2673 2463 2745 πρόεδρος
2497 2676 2816 2746 Μαρτίνος,
2861 2676 2958 2731 καὶ
2996 2676 3072 2747 μὴ
3108 2676 3290 2745 φέρων
3336 2674 3508 2737 οὕτως
3541 2671 3786 2744 αἰσχρῶς

2196 2768 2329 2837 δρᾷ-ν
2390 2767 2793 2839 ὁνε-ιδιξομένιίιν
2846 2769 2945 2841 τὴν
2992 2768 3344 2838 Ἐκκλησίαν,
3408 2768 3555 2820 ποιεῖ
3602 2767 3667 2818 ἐν
3721 2768 3785 2836 τῇ

2209 2858 2398 2931 Ῥώμῃ
2430 2859 2651 2915 σύνοδον
2687 2862 2953 2916 πλειόνων
2973 2861 3138 2917 ὁσίων
3167 2861 3504 2925 ἐπισκόπων,
3540 2857 3785 2928 κηρύξας

2196 2952 2262 3004 ἐκ
2293 2954 2617 3023 Πατερικῶν
2666 2955 2987 3027 μαρτυριῶν
3029 2954 3122 3007 δύο
3159 2954 3498 3024 ἀδιαιρέτους
3543 2949 3785 3022 Χριστοῦ

2201 3044 2302 3106 τὰς
2333 3044 2621 3117 ἰδιότητας,
2649 3048 2898 3101 τουτέστι
2950 3047 3051 3118 τὴν
3086 3046 3234 3100 Θείαν
3297 3046 3393 3100 καὶ
3429 3046 3531 3115 τὴν
3574 3043 3787 3117 ἀνθρω·

532 3139 657 3177 nam
694 3133 749 3178 et
784 3124 1074 3178 humanam
1127 3124 1463 3179 voluntatem
1509 3124 1646 3191 ejus,
1698 3136 1860 3195 atque
1897 3140 2097 3195 opera-

2207 3138 2371 3207 πίνην
2405 3139 2628 3213 θέλησιν
2679 3140 2843 3195 αὑτοῦ
2903 3140 2998 3193 καὶ
3038 3138 3345 3209 ἐνέργειαν.
3393 3133 3525 3191 Εῐτα
3556 3136 3786 3206 τελευτᾷ

533 3220 730 3270 tionem
779 3218 952 3286 palam
988 3219 1290 3286 profitetur.
1353 3219 1477 3272 Post
1524 3219 1636 3273 haec
1667 3218 1899 3273 decessit
1933 3217 2103 3274 Hera-

532 3307 668 3363 clius
704 3326 719 3363 :
754 3308 972 3377 pellitur
993 3310 1185 3365 exsilio
1208 3309 1472 3366 Martinus
1503 3312 1570 3366 ab
1599 3310 1833 3366 Heraclii
1863 3319 2058 3383 nepote
2086 3329 2101 3367 :

535 3397 832 3469 statimque
867 3401 1106 3454 surrexit
1158 3400 1440 3457 solitarius
1482 3400 1705 3457 Amalec
1753 3416 1853 3459 nos
1896 3401 2107 3459 Christi

533 3491 785 3561 populum
816 3494 1148 3561 percutiens.
1796 3498 1799 3501 ’

605 3584 787 3640 Prima
832 3601 894 3641 ea
948 3587 1049 3642 fuit
1098 3587 1374 3655 terribilis,
1426 3595 1591 3658 atque
1644 3588 1965 3645 insanabilis
1994 3590 2108 3647 Ro-

534 3678 679 3733 mani
709 3679 987 3733 exercitus
1012 3679 1195 3735 clades
1230 3697 1244 3734 :
1279 3680 1393 3746 illa,
1423 3679 1667 3749 inquam,
1692 3681 1757 3734 ad
1787 3680 2104 3750 Gabitliam,

532 3784 589 3829 ct
630 3772 1042 3838 lliermucham,
1080 3784 1136 3829 et
1188 3772 1490 3828 Dathemon
1524 3772 1804 3842 sanguinis
1838 3773 2000 3839 fusio,
2038 3774 2106 3828 ad

532 3883 696 3936 quam
736 3866 1165 3933 Palaestinorum,
1198 3875 1253 3920 et
1281 3864 1732 3930 Caesareensium,
1770 3873 1825 3919 et
1854 3865 2109 3920 Hieroso-

533 3957 842 4027 lymitarum
914 3965 1116 4012 secuta:
1164 3965 1292 4011 sunt
1341 3967 1583 4026 captura:
1633 3966 1686 4012 et
1740 3957 2102 4015 incensiones.

531 4048 661 4103 lude
699 4048 916 4120 JEgypti
954 4050 1248 4119 pernicies,
1292 4058 1416 4119 post
1464 4063 1592 4104 vero
1644 4050 1903 4104 continuo
1938 4049 2107 4105 Medi-

533 4151 933 4203 terraneorum,
987 4152 1043 4196 et
1074 4142 1403 4206 lnsnlarum,
1438 4150 1492 4197 et
1532 4142 1808 4197 Romania:
1838 4143 2106 4198 universae

530 4232 893 4301 captivitates,
920 4232 1354 4301 insanabilesque
1376 4232 1709 4287 vastationes
1736 4232 2099 4303 contigerunt.

533 4326 732 4381 Verum
768 4341 943 4394 neque
984 4335 1271 4395 propterea
1304 4340 1491 4394 pacem
1550 4324 1777 4379 [inmani
1829 4325 2105 4394 principes

530 4426 584 4473 et
645 4416 1012 4471 dominatores
1067 4415 1588 4481 consensioneinque
1639 4413 1960 4475 firmarunt;
2018 4427 2105 4465 ve-

2221 3228 2566 3301 Ἦράκλειος·
2616 3232 2913 3304 ἐξορίζεται
2942 3232 3217 3303 Μαρτῖνος
3262 3229 3367 3284 ὑπὸ
3418 3228 3515 3283 τοῦ
3558 3228 3783 3298 ἐγγόνου

2218 3318 2568 3392 Ἡρακλείοψ
2604 3324 2699 3378 καὶ
2732 3323 2925 3377 θᾶττον
2950 3322 3151 3393 ἀνέστη
3179 3322 3208 3374 6
3231 3320 3495 3392 ἐρημικδς
3535 3319 3787 3391 ’Δμαλὴκ

2205 3411 2429 3467 τύπτων
2471 3414 2623 3486 ἡμᾶς
2650 3413 2742 3468 τὸν
2772 3414 2900 3467 λαὸν
2937 3411 3036 3467 τοῦ
3068 3410 3329 3484 Χριστοῦ.

2278 3590 2495 3663 Ἐκείνη
2526 3584 2594 3663 ἦν
2622 3591 2655 3662 ἡ
2695 3586 2887 3661 πρώτη
2922 3586 3020 3643 καὶ
3066 3584 3274 3658 φοϐερὰ
3315 3584 3414 3639 καὶ
3440 3584 3657 3647 ἀνίατος
3692 3582 3783 3635 τοῦ

2218 3678 2534 3751 Ῥωμαϊκοῦ
2572 3678 2805 3751 στρατοῦ
2842 3678 3081 3743 πτῶσις·
3135 3678 3170 3749 ἡ
3216 3677 3360 3731 κατά
3406 3676 3505 3747 τὴν
3550 3674 3785 3730 Γαϐιθᾶν

2208 3770 2378 3839 λέγω,
2408 3769 2503 3823 καὶ
2545 3770 2890 3841 Ἰερμουχᾶν,
2924 3770 3023 3823 καὶ
3044 3766 3145 3839 τὴν
3177 3766 3441 3838 Δαθεμῶν
3466 3765 3782 3836 αίμοχυσία,

2211 3864 2333 3934 μεθ’
2387 3865 2454 3935 ἢν
2507 3862 2565 3918 αἱ
2616 3862 3032 3930 Παλαιστινῶν,
3092 3861 3188 3916 καὶ
3246 3860 3623 3933 Καισαραίων,
3689 3857 3784 3911 καὶ

2218 3954 2611 4026 Ἰεροσολύμων
2662 3954 2897 4019 ἁλώσεις
2977 3955 3073 4008 καὶ
3102 3953 3429 4025 ἐμπρήσεις.
3467 3947 3603 4005 Εἶτα
3634 3952 3661 4003 6
3688 3951 3781 4004 Δί-

2207 4046 2435 4115 γύπτιος
2480 4045 2724 4117 ὄλεθρος,
2786 4046 2883 4099 καὶ
2914 4044 3152 4114 καθεξῆς
3201 4044 3259 4099 αἱ
3311 4043 3422 4097 τῶν
3462 4042 3780 4113 μεσογείων,

2207 4139 2305 4193 καὶ
2333 4140 2534 4210 νήσων,
2568 4138 2667 4192 καὶ
2709 4137 3023 4209 Ῥωμανίας
3051 4138 3230 4208 πάσης
3259 4135 3633 4207 αίχμαλωσίαι
3689 4134 3781 4189 καὶ

2208 4230 2418 4284 ἀνίατοι
2442 4230 2775 4302 ἐρημώσεις.
2815 4231 2957 4285 Ἀλλ’
2987 4231 3098 4285 οὐδ’
3129 4229 3301 4292 οὕτως
3326 4229 3408 4292 είς
3431 4227 3780 4297 συναίσθησιν

2208 4316 2372 4393 ἦλθον
2397 4324 2446 4377 οἱ
2485 4323 2778 4395 Ῥωμαίων
2808 4325 3070 4396 ἄρχοντες
3120 4322 3215 4377 καὶ
3236 4321 3585 4393 κυριεύοντες
3604 4336 3619 4349 ο
3650 4320 3781 4374 ἀλλά

2206 4414 2271 4485 δὴ
2327 4416 2809 4487 μεταστειλάμενοι
2850 4417 2975 4480 τοὺς
3007 4418 3066 4468 ἐν
3119 4417 3184 4486 τῇ
3244 4412 3536 4485 Ῥωμαίων
3582 4412 3780 4482 συνόδῳ

530 4520 651 4560 rnm
688 4505 858 4574 captis
894 4504 982 4570 iis,
1024 4505 1116 4575 qui
1149 4506 1200 4560 in
1238 4503 1480 4559 Romana
1514 4502 1722 4574 synodo
1764 4500 2101 4566 effulserant,

2213 4504 2641 4576 διαλάμψαντας,
2672 4506 3109 4577 γλωσσοτομίαις
3159 4505 3253 4560 καὶ
3285 4503 3666 4575 χειροκοπίαις
3704 4504 3778 4565 είς

531 4598 835 4669 linguarum
866 4596 1230 4661 sectionibus,
1274 4610 1642 4665 manuumque
1678 4595 2106 4649 abscissionihns

532 4689 585 4744 in
624 4690 767 4758 ipsos
799 4687 1322 4743 animadverterunt.
1363 4686 1468 4742 Sed
1495 4686 1664 4755 quid?
1711 4686 1902 4740 horum
1950 4685 2106 4740 nobis

530 4797 558 4834 a
604 4781 713 4836 Deo
762 4796 1022 4837 concessa
1067 4780 1355 4836 retributio
1411 4780 1539 4844 fuit;
1597 4779 1684 4833 illa
1739 4779 1994 4833 nimirum
2049 4778 2104 4831 in

530 4872 814 4929 thuicia
864 4872 1047 4928 totalis
1088 4887 1228 4943 pene
1287 4872 1517 4927 Romani
1575 4872 1871 4935 exercitus,
1908 4871 2106 4925 milita-

530 4966 780 5037 riumque
803 4966 1052 5021 ordinum
1078 4966 1366 5035 pernicies,
1416 4974 1582 5033 atque
1628 4964 1681 5018 in
1722 4962 1879 5031 hujus
1921 4977 2105 5017 acces-

532 5074 650 5114 sum
696 5061 898 5129 pariter
934 5058 1113 5113 omnis
1153 5057 1451 5114 Christiani
1506 5056 1686 5127 p0puli
1734 5056 2105 5124 locorumque

530 5153 765 5207 vastatio
798 5169 811 5205 :
849 5168 969 5222 quas
1010 5166 1118 5206 non
1152 5134 1301 5221 prius
1334 5151 1607 5216 cessavit,
1665 5166 1826 5219 quam
1887 5148 2102 5203 Martini

532 5252 847 5314 persecutor
890 5243 942 5298 in
980 5243 1166 5299 Sicilia
1220 5244 1396 5315 gladio
1431 5253 1744 5315 peremptus
1787 5251 1890 5297 est.
1934 5241 2107 5308 Hujus

533 5350 695 5406 porro
741 5336 879 5391 filius
918 5335 1312 5391 Constantinus
1332 5337 1473 5407 pius,
1509 5335 1845 5392 meumenica
1875 5348 2107 5404 congre-

532 5437 656 5501 gata
692 5428 919 5499 synodo,
952 5435 1174 5483 sanctas
1223 5428 1502 5497 conjunxit
1554 5428 1849 5491 Ecclesias,
1905 5426 1958 5479 in
1992 5440 2099 5495 qua

532 5519 715 5574 divina
746 5520 904 5575 simul
940 5528 996 5575 et
1021 5520 1256 5575 humana
1285 5520 1411 5577 Jcsu
1437 5521 1641 5577 Christi
1678 5519 1772 5575 Dei
1806 5518 1977 5575 nostri
2008 5532 2102 5573 vo-

534 5612 737 5678 luntas,
764 5621 925 5683 atque
953 5620 1191 5683 potestas
1217 5613 1492 5668 communi
1517 5612 1862 5667 confessione
1893 5609 2100 5664 consti-

534 5712 651 5759 tuta
704 5713 807 5759 est.
840 5704 969 5771 Quae
998 5714 1182 5759 sancta
1236 5706 1498 5777 synodus,
1538 5704 1703 5760 veluti
1758 5701 2102 5771 acceptaliile

532 5794 885 5865 sacriﬁcium,
937 5807 993 5856 et
1043 5808 1101 5856 ut
1151 5798 1334 5856 Aaron
1363 5797 1495 5855 illud
1563 5795 1883 5866 thymiama,
1923 5809 1953 5848 a
1992 5791 2102 5851 Deo

2216 4599 2415 4663 αὐτοὺς
2471 4600 2797 4671 ἐχρήσαντο.
2830 4599 2896 4651 Τί
2948 4600 3042 4666 δέ;
3101 4599 3257 4669 καὶή
3311 4597 3519 4650 τούτων
3553 4597 3686 4666 ἡμῖν
3718 4595 3777 4646 ἐκ

2205 4690 2345 4744 Θεοῦ
2377 4691 2684 4757 ἀντίδοσις·
2718 4692 2902 4763 ἐκείνη
2930 4694 2961 4763 ἡ
2993 4693 3049 4745 ἐν
3074 4695 3141 4763 τῇ
3168 4690 3391 4764 Φοινίκῃ
3433 4688 3640 4761 μικροῦ
3671 4690 3775 4742 δεῖν

2208 4783 2486 4856 παντελὴς
2515 4784 2611 4838 τοῦ
2648 4784 2970 4854 Ῥωμαϊκοῦ
3014 4782 3267 4855 στρατοῦ,
3315 4781 3411 4836 καὶ
3461 4780 3556 4834 τοῦ
3595 4780 3773 4833 στόλου

2205 4874 2476 4943 ἀπώλεια,
2516 4876 2613 4929 καὶ
2654 4876 2688 4945 ἡ
2720 4875 2857 4928 κατὰ
2887 4874 3190 4945 πρόσϐασιν
3220 4872 3384 4926 πάλιν
3411 4870 3632 4925 πάντων
3677 4869 3774 4923 τῶν

2206 4968 2613 5040 Χριστιανικῶν
2668 4969 2846 5035 λαῶν,
2907 4969 3002 5021 καὶ
3052 4969 3231 5022 τόπων
3286 4968 3568 5038 ἐρήμωσις
3602 4982 3617 4997 ο
3664 4966 3773 5035 ητις

2206 5062 2307 5114 οὐκ
2366 5062 2667 5125 ἐπαύσατο,
2714 5061 2875 5131 ἄχρις
2930 5059 2995 5113 ἃν
3046 5060 3074 5113 6
3126 5058 3401 5129 Μαρτίνου
3459 5056 3694 5127 διώκτης
3721 5056 3773 5107 ἐν

2206 5153 2433 5224 Σικελίᾳ
2469 5152 2575 5206 ὑπὸ
2608 5152 2887 5224 μαχαίρας
2916 5150 3213 5205 ἀπέθανεν.
3258 5150 3316 5204 '0
3360 5148 3417 5203 δέ
3443 5148 3633 5202 τούτου
3669 5148 3772 5208 υῐδς

2206 5246 2617 5307 Κωνσταντῖνος
2658 5247 2686 5297 6
2738 5242 2970 5313 εὐσεϐὴς
3014 5242 3081 5294 δι’
3129 5243 3514 5313 οἱκουμενικῆς
3562 5240 3768 5294 συνόδου

2204 5336 2302 5399 τάς
2336 5337 2503 5404 ἀγίας
2554 5334 2881 5403 Ἐκκλησίας
2922 5334 3127 5405 ἥνωσε,
3178 5334 3331 5388 θείαν
3379 5350 3439 5386 τε
3490 5332 3630 5403 ὁμοῦ
3688 5331 3769 5385 καὶ

2206 5427 2561 5497 ἀνθρωπίνην
2617 5428 2675 5480 ἐν
2726 5425 2947 5497 Χριστῷ
2978 5426 3055 5496 τῷ
3100 5425 3218 5496 Θεῷ
3269 5425 3425 5495 ἡμῶν
3472 5425 3617 5478 κατὰ
3652 5424 3768 5484 τοὺς

2204 5516 2396 5585 ἁγίους
2432 5517 2685 5587 Πατέρας
2741 5514 3087 5587 ὁμολογήσας
3134 5512 3355 5583 θέλησιν
3404 5528 3465 5564 τε
3506 5512 3599 5564 καὶ
3629 5512 3767 5580 ἐνέρο

2204 5623 2384 5677 γειαν.
2420 5607 2581 5668 Ἦτις
2612 5604 2735 5659 ὁσία
2765 5604 3003 5669 σύνοδος,
3046 5604 3237 5675 ὥσπερ
3270 5602 3433 5657 θυσία
3488 5600 3767 5673 εὐπρόσδε-

2204 5717 2353 5763 κτος,
2383 5699 2480 5753 καὶ
2514 5699 2590 5763 ώς
2618 5701 2798 5754 ἐκεῖνο
2830 5698 2892 5752 τὸ
2919 5696 3015 5752 τοῦ
3059 5698 3273 5769 Ἀαρών
3320 5696 3573 5768 θυμίαμα
3608 5709 3765 5766 προσ-

2202 5792 2454 5864 δεχθεῖσα
2474 5791 2625 5863 παρὰ
2642 5790 2719 5863 τῷ
2746 5789 2866 5863 Θεῷ
2881 5790 2975 5845 ἐπὶ
2998 5788 3170 5846 εἴκοσι
3193 5788 3417 5864 χρόνους
3443 5790 3534 5844 τὸν
3558 5787 3763 5856 ὄλεθρον
