4072 6526
360 308 500 377 1157

1778 336 2034 398 SERMO
2076 341 2194 403 III.

3481 354 3618 424 1158

354 426 452 534 τοῦ
504 427 796 533 ,ἡμετέρου
848 432 979 489 λαοῦ
1038 435 1281 504 ἔπαυσε,
1342 441 1444 513 τὴν
1493 444 1771 519 μάχαιραν
1830 451 1938 504 τῶν

2043 465 2292 526 excepta,
2342 458 2531 529 viginti
2561 475 2830 518 annorum
2882 465 3081 534 spatio,
3129 480 3348 525 cessare
3395 471 3621 529 omnino

356 516 575 614 δχθρῶν
622 525 746 577 κατ’
802 526 1047 599 ἀλλήλων
1106 532 1288 587 αὐτῶν
1348 535 1546 606 ἤγαγε,
1608 516 1708 604 τάτς
1759 540 1947 614 χώρας

355 609 640 666 ἀνέπαυσε
670 653 688 677 ,
748 616 850 688 τὴν
906 619 1180 677 θάλατταν
1243 624 1475 696 πλόϊμον
1522 609 1792 701 ἐποίησε,
1842 609 1943 698 τὰς

355 704 740 796 αἰχμαλωσίας
781 709 1099 779 διεκώλυσε,
1167 716 1261 770 καὶ
1316 719 1467 793 πάσῃ
1529 724 1594 793 τῇ
1658 723 1943 796 Ῥωμανίᾳ

354 792 543 849 ἄνεσιν
577 799 673 852 καὶ
708 800 1058 874 παράκλησιν
1094 806 1188 859 καὶ
1236 792 1464 880 είρὴνην
1494 811 1554 864 οὐ
1586 792 1820 883 μετρίαν
1854 792 1944 867 πεν-

355 886 612 959 ποίηκεν.
659 891 825 947 Ἀλλά
868 892 931 966 δὴ
989 896 1163 951 ταῦτα
1211 901 1393 954 πάντα
1440 903 1490 955 ot
1543 905 1938 976 ματαιόφρονες

356 976 460 1032 οὑκ
488 978 761 1049 ἔγνωσαν,
778 984 898 1038 οὐδὲ
928 987 1195 1057 συνῆκαν,
1218 991 1276 1043 ὲν
1296 992 1480 1047 σκότει
1500 993 1936 1067 διαπορεύονται,

356 1067 451 1121 ἰπὶ
490 1071 831 1142 καπηλείων,
867 1076 963 1129 καὶ
1009 1077 1329 1149 βαλανείων,
1381 1084 1477 1137 καὶ
1519 1087 1812 1157 κορασίων,
1845 1088 1942 1141 καὶ

355 1160 651 1233 ἑταιρίδων
680 1165 828 1236 ἡμᾶς
856 1166 1231 1241 διασύροντες,
1279 1174 1374 1226 καὶ
1419 1175 1742 1246 φάσκοντες,
1772 1177 1856 1231 δτι
1890 1179 1939 1232 οἱ

357 1254 453 1309 δύο
486 1257 611 1330 Θελή
621 1277 770 1331 ματα
797 1261 1051 1332 λέγοντες
1078 1268 1136 1320 ὲν
1163 1267 1244 1339 τῷ
1273 1270 1515 1342 Χριστῷ,
1548 1274 1765 1337 πάντως
1790 1273 1853 1326 τὸ
1881 1271 1941 1328 ἓν

357 1350 566 1419 ἀγαθὸν
591 1352 837 1423 λέγουσι,
872 1357 933 1411 τὸ
961 1358 1018 1413 δὲ
1040 1358 1230 1432 ἕτερον
1255 1364 1511 1435 πονηρὸν,
1548 1364 1610 1418 τὸ
1653 1364 1709 1417 ἓν
1735 1365 1937 1432 θεῖκὸν,

357 1439 421 1496 τὸ
445 1443 502 1497 δὲ
535 1444 726 1518 ἕτερον
755 1446 1084 1505 διαδολικόν,
1120 1452 1243 1515 Πῶς
1281 1453 1390 1525 γὰρ
1421 1454 1646 1508 δυνατὸν
1686 1456 1824 1520 ὅλως
1852 1456 1941 1509 λέ-

357 1552 480 1604 γειν
497 1537 841 1609 ἀνθρώπινον
870 1541 1085 1613 θέλημα
1108 1545 1165 1597 ὲν
1185 1545 1408 1618 Χριστῷ
1429 1565 1444 1614 ;
1469 1546 1565 1601 τοῦ
1610 1549 1938 1602 Ἀποστὸλου

357 1630 633 1700 λέγοντος,
664 1634 748 1688 ὅτι
795 1652 816 1688 t
854 1636 928 1689 Τὸ
974 1636 1193 1709 θέλημα
1236 1641 1338 1710 τῆς
1382 1640 1588 1711 σαρκὸς
1618 1641 1768 1712 νόμῳ
1801 1640 1938 1695 Θεοῦ

357 1725 459 1795 οὑχ
505 1726 908 1783 ὑποτάσσεται·
949 1747 968 1780 ι
1004 1729 1097 1783 καί
1123 1744 1135 1759 ⁸
1177 1750 1196 1783 ι
1242 1731 1317 1784 Τὸ
1344 1730 1557 1802 θέλημα
1590 1732 1689 1800 τῆς
1740 1731 1943 1803 σαρκὸς

2043 546 2175 603 fecit
2209 550 2384 618 gentis
2409 560 2608 608 nostrae
2639 556 2956 624 perniciem,
3010 558 3329 627 gladiosque
3369 560 3618 617 inimico-

2044 654 2163 694 rum
2196 640 2247 694 in
2278 642 2423 711 ipsos
2446 643 2675 698 invicem
2696 648 2970 703 convertit
2996 665 3009 701 :
3036 649 3351 706 civitatibus
3371 652 3618 722 requiem

2042 732 2293 798 contulit,
2326 734 2597 802 placidum
2648 734 2776 792 fecit
2812 754 2982 806 mare,
3025 740 3300 810 sanguinis
3321 742 3619 800 eﬂusiones

2043 824 2218 880 valide
2272 826 2541 894 cohibuit,
2596 829 2975 899 universasque
3023 832 3302 887 Romanis!
3350 834 3617 903 requiem,

2040 916 2462 983 relaxationem,
2500 919 2955 981 consolationem.
2985 937 3286 994 pacemque
3318 924 3619 989 ineredibie

2040 1004 2145 1061 lem
2177 1009 2529 1077 comparavit.
2559 1007 2757 1065 Verum
2784 1011 2897 1067 ιιωο
2924 1028 3057 1068 sane
3080 1015 3263 1070 omnia
3298 1016 3620 1085 insipientes

2041 1113 2149 1155 non
2174 1111 2564 1177 cognoverunt,
2618 1116 2794 1172 neque
2829 1102 3246 1172 intellexerunt;
3283 1105 3338 1161 in
3374 1108 3616 1162 tenebris

2040 1192 2340 1256 ambulant,
2363 1202 2525 1263 atque
2551 1207 2650 1264 per
2677 1209 2972 1263 cauponas,
2992 1210 3088 1265 per
3108 1198 3324 1265 balnea,
3358 1199 3615 1268 interque

2041 1281 2484 1337 muliercularum
2526 1284 2765 1355 agmina,
2799 1293 2852 1339 et
2880 1285 3165 1354 lupanaria
3198 1286 3356 1343 nobis
3410 1287 3616 1344 calum-

2040 1373 2285 1438 niantur,
2315 1374 2524 1431 aientes
2553 1390 2650 1431 eos
2674 1376 2765 1445 qui
2784 1376 2918 1431 duas
2939 1390 3062 1434 esse
3092 1379 3143 1433 in
3173 1378 3393 1435 Christo
3426 1380 3620 1435 volun-

2042 1474 2182 1522 tates
2235 1466 2526 1533 allirmant,
2585 1467 2809 1523 alteram
2860 1470 3057 1525 bonam
3107 1471 3333 1526 omnino
3390 1485 3617 1541 ponere,

2041 1558 2265 1614 alteram
2297 1560 2562 1630 iniquam,
2599 1574 2764 1615 unam
2799 1561 3058 1627 divinam,
3086 1562 3311 1616 alteram
3346 1576 3477 1618 vero
3508 1563 3621 1617 dia-

2040 1647 2293 1703 holicam.
2318 1648 2430 1714 Qua
2452 1649 2619 1716 enim,
2648 1650 2921 1720 inquiunt,
2948 1651 3160 1707 ratione
3185 1652 3301 1707 ﬁeri
3334 1661 3533 1724 potest,
3560 1661 3622 1708 ut

2042 1737 2281 1793 humana
2315 1753 2438 1794 esse
2472 1740 2526 1794 in
2580 1740 2801 1797 Christo
2834 1742 3048 1797 dicatur
3094 1744 3371 1811 voluntas,
3427 1745 3615 1800 aiente

358 1812 626 1884 ἐχθραεὶς
653 1814 807 1869 Θεόν⁶
834 1835 852 1868 ι
872 1816 985 1872 καί’
1024 1836 1044 1870 ι
1074 1814 1264 1889 Ἦμέν
1291 1836 1424 1874 ποτε
1456 1821 1549 1875 καὶ
1584 1821 1748 1892 ἡμεῖς
1779 1822 1938 1875 ἀπει-

2043 1829 2301 1900 Apostolo
2331 1832 2477 1900 quod
2515 1849 2534 1883 ι
2571 1832 2825 1888 voluntas
2864 1833 3048 1889 carnis
3086 1833 3197 1889 Deo
3230 1849 3336 1888 non
3393 1833 3622 1901 subjici-

358 1901 499 1969 θεῖς,
554 1904 840 1972 ποιοῦντες
863 1906 934 1962 τὰ
968 1907 1253 1981 θελήματα
1299 1911 1401 1984 τῆς
1430 1912 1638 1984 σαρκός
1664 1927 1678 1942 ο
1721 1912 1784 1966 τὸ
1825 1911 1938 1985 γὰρ

360 1993 575 2068 θέλημα
614 1999 716 2070 τῆς
744 2000 949 2073 σαρκὸς
982 2000 1237 2068 θάνατος.
1280 2021 1301 2058 ι

432 2261 622 2319 Ταῦτα
648 2266 743 2320 καὶ
767 2266 838 2321 τά
862 2269 1090 2324 τοιαῦτα
1115 2269 1164 2322 ot
1189 2270 1287 2342 τῆς
1315 2271 1574 2343 ἀληθείας
1604 2272 1792 2344 ἐχθροὶ
1815 2269 1939 2327 καθ’

361 2356 521 2427 ἡμῶν
555 2359 898 2429 ὑλακτοῦσιν,
932 2364 1008 2428 ὡς
1042 2365 1228 2434 κύνες,
1256 2366 1351 2422 καλ⁸
1384 2368 1565 2433 ἵπποι,
1589 2369 1682 2422 καὶ
1702 2368 1936 2440 ἡμίονοι,

359 2442 445 2512 οἷς
474 2451 574 2504 οὑκ
609 2450 723 2507 ἔστι
759 2452 996 2521 σύνεσις,
1029 2459 1493 2530 συκοφαντοῦντες
1525 2460 1696 2531 ἡμᾶς,
1734 2460 1810 2523 ὡς
1847 2459 1939 2513 δύο

361 2542 653 2613 πρόσωπα,
684 2545 780 2599 καὶ
813 2545 905 2600 δύο
934 2547 1269 2613 ὑποστάσεις
1292 2549 1553 2619 λέγοντας
1600 2550 1660 2603 ὲν
1690 2550 1936 2621 Χριστῷ,

360 2634 458 2688 καὶ
487 2635 579 2689 δύο
610 2636 949 2709 διορισμοὺς,
996 2640 1092 2695 καὶ
1125 2640 1219 2695 δύο
1257 2642 1509 2705 ἐναντίας
1538 2641 1810 2708 ἐξουσίας,
1847 2643 1940 2695 καὶ

361 2727 731 2799 ἀρνουμένους
753 2731 850 2802 τὴν
870 2733 1166 2787 Θεοτόκον
1187 2734 1393 2804 φωνὴν,
1425 2735 1521 2789 καὶ
1546 2733 1727 2788 πάντα
1752 2734 1936 2798 διπλᾶ,

362 2820 457 2873 καὶ
489 2819 798 2892 διῃρημένα
848 2823 943 2876 ἐπὶ
988 2822 1155 2877 αὑτοῦ
1206 2825 1654 2896 δογματίζοντας,
1704 2825 1799 2878 καὶ
1846 2824 1940 2878 δύο

363 2912 666 2982 ἐνεργείας,
698 2913 913 2984 ἀγαθήν
934 2931 994 2968 τε
1025 2916 1120 2968 καὶ
1154 2914 1396 2988 πονηρὰν
1424 2917 1511 2969 ἐπ’
1535 2915 1702 2971 αὑτοῦ
1729 2916 1938 2988 κηρύτ-

360 3021 576 3069 τοντας.
612 3005 691 3058 Δι’
722 2998 962 3060 ὧντινων
1013 3007 1293 3079 φλυαριῷν
1330 3026 1390 3062 τε
1433 3008 1529 3061 καὶ
1563 3008 1940 3079 συκοφαντιῶν

363 3093 603 3163 ἔϐλαψαν
619 3095 805 3163 λαοὺς,
824 3096 1048 3167 ἕσχισαν
1075 3097 1422 3169 Ἐκκλησίας,
1442 3100 1713 3170 ἐτάραξαν
1728 3097 1935 3171 χώρας,

362 3188 660 3261 ὲνύΰρισαν
683 3192 783 3262 τὴν
812 3191 1019 3259 πίστιν,
1053 3193 1218 3265 ἱερεῖς
1244 3192 1571 3264 ἁπέσχισαν,
1607 3194 1938 3265 μονάζοντας
1965 3175 2010 3236 C

362 3283 699 3355 ὲπλάνησαν,
724 3286 996 3358 ἄρχοντας
1030 3286 1285 3357 ἐμίαναν,
1312 3287 1381 3340 τὰ
1405 3287 1589 3342 πάντα
1617 3287 1937 3352 ἐσάλευσαν,

362 3375 545 3429 πᾶσαν
574 3376 749 3444 πόλιν,
768 3380 951 3433 πᾶσαν
983 3378 1201 3451 κώμην,
1239 3382 1423 3433 πᾶσαν
1457 3379 1749 3451 ἐπαρχίαν,
1780 3379 1943 3448 διωγ-

372 3470 508 3539 μοὺς
552 3469 908 3539 ποιήσαντες,
929 3470 1247 3542 αἰκισμοὺς,
1266 3471 1557 3541 ὲτασμοὺς,
1577 3471 1939 3543 ἁφορισμοὺς,

364 3558 605 3629 ὲξορίας,
658 3560 985 3628 καταδίκας,
1024 3560 1143 3625 οἵας
1172 3560 1294 3614 οὐδὲ
1335 3561 1606 3634 Ἄρειανολ⁵
1652 3561 1797 3617 κατὰ
1844 3562 1943 3632 τῆς

378 3651 732 3722 Ἐκκλησίας,
768 3653 929 3723 μῖσός
961 3671 1021 3707 τε
1070 3654 1317 3709 τοιοῦτον
1350 3654 1489 3725 πρὸς
1519 3655 1668 3725 ἡμᾶς
1704 3654 1941 3724 ἔχοντες,

364 3739 481 3797 οἷον
498 3742 623 3797 οὔτε
639 3744 777 3815 πρὸς
810 3744 1126 3813 Ἰουδαίους,
1146 3746 1180 3817 ἣ
1198 3747 1499 3819 Σαμαρεῖς,
1525 3746 1558 3818 ἢ
1581 3746 1939 3816 Μανιχαίους,

365 3835 402 3905 ἢ
454 3834 745 3906 Ἕλληνας,
801 3835 835 3907 ἢ
887 3836 1206 3901 ἀποστάτας
1240 3837 1486 3907 ἔχουσινο
1542 3836 1860 3909 αἱρούμενοι
1885 3837 1943 3890 δὲ

367 3927 573 3999 μᾶλλον
604 3927 921 3992 συνδυάζειν
950 3927 1049 3981 καὶ¹
1074 3928 1492 3993 συναυλίζεσθαι
1513 3930 1626 3993 τοῖς
1649 3930 1718 3981 τὰ
1748 3928 1942 3982 είδωλα

365 4017 789 4090 προσκυνοῦσιν,
815 4019 849 4091 ἢ
873 4021 1009 4091 ἡμῖν
1030 4022 1144 4085 τοῖς
1168 4020 1267 4085 τὰς
1286 4020 1380 4074 δύο
1402 4021 1641 4091 Χριστοῦ
1675 4021 1944 4092 ἰδιότητας

364 4109 696 4181 ἀδιαιρέτως
752 4109 999 4179 λέγουσι,
1046 4112 1143 4166 καὶ
1195 4112 1553 4183 συνεύχεσθαι
1606 4112 1807 4184 μᾶλλον
1846 4113 1946 4168 σὺν

382 4201 662 4266 Ἰουδαίοις
692 4202 1071 4275 ἐκλεγόμενοι,
1098 4204 1132 4276 ἢ
1167 4206 1264 4259 σὺν
1296 4206 1428 4277 ἡμῖν
1456 4208 1569 4270 τοῖς
1589 4205 1946 4275 ὁμολογοῦσιν

366 4296 427 4347 ὲν
478 4293 702 4366 Χριστῷ
760 4294 915 4350 θείαν
975 4313 1035 4351 τε
1072 4296 1169 4352 καὶ
1226 4296 1580 4369 ἀνθρωπίνην
1619 4299 1947 4370 ἀδιαιρέτως

368 4384 592 4456 θέλησίν
621 4403 682 4439 τε
716 4387 812 4441 καὶ
840 4388 1127 4459 ἐνέργειαν
1147 4402 1162 4417 ⁸
1197 4389 1275 4461 μὴ
1321 4390 1662 4462 βουλόμενοι,
1701 4393 1844 4464 τάχα
1889 4392 1946 4447 δὲ

2047 1920 2169 1976 tur‘
2214 1939 2234 1973 ι
2267 1930 2320 1977 et
2352 1939 2367 1977 :
2402 1940 2422 1973 ι
2461 1921 2720 1980 Voluntas
2750 1924 2934 1980 carnis
2958 1925 3241 1981 inimicitia
3272 1927 3325 1980 in
3355 1926 3557 1982 Deum’
3587 1946 3609 1980 ι

2044 2023 2098 2070 et
2132 2032 2151 2067 ι
2185 2014 2411 2071 Fuimus
2441 2015 2733 2086 aliquando
2755 2018 2921 2072 etiam
2958 2033 3057 2073 nos
3088 2017 3200 2074 Deo
3234 2019 3615 2076 inobedientes

2043 2107 2228 2161 carnis
2254 2106 2583 2163 voluntatem
2607 2109 2868 2165 facientes
2899 2126 2914 2165 :
2949 2110 3200 2167 voluntas
3230 2125 3464 2181 namque
3491 2125 3618 2168 car-

2043 2195 2132 2252 nis
2163 2211 2310 2253 mors
2337 2198 2498 2253 est'?
2534 2217 2555 2251 ι

2119 2285 2264 2351 Haec,
2291 2288 2596 2358 horumque
2617 2286 2817 2343 similia
2839 2287 3101 2345 adversus
3125 2303 3227 2345 nos
3249 2289 3453 2345 latrant
3474 2290 3617 2346 veri-

2049 2379 2179 2434 tatis
2215 2379 2425 2447 hostes,
2453 2387 2511 2435 ut
2548 2394 2737 2442 canes,
2764 2372 3001 2449 etequi,
3022 2389 3079 2435 et
3102 2381 3256 2447 muli,
3287 2383 3484 2451 quibus
3506 2399 3612 2438 non

2045 2482 2131 2527 est
2166 2471 2497 2538 intellectus,
2532 2471 2845 2526 calumniati
2896 2473 3086 2541 nobis,
3142 2484 3401 2543 tanquam
3477 2474 3613 2529 duas

2044 2579 2341 2634 personas,
2412 2564 2653 2634 duasque
2713 2564 3091 2620 subsistentias
3174 2565 3481 2620 diceremus
3564 2567 3617 2619 in

2046 2654 2282 2719 Christo,
2332 2655 2634 2726 duplexque
2685 2655 2813 2710 item
2870 2656 3159 2711 discrimen
3213 2657 3616 2724 distinctionis,

2047 2747 2290 2814 duasque
2326 2747 2632 2802 contrarias
2676 2756 3012 2817 potestates;
3050 2757 3104 2803 et
3146 2747 3443 2804 Theotocon
3490 2749 3616 2804 Dei-

2044 2855 2191 2907 parw
2242 2854 2427 2894 vocem
2484 2854 2838 2908 negaremus,
2888 2841 3180 2910 omniaque
3225 2843 3482 2909 diversa,
3532 2853 3619 2897 at-

2047 2945 2152 2999 que
2198 2930 2457 2986 distincta
2505 2941 2873 2987 statueremus
2920 2933 2972 2987 in
3037 2934 3186 3002 ipso,
3220 2934 3488 3004 duplicem
3520 2935 3616 2989 de-

2051 3022 2216 3092 nique
2240 3022 2633 3092 operationem,
2692 3024 2888 3078 bonam
2917 3033 2973 3080 et
2999 3024 3197 3079 malam
3238 3025 3293 3080 in
3324 3040 3389 3081 eo
3414 3026 3621 3081 consti-

2049 3122 2347 3170 tueretnus.
2389 3114 2597 3183 Quibus
2622 3116 2886 3183 dicteriis,
2916 3126 2970 3172 et
3001 3116 3292 3174 calumniis
3321 3117 3618 3173 maximum

2043 3207 2338 3263 intulerunt
2396 3208 2606 3279 populis
2655 3210 2936 3275 damnum,
2969 3211 3271 3266 scisserunt
3319 3210 3619 3275 Ecclesias,

2043 3305 2333 3358 turbarunt
2352 3304 2536 3366 urbes,
2568 3301 2765 3372 injuria
2796 3302 2955 3357 [idem
2983 3301 3303 3368 aﬂ‘ecernnt,
3327 3302 3623 3358 schismate

2043 3394 2342 3449 diviserunt
2379 3394 2693 3448 sacerdotes
2715 3431 2731 3459 ,
2775 3393 3108 3463 deceperunt
3155 3392 3456 3461 solitarios,
3488 3408 3619 3448 con-

2044 3486 2374 3540 taminarunt
2404 3484 2698 3554 principes.
2743 3484 2923 3539 omnia
2960 3483 3327 3550 concitarunt,
3372 3484 3425 3538 in
3459 3485 3610 3539 omni

2043 3577 2194 3641 urbe,
2247 3576 2299 3631 in
2357 3576 2502 3631 omni
2556 3576 2817 3642 incolatu,
2875 3577 3292 3648 principatuque
3355 3592 3617 3647 persecu-

2043 3669 2245 3723 tionem
2297 3678 2727 3732 commoventes,
2762 3668 3009 3739 injurias,
3051 3669 3452 3739 inquisitiones,
3495 3684 3622 3725 sen-

2044 3762 2279 3826 tentias,
2328 3761 2544 3827 exsilia,
2593 3762 3115 3827 condemnationes,
3187 3762 3375 3833 quales
3446 3778 3623 3833 neque

2041 3854 2230 3909 Ariani
2311 3864 2727 3910 commoverunt
2800 3857 3010 3925 uspiam
3092 3855 3358 3910 adversus
3433 3854 3622 3909 Eccle-

2044 3947 2202 4011 siam,
2231 3952 2381 4000 tanto
2408 3960 2507 4001 nos
2531 3944 2656 4000 odio
2686 3945 2980 4015 prosecuti,
3015 3956 3278 4015 quantum
3311 3960 3486 4016 neque
3515 3946 3617 4000 ad-

2043 4053 2236 4094 versus
2259 4037 2498 4102 Judaeos,
2536 4035 2621 4093 vel
2667 4038 2989 4102 Samarites,
3026 4038 3109 4093 vel
3152 4037 3503 4103 Manichacus,
3534 4036 3621 4091 vel

2045 4128 2284 4197 Graecos,
2325 4128 2412 4184 vel
2456 4143 2787 4193 recessores,
2822 4127 2938 4183 sive
2959 4138 3237 4199 apostatas
3264 4129 3449 4183 animo
3477 4142 3618 4182 con-

2045 4223 2346 4294 cepissent,
2382 4223 2712 4278 commorari
2742 4222 2946 4291 p0tius,
2979 4222 3327 4292 cotnilariqne
3352 4221 3618 4292 eligentes

2044 4328 2167 4371 cum
2200 4311 2468 4368 idolorum
2501 4312 2802 4367 cultoribus
2831 4328 2994 4382 quam
3029 4311 3336 4376 nobiscum,
3365 4312 3456 4380 qui
3485 4310 3621 4364 duas

2046 4403 2281 4459 indivise
2315 4401 2518 4457 Christi
2544 4404 2904 4472 proprietates
2934 4404 3285 4472 profitemur;
3319 4411 3373 4456 et
3421 4398 3621 4469 praele-

371 4480 513 4550 μήτε
545 4478 838 4551 δυνάμενοι
898 4481 1203 4553 διακρίναι,
1247 4482 1300 4536 τί
1340 4483 1442 4554 μέν
1493 4485 1609 4538 ἐστι
1657 4484 1718 4539 τὸ
1765 4485 1944 4539 θεῖκδν

2053 4505 2235 4553 rentes
2266 4510 2387 4549 cum
2405 4494 2607 4550 Judaeis
2630 4496 2878 4550 oratione
2905 4496 3220 4559 convenire,
3247 4510 3412 4563 quam
3435 4493 3622 4547 nobis-

368 4572 467 4625 καὶ
491 4570 749 4627 ἀκτιστον
780 4569 1014 4643 θέλημα,
1044 4572 1097 4626 τί
1142 4573 1199 4626 δέ
1230 4574 1348 4627 ἐστι
1378 4574 1440 4628 τὸ
1487 4576 1801 4632 θεόκτιστον
1850 4579 1945 4633 καὶ

2047 4604 2193 4655 cum,
2229 4587 2322 4658 qui
2354 4587 2593 4642 divinam
2616 4588 3019 4659 humanamque
3047 4589 3278 4643 indivise
3331 4589 3383 4642 in
3406 4585 3624 4642 Christo

370 4663 656 4718 θεόσδοτον
688 4663 789 4735 τῆς
831 4663 1058 4736 λογικῆς
1086 4665 1245 4736 ἡμῶν
1291 4665 1473 4736 ψυχῆς
1503 4666 1717 4740 θέλημα
1738 4708 1753 4735 ,
1790 4670 1856 4723 δι’
1887 4664 1945 4725 οῦ

2046 4682 2281 4737 fatemur
2312 4680 2668 4746 voluntatem,
2705 4692 2870 4750 atque
2897 4682 3312 4751 operationem;
3343 4693 3464 4733 cum
3521 4692 3621 4731 no-

370 4755 682 4827 θελήματος
718 4756 1012 4826 ἐργάζεται
1044 4758 1107 4811 τὺ
1161 4758 1367 4826 ἀγαθὸν
1397 4760 1489 4814 καὶ
1517 4760 1814 4832 εὐάρεστον
1850 4762 1945 4818 τοῦ

2050 4773 2172 4839 lint,
2218 4786 2396 4842 neque
2420 4787 2551 4827 vero
2592 4774 2806 4843 possint
2828 4772 3086 4830 continuo
3112 4772 3445 4837 discernere,
3471 4783 3624 4838 quae-

369 4846 509 4901 Θεοῦ
537 4845 783 4918 θέλημα·
817 4848 870 4901 τί
907 4847 966 4901 δὲ
1011 4848 1176 4902 πάλιν
1202 4849 1321 4904 ἐστὶ
1365 4849 1427 4903 τὸ
1462 4852 1749 4923 σαρκικδν,
1785 4855 1945 4924 ἤγουν

2049 4880 2172 4920 nam
2208 4866 2279 4920 sit
2310 4865 2515 4932 divina,
2557 4875 2723 4936 atque
2770 4865 3011 4920 increata
3051 4865 3338 4927 voluntas,
3371 4877 3622 4933 quanam

371 4938 679 4992 διαδολικὸν
709 4939 802 4993 καὶ
855 4939 1042 4994 ὑλικὸν
1072 4939 1306 5012 θέλημα,
1351 4943 1488 5015 ὅπερ
1530 4946 1557 4998 ὁ
1595 4943 1739 5009 θεῖος
1784 4947 1945 5000 ’Λπό-

2052 4969 2181 5009 vcro
2210 4969 2272 5009 ea
2305 4956 2377 5010 sit
2400 4954 2675 5019 voluntas,
2709 4969 2828 5025 quae
2855 4970 2886 5009 a
2923 4956 3031 5010 Deo
3069 4964 3253 5011 creata
3310 4964 3417 5020 est,
3452 4956 3624 5008 dono-

375 5030 589 5093 στολος,
620 5031 714 5084 καὶ
744 5031 915 5085 πᾶσαι
946 5030 1003 5085 αί
1036 5029 1251 5102 Γραφαὶ
1278 5032 1626 5089 διαόάλλουσι
1678 5036 1775 5088 καὶ
1813 5038 1945 5091 ἀπο-

2056 5061 2159 5115 qne
2188 5047 2383 5101 tributa
2419 5045 2667 5100 rationali
2708 5057 2908 5102 nostra:
2942 5056 3172 5112 naturae,
3217 5061 3323 5116 qua
3372 5045 3626 5101 videlicet

376 5120 685 5177 ϐάλλονται.
2059 5136 2333 5192 voluntate
2349 5135 2545 5190 bonum
2568 5151 2879 5206 operamur,
2903 5146 3065 5208 atque
3084 5137 3426 5193 sanctissima
3446 5137 3628 5191 divina

376 5216 681 5271 voluntasa
725 5216 881 5271 nobis
923 5216 1250 5288 adimpletur
1282 5238 1296 5275 :
1328 5219 1564 5290 quidque
1591 5236 1780 5278 rursus
1816 5223 2072 5290 carnalis,
2123 5228 2237 5281 sive
2294 5227 2585 5296 diabolica,
2653 5241 2819 5300 atque
2882 5230 3179 5287 materialis
3238 5234 3496 5286 voluntas
3527 5230 3623 5294 sit,

379 5321 544 5376 quam
576 5319 799 5364 sanctus
829 5308 1138 5377 Apostolus,
1170 5312 1541 5384 universasque
1587 5306 1781 5370 divinae
1821 5315 2042 5374 Littera:
2077 5319 2388 5388 improbant
2413 5331 2576 5390 atque
2604 5321 2874 5393 rejiciunt.
3276 5362 3312 5381 ..ρ

450 5398 578 5451 Ὅτι
604 5400 713 5471 γὰρ
741 5401 841 5471 τὴν
879 5401 1157 5474 ἁμαρτίαν
1183 5403 1447 5470 πολλάκις
1475 5406 1657 5479 σάρκα
1694 5408 1945 5479 ὀνομάζει

2132 5409 2283 5477 Quod
2317 5422 2496 5467 autem
2530 5422 2812 5482 peccatum
2858 5415 3089 5486 appellet
3123 5414 3321 5469 Paulus
3358 5427 3502 5483 sape
3521 5428 3627 5467 διες

380 5488 412 5543 ὁ
438 5489 675 5555 Παῦλος,
724 5492 958 5548 ἄκουσον
986 5493 1151 5549 αὐτοῦ
1180 5495 1453 5564 λέγοντος,
1484 5500 1568 5553 ὅτι
1613 5519 1631 5552 ι
1668 5501 1816 5573 Σὰρξ
1858 5503 1945 5556 καὶ

2060 5501 2182 5571 pius
2212 5518 2454 5570 carnem,
2489 5504 2613 5558 andi
2656 5506 2827 5574 ipsum
2853 5506 3120 5561 dicentem
3151 5505 3294 5576 quod
3331 5524 3350 5557 ι
3384 5503 3546 5570 Caro,
3571 5510 3628 5557 et

384 5576 528 5653 αἷμα
558 5581 838 5653 βασιλείαν
884 5584 1021 5639 Θεοῦ
1059 5588 1121 5641 οὐ
1161 5588 1659 5663 κληρονομήσουσι,
1691 5596 1785 5648 καὶ
1814 5595 1863 5648 ot
1898 5598 1945 5650 ἐν

2063 5597 2282 5669 sanguis
2311 5611 2536 5670 regnum
2573 5596 2667 5654 Dei
2703 5614 2810 5655 non
2843 5601 3195 5671 possidebunt
3225 5600 3280 5669 ⁸,
3318 5618 3339 5654 ι
3361 5607 3417 5656 οι
3446 5614 3462 5654 :
3497 5594 3629 5667 ιιιυὶ

460 5737 653 5797 ’Bom.
686 5756 803 5809 vm,
837 5720 891 5803 7.
968 5746 1159 5804 ’ibid.
1238 5750 1419 5806 'ibid.
1447 5751 1501 5808 6.
1579 5754 2045 5822 ‘lCor.xv,50.
