4072 6516
523 348 661 414 1159
1727 353 1787 413 S.
1834 356 2139 415 ANASTA!

2269 351 2597 413 SINAITxE
3630 338 3758 405 1160

520 467 576 522 iu
621 481 783 522 carne
831 476 977 533 sunt,
1036 469 1143 524 Deo
1192 468 1410 540 placere
1451 484 1556 524 non
1609 470 1919 539 possunt';
1965 489 1982 522 z
2031 469 2139 525 Et.

2241 469 2371 539 apzel.
2416 468 2588 531 ὄντες,
2619 463 2739 534 Θεῷ
2767 462 2969 534 ἀρέσαι
2996 459 3057 513 οὐ
3088 456 3383 512 δύνανται·
3416 473 3434 508 z
3474 453 3602 508 καί·
3639 472 3659 505 ι
3707 454 3760 508 '0

527 576 551 611 ε
585 558 678 628 qui
703 559 941 614 settiinat
970 560 1021 614 in
1050 576 1237 626 carne,
1281 562 1347 615 de
1378 575 1544 615 carne
1573 561 1737 616 etiam
1767 572 1936 616 metet
1967 577 2096 616 cor-

2241 561 2442 631 πείρων
2472 562 2553 623 εἰς
2579 559 2680 628 τὴν
2711 557 2913 627 σάρκα,
2946 556 3011 606 ἐκ
3045 554 3146 622 τῆς
3174 546 3379 621 σαρκὸς
3397 547 3763 653 ’θερίσεμςρθοο

527 650 834 718 ruptionem
870 651 927 715 ';
974 669 992 702 ι
1022 662 1115 707 et:
1153 671 1173 704 ι
1211 651 1268 707 Si
1294 652 1595 708 secundum
1644 667 1863 707 carnem
1910 654 2102 707 ambu-

2241 652 2336 707 ἀν’
2375 671 2394 703 z
2427 650 2520 704 καί
2542 666 2555 681 ⁸
2596 669 2614 703 ι
2651 651 2748 702 Ἂν
2773 648 2913 702 κατὰ
2940 646 3121 717 σάρκα
3148 642 3517 715 περιπατῆτε,
3550 640 3766 749 μέλλετε

518 739 772 797 laveritis
794 784 809 805 ,
842 745 1082 797 futurum
1116 754 1198 800 est
1229 753 1287 799 ut
1323 745 1561 814 pereatis
1585 745 1630 813 ";
1670 763 1690 797 ι
1727 760 1950 801 carnem
1978 759 2103 815 pec-

2241 744 2572 815 ποθνήσκειν
2592 757 2604 771 ·
2622 761 2639 794 z
2673 740 2854 812 σάρκα
2882 738 2983 808 τὴν
3008 735 3286 808 ἁμαρτίαν
3315 733 3627 804 ὀνομάζων,
3658 731 3752 785 ἀλλ

527 843 710 888 catum
759 834 1068 901 nominans,
1106 852 1214 890 non
1255 847 1431 891 autem
1485 837 1668 893 carnis
1712 848 1913 893 nostra:
1945 848 2105 893 natu-

2241 838 2264 890 ὐ
2292 836 2391 907 τὴν
2437 834 2603 905 φύσιν
2629 834 2731 905 τῆς
2765 831 3040 903 ἡμετέρας
3067 827 3294 898 σαρκός.
3337 826 3496 880 Ἐπεὶ
3529 824 3770 895 εὑρίσκε-

528 940 667 978 ram.
697 925 891 992 Injuria
916 928 1113 996 quippe
1137 929 1299 983 etiam
1341 909 1619 984 Christum
1648 928 1893 984 afficeret
1922 930 2106 984 dicen-

2241 949 2295 984 ae
2332 931 2423 983 τὸν
2458 929 2693 1000 Χριστὸν
2731 925 3033 996 ἐνυϐρίζων
3077 923 3171 976 τὸν
3198 920 3458 990 λέγοντα·
3517 938 3535 970 e
3590 917 3771 987 Ψηλα-

528 1024 640 1069 tem
672 1031 686 1068 :
713 1035 732 1067 ι
762 1016 983 1087 Palpate
1009 1034 1115 1085 me,
1143 1029 1199 1073 et
1233 1021 1433 1084 videte,
1465 1021 1591 1090 quia
1621 1021 1846 1089 spiritus
1884 1035 2108 1076 carnem

2241 1020 2418 1092 ιήσατέ
2450 1037 2540 1091 με,
2576 1019 2673 1073 zeal
2702 1016 2865 1081 ἴδετε,
2894 1018 2979 1071 ὅτι
3015 1013 3232 1084 πνεῦμα
3263 1014 3445 1083 σάρκα
3474 1010 3570 1064 zeal
3624 1009 3775 1062 ὀστέα

530 1117 721 1162 etossa
749 1125 853 1162 non
883 1111 1067 1173 habet,
1090 1112 1233 1165 sicut
1259 1128 1344 1167 me
1368 1114 1563 1167 videtis
1588 1113 1794 1168 habere
1820 1113 1864 1166 ⁸.
1889 1131 1908 1165 ι
1947 1115 2024 1167 lta
2052 1122 2111 1168 ut

2241 1116 2307 1167 ὐκ
2333 1113 2470 1183 ἔχει,
2519 1111 2703 1174 καθὼς
2752 1110 2852 1180 ἐμὲ
2894 1108 3153 1179 θεωρεῖτε
3185 1106 3400 1176 ἔχοντα.
3433 1123 3451 1156 z
3499 1103 3666 1155 Ὥστε
3721 1100 3776 1202 te

532 1200 807 1253 carnalem
841 1200 1175 1256 voluntatem
1201 1203 1432 1257 alienam
1459 1220 1485 1257 a
1512 1204 1751 1270 Christo,
1776 1214 2112 1260 extraneam-

2241 1207 2472 1273 λαρκικδν
2504 1204 2721 1284 θέλημα
2747 1202 3030 1270 ἀλλότριον
3081 1197 3178 1251 zeal
3225 1197 3379 1263 ξένον
3408 1195 3505 1249 τοῦ
3546 1195 3774 1284 Χριστού

535 1302 640 1355 que
671 1289 935 1344 deliniant
965 1294 1136 1346 sancti
1176 1292 1432 1348 Ecclesiae
1469 1295 1685 1360 Patres,
1722 1305 1777 1349 et
1811 1297 2109 1361 carnalem,

2243 1298 2440 1365 ίᾶγιοι
2488 1282 2731 1365 Πατέρες
2759 1292 3024 1363 ὁρίζουσι,
3076 1288 3171 1343 zeal
3198 1287 3297 1357 τὴν
3351 1282 3648 1390 σαρκικὴνὶ,
3692 1283 3779 1389 zeal

536 1387 700 1444 atque
737 1390 957 1445 peccato
989 1381 1285 1451 subjectam
1328 1386 1586 1452 operandi
1626 1383 1971 1453 facultatem;
2008 1403 2112 1443 non

2246 1387 2435 1459 μπαθῆ
2454 1388 2553 1456 τῆς
2585 1384 2860 1455 ἁμαρτίας
2893 1381 3195 1452 ἐνέργειαν,
3222 1377 3284 1430 οὐ
3311 1377 3410 1448 τὴν
3443 1377 3704 1444 φυσικὴν,
3724 1377 3777 1425 οὐ

535 1482 680 1531 eam,
712 1484 830 1536 quae
877 1479 1082 1526 naturae
1107 1483 1210 1535 est,
1246 1489 1352 1527 non
1392 1490 1535 1541 eam,
1565 1491 1685 1544 qua:
1726 1486 1911 1531 creata
1944 1494 1971 1532 a
2005 1478 2115 1533 Deo

2246 1481 2311 1551 ὴν
2345 1479 2678 1540 θεόκτιστον,
2720 1476 2781 1528 οὐ
2836 1473 2937 1544 τὴν
2976 1471 3099 1526 κατ’
3143 1470 3331 1523 είκόνα
3384 1467 3479 1522 καὶ
3529 1465 3782 1537 ὁμοίωσιν

539 1568 644 1623 est,
666 1574 770 1613 uon
792 1576 933 1624 eam,
957 1578 1076 1630 quae
1100 1565 1164 1617 ad
1194 1564 1483 1635 imaginem
1514 1575 1567 1621 et
1585 1568 1997 1623 similitudinem
2020 1570 2116 1625 Dei

2241 1572 2350 1625 leoi'z
2411 1571 2787 1641 ὑπάρχουσαν,
2835 1566 2995 1638 ἡμῶν
3046 1564 3277 1634 ἄμωμον
3324 1560 3423 1617 zeal
3469 1558 3783 1628 ἀδιάϐλητον

543 1652 697 1703 nobis
721 1666 977 1708 concessa
1016 1664 1134 1719 est,
1176 1655 1584 1713 immaculatam
1618 1669 1673 1715 et
1716 1661 2116 1730 irreprehensi-

540 1737 704 1793 bilem
737 1745 1036 1797 naturalem
1068 1744 1424 1814 voluntatem,
1454 1757 1618 1819 atque
1649 1752 2042 1817 operationem.

615 1831 723 1886 Sed
754 1835 845 1901 qui
878 1848 1006 1889 vere
1046 1836 1242 1891 diaboli
1287 1848 1555 1907 potestate
1598 1840 1748 1897 intus
1778 1852 2032 1912 aguntur,
2063 1854 2118 1898 et
2147 1824 2189 1878 Β

540 1925 724 1979 carnis
751 1926 1226 1995 concupiscentiis,
1259 1938 1312 1984 et
1331 1930 1599 1985 incendiis
1617 1933 1846 2003 subjecti
1875 1942 2117 2001 manent,

2241 1934 2470 1988 ἰιαϐόλου
2519 1930 2929 2003 ἐνεργούμενοι,
2970 1926 3068 1982 zeal
3102 1928 3183 1990 είς
3221 1925 3321 1988 τὰς
3364 1923 3649 2025 πυρώσεις
3700 1922 3787 2025 zeal

543 2016 753 2085 subque
781 2019 987 2072 carnali
1022 2020 1301 2076 voluntate
1323 2022 1721 2092 deprimuntur,
1756 2026 1806 2079 iu
1840 2025 1973 2095 ipsis
1992 2043 2122 2082 cou-

2241 2025 2514 2087 ;zezeaticete;
2559 2025 2659 2094 τῆς
2704 2022 2911 2093 σαρκὸς
2956 2019 3371 2091 ἐκμαινόμενοι,
3404 2017 3500 2071 zeal
3550 2015 3659 2069 ὑπὸ
3700 2015 3787 2067 τοῦ

545 2110 818 2173 taminati,
865 2120 920 2164 et
970 2112 1237 2177 obvoluti,
1277 2129 1400 2170 cum
1434 2116 1745 2172 discernere
1779 2133 2119 2189 nequaquam

2241 2113 2491 2184 ςαρκικοῦ
2526 2114 2835 2183 θελήματος
2858 2110 3410 2181 κατακαμπτόμενοι,
3437 2107 3535 2162 zeal
3570 2106 3788 2176 μολυνό-

2216 1665 2450 1736 φυσικὴν
2477 1662 2698 1735 θέλησιν
2726 1660 2823 1716 zeal
2846 1659 3153 1729 ἐνέργειαν.

2300 1842 2440 1895 Ἀλλ’
2488 1841 2538 1894 οἱ
2575 1838 2792 1908 ἀληθῶς
2844 1836 3014 1900 ὅντως
3062 1835 3170 1889 ὐπὸ
3228 1832 3332 1903 τῆς
3371 1829 3656 1903 ἐνεργείας
3699 1828 3784 1882 τοῦ

542 2200 764 2256 valeant
798 2201 943 2257 inter
977 2206 1418 2274 superinductam
1457 2210 1791 2266 voluntatem
1819 2222 1874 2266 et
1903 2214 2121 2278 malam,

546 2299 604 2345 et
635 2295 1033 2362 operationem,
1074 2311 1194 2365 quae
1238 2308 1436 2367 praeter
1467 2311 1716 2356 naturam
1766 2313 1870 2369 est,
1899 2315 1955 2359 et
1982 2304 2125 2359 inter

545 2392 692 2449 eam,
746 2398 867 2452 qua:
896 2399 927 2438 a
971 2387 1078 2440 Deo
1121 2388 1385 2458 originem
1436 2390 1684 2459 sortitur,
1740 2400 1904 2463 atque
1950 2408 1980 2449 a
2016 2393 2124 2450 Deo

549 2472 677 2528 data
716 2485 801 2530 est
832 2476 1065 2543 animae,
1105 2481 1473 2538 essentialiter
1525 2485 1865 2549 rationalem,
1901 2496 1956 2542 et
1980 2488 2127 2543 desi-

554 2566 723 2622 deriis
745 2577 926 2636 aptam
956 2569 1289 2626 voluntatem
1323 2591 1337 2628 :
1370 2589 1548 2645 neque
1579 2576 1708 2645 quid
1740 2592 1929 2633 rursus
1961 2580 2031 2633 sit
2054 2579 2131 2632 vi-

557 2656 681 2710 talis
718 2656 856 2725 ejus,
894 2668 949 2714 et
974 2660 1280 2716 subsistens
1312 2660 1545 2721 facultas
1583 2668 1855 2737 corporis,
1883 2679 1941 2723 ut
1968 2671 2129 2739 periti

554 2746 828 2804 Manethis
892 2752 1141 2822 discipuli
1214 2754 1528 2825 improbant
1596 2759 1899 2815 naturalem
1942 2776 1975 2816 a
2019 2761 2132 2817 Deo

552 2842 723 2895 Creati
760 2840 998 2897 hominis
1021 2845 1379 2913 voluntatem,
1409 2859 1576 2919 utque
1604 2849 1887 2908 Manicbeei
1910 2868 2131 2908 carnem

2227 2223 2402 2277 μενοι,
2434 2205 2530 2258 zeal
2562 2204 3006 2276 βορϐορούμενοι,
3039 2203 3115 2275 μὴ
3141 2199 3469 2272 ἰσχύσαντες
3490 2198 3789 2270 διακρίνοι,

2223 2298 2277 2351 τί
2312 2297 2411 2367 μέν
2435 2297 2551 2349 ἐστι
2580 2296 2641 2349 τὸ
2671 2294 2999 2350 ἐπείσακτον
3026 2295 3121 2349 zeal
3148 2294 3385 2364 πονηρὸν
3416 2292 3659 2362 θέλημα,
3709 2288 3795 2341 zeal

2228 2389 2262 2459 ὴ
2292 2386 2445 2459 παρὰ
2473 2386 2636 2458 φύσιν
2674 2387 2949 2458 ἐνέργεια,
2978 2384 3029 2439 τί
3056 2384 3117 2439 δέ
3166 2385 3285 2438 ἐστι
3314 2384 3376 2437 τὸ
3414 2381 3682 2451 θεόφυτον
3708 2379 3797 2433 zeal

2227 2479 2505 2533 θεόσδοτον
2537 2477 2636 2548 τῆς
2682 2475 2859 2546 ψυχῆς
2903 2472 3215 2543 λογιστικὸν
3265 2473 3363 2529 zeal
3403 2470 3798 2542 ἐπιθυμητικὸν

2227 2571 2484 2634 οὐσιῶδες
2506 2569 2743 2640 θέλημα,
2777 2569 2875 2621 zeal
2912 2566 2965 2622 τί
2995 2566 3160 2623 πάλιν
3186 2567 3221 2637 ἡ
3268 2564 3477 2631 ζωτικὴ
3505 2563 3685 2634 αὐτῆς
3711 2562 3801 2616 καὶ

2230 2664 2531 2735 συστατικὴ
2565 2661 2661 2717 τοῦ
2705 2661 2958 2733 σώματος
3007 2659 3281 2731 ἐνέργεια,
3326 2657 3404 2723 ὡς
3439 2658 3663 2730 γνήσιοι
3712 2657 3799 2711 τοῦ

2228 2757 2511 2820 Μάνεντος
2559 2753 2801 2827 μαθηταὶ
2840 2751 3189 2807 διαϐάλλουσι
3213 2751 3276 2805 τὸ
3304 2750 3406 2820 τῆς
3450 2748 3674 2820 φύσεως
3711 2748 3802 2803 τοῦ

2231 2851 2547 2905 θεοκτίστου
2570 2848 2860 2920 ἀνθρώπου
2890 2845 3126 2917 θέλημα,
3156 2842 3576 2910 κακίζουσινὼς
3605 2844 3657 2896 οἱ
3688 2843 3804 2897 Ma-

555 2939 798 2984 nostram
838 2948 866 2985 a
897 2931 1008 2988 Deo
1064 2936 1184 3004 ipso
1232 2938 1437 2992 editam
1483 2940 1772 3006 damnant,
1827 2943 2134 3013 iniuriaque

2241 2946 2428 3016 νιχαῖοι
2459 2942 2559 3015 τὴν
2591 2942 2750 3013 ἡμῶν
2804 2939 3116 2994 θεόκτιστον
3162 2938 3363 3010 σάρκα,
3397 2935 3685 3008 ὑϐρίζουσι
3710 2935 3805 3006 τὴν

560 3017 804 3075 alliciunt
835 3022 1015 3077 datam
1052 3041 1082 3079 a
1118 3026 1227 3082 Deo
1257 3029 1413 3085 nobis
1452 3032 1818 3087 viviﬁcantem
1862 3035 2135 3103 operatio-

2241 3033 2494 3099 ζωοποιὸν
2526 3032 2804 3086 θεόσδοτον
2835 3030 2997 3103 ἡμῶν
3033 3029 3336 3101 ἐνέργειαν,
3369 3029 3681 3098 μέμφονται
3711 3028 3807 3098 τήν

559 3124 705 3176 nem,
745 3112 1271 3187 intellectualemque
1297 3136 1327 3174 a
1358 3120 1472 3176 Deo
1509 3125 1663 3180 nobis
1707 3126 1915 3196 pariter
1953 3128 2133 3183 datam

559 3201 902 3227 ,1,.-ξΛΑ--..ιε
952 3208 994 3227 AL
1014 3210 1113 3227 -ul.
1159 3221 1171 3227 -
1308 3213 1323 3225 ι
1546 3225 1553 3227 Α
1991 3222 2045 3227 ---

2241 3126 2432 3199 νοερὰν
2455 3125 2614 3197 ἡμῶν
2644 3124 2924 3179 θεόσδοτον
2950 3121 3272 3193 ἐπιθυμίαν,
3308 3121 3377 3175 δι’
3399 3114 3470 3192 ἦς
3486 3119 3809 3227 ἑρεγόμενρι

556 3201 902 3261 desiderandi
950 3208 1266 3266 facultatem
1306 3213 1580 3281 incusant,
1610 3233 1705 3287 per
1729 3235 1892 3290 quam
1926 3222 2136 3278 scilicet

2241 3218 2347 3273 τῶν
2393 3217 2553 3271 θείων
2612 3215 2954 3287 τυγχάνομεν
3001 3214 3101 3285 τῆς
3147 3212 3449 3283 σωτηρίας,
3483 3210 3574 3265 διὰ
3611 3208 3809 3272 παντὸς

558 3291 755 3349 elevati
786 3297 1027 3354 divinam
1062 3304 1432 3359 nanciscimur
1456 3307 1813 3366 salvationem
1845 3329 1860 3366 :
1894 3314 1995 3367 hoc
2025 3314 2135 3370 sci-

561 3384 694 3443 licet
733 3403 925 3446 eorum
970 3395 1223 3465 dogmate
1267 3412 1364 3465 per
1408 3400 1590 3457 omnia
1632 3403 1809 3473 ipsum
1868 3406 2138 3477 impetum

558 3477 900 3539 Creatorem.

636 3567 695 3627 Si
717 3584 896 3630 autem
930 3578 1114 3649 iniqua
1142 3581 1257 3637 hmc
1282 3583 1515 3655 ingenita
1538 3587 1733 3644 animae
1752 3590 2001 3646 voluntas
2027 3602 2136 3661 est,

565 3666 838 3729 quomodo
890 3669 1060 3725 David
1115 3673 1292 3744 inquit
1329 3694 1343 3731 :
1382 3696 1401 3729 ‹
1442 3676 1711 3745 Quoniam
1753 3696 1822 3737 ex
1862 3685 2140 3742 voluntate

564 3770 686 3811 mea
721 3762 1023 3818 contitebor
1057 3765 1286 3823 Domino
1315 3770 1377 3824 ’ἲ
1421 3789 1439 3823 z
1479 3771 1761 3839 Quomodo
1807 3787 1987 3833 autem
2016 3795 2138 3834 om-

564 3848 699 3906 nino
751 3854 929 3909 anima
980 3871 1167 3926 posset
1223 3862 1469 3919 divinum
1522 3867 1743 3938 aliquod
1796 3870 1975 3939 velle,
2033 3873 2138 3929 nisi

565 3941 817 3998 rationali
869 3956 1150 4014 praestaret
1195 3953 1511 4010 voluntate?
1544 3957 1628 4012 vel
1657 3961 1929 4027 quomodo
1957 3962 2021 4016 ad
2051 3976 2138 4030 ea,

564 4043 690 4102 Quae
716 4036 921 4104 optima
957 4048 1109 4105 sunt,
1140 4050 1194 4096 et
1223 4042 1634 4113 intellectualis,
1672 4060 1860 4119 posset
1894 4052 2137 4107 animum

566 4123 835 4193 adjicere,
856 4129 940 4184 vel
958 4132 1024 4185 ad
1051 4133 1165 4203 ipsa
1194 4137 1404 4205 conari,
1441 4139 1545 4194 nisi
1575 4139 1896 4197 rationalem
1917 4144 2143 4200 haberet

568 4211 931 4274 facultatem?
966 4223 1164 4291 quibus
1191 4227 1446 4283 nimirum
1475 4231 1688 4288 duabus
1718 4236 2141 4303 proprietatibus

568 4308 623 4363 in
653 4327 715 4365 ea
751 4315 1043 4370 manifeste
1089 4321 1418 4387 exprimitur
1447 4324 1523 4389 id,
1556 4326 1700 4394 quod
1735 4338 1822 4383 cst
1850 4329 1915 4383 ad
1952 4330 2143 4402 imagi-

570 4414 693 4455 nem
744 4413 799 4457 et
833 4406 1245 4466 similitudinem
1310 4412 1428 4468 Dei.
1476 4414 1768 4486 PrOpterea
1817 4420 2039 4490 itaque,
2086 4432 2143 4478 et

2241 3306 2421 3362 αὐτῶν
2438 3306 2534 3361 τοῦ
2554 3305 2826 3378 δόγματος
2855 3303 2935 3377 τῷ
2965 3303 3177 3376 Κτίστῃ
3201 3300 3662 3376 προσκρούοντες.

2314 3576 2379 3631 El
2418 3576 2477 3630 δέ
2506 3574 2742 3648 πονηρὸν
2770 3569 2838 3646 ἦν
2863 3573 2926 3628 τὸ
2962 3572 3205 3644 ἔμφυτον
3241 3570 3342 3641 τῆς
3374 3568 3555 3641 ψυχῆς
3582 3567 3811 3641 θέλημα,

2244 3670 2364 3736 πῶς
2399 3687 2568 3741 φησιν
2600 3671 2629 3723 ὁ
2672 3668 2865 3722 Δαϐίδ*
2904 3684 2925 3719 e
2963 3665 3087 3720 Ὀτι
3114 3666 3209 3719 zeal
3232 3667 3297 3718 ἐκ
3348 3662 3666 3735 θελήματός
3714 3680 3811 3733 μου

2244 3763 2715 3834 ἐξομολογήσομαι
2737 3760 2816 3832 τῷ
2843 3759 2995 3831 Θεῷ;
3028 3777 3048 3811 z
3070 3758 3195 3821 Πῶς
3224 3758 3333 3829 γὰρ
3359 3757 3426 3812 ἂν
3446 3758 3588 3819 ὅλως
3614 3756 3711 3809 καὶ
3726 3757 3804 3809 δυ-

2246 3857 2471 3927 νήσεται
2510 3855 2543 3926 ἡ
2590 3851 2738 3925 ψυχὴ
2778 3850 3005 3921 θελῆσαι
3045 3868 3098 3904 τι
3142 3849 3253 3903 τῶν
3281 3848 3466 3914 θείων,
3520 3850 3568 3902 εί
3605 3848 3682 3918 μὴ
3711 3847 3815 3915 ἔχει

2248 3946 2474 4020 θέλησιν
2501 3943 2824 4016 λογικήν;ἢ
2874 3943 2993 4007 πῶς
3023 3942 3209 4014 νοήσει
3251 3959 3306 3995 τι
3348 3941 3460 3994 τῶν
3491 3939 3815 4012 κρειττόνων

2246 4041 2343 4096 καὶ
2415 4038 2642 4111 νοερῶν,
2707 4038 2741 4109 ἢ
2802 4036 3111 4108 ἐνεργήσει,
3162 4033 3238 4106 μὴ
3280 4031 3484 4103 ἔχουσα
3540 4032 3813 4102 ἐνέργειαν

2247 4131 2440 4205 νοερὰν
2464 4171 2481 4198 ,
2506 4131 2574 4185 δι’
2601 4124 2674 4185 ὧν
2705 4129 2799 4182 δύο
2845 4128 3123 4198 ίδιοτήτων
3156 4124 3477 4195 ἐξεικονίζει
3531 4123 3717 4193 σαφῶς
3762 4124 3816 4174 ἐν

2248 4225 2414 4294 ἐαυτῇ
2442 4223 2503 4276 τὸ
2540 4223 2662 4275 κατ’
2696 4220 2881 4274 εἰκόνα
2906 4220 3018 4285 καὶ
3058 4217 3323 4289 ὁμοίωσιν
3363 4214 3534 4283 Θεοῦ;
3587 4216 3687 4267 Διὰ
3713 4215 3815 4283 γὰρ

2247 4315 2405 4369 τοῦτο
2434 4313 2529 4368 zeal.
2566 4312 2729 4384 μόνον
2757 4313 2891 4382 ἡμῖν
2922 4310 3257 4380 πεπόνηνται
3281 4310 3332 4362 οἱ
3356 4308 3715 4379 προκείμενοι
3744 4307 3818 4367 είς

2250 4409 2332 4472 τὸ,
2356 4407 2479 4461 κατ’
2497 4405 2702 4469 εἰκόνα,
2731 4404 2905 4471 λόγοι,
2937 4403 3018 4465 είς
3039 4400 3104 4454 τὸ
3134 4400 3327 4464 δεῖξαι,
3350 4398 3426 4463 ὡς
3440 4401 3500 4452 ἐν
3531 4397 3685 4467 τύπῳ
3716 4394 3816 4448 τινὶ

466 4546 471 4551 .
569 4489 686 4549 hac
722 4509 828 4550 una
859 4497 926 4553 de
955 4515 1122 4556 causa
1164 4503 1269 4559 duo
1306 4520 1335 4557 a
1365 4505 1522 4561 nobis
1570 4484 1813 4577 praedicti
1865 4527 2139 4572 sermones

2251 4502 2347 4556 zeal
2366 4500 2531 4554 εἰκόνι
2558 4499 2635 4568 τῷ
2652 4498 2748 4552 ἀνθ
2758 4496 2924 4568 ρώπῳ
2945 4495 3006 4549 οὐ
3028 4494 3188 4566 μόνον
3215 4493 3326 4546 τῶν
3348 4491 3441 4545 δύο
3461 4490 3556 4545 τοῦ
3589 4484 3816 4589 Χριστοῦ

570 4592 867 4660 conscripti
904 4603 1029 4649 sunt
1067 4596 1120 4651 in
1158 4596 1311 4663 illud,
1342 4599 1409 4654 ad
1453 4599 1765 4672 imaginem,
1804 4613 1863 4659 ut
1893 4608 2139 4664 ostende-

2246 4594 2445 4649 οὐσιῶν
2477 4592 2576 4663 τὴν
2607 4588 3074 4663 προδιατύπωσιν,
3098 4586 3235 4641 ἀλλὰ
3269 4583 3483 4638 καὶδύο
3527 4583 3817 4654 ἐνεργειῶν

568 4695 779 4749 remus,
819 4685 872 4739 in
912 4687 1131 4744 homine
1175 4690 1343 4746 veluti
1380 4693 1433 4747 in
1469 4694 1644 4764 figura
1671 4706 1728 4751 et
1756 4698 1989 4769 imagine
2018 4716 2151 4771 qua-

571 4773 720 4839 dam,
744 4790 848 4830 non
881 4778 1041 4832 modo
1071 4779 1302 4849 duplicis
1319 4782 1523 4839 Christi
1546 4788 1799 4843 essentne
1836 4790 2147 4860 imaginem,

2247 4686 2344 4740 zeal
2367 4684 2689 4755 θελημάτων
2732 4681 3094 4752 ἀδιαϐλήτων,
3131 4678 3207 4742 ὡς
3241 4679 3298 4731 ἐν
3345 4675 3503 4746 τύπῳ
3543 4676 3652 4727 τινὶ
3684 4675 3818 4742 ἀμν-

2246 4776 2358 4848 δρῷ
2400 4774 2823 4847 πρώιάγραψιν.
2864 4772 2978 4827 Kal
3020 4773 3128 4842 γὰρ
3160 4769 3222 4824 τὸ
3260 4770 3431 4840 τιμᾷν
3467 4766 3685 4837 πατέρα
3721 4764 3816 4819 ,καὶ

568 4877 761 4919 verum
815 4868 979 4923 etiam
1017 4870 1247 4926 duarum
1282 4877 1660 4942 operationum
1702 4879 2139 4950 voluntatumque

2251 4870 2487 4943 μητέρα,
2519 4869 2612 4922 zeal
2638 4867 2904 4936 ἀδελφοὺς
2933 4866 3179 4934 ἀγαπᾷν,
3212 4863 3308 4916 zeal
3338 4860 3687 4928 συγγένειαν,
3714 4860 3781 4925 cpt)

574 4956 930 5013 indivisarum
1002 4963 1300 5033 exemplar.
1358 4965 1841 5026 Verumenimvero
1894 4984 2147 5041 patrem,

575 5059 916 5120 matremque
942 5055 1239 5122 honorare,
1272 5058 1497 5124 fratres,
1529 5070 1693 5131 atque
1716 5062 2151 5132 consanguineos

574 5138 799 5211 diligere
835 5144 1083 5202 humanm
1100 5150 1289 5217 procul
1316 5150 1480 5208 dubio
1510 5162 1716 5209 natura:
1752 5155 2016 5211 naturalis
2043 5165 2149 5222 est,

574 5234 829 5289 essentia:
862 5236 1055 5303 indita,
1101 5250 1267 5310 atque
1298 5242 1365 5297 ab
1386 5244 1567 5298 anima
1599 5245 1827 5300 indivisa
1855 5246 2104 5301 voluntas
2134 5262 2149 5301 :

577 5338 697 5377 cum
767 5336 979 5395 patrem
1030 5330 1244 5400 ipsum,
1295 5343 1457 5403 atque
1511 5346 1779 5405 matrem,
1847 5337 2153 5406 fratresque

578 5424 797 5484 propter
832 5419 1000 5476 Deum
1034 5422 1437 5494 derelinquere,
1474 5436 1638 5498 atque
1669 5431 1938 5501 abnegare
1966 5430 2144 5485 divina

2251 4982 2385 5026 σεως
2426 4960 2775 5032 ἀνθρωπίνης
2820 4957 3049 5029 φυσικόν
3099 4958 3247 5010 ἐστιν
3278 4953 3538 5014 οὐσιῶδες
3589 4951 3812 5018 θέλημα,

2246 5056 2425 5127 ψυχῆς
2453 5054 2777 5126 ἀδιάϐλητον
2804 5067 2817 5080 ·
2858 5050 2919 5103 τὸ
2943 5049 3002 5102 δὲ
3037 5046 3385 5116 καταλεῖψαι,
3440 5044 3538 5097 zeal
3580 5042 3813 5112 ἀρνήσα-

2249 5147 2374 5201 σθαι
2433 5145 2521 5200 διὰ
2546 5144 2680 5199 Θεὸν
2727 5142 2964 5213 πατέρα,
3004 5141 3102 5194 zeal
3134 5138 3367 5211 μητέρα,
3401 5136 3495 5189 zeal
3541 5133 3813 5201 ἀδελφοὺς,

2248 5239 2416 5302 ὅντως
2450 5237 2592 5291 θεῖον
2648 5235 2743 5290 καὶ
2798 5234 2940 5304 ὑπὲρ
2994 5232 3156 5301 φύσιν
3207 5230 3422 5300 θέλημα
3487 5227 3813 5292 ἀξιέπαινον.

2262 5329 2393 5383 Ἰδού
2424 5328 2516 5381 δύο
2544 5325 2825 5396 θελήματα
2853 5322 3174 5394 ἀδιάϐλητα,
3200 5320 3263 5375 τὺ
3294 5320 3395 5392 μὲν
3424 5318 3585 5387 φύσει
3614 5312 3815 5384 ἀνθρώ-

2253 5442 2431 5487 πινον,
2461 5423 2521 5476 τὸ
2557 5422 2615 5475 δὲ
2653 5422 2790 5492 ὑπὲρ
2815 5420 2979 5491 φύσιν
3009 5418 3103 5473 zeal
3128 5417 3294 5471 θεῖον.

578 5506 671 5573 sit,
707 5508 867 5576 laude
898 5513 1060 5584 digna
1084 5516 1360 5581 voluntas,
1383 5520 1761 5590 excedensque
1788 5500 1994 5576 natura:
2024 5518 2414 5575 conditionem.
2452 5515 2530 5569 En
2598 5515 2785 5584 itaque
2843 5513 2979 5566 duas
3020 5509 3282 5565 indivisas
3342 5506 3675 5571 voluntates;
3718 5500 3815 5553 hu.

582 5617 756 5659 mana:
773 5616 978 5662 natura:
996 5607 1246 5677 alteram,
1266 5608 1491 5666 alteram
1507 5626 1673 5684 super
1688 5623 1937 5669 naturam
1966 5613 2160 5683 ipsam,
2204 5620 2365 5678 atque
2393 5608 2655 5662 divinam.

662 5758 684 5790 ⁸
707 5759 863 5816 lloiri.
888 5777 1001 5832 vm,
1026 5762 1078 5817 8.
1153 5764 1175 5796 ⁸
1199 5762 1373 5821 Galat.
1394 5779 1467 5832 Vl,
1488 5764 1541 5821 8.
1620 5766 1637 5797 ⁷
1664 5765 1820 5821 Rom.
1854 5780 1972 5832 vni,
1993 5766 2073 5820 l3.

2241 5776 2338 5818 .uc.
2381 5774 2529 5828 sxw,
2560 5759 2650 5815 '59.

2755 5756 2776 5789 ’
2822 5754 2967 5814 Psal.
3002 5768 3172 5823 xxvn,
3204 5751 3259 5806 7.
