4072 6530
251 374 377 440 1161

1651 383 1904 447 SERMO
1943 387 2058 448 III.

3274 347 3277 350 ’
3364 390 3497 455 ηδε

311 491 514 544 Λοιπὸν
572 491 662 544 ὅτε
719 491 867 564 εῐδῃς
943 494 1152 564 Ἰησοῦν
1223 496 1666 564 ὑποτασσόμενον
1721 499 1815 551 καὶ

1990 501 2261 556 Craterum
2303 515 2424 556 cum
2461 499 2646 555 Jesunt
2679 499 2944 570 prospicis
2996 499 3294 570 subditum,
3327 513 3382 560 et
3411 507 3494 560 in-

249 581 583 649 δουλεύοντα,
614 583 690 648 ὥς
711 600 877 654 φησιν
909 585 938 637 ὁ
968 586 1206 649 Λουκᾶς,
1245 585 1323 656 τῷ
1362 587 1587 657 Ἰωσὴφ,
1622 588 1719 641 καὶ
1746 591 1814 659 τῇ

1919 593 2264 655 servientem,
2299 599 2360 646 ut
2397 591 2574 660 inquit
2621 590 2799 646 Lucas
2832 591 2898 656 ‘°,
2928 589 3185 661 Josepho,
3221 603 3278 649 et
3305 595 3495 659 matri,

249 673 470 743 μητέρι,
509 674 604 728 καὶ
636 675 1057 746 ’προστρέχοντα
1091 677 1189 729 καὶ
1221 676 1701 748 περιπλεκόμενον,
1741 679 1817 741 ὡς

1929 682 2054 750 ipsis
2109 693 2508 750 accurrentem,
2551 692 2606 736 et
2651 692 2709 737 ut
2740 682 3026 752 puerulum
3074 685 3250 740 sancti
3307 687 3498 756 gremii

249 766 485 831 παιδίον,
516 767 635 828 ταῖς
662 765 927 834 ἀγκάλαις
946 769 1036 820 καί⁵
1056 770 1168 831 τοῖς
1192 768 1367 836 ἁγίοις
1386 770 1606 832 κόλποις
1623 771 1815 840 αὐτῆς,

251 859 328 930 μὴ
380 858 643 931 διστάσῃς
665 861 841 913 εἰπεῖν
871 860 1137 930 θελήματι
1197 861 1296 914 καὶ
1330 864 1532 934 στοργῇ
1560 863 1659 932 τῆς
1695 861 1818 914 καθ’

249 952 398 1020 ἡμᾶς
428 950 645 1020 φύσεως
673 951 958 1016 ποιοῦντα,
985 953 1081 1006 καὶ
1107 951 1395 1006 δεικνύντα
1426 953 1589 1007 αὑτὸν
1616 951 1815 1015 ταῦτα,

248 1044 347 1096 καὶ
374 1042 599 1108 τέλειον,
623 1044 720 1097 καὶ
737 1044 1021 1111 όμοούσιον
1061 1045 1192 1114 ἡμῖν
1218 1043 1359 1098 κατά
1398 1044 1498 1115 τὴν
1536 1043 1821 1114 ἀνθρωπό-

248 1153 388 1206 τητα
407 1135 598 1188 ἐαυτὸν
619 1135 983 1206 ἐμφανίζοντα
1002 1136 1144 1188 κατά
1171 1135 1350 1190 πάντα
1369 1139 1590 1205 τρόπον,
1607 1134 1682 1198 ὥς
1714 1153 1819 1206 φη·-

253 1244 337 1280 σιν
356 1228 384 1280 ό
401 1225 633 1291 Παῦλος,
654 1227 778 1296 δίχα
801 1227 971 1297 μόνης
999 1228 1097 1297 τῆς
1125 1227 1424 1298 ἁμαρτίας.
1447 1228 1616 1280 Ὅταν
1632 1227 1689 1280 δέ
1712 1227 1820 1280 πά-

251 1316 337 1370 λιν
354 1318 489 1386 πρὸς
510 1316 608 1387 τὴν
622 1317 832 1388 μητέρα
854 1317 1021 1385 λέγει,
1049 1338 1066 1368 ι
1087 1319 1152 1370 Τί
1173 1319 1315 1389 ἐμοὶ,
1349 1320 1441 1372 καὶ
1463 1318 1566 1385 σοὶ,
1590 1317 1746 1386 γύναι
1766 1335 1815 1383 ;ι

253 1409 346 1463 καί
371 1425 384 1438 ⁸
411 1429 429 1461 ι
467 1411 564 1474 Τίς
593 1411 710 1464 ἐστί
748 1427 851 1481 μου
880 1411 1083 1482 πατὴρ,
1113 1412 1148 1481 ἦ
1176 1413 1384 1483 μήτηρ,
1416 1411 1466 1464 εἰ
1499 1411 1627 1482 μὴ.ὁ
1651 1409 1822 1463 ποιῶν

251 1503 313 1555 τὸ
353 1503 562 1574 θέλημα
589 1505 683 1558 τοῦ
726 1505 1164 1575 πέμψαντόςμε;
1215 1524 1234 1557 ι
1286 1504 1523 1558 ἐνταῦθα
1571 1502 1822 1558 παιδεύει

251 1597 401 1666 ἡμᾶς
440 1596 500 1650 τὸ
533 1598 675 1650 θεῖον
703 1598 798 1650 καὶ
821 1597 963 1668 ὑπὲρ
985 1597 1145 1667 φύσιν
1174 1597 1410 1669 θέλημα.
1439 1598 1518 1650 Δι’
1539 1597 1688 1668 ἡμᾶς
1713 1595 1824 1667 γὰρ

251 1688 430 1742 πάντα
451 1688 624 1742 ἐποίει
658 1689 752 1742 καί
783 1687 1071 1759 ἔπραττεν,
1103 1690 1161 1741 ἐν
1191 1690 1357 1743 πᾶσιν
1388 1688 1552 1752 αὐτὸς
1587 1687 1820 1752 τέλειος,

252 1780 348 1833 καὶ
381 1779 711 1850 προτέλειος,
743 1781 838 1833 καί
880 1783 968 1835 ἀεὶ
1004 1779 1222 1851 πλήρης
1267 1780 1554 1852 ὑπάρχων,
1585 1780 1823 1850 νομίζων

1918 774 2034 842 ejus
2060 775 2342 842 complexu
2377 775 2796 841 circumdatum,
2831 790 2898 828 ne
2927 774 3148 830 dubites
3183 776 3364 832 dicere
3398 791 3496 831 vo-

1921 863 2148 928 luntate,
2180 872 2235 919 et
2262 863 2505 936 ingenito
2552 874 2755 920 nostra:
2807 874 3013 920 naturae
3063 880 3249 921 amore
3279 866 3395 922 haec
3433 866 3501 920 ab

1922 957 2041 1025 ipso
2077 957 2358 1025 przestari,
2391 957 2872 1027 demonstrarique
2894 997 2910 1024 ,
2966 974 3134 1029 seque
3170 975 3295 1015 eum
3345 960 3499 1015 nobis

1921 1048 2162 1115 perfecte
2231 1049 2565 1103 humanitate
2637 1049 3156 1104 consubstantialem
3215 1055 3502 1107 ostendere

1921 1139 2093 1203 omni,
2126 1148 2184 1193 ut
2217 1139 2395 1208 inquit
2421 1140 2638 1204 Paulus,
2673 1141 2905 1207 ratione‘,
2941 1143 2987 1194 si
3021 1143 3242 1197 unicum
3267 1158 3495 1212 excepe-

1927 1231 2000 1284 ris
2049 1239 2354 1300 peccatum.
2403 1229 2537 1284 Cum
2608 1246 2796 1286 rursus
2852 1241 3031 1286 autem
3093 1234 3258 1287 matri
3323 1235 3496 1288 dicit:

1932 1340 1950 1372 ι
1996 1320 2134 1387 Quid
2169 1320 2300 1375 mihi
2349 1331 2453 1384 est,
2502 1329 2558 1374 et
2606 1321 2726 1384 tibi,
2773 1321 2968 1375 mulier
2999 1322 3088 1375 “‘3
3129 1340 3146 1372 ι
3187 1333 3282 1378 et:
3319 1343 3335 1374 ι
3367 1323 3500 1390 Quis

1924 1411 2089 1467 Pater
2111 1426 2264 1466 meus
2289 1419 2393 1476 est,
2423 1420 2477 1466 et
2508 1421 2702 1476 mater,
2732 1413 2832 1465 nisi
2865 1412 2930 1475 is,
2965 1413 3058 1482 qui
3090 1412 3220 1466 facit
3251 1413 3496 1468 volunta-

1926 1516 2032 1560 tem
2059 1505 2196 1575 ejus,
2227 1507 2319 1574 qui
2348 1505 2494 1558 misit
2524 1520 2608 1559 me
2639 1504 2718 1557 “?
2752 1523 2770 1557 ι
2805 1504 2971 1559 Nobis
3005 1504 3072 1558 iis
3108 1504 3243 1560 locis
3264 1506 3498 1559 divinant

1925 1596 2505 1667 supernaturalemque
2528 1610 2678 1649 suam
2704 1595 2908 1649 indicat
2932 1593 3286 1649 voluntatem.
3304 1594 3496 1650 Omnia

1925 1688 2125 1757 quippe
2160 1695 2384 1758 propter
2416 1701 2516 1741 nos
2565 1686 2711 1751 fecit,
2743 1694 2797 1741 et
2820 1694 3080 1756 operatus
3110 1695 3192 1742 est
3229 1686 3502 1755 perfectus

1926 1780 2041 1850 ipse
2081 1779 2134 1833 in
2169 1778 2440 1843 omnibus,
2472 1787 2528 1832 et
2559 1791 2770 1831 summe
2832 1775 3136 1846 perfectus,
3181 1790 3501 1845 semperque

250 1870 311 1924 δὲ
339 1871 540 1940 μᾶλλον
582 1872 980 1942 ἀκριϐεστέραν
1010 1872 1276 1943 ὑπάρχειν
1302 1873 1403 1942 τὴν
1448 1873 1642 1943 ἐτέραν
1672 1872 1823 1924 ἐκδο-

1929 1871 2194 1928 exsistens
2234 1870 2287 1923 in
2319 1869 2678 1939 plenitudine,
2714 1877 2767 1922 et
2799 1879 3042 1924 statuens
3094 1868 3343 1933 alteram,
3381 1885 3500 1938 qua:

251 1960 354 2030 χὴν
381 1963 482 2030 τὴν
506 1961 842 2030 φάσκουσαν,
882 1961 962 2014 ὅτι
1000 1960 1088 2014 διὰ
1117 1961 1215 2029 τῆς
1246 1959 1520 2030 θελήσεως
1550 1959 1651 2028 τῆς
1674 1959 1823 2027 λογι-

253 2047 471 2117 στικῆς,
501 2049 596 2102 καὶ
634 2047 1014 2119 βουλευτικῆς,
1047 2049 1143 2102 καὶ
1172 2048 1525 2120 διανοητικῆς
1559 2047 1664 2117 τῆς
1707 2065 1824 2101 νοε-

252 2140 355 2208 ρᾶς
372 2139 552 2209 ψυχῆς
567 2142 667 2211 τῆς
694 2140 788 2193 τοῦ
814 2140 1002 2194 δούλου
1031 2140 1249 2211 μορφῆς
1269 2140 1512 2211 ἐπλήρου
1535 2139 1564 2193 ὁ
1587 2138 1826 2210 Χριστὸς

258 2228 353 2299 τὴν
389 2229 654 2300 ὑπακοήν,
696 2229 791 2283 καὶ
843 2230 906 2285 τὸ
943 2229 1156 2300 θέλημα
1189 2229 1285 2284 τοῦ
1311 2230 1549 2300 Πατρδς,
1602 2231 1699 2283 καὶ
1723 2229 1825 2301 τὴν

251 2322 492 2392 ἐντολὴν,
526 2325 620 2376 καὶ
660 2325 721 2376 τὸ
761 2323 1113 2394 πρόσταγμα,
1144 2322 1244 2377 καὶ
1273 2322 1366 2376 τὸν
1398 2323 1591 2392 νόμον·
1632 2321 1720 2375 διὰ
1767 2321 1826 2374 δὲ

251 2411 417 2464 πάλιν
447 2412 550 2482 τῆς
586 2413 844 2482 ζωτικῆς,
877 2413 971 2466 καὶ
993 2412 1260 2476 ζωοποιοῦ
1293 2410 1601 2496 θεοσδότου2
1632 2409 1822 2480 αὑτῆς,

253 2503 399 2569 λέγω
417 2503 501 2572 δὴ,
517 2503 617 2572 τῆς
641 2502 819 2573 ψυχῆς
840 2504 939 2573 τῆς
955 2504 1146 2574 νοερᾶς
1170 2501 1454 2573 ἐνεργείας
1479 2501 1822 2572 συνεκράτει,

251 2595 349 2646 καὶ
382 2595 683 2659 ἐζωοποίει,
717 2595 810 2648 καὶ
832 2593 985 2663 ηὑξει
1015 2594 1076 2648 τὸ
1102 2595 1304 2647 οἰκεῖον
1326 2593 1490 2663 σῶμα
1512 2593 1541 2646 ό
1564 2593 1698 2654 Θεὸς
1720 2593 1826 2646 Λό-

254 2701 348 2753 γος
368 2686 509 2738 κατά
525 2686 614 2739 τὸν
630 2687 752 2757 ὅρον
768 2687 863 2740 καὶ
883 2686 1137 2755 νόμον,ὂν
1155 2685 1358 2738 δέδωκε
1379 2686 1444 2753 τῇ
1468 2683 1658 2752 λογικῇ
1679 2681 1824 2752 ψυχῇ

252 2777 558 2842 ζωοποιεῖν,
591 2780 681 2831 καί
704 2782 1053 2849 συγκρατείν,
1075 2779 1171 2832 καὶ
1183 2776 1390 2841 αὑξειν,
1415 2776 1510 2829 καὶ
1531 2779 1700 2828 κινεῖν
1726 2776 1826 2844 τὴν

253 2869 362 2922 τῶν
383 2870 649 2939 σωμάτων
682 2869 861 2938 φύσιν.
891 2869 1055 2924 Ὅθεν
1074 2868 1168 2922 καὶ
1196 2867 1344 2939 ψυχὴ
1364 2865 1435 2921 δι’
1461 2866 1616 2921 οὐδὲν
1640 2866 1827 2935 ἕτερον

253 2961 492 3030 εἴρηται,
533 2963 580 3015 εἰ
618 2961 693 3032 μὴ
740 2964 803 3016 ἐκ
830 2961 924 3016 τοῦ
985 2962 1199 3032 ψύχειν,
1253 2962 1423 3032 ήγουν
1453 2962 1738 3026 ζωοποιεῖν
1767 2957 1829 3010 τὸ

244 3050 435 3121 σῶμα.
496 3052 590 3106 Ἐκ
628 3051 821 3105 τούτου
882 3052 975 3106 καὶ
1024 3049 1331 3121 ἀποψύχειν
1363 3050 1424 3103 τὸ
1461 3049 1828 3118 ἀποθνήσκειν

252 3142 472 3214 εἴρηται
491 3159 506 3175 ⁸
539 3143 730 3217 ὥσπερ
755 3144 918 3197 πάλιν
947 3145 1006 3198 τὸ
1030 3144 1325 3214 ἀναψύχειν
1355 3143 1417 3196 τὸ
1446 3143 1568 3213 ζῇν.

326 3333 538 3403 ’Ὠσπερ
564 3331 619 3386 δέ
649 3331 835 3400 διττῆς
860 3330 1096 3401 Χριστοῦ
1146 3330 1382 3400 φύσεως,
1435 3327 1700 3390 ὡσαύτως
1732 3325 1829 3379 καὶ

253 3423 531 3494 θελήσεως
568 3424 785 3486 εἰκόνας
810 3423 1092 3493 ἐδείξαμεν
1123 3425 1204 3485 εἰς
1230 3422 1326 3475 τὸν
1349 3421 1469 3475 κατ’
1494 3419 1683 3474 εἰκόνα
1734 3417 1830 3471 καί

249 3515 516 3585 ὁμοίωσιν
549 3514 714 3568 αὑτοῦ
767 3514 860 3568 ὑπ’
895 3513 1059 3568 αὑτοῦ
1095 3514 1385 3584 γενόμενον
1434 3511 1688 3566 σύνθετον
1737 3510 1832 3563 ἀν.

251 3603 506 3674 θρωπον⁶
539 3602 680 3657 οὑτω
733 3604 895 3658 πάλιν
923 3605 1000 3660 ὡς
1029 3605 1087 3657 ἐν
1137 3605 1310 3657 εἰκόνι
1339 3602 1447 3657 τινὶ
1507 3602 1602 3655 καὶ¹
1649 3599 1826 3670 τύπῳ,

251 3695 420 3763 λέγω,
450 3697 643 3765 όρᾶται
694 3697 754 3749 ἐν
800 3695 876 3766 τῷ
922 3695 1193 3766 ἀνθρώπῳ
1249 3696 1345 3750 καὶ
1377 3695 1528 3764 διττή
1567 3711 1650 3756 τις
1675 3694 1829 3764 ἐνερ-

251 3788 408 3855 γείας
429 3787 665 3857 ἔμφασις
694 3788 774 3850 εἰς
803 3787 994 3840 εἰκόνα
1033 3788 1130 3841 καὶ
1151 3786 1320 3840 τύπον
1349 3785 1608 3855 Χριστοῦ.
1634 3782 1827 3838 Καθά-

250 3896 364 3950 περ
397 3880 504 3950 γάρ
549 3881 582 3950 ή
613 3878 782 3933 αὑτοῦ
823 3878 1014 3949 θεότης
1045 3880 1266 3949 ἐνήργει
1307 3878 1402 3931 καὶ
1450 3875 1828 3945 θεανδρικῶς,

249 3973 478 4042 ἐνήργει
504 3970 560 4024 δὲ
586 3973 681 4024 καὶ
706 3970 903 4034 θεῖκῶς
933 3972 991 4024 ἐν
1024 3969 1238 4041 οὐρανῷ
1267 3970 1374 4040 πρὸ
1398 3970 1495 4040 τῆς
1525 3967 1618 4022 τοῦ
1643 3966 1831 4037 σώμα-

249 4080 346 4126 τος
399 4063 743 4132 ἀναλήψεως,
778 4063 854 4126 ὡς
912 4063 1347 4134 ἀπερίγραπτος,
1384 4062 1480 4114 καί¹
1542 4059 1619 4130 μὴ
1668 4075 1830 4129 περι-

249 4157 524 4225 γραφείσα
565 4155 625 4206 ἐν
661 4151 737 4223 τῷ
773 4152 988 4222 σώματι
1011 4169 1024 4184 ⁸
1081 4151 1225 4205 οὑτω
1259 4152 1352 4206 καὶ
1384 4151 1417 4220 ἠ
1458 4149 1603 4220 ψυχὴ
1643 4149 1678 4218 ή
1708 4148 1829 4202 κατ’

249 4244 443 4296 εἰκόνα
495 4245 588 4297 καὶ
613 4245 871 4314 ὁμοίωσιν
901 4243 995 4297 τοῦ
1022 4243 1255 4314 ἀοράτου
1287 4242 1422 4295 θεοῦ
1448 4242 1625 4311 Λόγου
1654 4240 1830 4310 ὑπάρ-

250 4352 450 4405 χουσα,
519 4336 736 4406 ἐνεργεῖ
809 4335 909 4404 μὲν
959 4336 1054 4388 καὶ
1105 4333 1507 4404 ψυχανδρικῶς,
1580 4331 1830 4385 τουτέστι

253 4426 668 4497 σωματοψύχως
708 4429 788 4491 εἰς
837 4427 1010 4480 τύπον
1039 4426 1130 4481 τοῦ
1163 4426 1498 4496 θεανδρικῶς
1547 4424 1788 4493 Χριστοῦ
1812 4439 1827 4454 ⁸

1928 1979 2052 2018 mox
2083 1963 2226 2016 dicta
2255 1970 2340 2017 est
2384 1960 2778 2030 subjectionem
2815 1959 2987 2014 multo
3020 1974 3142 2014 esse
3192 1959 3496 2020 meliorem,

1926 2055 2180 2126 quoniam
2213 2067 2311 2123 per
2356 2052 2696 2116 rationalem,
2749 2061 2913 2120 atque
2958 2052 3368 2106 deliberativam
3402 2067 3497 2104 vo-

1925 2149 2281 2211 luntatem,et
2305 2145 2653 2200 discretivam
2687 2142 3067 2197 intellectualis
3090 2143 3305 2206 animm,
3335 2156 3495 2210 quant

1927 2242 1979 2298 in
2012 2241 2185 2297 forma
2219 2240 2360 2296 servi
2397 2245 2701 2308 acceperat,
2736 2235 2987 2306 implevit
3025 2233 3280 2289 Christus
3307 2231 3496 2283 volun-

1929 2343 2116 2399 tatem,
2178 2340 2532 2402 praaceptum,
2609 2327 2921 2396 imperium,
2969 2333 3024 2379 et
3066 2323 3239 2391 legem
3294 2320 3497 2392 patris;

1926 2433 2087 2492 atque
2125 2421 2330 2492 pariter
2383 2433 2482 2489 per
2526 2417 2772 2483 vitalem,
2801 2424 2858 2471 et
2900 2414 3290 2476 vivificantem,
3330 2425 3359 2464 a
3391 2409 3500 2463 Deo

1925 2513 2030 2568 sibi
2075 2514 2292 2577 datam,
2347 2524 2507 2576 eam,
2559 2509 2820 2577 inquam,
2868 2505 3065 2559 animae
3125 2499 3501 2557 intellectualis

1927 2603 2260 2668 facultatem,
2297 2602 2457 2663 rexit,
2491 2599 2803 2665 vivificavit,
2830 2598 3089 2666 auxitque
3112 2609 3312 2662 corpus
3338 2605 3494 2644 suum

1928 2697 2069 2751 Deus
2103 2695 2362 2758 Verbum,
2394 2693 2458 2746 iis
2485 2706 2616 2747 sane
2662 2691 2948 2757 limitibus,
2998 2704 3062 2742 ac
3111 2687 3341 2756 legibus,
3383 2697 3501 2751 qua-

1930 2786 2181 2842 rationali
2223 2788 2423 2839 animae
2467 2793 2594 2836 sunt
2624 2801 2652 2836 a
2686 2784 2793 2837 Deo
2844 2782 3194 2851 praescripta,
3235 2786 3292 2830 ut
3329 2775 3499 2828 infor-

1930 2889 2061 2945 met,
2089 2879 2272 2932 vivere
2303 2877 2488 2937 faciat,
2515 2883 2799 2942 augeat,et
2825 2879 3036 2925 moveat
3065 2868 3308 2938 corporis
3331 2865 3501 2934 ipsius

1932 2988 2201 3028 naturam.
2252 2969 2615 3036 Quamobrem
2672 2982 2778 3018 non
2831 2965 2932 3017 alia
2963 2965 3028 3015 de
3062 2975 3225 3015 causa
3279 2957 3502 3026 spiritus

1930 3066 2152 3130 dicitur,
2203 3063 2305 3116 nisi
2338 3076 2402 3116 eo
2427 3062 2571 3128 quod
2625 3071 2823 3125 corpus
2855 3056 3116 3116 vivificet,
3176 3053 3291 3105 sive
3339 3048 3499 3102 faciat

1930 3157 2178 3225 spirare;
2208 3153 2510 3221 exindeque
2551 3148 2753 3219 pariter
2787 3147 2949 3209 mori,
2989 3161 3093 3198 non
3128 3146 3340 3212 spirare
3368 3156 3503 3193 nun—

1931 3255 2178 3314 cupatur,
2210 3243 2572 3311 similiterque
2603 3242 2811 3302 vivere,
2854 3237 3150 3304 respirare.

2000 3336 2458 3402 Quemadmodum
2514 3344 2694 3386 autem
2749 3330 2982 3401 duplicis
3038 3325 3243 3383 Christi
3297 3332 3504 3376 naturae

1932 3427 2220 3498 imaginem
2273 3426 2678 3494 voluntatisque
2738 3423 2990 3478 similiter
3026 3421 3078 3474 in
3122 3418 3402 3489 proposito
3439 3413 3507 3468 ab

1931 3521 2048 3589 ipso
2085 3519 2153 3573 ad
2189 3518 2476 3588 imaginem
2512 3528 2567 3571 et
2611 3517 3026 3571 similitudinem
3067 3527 3220 3566 suam
3269 3509 3504 3563 formato

1933 3610 2152 3664 homine
2180 3608 2702 3673 demonstravimus;
2735 3607 2815 3662 sic
2856 3606 3062 3675 pariter
3092 3601 3252 3658 reluti
3283 3601 3334 3654 in
3366 3599 3502 3652 ima-

1931 3704 2055 3772 gine
2083 3701 2339 3771 quadam,
2381 3701 2624 3768 inquam,
2658 3710 2823 3768 atque
2863 3699 3032 3767 figura
3081 3692 3415 3765 prospicitur
3449 3691 3500 3745 in

1933 3795 2149 3848 homine
2189 3793 2381 3863 duplex
2440 3793 2716 3846 facultatis
2762 3792 2917 3860 vigor
2964 3789 3265 3845 secundum
3318 3797 3502 3857 typum

1931 3898 1984 3941 et
2012 3887 2299 3956 imaginem
2337 3885 2563 3940 Christi.
2613 3884 2826 3938 Etenim
2877 3883 3020 3937 sicut
3070 3881 3337 3937 divinitas
3387 3877 3503 3944 ejus

1936 3977 2270 4043 theandrice,
2299 3977 2415 4031 sive
2448 3975 2776 4029 deiviriliter
2826 3971 3176 4042 operabatur,
3210 3979 3266 4023 ct
3301 3968 3506 4036 pariter

1933 4079 2061 4125 ante
2096 4070 2342 4138 corporis
2370 4067 2795 4136 assumptionem
2825 4063 3087 4118 divinitus
3116 4062 3277 4115 etiam
3304 4073 3502 4127 opera-

1933 4162 2092 4216 batur
2138 4162 2190 4215 in
2222 4162 2380 4224 caelo,
2415 4168 2472 4213 ut
2503 4157 2997 4226 incircumscripta,
3035 4168 3208 4222 neque
3257 4148 3504 4219 corporis

1933 4252 2168 4306 coercita
2201 4250 2461 4304 limitibus
2484 4267 2498 4315 ;
2520 4249 2593 4302 ita
2627 4249 2809 4302 anima
2842 4263 3056 4317 quoque
3092 4248 3156 4300 ad
3211 4245 3498 4313 imaginem

1933 4353 1987 4399 et
2021 4344 2428 4399 similitudinem
2460 4342 2745 4397 invisibilis
2775 4340 2867 4396 Dei
2900 4339 3059 4393 Verbi
3101 4338 3393 4398 exsisleus,
3423 4334 3503 4387 la-

1932 4442 2191 4492 cultatem
2227 4437 2557 4506 operationis
2601 4436 2764 4489 habet
2810 4432 3238 4504 psyclrandricm,
3287 4429 3389 4482 hoc
3420 4438 3505 4480 est

250 4521 560 4590 ἐνεργεῖδέ
611 4521 704 4572 καὶ
761 4518 1009 4589 ψυχικῶς
1066 4519 1247 4590 μόνον,
1294 4518 1526 4573 πλεῖστά
1585 4535 1707 4571 τινα
1751 4518 1824 4588 μὴ

1936 4524 1986 4578 in
2016 4539 2214 4593 corpus
2246 4524 2482 4578 vitaliter
2506 4525 2735 4592 agentis,
2767 4524 2908 4592 quod
2946 4521 3274 4576 tbcandrica:
3306 4533 3504 4588 opera-

253 4611 646 4683 συνεργοῦντος
677 4612 816 4682 αὐτῇ
846 4611 940 4665 τοῦ
977 4613 1178 4666 οἰκείου
1229 4611 1500 4681 σώματος,
1549 4612 1628 4676 εἰς
1658 4610 1827 4663 τύπον

249 4706 350 4760 τοῦ
392 4705 626 4777 ἀοράτου
656 4704 792 4758 Θεοῦ
815 4705 988 4771 Λόγου
1021 4703 1116 4758 τοῦ
1176 4705 1344 4757 πολλά
1375 4705 1623 4775 ἀοράτως
1670 4705 1826 4773 ἐνερ-

249 4798 552 4867 γήσαντος,
583 4798 679 4850 καί⁵
711 4797 1063 4870 ἐνεργοῦντος
1088 4798 1146 4849 ἐν
1175 4797 1389 4868 οὐρανῷ
1420 4798 1514 4851 καὶ
1562 4796 1656 4850 ἐπὶ
1695 4796 1826 4865 γῆς,

249 4891 346 4944 διὰ
376 4891 476 4960 τῆς
501 4891 921 4961 ἀπεριγράπτου
947 4889 1137 4954 αὑτοῦ,
1180 4893 1275 4944 καὶ
1320 4891 1695 4961 παγκοσμίου,
1731 4891 1830 4944 καὶ

251 4986 634 5059 ὑπερκοσμίου
664 4985 852 5055 θεῖκῆς
882 4984 1184 5053 ἐνεργείας.

340 5259 407 5312 Ἦ
460 5253 554 5313 οῦν
592 5259 781 5330 ἀγάπη
818 5261 852 5331 ή
901 5259 1036 5332 πρὸς
1064 5259 1197 5312 Θεὸν
1248 5259 1391 5313 κατὰ
1448 5261 1688 5331 ψυχικὴν
1735 5263 1830 5315 καὶ

251 5351 430 5420 μόνην
483 5349 812 5403 ἐπιτελεῖται
856 5350 1155 5421 ἐνέργειαν,
1185 5350 1246 5402 οὑ
1271 5353 1546 5421 χρῄζουσα
1570 5355 1628 5405 ἐν
1655 5353 1828 5422 τούτῳ

246 5439 352 5507 τῆς
386 5437 712 5509 συνεργείας.
735 5438 828 5490 τοῦ
860 5437 1111 5506 σώματος
1134 5453 1148 5467 ⁸
1183 5439 1385 5508 ὁμοίως
1433 5442 1526 5493 καί
1581 5443 1613 5510 ή
1644 5441 1827 5506 πίστις

245 5527 495 5598 ψυχικῆς
543 5528 636 5580 καί
666 5530 835 5599 μόνης
874 5529 1154 5599 ἐνεργείας
1185 5530 1331 5581 ἐστὶν
1357 5528 1580 5594 ἔνδειξις
1610 5547 1624 5560 ⁸
1645 5531 1826 5584 ὡσαύ-

247 5637 360 5682 τως
383 5621 487 5672 ,καὶ
544 5619 766 5690 ήέλπίς
825 5620 967 5674 κατά
1005 5620 1247 5694 ψυχικὴν
1296 5621 1393 5675 καὶ
1429 5623 1600 5695 μόνην
1645 5626 1826 5678 ἐπιτεο

331 5797 373 5826 '°
415 5795 541 5849 an.
587 5812 642 5856 It,
687 5796 776 5851 51.
856 5797 893 5829 ¹¹
926 5795 1085 5851 Joan.
1121 5812 1154 5851 ll
1213 5797 1265 5851 4.

580 5890 849 5952 Ρλτῐιοιι.
893 5893 1007 5951 Gn.
1053 5891 1366 5952 LXXXIX.

1933 4617 2094 4671 tionis
2116 4615 2324 4671 Christi
2355 4616 2525 4686 ﬁgura
2557 4617 2977 4684 exprimitur,et
3000 4612 3310 4667 facultatem
3343 4610 3506 4663 habet

1931 4725 2122 4765 rursus
2150 4708 2487 4777 operationis
2513 4708 2776 4776 spiritalis
2812 4716 3043 4769 tantum,
3077 4719 3202 4757 cum
3232 4703 3345 4770 ipsa
3376 4715 3500 4770 per-

1931 4803 2097 4857 multa
2149 4803 2568 4870 haudquaquam
2618 4816 2740 4856 cum
2779 4799 3000 4869 proprio
3056 4795 3220 4850 simul
3275 4807 3505 4862 corpore

1929 4905 2219 4962 operetur;
2267 4894 2410 4963 quod
2459 4893 2625 4961 figura
2685 4891 3012 4961 exprimitur
3071 4888 3161 4942 Dei
3213 4886 3503 4941 invisibilis

1935 4985 2120 5048 Verbi,
2158 4984 2311 5054 plura
2363 4983 2710 5038 invisibiliter
2739 4981 2956 5050 operari
3009 4981 3263 5049 potentis,
3297 4977 3498 5031 facieno

1931 5081 2112 5147 tisque
2144 5077 2196 5131 in
2231 5077 2389 5138 cmlo,
2439 5085 2495 5130 et
2544 5075 2597 5128 in
2641 5084 2810 5139 terra,
2869 5071 3340 5141 iucircumscripta
3381 5085 3500 5133 sua,

1932 5169 2452 5237 perfectissimaque,
2485 5176 2540 5221 et
2569 5165 3018 5236 supcrexcellenti
3049 5164 3229 5218 divina
3276 5163 3496 5216 virtute.

2001 5261 2171 5314 Amor
2220 5261 2432 5330 itaque,
2474 5275 2581 5329 quo
2622 5261 2675 5314 in
2730 5260 2894 5314 Deum
2949 5258 3199 5324 ferimur,
3272 5256 3501 5327 spiritali

1938 5359 2146 5404 tantum
2178 5351 2372 5404 anima:
2411 5350 2608 5405 virtute
2636 5351 2936 5420 perficitur,
2967 5351 3093 5420 quin
3125 5348 3349 5405 omnino
3383 5362 3505 5402 cor-

1937 5443 2083 5512 poris
2133 5443 2513 5512 cooperatione
2551 5445 2615 5498 ad
2663 5447 2765 5499 hoc
2812 5455 2988 5512 egeat.
3043 5443 3202 5497 Fides
3253 5440 3505 5497 similiter

1937 5534 2094 5588 unius
2122 5544 2332 5587 tantum
2366 5535 2628 5602 spiritalis
2660 5535 2820 5605 hujus
2866 5534 3143 5590 facultatis
3188 5543 3272 5590 est
3306 5534 3500 5600 vigor:

1935 5642 2061 5695 SPOS
2097 5627 2283 5682 eodem
2337 5641 2549 5697 quoque
2593 5629 2751 5686 modo
2803 5628 2920 5688 sola
2970 5625 3199 5698 spiritali
3243 5625 3503 5682 facultate

1371 5801 1390 5830 ²
1419 5799 1606 5855 Matth.
1645 5816 1738 5866 xu,
1773 5800 1958 5857 46-59.

3075 5895 3150 5953 37
