4072 6516
567 364 702 427 1163

1757 365 1817 425 S.
1858 361 2257 424 ANASTASII
2297 360 2469 420 SINA
2479 360 2620 418 IT.‘E

3678 364 3802 427 1164

560 472 1378 547 peragitur:quemadmodnm
1452 473 1672 527 humilis
1739 476 1904 528 etiam
1970 474 2136 528 animi

2255 472 2415 522 1εῖται
2484 470 2768 539 ἐνέργειαν
2799 486 2816 503 ο
2863 470 3050 542 ὥσπερ
3109 474 3204 526 καὶ
3245 476 3279 546 ἡ
3340 478 3802 548 ταπεινοφροσύνῃ

561 567 819 624 demissio
847 581 943 636 per
972 564 1271 634 spiritalem
1301 563 1614 618 facultatem
1637 574 1941 629 exercetur,
1971 574 2135 634 atque

559 661 831 724 consistit,
877 668 932 713 et
980 667 1035 710 ut
1088 657 1398 710 summatim
1472 658 1750 722 dicamus,
1812 657 2136 712 necessariae

563 768 777 817 omnes,
807 759 860 805 et
890 749 1167 819 spiritales
1223 750 1476 815 virtutes,
1511 765 1738 818 quarmn
1798 751 1974 814 radix,
2005 749 2132 804 fun-

564 845 901 907 damentum,
931 855 995 895 ac
1039 849 1210 893 mater
1240 847 1322 894 est
1351 841 1562 909 puritas
1598 841 1800 903 cordis,
1839 857 1933 910 per
1962 841 2132 896 solam

565 932 983 989 intellectualem
1043 931 1322 984 rationalis
1377 931 1540 986 animi
1598 934 1769 986 nostri
1824 932 2134 986 facultatem

565 1026 941 1095 perficiuntur,
991 1024 1122 1093 quin
1178 1023 1398 1074 omnino
1452 1039 1682 1092 corpore
1744 1024 2041 1088 indigeant,
2080 1032 2137 1076 ut

566 1120 803 1187 ipsarum
857 1126 1010 1171 actus
1060 1115 1409 1185 impleantur.
1458 1116 1816 1180 Quamobrem
1852 1117 1886 1168 ii
1919 1131 2136 1184 quoque

565 1211 656 1280 qui
694 1223 859 1262 carne
901 1216 1190 1271 tumentes,
1223 1218 1273 1260 et
1308 1207 1506 1260 infirmi
1539 1216 1684 1273 sunt,
1730 1217 1782 1262 et
1814 1208 2134 1271 immobiles,

566 1300 832 1369 ejusmodi
869 1299 1180 1364 virtutibus,
1223 1312 1341 1367 quae
1382 1313 1449 1352 ex
1497 1299 1661 1352 animi
1714 1299 1970 1355 facultate
2011 1309 2138 1354 sunt

567 1391 678 1445 Deo
707 1389 1118 1459 beneplacentes
1147 1389 1265 1444 ﬁeri
1297 1398 1540 1458 possunt.
1567 1388 1832 1444 Caeterqu
1865 1391 1916 1443 in
1943 1407 2137 1445 somno

567 1483 908 1551 petissimum
944 1491 1128 1538 nostro
1173 1482 1365 1552 duplex
1397 1484 1508 1537 lucc
1538 1493 1722 1537 nostra
1773 1483 2000 1538 facultas
2031 1484 2140 1538 ele-

570 1582 764 1642 ganter
793 1573 1119 1628 ostenditur.
1155 1572 1397 1642 (iorpore
1433 1573 1578 1628 enim
1615 1574 1850 1628 habente
1893 1584 2017 1628 tunc
2046 1590 2140 1628 ve-

571 1665 650 1719 lut
702 1674 974 1729 mortuas,
1031 1665 1336 1734 agendique
1399 1664 1788 1734 propemodum
1858 1668 2139 1735 incapaces

573 1768 832 1809 sensuum
862 1753 1167 1818 facultates,
1213 1755 1598 1810 intellectualis
1633 1762 1862 1820 tantum,
1905 1759 2139 1811 rationa-

2239 561 2308 613 δι’
2369 561 2653 631 ἐνεργείας
2701 561 2938 631 ψυχικῆς
2983 564 3310 635 ἐνεργεῖται,
3358 568 3455 621 καὶ
3501 568 3802 636 ὑφίσταται,

2240 655 2335 707 καὶ
2411 653 2826 724 περιληπτικῶς
2891 658 3086 719 είπείν,
3159 660 3332 712 πᾶσαι
3387 660 3445 714 αἱ
3521 662 3805 727 ἀναγκαῖαι

2237 745 2333 798 καὶ
2381 745 2754 814 πνευματικαὶ⁸
2795 746 3010 817 ἀρεταὶ,
3043 741 3117 800 ὧν
3169 749 3313 819 ῥίζα,
3347 751 3441 803 καὶ
3477 753 3684 822 μήτηρ,
3719 755 3805 806 καὶ

2239 837 2490 907 θεμέλιός
2524 839 2670 891 ἐστιν
2715 839 2748 908 ἡ
2781 839 3091 909 καθαρότης
3121 842 3221 912 τῆς
3249 843 3499 912 καρδίας,
3547 847 3689 896 κατά
3718 846 3808 914 τὴν

2239 926 2433 995 νοεράν
2473 926 2567 979 καὶ
2605 926 2773 996 μόνην
2821 928 2923 998 τῆς
2964 928 3189 1000 λογικῆς
3231 932 3392 1002 ἡμῶν
3441 934 3620 1004 ψυχῆς
3667 936 3811 1006 ὲνέρ-

2238 1033 2394 1085 γειαν
2431 1016 2829 1083 ἐπιτελοῦνται,
2863 1018 2922 1070 οὐ
2963 1019 3263 1091 χρῄζουσαι
3309 1022 3405 1076 τοῦ
3455 1024 3710 1094 σώματος
3738 1028 3811 1090 είς

2238 1108 2337 1178 τὴν
2409 1109 2618 1162 ἑαυτῶν
2687 1110 3063 1181 ἐκπλήρωσιν.
3115 1113 3280 1168 Ὅθεν
3331 1115 3429 1169 καὶ
3479 1117 3531 1170 οἱ
3589 1117 3806 1189 πληροὶ,

2239 1200 2333 1252 καὶ
2370 1199 2640 1264 ἀσθενεῖς,
2697 1202 2792 1255 καὶ
2857 1203 3107 1274 ἀκίνητοι
3171 1205 3324 1270 ὄντες
3365 1211 3432 1278 τῇ
3488 1211 3679 1280 σαρκὶ,
3731 1211 3812 1264 δύ-

2239 1307 2428 1343 νανται
2475 1290 2562 1343 διά
2601 1290 2710 1344 τῶν
2758 1293 3018 1347 τοιούτων
3079 1295 3292 1366 ἀρετῶν
3337 1301 3405 1368 τῇ
3447 1299 3592 1353 κατά
3640 1300 3812 1373 ψυχὴν

2239 1382 2492 1454 ἐνεργείᾳ
2522 1383 2888 1456 εὐαρεστῆσαι
2915 1385 2994 1456 τῷ
3041 1387 3160 1458 Θεῷ
3185 1404 3201 1418 ·
3241 1390 3336 1444 καὶ
3365 1392 3423 1444 ἐν
3459 1392 3539 1462 τῷ
3583 1393 3737 1462 ῦπνῳ
3759 1396 3812 1448 δὲ

2244 1480 2477 1550 μάλιστα
2506 1482 2585 1553 τῷ
2615 1482 2740 1536 καθ’
2767 1485 2918 1553 ἡμᾶς
2960 1485 3236 1539 δείκνυται
3269 1487 3330 1540 τὸ
3366 1488 3547 1542 διττὸν
3571 1491 3672 1560 τῆς
3701 1491 3814 1544 καθ’

2240 1572 2386 1643 ἡμᾶς
2413 1573 2730 1641 ἐνεργείας·
2766 1572 2861 1627 τοῦ
2901 1573 3011 1646 γὰρ
3042 1575 3295 1645 σώματος
3327 1575 3520 1648 ὥσπερ
3547 1595 3812 1648 νενεκρωο

2245 1663 2414 1733 μένας
2482 1665 2579 1717 καὶ
2646 1664 2830 1735 σχεδὸν
2901 1666 3301 1738 ἀνενεργήτους
3372 1671 3474 1733 τὰς
3536 1671 3817 1742 αἰσθήσεις

2241 1755 2474 1825 ἔχοντος,
2504 1757 2537 1826 ἠ
2569 1755 2733 1827 νοερά
2766 1758 2861 1811 καὶ
2881 1757 3162 1828 λογιστικὴ
3209 1759 3310 1830 τῆς
3336 1759 3516 1832 ψυχῆς
3566 1763 3813 1833 ἐνέργεια

573 1846 749 1916 lisque
770 1848 962 1902 animae
983 1847 1151 1911 actio,
1173 1864 1272 1903 uec
1302 1848 1498 1914 quietis
1527 1849 1762 1917 patiens.
1787 1864 1885 1905 nec
1910 1850 2136 1917 silentii,

2255 1849 2558 1921 ὶκοιμήτως
2607 1850 2702 1903 καὶ
2734 1849 3016 1921 ἀσιγήτως
3064 1851 3132 1906 τά
3177 1851 3360 1907 πάντα
3393 1855 3706 1926 περιπολεῖ.

572 1938 752 1991 omnia
785 1939 1151 1994 administrat.

648 2028 926 2096 Quomodo
951 2045 1079 2086 vero
1103 2032 1267 2085 etiam
1291 2040 1541 2101 separata
1566 2048 1596 2088 a
1623 2047 1854 2104 corpore
1877 2051 1973 2104 per
1999 2051 2144 2091 mor-

577 2131 686 2176 tem
737 2122 1015 2179 rationalis
1064 2124 1311 2179 subsistit
1359 2125 1566 2193 anima,
1618 2136 1817 2195 praeter
1856 2144 2019 2198 quam
2075 2129 2146 2185 ob

575 2210 994 2268 intellectualem
1025 2213 1132 2277 sui,
1179 2213 1527 2284 vitalemque,
1558 2226 1723 2287 atque
1769 2227 2028 2288 perpetuo
2065 2220 2148 2274 vi-

574 2313 790 2357 ventem
820 2305 1127 2360 'virtutem?
1157 2307 1237 2360 Ac
1273 2307 1539 2378 justorum
1571 2312 1767 2366 animae
1805 2312 2145 2382 potissimum

574 2397 846 2465 quomodo
883 2396 1048 2450 Deum
1093 2414 1236 2453 nunc
1281 2401 1529 2456 laudibus
1576 2403 1882 2458 extollunt?
1911 2419 2145 2473 quanam

577 2488 794 2542 actione
827 2488 999 2544 lucem
1032 2493 1100 2543 ah
1125 2505 1212 2554 eo,
1248 2501 1300 2545 et
1334 2493 1640 2551 claritatem
1675 2496 1985 2564 accipiunt?
2013 2512 2150 2566 quo-

578 2581 736 2632 modo
763 2594 862 2648 pro
898 2583 1097 2635 mundo
1127 2583 1362 2652 rogant?
1403 2600 1512 2639 rem
1545 2586 1689 2640 enim
1714 2587 1818 2642 sibi
1864 2598 2147 2658 cognatam

576 2671 840 2738 quidlibet
871 2675 1089 2742 proprie
1115 2676 1356 2745 respicit,
1385 2687 1439 2732 et
1471 2679 1536 2733 ad
1562 2693 1682 2734 eam
1713 2680 1902 2735 tendit.
1941 2682 2149 2751 Corpus

577 2779 832 2834 namque,
867 2783 972 2820 ceu
1013 2783 1079 2823 ex
1113 2771 1350 2840 stupida,
1386 2784 1438 2825 et
1484 2783 1717 2840 mortua,
1763 2786 1818 2830 et
1865 2775 2148 2841 immobili,

577 2853 987 2925 insensibilique
1036 2866 1182 2912 terra
1214 2861 1502 2915 formatum
1525 2903 1540 2928 ,
1588 2875 1861 2919 mortuum
1890 2906 1902 2928 ,
1944 2871 2149 2930 animo,

579 2959 764 3012 sensu,
808 2963 872 3001 ac
925 2959 1071 3002 mOtu
1111 2951 1458 3016 destitutum,
1488 2965 1650 3023 atque
1695 2957 1893 3011 actioni
1954 2959 2153 3026 cuique

581 3039 820 3108 ineptum
860 3040 920 3094 ﬁt
953 3056 1047 3109 per
1075 3054 1330 3109 mortem,
1363 3047 1518 3115 juxta
1550 3049 1784 3101 divinam
1828 3051 2150 3104 sententiam

582 3128 843 3185 adversus
864 3146 1060 3200 corpus
1079 3135 1132 3189 in
1152 3136 1414 3191 Adamnm
1437 3141 1862 3207 pronuntiatam,
1893 3142 2146 3210 quoniam

586 3237 608 3272 ι
648 3230 790 3276 terra
836 3237 915 3290 es,
948 3236 1000 3279 et
1040 3227 1092 3281 in
1143 3237 1343 3283 terram
1412 3231 1606 3284 iterum
1672 3232 1983 3298 reverteris,
2035 3234 2154 3303 ejus

587 3322 747 3367 terra:
788 3317 1056 3386 similem,
1102 3335 1165 3374 ex
1219 3336 1324 3390 qua
1374 3322 1536 3376 etiam
1592 3324 1886 3394 plasmatus
1921 3342 1980 3380 es
2015 3325 2081 3378 “.
2128 3343 2149 3374 ι

584 3404 779 3461 Anima
831 3425 992 3479 porro
1046 3428 1148 3467 non
1183 3414 1250 3468 de
1283 3415 1422 3468 terra
1460 3415 1598 3471 facta
1631 3427 1731 3482 est,
1767 3433 1870 3472 non
1915 3433 1980 3473 ex
2008 3433 2154 3485 aere,

587 3512 694 3551 non
729 3513 794 3552 ex
842 3501 1020 3569 aquis,
1072 3519 1174 3558 non
1204 3519 1268 3558 ex
1307 3506 1450 3573 igne,
1501 3522 1605 3560 non
1644 3523 1708 3561 ex
1742 3508 1878 3570 luce,
1930 3523 2035 3563 non
2089 3525 2156 3564 ex

587 3588 724 3653 sole,
757 3606 860 3645 non
896 3609 958 3646 ex
999 3595 1250 3662 nubibus,
1288 3613 1463 3667 neque
1485 3614 1554 3654 ex
1595 3600 1698 3652 alia
1741 3601 1932 3669 quavis
1975 3610 2159 3655 creata

589 3680 905 3748 aspectabili
932 3683 1258 3749 substantia,
1289 3689 1402 3743 sive
1439 3700 1655 3753 natura,
1681 3691 1764 3744 vel
1811 3692 2158 3759 excogitabili

589 3774 866 3839 essentia;
902 3791 1085 3830 verum
1132 3793 1197 3832 ex
1237 3780 1350 3847 ipsa
1388 3783 1754 3846 immaculata,
1807 3794 2032 3850 aeterna,
2084 3787 2165 3840 in-

593 3859 1104 3929 comprehensibili,
1170 3867 1567 3935 inexplicabili,
1628 3873 1923 3939 invisibili,
1981 3876 2165 3945 figurae

593 3960 835 4018 experte,
867 3952 1180 4022 immortali,
1207 3959 1624 4031 iucorruptibili,
1649 3965 1869 4033 intacta,
1895 3967 2163 4022 deﬂuxum

597 4057 702 4096 nun
739 4045 993 4112 patiente,
1045 4049 1474 4124 incorporeaque
1537 4056 1626 4111 Dei
1683 4069 1874 4112 natura
1935 4060 2169 4114 creatio-

596 4135 1215 4206 netn,‘subsisteutiatn,
1268 4154 1321 4198 et
1362 4157 1541 4200 ortum
1591 4163 1688 4216 per
1731 4150 1975 4204 divinum
2019 4151 2166 4204 illum

601 4223 868 4290 afﬂatum,
897 4227 1007 4284 Deo
1038 4233 1252 4297 similis,
1279 4252 1306 4288 a
1339 4237 1446 4290 Deo
1475 4239 1619 4304 data,
1650 4239 1758 4295 Deo
1779 4241 1971 4301 allinis,
2000 4257 2028 4294 a
2064 4243 2171 4296 Deo

595 4329 778 4373 creata
812 4323 990 4375 anima
1039 4337 1220 4380 nostra
1259 4329 1469 4392 habuit,
1507 4340 1563 4383 ut
1600 4348 1666 4385 ex
1703 4331 1849 4387 fonte
1877 4333 2001 4386 vitae
2036 4349 2172 4402 quo-

599 4412 722 4464 dam
776 4415 905 4482 vita,
939 4425 993 4472 et
1033 4419 1314 4474 vivificans
1365 4439 1673 4493 progressa,
1725 4439 1888 4494 utque
1922 4442 1988 4480 ex
2038 4427 2171 4481 lucis

2327 2034 2483 2090 Ἐπεὶ
2506 2033 2625 2098 πῶς
2656 2034 2748 2088 καὶ
2791 2034 3137 2106 χωριζομένη
3193 2034 3290 2088 τοῦ
3343 2034 3600 2108 σώματος
3635 2038 3699 2090 ἐν
3747 2035 3820 2106 τῷ

2246 2128 2462 2199 θανάτῳ
2488 2128 2864 2198 συνίσταταιή
2914 2129 3109 2200 λογικὴ
3147 2128 3318 2200 ψυχὴ,
3362 2131 3412 2183 εί
3471 2129 3546 2200 μὴ
3587 2130 3680 2183 διά
3725 2133 3821 2201 τῆς

2246 2222 2439 2291 νοερᾶς
2472 2220 2666 2289 αὐτῆς,
2699 2219 2795 2273 καὶ
2818 2220 3080 2288 ζωτικῆς,
3107 2221 3205 2274 καὶ
3229 2219 3468 2285 ἀειζώου
3500 2221 3818 2292 ἐνεργείαςς

2248 2313 2359 2366 Καὶ
2390 2313 2626 2381 μάλιστα
2651 2313 2708 2366 αἱ
2748 2311 2859 2365 τῶν
2887 2312 3113 2366 δικαίων
3161 2314 3334 2384 ψυχαὶ⁸
3388 2315 3506 2376 πῶς
3553 2313 3652 2366 νῦν
3699 2313 3825 2367 Θεὸν

2249 2404 2500 2470 αίνοῦσις
2563 2404 2708 2458 κατά
2761 2404 2924 2457 ποίαν
2979 2404 3263 2474 ἐνέργειαν
3311 2404 3412 2476 τὴν
3460 2407 3594 2475 παρ’
3653 2404 3819 2459 αὐτοῦ

2248 2495 2585 2565 εἰσδέχονται
2615 2495 2914 2565 ἐλλαμψινς
2948 2496 3065 2559 πῶς
3089 2497 3232 2567 ὑπὲρ
3256 2497 3464 2566 κόσμου
3489 2497 3826 2568 πρεσϐεύου·

2251 2603 2365 2648 σιν;
2397 2587 2631 2638 ἕκαστον
2666 2586 2778 2656 γάρ
2809 2586 2951 2658 πρὸς
2974 2589 3073 2658 τὴν
3103 2588 3313 2640 οίκείαν
3337 2589 3670 2657 συγγένειαν
3729 2589 3825 2658 τὴν

2253 2678 2493 2748 ἰδιότητα
2522 2677 2666 2747 ἔχει.
2703 2678 2776 2730 Τὸ
2811 2678 2911 2748 μὲν
2939 2680 3103 2747 σῶμα
3130 2680 3204 2741 ὡς
3257 2679 3317 2744 ἐξ
3355 2680 3705 2750 ἠρεμούσης.
3738 2682 3828 2733 καὶ

2249 2771 2472 2840 νεκρᾶς,
2503 2770 2601 2822 καὶ
2633 2769 2916 2840 ἀκινήτου,
2940 2771 3036 2822 καὶ
3061 2770 3392 2841 ἀναισθήτου
3436 2771 3541 2841 γῆς
3575 2771 3828 2839 ὑφεστὼς

2251 2863 2443 2932 νεκρόν
2471 2879 2532 2914 τε
2564 2865 2658 2914 καὶ
2695 2861 2920 2930 ἄψυχον,
2955 2863 3050 2915 καὶ
3099 2864 3450 2934 ἀναίσθητον,
3491 2866 3588 2917 καὶ
3633 2866 3830 2936 ἀκίνηο

2250 2970 2360 3015 τον,
2393 2953 2490 3006 καὶ
2527 2954 2704 3024 πάντη
2746 2953 3028 3024 ἄπρακτον
3085 2954 3142 3006 ἐν
3194 2954 3272 3024 τῷ
3327 2953 3546 3023 θανάτῳ
3594 2957 3829 3024 γίνεται,

2253 3043 2397 3097 κατά
2445 3044 2548 3115 τὴν
2597 3043 2747 3097 θείαν
2800 3043 3076 3111 ἀπόφασιν
3125 3043 3223 3114 τὴν
3269 3045 3397 3115 περὶ
3443 3045 3538 3098 τοῦ
3577 3048 3832 3117 σώματος

2180 3165 2226 3226 c
2256 3139 2391 3206 πρὸς
2429 3136 2519 3225 τδν
2570 3135 2742 3206 Ἀδὰμ
2774 3135 3054 3226 ῥηθεῖσαν,
3083 3137 3161 3188 ’ὁτι
3194 3156 3211 3188 ‹
3244 3139 3318 3208 Γῆ
3359 3134 3429 3203 εί,
3477 3138 3574 3190 καὶ
3612 3141 3700 3202 είς
3734 3140 3834 3208 γῆν

2256 3229 2332 3290 ὡς
2351 3228 2425 3297 γῆ
2452 3220 2750 3303 ἀπελεύσῃ,
2789 3225 2849 3290 ἐξ
2873 3220 2940 3298 ἦς
2978 3229 3076 3280 καῖ⁹
3107 3226 3405 3296 ἐπλάσθης.
3439 3247 3456 3279 ι
3503 3228 3568 3280 Ἦ
3599 3229 3656 3281 δὲ
3689 3229 3834 3301 ψυχὴ

2256 3319 2444 3372 οὐκέκ
2476 3319 2582 3386 γῆς
2612 3318 2858 3387 γέγονεν,
2885 3318 2987 3370 οὐκ
3034 3314 3095 3382 ἐξ
3127 3318 3308 3388 ἀέρος,
3349 3320 3450 3371 οὐκ
3485 3319 3547 3384 ἐξ
3600 3320 3831 3380 ὑδάτων,

2260 3411 2360 3464 οὐκ
2389 3412 2452 3464 ἐκ
2482 3411 2678 3483 πυρὸς,
2714 3410 2904 3463 οὐκέκ
2936 3409 3132 3479 φωτὸς,
3171 3410 3272 3462 οὐκ
3304 3409 3364 3474 ἐξ
3398 3411 3570 3480 ἡλίου,
3622 3412 3730 3466 οὐκ
3777 3415 3835 3464 ἐκ

2260 3503 2510 3572 νεφέλης,
2539 3503 2661 3556 οὐδέ
2683 3503 2741 3569 ἐξ
2775 3503 2972 3574 ἐτέρας
2996 3503 3143 3565 τινὸς
3179 3503 3552 3567 ὑποστάσεως,
3578 3504 3611 3576 ἢ
3643 3505 3833 3568 οὐσίας

2261 3597 2489 3667 κτιστῆς
2517 3597 2825 3668 ὁρωμένης,
2858 3597 2891 3667 ἢ
2928 3598 3227 3667 νοουμένης
3247 3615 3262 3628 ·
3296 3597 3412 3650 ἀλλ’
3443 3598 3500 3664 ἐξ
3529 3598 3707 3666 αὐτῆς
3745 3601 3839 3666 τῆς

2263 3690 2555 3760 ἀχράντου,
2581 3690 2676 3742 καί
2709 3689 2908 3756 ἀϊδίου,
2940 3689 3038 3742 καὶ
3067 3689 3482 3758 ἀκαταλήπτου,
3533 3691 3629 3742 καὶ
3674 3693 3838 3758 ἀνερ-

2267 3780 2561 3852 μηνεύτου,
2617 3782 2714 3836 καὶ
2761 3781 3039 3853 ἀοράτου,
3095 3782 3189 3834 καὶ
3248 3781 3690 3850 ἀσχηματίστου,
3747 3783 3838 3833 καὶ

2264 3874 2560 3937 ἀθανάτου,
2584 3875 2677 3927 καὶ
2700 3874 3001 3944 ἀφθάρτου,
3033 3873 3126 3926 καὶ
3157 3871 3538 3941 ἁψηλαφήτου,
3580 3874 3674 3924 καὶ
3733 3873 3841 3942 ἀρ-

2269 3967 2519 4038 ρεύστου,
2542 3966 2637 4018 καὶ
2660 3964 2955 4035 ἀσωμάτου
2979 3962 3195 4032 φύσεως
3216 3961 3311 4014 τοῦ
3339 3961 3474 4014 Θεοῦ
3499 3963 3599 4032 τὴν
3628 3962 3830 4025 κτίσιν,

2268 4059 2360 4111 καὶ
2390 4059 2489 4126 τὴν
2532 4055 2789 4126 ὓπαρξιν,
2835 4055 2932 4108 καὶ
2967 4054 3068 4124 τὴν
3121 4053 3347 4123 πρόοδον
3397 4052 3490 4106 διά
3539 4051 3634 4105 τοῦ
3693 4052 3839 4104 θείου

2269 4151 2478 4203 ἐκείνου
2512 4151 2908 4218 ὲμφυσήματος
2941 4149 2974 4216 ἡ
3014 4145 3338 4208 θεοείκελος,
3385 4146 3482 4198 καὶ
3536 4143 3836 4206 θεόσδοτος,

2270 4244 2364 4294 καὶ
2392 4240 2675 4310 Οεόμοιος,
2729 4241 2824 4292 καὶ
2874 4239 3187 4301 θεόκτιστος
3239 4237 3398 4308 ἡμῶν
3453 4235 3601 4306 ψυχὴ
3658 4236 3837 4304 ἔσχεν,

2271 4333 2459 4404 ὥσπερ
2479 4333 2541 4385 ἐκ
2567 4349 2710 4395 τινος
2732 4331 2918 4403 πηγῆς
2940 4331 3087 4399 ζωῆς
3118 4328 3232 4400 ζωὴ
3252 4330 3347 4382 καὶ
3367 4329 3633 4393 ζωοποιὸς
3655 4329 3844 4398 προεὶς

2274 4426 2460 4490 θοῦσα,
2519 4424 2615 4478 καὶ
2682 4424 2759 4486 ὡς
2823 4426 2889 4476 ἐκ
2961 4421 3237 4493 θησαυροῦ
3305 4422 3481 4491 φωτὸς
3555 4422 3839 4492 λαμπηδὸν

602 4505 858 4560 thesauro
882 4518 1064 4562 creata
1098 4511 1208 4574 fax,
1242 4523 1408 4582 utque
1440 4517 1642 4582 pariter
1665 4531 1728 4571 ex
1760 4519 1990 4586 quadam
2021 4533 2154 4573 sem-

2271 4517 2763 4589 δημιουργηθεῖσα,
2817 4518 2913 4570 καὶ
2951 4515 3026 4579 ὡς
3083 4517 3145 4568 ἔκ
3203 4532 3349 4578 τινος
3389 4514 3632 4568 ἀϐύσσου
3675 4515 3839 4568 ἀῖδίου

600 4593 798 4662 piterui
834 4602 1094 4653 aromatis
1125 4604 1321 4671 abysso
1347 4606 1531 4659 odoris
1563 4607 1747 4661 divino
1775 4623 1838 4661 ex
1869 4624 1965 4663 ore
1998 4610 2168 4678 respi-

603 4687 743 4742 ratio
779 4689 985 4757 genita,
1014 4703 1068 4745 et
1099 4707 1338 4762 egressa,
1367 4709 1528 4765 atque
1557 4699 1606 4751 in
1641 4700 1810 4752 Adam
1837 4701 2172 4756 habitatione

605 4777 779 4833 locata
808 4798 819 4832 :
851 4793 1019 4859 utque
1053 4787 1281 4840 ﬁdenter
1305 4789 1504 4856 dicam,
1531 4793 1598 4843 ab
1623 4795 1862 4845 Omnium
1892 4793 2176 4847 conditore

2266 4612 2558 4682 ἀρώματος
2611 4609 2842 4672 εὐωδίας
2895 4609 3033 4678 πνοὴ
3087 4608 3174 4661 διὰ
3214 4607 3308 4660 τοῦ
3363 4607 3511 4659 θείου
3577 4607 3842 4676 στόματος

2270 4702 2634 4773 γεννηθεῖσα,
2691 4699 3025 4765 ἐξελθοῦσα,
3108 4699 3203 4752 καὶ
3265 4696 3343 4767 τῷ
3409 4696 3585 4767 Ἀδὰμ
3651 4699 3841 4750 ἐνοικι-

2275 4795 2592 4863 σθείσα(1)·
2647 4794 2744 4847 και)⁵
2793 4793 2940 4855 ὅπως
2977 4790 3362 4861 άποτολμήσας
3418 4790 3582 4855 εἴπω,
3639 4791 3704 4842 ἐκ
3753 4785 3840 4839 τοῦ

610 4873 704 4928 Dei
737 4873 915 4931 Verbo
961 4876 1244 4934 rationalis
1275 4881 1435 4936 nobis
1466 4886 1696 4938 traditus
1728 4893 1810 4939 est
1840 4886 2075 4951 animus,
2110 4901 2154 4940 e1

2275 4885 2612 4958 δημιουργοῦ
2645 4885 2754 4940 τῶν
2780 4885 3034 4938 ἁπάντων
3057 4881 3193 4936 Θεοῦ
3221 4883 3394 4950 Λόγου
3425 4883 3459 4950 ἠ
3491 4881 3687 4950 λογικὴ
3716 4881 3842 4949 ἡμῖν

611 4964 956 5022 immaculato
1006 4970 1174 5038 ipsius
1221 4974 1404 5027 ore'in
1441 4975 1803 5045 nosmetipsos
1849 4977 2172 5045 inspiratus,

611 5072 676 5109 ex
707 5059 890 5114 divino
930 5064 1094 5119 corde
1135 5064 1187 5120 iu
1225 5080 1469 5124 nostrmn
1516 5071 1811 5125 collocatus
1843 5085 1960 5136 cor,
1985 5086 2052 5126 ett
2084 5071 2174 5125 Dei

688 5236 731 5268 "
761 5236 898 5294 Gen.
943 5240 1133 5305 "1,19.

2286 4978 2548 5050 μετεδόΘη
2571 4977 2740 5048 ψυχὴ,
2773 4978 2837 5028 ἐκ
2868 4975 2964 5029 τοῦ
2990 4974 3260 5046 ἀχράντου
3294 4973 3565 5043 στόματος
3599 4976 3678 5034 είς
3702 4971 3844 5040 ἡμᾶς

2284 5072 2707 5143 ἐμπνευσθεῖσα,
2738 5072 2803 5123 ἐκ
2845 5066 2980 5123 Θεοῦ
3023 5067 3250 5138 καρδίας
3285 5068 3417 5137 ἡμῖν
3461 5064 3840 5135 καρδιωθείςα,

2091 5355 2323 5415 NOTAE.

693 5493 770 5564 (1)
809 5493 1113 5549 Notandum
1167 5510 1286 5563 quae
1335 5493 1587 5561 leguntur
1637 5494 1725 5548 hic
1771 5510 1799 5548 a
1854 5493 2038 5550 verbis
2091 5494 2186 5547 καὶ
2291 5491 2869 5564 θρωποςίίηοιιιεὶνε,
2910 5491 3106 5564 haberi
3152 5455 3219 5564 _in
3269 5490 3402 5564 fine
3440 5487 3562 5564 libri
3613 5484 3840 5564 ejusdem

623 5566 683 5619 ἐν
715 5565 792 5637 τῷ
838 5564 1023 5636 ὕπνῳ,
1058 5583 1116 5619 κ.
1169 5569 1230 5619 .1.
1286 5581 1403 5633 quze
1430 5574 1555 5637 sunt
1583 5566 1738 5618 initio
1772 5564 1931 5633 huius
1972 5567 2181 5634 pagina:

625 5634 793 5706 usque
823 5638 888 5689 ab
921 5634 1059 5691 hanc
1089 5651 1274 5690 vocem
1303 5634 1683 5706 ἐνοικισθείσα,
1716 5645 1768 5706 et
1801 5652 1886 5700 ea,
1920 5651 2038 5701 qua:
2059 5651 2184 5688 mox

627 5704 931 5761 subduntur
958 5722 987 5760 a
1014 5707 1193 5761 verbis
1225 5707 1319 5760 καὶ⁸
1352 5705 1576 5776 ἐποίησε
1607 5704 1740 5776 παρ’
1769 5705 1959 5759 ἑαυτοῦ
1980 5747 1992 5764 .
2021 5723 2077 5776 κ.
2119 5708 2182 5759 .1.

629 5793 753 5846 pag.
812 5778 1122 5847 sequentis,
1172 5792 1342 5846 usque
1392 5778 1456 5829 ad
1514 5775 1962 5847 νοςεδδιαφέρει
2012 5775 2040 5828 ὁ
2087 5776 2181 5830 ἀν-

2289 5558 2601 5626 Anastasii,
2633 5564 2721 5630 qui
2755 5563 3067 5617 inscribitur
3100 5577 3114 5612 :
3146 5560 3219 5614 De
3259 5560 3485 5614 hominis
3528 5558 3784 5630 creatione
3813 5573 3840 5630 τι

2291 5634 2401 5687 Deo
2432 5636 2499 5684 ad
2531 5625 2841 5701 imaginem,
2874 5642 2920 5684 et
2954 5631 3355 5686 similitudinem
3379 5646 3528 5701 suam
3557 5664 3574 5690 ,
3604 5625 3840 5701 ἱιιξριςεδξί

2292 5705 2343 5757 ίιι
2385 5704 2537 5828 ἔδειξε
2574 5695 2882 5759 ΡΙῖίιοεαίίω
2922 5702 3170 5773 Origenis
3209 5703 3339 5756 cdil.
3381 5699 3556 5754 Paris.
3615 5695 3738 5747 toil
3786 5697 3838 5756 ι,

2292 5789 2340 5828 u.
2457 5793 2509 5828 ί).

2288 5789 2340 5841 p.
2385 5789 2509 5828 uua.
