4072 6530
296 373 432 441 1165

1701 372 1955 435 SERMO
1994 371 2110 434 III.

3339 371 3342 374 ’
3401 383 3538 449 1166

293 493 358 542 ὲκ
385 487 520 541 Θεοῦ
568 487 751 559 ψυχῆς
786 488 921 560 ἡμῖν
975 486 1404 560 ὲμψυχωθεῖσα,’
1449 487 1516 542 ἑκ
1553 481 1690 540 Θεόῦ
1748 487 1863 550 νοὸς

1970 484 2164 553 spiritu
2193 481 2249 538 in
2287 498 2386 540 nos
2427 483 2733 555 spiratione
2767 483 3014 552 diffusus,
3048 500 3116 542 ex
3148 485 3328 542 divina
3361 501 3543 547 mente

291 584 427 653 ἡμῖν
461 582 790 652 νοερωθεῖσα
815 599 830 614 ·
861 581 984 636 ὅθεν
1021 580 1098 644 ὡς
1141 581 1202 645 ἐξ
1242 578 1411 633 αὑτοῦ
1462 578 1558 633 τοῦ
1589 577 1726 632 Θεοῦ
1767 576 1863 632 τοῦ

296 674 560 743 ακινήτου
589 673 678 728 διὰ
721 671 817 726 τοῦ
846 673 1115 744 στόματος
1137 671 1216 743 (2)
1273 671 1370 726 καὶ
1403 671 1498 724 τοῦ
1531 670 1864 741 ἑμφυσήμα-

292 784 386 830 τος
414 766 508 820 τοῦ
529 765 674 819 θείου
703 765 1067 837 προελθοῦσα,
1094 766 1188 819 καὶ
1212 762 1536 834 γεννηθείσα
1557 762 1865 832 ἀεικίνητος

295 859 556 928 ὑπάρχει,
620 860 718 914 καὶ
771 859 940 927 μόνην
966 856 1118 927 παρὰ
1161 857 1345 909 πᾶσαν
1392 856 1492 925 τὴν
1519 854 1698 908 κτίσιν
1741 854 1864 908 κατ’

293 952 482 1006 εἰκόνα
545 950 642 1005 καὶ
664 950 924 1021 ὁμοίωσιν
951 948 1088 1003 Θεοῦ
1135 947 1396 1019 ὑπάρχει,
1441 947 1537 999 καὶ⁸
1586 961 1865 1016 προσηγο-

293 1041 486 1113 ρεύθη,
512 1042 588 1104 ὡς
618 1042 821 1112 ἔχουσα
843 1043 901 1096 ὲν
933 1042 1100 1110 ἑαυτῇ
1137 1039 1277 1092 κατὰ
1314 1038 1476 1109 χάριν
1490 1037 1561 1090 τά
1591 1037 1694 1106 τῆς
1714 1035 1866 1100 θείας

293 1133 514 1202 φύσεως
546 1135 816 1206 ἰδιώματα
862 1135 1146 1197 τυπικῶς·
1171 1133 1316 1201 λέγω
1361 1131 1425 1204 δὴ
1468 1133 1530 1186 τὸ
1583 1131 1867 1202 ἀκατάλη-

293 1241 450 1289 πτον,
477 1225 538 1279 τὸ
559 1226 813 1297 ἀόρατον,
832 1226 892 1279 τὸ
918 1224 1230 1296 ἀσώματον,
1253 1223 1316 1277 τὸ
1341 1223 1773 1294 ἀσχημάτιστον,
1803 1220 1866 1276 τὸ

291 1317 555 1388 καθαρὸν,
596 1318 656 1371 τὸ
679 1318 969 1383 ἀθάνατον,
992 1316 1052 1370 τὸ
1076 1315 1316 1384 αἰώνιον,
1357 1316 1420 1369 τὸ
1459 1315 1760 1385 ἄφθαρτον,
1802 1313 1864 1368 τὸ

292 1408 662 1475 αὐτεξούσιον,
721 1411 784 1463 τὺ
854 1410 1263 1480 ἀναμάρτητον,
1333 1408 1396 1461 τὸ
1443 1408 1740 1474 ζωοποιὸν,
1803 1406 1865 1460 τὸ

302 1503 644 1572 σοφιστικὸν,
675 1503 737 1558 τὸ
764 1501 1158 1573 πνευματικὸν,
1190 1500 1251 1555 τὺ
1277 1500 1765 1572 δημιουργητικόν.

364 1680 575 1752 Ὠσπερ
603 1679 714 1752 γὰρ
757 1682 787 1735 6
828 1681 960 1745 Θεὸς
1005 1682 1071 1736 ὲκ
1113 1683 1219 1753 γῆς
1251 1682 1563 1753 ἄνθρωπον,
1595 1682 1742 1737 οὕτω
1769 1684 1864 1736 καὶ

292 1773 578 1844 ἄνθρωπος
601 1775 666 1826 ὲκ
693 1776 949 1842 γυναικὸς
970 1774 1111 1828 κατὰ
1125 1775 1286 1844 χάριν
1309 1775 1371 1846 δη
1381 1777 1630 1846 μιουργεῖ
1648 1775 1861 1846 ἄνθρω-

1968 577 2124 632 nobis
2158 577 2489 633 intellective
2531 594 2857 645 concessus;
2901 588 3235 651 quapropter
3279 591 3540 652 tanquam

1965 684 2031 725 ex
2064 669 2182 739 ipso
2221 669 2334 726 Deo
2369 670 2629 725 immobili
2664 687 2762 741 per
2804 672 3046 726 divinum
3079 686 3164 738 os,
3197 674 3542 744 divinamque

1965 761 2343 830 spirationem,
2376 762 2672 832 proﬂuens,
2696 772 2751 818 et
2778 763 3104 833 originatus,
3138 777 3397 835 perpetuo
3432 782 3543 820 mo-

1962 852 2088 907 bilis
2115 862 2322 917 manet,
2351 853 2607 923 solusque
2632 867 2825 923 praeter
2851 855 3086 925 reliquas
3112 873 3302 913 omnes
3324 869 3539 914 creatu-

1967 955 2057 996 ras
2079 941 2148 996 ad
2173 943 2487 1014 imaginem,
2520 945 3040 1015 similitudinemque
3065 947 3300 1001 divinam
3324 949 3544 1002 exsistit

1964 1041 2020 1086 et
2049 1033 2450 1098 denominatur,
2485 1043 2543 1087 ut
2569 1034 2621 1088 in
2656 1037 2949 1104 semetipso
2982 1038 3264 1106 ﬁgurative
3297 1054 3391 1108 per
3414 1054 3541 1108 gra-

1966 1122 2097 1177 tiam
2154 1125 2362 1180 habens
2409 1125 2604 1180 divina
2664 1126 2833 1195 ipsius
2883 1137 3088 1181 natura:
3137 1130 3538 1197 proprietates,

1964 1215 2109 1284 quod
2131 1216 2406 1282 videlicet,
2430 1216 2671 1286 inquam,
2701 1219 3261 1286 incomprehensibilis
3284 1221 3377 1286 sit,
3399 1220 3542 1275 invi-

1961 1304 2159 1372 sibilis,
2187 1307 2436 1377 corporis
2483 1322 2698 1377 expers,
2734 1309 2901 1377 figura
2950 1324 3163 1375 carens,
3209 1325 3400 1380 purus,
3445 1312 3542 1365 iiii-

1964 1396 2212 1451 mortalis
2233 1434 2251 1462 ,
2302 1406 2536 1452 aeternus
2560 1437 2574 1461 ,
2624 1399 3076 1468 incorruptibilis,
3122 1413 3154 1452 a
3182 1414 3239 1454 se
3266 1401 3384 1468 ipso
3407 1399 3540 1454 sub-

1963 1487 2162 1542 sistens
2184 1528 2199 1551 ,
2243 1490 2448 1558 peccati
2498 1489 2616 1544 labe
2650 1505 2752 1544 non
2784 1491 3054 1560 pollutus,
3083 1491 3367 1548 vivificaris
3394 1532 3410 1558 ,
3447 1508 3538 1547 sa-

1964 1579 2139 1648 piens,
2180 1580 2459 1646 spiritalis,
2499 1582 2828 1650 Operativus.

2036 1668 2499 1735 Quemadmodum
2550 1687 2782 1741 namque
2817 1674 2954 1728 Deus
3003 1674 3274 1729 hominem
3305 1675 3368 1728 de
3395 1685 3535 1729 terra

1966 1757 2241 1823 formavit,
2272 1760 2352 1814 sic
2388 1762 2550 1815 homo
2591 1762 2660 1816 de
2708 1763 2932 1818 muliere
2957 1778 3052 1833 per
3094 1767 3327 1834 gratiam
3367 1767 3539 1821 homi—

296 1879 428 1914 πον·
468 1863 564 1916 καὶ
604 1863 796 1934 ὥσπερ
841 1864 934 1916 ἐπὶ
963 1864 1061 1934 τῆς
1110 1864 1334 1935 πρώτης
1383 1864 1633 1927 πλάσεως
1663 1865 1724 1917 τὸ
1763 1865 1862 1934 μὲν

1966 1866 2086 1905 nem
2119 1861 2374 1920 generat;
2400 1867 2462 1906 ac
2494 1853 2652 1907 sicuti
2685 1855 2734 1906 in
2761 1856 2932 1923 prima
2963 1856 3047 1909 illa
3074 1859 3398 1912 formatione
3421 1875 3540 1912 sor-

295 1951 455 2023 σῶμα
479 1954 544 2006 ὲκ
575 1955 673 2024 τῆς
707 1955 810 2022 γῆς
845 1954 1003 2024 ἔσχεν
1028 1955 1056 2007 6
1101 1955 1407 2024 ἄνθρωπος,
1439 1955 1536 2025 τὴν
1577 1955 1636 2008 δὲ
1687 1955 1864 2025 ψυχὴν

291 2043 354 2110 ἐξ
380 2043 546 2098 αὐτοῦ
575 2045 670 2098 τοῦ
706 2043 842 2098 Θεοῦ
893 2046 1282 2115 γεννηθεῖσαν·
1347 2045 1492 2098 οὕτω
1536 2046 1630 2099 καὶ
1666 2045 1764 2099 νῦν
1799 2047 1863 2099 τὸ

293 2131 393 2202 μὲν
419 2131 576 2203 σῶμα
597 2134 662 2186 ὲκ
686 2133 784 2203 τῆς
814 2134 1134 2201 γυναικείας
1175 2135 1280 2203 γῆς
1333 2134 1428 2187 καὶ
1483 2136 1715 2205 αἵματος
1745 2152 1865 2188 συν-

294 2221 533 2286 ίσταται,
567 2224 602 2292 ἡ
633 2222 690 2274 δὲ
719 2222 865 2294 ψυχὴ
898 2223 988 2276 διὰ
1024 2224 1126 2293 τῆς
1154 2225 1359 2294 σπορᾶς
1389 2223 1580 2294 ὥσπερ
1605 2225 1696 2278 διά
1719 2242 1862 2288 τινος

290 2314 693 2385 ὲμφυσήματος
745 2317 811 2368 ὲκ
883 2315 980 2369 τοῦ
1028 2316 1322 2386 ἀνθρώπου
1385 2318 1641 2388 ἀρρήτως
1690 2335 1859 2387 μετα-

287 2403 514 2460 δίδοται.
553 2405 676 2459 Ἐπὶ
709 2405 810 2474 μὲν
843 2403 938 2460 οὖν
993 2411 1093 2479 τῆς
1142 2407 1251 2460 τῶν
1287 2409 1537 2477 ἀγγέλων
1604 2410 1699 2463 καὶ
1752 2410 1861 2464 τῶν

290 2494 573 2566 Χερουϐὶμ
627 2495 720 2549 καὶ
769 2497 1022 2568 Σεραφὶμ
1075 2499 1441 2571 δημιουργίας
1495 2502 1710 2570 εἴρηται
1777 2502 1861 2554 ὅτι

289 2584 478 2648 αὐτὸς,
511 2587 789 2640 τουτέστιν
821 2588 849 2640 6
875 2589 1026 2650 Θεὸς,
1063 2607 1080 2640 ι
1120 2586 1280 2650 Εἶπε,
1334 2593 1426 2643 καὶ
1461 2591 1856 2662 ἐγεννήθησαν·

288 2677 456 2741 αὐτὸς
501 2679 842 2743 ἐνετείλατο,
890 2682 982 2734 καὶ
1023 2681 1350 2753 ἐκτίσθησαν
1377 2699 1392 2715 ο
1449 2701 1468 2736 ι
1517 2684 1610 2736 ¹ἐπὶ
1662 2685 1721 2738 δὲ
1765 2682 1860 2737 τοῦ

289 2768 582 2840 ἀνθρώπου
606 2771 698 2824 τοῦ
735 2773 856 2825 κατ’
885 2773 1071 2827 εἰκόνα
1127 2774 1221 2827 καὶ
1243 2775 1412 2844 ὁμοίω
1425 2792 1499 2827 3t»
1520 2776 1654 2828 Θεοῦ
1686 2774 1860 2838 ὄντος,

286 2859 391 2931 οὐχ
419 2860 622 2925 οὕτως·
655 2863 792 2916 ἀλλὰ
813 2863 873 2916 τὸ
905 2864 1005 2933 μὲν
1036 2864 1197 2934 σῶμα
1229 2865 1319 2918 διὰ
1358 2865 1467 2919 τῶν
1513 2864 1731 2918 οἰκείων
1766 2864 1862 2917 καὶ

290 2949 453 3003 θείων
484 2951 685 3022 χειρῶν
714 2953 880 3007 αὑτοῦ
927 2953 1161 3008 ἔπλασεν
1201 2957 1229 3008 6
1267 2955 1418 3018 Θεὸς,
1454 2956 1553 3024 τὴν
1589 2955 1645 3007 δὲ
1682 2955 1862 3025 ψυχὴν

287 3041 368 3102 ὡς
396 3040 628 3110 ἀόρατον
661 3044 723 3095 ὲκ
751 3042 848 3112 τῆς
871 3044 1212 3114 παναοράτου
1246 3046 1412 3100 αὑτοῦ
1444 3045 1622 3118 ψυχῆς
1647 3046 1738 3099 διὰ
1768 3047 1860 3100 τοῦ

289 3133 687 3204 ὲμφυσήματος
713 3135 998 3204 προήγαγε
1027 3136 1121 3190 καὶ
1175 3138 1400 3208 ἐποίησε
1450 3139 1582 3209 παρ’
1637 3137 1858 3205 ἑαυτοῦ,

290 3223 388 3275 καὶ
411 3224 514 3277 οὐκ
544 3225 610 3278 ὲκ
644 3225 753 3279 τῶν
768 3227 920 3291 ὲκτὸς
941 3227 1136 3282 ἑαυτοῦ
1166 3228 1374 3299 ταύτην
1399 3231 1534 3299 ἡμῖν
1557 3230 1756 3295 ἐνθεὶς,
1783 3228 1861 3294 ὡς

288 3315 584 3386 Γρηγορίῳ
615 3315 765 3369 δοκεῖ

363 3405 576 3460 Οὐκοῦν
611 3409 659 3461 εί
692 3409 756 3460 ἐκ
792 3407 1059 3479 στόματος
1087 3410 1181 3464 καὶ
1206 3410 1376 3481 πνοῆς
1404 3411 1542 3464 Θεοῦ
1584 3413 1859 3483 προῆλθεν

289 3498 327 3567 ἡ
357 3496 526 3568 ψυχὴ,
559 3499 625 3551 ὲκ
647 3500 816 3570 πνοῆς
847 3500 982 3553 Θεοῦ
1013 3501 1306 3572 προῆλθον,
1337 3504 1431 3556 καί⁵
1466 3506 1857 3576 συμπροῆλθον

288 3589 472 3642 πάντα
502 3589 572 3643 τὰ
595 3589 694 3660 τῆς
721 3590 899 3662 ψυχῆς
929 3593 1162 3663 οὑσιώδη
1193 3593 1478 3664 ἰδιώματα,
1503 3597 1779 3662 τουτέστι,
1803 3597 1864 3652 τὸ

290 3681 623 3750 λογιστικὸν,
646 3682 708 3736 τὸ
737 3684 946 3755 νοερὸν,
978 3684 1038 3738 τὸ
1067 3684 1369 3757 θελητικὸν,
1402 3687 1466 3740 τὸ
1486 3689 1861 3760 ἐνεργητικὸν,

289 3770 355 3823 τὸ
383 3770 678 3838 ζωοποιόν;
718 3766 956 3827 ὧντινων
981 3776 1388 3846 ἀναιρουμένων
1411 3777 1530 3831 οὐδὲ
1549 3777 1716 3843 ἔστιν,
1741 3780 1863 3834 οὐδὲ

291 3862 624 3934 γνωρίζεται
654 3863 799 3936 ψυχή
844 3864 1037 3938 λογική
1059 3883 1073 3898 ’
1105 3867 1355 3939 καθάπερ
1381 3869 1489 3941 γὰρ
1517 3873 1585 3924 τὰ
1617 3875 1858 3943 στοιχεῖα

291 3956 598 4009 συστατικὰ
630 3958 725 4010 καὶ
747 3958 1180 4029 συμπληρωτικὰ
1200 3960 1294 4013 τοῦ
1325 3961 1579 4031 σώματος
1607 3963 1862 4035 ὑπάρχει,

287 4045 440 4099 οὕτω
465 4048 560 4100 καὶ
578 4048 612 4119 ἡ
628 4047 774 4120 ψυχὴ
788 4049 875 4103 διὰ
894 4052 1003 4103 τῶν
1020 4051 1237 4105 οἰκείων
1261 4051 1448 4117 ἕξεων.
1470 4055 1567 4107 καὶ
1587 4057 1864 4127 ἰδιοτήτων

293 4137 611 4192 συνίσταται
655 4140 750 4193 καὶ
786 4141 1130 4213 γνωρίζεται,
1160 4145 1253 4198 καὶ
1281 4144 1390 4198 τῶν
1416 4145 1627 4214 ἀλόγων
1648 4147 1725 4210 ὡς
1774 4147 1863 4201 λο-

289 4229 426 4300 γικὴ
442 4229 796 4301 διακρίνεται.
818 4235 974 4287 Κατὰ
990 4234 1096 4304 γὰρ
1113 4237 1173 4288 τὸ
1195 4237 1401 4306 νοερὸν,
1420 4238 1515 4290 καὶ
1536 4238 1862 4306 λογιστικὸν,

291 4322 414 4390 ἢτοι
438 4321 807 4390 βουλευτικὸν,
838 4325 932 4378 καὶ⁴
968 4325 1274 4398 θελητικὸν,
1300 4328 1394 4380 καὶ
1420 4329 1584 4397 μόνον
1609 4329 1719 4383 τῶν
1742 4331 1866 4383 ἀλό-

292 4429 409 4480 γων
458 4413 705 4486 διαφέρει
752 4415 782 4467 6
835 4416 1156 4488 ἄνθρωπος·
1217 4419 1402 4489 σχεδὸν
1459 4423 1516 4473 ὲν
1563 4422 1698 4473 πᾶσι
1751 4425 1864 4485 τοῖς

1967 1940 2098 1994 titus
2127 1950 2207 1994 est
2239 1941 2399 1994 homo
2423 1942 2490 1995 de
2519 1950 2662 1996 terra
2709 1959 2928 2012 corpus,
2975 1947 3222 1999 animum
3257 1958 3436 2000 autem
3469 1962 3536 2002 ex

1964 2033 2074 2088 Deo
2122 2033 2238 2101 ipso
2282 2034 2609 2103 originatum
2639 2047 2654 2087 :
2686 2038 2760 2088 ita
2805 2051 2946 2091 nunc
2997 2040 3202 2106 pariter
3245 2055 3444 2108 corpus
3471 2054 3536 2094 ex

1964 2124 2215 2180 muliebri
2271 2135 2440 2191 terra,
2493 2126 2953 2197 sanguinibusque
3003 2132 3273 2196 consistit,
3322 2133 3538 2187 animus

1963 2227 2142 2270 autem
2177 2233 2271 2286 per
2314 2233 2522 2281 semen,
2573 2219 2734 2273 veluti
2777 2235 2874 2288 per
2909 2223 3192 2289 quamdam
3225 2241 3289 2279 ex
3320 2224 3536 2279 homine

1961 2309 2342 2376 Spirationem,
2376 2310 2720 2365 ineﬂ'abiliter
2735 2326 2802 2365 ex
2834 2312 3054 2368 homine
3074 2316 3322 2370 traditur.
3351 2317 3536 2370 Enim-

1961 2411 2090 2450 vero
2121 2397 2189 2453 de
2227 2399 2579 2467 angelorum,
2624 2400 2796 2470 deque
2847 2400 3136 2456 Cherubim
3168 2415 3220 2458 et
3249 2402 3532 2474 Seraphim

1961 2487 2178 2555 opificio
2215 2490 2414 2543 dictum
2445 2499 2548 2557 est,
2579 2490 2703 2560 quia
2737 2491 2868 2559 ipse,
2900 2491 3041 2547 Deus
3066 2493 3295 2559 scilicet,
3331 2511 3349 2544 ι
3378 2497 3532 2561 dixit,

1960 2587 2014 2632 et
2045 2577 2186 2632 facta
2220 2589 2381 2644 sunt;
2436 2581 2551 2649 ipse
2584 2583 2885 2650 mandavit,
2914 2593 2969 2639 et
2991 2595 3172 2638 creata
3209 2597 3334 2640 sunt
3365 2587 3409 2618 ³⁵
3445 2603 3461 2640 :
3509 2606 3529 2640 ο

1962 2684 2068 2723 non
2099 2670 2170 2724 ita
2211 2685 2373 2738 porro
2407 2673 2473 2726 de
2514 2673 2754 2738 homine,
2789 2675 2987 2742 quiest
3020 2677 3085 2728 ad
3119 2677 3208 2730 Dei
3247 2678 3532 2744 imaginem

1961 2769 2122 2830 atque
2173 2762 2589 2817 similitudinem
2626 2765 2802 2818 editus
2834 2782 2848 2819 :
2885 2781 3069 2820 verum
3109 2768 3266 2835 huius
3315 2771 3533 2837 quidem

1961 2867 2157 2921 corpus
2210 2855 2439 2920 propriis
2506 2855 2617 2908 suis
2669 2856 2866 2916 divinis
2940 2858 3190 2912 manibus
3247 2859 3536 2928 plasmavit

1963 2944 2104 2999 Deus
2135 2961 2148 2996 :
2178 2946 2412 2998 animam
2478 2955 2682 3012 autem,
2725 2957 2780 3001 ut
2826 2948 3171 3016 invisibilem,
3216 2966 3283 3006 ex
3322 2967 3533 3006 summa

1964 3036 2218 3091 invisibili
2267 3038 2460 3103 spiritu
2513 3054 2612 3092 suo
2661 3056 2756 3109 per
2797 3040 3210 3110 inspirationem
3261 3047 3534 3113 produxit,

1965 3140 2146 3198 atque,
2190 3139 2243 3181 ut
2273 3128 2533 3197 Gregorio
2579 3131 2754 3184 visum
2786 3143 2890 3196 est,
2933 3149 2998 3186 ex
3042 3137 3336 3204 semetipso
3387 3136 3534 3199 fecit,

1967 3234 2070 3272 non
2096 3230 2273 3273 autem
2306 3234 2370 3273 ex
2397 3236 2583 3275 eorum
2613 3221 2814 3291 aliquo,
2834 3239 2953 3292 qua:
2981 3234 3132 3278 extra
3157 3225 3328 3294 ipsum
3354 3240 3538 3284 essent

1962 3311 2254 3369 formatam
2287 3328 2408 3368 eam
2443 3315 2603 3371 nobis
2636 3317 2864 3371 contulit
2894 3318 3171 3374 Dominus.

2032 3403 2220 3461 Nonne
2253 3408 2437 3477 igitur,
2473 3409 2518 3462 si
2555 3409 2734 3462 divino
2760 3425 2825 3464 ex
2850 3425 2965 3476 ore,
2996 3421 3157 3480 atque
3191 3414 3380 3482 spiritu
3413 3432 3536 3485 pro-

1963 3499 2127 3554 ceSsit
2154 3501 2394 3562 animus,
2436 3499 2599 3555 simul
2636 3501 2799 3555 etiam
2833 3518 2954 3556 cmn
2988 3502 3108 3572 ipso
3147 3519 3340 3559 omnes
3371 3509 3536 3563 animi

1962 3591 2284 3645 essentiales
2315 3591 2670 3660 pr0prietates
2701 3607 3034 3661 processere,
3079 3596 3364 3650 rationalis
3389 3598 3538 3651 vide-

1964 3681 2108 3746 licet,
2146 3681 2497 3746 intellectiva,
2535 3683 2775 3748 volitiva,
2817 3686 3115 3754 operativa,
3153 3687 3539 3758 vivificarisque

1963 3772 2244 3841 potestas?
2276 3773 2473 3841 quibus
2530 3787 2722 3842 nempe
2770 3774 3022 3841 sublatis,
3081 3792 3258 3847 neque
3308 3780 3541 3848 amplius

1964 3877 2068 3926 esu,
2102 3879 2274 3933 neque
2321 3863 2608 3918 rationalis
2639 3864 2820 3918 anima
2868 3869 3233 3936 cognoscitur.
3268 3866 3540 3935 Quemad-

1965 3956 2180 4008 modum
2212 3953 2356 4008 enim
2397 3968 2597 4024 corpus
2642 3956 2909 4010 elementa
2967 3971 3323 4028 componunt,
3376 3972 3539 4029 atque

1965 4048 2264 4117 perficient,
2300 4047 2370 4100 ita
2399 4048 2605 4114 pariter
2635 4048 2748 4101 suis
2784 4048 3022 4112 dotibus,
3078 4052 3538 4119 proprietatibus-

1963 4151 2067 4206 quc
2097 4135 2392 4204 perficitur,
2427 4145 2481 4188 et
2523 4135 2855 4205 dignoscitur
2901 4137 3140 4200 animus,
3177 4153 3242 4190 ac
3279 4149 3535 4204 tanquam

1966 4230 2507 4286 rationalisabrutis
2556 4230 2890 4284 discernitur
2965 4229 3176 4284 ratione
3243 4230 3535 4286 destitutis.

1964 4323 2209 4392 Namque
2242 4323 2540 4387 intellectu,
2576 4323 2894 4390 rationeque
2926 4322 3122 4387 solum,
3156 4322 3237 4377 vel
3268 4323 3538 4377 delibera-

1968 4411 2071 4464 tiva
2124 4409 2452 4478 vulitivaque
2521 4409 2776 4463 facultate
2825 4411 2894 4463 ab
2941 4410 3310 4465 animantibus
3367 4414 3538 4466 brutis

292 4505 524 4571 λοιποῖς,
554 4507 649 4560 καὶ
681 4508 914 4576 μάλιστα
951 4512 1064 4571 τοῖς
1093 4509 1188 4563 τοῦ
1233 4510 1485 4580 σώματος
1526 4514 1863 4577 κοινωνικὸς,

1970 4504 2242 4572 discrepat
2272 4502 2433 4556 homo
2470 4519 2482 4556 :
2518 4503 2568 4556 in
2605 4502 2830 4570 reliquis
2874 4514 3075 4568 autem,
3111 4505 3282 4574 iisque
3317 4507 3538 4574 potissi-

295 4597 394 4650 καὶ
416 4597 624 4667 ὅμοιος,
656 4598 748 4651 καὶ
781 4599 1066 4669 ὁμοούσιος
1100 4601 1211 4655 τῶν
1250 4603 1463 4671 ἀλόγων
1513 4604 1824 4676 καθέστηκε
1850 4623 1864 4636 ·

295 4688 395 4742 καὶ
426 4687 536 4759 γὰρ
567 4691 630 4742 ἐκ
657 4690 757 4760 τῆς
779 4691 948 4763 αὐτῆς
988 4693 1090 4762 γῆς
1112 4693 1262 4758 ὄντα,
1300 4695 1422 4750 ὅθεν
1454 4699 1549 4750 καὶ
1570 4697 1632 4750 τὸ
1662 4700 1694 4768 ἡ
1705 4700 1867 4768 μέτε-

297 4795 392 4848 ρον
419 4780 578 4850 σῶμα
605 4780 817 4848 γέγονε,
868 4781 962 4834 καὶ
1009 4782 1181 4850 θυμὸν
1230 4782 1433 4853 έχουσι,
1496 4785 1592 4837 καὶ
1647 4785 1864 4855 κίνησιν

297 4872 506 4941 ἔχουσι,
538 4873 634 4924 καὶ
660 4871 842 4942 ψυχὴν
874 4872 1069 4941 ἄλογον
1105 4875 1200 4927 καὶ
1231 4875 1495 4944 ἀθέλητον
1527 4876 1741 4946 ἔχουσι,
1773 4877 1869 4931 καὶ

296 4963 445 5034 ζωὴν
490 4964 710 5034 ἔχουσι,
763 4965 860 5018 καὶ
902 4965 1106 5036 φωνὴν,
1163 4968 1256 5020 καὶ
1309 4969 1481 5037 πνοὴν
1511 4968 1715 5039 ἔχουσι,
1773 4971 1868 5022 καὶ

300 5053 503 5122 σάρκα,
534 5055 630 5108 καὶ
657 5049 818 5126 αἷμα,
854 5057 947 5109 καὶ
985 5056 1181 5128 χυμὸν,
1225 5059 1322 5112 καὶ
1352 5059 1505 5122 ὀστᾶ,
1547 5060 1640 5113 καὶ
1690 5061 1872 5115 πάντα

299 5145 370 5198 τὰ
411 5147 470 5199 ἐν
522 5146 736 5217 σώματι
788 5148 945 5219 ἡμῶν
986 5148 1194 5221 ἔχουσι,
1241 5152 1334 5204 καὶ
1385 5153 1607 5222 μνήμην
1662 5151 1867 5223 ἔχουσι,

300 5238 378 5300 ὦς
402 5254 568 5308 φησιν
599 5243 628 5294 ὁ
648 5240 781 5304 Θεὸς
815 5241 951 5311 πρὸς
979 5242 1072 5296 τὸν
1113 5240 1255 5308 Ἰὼϐ,
1301 5244 1396 5296 καὶ
1428 5243 1612 5316 ὄρεξιν
1658 5243 1868 5314 ἔχουσι,

301 5331 399 5383 καί
425 5333 638 5400 πεῖναν,
670 5333 765 5386 καὶ
790 5332 974 5403 δίψαν,
1003 5335 1100 5390 καὶ
1127 5335 1316 5405 κόπον,
1367 5338 1462 5391 καὶ
1488 5335 1714 5406 ἱδρῶτα,
1773 5337 1869 5392 καὶ

281 5565 287 5570 .
377 5490 421 5523 “
477 5490 618 5548 Psal.
651 5507 829 5561 xuii,
877 5492 931 5548 9.

1967 4610 2133 4660 mum,
2164 4610 2284 4664 qua:
2318 4608 2512 4663 corpus
2543 4603 2815 4663 spectant,
2857 4595 3104 4664 aequalis,
3143 4597 3359 4672 similis,
3409 4614 3536 4653 con-

1967 4688 2338 4743 substantialis
2389 4702 2606 4756 quoque
2651 4688 2824 4741 brutis
2875 4689 3006 4755 ipsis
3054 4690 3380 4744 constitutus
3418 4707 3538 4747 esse

1968 4780 2297 4851 prospicitur
2329 4797 2341 4832 :
2376 4795 2441 4834 ex
2496 4780 2683 4832 eadem
2735 4780 2936 4847 quippe
2986 4788 3126 4833 terra
3168 4780 3434 4848 formata,
3471 4797 3537 4837 ex

1967 4887 2072 4938 qua
2122 4883 2365 4924 nostrum
2421 4885 2634 4939 quoque
2680 4884 2876 4937 corpus
2928 4881 3268 4939 compactum
3318 4883 3433 4936 est,
3483 4885 3538 4928 et

1969 4965 2103 5018 iram
2137 4963 2356 5027 habent,
2387 4972 2440 5018 et
2472 4972 2674 5016 motum
2723 4962 2952 5026 habent,
2995 4973 3050 5017 et
3083 4963 3262 5018 anima
3313 4965 3539 5020 rationis

1969 5057 2373 5126 voluntatisque
2424 5064 2646 5124 experte
2678 5070 2783 5108 non
2818 5065 3028 5119 carent,
3058 5067 3114 5111 et
3144 5057 3332 5123 vitam,
3359 5067 3414 5112 et
3444 5073 3538 5112 vo-

1969 5165 2108 5213 cem,
2137 5158 2190 5203 et
2227 5148 2640 5218 respirationem
2688 5147 2911 5213 habent,
2949 5157 3002 5203 et
3053 5165 3299 5211 carnem.
3331 5160 3385 5206 et
3416 5167 3542 5207 san-

1967 5244 2208 5314 guinem,
2237 5252 2291 5295 et
2317 5255 2560 5304 succum,
2585 5250 2638 5293 et
2661 5255 2802 5306 ossa,
2837 5249 2891 5294 et
2917 5241 3096 5294 omnia
3119 5257 3238 5311 qua}
3257 5243 3310 5297 in
3341 5245 3541 5299 nostris

1967 5335 2286 5405 corporibus
2317 5330 2738 5402 prospiciuntur,
2778 5332 2999 5399 habent,
3030 5344 3079 5387 et
3112 5336 3372 5390 memoria
3405 5336 3540 5403 ipsa,

1768 5583 1996 5640 ΝΟΤΔΕ.

379 5720 452 5791 (9.)
491 5719 545 5775 1η
575 5737 750 5792 marg.
783 5722 980 5794 litteris
1010 5722 1308 5793 majoribus
1340 5739 1570 5794 Sequens
1599 5723 1862 5779 sclmlium

304 5803 388 5848 est
426 5795 722 5863 ascriptqu
772 5810 788 5850 :
818 5793 1147 5867 εὑρίσκομεν
1183 5798 1292 5866 γὰρ
1337 5797 1394 5849 ἐν
1423 5793 1505 5866 τῇ
1560 5796 1746 5866 Γραφῇ
1781 5796 1873 5848 καὶ

1973 5723 2224 5849 ιῶαρδίαν,
2258 5724 2349 5779 καὶ
2371 5723 2571 5798 ψυχήν,
2600 5726 2694 5782 καὶ
2720 5725 2868 5795 νοῦν,
2896 5727 2990 5780 καὶ⁸
3024 5727 3221 5799 στόμα,
3254 5727 3348 5780 καὶ
3376 5729 3545 5798 ἀκοὴν

2025 5811 2139 5848 εον.

2025 5811 2139 5848 εον.
