4072 6520
521 356 654 421 1167

1719 356 1780 418 S.
1820 354 2218 417 ANASTASII
2262 356 2588 418 SINAITE

3639 366 3763 430 1168

517 483 576 525 ιιι
599 470 741 540 apud
769 467 964 525 Jobum
1000 467 1177 539 inquit
1221 465 1506 533 Dominus,
1537 476 1821 535 praestant,
1851 475 1907 521 et
1929 482 2091 537 appe-

2206 469 2377 522 πτάντα
2431 470 2502 524 τὰ
2568 472 2860 542 σωματικά
2912 472 3069 544 ἡμῶν
3125 474 3347 544 ἔχουσι’
3390 476 3557 547 μόνον
3609 479 3665 532 δὲ
3707 482 3766 534 τὸ

518 565 647 618 titus
674 562 899 627 habent,
920 569 978 616 et
1004 560 1156 626 fami,
1184 568 1238 613 et
1263 559 1377 621 siti,
1404 566 1460 613 et
1488 556 1765 613 doloribus
1794 557 2097 625 subjiciun-

521 662 642 719 tur,
705 664 873 722 atque
925 648 1478 706 sudoribuszomnia
1543 647 1779 717 denique
1835 663 2096 719 corporea

2199 560 2527 629 λογιστικὸν,
2556 565 2654 617 καὶ
2681 565 2888 636 νοερὸν,
2925 567 3022 621 καὶ
3049 566 3395 637 βουλευτικὸν
3434 572 3536 641 τῆς
3564 572 3765 627 ἀθανά-

2196 668 2294 704 του
2322 653 2482 723 ἡμῶν
2506 653 2688 724 ψυχῆς
2714 655 2776 709 τδ
2814 658 2881 710 ἐκ
2915 658 3052 713 Θεοῦ
3099 660 3367 731 προελθὸν
3398 663 3502 717 οὐκ
3532 664 3763 734 ἔχουσιν.

520 753 705 800 nostra
726 752 852 799 sunt
883 742 1017 810 ipsis
1051 754 1204 810 aeque
1225 737 1539 794 communia
1572 754 1586 792 :
1623 738 1729 793 hoc
1756 751 1864 793 uno
1894 746 2079 792 tamen
2115 750 2327 806 carent,
2398 743 2647 798 rationali
2678 746 2912 812 scilicet,
2945 758 3004 801 et
3068 748 3451 816 intellectuali,
3474 769 3548 809 Jac
3576 754 3770 813 delibe-

522 838 691 913 rativa
739 835 903 891 animi
942 833 1267 889 immortalis
1323 831 1502 887 nostri
1531 846 1562 885 a
1592 832 1705 886 Deo
1750 833 2100 903 procedentis
2128 834 2412 891 facultate.

590 935 703 1000 Age
724 944 868 985 nunc
898 942 1049 994 vero,
1066 928 1284 993 amabo,
1313 928 1613 982 caecitatem
1634 934 1690 982 et
1714 941 1960 981 errorem
2000 941 2092 981 asc

2266 931 2409 1002 Ὅρα
2461 950 2553 1003 μοι
2598 934 2787 990 λοιπὸν
2830 936 2892 990 τδ
2936 938 3141 1008 τυφλὸν
3178 916 3280 993 καὶ
3339 944 3766 1016 πεπλανημένον

523 1024 642 1094 pice
700 1022 1107 1085 haereticorum,
1138 1019 1229 1089 qui
1261 1018 1464 1072 .mnnia
1524 1018 1681 1073 nobis
1740 1032 1864 1073 cum
1919 1016 2094 1072 brutis

2206 1021 2300 1075 τῶν
2327 1023 2649 1094 αίρετικῶνο
2685 1028 2868 1082 πάντα
2900 1029 2970 1082 τὰ
2998 1032 3237 1102 συγγενῆ
3258 1032 3392 1086 ὄντα
3417 1034 3531 1089 τῶν
3554 1037 3767 1106 ἀλόγων

525 1112 892 1167 animantibus
933 1111 1265 1176 communia,
1303 1110 1433 1179 quin
1459 1108 1738 1178 quidpiam
1775 1108 2093 1172 detrahant,

526 1204 579 1259 in
611 1202 833 1257 Christo
890 1200 1240 1267 conﬁtentur,
1271 1214 1468 1269 corpus
1521 1199 1752 1262 scilicet,
1785 1199 2091 1263 materiem,

2193 1113 2496 1179 ἀνελλιπῶς
2541 1117 2898 1187 ὁμολογοῦσιν
2951 1121 3012 1174 ἐν
3062 1120 3142 1192 τῷ
3190 1123 3443 1195 Χριστῷ,
3482 1129 3767 1196 τουτέστι,

2196 1204 2375 1275 σῶμα,
2401 1206 2555 1277 ὓλην,
2591 1209 2817 1279 φθορὰν,
2863 1211 3073 1282 χυμὸν,
3118 1207 3281 1283 αἷμα,
3315 1216 3579 1286 δάκρυον,
3633 1221 3771 1273 πτύ-

524 1294 955 1364 corruptionem,
989 1292 1599 1360 succum,sanguinem,
1631 1290 1928 1360 lacrymas,
1966 1303 2064 1358 spu
2088 1333 2107 1397 ‘

527 1394 634 1404 .--_-
693 1398 806 1404 _---
889 1395 1229 1404 -_.__-_..-_._
1287 1381 1483 1404 11------
1542 1384 1734 1404 r._.-..
1799 1381 1940 1404 -:.:...
2004 1382 2065 1404 Α-.

2206 1310 2331 1404 ipsi,
2365 1294 2521 1404 omne,
2570 1297 2799 1370 κόπρον,
2856 1299 3035 1370 ῥύσιν,
3079 1305 3306 1369 πεῖναν,
3336 1305 3523 1375 δίψαν,
3572 1310 3766 1374 κόπον,

527 1394 812 1452 tum,ossa
882 1395 1258 1447 excrementa,
1285 1381 1506 1449 ﬂuores,
1542 1384 1761 1449 famem,
1797 1381 1966 1444 sitim,
2001 1381 2094 1434 d0?

527 1475 692 1543 lorcs,
725 1476 972 1542 sudores,
1003 1484 1258 1539 mortem,
1288 1474 1589 1539 interitum,
1623 1489 1742 1543 quae
1774 1482 1965 1528 natura
2001 1488 2098 1527 sua

526 1580 788 1624 extranea
818 1568 885 1622 ab
906 1583 972 1623 eo
1003 1577 1152 1632 sunt,
1170 1567 1386 1636 Deoque
1399 1566 1578 1621 minus
1607 1567 1787 1635 digna,
1814 1575 2097 1636 propterea

528 1664 671 1731 quod
710 1659 997 1732 jumentis,
1032 1667 1088 1713 et
1117 1657 1272 1724 feris,
1296 1667 1351 1713 et
1401 1656 1745 1727 serpentibus
1791 1656 2099 1711 conununia

530 1755 639 1809 sint
666 1771 681 1808 :
712 1750 1040 1807 immortalis
1065 1764 1221 1816 vero,
1258 1748 1751 1816 intellectualisque
1791 1748 1986 1801 animae
2019 1758 2100 1802 at-

2194 1384 2413 1453 ἱδρῶτα,
2450 1386 2701 1454 θάνατον,
2756 1389 3050 1458 νέκρωσιν,
3093 1391 3240 1463 άπερ
3295 1397 3406 1448 elui
3431 1397 3577 1451 κατά
3606 1401 3771 1468 φύσιν

2195 1474 2455 1546 ἀλλότρια
2514 1476 2685 1542 ὅντως
2723 1480 2822 1534 καὶ
2859 1480 3061 1547 ἀνάξια
3110 1483 3271 1553 Θεοῦ,
3334 1485 3413 1548 ὡς
3471 1489 3579 1544 ίδια
3642 1491 3773 1546 ὄντα

2196 1564 2430 1635 κτηνῶν,
2459 1568 2555 1620 καὶ
2585 1567 2811 1640 θηρίων,
2844 1573 2941 1624 καὶ
2958 1574 3205 1643 ἑρπετῶν
3228 1592 3243 1607 ’
3269 1575 3411 1630 τὰδὲ
3434 1579 3535 1648 τῆς
3583 1586 3773 1653 νοερᾶς

2195 1656 2288 1710 καὶ
2309 1657 2578 1713 ἀθανάτου
2605 1660 2785 1731 ψυχῆς
2843 1662 3139 1733 ἰδιώματα,
3168 1665 3238 1720 τὰ
3282 1668 3407 1721 κατ’
3453 1670 3641 1724 εἰκόνα
3682 1680 3775 1726 καὶ

2196 1747 2454 1818 ὁμοίωσιν
2470 1750 2604 1803 Θεοῦ
2633 1750 2973 1823 ὑπάρχοντα,
2994 1756 3088 1809 καὶ
3114 1757 3178 1809 ἐκ
3198 1734 3293 1810 τοῦ
3314 1759 3591 1829 άχράντου
3607 1762 3776 1817 αὑτοῦ

534 1844 879 1908 tributiones,
910 1856 1030 1911 qua:
1060 1840 1126 1894 ad
1155 1839 1249 1895 Dei
1274 1848 1399 1895 sunt
1434 1839 1751 1909 imaginem,
1771 1844 1934 1906 atque
1952 1837 2102 1891 simi-

2206 1840 2469 1911 στόματος
2498 1842 2850 1918 προελθόντα,
2884 1848 2977 1900 καὶ
3010 1848 3199 1918 σχεδὸν
3220 1851 3419 1916 εἰπεῖν,
3451 1854 3775 1921 συγγένειάν

533 1936 842 1999 ιίιιιόίιιειιι,
868 1943 926 1988 et
962 1948 1031 1988 ex
1060 1932 1177 2001 eius
1214 1929 1564 1984 immaculato
1592 1942 1688 1984 ore
1719 1929 2101 1997 procedentes,

531 2038 586 2084 et
608 2026 993 2098 propemodum
1013 2024 1274 2087 dlcerem,
1294 2022 1674 2092 cognationem
1698 2019 1985 2091 quamdam
2008 2034 2106 2091 per

531 2118 762 2189 gratiam
808 2130 931 2171 cum
957 2113 1067 2169 Deo
1095 2114 1233 2184 ipso,
1263 2121 1314 2168 et
1346 2110 1761 2165 similitudinem
1788 2109 2094 2178 habentes;

533 2217 655 2281 has,
678 2214 919 2285 inquam,
948 2218 1210 2281 tanquam
1241 2207 1415 2263 malas
1437 2207 1490 2262 in
1509 2205 1728 2262 Christo
1752 2204 1911 2261 fateri
1950 2206 2103 2274 impii

532 2308 586 2361 hi
619 2320 725 2361 non
779 2305 1108 2376 patiuntur:
1146 2300 1345 2371 quibus
1412 2298 1672 2354 universa
1720 2309 1933 2365 nostra,
1989 2299 2106 2354 sive

538 2402 775 2453 humana
810 2403 1006 2450 natura
1051 2393 1218 2447 vitam
1273 2389 1454 2457 habet,
1484 2401 1650 2460 atque
1687 2401 1956 2445 servatur.
2001 2388 2106 2444 Su-

534 2490 674 2545 blata
706 2489 904 2560 quippe
929 2486 1079 2541 vitali
1110 2487 1212 2541 hac
1236 2493 1294 2540 et
1324 2483 1639 2539 viviﬁcante
1663 2484 1891 2552 spiritus
1930 2481 2104 2539 nostri

538 2580 821 2648 facultate,
876 2577 1163 2634 deducitur
1209 2574 1466 2630 continuo
1503 2575 1570 2629 ad
1634 2584 1863 2631 mortem
1921 2574 2103 2642 homo,

533 2685 761 2742 corpore
785 2669 1036 2725 nimirum
1086 2682 1150 2721 ea
1184 2667 1383 2721 virtute
1431 2667 1657 2722 animali
1687 2667 1967 2734 destituto,
1998 2682 2105 2737 qua

535 2765 761 2836 regitur,
800 2772 964 2832 atque
989 2759 1298 2815 vivificatur
1331 2775 1346 2813 :
1374 2773 1677 2830 rursusque
1736 2760 1782 2814 si
1823 2759 1891 2814 ab
1922 2758 2106 2816 animo

535 2853 817 2909 rationalis
851 2852 970 2923 ejus
1016 2850 1241 2905 tollatur
1274 2849 1380 2915 vis,
1404 2850 1762 2920 volitivaque,
1798 2858 1961 2919 atque
2011 2864 2107 2921 ap-

534 2947 755 3017 petitiva
784 2944 1099 2999 detrahatur
1132 2949 1395 3012 potestas,
1426 2941 1560 2996 nihil
1603 2942 1718 3013 jam
1752 2941 1859 2997 erit
1885 2942 2103 3013 reliqui,

533 3053 643 3109 quo
701 3037 770 3091 ab
829 3032 1160 3101 irrationali,
1215 3032 1673 3103 cogitationisque
1716 3042 1941 3103 experte
1980 3033 2103 3103 equi

534 3130 715 3184 animo
741 3128 1103 3183 discernatur.
1173 3132 1220 3191 ευ

2204 1949 2328 1986 τινα
2351 1932 2489 1987 Θεοῦ
2514 1934 2656 1989 κατά
2701 1936 2862 2007 χάριν
2912 1939 3010 1990 καὶ
3034 1939 3295 2008 ὁμοίωσιν
3324 1940 3546 2012 ἔχοντα,
3604 1944 3777 1999 ταῦτα

2203 2020 2279 2086 ὡς
2298 2025 2512 2095 πονηρά
2542 2024 2674 2080 ὄντα
2688 2027 2973 2096 ὁμολογεῖν
2999 2030 3060 2081 ἐν
3086 2030 3310 2102 Χριστῷ
3351 2033 3404 2085 οἱ
3450 2034 3646 2104 μιαροὶ
3681 2037 3779 2089 οὐκ

2204 2113 2524 2185 ἀνέχονταιο
2586 2116 2653 2171 δι’
2683 2112 2761 2173 ὧν
2797 2120 2949 2173 πᾶσα
3000 2121 3181 2191 ἡμῶν,
3228 2122 3263 2193 ἡ
3317 2122 3428 2177 τῶν
3471 2125 3780 2197 ἀνθρώπων

2206 2205 2368 2276 φύσις
2400 2206 2743 2273 ζωοποιεῖται
2775 2210 2871 2264 καλ⁸
2900 2210 3157 2276 σώζεται.
3214 2214 3641 2287 ’Δναιρουμένης
3672 2221 3780 2289 γὰρ

2204 2302 2304 2371 τῇς
2321 2300 2558 2373 ζωτικῆς
2580 2302 2678 2357 καὶ
2703 2305 2970 2368 (mrtuo?)
2986 2305 3086 2376 τῆς
3101 2307 3279 2378 ψυχῆς
3295 2310 3327 2378 ἡ
3336 2310 3455 2379 μῶν
3474 2311 3778 2381 ἐνεργείας,

2205 2391 2409 2456 εὐθέως
2433 2394 2461 2447 ὀ
2487 2394 2773 2466 ἅνθρωπος
2799 2395 3018 2467 Θανάτῳ
3046 2400 3503 2470 παραπέμπεται,
3551 2406 3782 2473 χωριζο-

2209 2483 2372 2554 μένου
2397 2483 2494 2537 τοῦ
2520 2485 2773 2556 σώματος
2794 2486 2895 2557 τῆς
2912 2490 3349 2562 συγκρατοὺσης,
3377 2493 3472 2544 καὶ
3491 2493 3783 2557 ζωοποιοὺ-

2209 2590 2309 2645 σης
2341 2574 2473 2629 αὐτὸ
2498 2574 2737 2646 ψυχικῆς
2776 2578 3056 2650 ἐνεργείας
3076 2595 3090 2609 °
3124 2582 3494 2653 στερουμένης
3522 2584 3580 2636 δὲ
3615 2585 3781 2638 πάλιν

2205 2666 2308 2738 τῆς
2355 2666 2580 2739 λογικῆς
2632 2670 2792 2741 ἡμῶν
2837 2670 3036 2742 ψυχῆς,
3085 2674 3182 2727 καὶ
3231 2676 3637 2749 ἀναιρουμένης
3680 2678 3783 2747 τῆς

2207 2758 2498 2832 θελητικῆς
2525 2762 2701 2833 αὐτῆς
2742 2765 2839 2817 καὶ
2861 2766 3245 2839 ἐπθυμητικῆς
3272 2769 3578 2841 δυνάμεως,
3626 2771 3783 2824 οὐδὲν

2205 2850 2457 2923 διαφέρει
2518 2852 2622 2924 τῆς
2672 2854 2874 2923 ἀλόγου
2929 2858 3026 2911 καὶ
3073 2858 3398 2931 ἀδιανοήτου
3452 2862 3549 2917 τοῦ
3605 2862 3781 2917 ἵππου

2204 2940 2403 3014 ψυχῆς.

609 3178 1229 3290 ᾆζιᾉιῖιξιίξροτὲὸιιεὶί
1260 3218 1478 3290 poterit,
1524 3226 1586 3272 ut
1615 3217 1727 3274 Deo
1747 3218 2105 3288 beneplacens

2280 3210 2406 3273 Πῶς
2442 3210 2550 3284 γάρ
2574 3211 2643 3266 ἂν
2674 3214 2773 3269 καὶ
2820 3215 3165 3289 εὐαρεστήση
3201 3218 3279 3289 τῷ
3311 3219 3459 3288 Θεῷ,
3492 3222 3543 3274 εί
3574 3222 3648 3292 μὴ
3692 3222 3781 3276 διὰ

536 3316 625 3381 sit,
659 3313 762 3368 nisi
788 3311 1009 3367 volitiva
1034 3350 1050 3377 ,
1079 3312 1465 3382 operativaque
1501 3310 1617 3366 hac
1643 3310 1726 3365 sui
1759 3310 2000 3365 motio::e
2023 3318 2103 3365 at-

536 3419 641 3474 que
663 3401 966 3472 potestate?
994 3400 1273 3466 Quomodo
1305 3407 1485 3454 autem
1537 3399 1773 3453 divinam
1806 3399 1977 3469 ipsam
2010 3401 2110 3453 im-

536 3496 682 3564 plere
711 3492 909 3564 poterit
940 3494 1296 3557 voluntatem,
1324 3490 1429 3545 nisi
1461 3505 1560 3562 per
1588 3490 1815 3545 inditam
1850 3492 1953 3546 sibi
2011 3506 2104 3545 es-

535 3587 816 3642 sentialem
834 3583 1198 3639 voluntatem?
1219 3582 1394 3650 Quam
1442 3584 1780 3639 voluntatem
1825 3582 2023 3653 saepius
2051 3584 2103 3637 in

535 3678 707 3733 sacris
734 3674 958 3731 Litteris
988 3674 1156 3731 variis
1177 3674 1634 3744 appellationibus
1658 3673 1995 3743 designatam
2029 3689 2107 3727 re-

536 3765 775 3837 perimus
803 3781 819 3818 :
852 3763 1054 3819 dictam
1086 3763 1311 3818 scilicet
1348 3764 1544 3818 bonam
1589 3760 1946 3830 voluntatem,
1972 3775 2108 3817 con-

533 3854 952 3928 cupiscentiam,
1006 3855 1360 3920 desiderium,
1413 3854 1782 3920 dilectionem,
1842 3867 2102 3907 amorem.

535 3951 704 4022 Cujus
759 3964 891 4005 sane
922 3949 1003 4003 rei
1030 3948 1195 4004 breve
1248 3947 1467 4017 aliquod
1497 3947 1869 4002 testimonium
1906 3945 2109 4000 referre

538 4057 645 4097 non
677 4038 903 4111 pigebit.
937 4036 1148 4093 Dicitur
1195 4036 1379 4106 itaque
1422 4035 1565 4105 quod
1593 4053 1613 4086 ι
1656 4034 1987 4089 voluntatem
2041 4033 2109 4085 ti-

537 4136 797 4190 mentium
819 4145 879 4187 se
912 4130 1095 4207 faciet~
1126 4129 1385 4184 Dominus
1434 4128 1478 4159 ¹⁵
1518 4146 1537 4179 ι
1567 4137 1622 4181 et
1680 4127 1822 4181 beati
1876 4124 2109 4181 hominis

536 4228 864 4284 voluntatem
896 4239 1016 4281 esse
1037 4225 1089 4278 in
1119 4224 1235 4294 lege
1264 4222 1474 4277 Domini
1502 4222 1580 4287 ¹⁶ς
1611 4229 1665 4276 et
1693 4238 1711 4272 ι
1741 4220 2105 4286 Quemadmo-

536 4325 663 4376 dum
682 4318 954 4374 desiderat
982 4330 1178 4370 cervus
1208 4314 1276 4368 ad
1325 4313 1503 4367 fontes
1539 4326 1828 4382 aquarum,
1860 4313 1933 4366 ita
1959 4311 2107 4366 desi-

536 4409 884 4467 deratanima
915 4423 1031 4463 mea
1071 4408 1136 4461 ad
1169 4417 1244 4471 te,
1273 4404 1415 4458 Deus
1447 4404 1491 4436 ‘7
1520 4413 1568 4457 et
1599 4422 1620 4455 ι
1664 4402 2018 4472 concupiscit,
2051 4411 2109 4458 et

538 4501 721 4557 dellcit
749 4499 929 4553 anima
980 4511 1099 4552 mea
1132 4496 1185 4549 in
1216 4494 1354 4550 atria
1390 4493 1602 4548 Domini
1645 4494 1723 4560 ‘3;
1762 4512 1784 4546 ι
1817 4503 1872 4549 et
1908 4512 1928 4545 ι
1971 4508 2105 4548 con-
2138 4513 2183 4568 ι)

538 4593 717 4663 cupivi
758 4590 998 4646 salutare
1049 4585 1471 4652 tuum,Domine
1518 4586 1581 4641 ι’.
1633 4604 1652 4638 ι
1686 4585 1762 4639 De
1820 4585 2112 4642 dilectione

540 4696 720 4741 autem
789 4683 990 4740 dicitur
1036 4698 1049 4733 :
1093 4698 1113 4734 ι
1160 4679 1388 4750 Diligam
1454 4688 1527 4745 te,
1558 4677 1802 4743 Domine,
1848 4676 2113 4733 fortitudo

542 4793 658 4832 mea
685 4778 753 4831 ³⁸.
795 4795 816 4830 ν
850 4785 905 4831 et
942 4794 960 4827 ι
1004 4774 1198 4839 Dilexi,
1231 4773 1490 4843 quoniam
1553 4772 1803 4827 exaudiet
1854 4772 2113 4827 Dominus

542 4884 728 4923 vocem
759 4868 1029 4923 orationis
1059 4880 1192 4921 meae
1223 4864 1289 4931 “,
1324 4882 1344 4917 ι
1375 4875 1430 4919 et
1463 4882 1482 4915 ι
1521 4863 1790 4933 quomodo
1834 4863 1997 4918 dilexi
2033 4864 2116 4919 le-

542 4977 659 5030 gem
702 4970 873 5027 tuam,
902 4960 1126 5014 Domine
1157 4960 1228 5023 “,
1249 4968 1309 5013 et
1348 4976 1367 5010 t
1403 4956 1599 5027 Diliges
1629 4954 1913 5011 Dominum
1944 4955 2109 5010 Deum

546 5065 696 5108 tuum
732 5067 802 5106 cx
833 5061 943 5106 toto
976 5051 1140 5106 corde
1194 5061 1310 5117 tuo,
1350 5058 1404 5103 et
1453 5063 1520 5103 ex
1553 5057 1662 5104 tota
1696 5047 1875 5102 anima
1932 5056 2044 5101 tua.
2084 5064 2105 5098 ι

545 5144 831 5211 Quomodo
865 5143 1029 5212 igitur
1058 5142 1280 5209 diligere
1328 5139 1496 5194 Deum
1529 5141 1727 5209 poterit
1760 5139 1993 5203 animus,
2020 5138 2112 5206 qui

547 5237 600 5291 in
629 5234 810 5305 scipso
843 5234 1081 5289 essentia
1121 5234 1350 5288 inditam
1395 5248 1501 5286 non
1532 5232 1726 5286 haheat
1753 5231 1988 5294 volendi,
2028 5230 2114 5284 di-

548 5324 1155 5396 ligendi,desiderandi.
1188 5322 1631 5391 concupiscendi,
1668 5320 1992 5389 amandique
2022 5335 2118 5375 na-

548 5418 801 5483 turalem,
840 5416 1150 5486 bonamque
1184 5425 1507 5484 potestatem
1537 5414 1560 5469 ?
1590 5428 1694 5484 qua
1734 5412 1942 5468 scilicet
1982 5428 2116 5481 pra:-

543 5522 693 5568 stans
750 5508 984 5583 lgnatius
1045 5508 1226 5562 aiebat
1273 5525 1288 5562 :
1336 5525 1353 5559 ι
1412 5506 1579 5561 Amor
1636 5520 1788 5560 meus
1825 5504 2117 5560 crucifixus

2204 3302 2303 3372 τῆς
2352 3303 2649 3376 θελητικῆς
2709 3308 2807 3360 καὶ
2853 3309 3219 3379 ἐνεργητικῆς
3279 3311 3455 3380 αὐτῆς
3510 3318 3781 3382 κινήσεως

2206 3394 2299 3446 καὶ
2330 3391 2648 3464 δυνάμεως;
2697 3394 2820 3459 Πῶς
2850 3395 2906 3448 δὲ
2931 3399 3027 3450 καὶ
3067 3399 3258 3469 τελέσῃ
3287 3401 3349 3452 τὸ
3394 3400 3487 3453 τοῦ
3518 3400 3654 3453 Θεοῦ
3688 3403 3777 3454 επέ-

2204 3483 2458 3554 λημαηεί
2492 3484 2568 3557 μὴ
2591 3485 2682 3539 διὰ
2714 3487 2810 3540 τοῦ
2856 3487 3106 3557 ἐμφύτου
3146 3491 3321 3560 αὐτῆς
3362 3496 3457 3545 καὶ
3485 3493 3781 3558 οὕσιώόους

2206 3573 2549 3647 θελήματος;
2580 3578 2759 3650 Ὅπερ
2804 3579 3068 3646 πολλάκις
3095 3584 3153 3634 ἐν
3178 3585 3244 3652 τῇ
3278 3583 3467 3654 Γραφῇ
3501 3586 3781 3659 διαφόροις

2204 3669 2463 3740 ὀνόμασιν
2508 3670 2838 3742 εὑρίσκομεν
2880 3673 3310 3743 ὀνομαζόμενον,
3354 3677 3636 3740 τουτέστι,
3687 3682 3782 3733 θέ-

2206 3759 2357 3831 λημα
2379 3760 2604 3828 ἀγαθὸν,
2636 3762 2956 3834 ἐπιθυμίαν,
2987 3764 3233 3835 ἀγάπην,
3265 3767 3465 3838 ἔρωτα.
3505 3771 3568 3823 Ei
3596 3771 3653 3823 δὲ
3694 3772 3780 3824 δεῖ

2206 3853 2303 3906 καὶ
2358 3854 2565 3924 μικρὰς
2626 3856 2936 3926 μαρτυρίας
2995 3857 3263 3921 ἐνθεῖναι,
3325 3862 3427 3914 οὐκ
3498 3862 3776 3934 ὀκνητέον.

2207 3942 2437 4012 Εἴρηται
2465 3941 2616 4011 γοῦν,
2647 3943 2728 3996 ὅτι
2761 3962 2781 3995 ι
2816 3944 3042 4013 Θὲλημα
3083 3945 3194 3997 τῶν
3222 3946 3573 4016 φοϐουμένων
3615 3951 3781 4002 αὑτὸν

2206 4034 2425 4104 ποιήσει
2454 4034 2482 4086 ὁ
2512 4033 2716 4105 Κύριος
2736 4051 2751 4065 ⁸
2785 4052 2805 4088 ι
2844 4035 2934 4088 καί
2953 4052 2967 4065 ’
3010 4054 3031 4087 r
3076 4036 3165 4089 Ἐν
3192 4036 3269 4107 τῷ
3299 4038 3450 4109 νόμῳ
3480 4041 3685 4110 Κυρίου
3718 4042 3781 4094 τὸ

2208 4123 2426 4195 θέλημα
2468 4125 2564 4179 τοῦ
2602 4126 2876 4197 μακαρίου
2903 4127 3096 4201 ἀνδρός
3116 4142 3131 4157 °
3169 4145 3188 4180 ι
3218 4129 3312 4185 καί
3337 4145 3349 4159 ⁸
3384 4148 3405 4181 ι
3448 4130 3546 4184 Ὃν
3576 4132 3779 4202 τρόπον

2209 4218 2462 4272 ἐπιποθεί
2504 4220 2538 4289 ὴ
2572 4218 2770 4289 ἔλαφος
2806 4219 2902 4272 ἐπὶ
2928 4219 3030 4283 τὰς
3061 4220 3245 4290 πηγὰς
3283 4220 3394 4274 τῶν
3425 4221 3655 4289 ὑδάτων,
3687 4224 3781 4278 οὔ·

2209 4326 2315 4372 τως
2350 4312 2666 4382 ἐπιποθεῖὴ
2715 4310 2861 4383 ψυχή
2898 4328 3003 4381 μου
3047 4311 3182 4381 πρὸς
3221 4312 3305 4376 σὲ,
3328 4314 3359 4365 ὁ
3404 4312 3571 4376 Θεός·
3601 4333 3621 4366 ι
3651 4316 3775 4369 καί·

2216 4418 2235 4452 ι
2289 4400 2577 4454 Ἐπιποθεῖ
2604 4403 2702 4455 καὶ
2746 4402 2987 4455 ἐκλείπει
3018 4404 3049 4468 ἡ
3077 4401 3223 4472 ψυχή
3260 4419 3361 4472 μου
3390 4406 3471 4465 είς
3491 4406 3592 4468 τὰς
3615 4406 3779 4469 αὐλὰς

2210 4493 2304 4548 τοῦ
2339 4495 2576 4565 Κυρίου·
2616 4513 2634 4548 ι
2661 4495 2786 4548 καί·
2833 4513 2852 4545 ι
2899 4494 3247 4563 Ἐπεπόθησα
3274 4494 3335 4545 τὸ
3362 4498 3631 4565 σωτήριῦν
3666 4513 3775 4559 σου,

2213 4587 2407 4657 Κύριε.
2438 4605 2457 4639 ι
2498 4587 2647 4658 Περὶ
2684 4586 2741 4639 δέ
2771 4584 3021 4655 ἀγάπης·
3054 4603 3072 4636 ι
3120 4583 3421 4655 Ἀγαπήσω
3463 4603 3544 4648 σε,
3578 4587 3777 4658 Κύριε,

2211 4682 2245 4751 ἡ
2275 4679 2429 4749 ἰσχύς
2462 4695 2563 4749 μου
2587 4694 2601 4707 ·
2638 4697 2658 4731 ι
2712 4677 2837 4731 καί’
2874 4695 2895 4729 ι
2942 4678 3258 4750 Ἢγάπησα,
3292 4681 3374 4732 ὅτι
3399 4680 3780 4733 είσακούσεται

2211 4769 2449 4842 Κύριος·
2478 4789 2497 4822 ι
2525 4768 2651 4822 καιο
2692 4788 2711 4821 ι
2760 4769 2847 4832 Ὠς
2869 4770 3133 4839 ἠγάπησα
3166 4770 3259 4823 τὸν
3308 4771 3473 4841 νόμον
3508 4788 3625 4832 σου.
3676 4772 3779 4825 Κύ-

2214 4877 2330 4934 ριεο
2375 4880 2395 4913 ι
2431 4861 2526 4915 καί
2551 4877 2565 4892 ο
2605 4882 2624 4913 ι
2670 4862 3003 4932 Ἀγαπήσεις
3039 4862 3243 4933 Κύριον
3291 4862 3384 4916 τὸν
3426 4863 3560 4916 Θεόν
3592 4879 3687 4915 σου
3726 4863 3779 4926 ἑξ

2216 4954 2344 5024 ὅλης
2367 4955 2466 5024 τῆς
2496 4952 2724 5024 καρδίας
2747 4970 2865 5016 σου,
2898 4953 2995 5006 καὶ
3022 4953 3081 5018 ἐξ
3109 4954 3237 5024 ὅλης
3264 4954 3368 5022 τῆς
3393 4954 3575 5025 ψυχῆς
3604 4972 3723 5010 σου.
3755 4974 3771 5007 ι

2218 5042 2345 5105 Πῶς
2375 5038 2469 5095 οῦν
2499 5043 2788 5113 δυνήσεται
2819 5044 3105 5113 ἀγαπῆσαι
3137 5044 3231 5097 τὸν
3259 5044 3392 5096 Θεὸν
3441 5047 3473 5113 ἡ
3502 5045 3673 5113 ψυχὴ,
3711 5046 3777 5114 μὴ

2218 5136 2419 5206 ἔχουσα
2469 5135 2742 5198 οὺσιωδῶς
2769 5136 2828 5187 ἐν
2854 5136 3023 5205 ἑαυτῇ
3053 5134 3153 5206 τὴν
3187 5135 3418 5205 δύναμιν
3443 5136 3544 5205 τὴν
3570 5136 3778 5207 θελητι-

2214 5227 2339 5298 κὴν,
2367 5228 2462 5280 καὶ
2493 5226 2916 5298 ἐπιθυμητικὴν,
2944 5228 3039 5280 καὶ
3062 5228 3435 5295 ἀγαπητικὴν,
3473 5228 3567 5282 καὶ
3595 5229 3780 5298 ἐρωτι-

2215 5320 2340 5390 κὴν,
2377 5322 2612 5390 φυσικήν
2652 5336 2710 5372 τε
2770 5324 2863 5374 καὶ
2913 5320 3165 5389 ἀγαθήνς
3198 5321 3268 5389 ἢν
3326 5319 3469 5390 ἔχων
3528 5320 3779 5389 Ἰγνάτιος

2216 5410 2476 5479 ἔφασκεν,
2539 5413 2622 5464 ὅτι
2676 5412 2733 5464 Ὀ
2789 5413 2923 5481 ἐμὸς
2983 5411 3124 5481 ἔρως
3173 5411 3557 5482 ἐσταύρωται·
3610 5413 3779 5465 ὅντινα

2217 5503 2396 5575 ἔρωτα
2423 5502 2583 5568 Θεοῦ,
2614 5504 2710 5556 καὶ
2735 5505 2956 5575 ἀγάπην
2981 5502 3138 5570 Θεοῦ,
3180 5503 3278 5556 καὶ
3310 5503 3496 5566 πόθον,
3542 5505 3637 5557 καλ⁸
3669 5507 3779 5557 ἐπι-

620 5681 822 5736 ”Psal.
853 5693 1031 5741 cxmv,
1062 5677 1146 5731 l9.
1221 5677 1265 5709 ¹⁶
1292 5675 1434 5734 Psal.
1469 5691 1506 5738 ι,
1542 5676 1595 5728 ‘2.
1660 5674 1863 5732 "Psal.
1893 5691 2002 5739 xu,
2034 5674 2087 5729 2.
2149 5676 2190 5706 "
2226 5676 2366 5732 Psal.
2408 5690 2640 5743 Lxxxiu,
2669 5673 2721 5728 3.
2783 5675 2827 5705 "‘
2854 5674 2998 5731 l‘sal.
3036 5674 3250 5743 xvn,2.
3310 5675 3356 5706 "
3388 5674 3525 5730 Psal.
3553 5690 3696 5737 cur,
3730 5673 3770 5724 l.

546 5756 586 5784 ²¹
621 5755 766 5809 l‘sal.
809 5765 999 5817 cxvttt,
1041 5750 1128 5802 97.
1206 5750 1251 5779 "
1277 5748 1430 5803 Dent.
1463 5762 1537 5811 vi,
1564 5745 1844 5814 5;Mutth.
1889 5762 2023 5812 xxii,
2059 5746 2146 5800 '57.
