4072 6524
343 425 480 489 1169

1740 423 1996 485 SERMO
2030 423 2144 484 ΙΙΙ.

3439 431 3575 497 1170

340 541 542 612 θυμίαν
586 540 754 603 Θεοῦ,
790 539 885 594 καὶ
919 535 1211 610 θελητικὴν
1239 537 1422 610 ὅρεξιν
1471 537 1608 610 πρὸς
1650 536 1785 591 Θεὸν
1832 537 1900 609 μὴ

2011 546 2128 603 est;
2176 553 2196 588 ι
2232 549 2392 606 quem
2417 536 2632 602 quidem
2666 550 2904 593 amorem
2945 538 3063 606 Dei,
3090 539 3446 614 Divinamque
3491 550 3574 602 di-

339 631 584 698 ἔχοντες,
614 624 760 683 οὗτοι
789 628 850 680 τὸ
880 627 1091 697 θέλημα
1120 627 1181 680 τὸ
1218 627 1522 681 διαϐολικδν
1552 627 1787 698 ἔχοντες,
1810 627 1906 680 καὶ

339 725 406 776 τά
439 723 719 795 θελήματα
749 723 845 794 τῆς
875 723 1078 793 σαρκὸς
1107 723 1289 777 αὐτῶν
1317 723 1669 794 πράττοντες,
1705 739 1908 793 παραι-

336 816 556 870 τοῦνται
587 816 662 878 ὡς
705 816 942 886 πονηρὸν
978 816 1039 869 τὸ
1086 815 1385 880 Θεόσδοτον,
1430 819 1526 868 καὶ
1570 815 1903 880 θεόκτιστον,

337 907 433 958 καὶ
489 905 736 976 θεόμοιον
786 907 885 975 τῆς
941 905 1136 974 νοερᾶς
1196 905 1291 959 καὶ
1338 903 1707 973 θεοχαράκτου
1751 901 1908 972 ἡμῶν

335 996 515 1066 ψυχῆς
550 995 834 1066 ὁμολογεῖν
867 998 926 1048 ἐν
954 994 1178 1066 Χριστῷ
1199 1037 1214 1060 ,
1243 995 1336 1049 καὶ
1371 994 1468 1066 τὴν
1512 992 1774 1059 ζωοποιὸν
1805 992 1907 1047 αὒ-

334 1089 438 1158 τῆς
467 1088 561 1141 καλ⁸
608 1089 940 1158 συστατικὴν
978 1089 1248 1158 θεήπνουν
1286 1088 1570 1160 ἐνέργειαν
1591 1103 1604 1117 ·
1639 1080 1714 1140 ὧν
1737 1085 1908 1157 χωρὶς

336 1184 371 1253 ὴ
408 1184 606 1252 νοερὰ,
660 1183 754 1234 καὶ
803 1181 1112 1247 θεόσδοτος,
1142 1183 1236 1235 καὶ
1283 1181 1573 1249 θεόστομος
1605 1177 1698 1230 τοῦ
1733 1179 1908 1248 ἐμφυ-

337 1269 583 1337 σήματος
621 1267 717 1320 τοῦ
750 1266 895 1320 θείου
941 1271 973 1338 ὴ
985 1268 1100 1338 μῶν
1133 1268 1300 1339 ψυχὴ,
1333 1267 1457 1320 οὔτε
1491 1267 1733 1334 θελῆσαι,
1782 1263 1906 1317 οὔτε

335 1359 636 1429 ἐνεργῆσαί
666 1375 718 1410 τι
746 1359 855 1411 τῶν
885 1359 1045 1412 θείων
1084 1360 1312 1412 ἐντολῶν
1351 1359 1591 1414 δύναται.
1628 1358 1689 1408 EE
1728 1357 1785 1409 δὲ
1811 1355 1907 1408 ἀλ-

333 1449 523 1520 λοτρία
583 1452 731 1503 ἐστὶν
783 1452 816 1520 ἡ
862 1451 1026 1521 νοερά
1085 1450 1244 1522 ἡμῶν
1320 1449 1467 1520 ψυχὴ
1525 1448 1732 1517 ἀγαθῆς
1809 1444 1905 1499 καὶ

335 1543 672 1614 θεομιμήτου
717 1543 991 1611 θελήσεως
1035 1543 1131 1596 καὶ
1161 1543 1457 1614 ἐνεργείας,
1495 1541 1614 1603 πῶς
1639 1539 1776 1611 πρὸς
1809 1540 1904 1592 ἀν-

335 1635 591 1707 θρώπους
629 1636 776 1704 λέγει
810 1640 837 1689 6
861 1637 1029 1700 Θεὸς,
1078 1637 1162 1690 ὅτι
1189 1652 1208 1685 4
1241 1636 1367 1688 Ἐἀν
1414 1633 1637 1703 θέλητε,
1669 1635 1765 1685 καὶ
1789 1633 1904 1684 είσ-

333 1726 610 1796 ἀκούσητέ
639 1743 744 1797 μου
765 1764 779 1789 ,
808 1726 879 1778 τὰ
928 1725 1110 1793 ἀγαθά
1135 1725 1234 1794 τῆς
1266 1725 1370 1796 γῆς
1407 1722 1683 1794 φάγεσθε;
1723 1741 1741 1773 ι
1782 1721 1905 1784 Πῶς

335 1819 550 1888 ποιήσει
577 1818 636 1870 τὸ
672 1818 813 1870 θεῖον
842 1817 1053 1887 θέλημα
1082 1818 1114 1886 ἡ
1143 1815 1310 1886 ψυχὴ,
1340 1818 1388 1868 εί
1426 1815 1501 1885 μὴ
1531 1814 1644 1883 ἔχει
1677 1812 1904 1884 δύναμιν

2011 629 2325 692 lectionem,
2356 627 2449 684 Dei
2477 630 2827 698 desiderium,
2857 642 3018 702 atque
3053 636 3573 706 concupiscentiam,

2007 729 2062 774 et
2085 719 2380 774 voluntatis
2438 722 2733 790 appetitum
2771 723 2838 776 ad
2881 724 3054 793 ipsum
3083 725 3174 793 qui
3209 741 3315 780 non
3348 728 3574 792 habent.

2007 812 2064 867 bi
2092 812 2416 868 diabolicam
2469 814 2731 870 habentes
2779 816 3137 882 voluntatem,
3167 826 3224 872 et
3270 820 3576 876 voluntates

2006 906 2190 961 carnis
2259 921 2370 961 sua:
2438 907 2800 976 perficientes,
2857 911 3096 965 divinum
3129 912 3230 967 hoc
3272 914 3492 980 donum,
3544 929 3572 967 a

2005 996 2118 1053 Deo
2136 1008 2402 1066 creatum,
2433 999 2638 1070 Deique
2665 1001 2844 1056 simile
2867 1003 3263 1070 intellectualis,
3297 1019 3328 1060 a
3360 1005 3574 1076 Deoquo

2005 1089 2221 1147 formati
2246 1092 2413 1147 animi
2465 1093 2658 1157 nostri,
2690 1103 2945 1162 tanquam
3000 1097 3198 1151 malum
3249 1098 3301 1152 in
3360 1099 3574 1154 Christo

2006 1184 2256 1238 confiteri
2296 1195 2752 1254 recusant,atqne
2767 1187 3128 1242 viviﬁcantem
3159 1190 3319 1243 etiam
3349 1190 3488 1257 ejus,
3519 1201 3575 1245 et

2004 1275 2412 1341 consistentem,
2443 1293 2470 1330 a
2522 1277 2630 1331 Deo
2679 1277 2936 1345 spiratam
2993 1278 3090 1346 ipsi
3143 1280 3574 1335 aditnttntfamtl-

2005 1371 2215 1418 tatem:
2261 1365 2456 1432 quibus
2489 1365 2534 1418 si
2581 1365 2906 1418 destituatur
2947 1366 3324 1424 intellectualis
3364 1377 3574 1423 animus

2005 1464 2191 1508 noster
2216 1470 2244 1506 a
2270 1455 2377 1509 Deo
2397 1455 2572 1519 datus,
2608 1454 2912 1524 divinaeque
2947 1457 3112 1523 ipsius
3167 1469 3373 1513 natura:
3407 1461 3571 1528 parti-

2005 1542 2146 1606 cula,
2178 1541 2289 1612 jam
2330 1557 2504 1611 neque
2536 1542 2693 1607 velle,
2727 1558 2901 1612 neque
2935 1545 3120 1599 conari
3151 1547 3216 1599 ad
3243 1547 3456 1615 aliquod
3489 1564 3574 1617 po-

2005 1635 2130 1688 terit
2154 1634 2462 1688 divinorum
2495 1635 2896 1688 tnant‘ttorum.
2933 1636 2989 1690 Si
3027 1651 3159 1690 vero
3193 1638 3576 1694 intellectualis

2002 1735 2194 1781 noster
2227 1726 2315 1781 hic
2342 1726 2556 1780 animus
2594 1725 2731 1780 bona
2763 1728 2862 1781 hac
2893 1736 3064 1794 caret,
3110 1728 3388 1800 Deumque
3454 1730 3574 1786 imi-

2003 1827 2113 1871 tata
2137 1818 2415 1871 voluntate
2433 1819 2878 1887 operationeque,
2898 1821 3168 1888 quomodo
3201 1822 3374 1890 inquit
3395 1822 3570 1878 homi-

334 1909 624 1980 θελητικὴν
668 1909 765 1963 καὶ
807 1910 1199 1980 ὲνεργητικήν;
1245 1908 1370 1968 Πῶς
1399 1907 1456 1960 δὲ
1503 1906 1786 1977 ἐπετράπη
1819 1906 1900 1958 εὑ-

2008 1908 2164 1963 nibns
2197 1911 2356 1974 Dens,
2392 1927 2412 1961 ι
2447 1909 2502 1963 Si
2539 1909 2840 1973 volueritis,
2884 1919 2939 1964 et
2971 1912 3249 1966 audieritis
3297 1928 3403 1978 me,
3434 1914 3570 1966 bona

333 2003 489 2065 θέως,
521 2002 683 2074 ἡνίκα
715 2003 936 2070 γέγονεν
974 2003 1004 2054 6
1047 2000 1247 2070 Ἀδάμ,
1282 1998 1610 2072 ἐργάζεσθαι
1649 1999 1742 2050 καὶ
1795 2015 1900 2067 φυ-

331 2091 488 2143 λάττε
499 2109 546 2144 ιν
565 2092 625 2144 τὸ
653 2091 981 2145 Δεσποτικὸν
1003 2091 1367 2162 πρόσταγμα;

2007 2010 2164 2055 terrae
2232 2001 2566 2057 comedetis?
2616 2019 2635 2051 ι
2691 2001 2973 2067 Quomodo
3033 2003 3276 2058 Divinam
3329 2005 3575 2075 implebit

2005 2089 2339 2144 voluntatem
2388 2091 2618 2154 animus,
2652 2091 2695 2144 si
2741 2100 2928 2144 careat
2969 2093 3188 2146 volitiva
3235 2104 3400 2164 atque
3445 2110 3571 2162 Ope-

336 2187 506 2238 rativa
541 2186 834 2240 facultate?
863 2205 882 2239 ι
915 2187 1196 2252 Quomodo
1225 2186 1524 2258 permissus
1569 2195 1653 2242 est
1705 2184 1896 2252 Adam,
1938 2185 2200 2240 continuo
2242 2199 2307 2238 ac
2368 2185 2586 2253 genitus
2609 2193 2713 2248 εει,
2747 2183 3008 2252 .operari,
3037 2183 3391 2254 divinumque
3437 2199 3573 2253 prte-

334 2286 547 2342 ceptnm
595 2278 902 2332 custodire?

415 2366 576 2420 Ἀλλά
623 2369 951 2439 παρετράπη
985 2367 1148 2439 φύσιν
1181 2370 1208 2423 6
1237 2368 1547 2442 ἄνθρωπος,
1594 2367 1692 2423 καὶ
1722 2369 1900 2423 πάντα

331 2456 402 2508 τὰ
430 2455 525 2510 τοῦ
557 2455 844 2528 ἀνθρώπου
884 2459 1122 2523 πάντως,
1172 2459 1355 2530 ὲροῦσι
1395 2459 1534 2529 πρὸς
1563 2460 1711 2528 ἡμᾶς
1740 2459 1788 2510 οἱ
1814 2457 1901 2510 αἱ-

336 2549 560 2618 ρετικοὶ,
586 2550 678 2602 καὶ
697 2550 886 2603 τούτου
914 2550 1074 2622 χάριν
1096 2550 1376 2621 ἀλλότριον
1405 2554 1502 2605 καὶ
1534 2551 1752 2616 ἀνάξιόν
1783 2552 1902 2604 ἐστι

331 2642 394 2693 τὸ
436 2640 615 2707 λέγειν
664 2641 757 2694 ἐπὶ
804 2641 1038 2712 Χριστοῦ
1083 2640 1428 2711 ἀνθρώπινον
1479 2641 1712 2713 θέλημα,
1747 2641 1779 2711 ἤ
1810 2641 1904 2695 ἀν-

334 2729 612 2801 θρωπίνην
645 2731 944 2801 ἐνέργειαν.
980 2733 1093 2802 Οὐχ
1140 2731 1349 2795 οὕτως·
1385 2733 1447 2785 οὐ
1488 2734 1597 2803 γὰρ
1645 2731 1903 2796 όλοτελῶς

329 2823 398 2892 τῇ
451 2821 611 2891 φύσει
664 2824 910 2894 ἐτράπη,
963 2823 1134 2894 ἡγουν
1172 2822 1441 2895 ⁴ηλλοιώθη
1491 2824 1550 2888 ἐξ
1595 2824 1904 2895 ἀφθαρσίας

332 2913 414 2975 είς
449 2913 656 2984 φθορὰν
688 2917 716 2968 6
758 2915 958 2985 Ἀδάμ·
992 2915 1128 2970 ἀλλὰ
1175 2916 1234 2970 τὸ
1263 2916 1442 2985 σῶμα,
1466 2915 1540 2979 ὡς
1575 2918 1638 2968 ὲκ
1671 2917 1772 2986 γῆς
1806 2917 1901 2970 καὶ

331 3006 574 3075 τρεπτῆς
622 3006 838 3075 φύσεως
880 3009 1103 3075 γεγονὸς
1165 3009 1258 3062 καὶ
1316 3007 1574 3074 πλασθὲν,
1613 3007 1771 3060 τοῦτο
1800 3008 1901 3079 τὴν

330 3097 538 3168 τροπὴν
587 3099 648 3164 ἐξ
696 3098 1001 3170 ἀφθαρσίας
1076 3100 1172 3152 καὶ
1229 3099 1528 3163 ἀθανασίας
1592 3099 1895 3168 ὑπέμεινε,

332 3190 572 3260 φθαρτὸν
605 3192 698 3244 καὶ
724 3191 919 3262 θνητὸν
956 3191 1247 3261 γενόμενον
1268 3192 1356 3245 διὰ
1379 3191 1478 3259 τῆς
1508 3191 1894 3262 παραϐάσεως.

2070 2363 2141 2418 At
2169 2377 2297 2417 vero
2329 2360 2548 2416 deﬂexit
2575 2361 2738 2417 homo
2785 2377 2814 2415 a
2870 2371 3089 2428 natura,
3122 2379 3336 2434 unaque
3394 2371 3573 2424 omnia

2003 2469 2121 2523 quae
2153 2455 2218 2508 ad
2247 2456 2519 2508 hominem
2549 2454 2722 2521 ipsum
2749 2455 3091 2522 pertinebant
3114 2457 3358 2525 omnino,
3391 2461 3573 2516 dicent

2000 2549 2261 2601 adversus
2322 2560 2421 2599 nos
2470 2547 2745 2614 haeretici;
2799 2555 2965 2616 atque
3013 2562 3074 2602 ea
3122 2549 3186 2604 de
3228 2564 3388 2603 causa
3433 2553 3574 2608 indi-

2001 2653 2162 2706 gnum
2198 2646 2282 2691 est
2329 2637 2691 2705 alienumque,
2734 2648 2792 2690 ut
2843 2639 3056 2691 dicatur
3096 2653 3218 2693 esse
3257 2640 3310 2693 itt
3356 2641 3565 2697 Christe

2004 2728 2294 2781 humanam
2351 2728 2688 2782 voluntatem
2747 2737 2909 2796 atque
2965 2730 3301 2786 facultatem.
3348 2734 3574 2788 Minime

2005 2833 2134 2872 vero
2158 2819 2418 2887 gentium.
2453 2819 2565 2872 Non
2592 2819 2738 2873 enim
2768 2821 3006 2890 undique
3030 2834 3222 2876 natura
3256 2839 3571 2890 conversus,

2007 2911 2090 2964 vel
2114 2925 2178 2964 ex
2207 2911 2616 2980 incorruptione
2669 2911 2722 2965 in
2768 2912 3171 2982 corruptionem
3208 2925 3445 2972 mutatus
3490 2925 3574 2973 est

2002 3003 2168 3055 Adam
2195 3018 2208 3067 ;
2231 3004 2323 3056 sed
2353 3017 2573 3072 corpus,
2603 3011 2661 3056 ut
2683 3017 2750 3056 ex
2785 3013 2927 3056 terra
2960 3005 3186 3072 editum,
3216 3006 3573 3078 mutabilique

2001 3103 2191 3146 natura
2234 3096 2578 3162 plasmatum,
2625 3093 2726 3148 hac
2770 3095 3132 3150 conversione
3153 3111 3219 3150 ex
3246 3097 3574 3167 incorrupti-

1997 3185 2205 3238 bilitate
2234 3195 2396 3254 atque
2441 3186 2853 3242 immortalitate
2887 3203 2993 3256 qua
3028 3189 3319 3258 gaudebat,
3346 3207 3574 3264 corrup-

245 3271 249 3274 ’
333 3282 490 3335 Οῦτω
515 3282 622 3353 γάρ
652 3285 798 3336 ἐστιν
821 3285 849 3336 6
881 3285 1192 3354 περιπεσὼν
1219 3285 1331 3346 τοῖς
1357 3283 1600 3356 λῃσταῖς,
1625 3283 1717 3336 καὶ
1742 3281 1897 3352 γενό-

2003 3278 2153 3331 tibile
2201 3277 2536 3348 mortaleque
2577 3279 2777 3333 factum
2805 3289 2890 3334 est
2921 3295 3014 3349 per
3045 3283 3570 3350 praevaricationem.

333 3389 525 3440 μενος,
565 3373 640 3436 ῶς
691 3390 824 3445 φησι
872 3373 934 3428 τὸ
979 3375 1331 3444 Εὐαγγέλιον,
1379 3373 1484 3427 ὑπὸ
1520 3373 1628 3426 τῶν
1672 3374 1896 3444 πληγῶν

331 3464 508 3516 αὐτῶν
532 3464 823 3536 ἡμιθανὴς,
855 3466 916 3519 οὐ
947 3466 1052 3538 μὴν
1075 3467 1169 3520 καὶ
1195 3465 1478 3536 ὁλοθανής.
1515 3463 1577 3516 Ἠ
1599 3463 1706 3535 γὰρ
1729 3463 1896 3534 ψυχὴ,

329 3554 404 3617 ὡς
436 3555 493 3621 ἐξ
527 3556 795 3611 ἀθανάτου
837 3558 1026 3622 οὐσίας
1057 3558 1194 3611 Θεοῦ
1230 3559 1327 3611 καὶ
1368 3558 1642 3629 ἀτρέπτου
1685 3557 1774 3611 διὰ
1802 3555 1895 3610 τοῦ

329 3647 730 3718 ὲμφυσήματος
785 3651 1096 3716 κτισθεῖσα,
1142 3652 1192 3704 εί
1244 3651 1340 3703 καὶ
1375 3652 1441 3721 τῇ
1481 3648 1755 3721 προσϐολῇ
1799 3647 1896 3702 τοῦ

331 3739 489 3803 ξύλου
524 3741 919 3812 συγκατῆλθεν,
962 3741 1077 3794 ἀλλ’
1108 3742 1257 3812 ὅμως
1285 3740 1501 3811 ἔμεινεν
1528 3741 1588 3794 ὲν
1616 3743 1681 3812 τῇ
1716 3739 1896 3812 οἰκείᾳ

329 3834 396 3901 τῇ
429 3831 546 3884 κατ’
575 3833 759 3886 εἰκόνα
800 3832 896 3886 καὶ
945 3833 1067 3886 καθ’
1111 3833 1372 3904 ὁμοίωσιν
1402 3831 1538 3885 Θεοῦ
1616 3812 1907 3904 ἀφθαρσίᾷ

331 3924 426 3974 καὶ
455 3923 742 3993 ἀθανασίᾳ,
775 3924 838 3976 οὐ
861 3925 1137 3996 χρῄζουσα
1182 3923 1473 3987 οὺσιὼδους
1518 3924 1894 3990 ἀναπλάσεως,

329 4012 582 4084 καθάπερ
625 4014 686 4067 τὸ
734 4016 926 4085 σῶμα,
981 4015 1117 4068 ἀλλά
1168 4015 1338 4086 μόνης
1392 4013 1702 4085 λογιστικῆς
1751 4031 1896 4078 τινος

326 4104 666 4176 διορθώσεως
741 4108 835 4160 καὶ
877 4107 1351 4176 ὲξομολογήσεως,
1413 4107 1513 4160 οὑκ
1561 4107 1895 4176 ἀναιρέσεως

328 4199 630 4268 θελήσεως,
674 4198 762 4251 ῖνα
793 4199 867 4270 μὴ
904 4199 1098 4268 ἄλογος
1129 4200 1387 4268 γένηται,
1434 4199 1534 4251 οὐκ
1570 4198 1896 4268 ἑξαλείψεως

329 4291 647 4360 ἐνεργείας,
681 4291 769 4344 ἵνα
812 4291 889 4363 μὴ
933 4291 1104 4365 νεκρὰ
1136 4293 1230 4347 καὶ
1270 4291 1660 4365 ἀνενέργητος,
1706 4292 1781 4356 ὼς
1827 4291 1896 4346 τὰ

327 4385 543 4456 ἄψυχας
568 4385 808 4456 γένηται.

417 4662 793 4732 Ἐπιδημήσας
815 4656 910 4715 οῦν
929 4663 957 4716 6
982 4660 1077 4715 τοῦ
1103 4660 1239 4714 Θεοῦ
1269 4661 1444 4730 Λόγος
1469 4659 1559 4713 ἐπὶ
1588 4659 1647 4714 τὸ
1672 4661 1898 4715 ἀνακαι-

330 4753 476 4806 νίσαι
515 4753 605 4806 τὸν
649 4753 840 4822 Ἀδὰμ,
883 4754 1139 4822 τοιαύτην
1182 4750 1359 4821 ἐαυτῷ
1389 4751 1564 4822 ψυχὴν
1608 4751 1897 4823 ἐδημιούρ-

329 4862 518 4915 γησεν,
548 4845 665 4897 οἵαν
698 4847 951 4916 ἀπαρχῆς
978 4845 1035 4910 ἐξ
1064 4843 1258 4897 ἑαυτοῦ
1283 4842 1371 4896 διά
1393 4843 1486 4896 τοῦ
1509 4844 1897 4914 ὲμφυσήματος

327 4937 408 5006 τῷ
461 4936 630 5005 Ἀδὰμ
661 4937 983 5006 μετέδωκεν,
1035 4937 1204 5007 ἤγουν
1234 4935 1521 4988 ἐνέπνευσε
1565 4934 1686 4985 κατ’
1715 4933 1898 4986 εἰκόνα

330 5029 496 5082 αὑτοῦ
530 5029 622 5082 τοῦ
653 5029 788 5082 Θεοῦ
819 5029 992 5098 Λόγου
1030 5025 1215 5094 οὖσαν,
1245 5028 1342 5082 καὶ
1369 5027 1488 5080 καθ’
1515 5026 1793 5097 ὁμοίωσιν,
1823 5025 1900 5090 ῶς

333 5138 499 5190 φησιν
527 5123 559 5191 ὴ
587 5121 799 5190 Γραφὴ,
828 5121 950 5173 κατ’
976 5119 1158 5172 είκόνα
1185 5117 1352 5171 αὐτοῦ
1377 5117 1506 5187 ὅλην
1531 5116 1894 5187 ὑπάρχουσαν,

331 5211 454 5264 καθ’
497 5211 754 5280 ὁμοίωσιν
793 5210 958 5263 αὑτοῦ
982 5209 1079 5280 τὴν
1119 5207 1353 5280 ὓπαρξιν
1381 5208 1630 5278 ἔχουσαν,
1676 5207 1798 5260 κατ’
1822 5207 1900 5260 εί-

331 5306 464 5359 κόνα
495 5304 662 5357 αὐτοῦ
684 5303 781 5376 τὴν
816 5303 1053 5374 θέλησιν,
1081 5303 1202 5355 κατ’
1228 5300 1414 5354 εἰκόνα
1441 5299 1607 5353 αὑτοῦ
1626 5299 1724 5368 τὴν
1744 5298 1900 5369 ἐνέρ-

328 5415 484 5466 γειαν
539 5399 972 5469 διαγράφουσαν,
1024 5396 1294 5467 καθαρὰν,
1343 5394 1594 5464 ἄμωμον,
1639 5393 1897 5464 ἄρρητον,

329 5489 735 5560 ἀναμάρτητον,
773 5489 848 5560 μὴ
889 5489 1150 5559 δεομένην
1179 5484 1467 5547 οὐσιώδους
1507 5483 1898 5548 ἀναπλάσεως,

328 5581 518 5651 ῶσπερ
547 5581 608 5633 τὸ
649 5580 840 5650 σῶμα,
881 5582 976 5634 καὶ
1001 5579 1070 5633 τὰ
1095 5577 1187 5632 τοῦ
1223 5575 1496 5646 σώματος,
1549 5575 1623 5646 μὴ
1664 5576 1898 5646 χρῄζου-

333 5690 433 5725 σαν
472 5673 582 5726 τῶν
624 5674 838 5728 οἰκείων
898 5673 1101 5743 μερῶν,
1134 5671 1228 5724 καὶ
1259 5667 1440 5735 μελῶν
1470 5668 1778 5732 ἀλλοίωσιν,
1805 5667 1900 5721 καὶ

329 5765 632 5832 ἀνάκτισιν,
662 5766 738 5835 μὴ
781 5765 1005 5834 ἔχουσαν
1029 5763 1248 5831 θέλησιν
1278 5759 1586 5830 ἀφανισμοῦ
1614 5760 1896 5830 δεομένην,

335 5858 410 5929 μὴ
437 5856 667 5929 ἔχουσαν
690 5858 968 5930 ἐνέργειαν
992 5856 1336 5918 καταλύσεως
1350 5854 1673 5925 χρῄζουσαν.
1702 5855 1765 5906 Τί
1793 5854 1900 5923 γὰρ

2002 3366 2115 3423 Hoc
2144 3369 2394 3423 videlicet
2445 3370 2491 3425 is
2518 3370 2792 3440 designat,
2827 3371 2919 3440 qui
2968 3371 3158 3426 incidit
3195 3373 3246 3426 in
3302 3374 3565 3443 latrones,

2003 3468 2057 3514 et
2083 3462 2377 3515 semivivus
2427 3462 2600 3532 plagis
2653 3461 2877 3517 effectus
2931 3471 3040 3527 est,
3070 3472 3126 3516 ut
3167 3463 3220 3518 in
3278 3464 3573 3536 Evangelio

1998 3560 2268 3613 narratur,
2302 3567 2407 3605 non
2434 3561 2609 3605 autent
2648 3555 2970 3608 exatinctus.
3000 3554 3228 3608 Animus
3275 3556 3568 3625 siquidem,

1999 3650 2252 3710 tanquam
2279 3655 2345 3695 ex
2375 3642 2666 3696 immortali
2711 3643 3147 3714 immutabilique
3171 3645 3462 3716 divinaque
3485 3665 3568 3704 es-

1998 3733 2174 3788 sentia
2216 3748 2313 3803 per
2361 3733 2772 3803 inspirationem
2828 3745 3065 3803 creatus,
3105 3735 3233 3792 licet
3281 3741 3566 3796 certamini

1997 3825 2096 3889 illi,
2127 3827 2532 3894 casuiqueligni
2564 3827 2841 3896 subjectus
2873 3827 3057 3893 fuerit,
3089 3832 3287 3884 mansit
3311 3831 3356 3886 is
3388 3843 3565 3888 tamen

1997 3918 2051 3973 in
2081 3919 2296 3988 propria
2328 3918 2394 3970 ad
2423 3916 2516 3971 Dei
2547 3918 2835 3985 imaginem
2859 3927 2913 3972 et
2960 3920 3365 3976 similitudinem
3391 3925 3568 3980 incor-

1997 4009 2243 4078 ruptione
2274 4017 2326 4063 et
2360 4009 2792 4073 immortalitate,
2843 4009 2975 4078 quin
3013 4025 3147 4064 nova
3195 4015 3408 4082 eguerit
3453 4031 3566 4072 sua:

1996 4102 2244 4157 essentia:
2285 4102 2690 4168 reformatione,
2724 4112 2780 4156 ut
2828 4117 3047 4171 corpus,
3083 4106 3175 4158 sed
3211 4109 3442 4174 quadam
3477 4126 3568 4163 ra-

1999 4193 2182 4248 tionali
2226 4195 2566 4248 correctione
2631 4202 2869 4258 tantum,
2898 4203 2951 4248 et
2977 4196 3303 4262 expiatione,
3348 4199 3571 4254 minime

1999 4301 2128 4340 vero
2156 4285 2512 4341 sublationem
2548 4300 2735 4355 passus
2769 4295 2854 4340 est
2881 4287 3198 4354 voluntatis,
3235 4304 3302 4343 ne
3343 4290 3571 4346 rationis

1999 4380 2154 4433 lieret
2182 4393 2394 4447 expers,
2422 4393 2595 4446 neque
2610 4377 2882 4432 facultatis
2900 4380 3193 4449 Operativze
3217 4382 3567 4448 deletionem,

1999 4487 2067 4526 ne
2127 4484 2370 4526 mortuus
2420 4472 2765 4542 actionisque
2813 4473 3066 4543 incapax,
3125 4482 3184 4528 ut
3239 4476 3571 4533 ittanimatus

2001 4563 2323 4618 efﬁceretur.

2071 4656 2376 4710 Adveniens
2407 4657 2587 4725 itaque
2630 4656 2720 4712 Dei
2747 4655 3006 4724 Verbum,
3041 4666 3100 4710 nt
3134 4657 3306 4712 Adam
3343 4675 3570 4716 renova-

2003 4754 2104 4811 ret,
2143 4746 2305 4800 talem
2346 4745 2448 4799 sibi
2483 4747 2585 4814 ipsi
2631 4747 2875 4800 condidit
2944 4745 3203 4814 animam,
3241 4751 3457 4816 qualem
3500 4753 3569 4806 ab

1999 4836 2157 4891 initio
2180 4852 2244 4892 ex
2282 4851 2342 4890 se
2367 4837 2486 4904 ipso
2518 4837 2646 4891 Adae
2667 4837 2964 4891 tradiderat
2995 4854 3092 4908 per
3126 4840 3582 4911 inspirationem;

1999 4932 2115 4986 sive
2145 4945 2263 4985 eam
2298 4931 2582 5000 inspiravit
2621 4931 2686 4984 ad
2721 4931 2814 4985 Dei
2864 4933 3026 4988 Verbi
3077 4934 3242 5002 ipsius
3278 4936 3568 5006 imaginem

1999 5025 2348 5079 exsistet-item
2382 5037 2544 5094 atque
2571 5024 2636 5078 ad
2656 5025 3086 5091 similitudinem,
3122 5037 3179 5081 ut
3208 5028 3456 5097 inquiunt
3485 5030 3570 5084 di-

2001 5116 2136 5170 vinae
2153 5115 2392 5180 Litterae,
2418 5118 2483 5170 ad
2507 5117 2792 5185 imaginem
2818 5117 3156 5188 scilicetejus
3187 5128 3373 5184 totam,
3407 5135 3472 5175 ac
3501 5122 3568 5174 ad

2000 5209 2406 5264 similitudinem
2441 5209 2556 5278 ejus
2574 5211 2808 5264 essentia
2844 5212 3123 5274 donatam,
3168 5213 3232 5264 ad
3272 5213 3566 5284 imaginem

2000 5301 2117 5369 ejus
2182 5301 2480 5368 voluntate,
2509 5301 2575 5355 ad
2630 5302 2918 5372 imaginem
2973 5304 3090 5372 ejus
3127 5304 3379 5360 facultate
3421 5307 3566 5361 desi-

2001 5403 2241 5461 gnatam,
2284 5409 2496 5464 puram,
2526 5396 2945 5462 immaculatam,
2980 5397 3326 5464 inetl'abilem,
3347 5409 3568 5467 peccato

2001 5497 2298 5551 carentem,
2336 5487 2584 5542 essentia:
2638 5489 3046 5557 reformatione,
3087 5501 3145 5545 ut
3206 5507 3423 5560 corpus,
3463 5509 3568 5547 non

2001 5587 2269 5643 egentem,
2307 5579 2567 5647 partium,
2634 5583 3134 5653 membrorumque,
3195 5599 3314 5651 qua:
3372 5599 3571 5652 corpus

2002 5678 2274 5737 spectant,
2307 5670 2579 5736 varietati,
2613 5683 2665 5727 et
2690 5673 3067 5728 refortnationi
3106 5689 3211 5727 non
3237 5673 3574 5743 snhjectam,

2002 5761 2279 5816 voluntate
2329 5763 2573 5817 interitui
2632 5766 2845 5819 suhdita
2895 5777 3194 5828 carentem.
3229 5781 3405 5835 neque
3459 5783 3571 5822 sua:

2003 5853 2388 5911 destructiouis
2415 5854 2702 5912 habentem
2732 5869 3077 5928 potestatem.
3120 5861 3257 5927 Quid
3305 5860 3449 5916 enim
3473 5874 3565 5916 es-
