4072 6516
531 393 662 460 1171
1737 389 1799 450 S.
1841 389 2240 450 ANASTASII
2281 386 2609 450 SINAIT/E
3661 383 3788 450 1172

530 509 720 566 sentin:
748 505 1134 562 reformatione
1181 501 1528 574 indiguisset,
1570 515 1691 570 quae
1711 514 1780 555 ex
1825 499 1939 556 Deo
1976 516 2106 573 pro-
2131 547 2144 568 ι

2248 519 2276 554 ν
2297 501 2388 553 καὶ
2409 497 2588 570 χρῄζῃ
2613 494 2904 560 ούσιῶδους
2937 494 3296 560 ἀναπλάσεως
3346 496 3382 566 ἡ
3413 495 3476 549 ὲκ
3503 495 3644 548 Θεοῦ
3670 513 3792 568 προ.

537 602 725 664 cessit,
753 610 808 653 et
856 598 923 652 ad
972 597 1261 667 imaginem
1311 603 1368 649 et
1394 593 1805 649 similitudinem
1856 593 1951 649 Dei
2001 601 2106 659 est,

2245 590 2464 649 λθοῦσα.
2499 589 2593 642 καὶ
2616 589 2673 641 ὲν
2701 588 2875 642 εικόνι
2896 586 3032 640 Θεοῦ
3055 587 3149 641 καὶ
3169 586 3428 657 ὁμοιώσει
3455 587 3791 658 ὑπάρχουσα,

535 694 716 744 anima
745 688 1044 758 prazsertitn
1076 685 1235 740 Verbi
1271 683 1362 738 Dei
1397 699 1609 738 summe
1666 683 2036 740 immaculati?

2249 680 2304 732 ai.
2343 678 2578 748 μάλιστα
2607 678 2642 747 ἡ
2684 677 3077 747 παναχράντου
3103 676 3195 728 τοῦ
3225 676 3362 728 Θεοῦ
3390 677 3568 744 Λόγου
3593 678 3772 746 ψυχῆς

604 781 893 834 Enimvero
927 779 1055 832 Adae
1113 778 1298 830 anima
1345 790 1468 831 esse
1499 791 1528 829 a
1584 775 1693 830 Deo
1727 791 1825 845 per
1866 777 2108 845 inspira-

2295 770 2359 825 Ἦ
2385 771 2485 841 μὲν
2516 771 2624 843 γὰρ
2653 769 2748 824 τοῦ
2793 769 2967 840 Ἀδὰμ
2999 769 3145 839 ψυχὴ
3184 772 3249 822 ὲκ
3282 769 3419 822 Θεοῦ
3447 769 3543 839 τὴν
3566 769 3796 840 ὓπαρξιν

545 875 745 926 tionem
799 871 989 926 sortita
1044 877 1181 925 est:
1236 868 1554 923 Emmanuel
1599 878 1778 922 autem
1840 869 2021 921 anima
2059 866 2112 921 in

2248 864 2302 918 ιά
2327 863 2423 917 τοῦ
2458 864 2854 934 ὲμφυσήματος
2902 861 3094 932 ἔσχεν·
3138 862 3260 932 ἠδὲ
3301 862 3395 914 τοῦ
3457 861 3798 932 Ἐμμανουὴ).

539 965 672 1027 Deo,
710 972 908 1016 etcum
935 961 1068 1025 Deo,
1103 969 1156 1014 et
1190 959 1281 1015 Dei
1306 959 1536 1015 similem
1577 959 1764 1014 habuit
1790 959 2114 1023 essentiam,

538 1072 604 1108 ex
643 1056 779 1124 ipso,
813 1063 866 1107 et
891 1067 986 1122 per
1025 1054 1225 1122 ipsum,
1255 1062 1465 1110 etcum
1503 1053 1643 1122 ipso,
1671 1062 1726 1106 et
1754 1051 1808 1104 in
1851 1051 1970 1121 ipso
2021 1064 2118 1120 per

544 1143 882 1214 ltyposlztsittt
920 1141 1384 1210 concorporaliter
1435 1141 1488 1194 in
1538 1140 1882 1194 immaculato
1913 1139 2119 1208 Deique

544 1231 858 1298 susceptivo
909 1240 1064 1283 utero
1097 1229 1436 1296 subsistens;
1470 1231 1544 1282 ita
1573 1239 1630 1282 ut
1663 1232 1740 1300 (et
1766 1230 1811 1284 si
1852 1229 1991 1283 forte
2018 1231 2121 1284 hoc

543 1325 721 1376 audax
777 1323 922 1377 dictu
954 1323 1044 1386 sit,
1080 1323 1254 1376 dicunt
1289 1322 1492 1392 tamen)
1519 1321 1975 1391 quemadmodum
2024 1322 2120 1378 Dei

546 1417 783 1471 Verbum
857 1413 1202 1468 ineffabiliter
1265 1414 1394 1468 olim
1458 1429 1526 1468 ex
1600 1417 1778 1482 seipso
1837 1414 2122 1482 produxit,

545 1510 859 1575 creztvitque
900 1507 1178 1559 rationalis
1224 1507 1419 1559 anima:
1472 1507 1761 1560 essentiam
1798 1522 1812 1559 :
1850 1505 1921 1560 ita
1960 1506 2124 1562 etiam

544 1616 609 1656 ex
653 1599 920 1669 Virgineis
951 1597 1248 1652 femoribus
1269 1598 1318 1650 in
1351 1597 1536 1666 seipso
1561 1612 1680 1652 eam
1713 1599 1909 1653 fecerit
1969 1598 2128 1653 inha-

547 1693 740 1747 bitare.
775 1690 1032 1756 Quaenam
1065 1703 1196 1757 ergo
1236 1688 1444 1757 reliqua
1475 1688 1524 1743 ei
1552 1698 1758 1744 naturae
1803 1689 1982 1744 inesse
2012 1704 2126 1744 ma-

547 1785 664 1840 cula
691 1791 892 1851 potest,
923 1794 1045 1850 quae
1075 1779 1235 1834 initio
1273 1795 1338 1834 ex
1369 1780 1477 1833 Deo
1499 1781 1781 1835 creatione
1809 1783 2128 1850 procedens,

2214 955 2363 1026 ψυχὴ
2385 955 2593 1020 ἔνθεον,
2638 954 2734 1008 καὶ
2763 953 3010 1016 σύνθεον,
3049 953 3144 1006 καὶ
3168 953 3398 1023 όμόθεον
3418 953 3516 1024 τὴν
3545 953 3799 1006 ούσίωσιν

2217 1047 2399 1118 ἔσχεν,
2423 1047 2482 1114 ὲξ
2511 1046 2705 1110 αὑτοῦ,
2743 1047 2842 1100 καὶ
2868 1045 2939 1099 δι’
2966 1044 3156 1110 αὐτοῦ,
3179 1045 3274 1097 καὶ
3303 1046 3401 1097 σὺν
3428 1044 3603 1114 αὐτῷ,
3632 1045 3728 1097 καὶ
3753 1051 3802 1098 ἐν

2218 1137 2370 1209 αύτῷ
2398 1136 2523 1190 καθ’
2551 1136 2851 1190 ὑπόστασιν
2883 1135 3192 1204 συσσώμως
3233 1137 3292 1188 ἐν
3321 1139 3390 1206 τῇ
3443 1137 3805 1206 παναχράντῳ

2221 1232 2316 1285 καὶ
2346 1229 2578 1300 θεοδόχῳ
2611 1229 2795 1300 μήτρα
2835 1228 3145 1292 ὑποστᾶσα,
3194 1227 3336 1280 ὥστε
3378 1228 3430 1280 εί
3477 1228 3556 1300 μὴ
3606 1229 3803 1299 τολμη-

2227 1324 2318 1395 ρὸν
2355 1322 2415 1375 τὸ
2444 1321 2649 1391 λέγειν,
2697 1315 2853 1374 εἷπον
2899 1322 2966 1375 ἂν
2989 1361 3006 1386 ,
3042 1322 3126 1375 ὅτι
3171 1319 3365 1390 ὥσπερ
3407 1321 3580 1375 πάλαι
3626 1323 3655 1374 6
3684 1321 3807 1384 Θεὸς

2223 1415 2397 1483 Λόγος
2423 1413 2482 1478 ἐξ
2522 1412 2719 1468 ἑαυτοῦ
2747 1413 3002 1485 ἀρρήτως
3035 1413 3326 1483 προήγαγε
3381 1413 3480 1466 καὶ
3510 1413 3695 1465 ἔκτισε
3729 1414 3807 1465 λο-

2227 1507 2391 1578 γικῆς
2428 1505 2610 1576 ψυχῆς
2649 1503 2860 1568 οὐσίαν,
2885 1502 3028 1556 οὕτω
3056 1505 3152 1556 καὶ
3181 1505 3246 1556 ὲκ
3272 1503 3627 1574 παρθενικῶν
3656 1504 3809 1573 λαγό-

2228 1615 2334 1651 νων
2365 1597 2446 1659 εἰς
2475 1596 2668 1649 ἑαυτὸν
2712 1594 2931 1666 είσῷκε.
2963 1595 3073 1648 Καὶ
3099 1597 3252 1647 ποῖον
3282 1593 3470 1648 λοιπὸν
3502 1596 3699 1665 μῶμον
3721 1597 3806 1648 δύ-

2230 1706 2386 1743 ναται
2413 1688 2559 1760 ἔχειν
2581 1688 2738 1741 οὐσία
2757 1690 2792 1758 ἠ
2817 1687 3071 1760 ἀπαρχῆς
3105 1689 3170 1742 ἐκ
3198 1687 3335 1741 Θεοῦ
3363 1687 3707 1760 προελθοῦσα
3738 1693 3808 1753 εἰς

2231 1779 2410 1832 κτίσιν
2430 1818 2445 1843 ,
2479 1779 2576 1832 καὶ
2613 1777 2708 1832 νῦν
2742 1780 2799 1831 ὲν
2838 1779 2987 1849 αύτῷ
3016 1779 3093 1849 τῷ
3121 1778 3242 1850 Θεῷ
3271 1781 3690 1844 είσοικισθείσα,
3723 1783 3812 1834 καὶ

550 1890 692 1929 nunc
719 1888 879 1942 porro
911 1873 962 1926 in
990 1871 1099 1925 Deo
1132 1871 1364 1941 metipso
1388 1872 1757 1926 habitaculum
1783 1873 1969 1938 habet,
1996 1887 2120 1928 cum

2245 1869 2446 1932 τύνθεος
2464 1870 2777 1940 ὑπάρξασα,
2800 1871 2894 1924 καὶ
2927 1873 3263 1942 τιμιωτέραν
3289 1873 3387 1942 τὴν
3414 1872 3580 1942 φύσιν
3607 1874 3703 1926 καὶ
3724 1875 3812 1941 τὴν

553 1967 660 2020 Deo
719 1964 1048 2027 subsistens,
1101 1972 1250 2016 tanto
1313 1963 1768 2017 honorabiliorem
1831 1973 1990 2019 nacta
2032 1979 2132 2020 vo-

555 2055 812 2108 luntatem
866 2053 1364 2122 operationemque,
1401 2068 1508 2122 quo
1540 2064 1667 2108 tunc
1717 2054 1936 2124 quidem
1959 2070 1989 2109 a
2025 2055 2134 2111 Deo

554 2156 835 2214 separatas
893 2160 1020 2200 suas
1081 2146 1273 2199 habuit
1343 2148 1615 2215 potentias
1680 2155 1844 2215 atque
1907 2147 2136 2203 faculta-

555 2250 656 2298 tes.
686 2252 826 2290 nunc
877 2252 1006 2293 vero
1057 2250 1122 2290 ex
1186 2237 1532 2307 hypostatica
1592 2239 1792 2293 unione
1850 2237 1963 2293 Deo
2031 2240 2132 2309 ipsi

555 2326 902 2393 eattjuuctas,
932 2337 987 2381 et
1041 2327 1351 2397 aliqualiter
1388 2328 1480 2383 Dei
1539 2328 1766 2394 similes,
1799 2337 1968 2398 atque
2010 2345 2134 2384 cum

556 2419 665 2473 Deo
717 2422 832 2489 ipso
875 2419 1274 2474 subsistentes?
1305 2418 1440 2486 Quae
1466 2434 1588 2474 cum
1638 2421 1712 2474 ita
1760 2435 1818 2475 se
1880 2422 2136 2488 habeant,

557 2511 851 2575 ridiculus,
889 2524 1080 2564 rursus
1138 2509 1379 2578 inquam,
1405 2509 1701 2576 estprocul
1733 2509 1897 2564 dubio
1957 2511 2138 2566 stulti-

561 2602 650 2655 tiae
687 2603 1067 2656 haereticorum
1117 2615 1294 2665 error,
1329 2602 1473 2668 quod
1520 2601 1802 2668 passiones
1851 2601 2144 2656 animanti-

558 2692 661 2748 bus
695 2693 870 2748 brutis
893 2707 1211 2746 communes
1232 2691 1480 2760 corporis
1511 2699 1566 2745 et
1590 2691 1796 2756 carnis,
1829 2691 2146 2745 mutationi-

2230 1963 2514 2033 ἐνέργειαν
2556 1962 2780 2032 ἔχουσα,
2811 1964 2923 2030 ὅσῳ
2962 1965 3084 2015 τότε
3117 1964 3218 2035 μὲν
3246 1965 3523 2035 χωριστὰς
3555 1964 3694 2018 Θεοῦ
3722 1967 3813 2028 τὰς

2232 2055 2436 2126 ἑαυτῆς
2462 2054 2724 2126 δυνάμεις
2746 2057 2842 2109 καὶ
2865 2056 3137 2126 ἰδιότητας
3165 2056 3314 2128 ἔσχε,
3335 2056 3430 2110 νῦν
3451 2059 3510 2112 δὲ
3541 2061 3815 2122 συναπτέις

2233 2145 2391 2209 Θεοῦ,
2429 2147 2524 2199 καὶ
2555 2147 2721 2199 οἱονεὶ
2775 2146 3097 2216 όμοιοθέους
3120 2187 3136 2214 ,
3186 2148 3281 2200 καὶ
3310 2149 3574 2212 συνθέους
3604 2152 3671 2220 τῇ
3706 2149 3816 2202 καθ’

2235 2238 2534 2290 ὑπόστασιν
2580 2239 2806 2304 ὲνώσει;
2833 2238 2942 2292 Καὶ
2991 2238 3198 2291 τούτων
3229 2238 3403 2302 οὕτως
3444 2240 3704 2310 ἑχόντων,
3736 2241 3816 2292 δυο

2237 2346 2366 2392 τως,
2399 2328 2564 2381 πάλιν
2593 2329 2759 2398 λέγω,
2792 2329 2968 2398 γέλως
2985 2331 3013 2383 ό
3038 2329 3245 2395 πλατὺς
3271 2331 3372 2401 τῆς
3391 2331 3501 2384 τῶν
3525 2334 3819 2404 αἱρετικὼν

2237 2421 2571 2493 ἀφροσύνης,
2593 2422 2676 2475 ὅτι
2699 2423 2768 2475 τά
2785 2423 2948 2492 ὃμοια
2972 2424 3123 2494 πάθη
3144 2424 3241 2493 τῆς
3270 2423 3582 2495 κτηνώδους
3607 2425 3821 2493 φύσεως

2237 2515 2338 2585 τῆς
2380 2514 2586 2584 σαρκὸς
2633 2514 2738 2584 τῆς
2769 2515 3102 2585 τραπείσης,
3142 2516 3289 2586 πάθη
3328 2516 3580 2584 λέγουσιν
3610 2518 3673 2568 ὲν
3699 2517 3824 2584 Χρι-

2243 2605 2387 2676 στῷο
2433 2607 2503 2660 τὰ
2540 2606 2596 2658 δὲ
2625 2607 2724 2676 τῆς
2771 2609 2894 2660 κατ’
2931 2607 3118 2660 είκόνα
3154 2608 3322 2661 αὑτοῦ
3354 2608 3530 2678 ψυχῆς
3562 2606 3827 2677 ἰδιώματα

2238 2699 2311 2752 τά
2333 2700 2611 2763 οὺσιωδῶς
2641 2701 2715 2771 μὴ
2739 2702 3018 2772 τραπέντα
3046 2702 3447 2772 παραιτοῦνται
3480 2703 3685 2756 εἰπεῖν.

557 2784 661 2842 bus
707 2785 974 2840 obnoxias
1026 2784 1081 2836 in
1125 2781 1346 2837 Christo
1414 2781 1733 2836 fateantur:
1775 2781 1971 2837 animae
2029 2796 2162 2839 vero
2219 2792 2602 2860 pt-Oprictates,
2653 2806 2774 2861 quae
2817 2792 2883 2845 ad
2937 2792 3223 2860 imaginem
3268 2793 3360 2847 Dei
3398 2803 3525 2847 sunt
3571 2793 3826 2848 immuta-

562 2877 752 2934 tabiles
775 2875 1030 2941 essentia,
1065 2874 1120 2928 in
1150 2875 1267 2942 ipso
1294 2873 1476 2928 dicere
1507 2882 1778 2928 recusent.

633 2970 810 3037 Atque
841 2982 911 3022 ne
954 2966 1068 3019 haec
1097 2964 1297 3018 nostris
1346 2965 1652 3025 sententiis,
1691 2965 2142 3036 sermonibusque

561 3063 715 3118 dicta
741 3073 864 3114 esse
900 3057 1309 3121 existiment,et
1345 3064 1530 3110 contra
1565 3071 1660 3110 eos
1687 3057 1958 3126 disputata
1998 3076 2012 3114 :
2042 3074 2143 3130 age

2313 2974 2424 3028 Καὶ
2470 2974 2620 3038 ὅπως
2669 2975 2744 3046 μὴ
2791 2975 3018 3044 δόξωσιν
3045 2976 3106 3043 ἐξ
3148 2978 3364 3030 οἰκείων
3401 2977 3558 3048 ἡμῶν
3607 2979 3828 3033 ἐννοιῶν

2242 3067 2337 3120 καὶ
2366 3068 2553 3137 μύθων
2581 3071 2718 3142 πρὸς
2740 3072 2937 3136 αὐτοὺς
2960 3072 3327 3142 διαλέγεσθαι,
3361 3074 3494 3141 φέρε
3532 3078 3598 3146 τῇ
3637 3092 3828 3142 συνερ-

568 3154 678 3206 Deo
732 3150 1026 3218 adiuvante
1056 3161 1126 3201 ex
1169 3145 1285 3216 ipsa
1324 3144 1607 3217 Scriptura
1655 3159 1975 3219 argumenta
2012 3166 2141 3221 pro-

2246 3158 2376 3228 γεία
2414 3159 2505 3211 τοῦ
2550 3160 2684 3213 Θεοῦ
2733 3161 3026 3232 Γραφικῶς
3082 3163 3180 3227 τὰς
3233 3165 3610 3234 παραστάσεις
3675 3167 3828 3234 ποιή-

566 3244 825 3299 feratnus.
1827 3286 1829 3288 .

638 3335 986 3391 Constitulus
1005 3332 1058 3385 in
1094 3329 1330 3385 vinculis
1356 3331 1521 3386 Divus
1553 3347 1854 3401 praecursor
1883 3333 2145 3399 Joannes,

570 3428 853 3496 oculisque
908 3423 1105 3479 mentis
1166 3424 1285 3478 fore
1339 3424 1698 3493 prOSpiciens,
1736 3435 1794 3479 ut
1826 3427 1893 3481 ab
1933 3426 2146 3482 Herode

571 3519 819 3576 sublatus
845 3517 910 3570 ad
936 3515 1140 3570 inferos
1164 3515 1624 3583 proficisceretur,
1665 3517 1884 3570 mittens
1915 3517 2052 3571 duos
2079 3532 2146 3572 ex

575 3611 865 3681 discipulis
892 3612 1031 3675 suis,
1065 3625 1094 3661 a
1142 3607 1360 3662 Christo
1408 3617 1756 3678 percontatus
1791 3619 1893 3674 est,
1917 3609 2101 3665 dicens
2134 3626 2149 3664 :

578 3725 600 3759 ι
647 3704 726 3758 Tu
755 3719 814 3759 es
862 3702 957 3771 qui
999 3709 1260 3755 venturus
1290 3713 1386 3764 es,
1423 3718 1443 3751 ι
1489 3716 1681 3768 nempe
1711 3701 1776 3753 ad
1831 3700 2033 3761 inferos
2063 3703 2155 3756 de-

576 3811 890 3860 scensurus,
916 3811 936 3846 ι
960 3809 1027 3847 an
1057 3793 1219 3847 alium
1239 3801 1616 3861 exspectamus
1639 3793 1724 3846 ’3?
1759 3811 1776 3844 ι
1799 3796 2152 3861 quetnadmo-

577 3893 702 3946 dum
730 3889 925 3944 Petrus
951 3901 1168 3957 quoque
1202 3887 1254 3940 in
1310 3884 1592 3940 Catholica
1649 3886 1890 3956 Epistula
1948 3901 2046 3941 sua
2087 3888 2182 3943 de-

574 3982 794 4038 Christo
853 3981 1028 4049 inquit
1073 3981 1216 4049 quod
1254 3996 1273 4029 t
1319 3979 1372 4031 in
1422 3977 1692 4032 infernum
1751 3979 2069 4044 adveniens,
2102 3989 2157 4034 et

577 4077 683 4132 illis
717 4073 808 4145 qui
850 4075 902 4129 iu
964 4074 1279 4128 carceribus
1320 4081 1480 4126 erant
1527 4072 1832 4142 spiritibus,
1867 4073 2158 4128 incredulis

575 4168 886 4239 aliquando,
925 4167 1239 4237 przedieavit
1271 4165 1340 4231 “,
1381 4183 1400 4218 ι
1432 4181 1594 4234 quant
1645 4167 1863 4234 quidem
1918 4169 2155 4221 descen-

578 4262 786 4316 sionem
843 4258 1106 4312 Doruiuus
1135 4258 1249 4326 ipse
1293 4257 1434 4324 apud
1482 4254 1676 4310 Jobuut
1725 4259 2050 4325 praenuntiat
2079 4259 2158 4313 di-

577 4369 707 4409 cens
743 4369 757 4406 :
795 4369 816 4402 ι
855 4350 1107 4419 Nunquid
1159 4350 1212 4402 itt
1265 4347 1595 4417 profundum
1650 4350 1817 4402 maris
1855 4350 2076 4416 venisti,
2106 4358 2159 4403 et

579 4448 634 4500 in
665 4443 970 4499 novissimis
1022 4441 1204 4511 abyssi
1237 4439 1637 4494 deatubulasti?
1670 4439 1922 4509 Nunquid
1961 4453 2158 4510 aperta:

2252 3266 2456 3319 σωμεν.

2320 3340 2750 3405 Κατακλεισθεὶς
2787 3341 2846 3394 ὲν
2878 3341 2956 3410 τῷ
2985 3341 3350 3414 δεσμωτηρίῳ
3400 3345 3429 3396 ό
3460 3344 3605 3409 Θεῖος
3646 3347 3828 3400 Ἰωάνο

2251 3450 2349 3503 νης
2385 3435 2414 3486 6
2464 3434 2802 3505 Πρόδρομος,
2862 3435 2960 3487 καὶ
3005 3435 3220 3505 ὄμμασι
3273 3438 3389 3500 τοῖς
3427 3441 3638 3507 νοεροῖς
3694 3457 3824 3508 προ-

2251 3527 2433 3593 γνοὺς,
2458 3525 2540 3578 ὅτι
2568 3526 2673 3579 ὑπὸ
2692 3526 2935 3596 Ἡρώδου
2971 3526 3364 3596 ἀναιρούμενος
3391 3528 3449 3580 ὲν
3471 3528 3572 3601 ᾅδῃ
3600 3531 3826 3598 πορεύε-

2251 3635 2365 3683 ται,
2395 3619 2722 3683 ἀποστείλας
2747 3619 2840 3672 δύο
2867 3620 2976 3672 τῶν
3003 3619 3202 3685 εαυτοῦ
3267 3619 3528 3691 μαθητῶν
3570 3621 3824 3692 ἠρώτησε

2253 3710 2343 3764 τὸν
2372 3712 2629 3781 Χριστὸν,
2657 3711 2848 3781 λέγων·
2873 3730 2891 3762 ‹
2920 3712 2991 3763 Σὺ
3029 3708 3079 3763 εἷ
3109 3714 3135 3765 ὁ
3158 3713 3480 3782 ἐρχόμενος,
3509 3733 3527 3765 ι
3549 3713 3828 3766 τουτέστιν

2255 3803 2313 3855 ὲν
2360 3801 2436 3872 τῷ
2482 3802 2585 3874 ᾇδῃ
2645 3803 3072 3873 κατερχόμενος,
3113 3822 3131 3856 t
3185 3804 3219 3874 ἢ
3280 3804 3469 3876 ἕτερον
3517 3806 3830 3876 προσδοκῶ-

2259 3911 2388 3965 μεν;
2413 3913 2432 3945 ι
2465 3896 2609 3948 καθά
2644 3896 2782 3948 καὶὸ
2811 3896 3017 3966 Πέτρος
3053 3897 3182 3968 περὶ
3213 3897 3454 3968 Χριστοῦ
3489 3899 3546 3950 ὲν
3570 3903 3639 3968 τῇ
3680 3900 3830 3952 Ἐπι-

2259 3987 2419 4058 στολῇ
2451 3990 2518 4058 τῇ
2550 3987 2829 4058 Καθολικῇ
2862 3989 3036 4056 λέγει,
3072 3990 3156 4042 ὅτι
3191 4008 3210 4041 ι
3250 3989 3545 4060 Πορευθεὶς
3592 3991 3827 4062 ἐκήρυξε

2257 4082 2478 4143 καὶτοῖς
2498 4084 2554 4133 ὲν
2577 4080 2793 4152 φυλακῇ
2814 4081 3090 4152 πνεύμασι
3111 4084 3223 4144 τοῖς
3237 4099 3366 4135 ποτε
3391 4084 3780 4153 ἀπειθήσασιν,
3805 4102 3822 4135 ο

2257 4172 2450 4241 ἥντινα
2486 4171 2795 4226 κατάϐασιν
2848 4170 3014 4236 αὐτὸς
3065 4173 3094 4224 6
3150 4172 3358 4243 Κύριος
3402 4173 3540 4244 πρὸς
3582 4173 3674 4226 τὸν
3717 4173 3827 4226 Ἰὼϐ

2260 4264 2738 4335 προκαταγγέλλει
2769 4263 2946 4331 λέγων
2966 4280 2981 4294 ·
3015 4283 3033 4316 ι
3061 4259 3266 4328 *Ηλθες
3290 4265 3345 4317 δὲ
3368 4266 3460 4316 ἐπὶ
3487 4265 3712 4336 τρίϐους
3737 4267 3828 4317 θα-

2259 4357 2484 4428 λάσσης,
2516 4358 2575 4412 ἐν
2602 4357 2660 4410 δὲ
2693 4358 2896 4428 ἴχνεσιν
2929 4355 3170 4410 ἀϐύσσου
3209 4359 3660 4429 περιεπάτησας;
3685 4358 3826 4412 ἀνοί⁸

2259 4467 2448 4518 γονται
2482 4449 2537 4502 δέ
2563 4466 2645 4503 σοι
2680 4450 2831 4521 φόϐῳ
2855 4448 3024 4503 πύλαι
3047 4449 3307 4514 Θανάτου,
3343 4448 3588 4520 πυλωροὶ
3620 4449 3676 4501 δὲ
3709 4449 3827 4519 ᾅδου

582 4546 711 4592 sunt
737 4543 880 4588 metu
911 4533 1003 4587 tibi
1047 4541 1217 4600 porta:
1247 4533 1460 4594 mortis,
1491 4543 1547 4585 et
1582 4533 1847 4601 jauitores
1878 4533 2072 4588 inferni
2105 4545 2144 4588 tt

2264 4542 2465 4606 ἰδόντες
2521 4559 2583 4594 σε
2634 4541 2896 4612 ἐφριξανς
2926 4560 2945 4594 ι
3007 4541 3157 4612 Ᾱῦτη
3212 4541 3276 4613 δὴ
3325 4537 3418 4594 οῦν
3463 4542 3827 4612 ἡκατάϐασις

580 4629 828 4683 videntes
861 4625 1265 4680 exhorruerunt
1295 4622 1379 4675 “?
1417 4641 1436 4674 ι
1489 4623 1607 4692 Ipse
1637 4623 1803 4692 igitur
1833 4623 2032 4678 Christi
2069 4626 2161 4678 de-

581 4730 810 4772 scensus
858 4715 924 4768 ad
984 4714 1209 4778 inferos,
1263 4715 1697 4782 praesentiaque,
1755 4729 1818 4766 ac
1850 4714 2161 4782 przedicatio

515 4808 538 4834 ⁸
579 4809 696 4877 ejus
724 4825 830 4878 qua
865 4806 1075 4860 ratione
1106 4804 1248 4859 facta
1276 4803 1444 4858 sunt?
1473 4805 1640 4858 Deum
1695 4817 1854 4856 nemo
1888 4802 2023 4856 vidit
2057 4819 2158 4855 un-

581 4917 766 4969 quam,
801 4914 977 4969 neque
1028 4897 1214 4952 videre
1266 4907 1442 4967 potest
1478 4913 1493 4951 :
1549 4896 1955 4951 sanctissimum
1992 4898 2157 4949 etiam

580 4994 781 5048 Christi
815 5007 1014 5060 corpus
1058 5001 1180 5060 post
1233 4999 1464 5044 mortem
1499 5004 1660 5058 super
1713 4999 1911 5042 terram
1945 4987 2158 5053 iacebat

583 5088 637 5137 iu
683 5095 1056 5139 monumento.
1091 5083 1377 5149 Quomodo
1433 5083 1597 5154 igitur
1656 5083 1856 5136 turbati
1911 5091 2041 5137 sunt
2078 5082 2159 5135 in-

582 5176 719 5232 feri?
750 5193 853 5245 qua
885 5177 1097 5231 ratione
1128 5176 1377 5231 videntes
1425 5177 1829 5230 exhorruerunt
1863 5173 2158 5228 inferorum

581 5265 874 5320 custodes?
905 5266 1029 5334 quis
1075 5279 1106 5318 a
1140 5264 1374 5328 saaculis,
1404 5265 1633 5318 vinculis
1691 5264 1887 5333 ligatas
1936 5263 2145 5318 animas

583 5359 966 5413 dormientium
1037 5359 1317 5413 hominum
1368 5360 1646 5414 visitavit?
1703 5358 1929 5415 Constat
1983 5369 2160 5414 autem

585 5452 793 5506 Domini
839 5451 930 5505 Dei
965 5451 1092 5506 Iesu
1129 5450 1336 5506 Christi
1369 5467 1579 5507 summe
1609 5452 2007 5507 itnmaculatam
2041 5453 2158 5506 ani-

585 5559 725 5598 mam
759 5542 859 5597 sibi
894 5541 1393 5597 consubstantiales
1446 5541 1655 5596 animas
1703 5541 2000 5596 rationales
2026 5540 2159 5595 visi-

583 5638 728 5692 tione
752 5652 848 5691 sua
894 5651 1018 5693 esse
1049 5639 1325 5708 dignatam
1355 5651 1370 5690 :
1400 5634 1514 5706 ipsa
1547 5636 1616 5691 ad
1646 5635 1766 5691 illas
1809 5651 1933 5690 cum
1961 5633 2157 5689 divini-

655 5817 699 5850 "
722 5815 909 5874 Matth.
949 5832 1022 5882 ιι,
1055 5817 1107 5872 ’5.

2259 4632 2495 4704 Χριστοῦ
2535 4634 2568 4703 ὴ
2600 4635 2659 4686 ὲν
2698 4633 2774 4703 τῷ
2805 4632 2932 4704 ᾄδῃ,
2958 4634 3052 4686 καὶ
3079 4634 3112 4704 ἡ
3165 4633 3461 4704 παρουσία,
3492 4632 3590 4687 καὶ
3635 4633 3698 4686 τὸ
3732 4634 3825 4700 κή-

2260 4740 2445 4794 ρυγμα
2474 4724 2590 4786 πῶς
2641 4724 2863 4792 γέγονε;
2896 4723 3032 4778 Θεὸν
3096 4723 3272 4787 οὐδεὶς
3329 4721 3544 4794 ἑώρακε
3585 4723 3822 4784 redimes,

2257 4816 2371 4869 ἀλλ’
2389 4815 2515 4868 οὔτε
2549 4817 2677 4869 ἰδεῖν
2703 4817 2928 4870 δύναται
2954 4833 2968 4848 ·
3002 4818 3168 4870 πάλιν
3197 4834 3257 4869 τε
3287 4815 3348 4868 τὸ
3377 4818 3645 4884 πανάγιον
3679 4817 3823 4884 σῶμα

2256 4909 2496 4980 Χριστοῦ
2530 4910 2591 4962 ὲν
2622 4911 2701 4980 τῷ
2729 4910 2945 4980 θανάτῳ
2999 4908 3168 4962 αὑτοῦ
3209 4911 3266 4961 ὲν
3301 4909 3380 4980 τῷ
3415 4911 3665 4980 μνήματι
3723 4910 3823 4962 ἄνω

2257 5001 2351 5052 ἐπὶ
2379 5000 2483 5069 γῆς
2521 4999 2721 5054 ἔκειτο.
2768 5000 2895 5066 Πῶς
2926 4996 3020 5054 οῦν
3049 5003 3077 5055 6
3131 5001 3264 5072 ᾅδης
3291 4999 3634 5070 ὲσκυλεύθη;
3676 5002 3822 5054 ποίαν

2261 5091 2474 5161 μορφὴν
2498 5092 2546 5143 οἱ
2570 5090 2814 5161 πυλωροὶ
2834 5089 2927 5143 τοῦ
2958 5091 3088 5161 ᾇδου
3114 5091 3316 5153 ἰδόντες
3338 5090 3598 5161 ἔφριξανς
3629 5089 3711 5154 τίς
3736 5091 3822 5150 τὰς

2259 5179 2355 5235 ἀπ’
2388 5181 2584 5244 αἰῶνος
2616 5179 2870 5251 δεσμίους
2913 5181 3092 5250 ψυχὰς
3145 5181 3252 5234 τῶν
3290 5181 3708 5251 κεκοιμημένων
3738 5181 3820 5233 ἀν-

2263 5270 2498 5341 θρώπων
2533 5273 2914 5342 ἐπεσκέψατο;
2945 5273 3244 5344 Πρόδηλον,
3279 5276 3360 5327 ὅτι
3389 5275 3422 5344 ή
3455 5275 3822 5343 πανάχραντος

2261 5363 2355 5415 τοῦ
2380 5363 2657 5417 Δεσπότου
2717 5364 2894 5432 Ἰησοῦ
2937 5363 3176 5433 Χριστοῦ
3209 5363 3304 5417 τοῦ
3353 5364 3489 5417 Θεοῦ
3537 5363 3688 5434 ψυχὴ
3737 5363 3820 5422 τὰς

2263 5453 2584 5522 ὁμοουσίους
2612 5451 2784 5524 αὐτῆς
2815 5451 2997 5522 ψυχὰς
3041 5451 3140 5514 τὰς
3171 5451 3398 5519 λογικὰς
3447 5449 3782 5518 ἐπεσκέψατο
3807 5461 3818 5473 ·

2263 5545 2404 5614 αὕτη
2430 5546 2566 5615 πρὸς
2609 5544 2779 5608 αύτάς
2814 5542 3152 5614 κατελήλυθε
3196 5541 3420 5605 σύνθεος
3446 5556 3461 5570 °
3494 5541 3632 5611 αῦτη
3665 5539 3725 5594 τὸ
3747 5539 3820 5591 δε-

2265 5636 2578 5706 σμωτήριον
2597 5633 2924 5689 ἐσκύλευσεν
2943 5651 2958 5666 ο
2985 5631 3126 5690 αῦτη
3149 5632 3243 5688 τὸν
3257 5632 3522 5705 τύραννον
3542 5631 3722 5701 ἔδησε,
3739 5627 3819 5680 καὶ

1187 5814 1228 5846 ’⁵
1263 5814 1280 5869 Ι
1322 5813 1465 5870 l’ctr.
1499 5830 1582 5877 ιιι,
1619 5814 1704 5870 19.
1781 5811 1951 5868 "Job
1989 5829 2211 5871 xxxvut.
2253 5811 2334 5866 lG.
