4072 6530
315 394 459 462 1173
1799 374 1949 437 SER?

2053 390 2078 434 ι.
3357 377 3361 381 ’
3450 361 3588 427 ῙῙῊ

313 511 445 573 τοὺς
497 500 754 574 δεσμίους
810 496 1072 560 ἀπέλυσε,
1111 492 1356 566 βοήσασα
1396 489 1513 553 τοῖς
1545 486 1606 539 ἐν
1649 484 1895 555 δεσμοῖς,
1932 496 1949 545 Α

2053 492 2119 538 de
2165 476 2446 536 descendit
2481 491 2496 530 :
2533 475 2650 544 ipsa
2699 470 2911 528 carceri
2945 484 3144 527 noxam
3184 472 3387 539 intulit,
3419 484 3590 543 atque

328 562 634 668 isseme“,
660 562 928 659 dicit:an
942 562 1336 659 ἀναπληροῦσα
1362 580 1577 637 τελείου
1607 575 1903 668 ἀνθρώπου

2053 570 2315 629 ιοκειὶιιιιι
2349 585 2367 637 ;
2402 568 2516 638 ipsa
2548 565 2735 636 ligavit
2768 573 3081 635 tyrannum,
3106 562 3423 634 vinctosque
3470 566 3588 622 dis-

316 656 423 750 τοὶξ
442 695 506 746 ὲκ
522 656 1129 761 ψυχῆςνσυνισταμένου
1147 656 1245 733 καὶ
1263 675 1545 748 σώματος,
1570 665 1905 761 λογιστικῶς

2053 664 2183 729 ilvit,
2204 661 2273 717 iis
2289 659 2380 731 qui
2404 659 2459 714 in
2490 657 2722 713 vinculis
2740 656 2998 726 iacebant
3019 657 3385 727 proclamans,
3408 658 3591 725 Exite,

318 805 380 843 τε
416 786 493 848 ὡς
514 750 733 850 ίοέζέὴ,
763 775 859 832 καὶ⁵
880 750 1205 844 θελητικῶς,
1234 771 1330 824 καὶ
1349 771 1434 823 ἐνε
1444 762 1723 838 ργητικῶς
1752 756 1908 830 ἐντῷ

2053 758 2273 813 tlocum
2302 753 2580 809 sustinens
2615 750 2840 821 perfecti
2902 750 3139 806 hominis
3183 765 3249 806 ex
3297 752 3484 808 anima
3539 764 3596 809 et

321 840 425 949 ᾄδῃ
445 840 819 943 κηρύττουσα,
847 866 943 921 καὶ
977 840 1378 936 ἐπιτρέπουσα,
1412 859 1508 913 καὶ
1544 851 1908 949 σκυλεύουσα,

2053 860 2241 917 orpore
2279 842 2652 906 subsistentis,
2682 840 3049 910 rationaliter,
3084 840 3247 897 veluti
3284 842 3593 907 rationalis,

321 932 357 1039 ή
395 932 561 1036 νοερά
585 962 687 1027 τὰς
722 959 922 1031 vespa;
965 932 1329 1026 ἐπιϐλέψασα,
1352 950 1504 1024 ψυχὴ
1528 948 1624 1012 τὰς
1644 941 1909 1039 ψυχάς,μὴ

2053 938 2344 1006 oluntarie,
2402 946 2458 993 et
2506 934 2787 1004 Operative
2834 933 2891 989 in
2942 932 3132 991 inferis
3188 936 3490 1005 praedicans
3545 946 3602 991 et

322 1029 518 1130 λογική
546 1060 645 1120 τὰς
671 1029 922 1123 λογικὰς,
950 1052 986 1124 ή
1016 1048 1225 1120 ζωτικὴ
1248 1046 1351 1112 τὰς
1389 1042 1653 1112 ζωτικάς,
1705 1040 1741 1110 ή
1774 1034 1913 1091 ἀθά·

2053 1049 2164 1104 pem
2209 1032 2421 1099 ferens,
2466 1040 2522 1087 et
2552 1030 2859 1085 molestiam
2916 1029 3185 1097 inferens,
3218 1030 3602 1087 intellectualis

325 1121 613 1213 νατοςτάς
645 1121 983 1207 ἀθανάτους,
1021 1145 1056 1213 ή
1101 1138 1441 1214 ἐνεργητικὴ
1473 1136 1572 1202 τὰς
1632 1135 1920 1204 ἐνεργητι-

2054 1126 2414 1184 ntellectuales
2442 1122 2808 1194 prospiciens,
2841 1121 3024 1176 anima
3091 1124 3327 1189 animas,
3362 1123 3603 1178 rationa-

327 1245 453 1307 κάς,
500 1244 534 1313 ή
571 1238 797 1309 ἐνθελὴς
850 1240 950 1300 τάς
997 1213 1314 1306 θελητικάς.
1348 1231 1474 1296 Πῶς
1523 1229 1633 1300 γὰρ
1675 1225 1743 1281 ἂν
1810 1222 1909 1278 καὶ

2059 1238 2084 1277 s
2115 1218 2429 1285 rationales,
2477 1215 2661 1272 vitalis
2709 1213 2927 1279 vitales,
2962 1214 3285 1271 immortalis
3318 1216 3604 1271 immorta-

326 1310 579 1398 ἐδέξαντο
604 1331 664 1385 τὸ
688 1331 789 1401 τῆς
818 1329 980 1398 ἁγίας
999 1328 1179 1398 ψυχῆς
1203 1326 1488 1397 κήρυγμα,
1517 1322 1568 1374 εί
1596 1318 1672 1391 μὴ
1700 1316 1791 1372 διὰ
1811 1315 1911 1386 τῆς

2053 1332 2124 1383 es,
2154 1314 2431 1387 operativa
2472 1311 2805 1384 Operativas,
2846 1310 3037 1367 volens
3082 1310 3295 1365 volendi
3349 1313 3607 1382 prteditas

328 1428 525 1497 νοερᾶς
559 1400 751 1479 αὐτῶν
776 1422 1001 1492 λογικῆς
1034 1419 1342 1490 θελήσεως;
1413 1417 1475 1470 οὐ
1514 1414 1635 1484 γὰρ
1670 1413 1916 1480 ἀναγκα-

2053 1408 2292 1464 tcultate.
2315 1404 2600 1472 Quomodo
2644 1416 2901 1473 namque,
2931 1401 3037 1457 nisi
3094 1400 3475 1469 intellectuali,
3514 1416 3606 1456 ra-

330 1491 537 1585 στικῶς
591 1518 687 1573 καὶ
740 1491 1022 1579 ἀκουσίως
1075 1514 1412 1567 ἐπίστευσαν
1466 1510 1562 1562 καὶ¹
1604 1505 1915 1577 ἐσώθησαν,

2053 1498 2313 1569 ιοιιιιηίιυε
2352 1511 2450 1552 sua
2493 1497 2777 1549 voluntate
2798 1494 2856 1560 ii,
2893 1493 2989 1563 qui
3051 1491 3106 1548 in
3159 1492 3352 1548 inferis
3408 1502 3588 1557 erant,

331 1614 445 1669 οὐδ’
481 1583 890 1683 ἀπροαιρέτως,
926 1607 1043 1663 ἀλλ’
1075 1605 1342 1667 ἑκουσίως
1396 1604 1494 1656 καὶ
1530 1599 1731 1672 γνώμῃ
1760 1599 1920 1668 θελή-

2053 1605 2225 1650 aucta:
2271 1590 2417 1645 illius
2480 1589 2677 1642 aniuue
2719 1585 3163 1656 praedicationem
3214 1583 3611 1655 susceperunt?

335 1722 495 1770 σεως,
519 1678 615 1757 καὶ
632 1678 892 1773 ἐνεργείᾳ
920 1696 1400 1767 συγκαταθέσεως.

2059 1708 2126 1743 ou
2160 1689 2306 1743 enim
2364 1686 2564 1754 quippe
2615 1690 2824 1746 coacte,
2862 1680 2979 1735 sive
3033 1679 3400 1733 involnntario
3435 1678 3612 1732 credi-

336 1800 488 1866 dere,
530 1772 774 1866 salvique
802 1795 931 1849 facti
963 1802 1134 1849 sunt:
1184 1805 1292 1846 non
1354 1800 1560 1845 temere
1592 1788 2042 1859 inconsulteque,
2112 1796 2303 1837 verum
2373 1787 2569 1851 sponte
2618 1777 3032 1846 deliberataque
3088 1773 3365 1829 sententia
3418 1772 3613 1826 volun-

335 1893 491 1957 tatis,
522 1900 579 1946 et
601 1888 887 1958 compositi
928 1887 1170 1957 ipsorum
1217 1882 1554 1953 operatione,
1601 1880 1762 1936 fidem
1816 1886 2197 1950 susceperunt.

408 1981 704 2041 Πιστοῦται
736 1979 795 2033 δέ
831 1995 931 2050 μου
978 1977 1048 2031 τὰ
1087 1976 1363 2046 λεγόμενα
1414 1977 1443 2028 ὁ
1486 1975 1588 2044 τῆς
1644 1974 1927 2044 θεολογίας

2100 1968 2231 2036 Quae
2253 1980 2416 2035 porro
2439 1964 2639 2021 dictaa
2694 1977 2781 2018 me
2825 1970 2977 2025 sunt,
3035 1959 3322 2029 theologia:
3384 1959 3613 2028 signifer

339 2078 602 2150 θεοφόρος
624 2074 956 2148 Γρηγόριος,
982 2070 1126 2125 οὓτω
1153 2086 1272 2133 πως
1313 2069 1541 2137 φάσκων
1570 2068 1701 2139 περὶ
1725 2068 1825 2136 τῆς
1864 2067 1923 2120 ἐν

2053 2061 2118 2117 lle
2148 2059 2446 2130 Gregorius
2480 2059 2787 2121 confirmat,
2837 2057 2904 2110 de
2928 2053 3129 2109 Christi
3163 2054 3230 2108 ad
3270 2053 3473 2109 inferos
3504 2055 3613 2109 des-

339 2173 419 2245 τῷ
582 2146 685 2225 τοῦή
706 2165 947 2240 Χριστοῦ
978 2163 1340 2225 καταϐάσεως
1369 2165 1427 2216 ἐν
1454 2161 1534 2233 τῷ
1555 2160 1713 2232 Λόγῳ
1734 2159 1815 2231 τῷ
1843 2160 1925 2225 είς

2053 2169 2220 2217 :ensu,
2240 2152 2294 2207 in
2320 2152 2588 2208 Sermone
2608 2152 2674 2204 de
2708 2158 2899 2205 sancto
2925 2146 3192 2203 Paschate
3217 2148 3333 2202 hare
3368 2146 3575 2201 habens
3600 2164 3614 2201 :

339 2269 403 2322 τὸ
424 2268 577 2336 ἅγιον
595 2262 790 2333 Πάσχα
805 2278 818 2292 ·
847 2279 865 2313 ι
896 2260 1024 2313 Ἐἀν
1044 2259 1103 2312 ἐν
1121 2255 1341 2327 σταυρῷ
1357 2254 1593 2326 Χριστὸς
1610 2253 1924 2324 ἀνέρχεται,

345 2358 637 2415 συνάνελθε
670 2371 684 2387 ·
719 2354 815 2409 ἐὰν
836 2354 895 2407 ἐν
924 2351 1002 2423 τῷ
1054 2351 1155 2424 ᾅδῃ
1180 2349 1533 2421 κατέρχεται,
1563 2345 1925 2413 συγκάτελθε.

342 2450 523 2506 Γνῶθι
560 2448 631 2502 τά
676 2448 795 2500 ἐκεῖ
829 2444 1133 2516 μυστήρια,
1178 2442 1279 2512 τὴν
1327 2440 1527 2511 διπλῆν
1571 2438 1880 2494 κατάϐασιν
1912 2455 1927 2470 ο

345 2542 557 2605 πάντας
592 2539 779 2602 ἁπλῶς
816 2536 979 2602 σώζει
1006 2535 1295 2603 ἐπιφανεὶς
1322 2573 1338 2598 ,
1387 2532 1421 2603 ἢ
1464 2533 1630 2586 κάκεῖ
1671 2531 1801 2595 τοὺς
1844 2548 1933 2583 πι-

347 2632 678 2696 στεύονταςς
710 2650 729 2683 ι
759 2630 890 2684 Ἰδοὺ
922 2628 985 2681 οὐ
1017 2626 1200 2691 πάσας
1232 2625 1384 2693 λέγει
1416 2624 1720 2696 Γρηγόριος
1749 2622 1851 2687 τὰς
1876 2625 1934 2676 ἐν

345 2726 426 2799 τῷ
456 2726 560 2800 ᾅδῃ
590 2725 770 2795 ψυχὰς
822 2721 1115 2788 σωθείσας,
1161 2719 1302 2774 ἀλλά
1358 2717 1528 2789 μόνας
1571 2717 1673 2781 τὰς
1711 2716 1935 2789 Χριστῷ

347 2816 727 2879 πιστευσάσας
757 2812 818 2879 ἐξ
846 2812 1057 2876 οἰκείας
1091 2809 1473 2883 προαιρέσεως
1501 2809 1597 2862 καὶ
1637 2806 1934 2879 θελήσεως.

348 2912 476 2977 Πῶς
506 2912 616 2982 γὰρ
640 2908 737 2961 καὶ
788 2904 1085 2960 πιστεῦσαι
1116 2900 1265 2976 ε’ίχον
1292 2902 1464 2975 χωρὶς
1498 2901 1821 2972 λογιπικῆς
1851 2901 1940 2955 οε-

348 3006 563 3079 λήσεως
601 3003 691 3055 καὶ
736 3000 1056 3072 ἐνεργείας;
1091 2996 1443 3069 Ἀνθρώπους
1466 2996 1694 3067 μὲνγὰρ
1721 2995 1851 3058 τοὺς
1882 2996 1940 3048 ἐν

356 3097 528 3167 σαρκὶ
558 3093 655 3148 καὶ
685 3091 832 3162 ψυχῇ
874 3089 989 3144 ἀνω
1025 3087 1121 3141 ἐπὶ
1145 3086 1252 3157 γῆς
1280 3084 1511 3151 ζῶντας,
1545 3085 1635 3139 διὰ
1677 3084 1880 3157 σαρκὸς
1912 3086 1940 3137 ὁ

351 3187 594 3262 Χριστὸς
630 3186 726 3239 καὶ
779 3181 963 3253 ψυχῆς
1033 3178 1401 3248 ἐπεσκέψατο,
1456 3179 1552 3231 καὶ
1601 3177 1798 3244 ἔσωσε,
1864 3175 1942 3248 τῷ

351 3281 530 3353 ὁμοίῳ
561 3279 623 3333 τὸ
651 3279 839 3348 ὅμοιον
865 3271 1278 3342 ἀνακαθαίρων,
1312 3269 1389 3332 ὡς
1414 3268 1720 3341 Γρηγόριός
1778 3285 1937 3337 φησι,

2034 2267 2053 2299 ι
2089 2247 2147 2300 Si
2179 2246 2231 2300 in
2257 2259 2474 2300 crucem
2501 2244 2744 2298 ascendit
2770 2241 3045 2307 Christus,
3072 2239 3234 2296 simul
3267 2242 3537 2308 ascende;
3570 2239 3617 2294 si

2032 2339 2086 2394 in
2145 2336 2418 2392 infernum
2472 2336 2776 2400 descendit,
2809 2334 3084 2390 descende
3137 2332 3321 2389 simul.
3354 2331 3485 2399 Qua:
3512 2332 3623 2386 illic

2036 2430 2292 2502 mysteria
2327 2437 2457 2485 sunt
2503 2441 2810 2497 cognosce,
2860 2426 3132 2496 duplicem
3193 2425 3452 2480 nimirum
3497 2425 3624 2479 des-

2035 2538 2294 2588 censum;
2354 2531 2533 2576 utruni
2590 2535 2780 2575 onmes
2830 2520 2949 2575 sine
2990 2519 3101 2574 ulla
3153 2519 3473 2588 exceptione
3527 2518 3625 2571 ad-

2038 2626 2201 2670 ventu
2235 2630 2335 2670 suo
2375 2615 2556 2669 salvos
2580 2614 2793 2679 fecerit,
2829 2628 2897 2668 an
2925 2622 2983 2668 et
3029 2612 3140 2668 illic
3180 2628 3275 2669 eos
3306 2611 3481 2667 solum
3532 2611 3623 2681 qui

2038 2707 2471 2763 crediderunth
2524 2706 2665 2762 Ecce
2703 2722 2808 2762 non
2849 2721 3040 2763 omnes
3089 2706 3167 2763 ait
3222 2706 3521 2776 Gregorius
3572 2708 3624 2759 in

2040 2801 2232 2857 inferis
2296 2802 2622 2856 exsistentes
2676 2801 2886 2856 animas
2938 2802 3118 2857 salvas
3174 2801 3370 2866 factas,
3394 2800 3487 2856 sed
3534 2815 3628 2855 eas

2040 2900 2412 2961 tantttm,qu:£
2443 2892 2496 2946 in
2544 2892 2823 2947 Christum
2861 2893 3082 2962 prepria
3143 2893 3411 2946 electione.
3457 2895 3627 2946 credi-

2042 2984 2239 3038 derant
2296 2995 2460 3054 atque
2509 2984 2806 3040 voluntate.
2858 2984 3145 3050 Quomodo
3214 2999 3344 3039 vero
3404 2984 3630 3038 credere

2042 3077 2341 3147 potuissent
2410 3075 2659 3130 rationali
2712 3079 3026 3140 voluntate,
3088 3087 3254 3147 atque
3308 3078 3631 3147 operatione

2044 3164 2647 3222 destitutarﬂlomines
2697 3169 2897 3237 quippe
2954 3169 3043 3224 hic
3096 3183 3261 3238 super
3308 3178 3511 3226 terram
3576 3171 3630 3224 in

2045 3270 2209 3313 carne
2251 3259 2543 3329 animaque
2591 3259 2837 3315 viventes
2887 3275 2987 3330 per
3028 3277 3249 3317 carnem
3288 3273 3341 3318 et
3386 3264 3629 3317 animam

352 3325 469 3440 1:3;
491 3325 712 3447 ἐρατοῖέ
740 3370 808 3424 δι’
843 3367 1049 3439 ὁρατῆς
1084 3325 1304 3437 φάσεως
1346 3325 1558 3427 λαλῶν,
1607 3325 1706 3415 καὶ
1757 3325 1946 3430 ὲὲτζδηζ

2053 3350 2288 3405 visitavit
2342 3350 2618 3415 Chrisms.
2659 3352 3031 3424 servavitque,
3076 3354 3254 3410 simile
3308 3372 3403 3426 per
3456 3358 3635 3413 simile

356 3469 479 3545 μῶν
505 3483 520 3498 ’
566 3464 747 3539 ψυχὰς
775 3462 834 3516 δὲ
866 3462 1141 3531 σωμάτων
1170 3454 1604 3528 ἀπηλλαγμένας
1628 3452 1718 3508 διὰ
1759 3453 1944 3526 ψυχῆς

353 3566 629 3641 ἀχράντου
653 3561 908 3634 σώματος
932 3554 1364 3630 ἀπηλλαγμένης
1400 3550 1767 3623 ἐπεσκέψατο.

430 3829 577 3885 Εῑδὲ
614 3825 817 3897 ἀθελής
845 3824 992 3878 ἐστιν
1046 3822 1079 3893 ή
1142 3817 1529 3889 πανάχραντος
1580 3812 1678 3869 τοῦ
1734 3810 1948 3885 Κυρίου

359 3924 533 3998 ψυχὴ,
564 3920 859 3994 πρόδηλον,
885 3918 967 3972 ὅτι
996 3913 1273 3976 ἀκουσίως
1311 3912 1472 3981 δίκην
1490 3908 1689 3979 ἀλόγου
1716 3905 1951 3961 ὑποτάτ-

360 4035 486 4073 τετο
509 4015 590 4087 τῷ
614 4011 734 4085 Θεῷ
772 4010 955 4081 Λόγῳ,
1006 4008 1083 4070 ῶς
1151 4003 1530 4074 Ἀπολινάριος
1582 4000 1855 4073 ληρῳδεῖ·
1901 3999 1953 4053 εί

363 4108 565 4180 ἀθελὴς
592 4103 684 4179 ἦν,
707 4100 1057 4175 εὓδηλον,ὄτι
1078 4098 1239 4169 δίκην
1257 4095 1407 4160 τινὸς
1438 4094 1691 4167 ἀστέρος,
1730 4093 1764 4165 ἢ
1796 4090 1955 4163 νεφέ-

364 4200 465 4272 λης
508 4198 802 4267 ἀλογίστου
839 4192 936 4247 καὶ
973 4192 1300 4259 ἀδιανοήτου
1335 4190 1395 4245 ἐν
1439 4186 1520 4259 τῷ
1549 4185 1651 4259 ᾄδῃ
1690 4184 1954 4255 κατῆλθε,

366 4293 464 4346 καὶ
496 4289 603 4344 ὑπὸ
636 4286 737 4357 τῆς
765 4284 1055 4356 Θεότητος,
1100 4280 1294 4352 ὥσπερ
1340 4278 1548 4350 ἄψυχον
1602 4278 1834 4348 ὄργανον
1858 4274 1957 4329 καὶ

367 4385 588 4449 ἄλαλον,
640 4380 843 4444 ἐλάλει,
876 4377 973 4433 καὶ
1003 4375 1297 4447 ἐκήρυττε,
1342 4373 1480 4444 μήτε
1506 4371 1667 4440 λόγον
1710 4369 1957 4425 ἐνδιάθε-

367 4496 461 4533 τον
481 4474 625 4531 κατά
644 4474 743 4545 τὴν
775 4469 966 4526 οὐσίαν
997 4468 1109 4522 τῶν
1135 4466 1327 4538 ψυχῶν
1354 4464 1581 4535 ἔχουσα,
1639 4463 1780 4534 μήτε
1829 4461 1959 4533 νόη-

372 4587 480 4635 σιν,
508 4569 647 4641 μήτε
673 4564 941 4627 διάνοιαν,
988 4562 1130 4631 μήτε
1178 4557 1589 4629 περιγράπτην,
1622 4554 1657 4626 ἢ
1692 4556 1959 4626 ἐκπορευ-

2049 3456 2369 3514 repurgans,
2402 3452 2460 3499 ut
2503 3445 2619 3517 ipse
2647 3449 2824 3517 inquit
2850 3447 3170 3519 Gregorius,
3215 3450 3522 3507 visibilihus
3551 3452 3629 3506 vi-

2048 3535 2189 3591 sibili
2212 3537 2265 3590 in
2305 3547 2498 3592 natura
2547 3538 2785 3607 locutus,
2837 3555 2959 3594 cum
2999 3541 3176 3610 iisque
3203 3553 3561 3600 conversatus
3617 3563 3631 3600 :

2048 3624 2262 3679 animas
2288 3635 2471 3681 autem
2495 3626 2609 3697 jam
2648 3643 2678 3682 a
2706 3629 3033 3699 corporibus
3072 3630 3281 3687 alienas
3319 3647 3417 3704 per
3450 3634 3639 3690 imma-

2051 3713 2290 3771 culatam
2327 3718 2566 3774 animam
2602 3721 2851 3790 corporis
2876 3731 3157 3793 expertem
3200 3724 3465 3780 visitavit.

2123 3807 2180 3864 Si
2217 3808 2402 3880 itaque
2455 3811 2737 3869 voluntate
2794 3824 2947 3871 caret
3010 3813 3362 3873 immaculata
3424 3817 3638 3875 Domini

2052 3901 2257 3969 anima,
2302 3903 2553 3973 sequitur
2608 3904 2897 3961 manifeste
2927 3906 3095 3976 ipsam
3128 3910 3444 3965 necessario
3493 3912 3637 3967 irra-

2053 3992 2335 4048 tionalium
2400 3994 2576 4049 instar
2633 3993 2748 4049 Deo
2799 3994 2981 4050 Verbo
3032 3995 3203 4053 fuisse
3286 3998 3640 4069 subiectam,

2054 4087 2510 4155 quemadmodum
2574 4088 2758 4158 inepte
2839 4089 3280 4146 comminiscitur
3353 4092 3642 4162 Apollina-

2059 4181 2171 4236 rius
2204 4198 2220 4236 :
2255 4196 2558 4251 rursusque
2587 4182 2885 4238 voluntatis
2920 4197 3117 4254 expers
3145 4183 3190 4239 si
3225 4184 3319 4251 sit,
3347 4184 3462 4257 jam
3515 4201 3646 4242 con-

2057 4287 2293 4342 sequens
2348 4274 2526 4345 palam
2576 4283 2660 4331 est
2720 4276 2896 4346 ipsam
2981 4276 3316 4333 irrationalis
3384 4279 3584 4336 sideris
3628 4321 3643 4345 ,

2059 4366 2176 4421 sive
2207 4368 2366 4424 nubis
2398 4368 2466 4422 ad
2509 4368 2687 4423 instar
2710 4369 2778 4424 ad
2808 4369 3018 4447 inferna
3056 4370 3426 4441 descendisse,
3453 4382 3509 4428 et
3542 4374 3648 4431 sub

2060 4459 2352 4515 Diviuitate
2392 4459 2560 4515 veluti
2611 4461 2995 4531 inanimatum,
3028 4472 3083 4519 et
3109 4474 3318 4520 mutum
3354 4479 3647 4537 organum,

2060 4564 2184 4607 sese
2212 4552 2577 4617 sermonibus,
2596 4564 2650 4608 et
2686 4553 3059 4623 prtedicationi
3097 4556 3440 4625 praestitisse,
3472 4573 3648 4628 neque

368 4661 528 4734 τικὴν
557 4659 868 4731 ἐνέργειαν,
902 4654 1000 4710 καὶ⁸
1029 4649 1262 4723 τοπικὴν
1294 4647 1649 4721 μετάστασιν.
1685 4646 1796 4701 Καὶ
1828 4645 1949 4719 ποίᾳ

2064 4642 2281 4700 interno
2322 4660 2602 4711 sermone,
2629 4646 2790 4702 sicuti
2824 4647 3019 4703 anima:
3061 4649 3317 4703 essentia:
3368 4654 3647 4719 convenit,

369 4755 561 4811 λοιπὸν
605 4749 866 4823 ἐνεργείᾳ
915 4745 1015 4801 τοῦ
1053 4744 1308 4816 σώματος
1364 4739 1665 4814 ἐχωρίσθη,
1731 4738 1956 4793 καταλι-

2062 4751 2242 4808 neque
2298 4738 2681 4809 intelligentia,
2740 4754 2921 4809 neque
2966 4740 3299 4811 cogitatione
3348 4743 3647 4814 donatam;

372 4848 555 4903 ποῦσα
581 4845 714 4899 αὐτὸ
742 4839 960 4914 νεκρὸν,
992 4839 1088 4894 καὶ
1115 4838 1345 4908 ἄψυχον,
1390 4834 1487 4890 καὶ
1526 4831 1808 4904 ἀκίνητον,
1860 4830 1949 4885 καὶ

2056 4832 2503 4901 circumscripta,
2531 4831 2961 4902 procedentique
3011 4836 3354 4904 Operatione,
3389 4846 3444 4893 et
3491 4838 3648 4895 locali

374 4941 740 5012 ἀνενέργητον
768 4938 867 4999 τὰς
903 4933 1015 4987 τῶν
1060 4930 1240 5005 μελῶν
1272 4929 1539 5001 κινήσεις,
1576 4928 1673 4981 καὶ
1731 4928 1960 4997 ἐνεργη-

373 5036 537 5098 τικάς
568 5032 802 5103 πράξεις
835 5028 1067 5100 ἔχοντας
1104 5025 1243 5096 Ποίᾳ
1270 5022 1521 5095 ἐνεργείᾳ
1549 5018 1845 5087 ἐξελθοῦσα
1895 5019 1961 5072 ἐκ

373 5128 471 5183 τοῦ
498 5123 883 5198 δεσμωτηρίου
925 5119 1020 5174 τοῦ
1074 5117 1202 5191 ᾅδου
1233 5112 1537 5186 ἐπανῆλθεν
1581 5114 1662 5175 εἰς
1717 5110 1779 5164 τὸ
1827 5110 1958 5165 τδιον

378 5220 571 5290 σῶμα;
614 5219 679 5272 Ἠ
708 5218 817 5288 γὰρ
849 5214 970 5269 θεία
998 5212 1250 5284 ἐνέργεια
1266 5209 1344 5273 ὡς
1364 5205 1781 5279 ἀπερίγραπτος
1799 5198 1956 5271 οὖσα,

377 5315 475 5368 καὶ
507 5313 579 5366 τὰ
626 5312 810 5365 πάντα
858 5305 1164 5379 πληροῦσα,
1200 5300 1325 5357 οὔτε
1372 5302 1438 5356 ἐκ
1478 5298 1650 5354 τόπου
1680 5298 1761 5363 εἰς
1796 5297 1964 5351 τόπον

381 5405 700 5478 πορεύεται,
727 5403 856 5456 οὔτε
906 5401 1091 5471 χώραν
1138 5399 1203 5451 ἐκ
1235 5395 1421 5467 χώρας
1475 5391 1789 5465 ἀμείϐεται,
1838 5386 1963 5443 οὔτε

377 5499 699 5569 ἀφίσταται,
734 5495 831 5549 καὶ
882 5492 1048 5546 πάλιν
1087 5488 1334 5553 τοπικῶς
1384 5487 1775 5557 ἐπανέρχεται.
1808 5484 1872 5536 Ei
1909 5482 1965 5536 δὲ

378 5591 601 5663 ἀθελὴς,
622 5590 720 5645 καὶ
748 5586 1116 5659 ἀνενέργητος
1146 5579 1213 5653 ἦν
1252 5584 1311 5638 ἐν
1358 5580 1438 5653 τῷ
1494 5580 1597 5653 ᾄδῃ
1624 5580 1658 5650 ή
1706 5574 1966 5648 Κυριακὴ

378 5688 549 5758 ψυχὴ,
582 5685 801 5748 πάντως
857 5683 943 5737 ὅτι
996 5680 1091 5733 καὶ
1134 5676 1359 5746 ἀλογίαν
1417 5676 1513 5730 καὶ⁴
1573 5673 1799 5741 ἄγνοιαν
1830 5669 1964 5742 εἶχε,

383 5778 482 5834 καὶ
510 5776 871 5849 εὑρεθήσεται
900 5771 1205 5841 τιμιωτέρα
1240 5766 1416 5837 αὐτῆς
1443 5767 1479 5838 ή
1521 5763 1674 5836 ψυχὴ
1715 5762 1810 5816 τοῦ
1861 5761 1968 5814 Σα-

388 5871 562 5945 μουὴλ
596 5868 899 5925 ἀνελθοῦσα
933 5868 999 5921 ἐκ
1025 5865 1121 5920 τοῦ
1155 5863 1284 5932 ᾅδου
1326 5860 1419 5916 διά
1474 5877 1599 5917 τινα
1628 5857 1965 5929 οἰκονομίαν,

2061 4924 2435 4980 translationis
2488 4923 2745 4979 facultate
2791 4925 3130 4981 destitutam.
3189 4926 3459 4985 Caeterum
3512 4945 3649 5001 qua-

2060 5033 2186 5073 nam
2213 5019 2441 5073 act-ione-
2479 5032 2508 5071 a
2558 5032 2790 5086 corpore
2828 5028 3081 5089 separata
3137 5031 3241 5088 est,
3274 5022 3451 5093 ipsum
3504 5040 3650 5081 mor-

2065 5121 2240 5176 tuum,
2280 5111 2642 5167 inanimatum
2693 5119 2749 5165 et
2805 5110 3083 5179 immobile
3144 5114 3481 5183 relinquens,
3531 5117 3649 5187 ipsa

2066 5205 2337 5276 privatum
2362 5204 2526 5258 etiam
2559 5211 2739 5259 motus
2770 5203 3140 5258 membrorum
3169 5205 3449 5273 facultate,
3482 5209 3650 5266 mini-

2068 5313 2265 5368 meque
2293 5296 2559 5367 operativi
2590 5306 2746 5352 actus
2777 5295 2981 5351 virtute
3011 5297 3363 5354 roboratum?
3402 5299 3649 5367 Quanam

2069 5388 2287 5444 actione
2329 5402 2396 5443 ex
2432 5387 2629 5441 inferni
2665 5386 2985 5443 carceribus
3026 5402 3243 5458 egressa
3287 5391 3340 5444 in
3369 5394 3650 5463 proprium

2068 5498 2265 5551 corpus
2305 5481 2504 5535 rediit?
2538 5480 2731 5535 Divina
2757 5481 2955 5552 quippe
2975 5474 3219 5554 operatio
3246 5485 3654 5542 incircumscri-

2069 5586 2157 5645 pta
2184 5589 2309 5628 cum
2329 5575 2425 5641 sit,
2454 5574 2751 5644 omniaque
2788 5575 3095 5645 complens,
3123 5592 3229 5632 non
3260 5577 3326 5633 de
3358 5576 3480 5633 loco
3520 5595 3650 5649 pro-

2070 5669 2214 5723 cedit
2245 5668 2311 5721 ad
2338 5666 2538 5732 locum,
2570 5682 2746 5736 neque
2768 5668 2833 5722 de
2862 5669 3087 5723 civitate
3119 5670 3174 5724 in
3197 5670 3479 5725 civitatem
3519 5687 3648 5742 per-

2072 5759 2300 5824 transit;
2360 5773 2467 5813 non
2524 5759 2756 5825 recedit,
2805 5775 2997 5815 rursus
3018 5760 3270 5815 localiter
3330 5762 3651 5820 adventura.

2071 5850 2262 5923 itaque
2284 5849 2330 5907 si
2362 5850 2683 5918 voluntatis,
2710 5853 2755 5908 si
2793 5853 3134 5922 operationis
3173 5868 3373 5927 expers
3417 5855 3471 5911 in
3509 5856 3655 5913 infe—
