4072 6548
492 322 631 388 1175
1697 334 1761 395 S.
1802 334 2205 399 ANASTASII
2245 332 2582 399 SlNAITxE

3636 338 3772 409 U76

494 439 571 495 ris
602 436 883 495 Domlnica
927 439 1108 498 anima
1156 438 1283 509 fuit,
1306 442 1564 512 quoniam
1596 446 1830 513 ratione,
1879 448 2086 508 intelle-

2192 453 2285 508 καὶ
2313 448 2610 524 λαλήσασα
2640 448 2722 520 τῷ
2765 448 2961 518 Σαοὺλ,
2991 451 3091 506 καὶ
3118 452 3465 524 προειποῦσα
3497 452 3648 527 αύτῷ
3681 458 3771 511 τὸν

494 533 789 602 ctioneque
834 533 1062 589 omnino
1091 531 1501 601 destitueretur,
1549 536 1765 607 dignior
1814 538 1931 609 ipsa
1957 554 2081 597 esse

2192 544 2375 618 αὔριον
2408 542 2671 609 θάνατον,
2705 542 2802 597 καὶ
2830 543 3019 609 αὐτοῦ,
3051 543 3150 599 καὶ
3193 544 3304 599 τῶν
3330 547 3541 601 τέκνων
3572 548 3769 603 αὐτοῦ’

484 624 821 691 iudicabitur
848 623 1118 680 Samuelis
1141 624 1347 694 anima,
1370 639 1438 682 ex
1460 626 1653 687 inieris
1680 630 1811 685 olim
1833 645 1931 702 per
1954 631 2073 689 dis-

490 717 867 787 pensationem
932 730 1209 788 regressa,
1238 726 1404 790 atque
1436 735 1558 789 cum
1618 721 1753 778 Sai‘tl
1784 724 2079 793 collocuta,

2183 639 2326 708 ὅπερ
2351 639 2573 711 δαίμων
2612 634 2740 690 οὔτε
2771 634 3095 705 ἐγίνωσκεν,
3133 636 3260 692 οὔτε
3314 642 3604 712 προειπεῖν
3644 640 3772 711 ἠδύ-

2183 745 2335 797 νατο,
2365 729 2470 784 κάν
2497 744 2651 791 τινες
2670 726 2817 781 οὕτω
2848 725 3189 798 νομίζουσιν.

488 813 702 886 ipsique
723 817 776 873 in
803 817 1046 874 crastino
1076 818 1320 875 futurum
1346 816 1625 874 interitum
1691 818 2088 887 praenuntians,
2119 827 2233 877 tum
2289 822 2402 887 sui,
2457 831 2572 878 tum
2616 821 2893 893 illioram;
2937 826 3081 898 quod
3125 839 3261 883 sane
3313 823 3547 888 daemon,
3602 838 3776 893 neque

488 924 853 978 praenoscere,
878 924 1058 981 neque
1095 909 1394 982 praedicere
1428 908 1715 980 potuisset,
1742 923 2058 980 quanquam
2092 910 2343 967 nonnulli
2397 912 2531 981 sint,
2579 910 2785 983 quibus
2842 914 2960 971 haec
3018 915 3191 984 magis
3235 916 3423 985 opinio
3480 917 3769 987 placuerit.

559 1002 875 1074 Opportune
908 1010 1095 1060 autem
1145 1002 1239 1059 hic
1292 1013 1505 1070 tempus
1556 1002 1775 1068 invitat,
1831 1012 1893 1058 ut
1947 1018 2071 1060 eam

490 1096 774 1152 Athanasii
810 1098 1137 1153 sententiam
1171 1096 1231 1152 in
1271 1097 1511 1154 medium
1547 1094 1920 1166 proferamus,
1953 1114 2078 1169 qum

2248 1005 2522 1083 Εὖκαιρον
2560 1010 2621 1065 δέ
2667 1007 2873 1080 καιροῦ
2925 1009 3223 1074 καλοῦντος
3271 1010 3499 1082 ἐκείνην
3548 1011 3652 1081 τὴν
3680 1008 3774 1063 τοῦ

2180 1101 2462 1173 μακαρίου
2524 1100 2858 1158 Ἀθανασίθου
2903 1104 3251 1173 προαγαγεῖν
3283 1102 3472 1174 φωνὴν
3514 1101 3616 1174 τὴν
3647 1103 3777 1172 περὶ

488 1188 559 1244 de
590 1189 791 1243 intacta
825 1187 1109 1247 Dontinica
1141 1191 1322 1245 anima
1353 1188 1435 1244 sic
1482 1187 1649 1243 habet
1686 1206 1703 1243 :
1738 1204 1760 1241 ι
1802 1186 1923 1245 Jam
1947 1206 2080 1248 vero

2192 1193 2281 1263 τῆς
2315 1194 2594 1266 ἀχράντου
2624 1195 2805 1269 ψυχῆς
2846 1194 2951 1250 τοῦ
2994 1195 3206 1267 Κυρίου
3234 1195 3503 1266 λέγουσαν
3548 1194 3731 1259 οὕτως
3757 1211 3772 1227 ·

493 1295 604 1335 non
638 1281 691 1335 in
722 1281 961 1348 saeculis,
993 1290 1048 1336 et
1081 1297 1227 1338 nunc
1270 1280 1504 1336 actionis
1553 1290 1829 1349 expertes,
1857 1282 2079 1338 otiosae.

488 1387 595 1442 que
620 1381 749 1427 sunt
779 1373 949 1427 divini
994 1373 1161 1430 Verbi
1196 1373 1581 1443 cogitationes,
1624 1388 1799 1443 neque
1837 1374 1939 1443 ipsi
1982 1389 2078 1446 per

492 1463 833 1535 hypostasitn
858 1464 1181 1534 conjunctae,
1230 1466 1426 1521 anima:
1471 1464 1754 1520 rationalis
1793 1482 1810 1521 :
1864 1467 2077 1522 consti-

494 1563 652 1608 tuere
675 1568 912 1624 namque
935 1555 1080 1625 quod
1119 1557 1381 1612 volitione
1410 1558 1838 1628 operationcque
1867 1566 2079 1627 careat,

493 1644 637 1700 idem
694 1654 800 1711 est,
860 1656 1026 1716 atque
1090 1649 1262 1719 ipsius
1321 1650 1800 1707 non-existentiam
1842 1666 2083 1722 pronun-

2185 1304 2204 1340 ι
2243 1285 2388 1341 Ἀλλ’
2415 1287 2542 1343 οὔτε
2575 1289 2684 1363 μὴν
2735 1289 2908 1344 είσέτι
2954 1288 3053 1343 καὶ
3095 1287 3195 1341 νῦν
3229 1288 3509 1360 ἄπρακτοί
3559 1304 3625 1340 τε
3681 1288 3775 1342 καὶ

2184 1381 2355 1455 ἀργαί
2382 1383 2524 1438 είσιν
2545 1385 2600 1439 αἱ
2626 1383 2723 1438 τοῦ
2766 1384 2917 1439 θείου
2970 1382 3155 1451 Λόγου
3214 1383 3453 1453 νοήσεις,
3494 1379 3623 1435 οὔτε
3676 1380 3776 1450 τῆς

2185 1475 2311 1529 καθ’
2340 1475 2639 1529 ὑπόστασιν
2660 1474 2809 1545 αύτῷ
2849 1474 3137 1545 ἡνωμένης
3164 1472 3344 1543 ψυχῆς
3370 1473 3597 1544 λογικῆς
3616 1489 3632 1503 ·
3660 1471 3773 1535 εῐγε

2186 1568 2249 1623 τὺ
2284 1568 2362 1640 μὴ
2426 1568 2603 1622 θέλειν
2642 1568 2840 1641 αὐτὴν,
2896 1570 3037 1640 μήτε
3082 1566 3372 1639 βούλεσθαι
3430 1565 3774 1637 ἀνυπαρξίαν

2189 1662 2418 1733 ἀπειλῇ.
2468 1679 2488 1714 ι
2536 1661 2862 1725 Ἠκούσατε,
2884 1664 2935 1715 oi
2955 1662 3126 1725 ὅντως
3160 1658 3373 1727 ἄλογοι,
3407 1658 3505 1712 καὶ
3535 1656 3775 1729 ἀνενέρ-

493 1739 654 1793 tiare.
694 1758 714 1793 ι
750 1739 1018 1808 Audistis,
1051 1743 1142 1812 qui
1171 1743 1441 1815 desipitis,
1482 1743 1841 1814 rationeqne,
1904 1752 2073 1814 atque

2192 1771 2365 1823 γητοι,
2414 1754 2499 1807 ὅτι
2531 1751 2593 1806 τδ
2629 1752 2706 1823 μή
2736 1751 2937 1819 θέλειν,
2995 1752 3134 1824 μηδέ
3172 1748 3470 1822 βούλεσθαι
3512 1746 3616 1819 τὴν
3663 1763 3776 1801 νοε-

491 1845 659 1900 opere
689 1806 1084 1899 destituimini,
1110 1806 1566 1914 quemadmodum
1588 1806 1750 1899 nolle,
1784 1806 1961 1905 neque
1981 1806 2080 1890 de-

2192 1806 2288 1915 :in
2342 1806 2440 1898 τοῦ
2498 1806 2711 1915 Κυρίού
2767 1806 3379 1914 ψυχήν,.ἀ’νυπαρξίαν
3436 1837 3539 1909 τῆς
3568 1806 3774 1899 ὀὐσίας

492 1923 730 1981 liberare
753 1925 1179 1983 intellectualem
1208 1904 1548 1984 Dominicam
1584 1928 1847 1995 animam,
1872 1904 2082 1983 entita-

494 2017 599 2082 tis,
656 2016 773 2073 sive
825 2017 1081 2075 essentia:
1132 2017 1249 2089 ejus
1306 2018 1857 2078 non-subsistentiam
1932 2018 2080 2076 desi-

490 2107 661 2178 gnet}

566 2197 775 2267 Itaque,
824 2212 951 2255 cum
1000 2197 1091 2254 vel
1144 2196 1423 2255 laudatum
1460 2208 1713 2257 sanctum
1761 2200 2079 2267 Ductorem,

496 2287 580 2344 vel
611 2289 779 2345 alium
807 2291 1121 2361 quempiam
1151 2305 1217 2347 ex
1250 2291 1509 2349 Patribus
1542 2295 1783 2351 audieris
1817 2296 2080 2362 aientetu,

495 2380 803 2459 occultasse
854 2383 1131 2440 Christum
1167 2385 1441 2440 carnalem
1483 2385 1836 2453 voluntatem,
1888 2388 2084 2444 huma-

497 2487 707 2543 nasque
739 2488 845 2528 non
882 2474 1273 2545 adimplevisse
1304 2474 1613 2540 volitiones,
1660 2476 2084 2549 snbstitisseque

494 2566 613 2620 sine
641 2564 897 2622 humanis
957 2566 1403 2637 cogitationibus,
1444 2567 1869 2639 carnalibusque
1902 2571 2084 2627 volun-

499 2657 732 2722 tatibus,
755 2658 1163 2729 humanamque
1184 2659 1503 2730 repudiasse
1518 2662 1917 2731 operationem,
1944 2680 2084 2721 non-

498 2749 603 2805 nisi
634 2749 736 2805 hoc.
769 2759 921 2806 recte
968 2751 1279 2824 intelligito,
1309 2766 1415 2807 non
1451 2766 1598 2820 eam,
1626 2768 1752 2824 qua:
1779 2754 1847 2809 ad
1893 2756 2085 2828 imagi-

497 2857 620 2899 nem
665 2853 723 2899 et
769 2843 1182 2902 similitudinem
1212 2846 1332 2916 ejus
1382 2854 1468 2902 est
1511 2846 1871 2914 voluntatem,
1920 2858 2086 2920 atque

496 2937 874 3007 operationem
906 2938 1292 2995 intellectualis
1320 2943 1536 3005 animae,
1570 2955 1693 3011 quae
1719 2956 1784 2996 ex
1821 2941 2086 2999 immacu-

499 3027 611 3083 lato
641 3038 697 3083 et
734 3028 1058 3099 incorporeo
1102 3027 1221 3099 ejus
1253 3043 1349 3085 ore
1385 3028 1674 3098 processit,
1704 3028 1791 3085 vel
1826 3029 2087 3085 dissimu-

2180 1936 2338 2009 δηλοῖ
2358 1951 2374 2002 ;

2254 2201 2489 2259 Οὐκοῦν.
2515 2200 2607 2255 ὅτε
2635 2197 2881 2271 ἀκούσῃς
2919 2196 3017 2252 τοῦ
3050 2194 3220 2252 αὑτοῦ
3265 2196 3418 2251 ὁσίου
3455 2193 3703 2267 Πατρδςν
3736 2193 3769 2264 ἢ

2184 2297 2375 2370 ἐτέρου
2405 2294 2553 2359 τινὸς
2580 2294 2691 2349 τῶν
2723 2291 2987 2364 Πατέρων
3016 2289 3293 2361 λέγοντος,
3322 2290 3406 2345 ὅτι
3456 2288 3729 2360 ἠφάνισεν
3748 2286 3775 2340 ό

2183 2390 2419 2464 Χριστὸς
2443 2390 2505 2443 τὸ
2532 2385 2799 2459 σαρκικὸν
2828 2385 3065 2456 θέλημα,
3100 2382 3199 2437 καὶ
3244 2382 3567 2454 κατήργησε
3589 2378 3663 2433 τὰ
3684 2379 3775 2432 ἀν-

2185 2481 2435 2555 θρὼπινα
2470 2479 2775 2551 θελήματα,
2822 2476 2919 2531 καλ⁵
2941 2476 3025 2529 ὅτι
3075 2472 3246 2546 χωρὶς
3274 2469 3640 2542 ἀνθρωπίνων
3688 2466 3777 2520 λο-

2185 2574 2424 2646 γισμῶν,
2451 2572 2550 2627 καὶ
2584 2567 2867 2642 σαρκικῶν
2910 2564 3237 2637 θελημάτων
3271 2563 3510 2632 ὑπῆρχε,
3553 2557 3653 2612 καὶ
3694 2556 3777 2610 ὅτι

2186 2668 2546 2741 παρῃτήσατο
2565 2664 2663 2735 τήν
2686 2680 2754 2716 σα
2763 2659 2960 2734 ρκικὴν
2982 2659 3068 2713 ἐνέ
3077 2673 3289 2730 ργειαν,
3309 2653 3482 2724 γνῶθι
3503 2648 3775 2741 ἀκριϐῶς,

2185 2740 2279 2816 ὅτι
2306 2761 2366 2814 ού
2401 2757 2500 2830 τὴν
2547 2758 2670 2812 κατ’
2704 2755 2917 2822 εἰκόνα,
2960 2752 3056 2808 καὶ
3107 2749 3231 2804 καθ’
3284 2746 3551 2819 ὁμοίωσιν
3604 2740 3775 2796 αὐτοῦ

2188 2854 2409 2927 θέλησιν
2446 2871 2508 2908 τε
2543 2851 2637 2907 καὶ
2675 2849 2965 2919 ἐνέργειαν
3016 2845 3118 2917 τῆς
3147 2843 3343 2938 νοερᾶς
3361 2839 3543 2938 ψυχῆς
3564 2839 3669 2907 τῆς
3712 2834 3776 2938 ἐκ

2186 2948 2280 3004 τοῦ
2311 2947 2583 3019 ἀχράντου
2634 2944 2728 2999 καὶ
2760 2940 3061 3011 ἀσωμάτου
3093 2936 3264 2991 αὑτοῦ
3284 2934 3556 3005 στόματος
3579 2934 3777 3001 προελ-

2188 3040 2387 3110 θούσης
2409 3038 2701 3109 ὴφάνισεν,
2736 3034 2771 3107 ἢ
2803 3031 3112 3106 ἐξήλειψεν,
3142 3029 3175 3103 ἢ
3204 3027 3563 3097 κατήργησεν
3586 3036 3604 3052 ο
3652 3019 3779 3074 ἐπεὶ

457 3179 460 3182 ,
498 3122 660 3188 lasse,
694 3120 778 3175 vel
808 3135 1127 3188 recusasse;
1157 3120 1421 3192 quoniam
1474 3132 1603 3178 tunc
1643 3121 1979 3191 improbans,
2029 3131 2087 3178 et

2192 3133 2551 3207 εὑρεθήσεται
2581 3131 2651 3185 τά
2676 3130 2769 3184 ὑπ’
2794 3123 2966 3183 αὐτοῦ
3004 3122 3364 3194 γεννηθέντα,
3399 3118 3494 3172 καὶ
3513 3116 3572 3184 ἐξ
3606 3113 3776 3209 αὑτοῦ

502 3214 778 3285 rejiciens,
798 3224 854 3270 et
885 3221 946 3270 ut
984 3214 1129 3271 mala
1153 3214 1548 3283 condemnans,
1587 3224 1643 3271 et
1671 3216 1738 3271 ab
1762 3215 2088 3271 rectitudine

501 3311 724 3367 dissona
759 3311 973 3380 sibique
995 3311 1225 3368 adversa
1248 3311 1585 3382 reperiretur
1613 3326 1676 3367 ea
1704 3326 1826 3380 quae
1853 3312 1923 3365 ab
1946 3311 2089 3382 ipso-

502 3410 616 3456 met
645 3400 789 3457 facta
827 3400 1100 3457 fuissent:
1135 3401 1492 3471 quamobrem
1525 3400 1796 3472 reliquum
1832 3410 2004 3467 esset,
2029 3409 2091 3457 ut

504 3492 557 3547 in
590 3492 768 3565 ipsum
793 3492 1016 3564 querela
1042 3501 1370 3558 verteretur,
1404 3494 1549 3563 quod
1582 3492 1785 3548 malam
1836 3492 2090 3548 volunta-

503 3593 637 3651 tem,
668 3584 1156 3655 operationemque
1180 3597 1289 3639 una
1321 3598 1444 3639 cum
1480 3582 1663 3638 anima
1704 3583 2040 3641 condidisset
2070 3602 2086 3639 :

502 3676 643 3748 quod
671 3676 815 3732 absit
865 3683 925 3729 ut
956 3689 1194 3746 unquam
1226 3688 1348 3731 esse
1379 3674 1613 3732 dicatur.
1645 3674 1779 3731 Eam
1813 3689 1944 3744 ergo
1975 3676 2092 3733 dia-

505 3769 736 3826 bolicam
782 3768 1057 3825 recusavit
1082 3766 1445 3833 voluntatem,
1469 3767 1585 3824 sive
1614 3766 1925 3823 Satanicam
1957 3782 2092 3838 ope-

506 3862 770 3917 rationem
816 3860 1119 3931 repudiavit
1163 3859 1439 3927 Christus,
1487 3875 1652 3930 quam
1706 3875 1850 3931 saepe
1892 3858 2091 3916 divinae

505 3951 727 4008 Litterae
754 3951 1030 4007 carnalem
1054 3950 1350 4023 appellant,
1393 3962 1729 4021 sanctusque
1772 3950 2089 4022 Apostolus,

510 4058 578 4100 ac
610 4042 758 4100 beati
790 4041 986 4099 Patres
1019 4057 1088 4099 ex
1114 4043 1385 4114 serpentis
1413 4058 1509 4100 ore
1560 4046 1616 4099 in
1647 4042 1923 4100 hominem
1946 4042 2093 4099 deri-

505 4144 690 4189 vatam
724 4149 870 4200 esse,
903 4135 957 4189 in
993 4149 1168 4205 eoque
1204 4134 1544 4192 inhabitasse
1580 4136 1937 4201 denuntiant;
1983 4150 2091 4191 non

505 4237 691 4283 autem
740 4240 883 4296 eam,
916 4242 1040 4299 quae
1092 4229 1158 4284 ad
1204 4228 1522 4300 imaginem,
1578 4238 1633 4284 et
1682 4228 2093 4285 similitudinem

508 4318 602 4375 Dei
627 4328 734 4386 est,
772 4321 1168 4392 operationem,
1209 4330 1373 4392 atque
1410 4321 1769 4390 voluntatem,
1802 4335 1869 4377 ex
1910 4321 2095 4378 divino

506 4426 604 4468 ore
651 4412 808 4468 nobis
857 4411 1214 4483 inspiratam;
1264 4413 1381 4468 haec
1419 4412 1567 4468 enim
1620 4412 1783 4469 unica
1812 4422 1953 4469 esta
1982 4411 2095 4468 Deo

2190 3225 2528 3299 προελθόντα
2565 3220 2877 3288 καταλύων,
2924 3217 3022 3273 κοιλ⁵
3072 3215 3377 3286 ἀφανίζων,
3406 3211 3505 3265 καὶ
3538 3207 3778 3279 ἀνατρέ-

2192 3337 2334 3383 πων,
2362 3318 2439 3381 ὡς
2468 3316 2706 3387 πονηρά,
2735 3314 2832 3368 καὶ
2873 3310 3210 3383 ἀσύμφωνα,
3259 3305 3356 3361 καὶ
3387 3302 3639 3359 ἀντίδικα
3682 3300 3781 3353 afa-

2189 3412 2285 3467 τοῦ
2316 3427 2330 3441 ·
2364 3408 2554 3464 λοιπὸν
2578 3406 2637 3461 δέ
2662 3405 2758 3460 καὶ
2790 3406 2871 3469 είς
2896 3401 3064 3458 αὐτὸν
3088 3401 3124 3472 ή
3149 3398 3303 3454 αίτία
3345 3396 3444 3450 καὶ
3474 3397 3509 3465 ή
3568 3391 3779 3464 μέμψις

2191 3504 2513 3579 ἀνατρέχει,
2537 3501 2612 3566 ὡς
2635 3498 2881 3572 πονηράν
2908 3495 3132 3568 θέλησιν
3164 3511 3229 3547 τε
3247 3492 3345 3546 καὶ
3364 3489 3651 3561 ἐνέργειαν
3682 3485 3780 3539 σὺν

2190 3601 2257 3672 τῇ
2289 3599 2440 3670 ψυχῇ
2468 3594 2980 3668 δημιουργήσαντα.
3029 3589 3176 3644 Ἀλλ’
3227 3588 3329 3658 ούχ
3357 3584 3503 3639 οὕτω
3529 3600 3544 3616 ο
3580 3581 3659 3654 μὴ
3687 3579 3778 3649 γέο

2192 3707 2373 3747 νοιτο·
2406 3688 2607 3743 ούκοῦν
2634 3687 2697 3741 τὸ
2721 3683 3034 3740 διαϐολικὸν
3057 3681 3294 3751 θέλημα,
3332 3678 3428 3733 καὶ
3465 3674 3568 3747 τὴν
3602 3676 3780 3728 Σατα-

2190 3785 2351 3855 νικὴν
2383 3783 2672 3853 ἐνέργειαν
2699 3776 2957 3850 ἐξήλειψε
3010 3777 3108 3833 καὶ
3134 3776 3406 3846 ἠφάνισεν
3443 3771 3472 3824 ὁ
3517 3766 3779 3839 Χριστὸς,

2193 3878 2264 3950 ἢν
2290 3875 2558 3940 πολλάκις
2589 3872 2864 3946 σαρκικὴν
2886 3867 3198 3941 όνομάζειή
3232 3866 3356 3921 θεία
3380 3862 3597 3936 Γραφὴ,
3635 3859 3735 3913 καὶ
3752 3859 3779 3910 ὀ

2194 3970 2340 4034 θεῖος
2381 3965 2736 4031 Ἀπόστολος,
2766 3964 2863 4019 καὶ
2898 3964 2949 4017 οί
2978 3961 3241 4034 μακάριοι
3274 3957 3543 4027 Πατέρες,
3581 3951 3684 4023 τὴν
3717 3951 3781 4004 ἐκ

2193 4062 2290 4118 τοῦ
2316 4060 2590 4132 στόματος
2606 4055 2701 4112 τοῦ
2724 4056 2903 4127 ὄφεως
2928 4054 3007 4127 τῷ
3028 4051 3303 4125 ἀνθρώπῳ
3325 4045 3778 4104 είσοικισθεῖσαν.

2192 4156 2255 4210 οὐ
2286 4153 2385 4226 τὴν
2415 4151 2538 4207 κατ’
2565 4149 2751 4205 εἰκόνα
2785 4148 2882 4203 καὶΙ
2927 4146 3195 4219 ὁμοίωσιν
3220 4142 3357 4197 Θεοῦ
3403 4141 3629 4209 θέλησιν
3677 4134 3775 4226 καὶ

2196 4222 2503 4316 ἐνέργειαν,
2536 4239 2635 4313 τὴν
2654 4240 2719 4293 ἐκ
2740 4237 2837 4292 τοῦ
2870 4235 3144 4308 στόματος
3183 4231 3279 4285 τοῦ
3333 4227 3471 4283 Θεοῦ
3505 4226 3640 4316 ἡμῖν
3680 4222 3780 4316 ἐμ-

2196 4311 2562 4390 πνεύοθεῖσαν
2587 4311 2605 4365 έ
2640 4328 2787 4398 αὕτη
2815 4328 2927 4399 γὰρ
2944 4327 3039 4382 καὶ
3060 4325 3198 4397 μόνη
3237 4324 3272 4393 ή
3300 4318 3585 4380 θεόσδοτος
3617 4311 3777 4405 ήμῶν

2200 4422 2419 4494 θέλησις
2448 4421 2544 4476 καὶ
2567 4416 2822 4491 ἐνέργειά
2840 4418 2990 4471 ἐστιν
3012 4413 3185 4479 αἰτία,
3207 4411 3303 4466 καὶ
3350 4407 3575 4481 ἐργάτις
3604 4402 3780 4494 πάσης

511 4505 718 4561 tributa
772 4505 933 4562 nobis
969 4505 1239 4571 voluntas,
1297 4514 1465 4576 atque
1508 4506 1776 4577 Operatio,
1826 4506 2089 4563 universa!

2202 4492 2629 4584 τῆςήσωτηρίας
2679 4507 2863 4581 ήμῶν.
2918 4504 3203 4577 Θελήματι
3253 4502 3364 4572 γὰρ
3413 4495 3650 4565 ἑκουσίῳ
3685 4492 3781 4584 τῆς

509 4599 706 4655 salutis
740 4609 947 4656 nostrae
990 4613 1159 4657 causa
1208 4608 1263 4654 et
1291 4598 1560 4654 effectrix.
1606 4598 1919 4670 Spontanea
1948 4600 2092 4656 enim

511 4693 708 4749 animae
770 4692 1046 4749 voluntate
1093 4692 1147 4748 in
1199 4691 1370 4747 Deum
1438 4690 1744 4761 credimus;
1798 4701 2097 4762 spontanen

510 4782 793 4841 voluntate
825 4781 1194 4856 virginitatem
1217 4798 1534 4850 servamus;
1571 4794 1872 4853 spontanea
1903 4783 2099 4840 volun-

515 4888 626 4933 tate
657 4876 861 4945 studia,
891 4878 1279 4944 humilitatem,
1323 4876 1649 4953 charitatem
1683 4889 1849 4947 opere
1874 4891 2100 4934 exerce-

516 4987 639 5027 mus
671 4988 686 5026 :
721 4970 1001 5027 voluntate
1037 4970 1311 5041 diligimus
1341 4969 1691 5042 proximum;
1732 4977 1898 5039 utque
1948 4983 2097 5024 sum-

515 5064 703 5117 matim
732 5063 933 5129 dicam,
964 5061 1276 5133 spirituales
1301 5077 1493 5119 omnes
1515 5062 1818 5132 divinaeque
1838 5060 2098 5125 visiones,

516 5155 933 5224 illustrationes,
970 5155 1361 5221 revelationes,
1404 5162 1570 5226 atque
1608 5155 1887 5228 profectus
1925 5155 1978 5211 in
2016 5155 2103 5210 in-

520 5245 816 5302 tellectuali
846 5256 1032 5302 nostra
1068 5247 1237 5302 animi
1262 5246 1565 5312 voluntate,
1589 5257 1754 5317 atque
1784 5246 2103 5318 operatione

516 5360 545 5395 a
580 5339 693 5397 Deo
726 5339 1087 5412 perﬁciuntur
1120 5340 1174 5395 in
1201 5339 1383 5407 nobis,
1409 5349 1467 5397 et
1496 5349 1814 5412 operantur,
1847 5349 1905 5396 et
1942 5354 2102 5396 acce-

517 5437 672 5493 duuL

590 5528 669 5583 Ac
703 5540 1017 5599 quanquam
1051 5528 1117 5583 de
1150 5527 1254 5584 hoc
1282 5541 1314 5583 a
1359 5526 1536 5594 nobis,
1569 5525 1756 5597 paucis
1788 5525 1845 5581 in
1895 5539 2102 5597 praece-

519 5621 773 5677 dentibus
802 5619 1008 5676 dictum
1048 5620 1142 5690 sit,
1173 5635 1318 5676 nunc
1349 5619 1547 5675 iterum
1591 5618 1907 5689 expressius
1951 5618 2102 5675 dice-

520 5730 685 5769 mus:
724 5713 833 5771 duo
865 5713 1101 5783 denique
1129 5727 1252 5770 esse
1302 5721 1600 5784 prwcepta,
1653 5710 1808 5782 juxta
1859 5707 2098 5776 Domini,

522 5808 875 5881 Apostolique
891 5806 1217 5866 sententiam
1231 5849 1245 5875 ,
1266 5806 1318 5863 in
1340 5807 1537 5878 quibus
1560 5804 1812 5862 universa
1827 5813 2097 5875 praecepta

2198 4583 2379 4675 ψυχῆς
2415 4603 2498 4668 είς
2537 4600 2674 4656 Θεὸν
2722 4596 3167 4654 ἐπιστεύσαμεν·
3222 4592 3498 4662 θελήματι
3547 4583 3779 4652 ἑκουσίῳ

2200 4694 2508 4768 παρθενίαν
2556 4692 2894 4766 ἐνεργοῦμεν
2918 4705 2933 4722 ·
2978 4688 3252 4761 θελήματι
3281 4681 3519 4753 ἑκουσίῳ
3552 4675 3780 4747 ἀσκησίν

2197 4809 2261 4845 τε
2294 4791 2389 4846 καὶ
2437 4790 2769 4862 χαμευνίαν,
2809 4787 2905 4841 καὶ
2948 4786 3176 4856 ἀγάπην
3220 4780 3541 4852 πράττομεν
3576 4790 3592 4805 ο
3625 4768 3781 4839 8511';-

2205 4901 2337 4955 ματι
2369 4883 2465 4937 τδν
2504 4881 2740 4954 πλησίον
2785 4878 3094 4950 ἀγαπῶμεν
3123 4892 3138 4908 ·
3176 4876 3295 4939 καὶ,
3326 4874 3477 4933 ὅπως
3504 4863 3779 4955 συντόμως

2202 4952 2363 5037 εἴπω,
2398 4975 2575 5028 πᾶσαι
2605 4952 2665 5029 αἱ
2687 4970 3069 5043 πνευματικαὶ
3103 4968 3201 5024 καὶ
3233 4966 3377 5021 θεῖαι
3412 4961 3663 5033 ὁράσεις,
3691 4952 3780 5009 καὶ

2203 5066 2532 5139 ἐλλάμψεις,
2578 5065 2676 5120 καὶ
2709 5062 3110 5133 ἀποκαλύψεις,
3142 5060 3239 5114 καὶ
3277 5052 3561 5128 προκοπαὶ
3613 5051 3674 5104 ἐν
3720 5049 3778 5117 τῇ

2204 5161 2370 5232 νοερᾷ
2392 5158 2550 5232 ήμῶν
2604 5157 2825 5230 θελήσει
2845 5158 2941 5211 καὶ
2972 5152 3228 5226 ἐνεργείᾳ
3262 5150 3365 5221 τῆς
3408 5146 3594 5219 ψυχῆς
3639 5146 3781 5213 ἐνερ-

2206 5255 2431 5325 γοῦνται
2464 5254 2571 5307 ὑπὸ
2606 5250 2743 5306 Θεοῦ
2792 5253 2851 5305 ἐν
2885 5246 3043 5322 ἡμῖν,
3092 5246 3189 5303 καὶ
3241 5239 3649 5307 ἐπιτελοῦνται,
3693 5235 3781 5290 καὶ

2206 5350 2598 5420 προσγίνονται
2626 5348 2782 5419 ἡμῖν.

2276 5525 2390 5581 Καὶ
2414 5525 2633 5595 εἴρηται
2662 5523 2763 5594 μὲν
2794 5523 2927 5594 ἡμῖν
2958 5521 3089 5591 περὶ
3114 5518 3309 5571 τούτου
3341 5514 3431 5569 διὰ
3458 5511 3706 5585 βραχέων
3729 5510 3781 5560 ἐν

2202 5621 2317 5682 τοῖς
2350 5615 2687 5688 ἔμπροσθεν,
2716 5615 2811 5670 καὶ
2833 5613 2931 5667 νῦν
2960 5613 3019 5666 δέ
3050 5611 3215 5666 πάλιν
3248 5605 3607 5676 πλατυτέρως
3636 5599 3779 5672 ἐροῦ-

2208 5728 2330 5784 μεν.
2388 5708 2494 5764 Δύο
2530 5707 2712 5763 τοίνυν
2768 5705 2994 5771 ἐντολάς
3044 5721 3211 5778 φησιν
3264 5702 3293 5756 ὁ
3341 5700 3573 5772 Κύριος,
3628 5695 3777 5749 καὶὸ

2218 5801 2561 5871 Ἀπόστολος,
2595 5803 2655 5858 ἐν
2685 5795 2773 5866 αἷς
2793 5801 3139 5873 περιέχεται,
3170 5797 3263 5854 καὶ
3286 5794 3603 5851 συνδέδεται
3637 5791 3769 5846 πᾶσα
