4072 6520
310 345 445 411 1177

1819 356 2100 420 SERMO.

3355 367 3359 370 ’
3445 366 3584 434 1178

304 463 497 536 ἐντολὴ
549 463 648 518 καὶ
673 462 851 536 ἁρετὴ
899 463 1152 520 τουτέστι
1180 463 1282 533 τὸ,
1321 484 1342 518 ι
1395 468 1737 540 Ἀγαπήσεις
1770 469 1886 524 Κύ-

1993 476 2334 544 virtutesque
2379 477 2753 544 continentur,
2793 488 2956 552 atque
2993 481 3346 553 colliguntur,
3385 486 3582 540 videli-

307 573 425 629 ριον
445 557 538 609 τὸν
568 556 705 610 Θεόν
749 573 843 609 σου
884 555 944 624 ἐξ
985 556 1111 628 ὅλης
1144 560 1245 630 τῆς
1277 559 1510 630 καρδίας
1541 578 1661 626 σου,
1695 563 1792 616 καὶ
1830 563 1891 632 ἐξ

305 652 434 720 ὅλης
461 650 559 720 τῆς
589 649 769 720 ψυχῆς
794 667 911 714 σου,
948 649 1046 703 καὶ
1073 650 1389 721 ἀγαπήσεις
1418 651 1512 705 τὸν
1542 652 1772 724 πλησίον
1797 672 1890 708 σου

304 745 382 807 ὡς
411 742 608 798 ἑαυτόν
629 758 643 772 ·
683 761 704 794 ι
741 741 840 796 καὶ
881 744 940 796 αί
971 742 1068 797 δύο
1095 736 1257 798 αὗται
1287 744 1503 797 ἐντολαὶ
1540 746 1684 800 κατὰ
1713 747 1891 819 ψυχὴν

303 836 583 904 λέγονται,
623 831 722 886 καὶ
764 832 1139 903 ἐνεργοῦνται.
1182 834 1400 906 Ἀγάπη
1437 836 1545 908 γάρ
1595 839 1765 904 ἐστιν,
1815 837 1892 903 ὦς

304 943 442 996 φησι
483 923 783 990 Διονύσιος,
817 926 1055 996 ἑνωτικὴ
1113 925 1208 979 καὶ
1250 927 1558 999 συναπτικὴ
1581 928 1683 998 τῆς
1713 929 1891 1000 ψυχῆς

302 1021 550 1084 διάθεσις
575 1020 714 1090 πρὸς
756 1019 818 1072 τὸ
847 1018 1214 1090 ποθούμενον.
1255 1018 1532 1084 Ὡσαύτως
1576 1023 1673 1075 καὶ
1705 1024 1754 1075 οί
1793 1040 1892 1093 μα-

303 1111 573 1184 καρισμοὶ
618 1111 714 1166 τοῦ
744 1113 975 1185 Κυρίου,
1012 1110 1155 1165 κατὰ
1175 1111 1274 1183 τὴν
1333 1113 1528 1183 νοερὰν
1570 1112 1789 1185 θέλησιν
1830 1132 1890 1169 τε

303 1208 398 1260 καὶ
415 1206 705 1276 ἐνέργειαν
729 1205 829 1276 τῆς
851 1205 1031 1276 ψυχῆς
1058 1203 1456 1260 ἐπιτελοῦνται·
1482 1206 1543 1258 τὸ
1570 1205 1701 1278 γὰρ,
1723 1225 1742 1258 ι
1772 1208 1893 1261 Μα-

301 1300 491 1370 κάριοι
525 1299 575 1350 οἱ
605 1298 814 1368 πτωχοὶ
846 1297 924 1368 τῷ
957 1297 1253 1368 πνεύματι,
1281 1298 1528 1372 »ψυχικῇ
1553 1303 1724 1372 ἀρετῇ
1757 1301 1892 1356 καθ-

301 1391 566 1463 έστηκεν·
592 1391 794 1462 ὁμοίως
814 1392 908 1444 καὶ
927 1391 1010 1457 τὸ,
1044 1410 1062 1443 ι
1097 1391 1378 1463 Μακάριοι
1406 1396 1454 1446 oi
1479 1391 1829 1458 πενθοῦντες,
1865 1413 1884 1446 ι

301 1485 368 1536 ἐκ
417 1482 660 1554 ψυχικῆς
697 1482 1224 1556 συνανθρωπὸτητος
1277 1483 1371 1537 καὶ
1414 1483 1690 1555 θελήσεως
1734 1486 1890 1555 ἐνερο

300 1576 502 1644 γεῖται·
525 1574 672 1629 καθά
702 1574 895 1640 καὶτὸ,
931 1593 949 1625 ι
977 1574 1254 1645 Μακάριοι
1305 1576 1355 1629 oi
1385 1578 1602 1646 πραεῖς,
1629 1595 1647 1628 ι
1677 1577 1771 1631 καὶ
1804 1577 1887 1641 τὸ,

306 1687 326 1720 ι
366 1666 646 1739 Μακάριοι
698 1667 749 1720 oi
781 1667 1016 1738 καθαροὶ
1048 1671 1116 1740 τῇ
1146 1668 1371 1741 καρδίᾳ,
1411 1688 1429 1721 ι
1468 1670 1676 1736 καὶτὸ,
1717 1689 1735 1722 ι
1769 1673 1891 1725 Μα-

299 1762 488 1832 κάριοι
506 1763 554 1815 oi
577 1763 937 1833 εἰρηνοποιοί.
969 1779 989 1813 ι
1014 1762 1091 1816 Οὑ
1120 1763 1281 1832 μόνον
1296 1760 1376 1825 δὲ,
1405 1761 1543 1815 ἀλλὰ
1570 1761 1664 1816 καὶ
1681 1762 1887 1829 πίστις,

1995 579 2102 635 cet,
2143 587 2162 620 ι
2198 568 2398 640 Diliges
2432 568 2719 624 Dominum
2759 571 2924 627 Deum
2981 581 3130 627 tuum
3164 590 3228 630 ex
3260 586 3373 632 toto
3403 579 3568 634 corde

1994 668 2106 725 tuo,
2137 672 2274 716 etex
2297 670 2406 715 tota
2437 662 2621 716 anima
2641 673 2750 726 tua,
2772 676 2825 719 et
2855 665 3045 735 diliges
3070 670 3378 737 proximum
3403 679 3576 736 tuum,

1993 755 2136 809 sicut
2166 755 2392 822 teipsum
2423 755 2468 786 ’⁸
2502 773 2516 809 :
2553 774 2572 807 ι
2611 757 2834 827 bamque
2861 763 2966 814 duo
3001 763 3114 830 ipsa
3136 763 3578 832 prazceptajuxta

1993 845 2159 900 animi
2193 845 2506 902 facultatem
2528 852 2780 918 proponi,
2823 862 2878 907 et
2914 855 3184 910 exerceri.
3212 856 3384 910 Amor
3420 872 3577 910 nam-

1993 953 2119 1008 que,
2150 949 2207 991 ιιι
2232 939 2521 1010 Dionysius
2559 941 2740 1009 docet,
2770 944 2976 998 unitiva
3005 956 3110 1011 est,
3141 957 3197 1000 et
3226 948 3572 1017 conjunctiva

1993 1030 2159 1083 animi
2216 1029 2500 1100 dispositio
2545 1033 2613 1088 ad
2654 1036 3022 1091 desideratum
3068 1040 3364 1109 objecttnn.
3424 1040 3582 1097 Sicut

1993 1122 2158 1177 etiam
2180 1125 2542 1180 beatitudines
2565 1124 2862 1183 Dominica:
2893 1129 3246 1186 intellectuali
3275 1133 3577 1200 voluntate,

1992 1214 2272 1283 animique
2290 1215 2553 1272 facultate
2574 1219 2934 1287 perficiuntur
2961 1239 2977 1275 :
3001 1224 3142 1290 quod
3161 1225 3307 1278 enim
3330 1225 3528 1278 dicitur
3559 1243 3574 1279 :

1997 1324 2016 1359 ι
2057 1308 2209 1363 Beati
2259 1324 2526 1379 pauperes
2575 1311 2864 1380 spiritu",
2913 1331 2932 1364 ι
2971 1314 3038 1366 ad
3095 1315 3265 1370 animi
3320 1317 3576 1371 virtutem

1992 1402 2228 1469 pertinet
2258 1419 2274 1456 :
2310 1403 2451 1457 haud
2487 1418 2642 1457 secus
2703 1404 2910 1471 pariter
2956 1414 3119 1473 atque
3150 1405 3280 1460 illud
3320 1425 3334 1461 :
3368 1425 3387 1458 ι
3426 1408 3576 1464 Beati

1990 1491 2083 1561 qui
2128 1491 2312 1563 lugent
2332 1491 2401 1559 ’⁸,
2433 1512 2451 1544 ι
2480 1509 2545 1547 ex
2577 1493 2847 1564 spirituali
2893 1497 3127 1550 hominis
3153 1506 3309 1566 parte
3333 1498 3580 1553 volunta-

1995 1593 2153 1654 teque
2196 1585 2526 1655 adimpletur
2557 1588 3057 1656 :quemadmodum
3082 1599 3135 1642 et
3164 1605 3284 1657 qua:
3333 1575 3586 1644 subdun-~

1995 1685 2102 1742 tur,
2129 1686 2160 1728 c'
2181 1676 2327 1731 Beati
2352 1677 2638 1737 mansueti.
2672 1697 2690 1729 ι
2719 1689 2775 1731 et
2805 1696 2822 1728 ι
2857 1677 3007 1733 Beati
3035 1683 3234 1733 mundo
3258 1681 3446 1743 corde,
3474 1700 3492 1732 ι
3519 1691 3576 1735 et

1996 1779 2015 1812 ι
2054 1761 2203 1817 Beati
2233 1764 2448 1834 pacifici
2474 1766 2572 1819 ⁸³.»
2607 1763 2795 1835 Neque
2835 1767 2950 1822 haec
2976 1769 3088 1822 sola
3116 1776 3348 1833 tantum,
3387 1785 3574 1824 verum

302 1855 483 1921 ἐλπὶς,
529 1856 742 1928 ἀγάπη,
795 1855 1029 1925 ψυχικαὶ
1075 1855 1296 1927 ἀρεταὶ,
1331 1854 1428 1908 καὶ
1456 1855 1519 1908 οὑ
1576 1855 1888 1926 σωματικαὶ

1992 1854 2161 1908 etiam
2206 1855 2362 1921 fides,
2387 1870 2532 1925 spes,
2562 1856 2826 1923 charitas,
2855 1859 3166 1927 spirituales
3195 1861 3448 1927 virtutes,
3476 1861 3576 1915 mi-

297 1947 672 2017 τυγχάνουσι⁶
724 1945 980 2017 καθάπερ
1031 1946 1196 2000 πάλιν
1249 1947 1524 2012 κάκεῖναι,
1557 1946 1625 2009 ἃς
1669 1948 1698 1999 6
1727 1945 1892 2009 αὑτὸς

313 2039 640 2103 Ἀπόστολος
661 2038 1063 2110 άπαριθμεῖται
1089 2038 1291 2107 λέγων,
1311 2041 1394 2093 ὅτι
1422 2058 1441 2090 ι
1472 2040 1534 2092 Οἱ
1563 2039 1769 2109 καρποὶ
1793 2038 1888 2092 τοῦ

301 2132 627 2204 Πνεύματός
658 2133 797 2186 εἰσιν
823 2133 1038 2203 ἀγάπη,
1077 2131 1244 2204 χαρὰ,
1273 2133 1488 2201 εἰρήνη,
1513 2130 1888 2203 μακροθυμία,

298 2227 634 2298 χρηστότης,
666 2226 997 2297 άγαθοσύνη,
1049 2245 1068 2279 ι
1104 2225 1200 2279 καὶ
1235 2225 1305 2279 τὰ
1327 2224 1477 2295 ἑξῆς.
1510 2224 1670 2279 Κατὰ
1695 2224 1891 2297 νοερὰν

299 2316 526 2388 θέλησιν
562 2331 625 2370 τε
651 2316 748 2371 καὶ
775 2317 1061 2385 ἐνέργειαν
1091 2315 1150 2368 ἐν
1173 2316 1236 2386 τῇ
1267 2313 1416 2385 ψυχῇ
1442 2313 1855 2384 προσ-γίνονται.

369 2580 479 2635 Καὶ
527 2581 719 2652 ἐπειδὴ
765 2581 921 2652 δίκην
949 2581 1134 2635 ἵππων
1168 2581 1265 2636 καὶ
1321 2582 1564 2652 ἡμιόνων
1610 2583 1887 2637 ἀσυνέτων

293 2675 614 2746 πιύρωνται
645 2675 695 2728 οἱ
731 2675 832 2739 τὰς
860 2676 954 2729 τοῦ
1000 2676 1208 2749 Κυρίου
1241 2676 1654 2748 ἀπαρνούμενοι
1686 2694 1888 2730 συστα-

289 2770 457 2832 τικὰς
483 2769 584 2840 τῆς
614 2769 897 2840 ἡμετέρας
921 2767 1141 2838 φύσεως
1183 2768 1478 2839 ἰδιότητας,
1507 2769 1655 2838 λέγω
1681 2769 1746 2841 δὴ
1785 2768 1886 2842 τὴν

290 2861 536 2933 οὑσιώδη
555 2861 658 2932 τῆς
675 2861 854 2932 ψυχῆς
878 2861 1099 2931 θέλησιν
1119 2861 1414 2927 ἀκούοντες
1442 2864 1543 2918 καὶ
1574 2863 1882 2936 ἐνέργειαν,

290 2956 530 3027 ἐροῦμεν
554 2955 915 3026 σαφέστερον,
941 2955 1041 3026 τὴν
1061 2955 1268 3009 τούτων
1292 2955 1482 3027 ὥσπερ
1499 2954 1886 3026 διερμηνεύον-

289 3066 386 3112 τες
418 3050 512 3103 καὶ
545 3048 938 3120 σαφηνίζοντες
961 3049 1194 3120 δύναμιν
1215 3066 1228 3079 ·
1264 3049 1486 3118 θέλησις
1529 3049 1712 3119 ψυχῆς
1735 3048 1885 3118 λογι-

290 3144 399 3211 κῆς
427 3143 598 3207 ἐστιν,
641 3140 718 3205 ὡς
759 3142 868 3214 πρὸ
892 3141 1141 3214 βραχέως
1180 3141 1278 3196 καὶ
1304 3144 1333 3196 6
1382 3141 1558 3213 μέγας
1605 3140 1883 3205 Διονύσιος

1996 1945 2145 2001 nime
2179 1961 2309 2002 vero
2341 1962 2620 2015 corporeae
2667 1963 2790 2004 esse
2835 1949 3197 2018 proculdubio
3233 1950 3571 2019 judicantur.

1993 2035 2166 2108 Cujus
2197 2052 2332 2093 sane
2366 2040 2584 2108 generis
2605 2040 2769 2094 etiam
2798 2056 2876 2095 eae
2907 2050 3056 2107 sunt,
3091 2057 3227 2110 quas
3281 2043 3574 2113 Apostolus

1993 2129 2111 2199 ipse
2131 2130 2374 2199 gentium
2401 2140 2709 2196 enumerat,
2737 2131 3014 2203 inquiens,
3074 2151 3092 2186 ι
3135 2133 3368 2189 Fructus
3399 2133 3575 2205 Spirio

1995 2231 2086 2278 tus
2115 2237 2237 2278 esse
2260 2224 2609 2288 charitatem,
2648 2227 2928 2294 gaudium,
2950 2240 3163 2295 pacem,
3189 2227 3577 2297 longanimita-

1993 2324 2125 2380 tem,
2152 2316 2473 2382 bonitatem,
2507 2316 2902 2386 benignitatem
2944 2317 3014 2383 ³ο,
3069 2335 3089 2370 ι
3119 2327 3175 2373 et
3225 2328 3442 2373 caetera.
3470 2318 3576 2375 Per

1990 2407 2417 2463 intellectualem
2469 2409 2669 2479 quippe
2698 2408 3058 2474 voluntatem,
3107 2420 3162 2465 et
3196 2411 3572 2480 operationem

1990 2501 2189 2555 adsunt
2211 2509 2510 2570 praesentes
2540 2501 2744 2555 animo.

2058 2591 2327 2658 Quoniam
2359 2606 2491 2646 vero
2539 2607 2826 2662 equorum,
2859 2601 2952 2646 aut
3001 2592 3268 2648 mulorum
3312 2593 3575 2664 insipien-

1989 2684 2122 2739 tium
2162 2685 2338 2740 instar
2360 2692 2809 2750 consternantur,
2843 2688 2934 2754 qui
2968 2684 3332 2741 subsistentes
3365 2695 3574 2740 natura:

1987 2785 2190 2831 nostra:
2248 2775 2609 2845 proprietates
2662 2784 2866 2844 negant
2899 2775 2950 2829 in
2984 2774 3212 2830 Domino
3245 2790 3366 2829 esse
3395 2791 3410 2828 :
3442 2790 3575 2843 qua-

1987 2882 2106 2922 rum
2177 2882 2308 2922 sane
2373 2868 2593 2923 nomine
2663 2867 3025 2931 voluntatem,
3094 2867 3575 2936 operationemque

1987 2958 2169 3014 animo
2224 2959 2574 3014 essentialem
2630 2958 2917 3029 designant
2969 2977 2984 3013 :
3029 2957 3232 3013 clarius
3293 2958 3408 3013 hmc
3457 2958 3574 3028 ipsa

1986 3066 2342 3122 exponemus,
2395 3067 2584 3108 earum
2666 3051 3082 3120 interpretando
3162 3051 3354 3117 veluti,
3412 3061 3576 3120 atque

1987 3144 2338 3213 expendenda
2356 3145 2486 3212 vim,
2521 3158 2586 3199 ac
2622 3142 2954 3198 facultatem.
2999 3141 3094 3196 Est
3118 3142 3300 3211 itaque
3330 3144 3576 3196 rationa-

289 3234 523 3304 εἴρηκε,
565 3252 584 3287 ‹
623 3232 852 3304 δύναμις
890 3233 1174 3306 λογιστικὴ
1226 3235 1322 3288 καὶ
1346 3233 1724 3305 ἐπιθυμητικὴ
1746 3232 1882 3304 πρὸς

1990 3236 2057 3292 Iis
2087 3236 2284 3291 anima:
2312 3235 2584 3298 voluntas,
2605 3243 2665 3289 ut
2695 3234 2981 3305 perpaucis
3006 3234 3166 3288 etiam
3197 3250 3423 3304 magnus
3450 3232 3577 3287 Dio-

287 3325 357 3377 τὸ
392 3323 764 3379 συνάπτεσθαι
792 3325 868 3394 τῷ
892 3324 1013 3395 Θεῷ
1046 3324 1146 3396 τὴν
1170 3325 1372 3396 ψυχὴν,
1397 3325 1502 3378 ὑπὸ
1524 3324 1660 3378 Θεοῦ
1683 3325 1882 3377 οὑσιω-

288 3416 405 3479 δὼς
441 3417 582 3488 αὐτῇ
617 3417 999 3490 δεδωρημένη,
1039 3419 1108 3472 δι’
1142 3414 1208 3492 ἦς
1253 3417 1567 3490 εἰργάζετο,
1621 3418 1715 3472 καὶ
1758 3415 1885 3486 ἐφύ-

289 3510 492 3564 λαττεν
529 3512 557 3564 6
589 3510 808 3581 πρῶτος
855 3511 1147 3581 ἄνθρωπος
1177 3510 1247 3564 τὰ
1281 3510 1402 3564 θεῖα
1447 3511 1879 3583 προστάγματα,

292 3606 364 3658 ἐκ
397 3603 671 3675 θελήσεως
696 3603 937 3674 ψυχικῆς
960 3604 1042 3666 είς
1068 3603 1356 3674 ἐνέργειαν
1382 3603 1492 3656 τῶν
1524 3602 1756 3656 ἐντολῶν
1786 3600 1881 3654 τοῦ

291 3696 432 3750 Θεοῦ
461 3697 776 3767 ἐρχόμενος.
810 3717 827 3749 ι
867 3695 1031 3750 Ἀλλά
1059 3695 1238 3750 ταῦτα
1267 3696 1368 3766 μὲν
1399 3696 1493 3750 ἐπὶ⁴
1522 3695 1617 3749 τοῦ
1665 3696 1840 3766 Ἀδάμ
1865 3710 1878 3726 ·

292 3791 516 3860 εἴρηται
555 3789 614 3842 δὲ
653 3790 746 3842 ἐπὶ
782 3788 1025 3859 Χριστοῦ
1077 3778 1176 3841 τοῦ
1221 3786 1378 3850 Υίοῦ,
1414 3788 1510 3841 καὶ
1538 3788 1622 3841 ὅτι
1667 3787 1888 3860 μορφὴν

291 3879 694 3952 δούλου,ῆγουν
719 3879 910 3932 οὐσίαν
930 3878 1148 3943 δούλου,
1181 3879 1452 3942 ἑκουσίως
1480 3878 1696 3933 ἐλαϐεν.
1731 3877 1883 3950 Αὑτη

291 3970 544 4042 τοίνυνή
583 3971 726 4025 κατὰ
777 3971 872 4024 τὸν
905 3969 1143 4042 Χριστὸν
1197 3970 1405 4041 μορφὴ,
1437 3971 1532 4024 καὶ⁵
1582 3971 1745 4025 οὐσία
1786 3971 1883 4025 τοῦ

291 4061 514 4128 δούλου,
549 4062 693 4116 κατὰ
723 4062 778 4116 τί
806 4062 1000 4116 ἀκούει
1039 4062 1228 4133 μορφὴ
1267 4061 1481 4127 δούλου,
1526 4064 1667 4116 κατὰ
1724 4063 1884 4118 ποίαν

290 4155 566 4222 δουλείαν,
600 4159 696 4211 καὶ⁹
735 4157 1065 4226 ὑπουργίαν,
1102 4157 1195 4210 καὶ
1227 4157 1545 4229 ὑποταγήν;
1603 4152 1713 4229 ἆρα
1741 4157 1883 4210 κατά

291 4249 396 4319 τὴν
427 4249 770 4320 Δεσποτικὴν
801 4250 1049 4320 θέλησιν,
1085 4251 1183 4304 καὶ
1207 4250 1514 4322 ἐνέργειαν,
1543 4251 1637 4304 καὶ
1665 4251 1881 4325 μορφὴν

289 4339 392 4394 τοῦ
425 4340 562 4394 Θεοῦ
590 4342 790 4411 Λόγου,
818 4341 926 4395 ἀπό
959 4359 1022 4411 γε
1048 4342 1148 4413 τῆς
1188 4341 1401 4414 Ἀρείου
1427 4342 1660 4413 μανία;;

380 4602 526 4661 Ἀλλ’
555 4608 744 4682 ἐπειδὴ
769 4609 858 4664 διὰ
882 4611 984 4682 τῆς
1007 4610 1297 4682 παρακοῆς
1313 4609 1408 4664 τοῦ
1435 4611 1652 4682 πρώτου
1673 4611 1884 4685 ἀνθρὼ-

293 4716 428 4766 που,
493 4701 818 4772 ἁμαρτωλοὶ
874 4704 1222 4774 κατέστημεν
1260 4705 1310 4756 οί
1369 4704 1671 4776 ἄνθρωποι,
1733 4724 1883 4778 παρ-

292 4791 434 4845 ακού
445 4810 635 4858 σαντος
659 4794 756 4848 τοῦ
795 4795 968 4864 Ἀδάμ
986 4796 1095 4848 τῶν
1120 4794 1352 4850 ἐντολῶν
1381 4796 1474 4849 τοῦ
1499 4796 1659 4860 Θεοῦ,
1692 4797 1884 4851 τούτου

294 4887 461 4958 χάριν
489 4887 579 4942 διὰ
625 4889 725 4960 τῆς
753 4890 965 4954 οἰκείας
989 4891 1162 4944 αὑτοῦ
1192 4893 1220 4944 6
1250 4891 1488 4962 Χριστὸς
1525 4892 1778 4962 ὑπακοῆς
1807 4894 1887 4947 δι-

295 4978 492 5043 καίους
521 4982 670 5052 ἡμᾶς
720 4980 1082 5052 κατέστησεν,
1119 4981 1179 5035 ὲν
1217 4984 1284 5053 τῇ
1335 4985 1519 5054 μορφῇ
1571 4982 1668 5036 τοῦ
1695 4983 1886 5037 δούλου

295 5071 530 5136 τελέσας
579 5073 648 5126 τὰ
712 5075 1120 5145 προστάγματα
1174 5075 1272 5129 τοῦ
1332 5076 1630 5143 Δεσπότου,
1691 5076 1726 5130 ἃ
1783 5077 1886 5130 οὑκ

297 5159 569 5230 ἐφύλαξεν
621 5163 883 5234 άπαρχῆς
912 5166 939 5218 6
971 5163 1179 5228 δοῦλος.
1217 5165 1429 5236 Ὠσπερ
1468 5166 1578 5237 γάρ
1600 5168 1692 5218 τὸν
1721 5165 1887 5220 θάνα-

296 5270 417 5317 τον,
450 5253 510 5307 ὃν
562 5255 861 5327 ἐχρεώστει
913 5259 941 5311 6
991 5257 1214 5326 δοῦλος,
1246 5258 1338 5312 διὰ
1385 5259 1490 5330 τῆς
1530 5261 1748 5331 μορφῆς
1791 5259 1889 5314 τοῦ

298 5345 491 5399 δούλου
528 5348 627 5419 τῆς
655 5349 860 5420 θνητῆς
889 5350 1217 5423 ἐπλήρωσεν
1249 5352 1278 5404 ὁ
1311 5353 1616 5423 Δεσπότης,
1651 5355 1893 5425 ὑπήκοος

299 5437 601 5508 γενόμενος
657 5441 821 5512 μέχρι
867 5442 1103 5498 θανάτου
1155 5443 1426 5515 σταυροῦο
1467 5444 1611 5498 οὑτω
1642 5446 1740 5500 καὶ
1795 5445 1895 5516 τὴν

300 5535 594 5604 παρακοήν
640 5534 736 5588 τοῦ
770 5537 960 5607 νόμου,
1003 5536 1101 5590 καὶ
1137 5536 1228 5592 τοῦ
1270 5537 1578 5610 θελήματος
1607 5540 1704 5592 τοῦ
1732 5538 1893 5603 Θεοῦ,

406 5737 452 5811 "j
486 5737 640 5811 Deut.
669 5753 738 5800 vi,
765 5738 831 5811 ὃς
871 5737 1057 5811 Matth.
1086 5757 1223 5810 χχιι,
1251 5741 1342 5811 37,
1377 5744 1466 5800 59.
1546 5743 1589 5776 ’⁷
1617 5743 1805 5800 Matth.
1845 5760 1902 5808 ν,
1944 5745 1998 5800 3.

314 5805 354 5836 "
434 5808 669 5880 Philipp.
697 5825 760 5876 ιι,
799 5809 850 5865 7.
882 5810 936 5863 8.

1986 3326 2174 3398 nysius
2215 3325 2490 3390 diﬂinivit,
2521 3345 2540 3376 ι
2574 3324 2804 3380 facultas
2835 3325 3135 3390 rationalis,
3163 3340 3270 3392 qua
3302 3324 3575 3378 desiderio

1985 3419 2343 3488 conjungendi
2365 3418 2729 3488 nosmetipsos
2754 3416 2865 3471 Deo
2888 3416 3132 3481 ferimur,
3164 3432 3194 3469 a
3231 3415 3341 3470 Deo
3385 3431 3575 3470 essen-

1987 3510 2192 3564 tialiter
2213 3510 2408 3564 animm
2451 3509 2549 3578 ipsi
2581 3510 2803 3574 donata,
2838 3524 2933 3577 per
2957 3524 3118 3577 quem
3151 3517 3413 3578 operatus
3464 3516 3570 3571 est,

1985 3603 2337 3673 servavitque
2365 3603 2575 3671 primus
2608 3602 2770 3655 homo
2798 3601 2981 3654 divina
3023 3611 3311 3669 przecepta,
3344 3615 3407 3654 ex
3442 3601 3569 3654 ani-

1986 3694 2116 3750 mali
2168 3694 2447 3749 voluntate
2492 3706 2819 3762 progressus
2854 3692 2906 3745 in
2961 3691 3331 3760 operationem
3366 3691 3574 3745 divino-

1987 3802 2105 3840 rum
2141 3785 2542 3839 mandatorum.
2579 3801 2600 3833 ι
2636 3781 2749 3836 Hoc
2770 3797 2897 3836 vero
2936 3783 3004 3835 ad
3036 3782 3298 3834 Adamum
3342 3790 3570 3849 spectat.

1986 3876 2063 3932 De
2093 3876 2315 3931 Christo
2377 3885 2558 3930 autem
2595 3874 2687 3929 Dei
2719 3873 2857 3927 Filio
2909 3873 3143 3935 dicetur,
3167 3874 3310 3941 quod
3339 3870 3570 3925 formam

1985 3970 2152 4034 servi,
2187 3985 2285 4025 seu
2321 3969 2468 4024 servi
2491 3967 2862 4023 substantiam
2918 3974 3111 4035 sponte
3143 3967 3466 4035 susceperit.
3498 3964 3572 4018 Ea

1988 4063 2153 4134 igitur
2179 4078 2298 4133 quae
2327 4062 2380 4116 in
2424 4061 2645 4116 Christo
2689 4060 2792 4114 fuit
2831 4058 3026 4123 forma,
3074 4058 3190 4114 sive
3255 4058 3570 4113 substantia

1986 4156 2132 4212 servi
2185 4156 2459 4225 quodnam
2515 4153 2708 4207 habuit
2775 4150 3057 4206 servitutis
3095 4150 3411 4219 specimen,
3473 4163 3570 4202 seu

1986 4265 2094 4320 qua
2149 4249 2406 4304 servitute
2437 4287 2452 4313 ,
2501 4244 2882 4315 subjectione,
2928 4241 3269 4310 actionisque
3314 4241 3574 4294 famulatu

1987 4344 2280 4399 constituta
2328 4355 2449 4396 esse
2499 4348 2774 4405 censetur,
2817 4337 2922 4392 nisi
2984 4337 3083 4392 sub
3145 4333 3426 4388 Dominica
3481 4349 3579 4386 vo-

1987 4438 2287 4500 luntate,et
2313 4433 2703 4504 operationeet
2730 4429 2908 4485 forma
2929 4428 3025 4485 Dei
3057 4427 3240 4493 Verbi,
3264 4435 3322 4480 ut
3359 4426 3427 4480 ab
3457 4425 3573 4481 Arii

1918 4551 1960 4605 ι)
1990 4530 2228 4585 amentia
2255 4526 2610 4582 recedamus?

2060 4622 2262 4678 Verum
2287 4621 2544 4692 quoniam
2567 4635 2666 4688 per
2683 4621 2842 4689 primi
2861 4617 3098 4672 hominis
3149 4612 3574 4670 inobedientiam

1985 4725 2040 4770 et
2072 4729 2285 4778 casum,
2318 4721 2631 4782 peccatores
2683 4711 2966 4766 constituti
3023 4707 3272 4763 homines
3331 4705 3572 4771 fuerant,

1990 4818 2330 4875 transgresso
2358 4803 2531 4857 Adam
2597 4801 2690 4856 Dei
2741 4807 3004 4867 praecepta
3025 4838 3040 4863 ,
3073 4797 3233 4864 hujus
3271 4795 3347 4849 rei
3378 4808 3568 4860 causa,

1987 4899 2203 4970 propria
2235 4896 2490 4951 Christus
2541 4894 2656 4963 ipse
2685 4889 2995 4946 ohedientia
3051 4903 3150 4944 nos
3197 4889 3249 4941 in
3302 4886 3568 4956 justitiam

1991 4992 2254 5055 restituit,
2283 4991 2334 5043 in
2366 4988 2538 5043 forma
2575 4987 2718 5042 servi
2747 4984 3026 5039 Dominica
3070 4989 3362 5038 exsecutus
3417 4995 3574 5034 man-

1991 5081 2136 5143 data,
2165 5095 2286 5149 quae
2343 5078 2472 5133 olim
2530 5092 2722 5131 servus
2771 5074 2840 5128 ab
2888 5072 3046 5128 initio
3075 5087 3180 5126 non
3216 5071 3569 5126 custodierat.

1993 5173 2455 5241 Quemadmodum
2487 5182 2720 5236 namque
2753 5174 3005 5228 mortem,
3046 5163 3137 5218 cui
3186 5162 3456 5223 obnoxius
3487 5162 3565 5214 fa-

1991 5277 2108 5319 ctus
2133 5263 2312 5318 fuerat
2343 5277 2558 5322 servus,
2592 5275 2689 5329 per
2719 5257 3004 5313 mortalem
3023 5255 3165 5311 servi
3199 5254 3426 5308 formam
3444 5269 3571 5308 sus-

1992 5355 2153 5408 tinuit
2194 5352 2470 5417 Dominus,
2504 5351 2684 5404 factns
2711 5349 2974 5404 obediens
3010 5359 3183 5415 usque
3213 5345 3281 5399 ad
3333 5356 3565 5400 mortem

1991 5445 2172 5500 crucis
2203 5445 2245 5476 ³¹
2286 5463 2298 5498 :
2330 5445 2404 5498 ita
2470 5443 2604 5514 legis
2649 5457 2890 5512 quoque,
2921 5440 3334 5509 voluntatisque
3367 5440 3570 5493 divinae

1996 5538 2508 5610 transgressionem,
2538 5550 2698 5606 quam
2735 5541 3077 5605 perpetrarat
3116 5545 3330 5596 servus,
3357 5530 3473 5600 ipse
3517 5530 3567 5582 in

3035 5742 3081 5774 δί’
3110 5741 3149 5797 ll
3182 5739 3326 5796 Tim.
3359 5753 3442 5805 nt,
3474 5737 3557 5794 10.

2111 5743 2158 5775 ’⁸
2192 5742 2321 5799 ibid.
2357 5743 2409 5799 5.
2516 5744 2564 5777 ”
2613 5741 2744 5798 ibid.
2777 5743 2830 5810 7,
2877 5742 2930 5797 8.
