4072 6530
583 376 721 443 1179

1782 379 1847 442 S.
1888 380 2293 444 ANASTASII
2332 381 2661 445 SINAIT/E

3713 388 3833 455 1180

582 492 761 546 forma
782 489 930 546 servi
952 488 1250 560 reparavit,
1268 487 1627 563 implevitque
1652 489 1951 561 Dominus;
1971 509 2153 565 quam-

2268 494 2337 564 ἢν
2398 492 2697 563 ὲχρεὼστει
2728 490 2994 559 ὁδοῦλος,
3047 490 3110 546 ἒν
3150 492 3219 565 τῇ
3279 493 3463 566 μορφῇ
3510 493 3607 550 τοῦ
3657 495 3831 554 δούλου

579 584 766 639 obrem
804 595 1022 653 quoque
1075 580 1253 635 dixit:
1307 598 1326 634 ι
1373 580 1509 648 Quia
1570 582 1825 639 descendi
1871 584 1937 640 de
1996 585 2158 647 caelo.

581 685 768 738 nonut
796 675 991 729 faciam
1041 672 1378 727 voluntatem
1442 687 1639 738 meam,
1669 673 1767 731 sed
1821 675 2158 731 voluntatem

579 766 775 831 Patris,
824 774 878 821 et
911 772 969 818 ut
1040 764 1294 833 impleam
1327 780 1464 834 opus
1504 765 1646 832 eius,
1674 775 1731 821 et
1758 776 1819 821 ut
1851 767 2158 822 custodiam

578 869 843 928 praecepta
883 858 1003 928 ejus
1038 857 1108 913 ³³.
1145 876 1165 909 ι
1200 856 1351 914 Hanc
1380 858 1634 914 videlicet
1664 860 1974 915 divinorum
2010 876 2163 915 man-

578 949 827 1002 datorum
875 948 1204 1021 custodiam,
1252 950 1499 1018 hancque
1562 951 1827 1006 mittentis
1858 967 1917 1007 se
1982 952 2161 1007 Patris

578 1040 963 1104 voluntatem,
1020 1043 1319 1096 secundum
1396 1059 1558 1113 quam
1629 1044 2009 1111 voluntatem,
2074 1047 2160 1101 vel

578 1132 755 1200 potius
799 1148 896 1203 per
930 1147 1092 1202 quam
1146 1132 1474 1188 voluntatem
1531 1145 1789 1202 operatus
1869 1146 1954 1193 est
2000 1136 2163 1193 Chri-

580 1235 751 1288 stus,
814 1222 917 1277 nisi
965 1223 1193 1277 omnino
1224 1223 1278 1276 in
1335 1224 1477 1278 servi
1536 1223 1706 1279 forma
1782 1226 2161 1282 intellectualis

578 1314 743 1367 animi
792 1313 1132 1368 voluntatem
1233 1313 1556 1368 habuisset?
1607 1313 1925 1369 Secundum
2006 1316 2160 1372 Divi-

579 1406 803 1459 nitatem
847 1404 1048 1475 quippe
1096 1403 1253 1458 unica
1283 1414 1368 1458 est
1404 1403 1610 1470 Patris,
1644 1414 1700 1460 et
1742 1405 1862 1461 Filii
1913 1406 2160 1463 domina-

579 1495 685 1549 trix
750 1496 1177 1565 przecipiensque
1239 1497 1512 1550 voluntas.
1592 1497 1854 1563 Quaenam
1919 1509 2006 1553 est
2057 1499 2159 1570 igi-

578 1596 668 1640 tur
701 1587 902 1641 Christi
939 1586 1211 1651 voluntas,
1249 1586 1492 1641 divinam
1520 1588 1754 1657 implens
1782 1589 2159 1647 voluntatem?

2262 586 2501 651 ὲτέλεσε,
2536 586 2633 640 καὶ
2660 584 3058 656 ἀνεπλήρωσεν
3097 587 3127 639 ὁ
3156 586 3472 658 Δεσπότης
3515 585 3595 642 διὸ
3620 589 3716 644 καὶ
3740 592 3835 647 ἕλεα

2262 694 2392 747 γεν,
2422 678 2504 731 ὃτι
2557 697 2578 731 ι
2618 676 2993 749 Καταὸέϐηκα
3037 678 3103 731 ὲκ
3151 677 3248 732 τοῦ
3296 678 3554 751 οὐρανοῦ,
3600 682 3705 754 οὐχ
3756 685 3833 739 ἵνα

2261 769 2403 824 ποιῶ
2436 769 2499 823 τὸ
2530 769 2745 841 θέλημα
2775 769 2838 823 τὸ
2880 769 3037 842 ἐμὸν,
3073 769 3212 824 ἀλλὰ
3256 771 3318 824 τὸ
3353 772 3567 844 θέλημα
3598 774 3694 828 τοῦ
3733 778 3833 832 Πα-

2259 863 2411 933 τρδς,
2444 863 2542 915 καὶ
2576 862 2664 916 ἵνα
2687 859 2970 933 πληρὼσω
2992 862 3163 917 αὑτοῦ
3193 864 3256 917 τὸ
3288 863 3474 936 ἔργον,
3506 866 3603 919 καὶ
3634 868 3719 921 ἵνα
3746 886 3834 938 φυο

2260 954 2411 1023 λάξω
2444 953 2611 1008 αὑτοῦ
2647 954 2749 1017 τὰς
2764 954 3010 1018 ἐντολάς.
3049 973 3068 1006 ι
3101 954 3321 1026 Ταύτην
3343 955 3445 1028 τὴν
3465 957 3715 1029 φυλακὴν
3737 962 3835 1015 τῶν

2262 1050 2499 1105 ἐντολῶν
2528 1049 2625 1105 τοῦ
2661 1049 2823 1116 Θεοῦ,
2853 1051 2951 1104 καὶ
2979 1049 3143 1105 τοῦτο
3162 1052 3225 1105 τὸ
3256 1052 3472 1124 θέλημα
3501 1054 3564 1108 τδ
3582 1057 3677 1111 τοῦ
3706 1058 3836 1130 πέμ-

2260 1142 2466 1213 ψαντος
2497 1142 2663 1196 αὑτὸν
2706 1143 2944 1214 Πατρὺς,
2982 1143 3130 1198 κατὰ
3162 1147 3315 1200 ποῖον
3361 1145 3600 1217 θέλημα,
3654 1151 3836 1221 μᾶλλον

2260 1234 2319 1289 δὲ
2351 1235 2440 1288 διὰ
2473 1234 2631 1289 ποίου
2666 1234 2979 1307 θελήματος
3033 1238 3339 1308 εἰργάσατο
3384 1241 3413 1293 ὁ
3457 1242 3718 1312 Χριστὸς,
3753 1245 3837 1300 ἐὰν

2264 1328 2340 1401 μὴ
2372 1328 2474 1401 ἔχῃ
2517 1328 2658 1393 ὅλως
2692 1328 2908 1399 θέλημα
2938 1331 3135 1401 νοερᾶς
3160 1330 3345 1402 ψυχῆς
3387 1332 3492 1402 τῆς
3533 1334 3634 1388 τοῦ
3662 1334 3835 1392 δούλου

2263 1419 2699 1491 μορφῆς;Κατὰ
2729 1419 2839 1490 γὰρ
2872 1420 2972 1491 τὴν
3007 1420 3238 1494 θεότητα
3278 1423 3337 1476 ἓν
3383 1425 3501 1477 ἐστι
3533 1425 3835 1483 δεσποτικὸν

2261 1512 2357 1565 καὶ
2387 1512 2777 1584 ἑπιτρεπτικδν
2814 1512 2876 1566 τὸ
2933 1511 3150 1584 θέλημα
3194 1512 3290 1568 τοῦ
3340 1516 3556 1589 Πατρὸς
3604 1520 3700 1572 καὶ
3750 1520 3835 1574 τοῦ

2261 1603 2417 1660 Υἱοῦ.
2451 1604 2612 1657 Ποῖον
2645 1600 2739 1659 οὖν
2766 1605 2957 1660 λοιπόν
2989 1608 3112 1660 ἐστι
3145 1607 3209 1662 τὸ
3238 1608 3451 1681 θέλημα
3480 1611 3579 1664 τοῦ
3609 1613 3834 1684 Χριστοῦ

579 1675 929 1730 Manifestum
965 1686 1049 1731 est
1078 1676 1291 1732 scilicet
1322 1677 1733 1747 praecipientem
1764 1681 2100 1737 voluntatem
2126 1698 2153 1738 a

2258 1692 2323 1746 τὸ
2345 1693 2453 1764 πλη
2466 1694 2652 1765 ρῶσαν
2676 1694 2739 1749 τὸ
2764 1695 2909 1750 θεῖον
2936 1696 3154 1769 θέλημα
3171 1717 3187 1767 ;
3205 1675 3388 1771 Δῆλον,
3400 1702 3533 1773 γὰρ,
3552 1703 3636 1756 ὅτι
3662 1675 3837 1777 ἕτερόν

576 1768 817 1834 subjecta
841 1777 900 1822 et
942 1768 1357 1839 obtemperante
1385 1769 1620 1824 discerni
1661 1782 1934 1839 oportere.
1974 1772 2153 1844 Itaque

2265 1784 2383 1839 ἐστι
2421 1786 2484 1839 τὸ
2519 1787 2917 1858 ὲπιτρεπτικὸν
2965 1768 3203 1862 θέλημα,
3246 1768 3344 1847 θεαὶ
3383 1768 3577 1865 ἕτερον
3609 1796 3674 1849 τὸ
3719 1768 3837 1851 ὐτο-

576 1861 622 1915 si
653 1861 952 1916 secundum
986 1861 1226 1915 divinam
1253 1858 1589 1915 voluntatem
1640 1862 1869 1931 perfecit
1904 1865 2153 1922 ministe-

2263 1879 2527 1932 τακτικὸν
2557 1879 2653 1934 καὶ
2706 1882 3142 1937 ὑπακουστικόν.
3175 1885 3239 1939 Εἰ
3268 1880 3361 1940 οὖν
3391 1887 3537 1941 κατὰ
3566 1888 3667 1959 τὴν
3699 1889 3835 1943 θείαν

579 1968 740 2015 rium,
796 1966 1139 2022 consequens
1190 1952 1448 2006 nimirum
1478 1954 1607 2018 erit,
1638 1959 2020 2012 utsecundum
2077 1960 2153 2015 di-

2266 1969 2492 2041 θέλησιν
2517 1971 2619 2044 τὴν
2650 1973 2959 2046 ὑπουργίαν
2989 1977 3161 2043 τελεῖ,
3207 1977 3430 2043 πάντως
3468 1981 3553 2033 ὅτι
3575 1952 3673 2035 καὶ
3704 1985 3835 2036 κατὰ

584 2044 767 2097 \‘inam
806 2043 1012 2112 pariter
1030 2054 1284 2097 naturam
1318 2058 1530 2106 servus,
1566 2057 1621 2101 et
1643 2047 1964 2105 administer
1992 2053 2153 2109 exsti-

2261 2061 2363 2134 τὴν
2393 2062 2549 2117 θείαν
2577 2043 2743 2134 φύσιν
2770 2043 2963 2132 δοῦλος
2994 2067 3090 2122 καὶ
3114 2068 3392 2141 ὑπουργὸς
3417 2070 3687 2143 ὑπάρχει,
3706 2076 3836 2126 κατὰ

582 2135 734 2201 tt-ril,
792 2135 937 2203 quod
1015 2135 1345 2190 Arianorum
1414 2136 1771 2192 deliramenta
1832 2140 2153 2201 fabulantur.

2259 2154 2389 2219 τοὺς
2414 2155 2525 2209 τῶν
2565 2158 2872 2229 Ἀρειανῶν
2913 2159 3149 2230 μύθους’
3181 2162 3466 2217 καὶτοῦτο
3509 2165 3715 2229 εὐθέως
3746 2182 3834 2218 κα-

579 2224 780 2278 νντιιηι
812 2236 866 2280 et
910 2226 1013 2279 hoc
1075 2225 1342 2281 continuo
1381 2228 1765 2289 demonstrare
1795 2235 2153 2291 conabor.....

2260 2246 2495 2317 τάδηλον
2519 2224 2750 2321 ποιήσαι
2781 2224 3226 2324 πειρῠάσομαι....

575 2314 788 2386 (σαιεενα
815 2319 1229 2392 desiderantur).

645 2488 692 2521 ³²
715 2490 871 2546 Joan.
917 2507 989 2558 VI,
1006 2493 1098 2547 38.

590 2685 3818 2739 ————-————_____________________________

1895 2865 2555 2986 ΧΡΗΣΕΙΣ

1284 3066 1638 3125 ΑΧΡΗΣΤυῐ
1678 3071 1943 3127 ΜΙΔΡΩΝ
1975 3078 2331 3137 ΔΥΣΣΕΒΩΝ
2360 3082 2709 3139 ΛΡΕΙΑΝΩΝ
2745 3088 3129 3143 ΑΘΕΤΟΥΣΑΙ

685 3221 805 3288 Τὴν
832 3222 1161 3292 ὀμοούσιον
1189 3228 1439 3294 θεότητα
1480 3228 1587 3282 τοῦ
1628 3230 1765 3285 Υιοῦ
1800 3233 1904 3286 τοῦ
1940 3233 2113 3301 Θεοῦ,
2148 3235 2249 3288 καὶ
2285 3237 2508 3306 κτίσμα
2536 3239 2646 3292 τὸν
2669 3240 2926 3313 κτίστην
2961 3246 3083 3299 τῶν
3103 3247 3387 3304 ἁπάντων
3419 3251 3738 3322 lemma.

1808 3542 2626 3655 RELATIONES

1167 3750 1639 3815 IMPURARUM
1678 3755 2229 3830 IMPIARUMQUE
2261 3760 2429 3821 ARII
2469 3762 3071 3831 SENTENTIARUM

608 3895 753 3972 Quae
781 3897 1375 3964 consubstantialem
1405 3904 1565 3966 Filii
1606 3905 1718 3967 Dei
1754 3907 2045 3967 deitatem
2078 3921 2305 3988 negant
2338 3921 2396 3973 et
2439 3925 2797 3978 creaturam
2849 3932 3189 3984 creatorem
3229 3928 3505 3989 omnium
3544 3928 3786 3993 dicunt.

1635 4070 1793 4140 (Anc.
1825 4074 1951 4141 ΜΑι,
1992 4073 2189 4148 Seript.
2228 4077 2336 4133 Vet.
2367 4088 2407 4136 t.
2436 4080 2549 4148 VII,
2588 4098 2645 4153 p.
2685 4083 2836 4159 202.)

560 4349 677 4405 Arii
704 4350 965 4405 immundi
980 4350 1345 4449 hwrefiarchge
1356 4370 1378 4419 ;
1387 4352 1727 4449 Gaianarum
1759 4359 2046 4429 impietatis
2077 4377 2143 4415 ea:

2251 4363 2476 4443 Ἀρείου
2493 4364 2601 4449 τοῦ
2640 4368 2858 4449 pedem?
2889 4371 3562 4449 alpeajdpxavdt-ﬁgitér
3603 4380 3820 4449 Ἀρδια-

1016 4422 1255 4476 oratione
1291 4424 1355 4477 de
1387 4425 1664 4482 Trinitate.

630 4510 720 4565 Sic
747 4510 917 4581 igitur
943 4512 1264 4582 accipienda
1294 4524 1425 4568 sunt
1452 4515 1567 4573 haec
1596 4524 1911 4594 evangelica
1946 4531 2137 4599 verba,

557 4618 679 4674 quae
705 4603 933 4672 dicunt:
960 4603 1080 4657 Non
1109 4620 1296 4674 quaero
1315 4606 1655 4665 voluntatem
1684 4628 1884 4683 meam,
1907 4627 1965 4674 et
1983 4622 2135 4691 quia,

556 4695 822 4750 Descendi
844 4695 913 4750 de
951 4696 1092 4751 caelo
1118 4711 1228 4751 non
1252 4706 1314 4751 ut
1343 4698 1539 4755 faciam
1568 4704 1907 4763 voluntatem
1936 4727 2138 4780 meam,

554 4786 651 4841 sed
701 4788 1042 4842 voluntatem
1092 4788 1187 4857 qui
1236 4789 1387 4845 misit
1438 4809 1525 4848 me
1578 4795 1776 4863 Patris,
1832 4806 1987 4872 quasi
2024 4822 2137 4865 non

553 4878 780 4932 omnino
825 4881 1210 4935 consentiente
1239 4889 1295 4936 et
1337 4897 1677 4956 congruente
1719 4906 1844 4946 cum
1892 4900 2141 4965 paternis

552 4970 800 5024 consiliis
826 4972 951 5025 Filii
983 4973 1292 5030 voluntate.
1329 4976 1408 5031 Ex
1427 4994 1538 5048 quo
1560 4985 1847 5041 commode
1866 5003 1993 5044 cum
2022 5006 2137 5049 suae

550 5059 771 5129 prmfert
816 5063 994 5118 Patris
1030 5066 1116 5119 sui
1164 5070 1526 5137 voluntatem,
1570 5075 1805 5133 dicens:
1836 5079 1957 5136 Non
1992 5101 2131 5153 mea,

548 5150 735 5217 Pater,
761 5152 859 5220 ﬁat
885 5153 1153 5224 voluntas,
1179 5160 1273 5212 sed
1299 5170 1392 5215 tua
1419 5164 1459 5218 ⁸.

623 5353 1025 5447 ξέςιειίεέηὲτὶἱ,
1048 5362 1102 5415 in
1136 5364 1542 5447 interpetatione
1565 5388 1724 5443 quam
1752 5374 1809 5429 in
1832 5376 2129 5447 symbolum

545 5427 707 5480 edidit
740 5429 844 5483 518
869 5430 1218 5487 Nicamorum
1243 5427 1491 5493 Patrum.

613 5580 847 5636 Eramus
873 5586 1012 5639 enim
1037 5586 1164 5641 olim
1207 5607 1299 5644 nos
1334 5608 1562 5663 quoque,
1585 5597 1684 5663 ait,
1714 5599 1997 5669 increduli,
2035 5604 2123 5674 fa-
2160 5601 2204 5657 D

543 5673 737 5728 cientes
776 5675 1102 5733 voluntatem
1141 5683 1317 5736 carnis
1348 5684 1393 5736 '.
1424 5683 1557 5750 Quae
1585 5689 1721 5746 etin
1754 5691 1865 5749 alio
1892 5694 2013 5751 loco
2036 5673 2129 5752 Vvi-

617 5807 632 5838 ¹
668 5808 802 5865 Luc.
824 5828 956 5881 mi,
979 5815 1069 5870 42.
1152 5819 1171 5851 ³
1197 5818 1403 5888 Ephes.
1426 5837 1485 5889 ιι,
1505 5822 1558 5878 3.

2331 4434 2457 4488 νῶν
2485 4434 2850 4506 δυσσεϐείας
2876 4434 2961 4494 ἐνί
2974 4443 3081 4496 τοῦ
3109 4434 3239 4514 Ξτὲρὶ
3264 4434 3511 4515 ΊῬιᾶδος
3535 4434 3744 4521 λόγῖὖέ

2314 4526 2472 4581 Οὕτω
2528 4529 2660 4596 γοῦν
2739 4531 2963 4603 νοητέον
3027 4535 3246 4600 ὲκείνας
3304 4538 3405 4601 τὰς
3459 4542 3820 4612 εὐαγγελικὰς

2241 4618 2426 4687 φωνὰς
2440 4619 2541 4683 τὰς
2566 4619 2853 4690 λεγούσας,
2873 4624 2957 4678 ὅτι
2986 4626 3060 4680 οὺ
3086 4628 3235 4697 ζητῶ
3262 4631 3324 4683 τὸ
3349 4630 3565 4703 θέλημα
3589 4636 3650 4689 τὸ
3671 4637 3815 4705 ἐμὸν,

2240 4712 2335 4763 καὶ
2387 4712 2469 4766 ὅτι
2511 4715 2887 4789 Κατασέὃηκα
2935 4720 3001 4773 ὲκ
3044 4720 3141 4773 τοῦ
3172 4721 3402 4794 οὐρανοῦ
3442 4726 3542 4797 οὐχ
3572 4727 3663 4783 τνα
3689 4729 3815 4782 ποιῶ

2238 4801 2299 4854 τὸ
2323 4801 2536 4876 θέλημα
2557 4806 2618 4859 τὸ
2638 4806 2793 4877 ἐμὸν,
2808 4808 2941 4863 ἀλλὰ
2964 4810 3024 4865 τὸ
3049 4811 3264 4884 θέλημα
3288 4814 3383 4869 τοῦ
3407 4818 3731 4889 πέμψαντός
3751 4837 3814 4892 με

2240 4894 2456 4966 Πατρὸς
2480 4938 2495 4961 ,
2542 4897 2617 4962 ὡς
2647 4900 2709 4953 οὐ
2739 4903 2917 4973 πάντη
2948 4903 3289 4974 ὲφεπομένου
3320 4910 3415 4962 καὶ
3440 4912 3812 4975 συναινοῦντος

2236 4988 2304 5057 τῇ
2358 4988 2604 5063 [ἰατρικῇ
2657 4991 2821 5065 βουλῇ
2869 4995 2967 5048 τοῦ
3008 4994 3312 5068 θελήματος
3351 5000 3447 5054 τοῦ
3483 4999 3653 5056 ’1⁸ίοῦ⁹
3702 5006 3812 5059 ὅθεν

2235 5080 2525 5151 χρησίμως
2550 5083 2627 5147 ὡς
2650 5084 2710 5137 τὸ
2734 5086 2929 5142 ἑαυτοῦ
2956 5092 3200 5162 προτιμᾷ
3222 5091 3438 5163 θέλημα
3462 5096 3557 5148 τοῦ
3584 5097 3807 5169 Πατρὸς,

2235 5170 2409 5240 λέγων
2431 5190 2446 5205 ο
2500 5174 2599 5244 Μὴ
2644 5177 2711 5232 τὸ
2749 5179 2931 5249 ἐμὸν,
2978 5182 3202 5253 Πάτερ,
3253 5185 3515 5255 γενέσθω
3554 5190 3806 5262 θέλημα,

2236 5263 2397 5319 ἀλλὰ
2426 5266 2493 5320 τὸ
2521 5273 2659 5324 σόν.

2242 5377 2357 5432 Τοῦ
2389 5381 2575 5463 αρτ-οῦ
2600 5383 2836 5463 ξΑρείοτί
2856 5386 2949 5463 ἐκ
2988 5387 3095 5463 τῆς
3128 5389 3447 5463 ἑρμηνείας
3476 5387 3555 5463 ἧς
3580 5394 3806 5460 ἐξέθετο

2309 5452 2460 5505 κατὰ
2521 5452 2628 5507 τοῦ
2669 5457 2984 5524 συμϐόλου
3010 5452 3132 5515 τῶν
3152 5452 3223 5514 ’ἐν
3252 5452 3459 5535 Νικαίᾲ
3485 5452 3595 5534 τίη’
3628 5452 3801 5519 Πατέ-

2396 5538 2444 5575 ν.

2396 5538 2444 5575 ν.

2301 5536 2495 5679 ἴμεν
2536 5612 2649 5683 γάρ
2690 5632 2837 5671 ποτε
2886 5618 2988 5673 καὶ
3032 5621 3205 5691 ἡμεῖς
3225 5663 3239 5689 ,
3293 5625 3495 5695 φησὶν,
3523 5626 3794 5693 ἀπειθεῖς,

2241 5703 2558 5772 ποιοῦντες
2605 5707 2677 5762 τὰ
2714 5708 3021 5781 θελήματα
3066 5712 3180 5783 τῆς
3219 5715 3488 5785 σαρκόςο
3532 5719 3679 5791 ἅπερ
3711 5719 3796 5775 καὶ
