4072 6528
284 372 420 440 1181

1454 380 1751 447 CONTRA
1787 383 2386 449 MONOPHYSITAS.

3347 366 3350 370 ’
3398 394 3544 486 1182

280 492 342 545 ιν
384 489 559 563 ἑτέρῳ
600 488 751 562 τόπῳ
786 493 1207 566 καταμέμφεται
1231 494 1435 566 λέγων’
1475 496 1548 551 Τὸ
1576 497 1686 567 γὰρ
1711 498 1855 567 φρό-

1984 505 2175 567 uperat
2202 498 2434 554 dicens:
2467 498 2727 571 Cogitatio
2768 503 2910 557 enim
2964 504 3139 558 carnis
3167 521 3327 575 mors,
3365 515 3417 560 et
3446 525 3540 563 υο-

280 600 444 652 νημα
477 583 591 652 τῆς
628 586 852 652 σαρκὸς
879 585 1156 654 θάνατος,
1190 587 1289 643 καὶ
1315 588 1640 659 τύλθέλημα
1668 587 1859 658 αὐτῆς

282 675 446 743 νόμῳ
476 675 625 731 Θεοῦ
668 679 782 747 οὐχ
806 678 1216 734 ὑποτάσσεται
1235 696 1250 713 ο
1279 682 1420 737 οὔτε
1445 682 1555 752 γὰρ
1586 682 1856 747 δύναται,

285 768 471 837 ἔχθρα
514 769 590 823 ὃν
629 771 717 837 είς
758 773 926 825 Θεόν.
974 770 1063 835 Ὧς
1102 767 1199 827 οὖν
1260 772 1460 846 σαρκός
1501 772 1602 828 καὶ
1630 772 1859 841 αἵματος

286 863 624 931 κοινωνήσας
651 863 680 914 ό
703 862 932 930 Ἰησοῦς,
964 862 1062 917 καὶ⁸
1089 863 1404 935 σπέρματος
1434 866 1529 918 καὶ
1553 863 1860 933 θελήματος

298 951 550 1021 Ἀϐραὰμ
581 952 977 1023 ἐπιλαϐόμενος
998 994 1015 1019 ,
1068 960 1421 1027 παραιτεῖται
1446 956 1511 1009 τὸ
1535 957 1737 1010 οἰκεῖον
1767 955 1859 1008 θέ-

285 1040 457 1110 λημα,
488 1040 662 1110 λέγων
682 1059 697 1073 ·
732 1044 909 1112 Πλὴν
935 1044 1022 1113 μὴ
1049 1047 1119 1100 τὸ
1146 1047 1293 1115 ἐμὸν
1318 1045 1547 1116 θέλημα
1572 1046 1859 1116 γενέσθω.

285 1160 359 1172 -
380 1130 489 1185 Καὶ
517 1134 648 1201 μεθ’
677 1133 870 1204 ἔτερα.
906 1135 1056 1191 Μίαν
1080 1136 1261 1190 τοίνυν
1292 1137 1424 1192 Υἱοῦ
1447 1138 1674 1207 κτιστὴν
1700 1137 1859 1206 φύσιν

286 1223 345 1274 at
392 1222 532 1276 θεῖαι
581 1226 731 1294 ἡμᾶς
774 1226 1163 1281 ἑκπαιδεύουσι
1204 1228 1459 1298 Γραφαὶ,
1515 1229 1639 1283 καθ’
1678 1227 1716 1281 ἃ
1766 1227 1862 1281 καὶ

289 1314 580 1458 ξνέαὺταῐς
624 1316 687 1371 τδ
730 1315 944 1390 θέλημα
982 1318 1351 1390 ἐπιστάμεθα,
1387 1318 1577 1393 ὥσπερ
1622 1320 1720 1374 καὶ
1762 1319 1862 1392 τὴν

315 1410 349 1457 ν
383 1421 596 1458 ογειαν.

315 1410 596 1477 νέργειαν.

301 1516 531 1572 Ἀετίου
574 1519 769 1573 αἰτίου
811 1520 1015 1593 πάσης
1048 1522 1347 1590 Ἀρειανῆς
1378 1520 1674 1593 θεομάχου
1703 1521 1862 1592 αἱρέ-

626 1604 780 1655 σεως
811 1590 879 1645 ὲκ
909 1591 1015 1645 τοῦ
1043 1593 1175 1660 περὶ
1196 1594 1327 1647 Υίοῦ
1352 1590 1560 1663 λόγου.

363 1677 573 1732 Οὔκουν
628 1679 843 1752 διθελὴς
878 1683 907 1735 ό
933 1682 1033 1753 τῆς
1059 1682 1280 1755 Μαρίας
1302 1683 1431 1747 Υἱὸς
1448 1724 1464 1746 ,
1503 1682 1591 1737 ἵνα
1621 1681 1697 1753 μὴ
1723 1680 1865 1736 κατὰ

289 1771 420 1833 τοὺς
475 1772 794 1841 Μανιχαίων
841 1774 1042 1840 νόμους
1094 1774 1346 1845 σαρκικῷ
1399 1774 1665 1846 θελήματι
1713 1774 1866 1828 ἀντι-

296 1866 661 1937 στρατεύηται
689 1867 751 1921 τδ
776 1866 989 1938 θέλημα
1019 1867 1111 1921 τοῦ
1137 1866 1296 1922 Θεοῦ.

576 1979 687 2034 Τοῦ
715 1980 924 2046 αὐτοῦ,
959 1980 1029 2035 ἐκ
1057 1980 1162 2035 τοῦ
1187 1977 1376 2033 αὐτοῦ
1398 1978 1605 2048 λόγου.

365 2088 539 2154 Αὐτὸς
567 2091 676 2161 γὰρ
704 2092 883 2164 ἑαυτῷ
906 2091 1205 2163 ὲρμηνεύει
1227 2092 1258 2144 ό
1278 2090 1405 2155 Υἱὸς
1426 2091 1526 2161 τὴν
1546 2091 1644 2159 τῆς
1665 2089 1873 2152 οἰκείας

298 2178 515 2249 φύσεως
544 2182 844 2236 ὑπόστασιν
872 2184 967 2235 καὶ
992 2181 1388 2252 ἀνομοιότητα,
1435 2180 1872 2251 παραιτούμενος

294 2270 395 2343 τὴν
420 2272 618 2343 πρᾶξιν
647 2273 738 2326 τοῦ
764 2272 967 2327 οἰκείου
1008 2272 1332 2345 θελήματος.
1363 2272 1426 2325 Et
1453 2266 1548 2324 οὖν
1576 2272 1637 2324 τὸ
1663 2271 1875 2342 θέλημα

297 2365 684 2435 παραιτητέον,
714 2364 924 2437 τρεπτὴ
954 2364 1171 2428 πάντως
1200 2366 1297 2416 καὶ
1322 2365 1357 2434 ἡ
1382 2362 1543 2433 φύσις
1563 2380 1578 2395 ⁶
1610 2362 1731 2417 ὅθεν
1753 2362 1872 2416 οὐδὲ

296 2454 518 2519 ἀπαξιοῖ
556 2456 585 2508 ὀ
626 2456 753 2519 Υἱὸς
796 2455 928 2509 Θεὸν
960 2453 1157 2508 ἑαυτοῦ
1196 2454 1290 2507 καὶ
1321 2455 1553 2525 ποιητὴν
1587 2454 1874 2525 ὁμολογεῖν

297 2543 390 2595 τὸν
414 2544 628 2615 Πατέρα
642 2560 656 2574 ⁸
689 2545 847 2614 μόνον
868 2543 977 2615 γὰρ
995 2543 1200 2611 ἀγαθὸν
1216 2543 1278 2597 τὸ
1298 2543 1510 2614 θέλημα
1523 2542 1617 2596 τοῦ
1636 2542 1871 2614 Πατρός

296 2633 547 2706 διάφοροι
583 2634 714 2702 γοῦν
762 2635 818 2687 αἱ
860 2634 1052 2703 φύσεις
1091 2633 1223 2687 Υἱοῦ
1254 2635 1349 2687 καὶ
1376 2634 1614 2706 Πατρὸς,
1650 2635 1748 2687 καὶ
1779 2634 1873 2688 δύο

299 2726 531 2797 ἀνόμοια
558 2726 738 2781 αὐτῶν
765 2728 834 2781 τὰ
867 2727 1171 2799 θελήματα.

298 2842 600 2911 Εὐνομίου
652 2841 1080 2911 πρωτοστᾴτου
1137 2840 1248 2911 τῆς
1287 2840 1508 2911 Ἀρείου
1543 2837 1874 2911 θυμελ-ικῆς

373 2908 714 3048 ἐξέήσᾶραᾷ
763 2913 831 2966 ἐκ
884 2910 993 2981 τῆς
1040 2912 1173 2980 περὶ
1196 2908 1364 2966 ’Υίοῦ
1414 2908 1629 2979 τρίτου
1663 2908 1875 2979 λόγου,

373 3073 758 3140 Καταϐέόηκα
795 3072 928 3145 γὰρ.
965 3074 1153 3144 φησιν,
1196 3073 1266 3127 ἐκ
1299 3072 1409 3126 τοῦ
1436 3068 1721 3139 οὐρανοῦ,
1761 3069 1877 3138 οὐχ

1966 590 2146 645 tanta:
2192 592 2305 663 ejus
2353 592 2455 664 tegi
2477 592 2575 648 Dei
2624 610 2728 648 non
2774 603 2848 649 est
2874 595 3151 665 subjecta;
3181 605 3352 667 neque
3398 600 3538 653 enim

1964 689 2153 752 potest,
2184 699 2302 737 cum
2337 682 2444 738 Deo
2467 686 2535 739 sit
2572 686 2789 739 inimica
2817 687 2858 739 ³.
2889 685 3047 741 Sicut
3079 687 3229 742 enim
3257 687 3451 742 carnis
3481 696 3539 744 et

1963 774 2247 845 sanguinis
2271 774 2451 831 factus
2477 778 2756 847 particeps
2782 778 2961 842 Iesus,
2992 792 3209 833 necnon
3265 793 3456 833 semen
3482 786 3539 833 et

1964 863 2304 920 voluntatem
2332 865 2627 921 Ahrahami
2668 868 2991 938 assumpsit,
3024 868 3310 937 propriam
3341 868 3541 937 depre-

1966 964 2125 1011 catur
2158 957 2497 1013 voluntatem
2518 959 2751 1014 dicens:
2792 959 3164 1014 Verumtamen
3201 975 3266 1012 ne
3317 958 3416 1027 fiat
3445 974 3539 1012 υο-

1968 1043 2148 1101 luntas
2196 1063 2337 1101 mea.
2370 1075 2441 1087 —
2483 1047 2552 1102 Et
2604 1056 2719 1118 post
2772 1048 2884 1103 alia
2922 1065 2940 1103 :
2973 1048 3149 1103 Unam
3199 1048 3366 1118 igitur
3415 1046 3538 1102 Filii

1968 1144 2209 1192 creatam
2251 1146 2506 1192 naturam
2551 1138 2753 1194 divinae
2798 1152 2904 1191 nos
2953 1137 3189 1192 edocent
3220 1136 3540 1205 Scriptum,

1962 1227 2120 1297 juxta
2150 1243 2273 1298 qua:
2297 1236 2355 1283 ct
2379 1228 2436 1284 in
2464 1228 2600 1299 ipsis
2628 1227 2972 1283 voluntatem
3013 1226 3270 1283 novimus
3310 1225 3455 1281 sicut
3485 1231 3544 1277 et

1967 1316 2373 1375 cmcacitatem.

2038 1512 2177 1567 Aetii
2213 1514 2441 1568 auctoris
2468 1516 2640 1567 omnis
2676 1514 2893 1569 Arianae
2929 1512 3181 1568 adversus
3208 1511 3545 1566 divinitatem

1969 1584 2245 1644 lawreseos.
2279 1600 2341 1637 ex
2368 1586 2610 1638 oratione
2633 1584 2695 1637 de
2730 1583 2885 1638 Filio.

2039 1674 2161 1729 Non
2195 1674 2363 1745 igitur
2394 1673 2631 1743 duplicis
2662 1673 2963 1729 voluntatis
3003 1682 3090 1729 est
3120 1671 3305 1727 Maria:
3345 1668 3542 1729 Filius.

1976 1780 2047 1821 ne
2072 1766 2378 1822 secundum
2407 1766 2831 1820 Manichaeorum
2869 1766 3020 1836 leges
3043 1774 3236 1821 contra
3269 1763 3545 1819 carnalem

1898 1853 1944 1910 Β
1972 1858 2309 1914 voluntatem
2329 1857 2645 1913 obluctetur
2673 1856 2773 1913 Dei
2801 1857 3083 1912 voluntas.

2322 1969 2601 2040 Ejusdem,
2633 1986 2699 2025 ea:
2718 1970 2901 2025 eadem
2933 1970 3190 2024 oratione.

2046 2084 2168 2155 Ipse
2195 2082 2345 2140 enim
2393 2082 2729 2154 sibimetipsi
2780 2082 3178 2150 interpretatur
3206 2078 3379 2133 Filius
3413 2092 3545 2147 pro-

1970 2180 2106 2253 pria:
2147 2187 2359 2233 natura:
2401 2176 2719 2248 hypostasin
2758 2184 2816 2229 et
2857 2170 3386 2234 dissimilitudinem,
3417 2183 3545 2223 cum

1974 2273 2302 2342 deprecatur
2355 2269 2599 2340 propria:
2647 2265 2953 2323 voluntatis
3007 2261 3440 2320 exsecutionem.
3486 2258 3545 2315 Si

1974 2364 2142 2436 igitur
2191 2361 2543 2432 deprecanda
2589 2366 2675 2415 est
2706 2360 2985 2423 voluntas,
3032 2354 3289 2410 ﬂexibilis
3320 2351 3549 2407 omnino

1973 2464 2031 2512 et
2054 2463 2271 2509 natura.
2302 2453 2461 2510 Unde
2518 2451 2694 2507 Filius
2736 2450 2909 2505 Deum
2958 2462 3121 2503 suum
3163 2452 3220 2501 et
3264 2452 3548 2499 auctorem

1975 2545 2228 2604 conﬁteri
2279 2543 2501 2599 Patrem
2530 2558 2642 2597 non
2699 2548 2947 2596 veretur.
2978 2538 3167 2593 Solum
3210 2535 3359 2591 enim
3404 2533 3552 2588 bona

1975 2639 2234 2694 voluntas
2266 2636 2467 2693 Patris.
2509 2633 2842 2690 Ditl‘erentes
2890 2631 3056 2702 igitur
3088 2637 3297 2683 naturae
3338 2625 3461 2681 Filii
3494 2633 3553 2680 et

1978 2731 2175 2797 Patris,
2211 2741 2265 2787 et
2294 2730 2403 2785 duo
2440 2727 2741 2783 dissimiles
2777 2742 2970 2782 eorum
3004 2724 3339 2777 voluntates.

1978 2845 2230 2901 Eunomii
2284 2843 2543 2916 praesidis.
2589 2838 2954 2916 Ariijceneci
3014 2836 3240 2916 theatri,
3277 2849 3340 2886 ea:
3396 2830 3555 2885 tertia

2360 2915 2597 2968 oratione
2625 2912 2687 2964 de
2708 2909 2865 2974 Filio,
2899 2924 3020 2977 cap.
3059 2906 3146 2960 19.

2053 3070 2492 3134 Descendienim,
2519 3069 2617 3133 ait,
2640 3084 2667 3122 e
2690 3065 2840 3131 corio,
2864 3081 2969 3119 non
2996 3072 3055 3116 ut
3083 3062 3278 3132 faciam
3311 3055 3558 3112 volunta-

300 3164 405 3219 ἵνα
447 3164 596 3219 ποιῶ
641 3166 709 3219 τὸ
754 3167 985 3236 θέλημα
1032 3167 1100 3221 τὸ
1140 3167 1317 3236 ἐμὸν,
1366 3164 1529 3220 ἀλλὰ
1556 3163 1623 3217 τὸ
1649 3163 1878 3231 θέλημα

1982 3174 2084 3219 tem
2116 3180 2308 3228 meam,
2353 3161 2445 3215 sed
2486 3158 2813 3214 voluntatem
2843 3156 3023 3210 Patris
3056 3152 3099 3206 ⁵.
3137 3152 3280 3206 Ecce
3314 3148 3557 3203 Verbum

302 3257 413 3310 τοῦ
462 3260 710 3325 Πατρός.
746 3259 892 3329 Ὅρα
938 3259 1031 3312 τὸν
1073 3256 1409 3311 κατελθόντα
1459 3254 1667 3308 ἄνωθεν
1708 3253 1879 3320 Λόγον

1982 3256 2123 3312 cmlo
2148 3253 2490 3310 descendens
2528 3258 2693 3320 atque
2730 3246 3056 3303 renuntians
3099 3241 3337 3313 propria:
3366 3237 3561 3293 volun-

304 3346 619 3417 ἅκυροῦντα
675 3343 739 3401 τὸ
796 3349 927 3402 ῑδιον
1000 3348 1217 3419 θέλημα
1266 3347 1341 3409 ὡς
1416 3346 1490 3417 μὴ
1556 3342 1879 3415 συμφωνοῦν

1984 3347 2104 3411 tati,
2134 3355 2195 3400 ut
2226 3360 2349 3415 qua:
2382 3344 2643 3399 increatm
2667 3339 2848 3396 Patris
2878 3334 3153 3392 voluntati
3183 3330 3329 3386 haud
3359 3343 3563 3385 conve-

304 3436 386 3507 τῷ
432 3438 670 3509 ἁκτίστῳ
714 3440 983 3513 θελήματι
1026 3440 1123 3495 τοῦ
1171 3438 1410 3510 Πατρδς,
1448 3437 1537 3491 διὰ
1565 3436 1627 3489 τὸ
1655 3434 1883 3505 κτιστὴν

306 3527 455 3674 ἒχειν
482 3534 574 3584 τὸν
601 3531 772 3601 Λόγον
800 3534 1055 3605 καθάπερ
1113 3532 1213 3602 τὴν
1263 3529 1449 3603 φύσιν,
1479 3528 1625 3583 οὕτω
1678 3527 1775 3582 καὶ
1822 3526 1884 3581 τὸ

343 3621 542 3674 έλτιαα.

343 3621 439 3692 έλη
446 3640 542 3692 μα.

315 3730 428 3786 Τοῦ
456 3731 629 3801 ἁγίου
659 3732 998 3786 Εὐσταθὶου
1026 3732 1364 3787 ἐπισκόπου
1399 3732 1756 3801 ἈντιοχεΙας
1785 3729 1880 3783 καὶ

377 3801 682 3883 μάρτυρος
702 3802 1021 3883 ara-month
1056 3802 1166 3855 τοῦ
1194 3804 1433 3883 Κέλσου
1467 3805 1537 3857 ἐκ
1562 3803 1671 3857 τοῦ
1698 3804 1884 3871 λόγου

382 3872 489 3926 τοῦ
522 3872 673 3925 κατὰ
702 3872 990 3940 Ἰωάννην
1018 3888 1145 3942 κεφ.
1173 3872 1288 3938 κς’.

392 3982 720 4037 ’Υποτάττει
776 3984 872 4039 καὶ
921 3985 1121 4055 μᾶλλον
1171 3986 1333 4055 κυροῖ
1385 3983 1530 4055 ὑπὲρ
1578 3983 1640 4036 τὸ
1686 3981 1884 4037 ἑαυτοῦ

310 4074 342 4127 ὁ
359 4074 596 4145 Χριστός
622 4074 687 4127 τδ
711 4074 804 4129 τοῦ
827 4074 1043 4147 Πατρός
1069 4075 1283 4147 θέλημα
1306 4077 1365 4129 ὲν
1380 4074 1661 4146 διαφόροις
1674 4074 1884 4138 τόποις,

310 4167 413 4237 οὐχ
457 4167 540 4219 ὃτι
584 4165 804 4238 θέλημα
840 4163 909 4238 ἦν
955 4170 1017 4222 ὲν
1046 4168 1196 4239 αὐτῷ
1226 4168 1484 4239 δεόμενον
1514 4166 1886 4231 καταλύσεως,

310 4257 440 4312 οὔτε
475 4258 690 4326 eam,
725 4257 851 4312 οὔτε
888 4258 998 4331 μὴν
1030 4259 1091 4313 τὸ
1118 4262 1220 4333 τῆς
1261 4259 1426 4314 αὑτοῦ
1478 4259 1890 4330 ἀνθρωπήσεως

316 4348 596 4421 (καθάπερ
628 4348 695 4403 ἂν
724 4350 834 4420 γὰρ
853 4351 953 4420 τὴν
985 4349 1148 4419 φύσιν
1181 4351 1278 4404 καὶ
1307 4351 1377 4405 τὰ
1405 4350 1508 4420 τῆς
1535 4350 1751 4420 φύσεως
1779 4350 1890 4404 ἀπ-

315 4440 638 4511 ειργάσατο)
662 4456 678 4472 ⁸
716 4440 853 4494 ἀλλὰ
881 4441 1022 4513 πρὸς
1057 4441 1344 4506 Ἰουδαίους
1373 4440 1554 4496 λαλῶν
1582 4441 1709 4504 τοὺς
1731 4439 1890 4512 νομί-

1982 3439 2119 3504 niat,
2166 3444 2457 3507 propterea
2510 3432 2659 3504 quod
2707 3430 2946 3487 Verbum
2973 3433 3037 3482 ut
3074 3433 3359 3488 naturam,
3393 3420 3477 3477 sic
3502 3426 3563 3475 et

1982 3527 2322 3583 voluntatem
2348 3523 2549 3578 habeat
2574 3528 2839 3577 creatam.

2055 3739 2238 3796 Sancti
2269 3738 2530 3811 Eustathii
2553 3736 2778 3811 episcopi
2798 3733 3106 3811 Antiocheni
3130 3739 3287 3811 atque
3310 3729 3563 3811 martyris

1985 3811 2275 3881 confutatio
2334 3808 2468 3865 Celsi
2494 3799 3017 3862 ex'Commentario
3083 3805 3137 3857 in
3200 3799 3565 3870 'Evangelium

1983 3881 2207 3937 Joannis
2241 3896 2363 3950 cap.
2395 3895 2542 3933 xxvr.

2057 3992 2118 4047 ln
2159 3991 2394 4048 diversis
2428 3991 2730 4061 Scriptura:
2774 3987 2915 4044 locis
2960 3985 3223 4041 Christus
3264 3981 3564 4047 submittit,

1984 4084 2072 4138 vel
2098 4082 2282 4152 potius
2309 4081 2489 4137 Patris
2511 4076 2784 4135 voluntati
2835 4074 3254 4131 subordinatam
3277 4087 3402 4127 esse
3431 4071 3569 4139 dicit

1986 4189 2141 4229 suam
2170 4173 2541 4238 voluntatem,
2575 4186 2684 4226 non
2719 4168 2869 4240 quod
2899 4167 3157 4222 voluntas
3183 4164 3239 4218 in
3276 4163 3401 4233 ipso
3423 4169 3570 4219 esset

1988 4265 2278 4330 abolenda,
2310 4273 2405 4319 aut
2427 4279 2539 4319 non
2564 4263 2819 4317 humanae
2847 4273 3159 4331 congruens
3181 4267 3397 4312 naturae
3425 4259 3572 4326 (age-

1989 4356 2083 4412 bat
2127 4356 2276 4412 enim
2332 4364 2542 4411 natura:
2592 4369 2707 4411 sum
2758 4350 3205 4419 convenienter),
3259 4347 3356 4403 sed
3404 4347 3569 4401 verba

1992 4447 2198 4503 iaciens
2221 4446 2288 4502 ad
2312 4446 2532 4503 Judaaos
2554 4444 2649 4515 qui
2687 4459 2814 4499 eum
2848 4442 2945 4498 Dei
2976 4440 3157 4497 Patris
3190 4437 3571 4495 adversarium

318 4531 510 4596 ζοντας
531 4531 693 4585 αὐτὸν
718 4532 964 4586 ἀντίθεον
991 4532 1086 4586 τοῦ
1114 4533 1328 4605 Πατρδς
1348 4528 1509 4596 εἶναι,
1529 4530 1879 4605 οἰκονομικῶς

1994 4534 2284 4601 haberent,
2312 4550 2381 4590 ex
2405 4532 2816 4603 dispensatione
2844 4530 2984 4586 dixit
3008 4548 3021 4585 :
3055 4528 3173 4583 Non
3199 4543 3378 4598 quwro
3400 4540 3573 4579 meam

316 4620 492 4676 ταῦτα
539 4622 747 4690 ἔφασκε
788 4623 995 4694 λέγων,
1055 4626 1139 4680 ὅτι
1188 4628 1269 4681 Οὐ
1298 4622 1446 4693 ζητῶ
1473 4624 1541 4678 τὸ
1567 4622 1798 4694 θέλημα
1826 4623 1893 4680 τὸ

318 4712 488 4784 ἐμὸν,
518 4714 680 4768 ἀλλὰ
705 4714 770 4769 τὸ
794 4714 1026 4785 θέλημα
1048 4715 1155 4770 τοῦ
1180 4715 1533 4785 πέμψαντός
1544 4732 1621 4784 με
1638 4714 1891 4783 Πατρός.

332 4826 758 4896 ’Λιτολιναριου
782 4826 888 4881 τοῦ
904 4826 1248 4893 δυσσεϐοῦς
1265 4826 1332 4881 ἐκ
1348 4825 1457 4881 τοῦ
1473 4826 1610 4896 περὶ
1624 4826 1897 4894 ἐνώσεως

869 4898 1056 4966 λόγου
1089 4896 1344 4965 πρώτου.

406 4987 562 5039 Ἐπεὶ
588 4986 697 5058 γὰρ
726 4987 925 5059 ἄριστα
956 4988 1167 5051 Παῦλος
1194 4988 1314 5059 βοᾷ,
1331 4986 1429 5044 Ἐν
1456 4987 1539 5055 τῷ
1566 4987 1901 5057 παντοκρά-

323 5094 451 5145 τορι
500 5077 622 5142 Θεῷ
670 5078 770 5131 καὶ
810 5078 981 5147 μόνῳ
1037 5076 1223 5149 ζῶμεν
1273 5080 1373 5135 καί
1423 5081 1745 5149 κινούμεθα
1801 5077 1901 5132 καὶ

324 5169 550 5239 ἐσμὲν,
601 5172 764 5244 ἤρκει
815 5172 910 5225 καὶ
954 5171 1116 5242 μόνον
1154 5172 1216 5227 τὸ
1246 5173 1421 5227 αὐτοῦ
1446 5173 1657 5243 θέλημα
1688 5172 1777 5225 διὰ
1802 5171 1898 5225 τοῦ

327 5264 387 5315 ὲν
436 5265 504 5334 τῇ
559 5264 726 5334 σαρκὶ
776 5263 1164 5336 σκηνώσαντος
1207 5265 1385 5334 Λόγου
1422 5265 1557 5336 πρὸς
1592 5264 1653 5318 τὸ
1694 5264 1902 5334 ταύτην

330 5355 614 5421 ζωοποιεῖν
659 5357 754 5411 καὶ
798 5359 966 5413 κινεῖν
986 5397 1002 5423 ,
1051 5357 1476 5430 ἀναπληρούσης
1509 5358 1607 5428 τῆς
1634 5357 1785 5420 θείας
1809 5357 1901 5410 ὲν·

331 5448 552 5517 εργείας
592 5450 683 5503 τὸν
719 5453 819 5522 τῆς
856 5449 1036 5521 ψυχῆς
1080 5450 1247 5505 τόπον
1295 5451 1390 5504 καὶ
1432 5451 1526 5503 τοῦ
1557 5448 1899 5520 ἀνθρωπίνου

332 5535 452 5599 νοός
475 5551 490 5564 °
542 5536 664 5590 ὅθεν
706 5539 803 5592 καὶ
844 5540 1118 5610 σκήνωσιν
1145 5541 1175 5594 ό
1208 5539 1460 5610 Ἰωάννης
1490 5539 1589 5609 τὴν
1612 5538 1906 5609 ἐπιδημίαν

337 5624 504 5679 αὐτοῦ
553 5628 654 5699 τὴν
704 5626 764 5694 ἐξ
807 5627 1052 5701 οὐρανῶν
1095 5627 1379 5701 ὀνομάζει.
1428 5627 1613 5683 Εἰπὼν
1646 5628 1773 5701 γὰρ,
1823 5626 1905 5680 ὃτι

415 5780 435 5811 ³
460 5780 884 5849 Rom.vm,6,7.
961 5783 982 5815 ⁵
1014 5782 1173 5839 Joan.
1210 5800 1285 5847 vr,
1315 5782 1404 5836 38.
1480 5785 1501 5817 ⁸
1534 5784 1690 5839 Joan.
1716 5799 1769 5845 ν,
1797 5780 1885 5836 50.
1965 5781 1985 5813 ⁸
2010 5778 2132 5835 Act.
2166 5794 2293 5841 xvu,
2325 5777 2415 5833 58.

1998 4627 2346 4699 voluntatem.
2380 4626 2472 4681 sed
2497 4626 2676 4681 Patris
2707 4625 2796 4695 qui
2827 4640 2908 4678 me
2939 4622 3081 4675 misit
3105 4624 3147 4674 ⁵.

2152 4821 2238 4878 Ea;
2263 4821 2414 4891 impii
2446 4818 2749 4889 Apolinarii
2775 4817 2943 4879 primo
2973 4813 3106 4867 libro
3128 4811 3191 4864 de
3219 4811 3434 4863 unione.

2071 4978 2208 5036 Cum
2256 4978 2459 5034 Paulus
2509 4976 2715 5047 optime
2756 4974 2904 5029 dicat
2947 4990 2960 5026 :
2999 4972 3064 5027 In
3114 4971 3474 5041 omnipotente
3514 4985 3578 5022 ac

2001 5071 2113 5128 solo
2140 5070 2246 5125 Deo
2273 5071 2512 5133 vivimus,
2535 5077 2585 5122 et
2611 5083 2897 5129 movemur,
2925 5072 2973 5118 et
2994 5080 3177 5118 sumus
3199 5063 3241 5128 ⁸,
3265 5060 3574 5116 suﬁiciehat

2006 5165 2171 5220 etiam
2198 5165 2312 5220 sola
2336 5164 2458 5234 ejus
2477 5161 2736 5217 voluntas
2756 5158 2824 5213 ad
2849 5172 3092 5220 carnem,
3112 5157 3167 5211 in
3197 5169 3303 5225 qua
3331 5153 3576 5209 Verbum

2006 5257 2324 5321 habitabat,
2368 5252 2751 5309 viviﬁcandam
2804 5260 2859 5306 et
2904 5249 3251 5313 movendam,
3303 5246 3578 5317 siquidem

2008 5348 2193 5404 divina
2215 5347 2457 5403 elIicacia
2496 5345 2694 5401 animae
2736 5343 3050 5412 mentisque
3100 5341 3354 5395 humanas
3392 5339 3577 5393 locum

2008 5436 2312 5492 obtinebat.
2375 5434 2722 5506 Quapropter
2774 5433 2896 5504 ejus
2950 5431 3276 5486 descensum
3331 5443 3363 5483 e
3421 5426 3580 5483 culis

2005 5534 2244 5591 Joannes
2269 5538 2430 5588 vocat
2462 5528 2945 5585 inhabitationem.
2978 5527 3271 5594 Postquam
3302 5522 3452 5580 enim
3489 5519 3579 5574 di—

2013 5623 2143 5679 xit:
2194 5622 2415 5678 Verbum
2462 5636 2586 5677 caro
2635 5619 2835 5691 factum
2870 5626 2949 5673 est
2988 5617 3035 5686 ⁷,
3073 5630 3187 5673 non
3234 5612 3466 5680 addidit,
3522 5619 3582 5665 et

2529 5778 2545 5807 ⁷
2572 5777 2726 5833 Joan.
2766 5774 2923 5837 1,14.
