4072 6522
595 379 732 447 1183

1800 376 1864 439 S.
1904 372 2303 438 ANAS’PASII
2340 374 2468 437 SlN
2478 367 2669 435 AITIE

3694 372 3819 436 118i

581 495 768 550 anima
799 507 815 545 :
850 486 971 545 ﬁeri
1002 486 1149 544 enim
1187 483 1403 557 nequit,
1450 492 1515 541 ut
1541 484 1665 542 duae
1693 493 1908 541 mentes
1940 494 1997 541 et
2029 485 2152 541 duae

2264 486 2327 538 .0
2353 483 2545 553 Λόγος
2572 481 2731 550 σὰρξ
2756 478 3028 550 ἐγένετο,
3062 477 3126 532 οὗ
3154 476 3481 548 προσέθηκε,
3516 478 3629 532 Καὶ

535 581 538 584 ’
578 587 898 641 voluntates
936 579 1102 635 simul
1135 578 1193 633 in
1237 578 1425 647 aliquo
1475 578 1752 643 habitent,
1797 594 1868 634 ne
1921 580 2157 634 alterum

582 682 780 730 contra
810 673 1044 726 alterum
1077 669 1303 738 propria
1347 668 1633 724 voluntate
1677 677 1735 724 et
1780 668 2021 724 eiﬁcacia
2054 684 2160 738 pu-

585 775 737 838 gnet.
770 766 960 833 Itaque
1000 761 1242 817 Verbum
1284 776 1397 815 non
1433 761 1736 831 assumpsit
1779 760 2017 815 animam
2049 761 2159 815 hu-

585 864 828 921 manam,
860 838 1355 909 sed'solummodo
1408 868 1597 909 semen
1645 853 1964 908 Abrahami.
1994 852 2159 907 Tem-

584 951 739 1020 plum
792 948 940 1003 enim
984 945 1235 1015 corporis
1288 945 1419 1001 Jesu
1462 945 1869 1016 praeﬁguratum
1916 944 2024 999 fuit
2061 958 2162 1014 per

584 1042 851 1110 templum
882 1036 1213 1105 Salomonis,
1260 1037 1408 1107 quod
1454 1052 1635 1106 neque
1682 1036 1944 1101 animam,
1977 1049 2160 1104 neque

582 1110 845 1195 mentem,
877 1144 1059 1198 neque
1080 1128 1421 1181 voluntatem
1445 1125 1708 1181 habebat.

653 1225 816 1279 Tales
856 1222 1127 1277 nefandus
1178 1220 1553 1290 Apollinarius
1603 1217 1851 1273 evomuit
1901 1217 2161 1287 blasphe-

584 1316 763 1381 mias,
808 1328 1144 1383 carnemque
1187 1311 1405 1367 Domini
1455 1319 1511 1365 et
1553 1311 1735 1364 anima
1778 1318 1835 1365 et
1876 1310 2162 1365 voluntate

585 1406 832 1461 caruisse
882 1405 1168 1460 asseruit:
1204 1410 1370 1473 atque
1417 1402 1609 1456 eadem
1661 1402 1909 1455 sentiunt
1954 1401 2161 1470 impius

586 1496 897 1551 Eunomius
923 1504 982 1551 et
1014 1494 1110 1565 qui
1145 1510 1270 1550 cum
1312 1509 1379 1548 eo
1422 1493 1493 1548 ab
1538 1493 1656 1547 Arii
1699 1500 1851 1547 stant
1890 1491 2160 1561 partibus,

587 1590 716 1643 novi
745 1590 825 1643 illi
857 1587 1119 1657 sophista:
1148 1586 1265 1656 qui,
1294 1585 1558 1655 inspectis
1584 1584 1911 1639 scurrilibus
1940 1583 2160 1637 illorum

592 1680 754 1734 libris
786 1681 1095 1749 haustaque
1131 1692 1201 1733 ex
1250 1677 1320 1731 iis
1368 1676 1669 1746 voluptate,
1711 1674 2006 1729 adversum
2057 1688 2162 1727 nos

587 1772 871 1826 dimicant.
902 1769 1050 1825 Idem
1075 1784 1241 1838 porro
1266 1766 1641 1837 Apollinarius
1670 1766 1737 1820 ad
1766 1766 1917 1819 illum
1944 1766 2158 1819 locum:

2260 571 2523 626 ἀδύνατον
2562 570 2675 641 γὰρ
2721 569 2815 623 δύο
2858 568 3024 639 νοερὰ
3072 568 3171 621 καὶ
3212 566 3480 638 θελητικά
3516 569 3577 622 ἐν
3605 569 3684 638 τῷ
3716 571 3821 640 ἅμα

2260 663 2539 716 κατοικεῖν
2561 702 2581 729 ,
2631 661 2721 715 ἵνα
2756 660 2831 732 μὴ
2859 660 2921 713 τὸ
2946 659 3138 731 ἓτερον
3166 659 3312 712 κατά
3336 658 3434 712 τοῦ
3463 660 3654 730 ἑτέρου
3684 662 3824 715 ἀντιο

2260 752 2627 824 στρατεύηται
2649 752 2737 805 διὰ
2758 751 2861 822 τῆς
2880 752 3090 815 οἰκείας
3111 750 3385 822 θελήσεως
3408 752 3505 805 καὶ
3528 754 3819 822 ἐνεργείας.

2267 845 2480 899 Οὐκοῦν
2509 844 2572 897 ού
2620 843 2803 915 ψυχῆς
2847 844 3201 915 ἀνθρωπίνης
3245 844 3547 898 ὲπελάὁετο
3577 846 3607 897 ό
3638 846 3821 913 Λόγος,

2256 934 2396 991 ἀλλά
2445 935 2614 1006 μόνου
2673 934 2991 1006 σπέρματος
3020 935 3304 1006 Ἀϐραάμ·
3342 935 3435 988 τὸν
3464 936 3575 1006 γὰρ
3601 935 3699 989 τοῦ
3725 937 3824 989 σώ-

2263 1044 2434 1098 ματος
2466 1027 2646 1097 Ἰησοῦ
2674 1025 2801 1080 ναὸν
2834 1026 3236 1099 προδιεγραψεν
3263 1028 3293 1080 ό
3317 1026 3526 1097 ἄψυχος
3554 1030 3652 1080 καὶ
3677 1028 3827 1091 ἄνους

2261 1121 2353 1173 καί
2384 1119 2585 1191 ἀθελὴς
2611 1118 3091 1190 τοῦσΣολομῶντος
3117 1119 3267 1183 ναός.

2332 1206 2520 1260 Ταῦτα
2574 1206 2669 1259 τοῦ
2726 1204 3057 1273 θεοστυγοῦς
3105 1205 3487 1275 ’Δπολιναρίου
3543 1205 3827 1276 δυσφημή-

2264 1316 2478 1362 σαντος,
2508 1298 2606 1352 καὶ
2632 1298 2836 1367 ἄψυχον
2862 1298 2957 1351 καὶ
2982 1297 3151 1367 ἀθελῆ
3178 1298 3282 1369 τὴν
3304 1296 3400 1351 τοῦ
3429 1297 3640 1368 Κυρίου
3660 1298 3827 1367 σάρκα

2262 1386 2546 1454 λέγοντος’
2607 1385 2731 1439 καθ’
2759 1384 2795 1439 ἀ
2828 1386 2924 1438 καὶ
2953 1386 3218 1455 Εὐνόμιος
3245 1386 3275 1438 ὁ
3298 1386 3502 1456 ἄνομος
3532 1387 3628 1438 καὶ
3656 1386 3708 1437 oi
3738 1388 3827 1438 σὺν

2266 1474 2416 1545 αύτῷ
2455 1475 2881 1546 Ἀρειανίζοντες
2914 1475 3197 1544 φαίνονται
3235 1478 3283 1530 οἱ
3317 1476 3432 1529 νέοι
3469 1478 3724 1544 σοφισταὶ
3754 1477 3827 1529 ὅτι

2262 1566 2382 1628 ταῖς
2408 1566 2613 1618 τούτων
2643 1565 2967 1636 θυμελικαίς
2994 1565 3329 1633 ἐγκύψαντες
3358 1566 3588 1636 βίϐλοις,
3616 1570 3711 1619 καὶ
3736 1566 3830 1620 ὧσ-

2265 1673 2372 1727 περ
2404 1656 2729 1726 ἀρεσθέντες
2765 1657 2862 1711 καὶ
2892 1674 3033 1710 κατα
3049 1657 3372 1728 τερφθέντες
3401 1658 3463 1723 ἐξ
3486 1659 3669 1712 αὐτῶν
3709 1662 3829 1729 ἡμῖν

2265 1750 2727 1821 παρατάττονται.
2745 1749 2909 1818 Λέγει
2927 1750 3037 1821 γὰρ
3054 1751 3219 1805 πάλιν
3232 1753 3262 1805 ὁ
3286 1750 3447 1813 αὐτὸς
3462 1750 3829 1823 ’Δπολινάριος

587 1861 789 1925 Pater,
836 1867 1076 1915 transeat
1117 1875 1149 1912 a
1198 1874 1282 1912 me
1324 1856 1466 1911 calix
1494 1857 1627 1921 iste;
1659 1865 2022 1909 verumtamen
2053 1871 2154 1908 non

2263 1843 2345 1904 είς
2369 1840 2452 1907 τὺ,
2485 1840 2677 1910 Πάτερ
2699 1882 2714 1907 ,
2739 1843 3084 1910 παρελθέτω
3113 1842 3214 1897 ἀπ’
3250 1843 3399 1912 ἐμοῦ
3429 1842 3498 1896 τὸ
3548 1846 3830 1911 ποτήριον

587 1968 703 2005 mea
724 1950 843 2018 ﬁat,
872 1950 964 2004 sed
994 1959 1087 2003 tua
1116 1948 1363 2002 uoluntas
1398 1950 1444 2007 ⁸,
1465 1947 1546 2002 sic
1573 1947 1710 2002 dicit
1737 1964 1750 2000 :
1792 1966 1810 1998 ι
1845 1946 1902 2001 Si
1941 1947 2157 2009 eadem,

584 2054 691 2110 qua
727 2039 908 2102 Pater,
943 2038 1187 2107 potentia
1219 2044 1276 2091 et
1308 2044 1553 2107 paterna:
1580 2035 1836 2091 essentize
1883 2034 2162 2105 particeps

542 2134 553 2149 ‘
583 2138 704 2186 erat
735 2130 831 2201 qui
863 2129 931 2185 ad
966 2129 1279 2200 passionem
1323 2137 1381 2183 et
1414 2144 1636 2183 crucem
1672 2127 1988 2190 accedebat,
2022 2142 2161 2196 quo-

583 2222 772 2284 modo,
817 2221 874 2275 in
919 2235 1093 2291 agone
1134 2219 1491 2281 constitutus,
1541 2219 1734 2273 orabat
1785 2226 1844 2272 ut
1877 2218 2016 2272 calix
2056 2216 2160 2272 iste

585 2311 867 2376 transiret,
888 2319 944 2366 et
969 2320 1031 2366 ut
1058 2325 1170 2365 non
1198 2324 1320 2375 sua,
1347 2309 1444 2364 sed
1476 2309 1655 2363 Patris
1685 2307 1940 2363 voluntas
1965 2306 2161 2362 ﬁeret?

582 2404 725 2468 Quid
757 2403 923 2458 etiam
958 2417 1098 2474 Opus
1141 2410 1261 2456 erat
1302 2400 1457 2471 loqui
1503 2400 1572 2456 de
1618 2401 1832 2456 orantis
1851 2400 2156 2463 voluntate,

584 2496 693 2550 nisi
722 2512 827 2566 qua
849 2496 917 2550 ab
944 2496 1056 2550 Deo
1087 2495 1421 2549 abhorrebat
1455 2494 1620 2566 eique
1651 2493 1927 2548 contraria
1956 2490 2099 2547 fuit?
2130 2510 2149 2544 ι

651 2674 733 2728 Ad
778 2673 876 2728 has
939 2672 1137 2744 impias
1191 2672 1517 2743 Apollinarii
1569 2687 1743 2743 nugas
1795 2672 2159 2731 confutandas

582 2762 882 2834 Gregorius
904 2764 1185 2835 Nyssenus
1219 2765 1272 2819 in
1302 2765 1462 2820 libris
1487 2775 1679 2820 contra
1713 2765 1866 2820 illum
1911 2763 2159 2819 conscri-

584 2856 717 2925 ptis,
751 2856 857 2910 hoc
886 2856 1197 2926 syllogismo
1224 2856 1441 2911 utitur:
1474 2875 1493 2908 ι
1525 2856 1581 2912 Si
1616 2857 1679 2911 iit
1717 2857 1970 2912 voluntas
1992 2873 2157 2911 oran-

584 2948 678 3011 tis,
730 2947 783 3001 id
831 2956 916 3002 est
943 2948 1182 3003 hominis
1223 2948 1317 3017 qui
1353 2948 1407 3002 in
1460 2948 1754 3003 Servatore
1807 2948 2155 3020 intelligitur,

584 3049 813 3109 apparet
841 3040 1116 3109 prepriam
1161 3041 1419 3096 habuisse
1450 3041 1790 3096 voluntatem
1820 3042 1917 3112 qui
1952 3058 2153 3096 secun-

581 3131 715 3187 dum
786 3131 1254 3201 dispensationem
1317 3133 1646 3203 deprecatus
1713 3141 1799 3188 est
1860 3144 2151 3190 mortem:

582 3232 777 3280 contra
800 3223 846 3278 si
872 3239 981 3278 non
1013 3223 1073 3277 ﬁt
1097 3225 1217 3294 ejus
1242 3224 1518 3288 voluntas,
1548 3225 1633 3279 vel
1656 3225 1736 3280 sic
1757 3227 2012 3281 voluntas
2032 3228 2154 3298 ejus

585 3314 726 3367 facta
773 3322 879 3367 est.
928 3313 1043 3368 Hoc
1074 3314 1221 3368 enim
1254 3314 1491 3380 volebat,
1540 3324 1602 3370 ut
1649 3332 1721 3371 ne
1769 3316 1928 3372 ﬁeret
1980 3317 2154 3388 ipsius

581 3404 857 3458 voluntas.
889 3403 1055 3474 Ergo,
1089 3412 1145 3459 et
1170 3404 1427 3459 exaudita
1453 3406 1705 3461 oratione
1742 3416 1798 3462 et
1838 3424 1947 3463 non
1982 3424 2151 3464 exau-

582 3491 696 3546 dita
720 3493 959 3546 humana
982 3491 1185 3547 Christi
1214 3494 1468 3549 voluntas
1489 3494 1866 3552 demonstrata
1883 3506 1968 3553 est
1986 3506 2152 3567 atque

582 3582 827 3652 impleta.
870 3600 888 3634 ι

853 3754 904 3811 E
932 3754 990 3812 S.
1021 3757 1210 3814 Basilii
1239 3762 1371 3815 libro
1415 3770 1602 3818 contra
1631 3765 1879 3821 Arianos.

596 4020 607 4035 ἱ
647 3950 787 4009 Cum
824 3952 993 4023 igitur
1019 3970 1183 4009 unam
1225 3958 1567 4014 voluntatem
1616 3961 1844 4027 habens,
1894 3974 2148 4035 respectu

582 4045 779 4108 Patris,
807 4044 972 4098 etiam
1005 4045 1300 4101 humanam
1327 4053 1709 4120 assumpserit,
1735 4054 1863 4109 ideo
1886 4056 2011 4127 jure
2037 4073 2149 4114 me-

580 4136 800 4206 ritoque
826 4137 964 4191 dicit
990 4155 1005 4191 :
1034 4137 1155 4193 Non
1176 4155 1315 4207 mea,
1336 4142 1428 4195 sed
1459 4150 1552 4197 tua
1581 4143 1681 4212 ﬁat
1710 4146 1978 4204 uoluntas.

993 4340 1073 4395 Ea:
1112 4344 1347 4414 ejusdem
1381 4346 1561 4400 eodem
1589 4345 1743 4402 libro.

2264 1931 2643 2000 τοῦτο,πλὴν
2681 1932 2769 2003 μὴ
2815 1933 2881 1987 τὸ
2915 1933 3065 2002 ἐμὸν
3099 1933 3328 2003 θέλημα
3360 1934 3646 2004 γενέσθω,
3680 1937 3831 1990 ἀλλὰ

2260 2022 2328 2076 τὸ
2356 2022 2495 2087 (τὸν,
2530 2023 2701 2089 οὕτως
2722 2040 2737 2057 ο
2793 2043 2812 2076 ι
2839 2025 2903 2078 Εί
2929 2025 2983 2077 δὲ
3022 2025 3302 2097 ίσοσθενὴς
3330 2028 3425 2079 καὶ
3453 2026 3712 2090 κοινωνὸς
3737 2027 3830 2096 τῆς

2262 2114 2545 2184 Πατρικῆς
2586 2113 2772 2178 οὐσίας
2817 2116 2846 2168 ὁ
2892 2114 2985 2167 ἐπὶ
3028 2115 3090 2169 τὸ
3130 2116 3302 2179 πάθος
3350 2117 3445 2169 καὶ
3479 2117 3573 2169 τὸν
3606 2117 3830 2187 σταυρὸν

2261 2204 2557 2276 ἐρχόμενος
2585 2201 2675 2277 ἦν,
2707 2204 2827 2269 πῶς
2856 2207 2913 2260 ὲν
2939 2206 3148 2279 ἀγωνίᾳ
3173 2207 3466 2276 γενόμενος
3491 2207 3833 2280 προσηύχετο

2261 2295 2553 2366 παρελθεῖν
2607 2296 2772 2350 αὐτὸν
2817 2297 2881 2350 τὸ
2928 2298 3223 2369 ποτήριον,
3291 2298 3388 2353 καὶ
3448 2299 3524 2370 μὴ
3578 2299 3831 2367 γενέσθαι

2260 2388 2426 2441 αὑτοῦ
2458 2387 2521 2441 τὸ
2550 2387 2787 2457 θέλημα,
2824 2388 2961 2444 ἀλλά
2990 2389 3191 2461 μᾶλλον
3220 2389 3284 2443 τδ
3311 2390 3408 2444 τοῦ
3428 2390 3681 2463 Πατρός;
3708 2392 3833 2444 τίδὲ

2259 2478 2355 2532 καὶ
2389 2478 2786 2551 προαγορεύειν
2816 2480 2986 2552 ἐχρῆν
3032 2481 3094 2534 τδ
3135 2480 3230 2535 τοῦ
3262 2482 3561 2554 εὐχομένου
3604 2481 3832 2554 θέλημα,

2257 2570 2375 2625 ἀλλ’
2403 2571 2437 2642 ἢ
2469 2570 2803 2643 ἀσύμφωνον
2829 2571 2965 2626 Θεοῦ
2997 2573 3094 2628 καὶ
3118 2573 3398 2641 ὲναντίον;
3429 2594 3450 2629 ι

2331 2661 2549 2727 Ταύτας
2606 2663 2707 2728 τὰς
2762 2662 3071 2729 παναθέους
3126 2666 3510 2740 Ἀπολιναρίου
3561 2665 3834 2740 ληρῳδίας

2258 2752 2585 2822 ἀνατρέπων
2632 2753 2692 2805 ὲν
2735 2755 2849 2817 τοῖς
2892 2753 3292 2825 συγγράμμασι
3343 2759 3458 2820 τοῖς
3505 2758 3628 2811 κατ’
3668 2756 3832 2810 αὐτοῦ

2255 2843 2285 2895 ό
2331 2843 2429 2913 τῆς
2469 2844 2769 2898 Νυσταέων
2815 2845 3050 2914 ἄγγελος
3077 2846 3413 2919 Γρηγόριος,
3465 2848 3701 2921 τοιούτῳ
3734 2851 3834 2903 τινὶ

2258 2935 2599 3006 συλλογισμῷ
2626 2935 2889 3008 κέχρηται
2917 2938 3038 2992 κατ’
3062 2938 3262 3006 αὐτοῦ,
3296 2940 3378 2994 ὅτι
3410 2959 3429 2993 ι
3464 2942 3586 2996 Κᾶν
3611 2943 3834 3013 γένηται

2255 3028 2318 3082 τὸ
2351 3024 2563 3100 θέλημα
2606 3030 2701 3084 τοῦ
2738 3032 3216 3103 προσευχομένου,
3266 3034 3516 3088 τουτέστι
3561 3035 3658 3089 τοῦ
3694 3038 3833 3091 κατά

2255 3120 2348 3173 τὸν
2378 3121 2606 3192 Σωτῆρα
2632 3122 2922 3191 νοουμένου
2951 3123 3263 3195 ἀνθρώπου,
3304 3124 3413 3178 ἰδοὺ
3440 3125 3659 3197 ἐδείχθη
3694 3127 3833 3197 ἔχων

2254 3211 2450 3264 οἰκεῖον
2496 3210 2706 3282 θέλημα
2750 3212 3107 3281 οἰκονομικῶς
3149 3213 3585 3285 παραιτούμενον
3614 3217 3713 3269 τὸν
3740 3217 3833 3270 θά-

2257 3317 2448 3356 νατονο
2488 3302 2593 3355 κᾶν
2638 3302 2697 3356 δὲ
2742 3301 2902 3357 πάλιν
2951 3303 3029 3375 μὴ
3057 3302 3284 3375 γένηται
3313 3304 3479 3358 αὐτοῦ
3509 3306 3570 3359 τὸ
3596 3306 3828 3378 θέλημα,

2256 3395 2352 3447 καὶ
2378 3392 2550 3458 οὕτως
2592 3393 2805 3465 θέλημα
2835 3394 3001 3448 αὐτοῦ
3028 3395 3221 3465 γέγονε
3246 3412 3261 3428 ο
3313 3397 3471 3450 τοῦτο
3499 3398 3609 3471 γὰρ
3637 3399 3832 3471 ἢθελεν

2257 3482 2344 3538 ἵνα
2362 3484 2437 3557 μὴ
2466 3485 2688 3555 γένηται
2704 3484 2869 3539 αὐτοῦ
2896 3486 2958 3540 τὸ
2981 3486 3210 3557 θέλημα.
3233 3487 3397 3541 "One
3427 3490 3522 3543 καὶ
3546 3492 3833 3545 είσακουο-

2258 3575 2430 3646 μένης
2474 3576 2572 3645 τῆς
2599 3578 2909 3648 προσευχῆς
2939 3579 3036 3631 καὶ
3062 3578 3139 3649 μὴ
3161 3580 3611 3654 είσακουομένης,
3637 3583 3701 3636 τὸ
3735 3584 3829 3637 ἀνο

2255 3662 2524 3734 θρώπινον
2544 3663 2782 3735 Χριστοῦ
2802 3665 3075 3722 ἐδείκνυτο
3095 3669 3189 3721 καὶ⁵
3221 3669 3527 3741 ἐπληροῦτο
3558 3672 3793 3744 θέλημα.
3806 3694 3824 3726 ι

2258 3776 2372 3831 Τοῦ
2420 3777 2593 3846 ἁγίου
2640 3779 3019 3906 Βασιλειοῖὠ
3053 3782 3121 3835 ἐκ
3170 3780 3279 3836 τοῦ
3322 3787 3474 3840 κατὰ
3523 3788 3831 3856 Ἀρειον-ὥν

3022 3871 3149 3906 του.

3022 3871 3149 3922 rev.

2335 3962 2489 4016 Ἐπεὶ
2524 3959 2619 4018 οὗν
2667 3965 2724 4018 ἓν
2761 3965 2979 4036 θέλημα
3007 3966 3147 4038 ἔχων
3186 3968 3326 4039 πρὸς
3352 3968 3443 4023 τὸν
3468 3971 3712 4042 Πατέρα,
3748 3970 3825 4024 εἰ·

2251 4053 2390 4124 ληφε
2441 4058 2534 4110 καὶ
2575 4058 2637 4112 τὸ
2677 4059 3021 4131 ἀνθρώπινον
3045 4103 3059 4127 ,
3111 4061 3302 4114 τούτου
3334 4063 3495 4134 χάριν
3526 4064 3596 4117 ὲκ
3628 4064 3826 4133 πολλῆς

2250 4148 2564 4218 περιουσίας
2597 4149 2745 4219 λέγει
2767 4167 2783 4182 ’
2838 4151 2937 4222 Μὴ
2984 4151 3054 4207 τὸ
3086 4153 3235 4224 ἐμὸν
3266 4154 3495 4224 θέλημα
3543 4156 3823 4227 γενέσθω,

2250 4239 2409 4294 ἀλλὰ
2435 4240 2503 4295 τὸ
2529 4241 2667 4296 σόν.

2532 4352 2643 4407 Τοῦ
2667 4354 2874 4417 αὐτοῦ,
2906 4353 2977 4408 ἐκ
3005 4352 3115 4410 τοῦ
3139 4355 3327 4411 αὐτοῦ
3351 4357 3562 4427 λόγου.

652 4452 999 4511 Voluntatem
1030 4457 1154 4512 vitae
1176 4468 1448 4515 amantem
1478 4460 1718 4516 habebat
1750 4476 1879 4517 caro
1906 4464 2143 4530 Domini,

2323 4460 2397 4513 Τὸ
2441 4460 2705 4531 φιλόζωον
2750 4462 2961 4535 θέλημα
3006 4463 3151 4537 εῖχεν
3202 4468 3236 4540 ἡ
3281 4468 3417 4538 σὰρξ
3460 4468 3556 4521 τοῦ
3591 4470 3816 4542 Κυρίου,

581 4552 774 4616 utpote
818 4562 940 4615 qua:
996 4548 1271 4618 particeps
1325 4559 1443 4604 erat
1486 4561 1651 4622 atque
1692 4566 1919 4609 consors
1951 4557 2147 4613 animae

2257 4554 2330 4617 ὡς
2373 4556 2629 4619 κοινωνὸς
2664 4553 2800 4611 οὖσα
2841 4560 2935 4612 καὶ
2960 4559 3189 4630 σύμϐιος
3217 4561 3396 4633 ψυχῆς
3425 4554 3700 4617 ἀθανάτύυ
3732 4566 3819 4616 καὶ

578 4636 908 4691 immortalis
951 4652 1016 4692 ac
1055 4639 1151 4693 Dei
1191 4640 1357 4695 Verbi
1400 4642 1751 4711 viviﬁcantis,
1785 4653 1842 4700 et
1873 4644 2001 4702 inde
2048 4649 2148 4704 im-

578 4728 933 4784 mortalitatis
969 4728 1308 4785 desiderium
1339 4732 1652 4789 hauriebat.

649 4836 731 4918 Ex
768 4844 1027 4918 Ambrosii
1066 4847 1292 4918 episcopi
1326 4847 1728 4905 Mediolanensis
1770 4858 2146 4911 commentario

578 4914 634 4965 in
669 4912 838 4965 locum
863 4931 933 4969 εἰ
974 4912 1157 4983 Pater,
1192 4912 1429 4972 transeat
1461 4937 1495 4974 a
1539 4937 1619 4973 me
1641 4922 1782 4975 calix
1808 4926 1924 4978 iste.
1949 4945 1967 4977 ι

645 5066 875 5125 Etiamsi
929 5070 1210 5138 Servator,
1268 5076 1572 5132 secundum
1618 5076 1915 5135 humanam
1968 5080 2143 5152 ipsius

572 5158 933 5230 voluntatem,
956 5164 1279 5235 deprecatur
1304 5177 1553 5235 mortem,
1572 5186 1641 5225 ne
1663 5171 1981 5228 oﬂ‘endaris.
2004 5174 2141 5230 Cum

573 5252 723 5304 enim
755 5267 883 5307 caro
906 5258 1213 5312 naturalem
1250 5258 1375 5313 vita:
1421 5258 1628 5314 fontem
1663 5260 2142 5333 immortalemque

574 5339 749 5396 Deum
787 5342 1022 5399 Verbum
1053 5346 1106 5400 in
1137 5362 1258 5403 sese
1292 5348 1520 5404 haberet
1562 5350 1790 5422 ejusque
1820 5352 2143 5409 immortali—

577 5434 703 5488 tatis
734 5436 883 5491 velut
916 5439 1192 5509 particeps
1223 5449 1388 5505 esset,
1428 5443 1545 5513 iure
1578 5444 1775 5499 merito
1800 5442 2141 5503 detrectabat

574 5534 829 5591 mortem,
856 5543 1020 5597 quam
1046 5544 1155 5583 non
1191 5529 1491 5595 metuebat,
1528 5532 1621 5587 sed
1665 5534 2044 5599 aversabatur,
2082 5546 2139 5593 et

570 5616 682 5682 cui,
713 5618 839 5687 quia
856 5629 971 5674 erat
991 5620 1111 5675 sine
1140 5631 1387 5691 peccato,
1422 5622 1566 5678 haud
1596 5631 1715 5679 erat
1737 5625 2028 5683 obnoxius.

596 5768 665 5802 ⁸⁸
694 5772 827 5829 Luc.
865 5790 996 5839 xxu,
1024 5775 1114 5830 42.

2253 4644 2386 4699 Θεοῦ
2422 4647 2596 4717 Λόγου
2642 4648 2909 4713 ζωοποιοῦ
2958 4652 3337 4708 παναθανάτου
3360 4698 3376 4723 ,
3430 4657 3526 4710 καὶ
3558 4658 3619 4724 ἐξ
3649 4657 3817 4712 αὐτῶν

2251 4736 2439 4809 ὥσπερ
2471 4739 2851 4808 μεταλαϐοῦσα
2875 4742 2967 4796 τὸν
2992 4743 3093 4814 τῆς
3119 4744 3420 4808 ἀθανασίας
3452 4747 3643 4803 πόθον.

2261 4849 2606 4932 Ἀμβροᾳίου
2634 4852 2972 4932 ἐπισκόπου
2998 4858 3384 4932 Μεδιολάνων
3412 4860 3613 4932 ἐκᾼτοῦ
3638 4863 3812 4932 λόγου

2317 4923 2402 4985 εὶς
2432 4924 2526 4973 τόο
2562 4943 2595 5002 έ
2629 4923 2839 4992 Πάτερ,
2871 4928 3209 4996 παρελθέτω
3236 4930 3335 4985 ἀπ’
3364 4930 3511 5001 ἐμοῦ
3540 4933 3609 4986 τὸ
3642 4923 3809 4998 ποτή-

2306 5006 2446 5056 ριον
2482 5008 2681 5046 τουτο.
2703 5012 2724 5045 ι

2314 5078 2376 5130 Et
2404 5077 2462 5131 δὲ
2490 5081 2583 5133 καὶ
2611 5086 2952 5153 παραιτεῖται
2979 5086 3072 5139 τὸν
3098 5086 3324 5144 θάνατον
3354 5090 3494 5143 κατὰ
3524 5091 3585 5143 τὸ
3608 5089 3807 5162 ἀνθρὼ-

2246 5182 2401 5222 πινον
2453 5171 2619 5224 αὐτοῦ
2666 5173 2879 5246 θέλημα
2929 5179 2958 5231 ό
3020 5177 3247 5251 Σωτὴρ,
3312 5182 3386 5253 μὴ
3434 5184 3801 5247 σκανδαλίζου.

2245 5264 2409 5319 Φύσει
2454 5267 2564 5339 γὰρ
2614 5269 2712 5341 τὴν
2755 5272 2938 5344 πηγὴν
2990 5278 3092 5348 τῆς
3139 5276 3285 5348 ζωῆς
3334 5280 3394 5332 ὲν
3440 5278 3576 5351 αὐτῇ
3622 5282 3804 5350 ἔχουσα

2245 5358 2279 5425 ἡ
2307 5358 2444 5429 σὰρξ
2470 5362 2564 5414 καὶ
2590 5362 2692 5433 τῆς
2716 5364 3015 5431 ἀθανασίας
3039 5369 3131 5423 τὸν
3155 5370 3285 5424 Θεὸν
3306 5372 3500 5440 Λόγον,
3525 5377 3625 5444 τῆς
3650 5373 3802 5428 αὐτοῦ

2248 5447 2438 5521 ὥσπερ
2482 5452 2780 5520 ἀθανασίας
2826 5459 3241 5530 μεταλαϐοῦσα,
3290 5463 3512 5526 δικαίως
3543 5467 3802 5537 ἀπεστρὲ-

2246 5556 2376 5610 φετο
2407 5542 2497 5596 τὸν
2529 5544 2757 5600 θάνατον
2777 5588 2791 5612 ,
2847 5551 2907 5603 ού
2952 5551 3236 5621 δειλιῶσα,
3262 5555 3396 5608 ἀλλὰ
3426 5555 3659 5626 μισοῦσα
3692 5558 3797 5624 καὶ,

2244 5631 2319 5695 ὡς
2350 5632 2741 5707 ἀναμάρτητος
2764 5639 2977 5713 θανάτῳ
3010 5643 3085 5715 μὴ
3113 5645 3470 5720 ὑποκειμένη.
