4072 6524
260 346 398 414 1185

738 376 766 413 ϐ

542 460 655 515 Τοῦ
679 459 889 528 αὐτοῦ,
920 459 990 515 ἐκ
1018 458 1128 515 τοῦ
1156 460 1345 517 αὐτοῦ
1370 463 1579 531 λόγου.

334 553 395 606 ὐ
424 552 535 622 γὰρ
564 554 633 621 τῇ
661 552 840 623 οἰκείᾳ
866 553 1017 623 φωνῇ
1063 552 1245 605 πᾶσαν
1272 550 1370 622 τὴν
1395 552 1504 605 τῶν
1529 550 1834 623 ἀνθρώπων

250 642 417 715 φύσιν
449 644 515 697 ὲκ
539 644 648 696 τῶν
674 644 863 713 τάφων
890 643 1197 713 ἀναστῆσαι
1229 642 1462 714 μέλλων,
1499 643 1619 707 πῶς
1642 643 1837 698 ἐδεδοί-

250 752 337 790 κει
386 734 660 801 θάνατον;
718 734 932 789 Οὐκοῦν
979 733 1338 805 πιστούμενος
1390 735 1449 788 τὸ
1495 734 1836 805 ἀνθρώπινον

248 826 448 883 ἑαυτοῦ
498 826 599 891 τὰς
644 826 754 879 τῶν
800 826 1066 897 αἱρέσεων
1106 826 1405 890 ἀπιστίας,
1449 826 1643 881 τούτου
1676 828 1836 899 χάριν

250 919 347 973 καὶ
377 919 669 990 πράγμασι
703 918 799 971 καὶ
829 917 1071 989 ῥήμασιν
1107 918 1204 971 ἐπὶ
1232 917 1293 970 τὸ
1317 918 1492 981 πάθος
1520 918 1833 989 ἐρχόμενος,

248 1011 613 1083 ἀνθρωπίνοις
660 1010 951 1080 κέχρηται.
1002 1007 1094 1062 Διδ
1155 1009 1252 1064 καὶ
1297 1008 1691 1079 προσεύχεται,
1739 1009 1837 1062 καὶ

252 1102 393 1172 ίδροῖ
422 1103 549 1165 τοὺς
578 1099 925 1173 αίματὼδους
961 1100 1233 1171 θρόμϐους
1257 1140 1272 1166 ,
1322 1104 1418 1155 καὶ
1468 1102 1574 1154 ὑπὸ
1599 1100 1834 1169 ἀγγέλου

246 1196 278 1248 ὁ
318 1194 429 1248 τῶν
462 1195 715 1264 ἀγγέλων
748 1192 984 1266 Ποιητὴς
1023 1194 1339 1265 ἑνισχύεται
1370 1195 1463 1247 καὶ
1488 1193 1833 1263 θρασοποιεῖ-

245 1304 372 1349 ται,
410 1287 506 1339 καὶ
541 1286 836 1357 παρελθεῖν
866 1285 1033 1339 αὑτὸν
1062 1284 1125 1338 τὸ
1156 1286 1416 1356 ποτήριον
1442 1286 1615 1349 αἰτεῖ,
1650 1284 1745 1338 καὶ
1774 1284 1835 1338 τὸ

246 1376 597 1448 ἀνθρώπινον
648 1374 814 1429 αὑτοῦ
860 1375 1075 1448 θέλημα
1126 1374 1406 1429 ὐποκλίνει
1458 1372 1538 1445 τῷ
1582 1372 1835 1444 πατρικῷ

246 1470 347 1522 καὶ
373 1468 503 1539 θείῳ
529 1466 696 1521 αὑτοῦ
729 1467 996 1539 θελήματι
1026 1466 1227 1536 λέγων’
1266 1466 1443 1534 Πλὴν
1463 1464 1550 1533 μὴ
1579 1464 1644 1518 τὸ
1675 1464 1826 1532 ἐμὸν

246 1562 481 1628 θέλημα
521 1558 819 1629 γενέσθω,
855 1557 1021 1613 ἀλλὰ
1052 1559 1117 1611 τὸ
1148 1557 1265 1612 σόν
1286 1574 1301 1589 ο
1350 1557 1414 1610 ού
1446 1556 1712 1627 διαίρεσιν
1741 1556 1836 1609 καὶ

246 1654 606 1724 ἐναντιότητα
654 1651 978 1721 θελημάτων
1024 1651 1277 1714 δεικνὺς,
1333 1649 1470 1705 ἀλλὰ
1521 1652 1583 1704 τὸ
1629 1650 1835 1703 τέλειον

247 1748 309 1798 ἐν
335 1744 738 1815 ἀνθρωπότητι.
791 1741 850 1795 '0
888 1740 996 1812 γὰρ
1041 1743 1142 1811 τὴν
1180 1740 1342 1811 φύσιν
1378 1741 1832 1811 καταδεξάμενος,

249 1836 473 1898 πάντως
506 1834 601 1887 καὶ
626 1832 696 1885 τὰ
718 1832 821 1903 τῆς
846 1830 1064 1900 φύσεως
1093 1829 1439 1885 οίκειώσατο.

252 1945 367 2001 Τοῦ
411 1945 585 2013 ἁγίου
629 1941 989 2013 ἈθανασιὌυ
1017 1939 1087 1995 ἐκ
1120 1937 1228 2013 τοῦ
1260 1940 1447 2013 λόγου
1480 1938 1587 1991 τοῦ
1619 1940 1708 2013 είς
1739 1938 1828 1993 τό·

372 2034 391 2067 ι
420 2008 632 2083 Κύριος
648 2011 850 2067 ἐκτισέ
880 2028 982 2083 με,
1022 2029 1042 2065 ι
1074 2010 1172 2065 καί
1202 2011 1351 2064 κατὰ
1390 2008 1720 2077 Ἀρειανών.

326 2105 440 2159 Καὶ
487 2103 620 2173 γοῦν
672 2103 768 2157 ὲπὶ
821 2103 915 2156 τὸν
958 2101 1192 2173 σταυρὸν
1246 2100 1565 2171 ἐρχόμενος,
1598 2098 1832 2161 ἐκτενῶς

247 2194 620 2267 προσεύχεται
685 2196 780 2249 καὶ
834 2194 898 2247 τὸ
946 2195 1077 2263 γόνυ
1107 2193 1277 2247 κλίνει
1311 2234 1327 2259 ,
1360 2192 1536 2260 λέγων
1566 2207 1581 2223 ο
1617 2190 1829 2258 Πάτερ,

246 2284 592 2353 παρελθέτω
640 2283 744 2338 ἀπ’
773 2282 928 2352 ἐμοῦ
963 2283 1032 2337 τὸ
1068 2280 1359 2350 ποτήριον
1423 2279 1633 2335 τοῦτο·
1661 2281 1833 2347 πλὴν

241 2374 333 2444 μὴ
371 2375 437 2427 τὸ
473 2373 621 2444 ἐμὸν
652 2374 881 2441 θέλημα
905 2370 1192 2441 γενέσθω,
1223 2371 1382 2424 ἀλλὰ
1415 2370 1482 2424 τὸ
1510 2371 1628 2423 σόν
1656 2385 1670 2399 ⁸
1703 2370 1831 2423 ῐδιον

247 2465 416 2521 αὐτοῦ
476 2465 691 2536 θέλημα
742 2464 918 2533 λέγων
964 2464 1026 2516 τὸ
1065 2463 1166 2535 τῆς
1200 2462 1440 2533 σαργός·
1503 2463 1696 2532 ὅτιπερ
1736 2463 1831 2515 καὶ

247 2559 426 2631 αὐτὴν
448 2557 547 2629 τὴν
586 2555 863 2627 ἡμετέραν
899 2554 1081 2624 σάρκα
1110 2556 1168 2607 ὲν
1198 2553 1377 2623 ἑαυτῷ
1408 2552 1752 2609 οίκειώσατο.

261 2669 640 2739 Ἀντιπάτρου
687 2668 1029 2739 ἐπισκοποῖ)
1082 2669 1365 2739 Βόστρων
1418 2666 1517 2736 (4).
1581 2666 1677 2720 Ἐκ
1721 2664 1831 2720 τοῦ

562 2742 754 2808 λόγου
804 2737 911 2792 τοῦ
952 2739 1039 2803 είς
1070 2737 1178 2790 τὸν
1229 2739 1516 2803 σταυρόν.

323 2828 432 2883 Τοῦ
470 2828 580 2899 γὰρ
607 2826 953 2897 ἀνθρωπίνου
988 2825 1088 2896 τῆς
1122 2824 1402 2896 ἡμετέρας
1430 2824 1647 2894 φύσεως
1678 2822 1831 2894 θελή-

1429 352 1730 415 CONTRA
1767 350 2366 417 MONOPHYSITAS.

1866 462 1920 523 Α

3359 358 3510 428 1286

2240 464 2599 535 Ejusdem,ex
2626 466 2805 522 eodem
2831 470 3232 525 commentario.
3330 455 3335 461 ’

2009 555 2113 623 Qui
2152 571 2289 613 voce
2324 574 2425 614 sua
2460 559 2781 615 universum
2828 560 3116 617 hominum
3167 579 3343 635 genus
3369 582 3401 621 e
3428 583 3520 625 se-

1934 647 2145 717 pulcris
2179 650 2613 706 resuscitaturus
2640 660 2745 715 est,
2775 652 3057 722 quomodo
3091 654 3343 712 timuerit
3368 674 3522 714 mor-

1936 739 2088 793 tem?
2142 740 2212 795 Ut
2264 740 2453 810 igitur,
2499 742 2570 797 ob
2614 743 3002 799 haereticorum
3050 745 3517 816 incredulitatem,

1938 829 2192 885 humana:
2231 831 2408 901 ipsius
2444 842 2658 888 natura:
2688 833 2852 889 ﬁdem
2885 844 3182 902 astrueret,
3212 838 3358 905 ideo,
3389 856 3518 895 cum

1936 922 2003 976 ad
2043 924 2354 992 passionem
2396 939 2455 979 se
2488 926 2827 996 accingeret,
2864 927 3106 984 humano
3140 945 3292 986 more
3320 942 3378 988 et
3406 935 3522 1003 egit

1936 1019 1994 1066 et
2025 1010 2247 1065 loeutus
2268 1018 2372 1065 est.
2406 1009 2754 1082 Quapropter
2782 1014 2950 1069 etiam
2983 1026 3123 1081 orat,
3147 1026 3205 1072 et
3234 1020 3521 1090 sanguinis

1939 1110 2123 1173 guttas
2154 1102 2406 1167 desudat,
2451 1112 2509 1158 et
2549 1104 2618 1157 ab
2646 1106 2861 1175 angelo,
2902 1108 3227 1177 angelorum
3258 1109 3516 1177 Creator,

1939 1194 2140 1249 robore
2189 1210 2254 1249 ac
2301 1193 2503 1249 ﬁducia
2540 1195 2835 1263 imbuitur,
2875 1207 2933 1253 et
2981 1208 3042 1254 ut
3090 1201 3230 1256 calix
3276 1212 3521 1260 transeat

1936 1295 2218 1356 precatur,
2244 1296 2302 1342 et
2341 1286 2639 1343 humanam
2670 1289 2847 1359 ipsius
2872 1292 3211 1348 voluntatem
3243 1297 3522 1354 submittit

1937 1386 2182 1448 paternae
2201 1379 2515 1451 divinaeque
2548 1382 2824 1438 voluntati
2849 1384 3079 1440 dicens:
3117 1387 3379 1443 Caeterum
3413 1408 3519 1445 non

1938 1486 2055 1524 mea
2074 1469 2195 1537 ﬁat,
2219 1471 2313 1524 sed
2338 1481 2431 1526 tua
2459 1471 2727 1539 uoluntas,
2770 1474 2849 1529 sic
2878 1478 3176 1534 ostendens
3219 1495 3330 1534 non
3374 1481 3518 1535 divio

1937 1563 2153 1617 sionem
2208 1572 2310 1618 aut
2355 1567 2806 1621 contrarietatem
2847 1570 3216 1634 voluntatum,
3261 1572 3358 1625 sed
3396 1588 3523 1641 per-

1937 1655 2138 1709 fectam
2171 1654 2715 1723 humanitatem.Qui
2734 1660 2883 1713 enim
2909 1662 3517 1732 naturam(humanam)

1940 1745 2222 1812 induerat,
2266 1747 2496 1802 omnino
2542 1749 2709 1804 etiam
2758 1766 2881 1820 qua:
2915 1760 3126 1807 natura:
3167 1763 3373 1821 essent,
3412 1756 3518 1811 sibi

1936 1839 2332 1909 appropriavit.

1932 1951 1999 2007 E.
2033 1951 2093 2007 S.
2128 1953 2412 2035 Athanasii
2451 1957 2829 2035 commentario
2868 1958 2924 2009 in
2963 1957 3099 2035 illud
3135 1975 3155 2013 :
3197 1977 3215 2010 ι
3260 1958 3518 2013 Dominus

2232 2027 2430 2078 creavit
2460 2042 2561 2089 me,
2597 2045 2615 2077 ι
2654 2034 2702 2079 et
2724 2027 2916 2081 'coutra
2947 2029 3197 2082 Arianos.

1999 2112 2136 2169 Cum
2170 2114 2223 2167 in
2254 2130 2322 2169 eo
2351 2123 2437 2168 est
2470 2123 2529 2169 ut
2557 2116 2739 2170 crucis
2772 2126 3001 2171 mortem
3033 2119 3265 2183 subeat,
3299 2119 3515 2177 intense

1931 2221 1996 2261 ac
2016 2207 2251 2277 genibus
2276 2206 2430 2261 nexis
2452 2216 2573 2261 orat
2599 2208 2747 2263 hunc
2773 2198 3075 2264 in'modum
3101 2228 3113 2263 :
3141 2209 3321 2273 Pater,
3342 2222 3519 2267 trans-

1931 2308 2017 2351 eat
2050 2316 2081 2352 a
2116 2316 2196 2351 me
2230 2301 2371 2352 calix
2404 2301 2530 2362 iste;
2560 2309 2923 2355 verumtamen
2959 2319 3061 2355 non
3097 2319 3213 2356 mea
3248 2304 3513 2368 voluntas,

1929 2391 2019 2444 sed
2051 2400 2141 2444 tua
2169 2390 2299 2456 ﬁat,
2325 2406 2480 2447 suam
2510 2391 2706 2448 dicens
2731 2394 3070 2449 voluntatem
3099 2394 3314 2462 carnis,
3344 2394 3516 2467 siqui-

1930 2483 2055 2538 dem
2092 2481 2265 2551 ipsam
2299 2492 2545 2536 nostram
2581 2498 2808 2539 carnem
2843 2484 3046 2541 induit.

1930 2675 2202 2745 Antipatri
2254 2675 2553 2731 Bostrensis
2605 2679 2831 2749 episcopi
2856 2719 2871 2745 ,
2919 2694 2987 2733 ea:
3035 2681 3406 2738 dissertatione
3453 2684 3512 2739 in

2602 2764 2834 2802 ενυεεηι.

2000 2835 2315 2891 Secundum
2362 2838 2657 2896 humanam
2697 2840 3035 2895 voluntatem
3071 2857 3181 2911 qua
3224 2843 3368 2900 sicut
3408 2860 3510 2901 nos

249 2936 422 2990 ματος
468 2919 527 2971 ἐν
552 2913 793 2988 Χριστῷ,
812 2915 939 2985 περὶ
962 2906 1022 2966 οὗ
1056 2913 1321 2984 φησιοΜὴ
1344 2913 1410 2967 τὸ
1438 2913 1585 2983 ἐμὸν
1605 2913 1832 2984 θέλημα

1936 2923 2193 2994 praeditus
2226 2934 2347 2979 erat
2377 2924 2664 2992 Christus,
2697 2926 2843 2980 unde
2876 2926 3010 2982 dicit
3039 2944 3053 2981 :
3084 2906 3201 2982 Non
3239 2947 3356 2985 mea
3377 2972 3392 2997 ,
3418 2934 3510 2986 sed

245 3009 513 3080 γενέσθω
540 3048 556 3075 ,
589 3006 749 3062 ἀλλὰ
789 3005 856 3059 τὸ
891 3005 1008 3059 σὸν
1030 3046 1045 3069 ,
1092 3004 1223 3058 ίδιον
1261 3000 1329 3076 ἦν
1374 3004 1408 3075 ὴ
1466 3004 1558 3058 τοῦ
1597 3004 1830 3059 Θανάτου

1936 3022 2023 3069 tua
2076 3014 2173 3083 (ia!
2222 3015 2498 3082 voluntas,
2550 3026 2783 3072 mortem
2836 3018 3204 3087 detrectavit;
3260 3024 3506 3091 etenim,

248 3099 587 3169 παραίτησις
608 3114 623 3128 ο
641 3096 958 3167 προεμήνυε
1000 3095 1107 3166 γὰρ
1135 3094 1210 3158 ὡς
1239 3095 1372 3158 Θεὸς
1398 3096 1478 3147 ὅτι
1495 3096 1822 3167 παρέρχεται

1936 3116 2039 3169 qua
2077 3101 2221 3156 Deus
2257 3103 2508 3172 praedixit
2546 3103 2773 3160 calicem
2817 3105 2995 3176 ipsum
3036 3122 3157 3163 esse
3198 3113 3510 3180 praeterituo

246 3190 414 3243 αὑτὸν
440 3188 502 3241 τὸ
530 3189 809 3258 ποτήριον.
854 3185 1080 3256 ’Δνέστη
1116 3187 1223 3254 γὰρ
1249 3187 1555 3257 τριήμερος
1575 3227 1590 3252 ,
1626 3188 1825 3239 ἀθανα-

1934 3208 2077 3247 rum.
2102 3191 2373 3247 Nimirum
2405 3202 2530 3263 post
2562 3202 2673 3249 tres
2703 3195 2823 3251 dies
2854 3199 3186 3262 resurrexit,
3218 3209 3504 3270 postquam

246 3281 403 3344 τίσας
465 3282 565 3352 τὴν
613 3280 833 3352 σάρκα,
868 3279 964 3332 καὶ
1009 3278 1307 3349 συντρίψας
1361 3279 1422 3331 τὸ
1464 3277 1559 3333 τοῦ
1600 3278 1832 3332 θανάτου

1936 3296 2154 3337 carnem
2187 3282 2598 3339 immortalitate
2630 3284 2932 3342 donaverat
2964 3295 3022 3343 et
3055 3290 3249 3344 mortis
3277 3289 3503 3343 calicem

248 3374 532 3444 ποτήριον.

254 3487 368 3543 Τοῦ
403 3489 615 3552 αὑτοῦ,
647 3486 716 3541 ἐκ
750 3485 855 3540 τοῦ
885 3484 1073 3607 αὐτῗῦ
1117 3484 1305 3554 λόγου
1344 3484 1494 3537 κατὰ
1531 3483 1834 3539 Ἁπολινα-

966 3573 999 3607 n
1027 3572 1121 3607 ου.

958 3572 1121 3623 ριου.

334 3648 395 3701 Ὅ
422 3648 554 3717 γοῦν
596 3648 734 3718 ὑπὲρ
780 3646 939 3717 ἡμῶν
988 3644 1179 3698 παθὼν
1224 3645 1283 3697 ού
1339 3645 1500 3716 μόνον
1559 3644 1834 3715 ἁμαρτίαν

249 3740 355 3793 οὐκ
384 3742 669 3809 ἐποίησεν,
703 3737 839 3791 ἀλλὰ
865 3738 961 3790 καὶ
993 3735 1092 3798 τὰς
1139 3735 1294 3807 ῥίζας
1336 3736 1437 3805 τῆς
1469 3736 1740 3806 ἁμαρτίας
1771 3737 1835 3789 ὲκ

250 3829 520 3899 θεμελίων
568 3828 881 3900 ἀνέτρεψεν.
912 3827 1123 3880 Οὐκοῦν
1175 3827 1275 3897 οὐχ
1328 3826 1403 3889 ὡς
1436 3830 1678 3890 ἐναντίος
1704 3828 1826 3898 Θεῷ

249 3921 329 3974 ὢν
358 3921 526 3989 λέγει,
558 3920 654 3988 Μὴ
690 3920 757 3973 τὸ
783 3920 930 3988 ἐμὸν
951 3920 1181 3987 θέλημα
1208 3918 1489 3988 γενέσθω,
1514 3918 1625 3972 ἀλλ’
1644 3920 1834 3971 ὑποτυ-

252 4015 458 4075 πώσεις
524 4016 659 4083 ἡμῖν
711 4012 972 4083 παρέχων
1033 4012 1150 4074 πῶς
1223 4013 1281 4063 ἐν
1339 4013 1451 4073 τοῖς
1506 4013 1834 4080 πειρασμοῖς

251 4104 658 4175 προσεύχεσθαι
688 4103 827 4174 Θεῷ.
874 4105 936 4156 Εἰ
963 4103 1019 4155 δὲ
1048 4102 1138 4155 διὰ
1165 4104 1225 4157 τὸ
1248 4103 1447 4170 λέγειν,
1484 4104 1579 4170 Μὴ
1600 4104 1665 4155 τὸ
1690 4104 1837 4171 ἐμὸν

250 4196 484 4265 θέλημα
512 4195 795 4264 γενέσθω,
829 4197 1043 4265 ἀναιρεί
1072 4197 1237 4248 αὑτοῦ
1268 4197 1330 4248 τὸ
1370 4195 1552 4267 νοερὸν
1589 4196 1687 4264 τῆς
1734 4195 1837 4265 ψυ-

251 4290 358 4359 χῆς
377 4287 815 4359 ὁἋπολινάριος,
843 4287 1048 4357 ἄψυχον
1072 4287 1235 4340 αὐτοῦ
1262 4289 1352 4340 καὶ
1369 4288 1530 4341 ἄνουν
1551 4286 1835 4357 κηρύττων

252 4380 354 4451 τὴν
383 4380 681 4450 σάρκωσιν,
712 4381 893 4451 πολλῷ
916 4382 1098 4433 πλεῖον
1122 4379 1215 4433 τοῦ
1241 4377 1505 4448 φιλοζὼου
1531 4380 1835 4450 θελήματος

252 4472 587 4543 ὲφύϐριστόν
626 4474 743 4527 ἐστι
791 4473 971 4534 λέγειν
1004 4474 1094 4526 τὸν
1124 4472 1362 4543 Χριστὸν
1400 4473 1695 4542 γενόμενον
1733 4489 1835 4525 κα-

252 4566 433 4633 τάραν
462 4564 558 4617 καὶ
588 4564 891 4635 ἁμαρτίαν,
929 4566 1024 4617 καὶ
1054 4564 1422 4634 πειρασθέντα
1450 4565 1554 4617 ὑπὸ
1582 4563 1677 4616 τοῦ
1727 4566 1832 4617 Σα-

248 4656 396 4707 τανᾶ
424 4655 835 4725 τεσσαράκοντα
862 4656 1097 4725 ἡμέρας,
1130 4656 1225 4708 καὶ
1254 4657 1493 4725 φυγόντα
1523 4657 1629 4709 ἀπὸ
1664 4654 1831 4727 Ἥρω⁴

248 4742 348 4795 δου
376 4744 433 4796 ὲν
462 4743 747 4814 Αἰγύπτῳ,
789 4747 883 4797 καὶ
913 4745 1346 4814 ὑποταττόμενον
1388 4746 1583 4817 ἰωσὴςρ
1634 4744 1709 4814 τῷ
1742 4745 1833 4797 τέ-

256 4852 436 4899 κτονι,
474 4835 571 4887 καὶ
601 4836 983 4907 ὲνισχυόμενον
1018 4836 1122 4890 ύπὺ
1170 4837 1403 4906 ἀγγέλου
1435 4839 1509 4899 ὼς
1552 4836 1832 4891 δειλιῶντα

250 4929 347 4981 τὸν
376 4928 627 4984 θάνατον.
1160 4940 1163 4943 ’

265 5131 517 5200 Ἐφραίμ
558 5129 665 5183 τοῦ
704 5128 1036 5200 ἁγιωτάτου
1071 5130 1408 5183 ἐπισκόπου
1464 5129 1832 5197 Ἀντιοχείας

470 5199 538 5253 ἐκ
584 5200 691 5252 τοῦ
715 5201 863 5252 κατὰ
892 5199 1154 5268 Σεϐήρου
1188 5200 1388 5267 τρίτου
1411 5200 1617 5267 λόγου.

333 5291 507 5362 Ὠπερ
534 5288 629 5344 οὖν
659 5293 715 5343 ἐν
741 5293 809 5361 τῇ
839 5289 960 5359 θείᾳ
992 5291 1153 5359 φύσει
1191 5290 1427 5360 διάφορα
1475 5288 1705 5360 λέγομεν
1731 5288 1831 5359 φύ-

252 5399 399 5446 σεως
456 5384 871 5448 ίδια,τούτὲστι
926 5383 988 5436 τὸ
1049 5383 1323 5444 ἄκτιστον,
1373 5380 1433 5434 τὸ
1481 5383 1736 5451 ἄναρχον,
1769 5382 1831 5434 τὸ

250 5474 639 5537 ἀναλλοίωτον,
667 5475 726 5528 τὸ
771 5476 1211 5547 ἁπερίγραπτον,
1252 5474 1312 5527 τὸ
1346 5474 1613 5545 ἄτρεπτον
1646 5474 1832 5528 καὶτὰ

249 5569 465 5633 τούτοις
524 5570 732 5640 ἁδελφά
769 5587 829 5624 τε
877 5572 973 5624 καὶ
1018 5569 1285 5641 σύμφωνα
1310 5572 1402 5625 καὶ
1426 5573 1492 5643 τῇ
1527 5570 1646 5641 θείᾳ
1674 5570 1832 5640 οὐσίᾳ

254 5659 398 5731 μόνῃ
437 5659 767 5730 ἁρμόζοντα·
787 5660 932 5715 οὕτω
965 5661 1060 5723 καὶ
1086 5661 1144 5712 ὲν
1177 5663 1242 5731 τῇ
1280 5660 1535 5731 θελητικῇ
1568 5660 1663 5713 τοῦ
1696 5658 1830 5712 Θεοῦ

252 5752 484 5824 (ξυνάψει
512 5753 683 5806 πολλά
715 5752 850 5808 Θεοῦ
890 5754 951 5808 ὲν
976 5754 1096 5817 ταῖς
1133 5750 1301 5816 θείαις
1348 5753 1588 5823 Γραφαῖς
1644 5752 1830 5821 λέγον-

1872 4472 1909 4523 D

1933 3373 2299 3444 confregerat.

2042 3486 2319 3553 Ejusdem,
2348 3502 2415 3540 ea:
2442 3494 2673 3540 tractatu
2702 3487 2953 3543 adversus
2980 3488 3392 3562 Apollinarium.

2003 3643 2108 3711 Qui
2136 3644 2303 3716 igitur
2326 3659 2430 3714 pro
2453 3644 2614 3698 nobis
2640 3660 2834 3714 passus
2862 3657 2965 3711 est,
2994 3664 3104 3703 non
3133 3658 3345 3705 tantum
3378 3664 3508 3719 pec-

1934 3747 2116 3791 catum
2151 3753 2258 3790 non
2293 3737 2442 3802 fecit,
2473 3752 2663 3790 verum
2698 3739 2862 3792 etiam
2898 3741 3107 3808 peccati
3146 3742 3355 3823 radices
3388 3740 3510 3795 fun-

1935 3828 2084 3883 ditus
2115 3828 2332 3883 evulsit.
2361 3829 2543 3895 Quare
2581 3830 2725 3883 haud
2760 3832 2910 3886 velut
2940 3832 3051 3887 Deo
3085 3841 3392 3888 retractans
3423 3832 3510 3887 di-

1935 3920 2034 3985 cit,
2071 3920 2184 3974 Non
2226 3934 2342 3972 mea
2374 3918 2473 3985 ﬁat
2506 3918 2789 3984 voluntas;
2822 3921 2918 3975 sed
2956 3932 3014 3977 ut
3048 3924 3208 3977 nobis
3242 3925 3507 3979 rationem

1937 4009 2190 4063 ostendat
2220 4007 2497 4078 quomodo
2530 4008 2584 4061 in
2624 4009 3024 4063 tentationibus
3057 4013 3269 4079 precari
3307 4012 3508 4067 debea-

1938 4116 2078 4154 mus.
2111 4099 2168 4153 Si
2195 4114 2326 4154 vero
2351 4098 2725 4168 Apollinarius
2752 4106 3050 4168 propterea
3078 4101 3227 4169 quod
3257 4100 3510 4156 Christus

1935 4198 2093 4263 dixit,
2117 4196 2233 4251 Non
2260 4212 2376 4249 mea
2399 4195 2496 4264 ﬁat
2523 4195 2788 4257 voluntas.
2815 4195 3144 4251 rationabile
3171 4196 3290 4266 ejus
3317 4196 3512 4251 animae

1937 4291 2098 4354 tollit,
2129 4298 2205 4351 et,
2235 4296 2417 4341 mente
2448 4286 2591 4357 capti
2626 4286 3362 4347 instar,‘inhumanationem
3392 4287 3512 4357 ejus

1936 4382 2054 4436 sine
2086 4381 2266 4434 anima
2296 4388 2353 4433 et
2381 4386 2563 4432 mente
2594 4377 2761 4432 fuisse
2795 4377 3104 4443 contendit,
3138 4379 3310 4432 multo
3343 4378 3513 4448 magis

1935 4488 2096 4542 quam
2124 4471 2271 4541 quod
2297 4470 2366 4524 de
2388 4469 2673 4523 voluntate
2697 4468 2824 4521 vita:
2853 4476 3070 4521 amante
3103 4467 3356 4531 habetur,
3384 4482 3512 4520 con-

1940 4565 2291 4618 tumeliosum
2322 4562 2429 4617 erit
2455 4562 2663 4623 dicere,
2686 4559 2967 4613 Christum
2996 4559 3199 4613 factum
3232 4575 3353 4613 esse
3383 4560 3513 4613 abo-

1937 4655 2297 4710 minationem
2327 4662 2384 4708 et
2414 4661 2723 4723 peccatum,
2749 4661 2805 4705 et
2834 4657 3102 4705 tentatum
3131 4665 3160 4704 a
3191 4650 3391 4704 Satana
3417 4667 3515 4719 per

1937 4747 2295 4817 quadraginta
2320 4745 2460 4809 dies,
2486 4754 2543 4798 et
2565 4745 2633 4798 ab
2659 4743 2873 4799 Herode
2897 4743 3099 4812 fugisse
3122 4742 3177 4795 in
3198 4741 3510 4812 (Egyptum,

1938 4848 1994 4896 et
2023 4840 2333 4909 subjectum
2363 4836 2534 4891 fuisse
2562 4836 2803 4904 Joscpho
2832 4835 2991 4889 fabro
3018 4834 3279 4903 lignario,
3306 4844 3363 4889 et
3392 4850 3514 4889 cor-

1938 4932 2254 4986 rohoratum
2299 4929 2369 4984 ab
2416 4929 2611 4999 angelo
2661 4936 2721 4982 ut
2764 4927 2860 4996 qui
2909 4935 3146 4981 mortem
3191 4925 3516 4981 reformida-

1938 5024 2102 5079 verit.

1940 5136 2007 5191 Ε.
2031 5134 2089 5190 S.
2115 5134 2383 5206 Ephrazmi
2411 5132 2967 5257 ερίδοοῃέίεῇιιῗοέιιρηὶ
2996 5131 3143 5183 tertio
3170 5130 3301 5185 libro
3328 5140 3511 5186 contra

2008 5292 2483 5360 Quemadmodum
2526 5292 2581 5346 in
2622 5291 2807 5346 divina
2852 5299 3047 5346 natura
3087 5290 3333 5346 diversas
3372 5292 3513 5347 dici-

1938 5401 2062 5441 mus
2099 5395 2311 5439 naturaa
2350 5383 2736 5453 proprietates,
2781 5381 2936 5436 verhi
2978 5382 3174 5452 gratia,
3217 5382 3363 5451 quod
3404 5400 3511 5437 non

1937 5485 2121 5532 creata
2148 5477 2239 5539 sit,
2262 5474 2408 5544 quod
2442 5474 2598 5530 initio
2622 5482 2829 5539 careat,
2856 5472 3001 5542 quod
3030 5489 3137 5525 non
3168 5472 3511 5533 immutetur,

1936 5568 2083 5639 quod
2111 5565 2586 5635 incircumscripta
2612 5576 2668 5622 et
2694 5565 2994 5620 immobilis
3021 5565 3111 5618 sit.
3138 5572 3304 5633 atque
3333 5563 3418 5617 his
3442 5563 3515 5617 si-

1937 5658 2087 5711 milia
2108 5673 2230 5731 quae
2247 5657 2348 5712 soli
2371 5656 2571 5712 divina
2594 5656 2848 5712 essentia:
2869 5654 3227 5716 conveniunt,
3253 5654 3326 5707 ita
3347 5653 3514 5706 etiam

1939 5750 1995 5803 in
2030 5748 2216 5803 divina
2248 5749 2467 5804 volcndi
2503 5749 2764 5804 facultate
2801 5748 2983 5801 multm
3016 5746 3069 5799 in
3106 5744 3389 5813 Scriptura
3424 5759 3514 5798 sa-
