  <div class='ocr_page' id='page_1' title='image "/cluster/home/n/w/nwhite01/storage/ocr_20150623/89/hvd.32044010610574/601.png"; bbox 0 0 4072 6580; ppageno 0'>
   <div class='ocr_carea' id='block_1_1' title="bbox 514 373 3786 472">
    <p class='ocr_par' dir='ltr' id='par_1_1' title="bbox 514 373 3786 472">
     <span class='ocr_line' id='line_1_1' title="bbox 514 373 3786 472; baseline -0.01 -2"><span class='ocrx_word' id='word_1_1' title='bbox 514 405 651 472; x_wconf 79' lang='grc'><strong>1187</strong></span> <span class='ocrx_word' id='word_1_2' title='bbox 1756 393 1819 453; x_wconf 91' lang='lat' dir='ltr'><strong>S.</strong></span> <span class='ocrx_word' id='word_1_3' title='bbox 1860 385 2261 451; x_wconf 81' lang='lat' dir='ltr'><strong>ANASTASII</strong></span> <span class='ocrx_word' id='word_1_4' title='bbox 2298 379 2629 448; x_wconf 63' lang='lat' dir='ltr'><strong>SINAITIE</strong></span> <span class='ocrx_word' id='word_1_5' title='bbox 3646 373 3786 438; x_wconf 78' lang='lat'><strong>1188</strong></span> 
     </span>
    </p>
   </div>
   <div class='ocr_carea' id='block_1_2' title="bbox 511 488 2132 580">
    <p class='ocr_par' dir='ltr' id='par_1_2' title="bbox 511 504 2132 580">
     <span class='ocr_line' id='line_1_2' title="bbox 511 504 2132 580; baseline -0.015 0"><span class='ocrx_word' id='word_1_6' title='bbox 511 540 606 580; x_wconf 89' lang='lat' dir='ltr'><strong>cra</strong></span> <span class='ocrx_word' id='word_1_7' title='bbox 634 520 732 578; x_wconf 85' lang='lat' dir='ltr'><strong>Dei</strong></span> <span class='ocrx_word' id='word_1_8' title='bbox 757 516 1071 575; x_wconf 78' lang='lat' dir='ltr'><strong>voluntates</strong></span> <span class='ocrx_word' id='word_1_9' title='bbox 1099 527 1223 569; x_wconf 86' lang='lat' dir='ltr'><strong>esse</strong></span> <span class='ocrx_word' id='word_1_10' title='bbox 1252 510 1536 567; x_wconf 87' lang='lat' dir='ltr'><strong>dicuntur.</strong></span> <span class='ocrx_word' id='word_1_11' title='bbox 1562 504 1773 563; x_wconf 85' lang='lat' dir='ltr'><strong>Eodem</strong></span> <span class='ocrx_word' id='word_1_12' title='bbox 1803 504 1969 559; x_wconf 91' lang='lat' dir='ltr'><strong>modo</strong></span> <span class='ocrx_word' id='word_1_13' title='bbox 1998 518 2095 559; x_wconf 92' lang='lat' dir='ltr'><strong>co-</strong></span> <span class='ocrx_word' id='word_1_14' title='bbox 2121 556 2132 575; x_wconf 36' lang='grc' dir='ltr'><em>Δ</em></span> 
     </span>
    </p>
   </div>
   <div class='ocr_carea' id='block_1_3' title="bbox 2237 488 3793 580">
    <p class='ocr_par' dir='ltr' id='par_1_3' title="bbox 2237 488 3793 565">
     <span class='ocr_line' id='line_1_3' title="bbox 2237 488 3793 565; baseline -0.006 -13"><span class='ocrx_word' id='word_1_15' title='bbox 2237 516 2285 552; x_wconf 78' lang='grc' dir='ltr'><strong>αι</strong></span> <span class='ocrx_word' id='word_1_16' title='bbox 2340 494 2480 552; x_wconf 81' lang='grc' dir='ltr'>εἶναι</span> <span class='ocrx_word' id='word_1_17' title='bbox 2531 496 2839 565; x_wconf 77' lang='grc' dir='ltr'>θελήματα.</span> <span class='ocrx_word' id='word_1_18' title='bbox 2892 490 3001 546; x_wconf 81' lang='grc' dir='ltr'>Τδν</span> <span class='ocrx_word' id='word_1_19' title='bbox 3030 488 3196 544; x_wconf 69' lang='grc' dir='ltr'>αὖτδν</span> <span class='ocrx_word' id='word_1_20' title='bbox 3226 488 3286 543; x_wconf 80' lang='grc' dir='ltr'><strong>δέ</strong></span> <span class='ocrx_word' id='word_1_21' title='bbox 3329 488 3533 560; x_wconf 79' lang='grc' dir='ltr'><strong>τρόπον</strong></span> <span class='ocrx_word' id='word_1_22' title='bbox 3567 491 3667 543; x_wconf 76' lang='grc' dir='ltr'>καὶ</span> <span class='ocrx_word' id='word_1_23' title='bbox 3700 493 3793 544; x_wconf 81' lang='grc' dir='ltr'>ἐπὶ</span> 
     </span>
    </p>
   </div>
   <div class='ocr_carea' id='block_1_4' title="bbox 514 582 2132 687">
    <p class='ocr_par' dir='ltr' id='par_1_4' title="bbox 514 595 2099 687">
     <span class='ocr_line' id='line_1_4' title="bbox 514 595 2099 687; baseline -0.015 -16"><span class='ocrx_word' id='word_1_24' title='bbox 514 619 627 687; x_wconf 84' lang='lat' dir='ltr'><strong>gita</strong></span> <span class='ocrx_word' id='word_1_25' title='bbox 659 614 828 670; x_wconf 87' lang='lat' dir='ltr'><strong>etiam</strong></span> <span class='ocrx_word' id='word_1_26' title='bbox 862 610 933 664; x_wconf 87' lang='lat' dir='ltr'><strong>de</strong></span> <span class='ocrx_word' id='word_1_27' title='bbox 964 608 1145 663; x_wconf 86' lang='lat' dir='ltr'><strong>anima</strong></span> <span class='ocrx_word' id='word_1_28' title='bbox 1176 605 1245 660; x_wconf 89' lang='lat' dir='ltr'><strong>ad</strong></span> <span class='ocrx_word' id='word_1_29' title='bbox 1277 603 1570 674; x_wconf 80' lang='lat' dir='ltr'><strong>imaginem</strong></span> <span class='ocrx_word' id='word_1_30' title='bbox 1601 599 1697 654; x_wconf 88' lang='lat' dir='ltr'><strong>Dei</strong></span> <span class='ocrx_word' id='word_1_31' title='bbox 1730 598 1891 653; x_wconf 77' lang='lat' dir='ltr'><strong>facta.</strong></span> <span class='ocrx_word' id='word_1_32' title='bbox 1922 595 2099 687; x_wconf 83' lang='lat' dir='ltr'><strong>Unam</strong></span> 
     </span>
    </p>
   </div>
   <div class='ocr_carea' id='block_1_5' title="bbox 2237 582 3785 687">
    <p class='ocr_par' dir='ltr' id='par_1_5' title="bbox 2237 582 3785 662">
     <span class='ocr_line' id='line_1_5' title="bbox 2237 582 3785 662; baseline -0.012 -17"><span class='ocrx_word' id='word_1_33' title='bbox 2237 591 2303 662; x_wconf 85' lang='grc' dir='ltr'>ἧς</span> <span class='ocrx_word' id='word_1_34' title='bbox 2364 591 2488 644; x_wconf 85' lang='grc' dir='ltr'>κατ’</span> <span class='ocrx_word' id='word_1_35' title='bbox 2514 588 2705 641; x_wconf 79' lang='grc' dir='ltr'>εἰκόνα</span> <span class='ocrx_word' id='word_1_36' title='bbox 2732 584 2869 639; x_wconf 84' lang='grc' dir='ltr'>Θεοῦ</span> <span class='ocrx_word' id='word_1_37' title='bbox 2914 583 3295 654; x_wconf 80' lang='grc' dir='ltr'><strong>γεγενημένης</strong></span> <span class='ocrx_word' id='word_1_38' title='bbox 3337 582 3536 653; x_wconf 84' lang='grc' dir='ltr'>νόησον</span> <span class='ocrx_word' id='word_1_39' title='bbox 3558 582 3748 654; x_wconf 78' lang='grc' dir='ltr'>ψυχῆς</span> <span class='ocrx_word' id='word_1_40' title='bbox 3768 601 3785 616; x_wconf 77' lang='grc' dir='ltr'><strong>ο</strong></span> 
     </span>
    </p>
   </div>
   <div class='ocr_carea' id='block_1_6' title="bbox 515 675 2132 768">
    <p class='ocr_par' dir='ltr' id='par_1_6' title="bbox 515 675 2102 768">
     <span class='ocr_line' id='line_1_6' title="bbox 515 675 2102 768; baseline -0.014 -8"><span class='ocrx_word' id='word_1_41' title='bbox 515 675 669 760; x_wconf 64' lang='lat' dir='ltr'><strong>cnim</strong></span> <span class='ocrx_word' id='word_1_42' title='bbox 695 702 1058 768; x_wconf 87' lang='lat' dir='ltr'><strong>eamdemque</strong></span> <span class='ocrx_word' id='word_1_43' title='bbox 1087 694 1515 751; x_wconf 79' lang='lat' dir='ltr'><strong>intellectualem</strong></span> <span class='ocrx_word' id='word_1_44' title='bbox 1547 707 1612 746; x_wconf 92' lang='lat' dir='ltr'><strong>ac</strong></span> <span class='ocrx_word' id='word_1_45' title='bbox 1644 688 1968 745; x_wconf 83' lang='lat' dir='ltr'><strong>rationalem</strong></span> <span class='ocrx_word' id='word_1_46' title='bbox 2001 686 2102 739; x_wconf 84' lang='lat' dir='ltr'><strong>ha-</strong></span> 
     </span>
    </p>
   </div>
   <div class='ocr_carea' id='block_1_7' title="bbox 2237 675 3797 768">
    <p class='ocr_par' dir='ltr' id='par_1_7' title="bbox 2237 675 3797 750">
     <span class='ocr_line' id='line_1_7' title="bbox 2237 675 3797 750; baseline -0.004 -16"><span class='ocrx_word' id='word_1_47' title='bbox 2237 682 2336 734; x_wconf 69' lang='grc' dir='ltr'>ιίαν</span> <span class='ocrx_word' id='word_1_48' title='bbox 2390 680 2501 750; x_wconf 78' lang='grc' dir='ltr'>γὰρ</span> <span class='ocrx_word' id='word_1_49' title='bbox 2546 679 2644 732; x_wconf 78' lang='grc' dir='ltr'>καὶ</span> <span class='ocrx_word' id='word_1_50' title='bbox 2701 677 2872 748; x_wconf 77' lang='grc' dir='ltr'>αὐτὴν</span> <span class='ocrx_word' id='word_1_51' title='bbox 2934 675 3130 746; x_wconf 91' lang='grc' dir='ltr'>νοεράν</span> <span class='ocrx_word' id='word_1_52' title='bbox 3159 676 3255 729; x_wconf 69' lang='grc' dir='ltr'>καὶ</span> <span class='ocrx_word' id='word_1_53' title='bbox 3297 676 3525 744; x_wconf 79' lang='grc' dir='ltr'>λογικὴν</span> <span class='ocrx_word' id='word_1_54' title='bbox 3555 675 3797 747; x_wconf 74' lang='grc' dir='ltr'>ἔχειτὴν</span> 
     </span>
    </p>
   </div>
   <div class='ocr_carea' id='block_1_8' title="bbox 520 767 2132 853">
    <p class='ocr_par' dir='ltr' id='par_1_8' title="bbox 520 767 2105 853">
     <span class='ocr_line' id='line_1_8' title="bbox 520 767 2105 853; baseline -0.013 0"><span class='ocrx_word' id='word_1_55' title='bbox 520 799 618 853; x_wconf 89' lang='lat' dir='ltr'><strong>bet</strong></span> <span class='ocrx_word' id='word_1_56' title='bbox 653 767 1025 851; x_wconf 84' lang='lat' dir='ltr'><strong>essentialiter</strong></span> <span class='ocrx_word' id='word_1_57' title='bbox 1060 786 1283 842; x_wconf 86' lang='lat' dir='ltr'><strong>volendi</strong></span> <span class='ocrx_word' id='word_1_58' title='bbox 1322 785 1638 840; x_wconf 81' lang='lat' dir='ltr'><strong>facultatem</strong></span> <span class='ocrx_word' id='word_1_59' title='bbox 1682 797 1846 852; x_wconf 90' lang='lat' dir='ltr'><strong>quam</strong></span> <span class='ocrx_word' id='word_1_60' title='bbox 1889 777 2105 848; x_wconf 88' lang='lat' dir='ltr'><strong>accepit</strong></span> 
     </span>
    </p>
   </div>
   <div class='ocr_carea' id='block_1_9' title="bbox 2237 767 3797 853">
    <p class='ocr_par' dir='ltr' id='par_1_9' title="bbox 2237 767 3797 842">
     <span class='ocr_line' id='line_1_9' title="bbox 2237 767 3797 842; baseline -0.001 -16"><span class='ocrx_word' id='word_1_61' title='bbox 2237 770 2609 842; x_wconf 84' lang='grc' dir='ltr'>πιθυμητικὴν</span> <span class='ocrx_word' id='word_1_62' title='bbox 2638 769 2916 831; x_wconf 82' lang='grc' dir='ltr'>οὐσιωδῶς</span> <span class='ocrx_word' id='word_1_63' title='bbox 2946 767 3204 838; x_wconf 80' lang='grc' dir='ltr'>δύναμιν,</span> <span class='ocrx_word' id='word_1_64' title='bbox 3232 768 3303 840; x_wconf 72' lang='grc' dir='ltr'>ἢν</span> <span class='ocrx_word' id='word_1_65' title='bbox 3332 768 3526 839; x_wconf 75' lang='grc' dir='ltr'>εἴληφε</span> <span class='ocrx_word' id='word_1_66' title='bbox 3562 768 3704 842; x_wconf 75' lang='grc' dir='ltr'>πρὸς</span> <span class='ocrx_word' id='word_1_67' title='bbox 3736 769 3797 824; x_wconf 74' lang='grc' dir='ltr'>τὸ</span> 
     </span>
    </p>
   </div>
   <div class='ocr_carea' id='block_1_10' title="bbox 519 862 2132 958">
    <p class='ocr_par' dir='ltr' id='par_1_10' title="bbox 519 876 2103 958">
     <span class='ocr_line' id='line_1_10' title="bbox 519 876 2103 958; baseline -0.013 -13"><span class='ocrx_word' id='word_1_68' title='bbox 519 890 591 945; x_wconf 84' lang='lat' dir='ltr'><strong>ad</strong></span> <span class='ocrx_word' id='word_1_69' title='bbox 638 883 1016 958; x_wconf 83' lang='lat' dir='ltr'><strong>amplectenda</strong></span> <span class='ocrx_word' id='word_1_70' title='bbox 1065 890 1121 936; x_wconf 92' lang='lat' dir='ltr'><strong>et</strong></span> <span class='ocrx_word' id='word_1_71' title='bbox 1169 878 1525 950; x_wconf 83' lang='lat' dir='ltr'><strong>exsequenda</strong></span> <span class='ocrx_word' id='word_1_72' title='bbox 1570 876 1757 931; x_wconf 91' lang='lat' dir='ltr'><strong>divina</strong></span> <span class='ocrx_word' id='word_1_73' title='bbox 1803 879 2103 944; x_wconf 68' lang='lat' dir='ltr'><strong>praecepta.</strong></span> 
     </span>
    </p>
   </div>
   <div class='ocr_carea' id='block_1_11' title="bbox 2237 862 3794 958">
    <p class='ocr_par' dir='ltr' id='par_1_11' title="bbox 2240 862 3794 939">
     <span class='ocr_line' id='line_1_11' title="bbox 2240 862 3794 939; baseline -0.003 -19"><span class='ocrx_word' id='word_1_74' title='bbox 2240 867 2515 939; x_wconf 85' lang='grc' dir='ltr'>μφύεσθαί</span> <span class='ocrx_word' id='word_1_75' title='bbox 2543 884 2604 920; x_wconf 91' lang='grc' dir='ltr'><strong>τε</strong></span> <span class='ocrx_word' id='word_1_76' title='bbox 2642 865 2737 919; x_wconf 81' lang='grc' dir='ltr'>καὶ</span> <span class='ocrx_word' id='word_1_77' title='bbox 2781 864 3048 935; x_wconf 87' lang='grc' dir='ltr'>πράττειν</span> <span class='ocrx_word' id='word_1_78' title='bbox 3087 864 3157 917; x_wconf 83' lang='grc' dir='ltr'><strong>τά</strong></span> <span class='ocrx_word' id='word_1_79' title='bbox 3183 862 3306 917; x_wconf 81' lang='grc' dir='ltr'>θεῖα</span> <span class='ocrx_word' id='word_1_80' title='bbox 3344 862 3794 934; x_wconf 75' lang='grc' dir='ltr'>προστάγματαο</span> 
     </span>
    </p>
   </div>
   <div class='ocr_carea' id='block_1_12' title="bbox 520 954 2132 1044">
    <p class='ocr_par' dir='ltr' id='par_1_12' title="bbox 520 954 2104 1044">
     <span class='ocr_line' id='line_1_12' title="bbox 520 954 2104 1044; baseline -0.013 -8"><span class='ocrx_word' id='word_1_81' title='bbox 520 980 649 1036; x_wconf 65' lang='lat' dir='ltr'><strong>Haec</strong></span> <span class='ocrx_word' id='word_1_82' title='bbox 674 954 924 1039; x_wconf 78' lang='lat' dir='ltr'><strong>facultas,</strong></span> <span class='ocrx_word' id='word_1_83' title='bbox 950 981 1226 1044; x_wconf 89' lang='lat' dir='ltr'><strong>quatenus</strong></span> <span class='ocrx_word' id='word_1_84' title='bbox 1252 968 1558 1026; x_wconf 86' lang='lat' dir='ltr'><strong>secundum</strong></span> <span class='ocrx_word' id='word_1_85' title='bbox 1585 975 1841 1021; x_wconf 89' lang='lat' dir='ltr'><strong>naturam</strong></span> <span class='ocrx_word' id='word_1_86' title='bbox 1868 962 2104 1027; x_wconf 81' lang='lat' dir='ltr'><strong>exsistit,</strong></span> 
     </span>
    </p>
   </div>
   <div class='ocr_carea' id='block_1_13' title="bbox 2237 954 3798 1044">
    <p class='ocr_par' dir='ltr' id='par_1_13' title="bbox 2237 954 3798 1033">
     <span class='ocr_line' id='line_1_13' title="bbox 2237 954 3798 1033; baseline -0.002 -19"><span class='ocrx_word' id='word_1_87' title='bbox 2237 978 2331 1033; x_wconf 55' lang='lat' dir='ltr'><strong>ﬁt;</strong></span> <span class='ocrx_word' id='word_1_88' title='bbox 2392 960 2623 1030; x_wconf 76' lang='grc' dir='ltr'>δύναμις</span> <span class='ocrx_word' id='word_1_89' title='bbox 2668 956 2814 1011; x_wconf 86' lang='grc' dir='ltr'><strong>κατά</strong></span> <span class='ocrx_word' id='word_1_90' title='bbox 2862 956 3081 1027; x_wconf 80' lang='grc' dir='ltr'>φύσεως</span> <span class='ocrx_word' id='word_1_91' title='bbox 3120 955 3359 1018; x_wconf 86' lang='grc' dir='ltr'>ἐστῶσα,</span> <span class='ocrx_word' id='word_1_92' title='bbox 3394 954 3519 1009; x_wconf 71' lang='grc' dir='ltr'>οὔτε</span> <span class='ocrx_word' id='word_1_93' title='bbox 3548 954 3798 1028; x_wconf 78' lang='grc' dir='ltr'>ἁμαρτία</span> 
     </span>
    </p>
   </div>
   <div class='ocr_carea' id='block_1_14' title="bbox 520 1046 2132 1142">
    <p class='ocr_par' dir='ltr' id='par_1_14' title="bbox 520 1054 2109 1142">
     <span class='ocr_line' id='line_1_14' title="bbox 520 1054 2109 1142; baseline -0.013 -15"><span class='ocrx_word' id='word_1_94' title='bbox 520 1085 704 1142; x_wconf 92' lang='lat' dir='ltr'><strong>neque</strong></span> <span class='ocrx_word' id='word_1_95' title='bbox 738 1076 1027 1140; x_wconf 86' lang='lat' dir='ltr'><strong>peccatum</strong></span> <span class='ocrx_word' id='word_1_96' title='bbox 1062 1078 1246 1134; x_wconf 90' lang='lat' dir='ltr'><strong>neque</strong></span> <span class='ocrx_word' id='word_1_97' title='bbox 1275 1062 1488 1133; x_wconf 73' lang='lat' dir='ltr'><strong>iustitia</strong></span> <span class='ocrx_word' id='word_1_98' title='bbox 1522 1059 1751 1124; x_wconf 89' lang='lat' dir='ltr'><strong>dicitur,</strong></span> <span class='ocrx_word' id='word_1_99' title='bbox 1781 1055 1879 1111; x_wconf 89' lang='lat' dir='ltr'><strong>sed</strong></span> <span class='ocrx_word' id='word_1_100' title='bbox 1911 1054 2109 1108; x_wconf 74' lang='lat' dir='ltr'><strong>anima:</strong></span> 
     </span>
    </p>
   </div>
   <div class='ocr_carea' id='block_1_15' title="bbox 2237 1046 3799 1142">
    <p class='ocr_par' dir='ltr' id='par_1_15' title="bbox 2237 1046 3799 1120">
     <span class='ocr_line' id='line_1_15' title="bbox 2237 1046 3799 1120; baseline -0.001 -16"><span class='ocrx_word' id='word_1_101' title='bbox 2237 1052 2427 1120; x_wconf 83' lang='grc' dir='ltr'>,ἐγεται</span> <span class='ocrx_word' id='word_1_102' title='bbox 2450 1049 2575 1105; x_wconf 72' lang='grc' dir='ltr'>οὔτε</span> <span class='ocrx_word' id='word_1_103' title='bbox 2606 1049 2945 1120; x_wconf 79' lang='grc' dir='ltr'><strong>δικαιοσύνη,</strong></span> <span class='ocrx_word' id='word_1_104' title='bbox 2976 1048 3092 1103; x_wconf 80' lang='grc' dir='ltr'>ἀλλ’</span> <span class='ocrx_word' id='word_1_105' title='bbox 3127 1046 3241 1113; x_wconf 74' lang='grc' dir='ltr'>ἕξις</span> <span class='ocrx_word' id='word_1_106' title='bbox 3287 1048 3473 1119; x_wconf 78' lang='grc' dir='ltr'>ψυχῆς</span> <span class='ocrx_word' id='word_1_107' title='bbox 3512 1048 3799 1119; x_wconf 76' lang='grc' dir='ltr'>θελητικὴ.</span> 
     </span>
    </p>
   </div>
   <div class='ocr_carea' id='block_1_16' title="bbox 520 1139 2132 1224">
    <p class='ocr_par' dir='ltr' id='par_1_16' title="bbox 520 1139 2113 1224">
     <span class='ocr_line' id='line_1_16' title="bbox 520 1139 2113 1224; baseline -0.013 -6"><span class='ocrx_word' id='word_1_108' title='bbox 520 1139 752 1218; x_wconf 84' lang='lat' dir='ltr'><strong>habitus</strong></span> <span class='ocrx_word' id='word_1_109' title='bbox 777 1159 845 1213; x_wconf 91' lang='lat' dir='ltr'><strong>ad</strong></span> <span class='ocrx_word' id='word_1_110' title='bbox 873 1157 1171 1213; x_wconf 87' lang='lat' dir='ltr'><strong>volendum</strong></span> <span class='ocrx_word' id='word_1_111' title='bbox 1206 1162 1389 1224; x_wconf 88' lang='lat' dir='ltr'><strong>aptus.</strong></span> <span class='ocrx_word' id='word_1_112' title='bbox 1420 1153 1538 1207; x_wconf 85' lang='lat' dir='ltr'><strong>Jam</strong></span> <span class='ocrx_word' id='word_1_113' title='bbox 1573 1166 1639 1204; x_wconf 86' lang='lat' dir='ltr'><strong>ex</strong></span> <span class='ocrx_word' id='word_1_114' title='bbox 1674 1149 1780 1203; x_wconf 91' lang='lat' dir='ltr'><strong>hac</strong></span> <span class='ocrx_word' id='word_1_115' title='bbox 1808 1146 2005 1201; x_wconf 68' lang='lat' dir='ltr'><strong>animae</strong></span> <span class='ocrx_word' id='word_1_116' title='bbox 2032 1143 2113 1198; x_wconf 84' lang='lat' dir='ltr'><strong>fa-</strong></span> 
     </span>
    </p>
   </div>
   <div class='ocr_carea' id='block_1_17' title="bbox 2237 1139 3799 1224">
    <p class='ocr_par' dir='ltr' id='par_1_17' title="bbox 2237 1139 3799 1213">
     <span class='ocr_line' id='line_1_17' title="bbox 2237 1139 3799 1213; baseline -0.001 -18"><span class='ocrx_word' id='word_1_117' title='bbox 2237 1142 2434 1213; x_wconf 80' lang='grc' dir='ltr'>Γαύτης</span> <span class='ocrx_word' id='word_1_118' title='bbox 2492 1142 2674 1196; x_wconf 78' lang='grc' dir='ltr'>τοίνυν</span> <span class='ocrx_word' id='word_1_119' title='bbox 2712 1144 2780 1212; x_wconf 78' lang='grc' dir='ltr'><strong>τῇ</strong></span> <span class='ocrx_word' id='word_1_120' title='bbox 2830 1140 3166 1212; x_wconf 81' lang='grc' dir='ltr'>αὐτεξουσίφ</span> <span class='ocrx_word' id='word_1_121' title='bbox 3206 1140 3304 1211; x_wconf 81' lang='grc' dir='ltr'>τῆς</span> <span class='ocrx_word' id='word_1_122' title='bbox 3343 1139 3525 1211; x_wconf 70' lang='grc' dir='ltr'>ψυχῆς</span> <span class='ocrx_word' id='word_1_123' title='bbox 3547 1140 3799 1210; x_wconf 77' lang='grc' dir='ltr'><strong>δυνάμει,</strong></span> 
     </span>
    </p>
   </div>
   <div class='ocr_carea' id='block_1_18' title="bbox 522 1230 2132 1320">
    <p class='ocr_par' dir='ltr' id='par_1_18' title="bbox 522 1237 2112 1320">
     <span class='ocr_line' id='line_1_18' title="bbox 522 1237 2112 1320; baseline -0.01 -12"><span class='ocrx_word' id='word_1_124' title='bbox 522 1254 749 1317; x_wconf 89' lang='lat' dir='ltr'><strong>cultate,</strong></span> <span class='ocrx_word' id='word_1_125' title='bbox 776 1265 899 1320; x_wconf 72' lang='lat' dir='ltr'><strong>quae</strong></span> <span class='ocrx_word' id='word_1_126' title='bbox 928 1249 1106 1305; x_wconf 90' lang='lat' dir='ltr'><strong>libero</strong></span> <span class='ocrx_word' id='word_1_127' title='bbox 1137 1245 1342 1318; x_wconf 80' lang='lat' dir='ltr'><strong>gaudet</strong></span> <span class='ocrx_word' id='word_1_128' title='bbox 1371 1243 1625 1306; x_wconf 90' lang='lat' dir='ltr'><strong>arbitrio,</strong></span> <span class='ocrx_word' id='word_1_129' title='bbox 1655 1240 1778 1296; x_wconf 86' lang='lat' dir='ltr'><strong>dua:</strong></span> <span class='ocrx_word' id='word_1_130' title='bbox 1809 1237 2112 1293; x_wconf 81' lang='lat' dir='ltr'><strong>voluntatis</strong></span> 
     </span>
    </p>
   </div>
   <div class='ocr_carea' id='block_1_19' title="bbox 2237 1230 3803 1320">
    <p class='ocr_par' dir='ltr' id='par_1_19' title="bbox 2237 1230 3803 1306">
     <span class='ocr_line' id='line_1_19' title="bbox 2237 1230 3803 1306; baseline -0.001 -20"><span class='ocrx_word' id='word_1_131' title='bbox 2237 1234 2541 1306; x_wconf 68' lang='grc' dir='ltr'>ιελημάτων</span> <span class='ocrx_word' id='word_1_132' title='bbox 2569 1232 2837 1303; x_wconf 78' lang='grc' dir='ltr'>προϐολαὶ</span> <span class='ocrx_word' id='word_1_133' title='bbox 2887 1232 3133 1301; x_wconf 90' lang='grc' dir='ltr'>γίνονται</span> <span class='ocrx_word' id='word_1_134' title='bbox 3171 1230 3286 1297; x_wconf 78' lang='grc' dir='ltr'>δύο,</span> <span class='ocrx_word' id='word_1_135' title='bbox 3321 1230 3467 1300; x_wconf 81' lang='grc' dir='ltr'>λέγω</span> <span class='ocrx_word' id='word_1_136' title='bbox 3496 1231 3576 1295; x_wconf 84' lang='grc' dir='ltr'>δὲ,</span> <span class='ocrx_word' id='word_1_137' title='bbox 3613 1230 3803 1284; x_wconf 82' lang='grc' dir='ltr'>θεῖκοῦ</span> 
     </span>
    </p>
   </div>
   <div class='ocr_carea' id='block_1_20' title="bbox 521 1320 2132 1410">
    <p class='ocr_par' dir='ltr' id='par_1_20' title="bbox 521 1327 2111 1410">
     <span class='ocr_line' id='line_1_20' title="bbox 521 1327 2111 1410; baseline -0.011 -12"><span class='ocrx_word' id='word_1_138' title='bbox 521 1351 861 1398; x_wconf 88' lang='lat' dir='ltr'><strong>enascuntur</strong></span> <span class='ocrx_word' id='word_1_139' title='bbox 891 1339 1133 1410; x_wconf 88' lang='lat' dir='ltr'><strong>species,</strong></span> <span class='ocrx_word' id='word_1_140' title='bbox 1168 1337 1356 1392; x_wconf 86' lang='lat' dir='ltr'><strong>divina</strong></span> <span class='ocrx_word' id='word_1_141' title='bbox 1387 1334 1652 1389; x_wconf 89' lang='lat' dir='ltr'><strong>nimirum</strong></span> <span class='ocrx_word' id='word_1_142' title='bbox 1680 1341 1737 1387; x_wconf 90' lang='lat' dir='ltr'><strong>et</strong></span> <span class='ocrx_word' id='word_1_143' title='bbox 1765 1330 1929 1384; x_wconf 89' lang='lat' dir='ltr'><strong>mala.</strong></span> <span class='ocrx_word' id='word_1_144' title='bbox 1955 1327 2111 1395; x_wconf 83' lang='lat' dir='ltr'><strong>Quod</strong></span> 
     </span>
    </p>
   </div>
   <div class='ocr_carea' id='block_1_21' title="bbox 2237 1320 3807 1410">
    <p class='ocr_par' dir='ltr' id='par_1_21' title="bbox 2237 1320 3807 1395">
     <span class='ocr_line' id='line_1_21' title="bbox 2237 1320 3807 1395; baseline -0.002 -19"><span class='ocrx_word' id='word_1_145' title='bbox 2237 1343 2275 1379; x_wconf 78' lang='lat' dir='ltr'><strong>rs</strong></span> <span class='ocrx_word' id='word_1_146' title='bbox 2314 1325 2409 1379; x_wconf 69' lang='lat' dir='ltr'><strong>xui.</strong></span> <span class='ocrx_word' id='word_1_147' title='bbox 2438 1325 2678 1395; x_wconf 88' lang='grc' dir='ltr'>πονηροῦ</span> <span class='ocrx_word' id='word_1_148' title='bbox 2701 1336 2718 1355; x_wconf 81' lang='grc'><strong>⁸</strong></span> <span class='ocrx_word' id='word_1_149' title='bbox 2741 1323 2838 1377; x_wconf 61' lang='grc' dir='ltr'><strong>καὶ⁸</strong></span> <span class='ocrx_word' id='word_1_150' title='bbox 2865 1324 2956 1377; x_wconf 84' lang='grc' dir='ltr'>ὅτε</span> <span class='ocrx_word' id='word_1_151' title='bbox 2990 1323 3090 1393; x_wconf 81' lang='grc' dir='ltr'>μὲν</span> <span class='ocrx_word' id='word_1_152' title='bbox 3115 1320 3214 1394; x_wconf 82' lang='grc' dir='ltr'>τὴν</span> <span class='ocrx_word' id='word_1_153' title='bbox 3248 1322 3422 1393; x_wconf 77' lang='grc' dir='ltr'>ῥοπὴν</span> <span class='ocrx_word' id='word_1_154' title='bbox 3448 1321 3636 1392; x_wconf 87' lang='grc' dir='ltr'>δῶμεν</span> <span class='ocrx_word' id='word_1_155' title='bbox 3668 1322 3807 1393; x_wconf 71' lang='grc' dir='ltr'>πρὸς</span> 
     </span>
    </p>
   </div>
   <div class='ocr_carea' id='block_1_22' title="bbox 524 1413 2132 1503">
    <p class='ocr_par' dir='ltr' id='par_1_22' title="bbox 524 1421 2115 1503">
     <span class='ocr_line' id='line_1_22' title="bbox 524 1421 2115 1503; baseline -0.01 -13"><span class='ocrx_word' id='word_1_156' title='bbox 524 1436 570 1489; x_wconf 89' lang='lat' dir='ltr'><strong>si</strong></span> <span class='ocrx_word' id='word_1_157' title='bbox 603 1435 672 1489; x_wconf 92' lang='lat' dir='ltr'><strong>ad</strong></span> <span class='ocrx_word' id='word_1_158' title='bbox 703 1434 801 1489; x_wconf 88' lang='lat' dir='ltr'><strong>Dei</strong></span> <span class='ocrx_word' id='word_1_159' title='bbox 830 1441 1167 1503; x_wconf 61' lang='lat' dir='ltr'><strong>praeceptum</strong></span> <span class='ocrx_word' id='word_1_160' title='bbox 1199 1429 1561 1492; x_wconf 90' lang='lat' dir='ltr'><strong>inclinamus,</strong></span> <span class='ocrx_word' id='word_1_161' title='bbox 1591 1425 1776 1480; x_wconf 88' lang='lat' dir='ltr'><strong>divina</strong></span> <span class='ocrx_word' id='word_1_162' title='bbox 1807 1421 2115 1494; x_wconf 83' lang='lat' dir='ltr'><strong>appellatur</strong></span> 
     </span>
    </p>
   </div>
   <div class='ocr_carea' id='block_1_23' title="bbox 2237 1413 3805 1503">
    <p class='ocr_par' dir='ltr' id='par_1_23' title="bbox 2237 1413 3805 1487">
     <span class='ocr_line' id='line_1_23' title="bbox 2237 1413 3805 1487; baseline -0.001 -19"><span class='ocrx_word' id='word_1_163' title='bbox 2237 1416 2316 1487; x_wconf 76' lang='grc' dir='ltr'><strong>τὴν</strong></span> <span class='ocrx_word' id='word_1_164' title='bbox 2351 1415 2572 1487; x_wconf 78' lang='grc' dir='ltr'>ἐντολὴν</span> <span class='ocrx_word' id='word_1_165' title='bbox 2612 1414 2706 1469; x_wconf 87' lang='grc' dir='ltr'><strong>τοῦ</strong></span> <span class='ocrx_word' id='word_1_166' title='bbox 2769 1414 2929 1479; x_wconf 86' lang='grc' dir='ltr'>Θεοῦ,</span> <span class='ocrx_word' id='word_1_167' title='bbox 2956 1414 3139 1469; x_wconf 82' lang='grc' dir='ltr'>θεῖκὸν</span> <span class='ocrx_word' id='word_1_168' title='bbox 3182 1414 3511 1485; x_wconf 82' lang='grc' dir='ltr'>ὀνομάζεται</span> <span class='ocrx_word' id='word_1_169' title='bbox 3552 1413 3718 1484; x_wconf 79' lang='grc' dir='ltr'>ἡμῶν</span> <span class='ocrx_word' id='word_1_170' title='bbox 3746 1413 3805 1467; x_wconf 84' lang='grc' dir='ltr'><strong>τδ</strong></span> 
     </span>
    </p>
   </div>
   <div class='ocr_carea' id='block_1_24' title="bbox 523 1504 2132 1589">
    <p class='ocr_par' dir='ltr' id='par_1_24' title="bbox 523 1510 2114 1589">
     <span class='ocr_line' id='line_1_24' title="bbox 523 1510 2114 1589; baseline -0.01 -9"><span class='ocrx_word' id='word_1_171' title='bbox 523 1527 809 1589; x_wconf 83' lang='lat' dir='ltr'><strong>voluntas,</strong></span> <span class='ocrx_word' id='word_1_172' title='bbox 840 1539 950 1577; x_wconf 91' lang='lat' dir='ltr'><strong>non</strong></span> <span class='ocrx_word' id='word_1_173' title='bbox 981 1520 1288 1578; x_wconf 89' lang='lat' dir='ltr'><strong>secundum</strong></span> <span class='ocrx_word' id='word_1_174' title='bbox 1321 1518 1649 1580; x_wconf 88' lang='lat' dir='ltr'><strong>essentiam,</strong></span> <span class='ocrx_word' id='word_1_175' title='bbox 1683 1514 1778 1570; x_wconf 89' lang='lat' dir='ltr'><strong>sed</strong></span> <span class='ocrx_word' id='word_1_176' title='bbox 1811 1510 2114 1568; x_wconf 87' lang='lat' dir='ltr'><strong>secundum</strong></span> 
     </span>
    </p>
   </div>
   <div class='ocr_carea' id='block_1_25' title="bbox 2237 1504 3808 1589">
    <p class='ocr_par' dir='ltr' id='par_1_25' title="bbox 2237 1504 3808 1578">
     <span class='ocr_line' id='line_1_25' title="bbox 2237 1504 3808 1578; baseline -0.002 -17"><span class='ocrx_word' id='word_1_177' title='bbox 2237 1507 2454 1578; x_wconf 78' lang='grc' dir='ltr'>Ιέλημα,</span> <span class='ocrx_word' id='word_1_178' title='bbox 2475 1508 2537 1563; x_wconf 85' lang='grc' dir='ltr'>οὐ</span> <span class='ocrx_word' id='word_1_179' title='bbox 2565 1507 2688 1562; x_wconf 83' lang='grc' dir='ltr'>κατ’</span> <span class='ocrx_word' id='word_1_180' title='bbox 2712 1508 2925 1573; x_wconf 84' lang='grc' dir='ltr'>οὐσίαν,</span> <span class='ocrx_word' id='word_1_181' title='bbox 2949 1507 3086 1561; x_wconf 86' lang='grc' dir='ltr'><strong>ἀλλά</strong></span> <span class='ocrx_word' id='word_1_182' title='bbox 3109 1504 3253 1560; x_wconf 87' lang='grc' dir='ltr'><strong>κατά</strong></span> <span class='ocrx_word' id='word_1_183' title='bbox 3280 1506 3380 1578; x_wconf 76' lang='grc' dir='ltr'>τὴν</span> <span class='ocrx_word' id='word_1_184' title='bbox 3409 1504 3612 1576; x_wconf 77' lang='grc' dir='ltr'>πρᾶξιν</span> <span class='ocrx_word' id='word_1_185' title='bbox 3640 1523 3655 1536; x_wconf 79' lang='grc'><strong><em>⁸</em></strong></span> <span class='ocrx_word' id='word_1_186' title='bbox 3678 1506 3808 1560; x_wconf 81' lang='grc' dir='ltr'>ὅταν</span> 
     </span>
    </p>
   </div>
   <div class='ocr_carea' id='block_1_26' title="bbox 526 1596 2132 1678">
    <p class='ocr_par' dir='ltr' id='par_1_26' title="bbox 526 1608 2116 1678">
     <span class='ocr_line' id='line_1_26' title="bbox 526 1608 2116 1678; baseline -0.01 -4"><span class='ocrx_word' id='word_1_187' title='bbox 526 1628 713 1674; x_wconf 88' lang='lat' dir='ltr'><strong>actum</strong></span> <span class='ocrx_word' id='word_1_188' title='bbox 751 1634 766 1670; x_wconf 87' lang='lat'><strong>:</strong></span> <span class='ocrx_word' id='word_1_189' title='bbox 804 1616 901 1670; x_wconf 86' lang='lat' dir='ltr'><strong>ubi</strong></span> <span class='ocrx_word' id='word_1_190' title='bbox 936 1630 1071 1669; x_wconf 89' lang='lat' dir='ltr'><strong>vero</strong></span> <span class='ocrx_word' id='word_1_191' title='bbox 1110 1612 1177 1668; x_wconf 90' lang='lat' dir='ltr'><strong>ad</strong></span> <span class='ocrx_word' id='word_1_192' title='bbox 1222 1610 1597 1665; x_wconf 87' lang='lat' dir='ltr'><strong>obedientiam</strong></span> <span class='ocrx_word' id='word_1_193' title='bbox 1641 1608 1773 1662; x_wconf 89' lang='lat' dir='ltr'><strong>mali</strong></span> <span class='ocrx_word' id='word_1_194' title='bbox 1817 1608 2116 1678; x_wconf 89' lang='lat' dir='ltr'><strong>abripitur,</strong></span> 
     </span>
    </p>
   </div>
   <div class='ocr_carea' id='block_1_27' title="bbox 2237 1596 3805 1678">
    <p class='ocr_par' dir='ltr' id='par_1_27' title="bbox 2237 1596 3805 1670">
     <span class='ocr_line' id='line_1_27' title="bbox 2237 1596 3805 1670; baseline 0 -20"><span class='ocrx_word' id='word_1_195' title='bbox 2237 1597 2277 1651; x_wconf 77' lang='grc' dir='ltr'><strong>ῑέ</strong></span> <span class='ocrx_word' id='word_1_196' title='bbox 2313 1596 2482 1652; x_wconf 80' lang='grc' dir='ltr'>πάλιν</span> <span class='ocrx_word' id='word_1_197' title='bbox 2507 1597 2648 1669; x_wconf 79' lang='grc' dir='ltr'>πρὸς</span> <span class='ocrx_word' id='word_1_198' title='bbox 2676 1598 2778 1669; x_wconf 83' lang='grc' dir='ltr'>τὴν</span> <span class='ocrx_word' id='word_1_199' title='bbox 2822 1597 3074 1670; x_wconf 81' lang='grc' dir='ltr'>ὑπακοὴν</span> <span class='ocrx_word' id='word_1_200' title='bbox 3133 1596 3233 1652; x_wconf 90' lang='grc' dir='ltr'><strong>τοῦ</strong></span> <span class='ocrx_word' id='word_1_201' title='bbox 3277 1596 3523 1668; x_wconf 82' lang='grc' dir='ltr'>πονηροῦ</span> <span class='ocrx_word' id='word_1_202' title='bbox 3562 1597 3805 1652; x_wconf 70' lang='grc' dir='ltr'><strong>κατασιῑε⁵</strong></span> 
     </span>
    </p>
   </div>
   <div class='ocr_carea' id='block_1_28' title="bbox 529 1688 2132 1767">
    <p class='ocr_par' dir='ltr' id='par_1_28' title="bbox 529 1697 2117 1767">
     <span class='ocr_line' id='line_1_28' title="bbox 529 1697 2117 1767; baseline -0.007 -6"><span class='ocrx_word' id='word_1_203' title='bbox 529 1716 647 1763; x_wconf 90' lang='lat' dir='ltr'><strong>tum</strong></span> <span class='ocrx_word' id='word_1_204' title='bbox 703 1706 942 1762; x_wconf 89' lang='lat' dir='ltr'><strong>carnalis</strong></span> <span class='ocrx_word' id='word_1_205' title='bbox 997 1702 1196 1758; x_wconf 90' lang='lat' dir='ltr'><strong>merito</strong></span> <span class='ocrx_word' id='word_1_206' title='bbox 1249 1708 1482 1754; x_wconf 87' lang='lat' dir='ltr'><strong>vocatur</strong></span> <span class='ocrx_word' id='word_1_207' title='bbox 1538 1699 1814 1754; x_wconf 88' lang='lat' dir='ltr'><strong>voluntas.</strong></span> <span class='ocrx_word' id='word_1_208' title='bbox 1868 1697 2117 1767; x_wconf 84' lang='lat' dir='ltr'><strong>Exempli</strong></span> 
     </span>
    </p>
   </div>
   <div class='ocr_carea' id='block_1_29' title="bbox 2237 1688 3809 1767">
    <p class='ocr_par' dir='ltr' id='par_1_29' title="bbox 2237 1688 3809 1763">
     <span class='ocr_line' id='line_1_29' title="bbox 2237 1688 3809 1763; baseline 0 -21"><span class='ocrx_word' id='word_1_209' title='bbox 2237 1706 2411 1758; x_wconf 69' lang='grc' dir='ltr'>οηται,</span> <span class='ocrx_word' id='word_1_210' title='bbox 2470 1690 2592 1743; x_wconf 87' lang='grc' dir='ltr'>τότε</span> <span class='ocrx_word' id='word_1_211' title='bbox 2648 1690 2913 1763; x_wconf 84' lang='grc' dir='ltr'>σαρκικὸν</span> <span class='ocrx_word' id='word_1_212' title='bbox 2959 1689 3185 1753; x_wconf 80' lang='grc' dir='ltr'><strong>εἰκότως</strong></span> <span class='ocrx_word' id='word_1_213' title='bbox 3218 1688 3693 1761; x_wconf 77' lang='grc' dir='ltr'>προσαγορεύεται</span> <span class='ocrx_word' id='word_1_214' title='bbox 3722 1688 3809 1742; x_wconf 74' lang='grc' dir='ltr'><strong>θέ-</strong></span> 
     </span>
    </p>
   </div>
   <div class='ocr_carea' id='block_1_30' title="bbox 528 1776 2132 1863">
    <p class='ocr_par' dir='ltr' id='par_1_30' title="bbox 528 1788 2121 1863">
     <span class='ocr_line' id='line_1_30' title="bbox 528 1788 2121 1863; baseline -0.009 -7"><span class='ocrx_word' id='word_1_215' title='bbox 528 1815 715 1863; x_wconf 87' lang='lat' dir='ltr'><strong>causa,</strong></span> <span class='ocrx_word' id='word_1_216' title='bbox 748 1807 960 1852; x_wconf 85' lang='lat' dir='ltr'><strong>naturae</strong></span> <span class='ocrx_word' id='word_1_217' title='bbox 985 1806 1192 1851; x_wconf 65' lang='lat' dir='ltr'><strong>nostra:</strong></span> <span class='ocrx_word' id='word_1_218' title='bbox 1222 1792 1615 1848; x_wconf 88' lang='lat' dir='ltr'><strong>intellectualis</strong></span> <span class='ocrx_word' id='word_1_219' title='bbox 1639 1790 1896 1843; x_wconf 88' lang='lat' dir='ltr'><strong>voluntas</strong></span> <span class='ocrx_word' id='word_1_220' title='bbox 1925 1788 2031 1843; x_wconf 82' lang='lat' dir='ltr'><strong>fert</strong></span> <span class='ocrx_word' id='word_1_221' title='bbox 2060 1795 2121 1843; x_wconf 89' lang='lat' dir='ltr'><strong>ut</strong></span> 
     </span>
    </p>
   </div>
   <div class='ocr_carea' id='block_1_31' title="bbox 2237 1776 3809 1863">
    <p class='ocr_par' dir='ltr' id='par_1_31' title="bbox 2237 1776 3809 1855">
     <span class='ocr_line' id='line_1_31' title="bbox 2237 1776 3809 1855; baseline 0.002 -22"><span class='ocrx_word' id='word_1_222' title='bbox 2237 1791 2376 1853; x_wconf 66' lang='grc' dir='ltr'>ιημα</span> <span class='ocrx_word' id='word_1_223' title='bbox 2403 1797 2420 1813; x_wconf 89' lang='grc'><strong>·</strong></span> <span class='ocrx_word' id='word_1_224' title='bbox 2457 1776 2571 1837; x_wconf 77' lang='grc' dir='ltr'>οἷον</span> <span class='ocrx_word' id='word_1_225' title='bbox 2618 1783 2755 1854; x_wconf 84' lang='grc' dir='ltr'>φέρε</span> <span class='ocrx_word' id='word_1_226' title='bbox 2820 1784 3019 1850; x_wconf 77' lang='grc' dir='ltr'>εἰπεῖν,</span> <span class='ocrx_word' id='word_1_227' title='bbox 3047 1785 3146 1855; x_wconf 77' lang='grc' dir='ltr'>τῆς</span> <span class='ocrx_word' id='word_1_228' title='bbox 3186 1781 3405 1852; x_wconf 83' lang='grc' dir='ltr'>φύσεως</span> <span class='ocrx_word' id='word_1_229' title='bbox 3434 1782 3535 1852; x_wconf 81' lang='grc' dir='ltr'>τῆς</span> <span class='ocrx_word' id='word_1_230' title='bbox 3582 1779 3809 1853; x_wconf 77' lang='grc' dir='ltr'>λογικῆς</span> 
     </span>
    </p>
   </div>
   <div class='ocr_carea' id='block_1_32' title="bbox 528 1872 2132 1962">
    <p class='ocr_par' dir='ltr' id='par_1_32' title="bbox 528 1884 2119 1962">
     <span class='ocr_line' id='line_1_32' title="bbox 528 1884 2119 1962; baseline -0.009 -14"><span class='ocrx_word' id='word_1_231' title='bbox 528 1895 696 1948; x_wconf 90' lang='lat' dir='ltr'><strong>vitam</strong></span> <span class='ocrx_word' id='word_1_232' title='bbox 733 1892 1065 1962; x_wconf 87' lang='lat' dir='ltr'><strong>diligamus;</strong></span> <span class='ocrx_word' id='word_1_233' title='bbox 1090 1888 1330 1943; x_wconf 88' lang='lat' dir='ltr'><strong>carnalis</strong></span> <span class='ocrx_word' id='word_1_234' title='bbox 1371 1893 1553 1940; x_wconf 89' lang='lat' dir='ltr'><strong>autem</strong></span> <span class='ocrx_word' id='word_1_235' title='bbox 1587 1884 1865 1947; x_wconf 87' lang='lat' dir='ltr'><strong>voluntas,</strong></span> <span class='ocrx_word' id='word_1_236' title='bbox 1898 1890 1962 1936; x_wconf 87' lang='lat' dir='ltr'><strong>ut</strong></span> <span class='ocrx_word' id='word_1_237' title='bbox 1993 1895 2119 1936; x_wconf 87' lang='lat' dir='ltr'><strong>cum</strong></span> 
     </span>
    </p>
   </div>
   <div class='ocr_carea' id='block_1_33' title="bbox 2237 1872 3810 1962">
    <p class='ocr_par' dir='ltr' id='par_1_33' title="bbox 2237 1872 3810 1947">
     <span class='ocr_line' id='line_1_33' title="bbox 2237 1872 3810 1947; baseline -0.001 -20"><span class='ocrx_word' id='word_1_238' title='bbox 2237 1872 2384 1944; x_wconf 64' lang='grc' dir='ltr'>ἡμῶν</span> <span class='ocrx_word' id='word_1_239' title='bbox 2440 1875 2557 1929; x_wconf 89' lang='grc' dir='ltr'>ἐστι</span> <span class='ocrx_word' id='word_1_240' title='bbox 2590 1875 2808 1947; x_wconf 85' lang='grc' dir='ltr'>θέλησις</span> <span class='ocrx_word' id='word_1_241' title='bbox 2853 1874 2915 1928; x_wconf 87' lang='grc' dir='ltr'><strong>τδ</strong></span> <span class='ocrx_word' id='word_1_242' title='bbox 2946 1874 3169 1945; x_wconf 83' lang='grc' dir='ltr'>ἀγαπᾷν</span> <span class='ocrx_word' id='word_1_243' title='bbox 3195 1873 3299 1945; x_wconf 80' lang='grc' dir='ltr'>τὴν</span> <span class='ocrx_word' id='word_1_244' title='bbox 3338 1874 3485 1945; x_wconf 83' lang='grc' dir='ltr'>ζωήν</span> <span class='ocrx_word' id='word_1_245' title='bbox 3510 1889 3525 1903; x_wconf 90' lang='grc'><strong>·</strong></span> <span class='ocrx_word' id='word_1_246' title='bbox 3564 1875 3810 1943; x_wconf 71' lang='grc' dir='ltr'>σαρκικὴ</span> 
     </span>
    </p>
   </div>
   <div class='ocr_carea' id='block_1_34' title="bbox 529 1964 2132 2058">
    <p class='ocr_par' dir='ltr' id='par_1_34' title="bbox 529 1974 2117 2058">
     <span class='ocr_line' id='line_1_34' title="bbox 529 1974 2117 2058; baseline -0.009 -15"><span class='ocrx_word' id='word_1_247' title='bbox 529 1987 731 2043; x_wconf 75' lang='lat' dir='ltr'><strong>aﬂ‘ectu</strong></span> <span class='ocrx_word' id='word_1_248' title='bbox 755 1984 1083 2055; x_wconf 87' lang='lat' dir='ltr'><strong>diligamus;</strong></span> <span class='ocrx_word' id='word_1_249' title='bbox 1105 1980 1291 2035; x_wconf 84' lang='lat' dir='ltr'><strong>divina</strong></span> <span class='ocrx_word' id='word_1_250' title='bbox 1312 1978 1553 2058; x_wconf 82' lang='lat' dir='ltr'><strong>denique</strong></span> <span class='ocrx_word' id='word_1_251' title='bbox 1574 1976 1927 2039; x_wconf 88' lang='lat' dir='ltr'><strong>voluntas,ut</strong></span> <span class='ocrx_word' id='word_1_252' title='bbox 1946 1974 2117 2029; x_wconf 89' lang='lat' dir='ltr'><strong>vitam</strong></span> 
     </span>
    </p>
   </div>
   <div class='ocr_carea' id='block_1_35' title="bbox 2237 1964 3810 2058">
    <p class='ocr_par' dir='ltr' id='par_1_35' title="bbox 2237 1964 3810 2038">
     <span class='ocr_line' id='line_1_35' title="bbox 2237 1964 3810 2038; baseline 0.001 -19"><span class='ocrx_word' id='word_1_253' title='bbox 2237 1966 2277 2019; x_wconf 72' lang='grc' dir='ltr'><strong>ῑέ</strong></span> <span class='ocrx_word' id='word_1_254' title='bbox 2311 1966 2476 2021; x_wconf 85' lang='grc' dir='ltr'>πάλιν</span> <span class='ocrx_word' id='word_1_255' title='bbox 2533 1966 2791 2038; x_wconf 83' lang='grc' dir='ltr'>βούλησις</span> <span class='ocrx_word' id='word_1_256' title='bbox 2835 1966 2897 2021; x_wconf 81' lang='grc' dir='ltr'>τὸ</span> <span class='ocrx_word' id='word_1_257' title='bbox 2942 1966 3207 2037; x_wconf 85' lang='grc' dir='ltr'>ἐμπαθῶς</span> <span class='ocrx_word' id='word_1_258' title='bbox 3237 1967 3372 2038; x_wconf 61' lang='grc' dir='ltr'><strong>ζῇν</strong></span> <span class='ocrx_word' id='word_1_259' title='bbox 3409 1966 3597 2020; x_wconf 82' lang='grc' dir='ltr'>θεῖκδν</span> <span class='ocrx_word' id='word_1_260' title='bbox 3628 1966 3690 2019; x_wconf 83' lang='grc' dir='ltr'><strong>δέ</strong></span> <span class='ocrx_word' id='word_1_261' title='bbox 3723 1964 3810 2020; x_wconf 81' lang='grc' dir='ltr'>θέ-</span> 
     </span>
    </p>
   </div>
   <div class='ocr_carea' id='block_1_36' title="bbox 530 2071 1577 2145">
    <p class='ocr_par' dir='ltr' id='par_1_36' title="bbox 530 2071 1577 2145">
     <span class='ocr_line' id='line_1_36' title="bbox 530 2071 1577 2145; baseline -0.01 -10"><span class='ocrx_word' id='word_1_262' title='bbox 530 2088 952 2136; x_wconf 90' lang='lat' dir='ltr'><strong>contemnamus</strong></span> <span class='ocrx_word' id='word_1_263' title='bbox 981 2075 1145 2145; x_wconf 85' lang='lat' dir='ltr'><strong>eique</strong></span> <span class='ocrx_word' id='word_1_264' title='bbox 1173 2071 1577 2127; x_wconf 87' lang='lat' dir='ltr'><strong>renuntiemus.</strong></span> 
     </span>
    </p>
   </div>
   <div class='ocr_carea' id='block_1_37' title="bbox 532 2195 2120 2272">
    <p class='ocr_par' dir='ltr' id='par_1_37' title="bbox 532 2195 2120 2272">
     <span class='ocr_line' id='line_1_37' title="bbox 532 2195 2120 2272; baseline -0.009 -9"><span class='ocrx_word' id='word_1_265' title='bbox 532 2206 811 2272; x_wconf 75' lang='lat' dir='ltr'><strong>Eiusdem,</strong></span> <span class='ocrx_word' id='word_1_266' title='bbox 838 2205 902 2257; x_wconf 85' lang='lat' dir='ltr'><strong>de</strong></span> <span class='ocrx_word' id='word_1_267' title='bbox 921 2205 1163 2257; x_wconf 80' lang='lat' dir='ltr'><strong>oratione</strong></span> <span class='ocrx_word' id='word_1_268' title='bbox 1182 2203 1236 2255; x_wconf 77' lang='lat' dir='ltr'><strong>in</strong></span> <span class='ocrx_word' id='word_1_269' title='bbox 1263 2202 1357 2254; x_wconf 86' lang='lat' dir='ltr'><strong>hoc</strong></span> <span class='ocrx_word' id='word_1_270' title='bbox 1384 2197 1620 2272; x_wconf 81' lang='lat' dir='ltr'><strong>Apostoli</strong></span> <span class='ocrx_word' id='word_1_271' title='bbox 1652 2198 1865 2272; x_wconf 70' lang='lat' dir='ltr'><strong>verbum</strong></span> <span class='ocrx_word' id='word_1_272' title='bbox 1888 2212 1906 2251; x_wconf 90' lang='lat'><strong><em>:</em></strong></span> <span class='ocrx_word' id='word_1_273' title='bbox 1943 2215 1960 2247; x_wconf 78' lang='grc' dir='ltr'><strong>ι</strong></span> <span class='ocrx_word' id='word_1_274' title='bbox 1991 2195 2120 2252; x_wconf 88' lang='lat' dir='ltr'><strong>0m-</strong></span> 
     </span>
    </p>
   </div>
   <div class='ocr_carea' id='block_1_38' title="bbox 787 2270 1892 2345">
    <p class='ocr_par' dir='ltr' id='par_1_38' title="bbox 787 2270 1892 2345">
     <span class='ocr_line' id='line_1_38' title="bbox 787 2270 1892 2345; baseline -0.009 -15"><span class='ocrx_word' id='word_1_275' title='bbox 787 2278 878 2330; x_wconf 83' lang='lat' dir='ltr'><strong>m&#39;a</strong></span> <span class='ocrx_word' id='word_1_276' title='bbox 913 2284 1159 2345; x_wconf 76' lang='lat' dir='ltr'><strong>expertus</strong></span> <span class='ocrx_word' id='word_1_277' title='bbox 1190 2273 1384 2342; x_wconf 82' lang='lat' dir='ltr'><strong>absque</strong></span> <span class='ocrx_word' id='word_1_278' title='bbox 1416 2271 1528 2324; x_wconf 82' lang='lat' dir='ltr'><strong>solo</strong></span> <span class='ocrx_word' id='word_1_279' title='bbox 1559 2279 1770 2341; x_wconf 84' lang='lat' dir='ltr'><strong>peccato</strong></span> <span class='ocrx_word' id='word_1_280' title='bbox 1793 2270 1836 2322; x_wconf 69' lang='grc' dir='ltr'>θ.</span> <span class='ocrx_word' id='word_1_281' title='bbox 1874 2287 1892 2319; x_wconf 78' lang='grc' dir='ltr'><strong>ι</strong></span> 
     </span>
    </p>
   </div>
   <div class='ocr_carea' id='block_1_39' title="bbox 607 2422 2124 2494">
    <p class='ocr_par' dir='ltr' id='par_1_39' title="bbox 607 2422 2124 2494">
     <span class='ocr_line' id='line_1_39' title="bbox 607 2422 2124 2494; baseline -0.007 -7"><span class='ocrx_word' id='word_1_282' title='bbox 607 2432 820 2488; x_wconf 64' lang='lat' dir='ltr'><strong>Exinde</strong></span> <span class='ocrx_word' id='word_1_283' title='bbox 852 2432 1042 2486; x_wconf 86' lang='lat' dir='ltr'><strong>Patres</strong></span> <span class='ocrx_word' id='word_1_284' title='bbox 1086 2427 1337 2483; x_wconf 89' lang='lat' dir='ltr'><strong>unanimi</strong></span> <span class='ocrx_word' id='word_1_285' title='bbox 1366 2441 1505 2481; x_wconf 83' lang='lat' dir='ltr'><strong>voce</strong></span> <span class='ocrx_word' id='word_1_286' title='bbox 1556 2432 1898 2480; x_wconf 87' lang='lat' dir='ltr'><strong>venerantur</strong></span> <span class='ocrx_word' id='word_1_287' title='bbox 1935 2422 2124 2494; x_wconf 79' lang='lat' dir='ltr'><strong>perfe-</strong></span> 
     </span>
    </p>
   </div>
   <div class='ocr_carea' id='block_1_40' title="bbox 534 2514 2128 2581">
    <p class='ocr_par' dir='ltr' id='par_1_40' title="bbox 534 2514 2128 2581">
     <span class='ocr_line' id='line_1_40' title="bbox 534 2514 2128 2581; baseline -0.007 -1"><span class='ocrx_word' id='word_1_288' title='bbox 534 2534 685 2580; x_wconf 89' lang='lat' dir='ltr'><strong>ctum</strong></span> <span class='ocrx_word' id='word_1_289' title='bbox 708 2523 991 2579; x_wconf 86' lang='lat' dir='ltr'><strong>Christum</strong></span> <span class='ocrx_word' id='word_1_290' title='bbox 1012 2522 1157 2576; x_wconf 92' lang='lat' dir='ltr'><strong>sicut</strong></span> <span class='ocrx_word' id='word_1_291' title='bbox 1187 2520 1243 2574; x_wconf 92' lang='lat' dir='ltr'><strong>in</strong></span> <span class='ocrx_word' id='word_1_292' title='bbox 1265 2519 1579 2581; x_wconf 89' lang='lat' dir='ltr'><strong>divinitate,</strong></span> <span class='ocrx_word' id='word_1_293' title='bbox 1611 2516 1693 2572; x_wconf 91' lang='lat' dir='ltr'><strong>sic</strong></span> <span class='ocrx_word' id='word_1_294' title='bbox 1716 2524 1773 2571; x_wconf 87' lang='lat' dir='ltr'><strong>et</strong></span> <span class='ocrx_word' id='word_1_295' title='bbox 1796 2517 1850 2571; x_wconf 92' lang='lat' dir='ltr'><strong>in</strong></span> <span class='ocrx_word' id='word_1_296' title='bbox 1872 2514 2128 2570; x_wconf 85' lang='lat' dir='ltr'><strong>humani-</strong></span> 
     </span>
    </p>
   </div>
   <div class='ocr_carea' id='block_1_41' title="bbox 537 2607 2127 2685">
    <p class='ocr_par' dir='ltr' id='par_1_41' title="bbox 537 2607 2127 2685">
     <span class='ocr_line' id='line_1_41' title="bbox 537 2607 2127 2685; baseline -0.007 -13"><span class='ocrx_word' id='word_1_297' title='bbox 537 2626 669 2682; x_wconf 81' lang='lat' dir='ltr'><strong>tate;</strong></span> <span class='ocrx_word' id='word_1_298' title='bbox 688 2611 1439 2685; x_wconf 57' lang='lat' dir='ltr'><strong>quippeﬁconsuhstantialem</strong></span> <span class='ocrx_word' id='word_1_299' title='bbox 1456 2608 1618 2665; x_wconf 89' lang='lat' dir='ltr'><strong>nobis</strong></span> <span class='ocrx_word' id='word_1_300' title='bbox 1630 2607 1781 2663; x_wconf 91' lang='lat' dir='ltr'><strong>omni</strong></span> <span class='ocrx_word' id='word_1_301' title='bbox 1804 2607 1971 2662; x_wconf 94' lang='lat' dir='ltr'><strong>modo</strong></span> <span class='ocrx_word' id='word_1_302' title='bbox 1988 2622 2127 2677; x_wconf 73' lang='lat' dir='ltr'><strong>prae-</strong></span> 
     </span>
    </p>
   </div>
   <div class='ocr_carea' id='block_1_42' title="bbox 537 2696 2128 2776">
    <p class='ocr_par' dir='ltr' id='par_1_42' title="bbox 537 2696 2128 2776">
     <span class='ocr_line' id='line_1_42' title="bbox 537 2696 2128 2776; baseline -0.008 -11"><span class='ocrx_word' id='word_1_303' title='bbox 537 2719 621 2765; x_wconf 90' lang='lat' dir='ltr'><strong>ter</strong></span> <span class='ocrx_word' id='word_1_304' title='bbox 652 2708 830 2763; x_wconf 91' lang='lat' dir='ltr'><strong>solum</strong></span> <span class='ocrx_word' id='word_1_305' title='bbox 855 2715 1163 2776; x_wconf 89' lang='lat' dir='ltr'><strong>peccatum.</strong></span> <span class='ocrx_word' id='word_1_306' title='bbox 1182 2704 1411 2759; x_wconf 89' lang='lat' dir='ltr'><strong>Etsicut</strong></span> <span class='ocrx_word' id='word_1_307' title='bbox 1440 2718 1549 2757; x_wconf 91' lang='lat' dir='ltr'><strong>una</strong></span> <span class='ocrx_word' id='word_1_308' title='bbox 1567 2708 1761 2757; x_wconf 88' lang='lat' dir='ltr'><strong>eratet</strong></span> <span class='ocrx_word' id='word_1_309' title='bbox 1787 2699 2023 2754; x_wconf 91' lang='lat' dir='ltr'><strong>indivisa</strong></span> <span class='ocrx_word' id='word_1_310' title='bbox 2041 2696 2128 2753; x_wconf 82' lang='lat' dir='ltr'><strong>Si-</strong></span> 
     </span>
    </p>
   </div>
   <div class='ocr_carea' id='block_1_43' title="bbox 536 2794 2128 2865">
    <p class='ocr_par' dir='ltr' id='par_1_43' title="bbox 536 2794 2128 2865">
     <span class='ocr_line' id='line_1_43' title="bbox 536 2794 2128 2865; baseline -0.006 -10"><span class='ocrx_word' id='word_1_311' title='bbox 536 2800 765 2855; x_wconf 86' lang='lat' dir='ltr'><strong>naitidis</strong></span> <span class='ocrx_word' id='word_1_312' title='bbox 791 2798 918 2853; x_wconf 91' lang='lat' dir='ltr'><strong>rubi</strong></span> <span class='ocrx_word' id='word_1_313' title='bbox 942 2796 1253 2853; x_wconf 89' lang='lat' dir='ltr'><strong>substantia</strong></span> <span class='ocrx_word' id='word_1_314' title='bbox 1275 2796 1425 2850; x_wconf 89' lang='lat' dir='ltr'><strong>omni</strong></span> <span class='ocrx_word' id='word_1_315' title='bbox 1452 2812 1521 2851; x_wconf 84' lang='lat' dir='ltr'><strong>ex</strong></span> <span class='ocrx_word' id='word_1_316' title='bbox 1542 2803 1697 2865; x_wconf 90' lang='lat' dir='ltr'><strong>parte</strong></span> <span class='ocrx_word' id='word_1_317' title='bbox 1736 2795 1861 2865; x_wconf 84' lang='lat' dir='ltr'><strong>igne</strong></span> <span class='ocrx_word' id='word_1_318' title='bbox 1886 2794 2128 2847; x_wconf 90' lang='lat' dir='ltr'><strong>innocuo</strong></span> 
     </span>
    </p>
   </div>
   <div class='ocr_carea' id='block_1_44' title="bbox 536 2885 2131 2959">
    <p class='ocr_par' dir='ltr' id='par_1_44' title="bbox 536 2885 2131 2959">
     <span class='ocr_line' id='line_1_44' title="bbox 536 2885 2131 2959; baseline -0.006 -11"><span class='ocrx_word' id='word_1_319' title='bbox 536 2891 1089 2959; x_wconf 88' lang='lat' dir='ltr'><strong>circumdata,neque</strong></span> <span class='ocrx_word' id='word_1_320' title='bbox 1119 2888 1333 2943; x_wconf 89' lang='lat' dir='ltr'><strong>arbusti</strong></span> <span class='ocrx_word' id='word_1_321' title='bbox 1366 2890 1576 2958; x_wconf 88' lang='lat' dir='ltr'><strong>cespite</strong></span> <span class='ocrx_word' id='word_1_322' title='bbox 1588 2887 1921 2953; x_wconf 78' lang='lat' dir='ltr'><strong>virtusignis</strong></span> <span class='ocrx_word' id='word_1_323' title='bbox 1934 2885 2131 2940; x_wconf 85' lang='lat' dir='ltr'><strong>obscu-</strong></span> 
     </span>
    </p>
   </div>
   <div class='ocr_carea' id='block_1_45' title="bbox 537 2978 2130 3051">
    <p class='ocr_par' dir='ltr' id='par_1_45' title="bbox 537 2978 2130 3051">
     <span class='ocr_line' id='line_1_45' title="bbox 537 2978 2130 3051; baseline -0.005 -12"><span class='ocrx_word' id='word_1_324' title='bbox 537 2992 775 3047; x_wconf 85' lang='lat' dir='ltr'><strong>raretur,</strong></span> <span class='ocrx_word' id='word_1_325' title='bbox 807 2997 987 3050; x_wconf 88' lang='lat' dir='ltr'><strong>neque</strong></span> <span class='ocrx_word' id='word_1_326' title='bbox 1015 2981 1130 3051; x_wconf 86' lang='lat' dir='ltr'><strong>ipsa</strong></span> <span class='ocrx_word' id='word_1_327' title='bbox 1168 2980 1255 3037; x_wconf 90' lang='lat' dir='ltr'><strong>vis</strong></span> <span class='ocrx_word' id='word_1_328' title='bbox 1284 2980 1516 3035; x_wconf 65' lang='lat' dir='ltr'><strong>ﬂamma:</strong></span> <span class='ocrx_word' id='word_1_329' title='bbox 1555 2980 1856 3050; x_wconf 89' lang='lat' dir='ltr'><strong>quidquam</strong></span> <span class='ocrx_word' id='word_1_330' title='bbox 1901 2978 2130 3034; x_wconf 88' lang='lat' dir='ltr'><strong>arbusto</strong></span> 
     </span>
    </p>
   </div>
   <div class='ocr_carea' id='block_1_46' title="bbox 540 3071 2133 3144">
    <p class='ocr_par' dir='ltr' id='par_1_46' title="bbox 540 3071 2133 3144">
     <span class='ocr_line' id='line_1_46' title="bbox 540 3071 2133 3144; baseline -0.003 -14"><span class='ocrx_word' id='word_1_331' title='bbox 540 3082 791 3140; x_wconf 86' lang='lat' dir='ltr'><strong>noceret,</strong></span> <span class='ocrx_word' id='word_1_332' title='bbox 842 3073 918 3127; x_wconf 86' lang='lat' dir='ltr'><strong>ita</strong></span> <span class='ocrx_word' id='word_1_333' title='bbox 954 3072 1125 3144; x_wconf 86' lang='lat' dir='ltr'><strong>igitur</strong></span> <span class='ocrx_word' id='word_1_334' title='bbox 1153 3072 1209 3126; x_wconf 92' lang='lat' dir='ltr'><strong>in</strong></span> <span class='ocrx_word' id='word_1_335' title='bbox 1240 3073 1404 3127; x_wconf 89' lang='lat' dir='ltr'><strong>unica</strong></span> <span class='ocrx_word' id='word_1_336' title='bbox 1434 3089 1674 3143; x_wconf 90' lang='lat' dir='ltr'><strong>persona</strong></span> <span class='ocrx_word' id='word_1_337' title='bbox 1695 3071 1901 3128; x_wconf 88' lang='lat' dir='ltr'><strong>Christi</strong></span> <span class='ocrx_word' id='word_1_338' title='bbox 1950 3071 2133 3126; x_wconf 87' lang='lat' dir='ltr'><strong>mani-</strong></span> 
     </span>
    </p>
   </div>
   <div class='ocr_carea' id='block_1_47' title="bbox 542 3166 2129 3240">
    <p class='ocr_par' dir='ltr' id='par_1_47' title="bbox 542 3166 2129 3240">
     <span class='ocr_line' id='line_1_47' title="bbox 542 3166 2129 3240; baseline -0.001 -15"><span class='ocrx_word' id='word_1_339' title='bbox 542 3175 687 3227; x_wconf 80' lang='lat' dir='ltr'><strong>feste</strong></span> <span class='ocrx_word' id='word_1_340' title='bbox 719 3167 964 3222; x_wconf 87' lang='lat' dir='ltr'><strong>divinam</strong></span> <span class='ocrx_word' id='word_1_341' title='bbox 996 3166 1413 3235; x_wconf 84' lang='lat' dir='ltr'><strong>humanamque</strong></span> <span class='ocrx_word' id='word_1_342' title='bbox 1430 3166 1828 3235; x_wconf 84' lang='lat' dir='ltr'><strong>proprietatem</strong></span> <span class='ocrx_word' id='word_1_343' title='bbox 1861 3166 2129 3240; x_wconf 83' lang='lat' dir='ltr'><strong>intelligo.</strong></span> 
     </span>
    </p>
   </div>
   <div class='ocr_carea' id='block_1_48' title="bbox 2220 2055 3650 2130">
    <p class='ocr_par' dir='ltr' id='par_1_48' title="bbox 2220 2055 3650 2130">
     <span class='ocr_line' id='line_1_48' title="bbox 2220 2055 3650 2130; baseline 0.001 -20"><span class='ocrx_word' id='word_1_344' title='bbox 2220 2055 2394 2127; x_wconf 87' lang='grc' dir='ltr'>λημα,</span> <span class='ocrx_word' id='word_1_345' title='bbox 2418 2058 2479 2111; x_wconf 85' lang='grc' dir='ltr'>τὸ</span> <span class='ocrx_word' id='word_1_346' title='bbox 2509 2060 2881 2130; x_wconf 79' lang='grc' dir='ltr'>καταφρονεῖν</span> <span class='ocrx_word' id='word_1_347' title='bbox 2905 2057 3004 2113; x_wconf 75' lang='grc' dir='ltr'>καὶ</span> <span class='ocrx_word' id='word_1_348' title='bbox 3032 2057 3317 2130; x_wconf 76' lang='grc' dir='ltr'>ἀρνεῖσθαι</span> <span class='ocrx_word' id='word_1_349' title='bbox 3338 2059 3439 2129; x_wconf 81' lang='grc' dir='ltr'>τὴν</span> <span class='ocrx_word' id='word_1_350' title='bbox 3469 2056 3650 2128; x_wconf 81' lang='grc' dir='ltr'>ζωήν.</span> 
     </span>
    </p>
   </div>
   <div class='ocr_carea' id='block_1_49' title="bbox 2229 2193 3816 2261">
    <p class='ocr_par' dir='ltr' id='par_1_49' title="bbox 2229 2193 3816 2261">
     <span class='ocr_line' id='line_1_49' title="bbox 2229 2193 3816 2261; baseline -0.001 -13"><span class='ocrx_word' id='word_1_351' title='bbox 2229 2194 2341 2248; x_wconf 86' lang='grc' dir='ltr'><strong>Τοῦ</strong></span> <span class='ocrx_word' id='word_1_352' title='bbox 2399 2194 2614 2257; x_wconf 83' lang='grc' dir='ltr'>αὐτοῦ,</span> <span class='ocrx_word' id='word_1_353' title='bbox 2647 2195 2715 2249; x_wconf 81' lang='grc' dir='ltr'><strong>ἐκ</strong></span> <span class='ocrx_word' id='word_1_354' title='bbox 2750 2194 2859 2249; x_wconf 82' lang='grc' dir='ltr'><strong>τοῦ</strong></span> <span class='ocrx_word' id='word_1_355' title='bbox 2915 2199 3004 2261; x_wconf 74' lang='grc' dir='ltr'>εἰς</span> <span class='ocrx_word' id='word_1_356' title='bbox 3057 2195 3124 2247; x_wconf 83' lang='grc' dir='ltr'>τὸ</span> <span class='ocrx_word' id='word_1_357' title='bbox 3170 2194 3589 2249; x_wconf 74' lang='grc' dir='ltr'>ἁποστολικὸν</span> <span class='ocrx_word' id='word_1_358' title='bbox 3626 2193 3816 2260; x_wconf 71' lang='grc' dir='ltr'>ῥητόν</span> 
     </span>
    </p>
   </div>
   <div class='ocr_carea' id='block_1_50' title="bbox 2294 2262 3815 2333">
    <p class='ocr_par' dir='ltr' id='par_1_50' title="bbox 2294 2262 3815 2333">
     <span class='ocr_line' id='line_1_50' title="bbox 2294 2262 3815 2333; baseline -0.002 -15"><span class='ocrx_word' id='word_1_359' title='bbox 2294 2265 2484 2331; x_wconf 77' lang='grc' dir='ltr'>λόγου</span> <span class='ocrx_word' id='word_1_360' title='bbox 2528 2266 2594 2317; x_wconf 87' lang='grc' dir='ltr'>τὸ</span> <span class='ocrx_word' id='word_1_361' title='bbox 2629 2264 2895 2333; x_wconf 68' lang='grc' dir='ltr'>φάσκον·</span> <span class='ocrx_word' id='word_1_362' title='bbox 2939 2286 2958 2317; x_wconf 81' lang='grc' dir='ltr'><strong>ι</strong></span> <span class='ocrx_word' id='word_1_363' title='bbox 3012 2263 3507 2333; x_wconf 76' lang='grc' dir='ltr'>Πεπειρασμένον</span> <span class='ocrx_word' id='word_1_364' title='bbox 3552 2263 3626 2316; x_wconf 85' lang='grc' dir='ltr'>δὲ</span> <span class='ocrx_word' id='word_1_365' title='bbox 3670 2262 3815 2316; x_wconf 81' lang='grc' dir='ltr'>κατὰ</span> 
     </span>
    </p>
   </div>
   <div class='ocr_carea' id='block_1_51' title="bbox 2297 2334 3453 2405">
    <p class='ocr_par' dir='ltr' id='par_1_51' title="bbox 2297 2334 3453 2405">
     <span class='ocr_line' id='line_1_51' title="bbox 2297 2334 3453 2405; baseline 0 -18"><span class='ocrx_word' id='word_1_366' title='bbox 2297 2334 2498 2387; x_wconf 83' lang='grc' dir='ltr'>πάντα</span> <span class='ocrx_word' id='word_1_367' title='bbox 2530 2334 2680 2404; x_wconf 81' lang='grc' dir='ltr'>δίχα</span> <span class='ocrx_word' id='word_1_368' title='bbox 2709 2338 2911 2405; x_wconf 81' lang='grc' dir='ltr'>μόνης</span> <span class='ocrx_word' id='word_1_369' title='bbox 2938 2334 3051 2403; x_wconf 81' lang='grc' dir='ltr'>τῆς</span> <span class='ocrx_word' id='word_1_370' title='bbox 3075 2335 3385 2405; x_wconf 79' lang='grc' dir='ltr'>ἁμαρτίας.</span> <span class='ocrx_word' id='word_1_371' title='bbox 3431 2352 3453 2387; x_wconf 71' lang='grc' dir='ltr'><strong>ι</strong></span> 
     </span>
    </p>
   </div>
   <div class='ocr_carea' id='block_1_52' title="bbox 2310 2424 3814 2498">
    <p class='ocr_par' dir='ltr' id='par_1_52' title="bbox 2310 2424 3814 2498">
     <span class='ocr_line' id='line_1_52' title="bbox 2310 2424 3814 2498; baseline 0 -21"><span class='ocrx_word' id='word_1_372' title='bbox 2310 2424 2595 2478; x_wconf 85' lang='grc' dir='ltr'>Ἐντεῦθεν</span> <span class='ocrx_word' id='word_1_373' title='bbox 2624 2426 2681 2479; x_wconf 86' lang='grc' dir='ltr'>δὲ</span> <span class='ocrx_word' id='word_1_374' title='bbox 2717 2425 2998 2498; x_wconf 79' lang='grc' dir='ltr'>ὁρώμενος</span> <span class='ocrx_word' id='word_1_375' title='bbox 3062 2427 3091 2478; x_wconf 84' lang='grc' dir='ltr'><strong>ὁ</strong></span> <span class='ocrx_word' id='word_1_376' title='bbox 3143 2426 3255 2481; x_wconf 85' lang='grc' dir='ltr'><strong>τῶν</strong></span> <span class='ocrx_word' id='word_1_377' title='bbox 3317 2425 3580 2496; x_wconf 83' lang='grc' dir='ltr'>Πατέρων</span> <span class='ocrx_word' id='word_1_378' title='bbox 3637 2424 3814 2496; x_wconf 73' lang='grc' dir='ltr'>χορὸς,</span> 
     </span>
    </p>
   </div>
   <div class='ocr_carea' id='block_1_53' title="bbox 2224 2515 3815 2591">
    <p class='ocr_par' dir='ltr' id='par_1_53' title="bbox 2224 2515 3815 2591">
     <span class='ocr_line' id='line_1_53' title="bbox 2224 2515 3815 2591; baseline -0.001 -21"><span class='ocrx_word' id='word_1_379' title='bbox 2224 2515 2431 2571; x_wconf 79' lang='grc' dir='ltr'>τέλειον</span> <span class='ocrx_word' id='word_1_380' title='bbox 2483 2518 2575 2571; x_wconf 81' lang='grc' dir='ltr'>τὸν</span> <span class='ocrx_word' id='word_1_381' title='bbox 2605 2519 2840 2589; x_wconf 85' lang='grc' dir='ltr'>Χριστὸν</span> <span class='ocrx_word' id='word_1_382' title='bbox 2892 2517 3188 2591; x_wconf 79' lang='grc' dir='ltr'>πρεσϐεύει</span> <span class='ocrx_word' id='word_1_383' title='bbox 3239 2517 3431 2590; x_wconf 86' lang='grc' dir='ltr'>ῶσπερ</span> <span class='ocrx_word' id='word_1_384' title='bbox 3483 2519 3546 2570; x_wconf 83' lang='grc' dir='ltr'><strong>ἐν</strong></span> <span class='ocrx_word' id='word_1_385' title='bbox 3574 2516 3815 2586; x_wconf 79' lang='grc' dir='ltr'>θεότητι,</span> 
     </span>
    </p>
   </div>
   <div class='ocr_carea' id='block_1_54' title="bbox 2226 2608 3819 2683">
    <p class='ocr_par' dir='ltr' id='par_1_54' title="bbox 2226 2608 3819 2683">
     <span class='ocr_line' id='line_1_54' title="bbox 2226 2608 3819 2683; baseline -0.001 -21"><span class='ocrx_word' id='word_1_386' title='bbox 2226 2608 2369 2663; x_wconf 78' lang='grc' dir='ltr'>οὕτω</span> <span class='ocrx_word' id='word_1_387' title='bbox 2430 2610 2525 2663; x_wconf 73' lang='grc' dir='ltr'>καὶ</span> <span class='ocrx_word' id='word_1_388' title='bbox 2582 2611 2640 2663; x_wconf 87' lang='grc' dir='ltr'><strong>ἐν</strong></span> <span class='ocrx_word' id='word_1_389' title='bbox 2691 2610 3074 2683; x_wconf 85' lang='grc' dir='ltr'>ἀνθρωπότητι</span> <span class='ocrx_word' id='word_1_390' title='bbox 3112 2630 3125 2643; x_wconf 92' lang='grc'><strong>·</strong></span> <span class='ocrx_word' id='word_1_391' title='bbox 3161 2610 3450 2683; x_wconf 83' lang='grc' dir='ltr'>ὁμοούσιον</span> <span class='ocrx_word' id='word_1_392' title='bbox 3498 2611 3641 2681; x_wconf 79' lang='grc' dir='ltr'>ἡμῖν</span> <span class='ocrx_word' id='word_1_393' title='bbox 3694 2608 3819 2662; x_wconf 72' lang='grc' dir='ltr'>ὄντα</span> 
     </span>
    </p>
   </div>
   <div class='ocr_carea' id='block_1_55' title="bbox 2231 2700 3818 2777">
    <p class='ocr_par' dir='ltr' id='par_1_55' title="bbox 2231 2700 3818 2777">
     <span class='ocr_line' id='line_1_55' title="bbox 2231 2700 3818 2777; baseline -0.001 -23"><span class='ocrx_word' id='word_1_394' title='bbox 2231 2700 2373 2755; x_wconf 84' lang='grc' dir='ltr'><strong>κατά</strong></span> <span class='ocrx_word' id='word_1_395' title='bbox 2426 2703 2609 2757; x_wconf 88' lang='grc' dir='ltr'>πάντα</span> <span class='ocrx_word' id='word_1_396' title='bbox 2635 2703 2839 2774; x_wconf 83' lang='grc' dir='ltr'>τρόπον</span> <span class='ocrx_word' id='word_1_397' title='bbox 2876 2704 3002 2774; x_wconf 85' lang='grc' dir='ltr'>δίχα</span> <span class='ocrx_word' id='word_1_398' title='bbox 3038 2704 3209 2777; x_wconf 89' lang='grc' dir='ltr'>μόνης</span> <span class='ocrx_word' id='word_1_399' title='bbox 3237 2703 3340 2773; x_wconf 79' lang='grc' dir='ltr'>τῆς</span> <span class='ocrx_word' id='word_1_400' title='bbox 3372 2703 3681 2774; x_wconf 84' lang='grc' dir='ltr'>ἁμαρτίας.</span> <span class='ocrx_word' id='word_1_401' title='bbox 3715 2701 3818 2755; x_wconf 80' lang='grc' dir='ltr'><strong>Καὶ</strong></span> 
     </span>
    </p>
   </div>
   <div class='ocr_carea' id='block_1_56' title="bbox 2228 2789 3819 2866">
    <p class='ocr_par' dir='ltr' id='par_1_56' title="bbox 2228 2789 3819 2866">
     <span class='ocr_line' id='line_1_56' title="bbox 2228 2789 3819 2866; baseline 0.001 -23"><span class='ocrx_word' id='word_1_402' title='bbox 2228 2790 2422 2863; x_wconf 87' lang='grc' dir='ltr'>ῶσπερ</span> <span class='ocrx_word' id='word_1_403' title='bbox 2453 2792 2552 2863; x_wconf 90' lang='grc' dir='ltr'><strong>μία</strong></span> <span class='ocrx_word' id='word_1_404' title='bbox 2588 2789 2659 2865; x_wconf 78' lang='grc' dir='ltr'>ἦν</span> <span class='ocrx_word' id='word_1_405' title='bbox 2700 2794 2796 2847; x_wconf 76' lang='grc' dir='ltr'>καὶ</span> <span class='ocrx_word' id='word_1_406' title='bbox 2818 2793 3123 2866; x_wconf 80' lang='grc' dir='ltr'>ἀδιαίρετος</span> <span class='ocrx_word' id='word_1_407' title='bbox 3148 2796 3183 2865; x_wconf 78' lang='grc' dir='ltr'><strong>ἡ</strong></span> <span class='ocrx_word' id='word_1_408' title='bbox 3228 2794 3327 2865; x_wconf 83' lang='grc' dir='ltr'>τῆς</span> <span class='ocrx_word' id='word_1_409' title='bbox 3360 2793 3683 2856; x_wconf 81' lang='grc' dir='ltr'>Συναῒτιδος</span> <span class='ocrx_word' id='word_1_410' title='bbox 3724 2792 3819 2863; x_wconf 80' lang='grc' dir='ltr'><strong>βά-</strong></span> 
     </span>
    </p>
   </div>
   <div class='ocr_carea' id='block_1_57' title="bbox 2229 2883 3822 2959">
    <p class='ocr_par' dir='ltr' id='par_1_57' title="bbox 2229 2883 3822 2959">
     <span class='ocr_line' id='line_1_57' title="bbox 2229 2883 3822 2959; baseline 0.001 -23"><span class='ocrx_word' id='word_1_411' title='bbox 2229 2900 2325 2937; x_wconf 86' lang='grc' dir='ltr'>του</span> <span class='ocrx_word' id='word_1_412' title='bbox 2356 2884 2658 2949; x_wconf 81' lang='grc' dir='ltr'>ὑπόστασις</span> <span class='ocrx_word' id='word_1_413' title='bbox 2688 2886 2953 2939; x_wconf 76' lang='grc' dir='ltr'>πάντοθεν</span> <span class='ocrx_word' id='word_1_414' title='bbox 2979 2886 3234 2949; x_wconf 78' lang='grc' dir='ltr'>άϐλαὸῶς</span> <span class='ocrx_word' id='word_1_415' title='bbox 3266 2886 3719 2959; x_wconf 78' lang='grc' dir='ltr'>περιειλημμένη</span> <span class='ocrx_word' id='word_1_416' title='bbox 3749 2883 3822 2953; x_wconf 77' lang='grc' dir='ltr'>τῷ</span> 
     </span>
    </p>
   </div>
   <div class='ocr_carea' id='block_1_58' title="bbox 2233 2980 3823 3054">
    <p class='ocr_par' dir='ltr' id='par_1_58' title="bbox 2233 2980 3823 3054">
     <span class='ocr_line' id='line_1_58' title="bbox 2233 2980 3823 3054; baseline -0.001 -21"><span class='ocrx_word' id='word_1_417' title='bbox 2233 2981 2391 3052; x_wconf 68' lang='grc' dir='ltr'>πυρὶ,</span> <span class='ocrx_word' id='word_1_418' title='bbox 2435 2981 2574 3053; x_wconf 83' lang='grc' dir='ltr'>μήτε</span> <span class='ocrx_word' id='word_1_419' title='bbox 2620 2981 2721 3052; x_wconf 82' lang='grc' dir='ltr'>τῆς</span> <span class='ocrx_word' id='word_1_420' title='bbox 2769 2980 2865 3034; x_wconf 90' lang='grc' dir='ltr'><strong>τοῦ</strong></span> <span class='ocrx_word' id='word_1_421' title='bbox 2919 2980 3090 3050; x_wconf 82' lang='grc' dir='ltr'>φυτοῦ</span> <span class='ocrx_word' id='word_1_422' title='bbox 3123 2981 3263 3045; x_wconf 84' lang='grc' dir='ltr'>πόας</span> <span class='ocrx_word' id='word_1_423' title='bbox 3310 2981 3686 3054; x_wconf 81' lang='grc' dir='ltr'>ἀμαυρούσης</span> <span class='ocrx_word' id='word_1_424' title='bbox 3727 2982 3823 3053; x_wconf 80' lang='grc' dir='ltr'>τήν</span> 
     </span>
    </p>
   </div>
   <div class='ocr_carea' id='block_1_59' title="bbox 2234 3073 3822 3147">
    <p class='ocr_par' dir='ltr' id='par_1_59' title="bbox 2234 3073 3822 3147">
     <span class='ocr_line' id='line_1_59' title="bbox 2234 3073 3822 3147; baseline 0.003 -22"><span class='ocrx_word' id='word_1_425' title='bbox 2234 3074 2519 3143; x_wconf 80' lang='grc' dir='ltr'>ἐνέργειαν</span> <span class='ocrx_word' id='word_1_426' title='bbox 2570 3073 2668 3127; x_wconf 90' lang='grc' dir='ltr'><strong>τοῦ</strong></span> <span class='ocrx_word' id='word_1_427' title='bbox 2727 3073 2923 3146; x_wconf 78' lang='grc' dir='ltr'>πυρὸς,</span> <span class='ocrx_word' id='word_1_428' title='bbox 2979 3073 3105 3145; x_wconf 72' lang='grc' dir='ltr'>μηδ’</span> <span class='ocrx_word' id='word_1_429' title='bbox 3140 3075 3313 3146; x_wconf 79' lang='grc' dir='ltr'>αὐτῆς</span> <span class='ocrx_word' id='word_1_430' title='bbox 3374 3076 3667 3147; x_wconf 77' lang='grc' dir='ltr'>ἐνεργείας</span> <span class='ocrx_word' id='word_1_431' title='bbox 3728 3073 3822 3145; x_wconf 77' lang='grc' dir='ltr'>τῆς</span> 
     </span>
    </p>
   </div>
   <div class='ocr_carea' id='block_1_60' title="bbox 2239 3162 3825 3238">
    <p class='ocr_par' dir='ltr' id='par_1_60' title="bbox 2239 3162 3825 3238">
     <span class='ocr_line' id='line_1_60' title="bbox 2239 3162 3825 3238; baseline 0.002 -23"><span class='ocrx_word' id='word_1_432' title='bbox 2239 3162 2438 3233; x_wconf 78' lang='grc' dir='ltr'>φλογὸς</span> <span class='ocrx_word' id='word_1_433' title='bbox 2464 3164 2870 3235; x_wconf 79' lang='grc' dir='ltr'>λυμαινομένης</span> <span class='ocrx_word' id='word_1_434' title='bbox 2894 3164 2971 3236; x_wconf 83' lang='grc' dir='ltr'>τῷ</span> <span class='ocrx_word' id='word_1_435' title='bbox 3002 3164 3173 3235; x_wconf 68' lang='grc' dir='ltr'>φοι-ᾤ’</span> <span class='ocrx_word' id='word_1_436' title='bbox 3203 3165 3347 3219; x_wconf 80' lang='grc' dir='ltr'>οὕτω</span> <span class='ocrx_word' id='word_1_437' title='bbox 3370 3166 3434 3238; x_wconf 83' lang='grc' dir='ltr'>δὴ</span> <span class='ocrx_word' id='word_1_438' title='bbox 3466 3168 3522 3219; x_wconf 80' lang='grc' dir='ltr'><strong>ἐν</strong></span> <span class='ocrx_word' id='word_1_439' title='bbox 3550 3166 3633 3236; x_wconf 82' lang='grc' dir='ltr'>τῷ</span> <span class='ocrx_word' id='word_1_440' title='bbox 3663 3165 3825 3235; x_wconf 86' lang='grc' dir='ltr'>ἐνικῷ</span> 
     </span>
    </p>
   </div>
   <div class='ocr_carea' id='block_1_61' title="bbox 545 3232 2132 3333">
    <p class='ocr_par' dir='ltr' id='par_1_61' title="bbox 545 3232 2129 3333">
     <span class='ocr_line' id='line_1_61' title="bbox 545 3232 2129 3333; baseline 0.002 -19"><span class='ocrx_word' id='word_1_441' title='bbox 545 3260 612 3315; x_wconf 89' lang='lat' dir='ltr'><strong>Et</strong></span> <span class='ocrx_word' id='word_1_442' title='bbox 646 3266 766 3330; x_wconf 82' lang='lat' dir='ltr'><strong>post</strong></span> <span class='ocrx_word' id='word_1_443' title='bbox 798 3257 977 3313; x_wconf 82' lang='lat' dir='ltr'><strong>alia...</strong></span> <span class='ocrx_word' id='word_1_444' title='bbox 1010 3232 1361 3328; x_wconf 79' lang='lat' dir='ltr'><strong>Quapropter</strong></span> <span class='ocrx_word' id='word_1_445' title='bbox 1383 3232 1694 3313; x_wconf 75' lang='lat' dir='ltr'><strong>similitudo</strong></span> <span class='ocrx_word' id='word_1_446' title='bbox 1723 3269 1780 3314; x_wconf 90' lang='lat' dir='ltr'><strong>et</strong></span> <span class='ocrx_word' id='word_1_447' title='bbox 1801 3232 2129 3333; x_wconf 69' lang='lat' dir='ltr'><strong>prototypus</strong></span> 
     </span>
    </p>
   </div>
   <div class='ocr_carea' id='block_1_62' title="bbox 2237 3232 3825 3333">
    <p class='ocr_par' dir='ltr' id='par_1_62' title="bbox 2242 3232 3825 3331">
     <span class='ocr_line' id='line_1_62' title="bbox 2242 3232 3825 3331; baseline 0.003 -24"><span class='ocrx_word' id='word_1_448' title='bbox 2242 3232 2794 3329; x_wconf 36' lang='grc' dir='ltr'>προσώπῳ-Χριστοῦ</span> <span class='ocrx_word' id='word_1_449' title='bbox 2828 3232 3046 3329; x_wconf 75' lang='grc' dir='ltr'>ἀμαχεί</span> <span class='ocrx_word' id='word_1_450' title='bbox 3097 3232 3188 3330; x_wconf 84' lang='grc' dir='ltr'><strong>μοι</strong></span> <span class='ocrx_word' id='word_1_451' title='bbox 3237 3260 3343 3312; x_wconf 86' lang='grc' dir='ltr'>νόει</span> <span class='ocrx_word' id='word_1_452' title='bbox 3398 3232 3497 3331; x_wconf 74' lang='grc' dir='ltr'>τὴν</span> <span class='ocrx_word' id='word_1_453' title='bbox 3535 3232 3695 3312; x_wconf 86' lang='grc' dir='ltr'>θείαν</span> <span class='ocrx_word' id='word_1_454' title='bbox 3735 3232 3825 3312; x_wconf 58' lang='grc' dir='ltr'>καὶ</span> 
     </span>
    </p>
   </div>
   <div class='ocr_carea' id='block_1_63' title="bbox 542 3348 2125 3421">
    <p class='ocr_par' dir='ltr' id='par_1_63' title="bbox 542 3348 2125 3421">
     <span class='ocr_line' id='line_1_63' title="bbox 542 3348 2125 3421; baseline 0.001 -15"><span class='ocrx_word' id='word_1_455' title='bbox 542 3351 668 3406; x_wconf 89' lang='lat' dir='ltr'><strong>Filii</strong></span> <span class='ocrx_word' id='word_1_456' title='bbox 717 3350 816 3405; x_wconf 89' lang='lat' dir='ltr'><strong>Dei</strong></span> <span class='ocrx_word' id='word_1_457' title='bbox 871 3350 928 3403; x_wconf 89' lang='lat' dir='ltr'><strong>in</strong></span> <span class='ocrx_word' id='word_1_458' title='bbox 962 3364 1263 3420; x_wconf 89' lang='lat' dir='ltr'><strong>puerorum</strong></span> <span class='ocrx_word' id='word_1_459' title='bbox 1298 3348 1514 3404; x_wconf 89' lang='lat' dir='ltr'><strong>camino</strong></span> <span class='ocrx_word' id='word_1_460' title='bbox 1572 3349 1922 3421; x_wconf 63' lang='lat' dir='ltr'><strong>prteﬁgurata</strong></span> <span class='ocrx_word' id='word_1_461' title='bbox 1972 3363 2125 3408; x_wconf 88' lang='lat' dir='ltr'><strong>sunt.</strong></span> 
     </span>
    </p>
   </div>
   <div class='ocr_carea' id='block_1_64' title="bbox 541 3438 2129 3512">
    <p class='ocr_par' dir='ltr' id='par_1_64' title="bbox 541 3438 2129 3512">
     <span class='ocr_line' id='line_1_64' title="bbox 541 3438 2129 3512; baseline 0.001 -18"><span class='ocrx_word' id='word_1_462' title='bbox 541 3438 1022 3506; x_wconf 82' lang='lat' dir='ltr'><strong>Quemadmodum</strong></span> <span class='ocrx_word' id='word_1_463' title='bbox 1083 3439 1234 3493; x_wconf 91' lang='lat' dir='ltr'><strong>enim</strong></span> <span class='ocrx_word' id='word_1_464' title='bbox 1290 3439 1533 3494; x_wconf 87' lang='lat' dir='ltr'><strong>humana</strong></span> <span class='ocrx_word' id='word_1_465' title='bbox 1582 3440 1781 3495; x_wconf 88' lang='lat' dir='ltr'><strong>horum</strong></span> <span class='ocrx_word' id='word_1_466' title='bbox 1829 3457 2129 3512; x_wconf 90' lang='lat' dir='ltr'><strong>puerorum</strong></span> 
     </span>
    </p>
   </div>
   <div class='ocr_carea' id='block_1_65' title="bbox 545 3532 2131 3603">
    <p class='ocr_par' dir='ltr' id='par_1_65' title="bbox 545 3532 2131 3603">
     <span class='ocr_line' id='line_1_65' title="bbox 545 3532 2131 3603; baseline 0.003 -19"><span class='ocrx_word' id='word_1_467' title='bbox 545 3541 743 3585; x_wconf 86' lang='lat' dir='ltr'><strong>natura</strong></span> <span class='ocrx_word' id='word_1_468' title='bbox 788 3546 959 3601; x_wconf 87' lang='lat' dir='ltr'><strong>prope</strong></span> <span class='ocrx_word' id='word_1_469' title='bbox 988 3538 1101 3585; x_wconf 86' lang='lat' dir='ltr'><strong>tota</strong></span> <span class='ocrx_word' id='word_1_470' title='bbox 1126 3532 1422 3603; x_wconf 85' lang='lat' dir='ltr'><strong>conjuncta</strong></span> <span class='ocrx_word' id='word_1_471' title='bbox 1448 3547 1573 3587; x_wconf 90' lang='lat' dir='ltr'><strong>cum</strong></span> <span class='ocrx_word' id='word_1_472' title='bbox 1611 3533 1818 3589; x_wconf 90' lang='lat' dir='ltr'><strong>virtute</strong></span> <span class='ocrx_word' id='word_1_473' title='bbox 1843 3542 1899 3588; x_wconf 91' lang='lat' dir='ltr'><strong>et</strong></span> <span class='ocrx_word' id='word_1_474' title='bbox 1931 3543 2131 3590; x_wconf 90' lang='lat' dir='ltr'><strong>natura</strong></span> 
     </span>
    </p>
   </div>
   <div class='ocr_carea' id='block_1_66' title="bbox 545 3621 2147 3691">
    <p class='ocr_par' dir='ltr' id='par_1_66' title="bbox 545 3621 2147 3691">
     <span class='ocr_line' id='line_1_66' title="bbox 545 3621 2147 3691; baseline 0.004 -17"><span class='ocrx_word' id='word_1_475' title='bbox 545 3622 803 3685; x_wconf 63' lang='lat' dir='ltr'><strong>ﬂammae,</strong></span> <span class='ocrx_word' id='word_1_476' title='bbox 841 3622 1095 3691; x_wconf 86' lang='lat' dir='ltr'><strong>corporis</strong></span> <span class='ocrx_word' id='word_1_477' title='bbox 1137 3621 1339 3677; x_wconf 88' lang='lat' dir='ltr'><strong>robore</strong></span> <span class='ocrx_word' id='word_1_478' title='bbox 1373 3638 1498 3677; x_wconf 90' lang='lat' dir='ltr'><strong>cum</strong></span> <span class='ocrx_word' id='word_1_479' title='bbox 1528 3632 1682 3678; x_wconf 91' lang='lat' dir='ltr'><strong>motu</strong></span> <span class='ocrx_word' id='word_1_480' title='bbox 1721 3632 1779 3679; x_wconf 92' lang='lat' dir='ltr'><strong>et</strong></span> <span class='ocrx_word' id='word_1_481' title='bbox 1810 3624 2147 3681; x_wconf 51' lang='lat' dir='ltr'><strong>deambula;</strong></span> 
     </span>
    </p>
   </div>
   <div class='ocr_carea' id='block_1_67' title="bbox 547 3710 2128 3783">
    <p class='ocr_par' dir='ltr' id='par_1_67' title="bbox 547 3710 2128 3783">
     <span class='ocr_line' id='line_1_67' title="bbox 547 3710 2128 3783; baseline 0.003 -20"><span class='ocrx_word' id='word_1_482' title='bbox 547 3710 698 3764; x_wconf 91' lang='lat' dir='ltr'><strong>tione</strong></span> <span class='ocrx_word' id='word_1_483' title='bbox 726 3725 847 3765; x_wconf 90' lang='lat' dir='ltr'><strong>sese</strong></span> <span class='ocrx_word' id='word_1_484' title='bbox 882 3710 1144 3777; x_wconf 88' lang='lat' dir='ltr'><strong>habebat,</strong></span> <span class='ocrx_word' id='word_1_485' title='bbox 1170 3718 1228 3767; x_wconf 91' lang='lat' dir='ltr'><strong>et</strong></span> <span class='ocrx_word' id='word_1_486' title='bbox 1253 3711 1488 3781; x_wconf 88' lang='lat' dir='ltr'><strong>spiritali</strong></span> <span class='ocrx_word' id='word_1_487' title='bbox 1530 3713 1814 3768; x_wconf 91' lang='lat' dir='ltr'><strong>voluntate</strong></span> <span class='ocrx_word' id='word_1_488' title='bbox 1838 3715 2128 3783; x_wconf 89' lang='lat' dir='ltr'><strong>psallebat,</strong></span> 
     </span>
    </p>
   </div>
   <div class='ocr_carea' id='block_1_68' title="bbox 550 3800 2129 3876">
    <p class='ocr_par' dir='ltr' id='par_1_68' title="bbox 550 3800 2129 3876">
     <span class='ocr_line' id='line_1_68' title="bbox 550 3800 2129 3876; baseline 0.005 -24"><span class='ocrx_word' id='word_1_489' title='bbox 550 3814 727 3869; x_wconf 90' lang='lat' dir='ltr'><strong>neque</strong></span> <span class='ocrx_word' id='word_1_490' title='bbox 759 3800 888 3855; x_wconf 88' lang='lat' dir='ltr'><strong>ullis</strong></span> <span class='ocrx_word' id='word_1_491' title='bbox 923 3802 1159 3857; x_wconf 89' lang='lat' dir='ltr'><strong>nocebat</strong></span> <span class='ocrx_word' id='word_1_492' title='bbox 1193 3803 1335 3872; x_wconf 82' lang='lat' dir='ltr'><strong>ignis</strong></span> <span class='ocrx_word' id='word_1_493' title='bbox 1364 3804 1618 3874; x_wconf 83' lang='lat' dir='ltr'><strong>corporis</strong></span> <span class='ocrx_word' id='word_1_494' title='bbox 1651 3812 1747 3859; x_wconf 91' lang='lat' dir='ltr'><strong>aut</strong></span> <span class='ocrx_word' id='word_1_495' title='bbox 1775 3804 1974 3859; x_wconf 73' lang='lat' dir='ltr'><strong>anima:</strong></span> <span class='ocrx_word' id='word_1_496' title='bbox 1998 3821 2129 3876; x_wconf 84' lang='lat' dir='ltr'><strong>pro-</strong></span> 
     </span>
    </p>
   </div>
   <div class='ocr_carea' id='block_1_69' title="bbox 548 3891 2132 3967">
    <p class='ocr_par' dir='ltr' id='par_1_69' title="bbox 548 3891 2132 3967">
     <span class='ocr_line' id='line_1_69' title="bbox 548 3891 2132 3967; baseline 0.006 -24"><span class='ocrx_word' id='word_1_497' title='bbox 548 3891 900 3960; x_wconf 87' lang='lat' dir='ltr'><strong>prietatibus.</strong></span> <span class='ocrx_word' id='word_1_498' title='bbox 936 3892 1033 3947; x_wconf 89' lang='lat' dir='ltr'><strong>sed</strong></span> <span class='ocrx_word' id='word_1_499' title='bbox 1074 3891 1356 3964; x_wconf 82' lang='lat' dir='ltr'><strong>perfectus</strong></span> <span class='ocrx_word' id='word_1_500' title='bbox 1385 3904 1506 3949; x_wconf 90' lang='lat' dir='ltr'><strong>erat</strong></span> <span class='ocrx_word' id='word_1_501' title='bbox 1552 3893 1778 3949; x_wconf 83' lang='lat' dir='ltr'><strong>Azarias</strong></span> <span class='ocrx_word' id='word_1_502' title='bbox 1828 3896 1885 3949; x_wconf 92' lang='lat' dir='ltr'><strong>in</strong></span> <span class='ocrx_word' id='word_1_503' title='bbox 1916 3896 2040 3967; x_wconf 88' lang='lat' dir='ltr'><strong>igne</strong></span> <span class='ocrx_word' id='word_1_504' title='bbox 2074 3904 2132 3952; x_wconf 90' lang='lat' dir='ltr'><strong>et</strong></span> 
     </span>
    </p>
   </div>
   <div class='ocr_carea' id='block_1_70' title="bbox 550 3981 2130 4058">
    <p class='ocr_par' dir='ltr' id='par_1_70' title="bbox 550 3981 2130 4058">
     <span class='ocr_line' id='line_1_70' title="bbox 550 3981 2130 4058; baseline 0.005 -23"><span class='ocrx_word' id='word_1_505' title='bbox 550 3981 607 4036; x_wconf 87' lang='lat' dir='ltr'><strong>in</strong></span> <span class='ocrx_word' id='word_1_506' title='bbox 633 3981 999 4047; x_wconf 88' lang='lat' dir='ltr'><strong>humanitate,</strong></span> <span class='ocrx_word' id='word_1_507' title='bbox 1040 3984 1118 4039; x_wconf 88' lang='lat' dir='ltr'><strong>ita</strong></span> <span class='ocrx_word' id='word_1_508' title='bbox 1171 3984 1332 4041; x_wconf 91' lang='lat' dir='ltr'><strong>nobis</strong></span> <span class='ocrx_word' id='word_1_509' title='bbox 1381 3985 1450 4041; x_wconf 90' lang='lat' dir='ltr'><strong>de</strong></span> <span class='ocrx_word' id='word_1_510' title='bbox 1500 3985 1826 4042; x_wconf 88' lang='lat' dir='ltr'><strong>Emmanuel</strong></span> <span class='ocrx_word' id='word_1_511' title='bbox 1861 3997 2130 4058; x_wconf 80' lang='lat' dir='ltr'><strong>reputan-</strong></span> 
     </span>
    </p>
   </div>
   <div class='ocr_carea' id='block_1_71' title="bbox 547 4073 2131 4151">
    <p class='ocr_par' dir='ltr' id='par_1_71' title="bbox 547 4073 2131 4151">
     <span class='ocr_line' id='line_1_71' title="bbox 547 4073 2131 4151; baseline 0.004 -22"><span class='ocrx_word' id='word_1_512' title='bbox 547 4073 681 4129; x_wconf 86' lang='lat' dir='ltr'><strong>dum</strong></span> <span class='ocrx_word' id='word_1_513' title='bbox 735 4085 821 4131; x_wconf 83' lang='lat' dir='ltr'><strong>est</strong></span> <span class='ocrx_word' id='word_1_514' title='bbox 879 4076 1189 4134; x_wconf 82' lang='lat' dir='ltr'><strong>divinitatis</strong></span> <span class='ocrx_word' id='word_1_515' title='bbox 1237 4080 1359 4151; x_wconf 87' lang='lat' dir='ltr'><strong>ejus</strong></span> <span class='ocrx_word' id='word_1_516' title='bbox 1407 4079 1590 4151; x_wconf 83' lang='lat' dir='ltr'><strong>ignem</strong></span> <span class='ocrx_word' id='word_1_517' title='bbox 1641 4079 1789 4135; x_wconf 90' lang='lat' dir='ltr'><strong>sicut</strong></span> <span class='ocrx_word' id='word_1_518' title='bbox 1836 4080 2131 4150; x_wconf 90' lang='lat' dir='ltr'><strong>quemdam</strong></span> 
     </span>
    </p>
   </div>
   <div class='ocr_carea' id='block_1_72' title="bbox 547 4164 2132 4242">
    <p class='ocr_par' dir='ltr' id='par_1_72' title="bbox 547 4164 2132 4242">
     <span class='ocr_line' id='line_1_72' title="bbox 547 4164 2132 4242; baseline 0.007 -25"><span class='ocrx_word' id='word_1_519' title='bbox 547 4164 677 4219; x_wconf 72' lang='lat' dir='ltr'><strong>vitae</strong></span> <span class='ocrx_word' id='word_1_520' title='bbox 700 4166 961 4235; x_wconf 92' lang='lat' dir='ltr'><strong>spiritum</strong></span> <span class='ocrx_word' id='word_1_521' title='bbox 996 4184 1123 4223; x_wconf 91' lang='lat' dir='ltr'><strong>cum</strong></span> <span class='ocrx_word' id='word_1_522' title='bbox 1146 4169 1329 4224; x_wconf 88' lang='lat' dir='ltr'><strong>anima</strong></span> <span class='ocrx_word' id='word_1_523' title='bbox 1352 4179 1408 4225; x_wconf 92' lang='lat' dir='ltr'><strong>et</strong></span> <span class='ocrx_word' id='word_1_524' title='bbox 1441 4186 1676 4241; x_wconf 89' lang='lat' dir='ltr'><strong>corpore</strong></span> <span class='ocrx_word' id='word_1_525' title='bbox 1702 4172 2020 4242; x_wconf 73' lang='lat' dir='ltr'><strong>coniuncto,</strong></span> <span class='ocrx_word' id='word_1_526' title='bbox 2067 4187 2132 4228; x_wconf 90' lang='lat' dir='ltr'><strong>ea</strong></span> 
     </span>
    </p>
   </div>
   <div class='ocr_carea' id='block_1_73' title="bbox 547 4256 2133 4333">
    <p class='ocr_par' dir='ltr' id='par_1_73' title="bbox 547 4256 2133 4333">
     <span class='ocr_line' id='line_1_73' title="bbox 547 4256 2133 4333; baseline 0.006 -24"><span class='ocrx_word' id='word_1_527' title='bbox 547 4256 773 4327; x_wconf 75' lang='lat' dir='ltr'><strong>quidem</strong></span> <span class='ocrx_word' id='word_1_528' title='bbox 825 4259 1212 4325; x_wconf 79' lang='lat' dir='ltr'><strong>sanctiﬁcavit,</strong></span> <span class='ocrx_word' id='word_1_529' title='bbox 1242 4276 1353 4315; x_wconf 91' lang='lat' dir='ltr'><strong>non</strong></span> <span class='ocrx_word' id='word_1_530' title='bbox 1386 4270 1571 4317; x_wconf 89' lang='lat' dir='ltr'><strong>autem</strong></span> <span class='ocrx_word' id='word_1_531' title='bbox 1602 4262 1902 4333; x_wconf 83' lang='lat' dir='ltr'><strong>quidquam</strong></span> <span class='ocrx_word' id='word_1_532' title='bbox 1950 4264 2133 4318; x_wconf 88' lang='lat' dir='ltr'><strong>immi-</strong></span> 
     </span>
    </p>
   </div>
   <div class='ocr_carea' id='block_1_74' title="bbox 549 4350 1951 4427">
    <p class='ocr_par' dir='ltr' id='par_1_74' title="bbox 549 4350 1951 4427">
     <span class='ocr_line' id='line_1_74' title="bbox 549 4350 1951 4427; baseline 0.006 -24"><span class='ocrx_word' id='word_1_533' title='bbox 549 4350 675 4405; x_wconf 89' lang='lat' dir='ltr'><strong>nuit</strong></span> <span class='ocrx_word' id='word_1_534' title='bbox 700 4352 1010 4406; x_wconf 89' lang='lat' dir='ltr'><strong>secundum</strong></span> <span class='ocrx_word' id='word_1_535' title='bbox 1043 4354 1342 4409; x_wconf 88' lang='lat' dir='ltr'><strong>essentiam</strong></span> <span class='ocrx_word' id='word_1_536' title='bbox 1368 4355 1567 4411; x_wconf 61' lang='lat' dir='ltr'><strong>anima;</strong></span> <span class='ocrx_word' id='word_1_537' title='bbox 1595 4366 1651 4411; x_wconf 90' lang='lat' dir='ltr'><strong>et</strong></span> <span class='ocrx_word' id='word_1_538' title='bbox 1684 4357 1951 4427; x_wconf 90' lang='lat' dir='ltr'><strong>corporis.</strong></span> 
     </span>
    </p>
   </div>
   <div class='ocr_carea' id='block_1_75' title="bbox 2235 3348 3824 3422">
    <p class='ocr_par' dir='ltr' id='par_1_75' title="bbox 2235 3348 3824 3422">
     <span class='ocr_line' id='line_1_75' title="bbox 2235 3348 3824 3422; baseline 0.001 -20"><span class='ocrx_word' id='word_1_539' title='bbox 2235 3348 2585 3420; x_wconf 77' lang='grc' dir='ltr'>ἀνθρωπίνην</span> <span class='ocrx_word' id='word_1_540' title='bbox 2645 3350 2903 3422; x_wconf 80' lang='grc' dir='ltr'>ἰδιότητα.</span> <span class='ocrx_word' id='word_1_541' title='bbox 2929 3351 3039 3406; x_wconf 74' lang='grc' dir='ltr'><strong>Καὶ</strong></span> <span class='ocrx_word' id='word_1_542' title='bbox 3088 3355 3221 3422; x_wconf 80' lang='grc' dir='ltr'>μεθ’</span> <span class='ocrx_word' id='word_1_543' title='bbox 3255 3352 3451 3421; x_wconf 80' lang='grc' dir='ltr'>ἓτερα’</span> <span class='ocrx_word' id='word_1_544' title='bbox 3514 3352 3617 3405; x_wconf 89' lang='grc' dir='ltr'>Διά</span> <span class='ocrx_word' id='word_1_545' title='bbox 3670 3354 3824 3406; x_wconf 77' lang='grc' dir='ltr'>τοῦτο</span> 
     </span>
    </p>
   </div>
   <div class='ocr_carea' id='block_1_76' title="bbox 2237 3441 3825 3516">
    <p class='ocr_par' dir='ltr' id='par_1_76' title="bbox 2237 3441 3825 3516">
     <span class='ocr_line' id='line_1_76' title="bbox 2237 3441 3825 3516; baseline 0.003 -21"><span class='ocrx_word' id='word_1_546' title='bbox 2237 3441 2494 3513; x_wconf 87' lang='grc' dir='ltr'>ὁμοίωμα</span> <span class='ocrx_word' id='word_1_547' title='bbox 2554 3444 2653 3498; x_wconf 74' lang='grc' dir='ltr'>καὶ</span> <span class='ocrx_word' id='word_1_548' title='bbox 2698 3444 3045 3516; x_wconf 81' lang='grc' dir='ltr'>προτύπωμα</span> <span class='ocrx_word' id='word_1_549' title='bbox 3083 3447 3179 3500; x_wconf 90' lang='grc' dir='ltr'><strong>τοῦ</strong></span> <span class='ocrx_word' id='word_1_550' title='bbox 3223 3447 3354 3500; x_wconf 87' lang='grc' dir='ltr'>Υἰοῦ</span> <span class='ocrx_word' id='word_1_551' title='bbox 3406 3446 3503 3500; x_wconf 88' lang='grc' dir='ltr'><strong>τοῦ</strong></span> <span class='ocrx_word' id='word_1_552' title='bbox 3557 3448 3705 3502; x_wconf 82' lang='grc' dir='ltr'>Θεοῦ</span> <span class='ocrx_word' id='word_1_553' title='bbox 3772 3450 3825 3499; x_wconf 86' lang='grc' dir='ltr'><strong>ἐν</strong></span> 
     </span>
    </p>
   </div>
   <div class='ocr_carea' id='block_1_77' title="bbox 2237 3535 3824 3611">
    <p class='ocr_par' dir='ltr' id='par_1_77' title="bbox 2237 3535 3824 3611">
     <span class='ocr_line' id='line_1_77' title="bbox 2237 3535 3824 3611; baseline 0.004 -24"><span class='ocrx_word' id='word_1_554' title='bbox 2237 3536 2304 3604; x_wconf 79' lang='grc' dir='ltr'>τῇ</span> <span class='ocrx_word' id='word_1_555' title='bbox 2331 3535 2547 3605; x_wconf 82' lang='grc' dir='ltr'>καμίνῳ</span> <span class='ocrx_word' id='word_1_556' title='bbox 2575 3535 2685 3590; x_wconf 91' lang='grc' dir='ltr'><strong>τῶν</strong></span> <span class='ocrx_word' id='word_1_557' title='bbox 2714 3537 2923 3591; x_wconf 78' lang='grc' dir='ltr'>παίδων</span> <span class='ocrx_word' id='word_1_558' title='bbox 2954 3538 3429 3610; x_wconf 81' lang='grc' dir='ltr'>προεξεικονίσθη.</span> <span class='ocrx_word' id='word_1_559' title='bbox 3467 3540 3692 3611; x_wconf 82' lang='grc' dir='ltr'>Ὠσπερ</span> <span class='ocrx_word' id='word_1_560' title='bbox 3722 3540 3824 3611; x_wconf 72' lang='grc' dir='ltr'><strong>γὰρ</strong></span> 
     </span>
    </p>
   </div>
   <div class='ocr_carea' id='block_1_78' title="bbox 2236 3626 3826 3703">
    <p class='ocr_par' dir='ltr' id='par_1_78' title="bbox 2236 3626 3826 3703">
     <span class='ocr_line' id='line_1_78' title="bbox 2236 3626 3826 3703; baseline 0.005 -25"><span class='ocrx_word' id='word_1_561' title='bbox 2236 3626 2348 3680; x_wconf 88' lang='grc' dir='ltr'><strong>τῶν</strong></span> <span class='ocrx_word' id='word_1_562' title='bbox 2381 3627 2592 3682; x_wconf 86' lang='grc' dir='ltr'>παίδων</span> <span class='ocrx_word' id='word_1_563' title='bbox 2614 3628 2841 3683; x_wconf 83' lang='grc' dir='ltr'>ἐκείνων</span> <span class='ocrx_word' id='word_1_564' title='bbox 2866 3631 3182 3703; x_wconf 85' lang='grc' dir='ltr'>ἀνθρωπίνη</span> <span class='ocrx_word' id='word_1_565' title='bbox 3224 3632 3387 3700; x_wconf 83' lang='grc' dir='ltr'>φύσις</span> <span class='ocrx_word' id='word_1_566' title='bbox 3417 3633 3602 3703; x_wconf 68' lang='grc' dir='ltr'>σχεδὸν</span> <span class='ocrx_word' id='word_1_567' title='bbox 3626 3650 3826 3702; x_wconf 84' lang='grc' dir='ltr'>συγκε-</span> 
     </span>
    </p>
   </div>
   <div class='ocr_carea' id='block_1_79' title="bbox 2242 3719 3825 3796">
    <p class='ocr_par' dir='ltr' id='par_1_79' title="bbox 2242 3719 3825 3796">
     <span class='ocr_line' id='line_1_79' title="bbox 2242 3719 3825 3796; baseline 0.004 -24"><span class='ocrx_word' id='word_1_568' title='bbox 2242 3719 2495 3792; x_wconf 83' lang='grc' dir='ltr'>κραμένη</span> <span class='ocrx_word' id='word_1_569' title='bbox 2546 3720 2642 3791; x_wconf 84' lang='grc' dir='ltr'>ὅλη</span> <span class='ocrx_word' id='word_1_570' title='bbox 2698 3724 2765 3792; x_wconf 77' lang='grc' dir='ltr'>τῇ</span> <span class='ocrx_word' id='word_1_571' title='bbox 2806 3723 3062 3796; x_wconf 78' lang='grc' dir='ltr'>ἐνεργείᾳ</span> <span class='ocrx_word' id='word_1_572' title='bbox 3126 3725 3223 3778; x_wconf 73' lang='grc' dir='ltr'>καὶ</span> <span class='ocrx_word' id='word_1_573' title='bbox 3274 3724 3434 3794; x_wconf 83' lang='grc' dir='ltr'>φύσει</span> <span class='ocrx_word' id='word_1_574' title='bbox 3477 3726 3578 3795; x_wconf 83' lang='grc' dir='ltr'>τῆς</span> <span class='ocrx_word' id='word_1_575' title='bbox 3630 3726 3825 3793; x_wconf 74' lang='grc' dir='ltr'>φλογὸς</span> 
     </span>
    </p>
   </div>
   <div class='ocr_carea' id='block_1_80' title="bbox 2235 3812 3826 3887">
    <p class='ocr_par' dir='ltr' id='par_1_80' title="bbox 2235 3812 3826 3887">
     <span class='ocr_line' id='line_1_80' title="bbox 2235 3812 3826 3887; baseline 0.003 -22"><span class='ocrx_word' id='word_1_576' title='bbox 2235 3815 2304 3884; x_wconf 76' lang='grc' dir='ltr'>τῇ</span> <span class='ocrx_word' id='word_1_577' title='bbox 2357 3812 2455 3867; x_wconf 82' lang='grc' dir='ltr'><strong>τοῦ</strong></span> <span class='ocrx_word' id='word_1_578' title='bbox 2539 3815 2793 3884; x_wconf 87' lang='grc' dir='ltr'>σώματος</span> <span class='ocrx_word' id='word_1_579' title='bbox 2861 3814 3161 3886; x_wconf 86' lang='grc' dir='ltr'>κινητικῶς</span> <span class='ocrx_word' id='word_1_580' title='bbox 3243 3815 3341 3869; x_wconf 80' lang='grc' dir='ltr'>καὶ</span> <span class='ocrx_word' id='word_1_581' title='bbox 3413 3816 3826 3887; x_wconf 85' lang='grc' dir='ltr'>μεταστατικῶς</span> 
     </span>
    </p>
   </div>
   <div class='ocr_carea' id='block_1_81' title="bbox 2238 3904 3825 3979">
    <p class='ocr_par' dir='ltr' id='par_1_81' title="bbox 2238 3904 3825 3979">
     <span class='ocr_line' id='line_1_81' title="bbox 2238 3904 3825 3979; baseline 0.001 -22"><span class='ocrx_word' id='word_1_582' title='bbox 2238 3904 2561 3975; x_wconf 82' lang='grc' dir='ltr'>περιεπάτει</span> <span class='ocrx_word' id='word_1_583' title='bbox 2618 3904 2874 3978; x_wconf 77' lang='grc' dir='ltr'>ἐνεργείᾳ</span> <span class='ocrx_word' id='word_1_584' title='bbox 2907 3944 2923 3972; x_wconf 91' lang='grc'><strong>,</strong></span> <span class='ocrx_word' id='word_1_585' title='bbox 2979 3907 3074 3960; x_wconf 77' lang='grc' dir='ltr'><strong>καὶ</strong></span> <span class='ocrx_word' id='word_1_586' title='bbox 3125 3909 3189 3978; x_wconf 84' lang='grc' dir='ltr'>τῇ</span> <span class='ocrx_word' id='word_1_587' title='bbox 3269 3905 3485 3979; x_wconf 82' lang='grc' dir='ltr'>θελήσει</span> <span class='ocrx_word' id='word_1_588' title='bbox 3550 3910 3618 3977; x_wconf 76' lang='grc' dir='ltr'><strong>τῇ</strong></span> <span class='ocrx_word' id='word_1_589' title='bbox 3667 3907 3825 3978; x_wconf 77' lang='grc' dir='ltr'>νοερᾷ</span> 
     </span>
    </p>
   </div>
   <div class='ocr_carea' id='block_1_82' title="bbox 2235 3996 3825 4071">
    <p class='ocr_par' dir='ltr' id='par_1_82' title="bbox 2235 3996 3825 4071">
     <span class='ocr_line' id='line_1_82' title="bbox 2235 3996 3825 4071; baseline 0.003 -22"><span class='ocrx_word' id='word_1_590' title='bbox 2235 3996 2596 4068; x_wconf 76' lang='grc' dir='ltr'>ἐξετέλειτὴν</span> <span class='ocrx_word' id='word_1_591' title='bbox 2640 3998 2939 4070; x_wconf 75' lang='grc' dir='ltr'>ὑμνῳδίαν,</span> <span class='ocrx_word' id='word_1_592' title='bbox 3000 3999 3096 4055; x_wconf 71' lang='grc' dir='ltr'>καὶ</span> <span class='ocrx_word' id='word_1_593' title='bbox 3154 3999 3307 4053; x_wconf 82' lang='grc' dir='ltr'>οὐδὲν</span> <span class='ocrx_word' id='word_1_594' title='bbox 3362 4001 3555 4071; x_wconf 87' lang='grc' dir='ltr'>ἐμίανε</span> <span class='ocrx_word' id='word_1_595' title='bbox 3600 4000 3664 4053; x_wconf 84' lang='grc' dir='ltr'><strong>τδ</strong></span> <span class='ocrx_word' id='word_1_596' title='bbox 3722 4000 3825 4071; x_wconf 82' lang='grc' dir='ltr'><strong>πῦρ</strong></span> 
     </span>
    </p>
   </div>
   <div class='ocr_carea' id='block_1_83' title="bbox 2236 4088 3821 4163">
    <p class='ocr_par' dir='ltr' id='par_1_83' title="bbox 2236 4088 3821 4163">
     <span class='ocr_line' id='line_1_83' title="bbox 2236 4088 3821 4163; baseline 0.002 -22"><span class='ocrx_word' id='word_1_597' title='bbox 2236 4088 2347 4142; x_wconf 90' lang='grc' dir='ltr'><strong>τῶν</strong></span> <span class='ocrx_word' id='word_1_598' title='bbox 2416 4088 2746 4160; x_wconf 86' lang='grc' dir='ltr'>σωματικῶν</span> <span class='ocrx_word' id='word_1_599' title='bbox 2798 4090 2831 4162; x_wconf 81' lang='grc' dir='ltr'>ἢ</span> <span class='ocrx_word' id='word_1_600' title='bbox 2889 4089 3142 4162; x_wconf 83' lang='grc' dir='ltr'>ψυχικῶν</span> <span class='ocrx_word' id='word_1_601' title='bbox 3205 4091 3389 4146; x_wconf 80' lang='grc' dir='ltr'>αὐτῶν</span> <span class='ocrx_word' id='word_1_602' title='bbox 3468 4093 3776 4163; x_wconf 74' lang='grc' dir='ltr'>ἰδιωμάτων</span> <span class='ocrx_word' id='word_1_603' title='bbox 3803 4130 3821 4154; x_wconf 88' lang='grc'><strong>,</strong></span> 
     </span>
    </p>
   </div>
   <div class='ocr_carea' id='block_1_84' title="bbox 2238 4176 3819 4256">
    <p class='ocr_par' dir='ltr' id='par_1_84' title="bbox 2238 4176 3819 4256">
     <span class='ocr_line' id='line_1_84' title="bbox 2238 4176 3819 4256; baseline 0.003 -24"><span class='ocrx_word' id='word_1_604' title='bbox 2238 4178 2376 4234; x_wconf 85' lang='grc' dir='ltr'><strong>άλλά</strong></span> <span class='ocrx_word' id='word_1_605' title='bbox 2398 4179 2604 4244; x_wconf 84' lang='grc' dir='ltr'>τέλειος</span> <span class='ocrx_word' id='word_1_606' title='bbox 2626 4176 2696 4253; x_wconf 79' lang='grc' dir='ltr'>ἦν</span> <span class='ocrx_word' id='word_1_607' title='bbox 2750 4180 3011 4253; x_wconf 79' lang='grc' dir='ltr'>Ἀζαρίας</span> <span class='ocrx_word' id='word_1_608' title='bbox 3034 4184 3093 4236; x_wconf 83' lang='grc' dir='ltr'><strong>ἐν</strong></span> <span class='ocrx_word' id='word_1_609' title='bbox 3119 4183 3388 4254; x_wconf 87' lang='grc' dir='ltr'>πυρότητι</span> <span class='ocrx_word' id='word_1_610' title='bbox 3416 4184 3511 4237; x_wconf 80' lang='grc' dir='ltr'>καὶ</span> <span class='ocrx_word' id='word_1_611' title='bbox 3529 4184 3589 4236; x_wconf 90' lang='grc' dir='ltr'><strong>ἐν</strong></span> <span class='ocrx_word' id='word_1_612' title='bbox 3619 4184 3819 4256; x_wconf 78' lang='grc' dir='ltr'>ἀνθρω-</span> 
     </span>
    </p>
   </div>
   <div class='ocr_carea' id='block_1_85' title="bbox 2239 4269 3823 4347">
    <p class='ocr_par' dir='ltr' id='par_1_85' title="bbox 2239 4269 3823 4347">
     <span class='ocr_line' id='line_1_85' title="bbox 2239 4269 3823 4347; baseline 0.004 -25"><span class='ocrx_word' id='word_1_613' title='bbox 2239 4269 2456 4342; x_wconf 77' lang='grc' dir='ltr'>πότητιο</span> <span class='ocrx_word' id='word_1_614' title='bbox 2492 4271 2636 4326; x_wconf 75' lang='grc' dir='ltr'>οὕτω</span> <span class='ocrx_word' id='word_1_615' title='bbox 2652 4272 2749 4328; x_wconf 76' lang='grc' dir='ltr'>καὶ</span> <span class='ocrx_word' id='word_1_616' title='bbox 2776 4274 2870 4326; x_wconf 47' lang='grc' dir='ltr'><strong>ἐπὶ⁵</strong></span> <span class='ocrx_word' id='word_1_617' title='bbox 2889 4273 2984 4328; x_wconf 91' lang='grc' dir='ltr'><strong>τοῦ</strong></span> <span class='ocrx_word' id='word_1_618' title='bbox 3016 4275 3363 4347; x_wconf 80' lang='grc' dir='ltr'>Ἐμμανουὴλ</span> <span class='ocrx_word' id='word_1_619' title='bbox 3393 4276 3613 4346; x_wconf 82' lang='grc' dir='ltr'>νοητέον</span> <span class='ocrx_word' id='word_1_620' title='bbox 3646 4276 3711 4331; x_wconf 56' lang='lat' dir='ltr'><strong>eo</strong></span> <span class='ocrx_word' id='word_1_621' title='bbox 3732 4277 3823 4344; x_wconf 85' lang='grc' dir='ltr'>τῆς</span> 
     </span>
    </p>
   </div>
   <div class='ocr_carea' id='block_1_86' title="bbox 2241 4362 3819 4441">
    <p class='ocr_par' dir='ltr' id='par_1_86' title="bbox 2241 4362 3819 4441">
     <span class='ocr_line' id='line_1_86' title="bbox 2241 4362 3819 4441; baseline 0.003 -26"><span class='ocrx_word' id='word_1_622' title='bbox 2241 4362 2497 4435; x_wconf 84' lang='grc' dir='ltr'>θεότητος</span> <span class='ocrx_word' id='word_1_623' title='bbox 2532 4367 2697 4420; x_wconf 85' lang='grc' dir='ltr'>αὑτοῦ</span> <span class='ocrx_word' id='word_1_624' title='bbox 2737 4366 2851 4438; x_wconf 90' lang='grc' dir='ltr'><strong>πῦρ</strong></span> <span class='ocrx_word' id='word_1_625' title='bbox 2881 4366 3212 4440; x_wconf 86' lang='grc' dir='ltr'>ῶσπερτινά</span> <span class='ocrx_word' id='word_1_626' title='bbox 3244 4370 3411 4441; x_wconf 86' lang='grc' dir='ltr'>πνοὴν</span> <span class='ocrx_word' id='word_1_627' title='bbox 3442 4369 3593 4441; x_wconf 79' lang='grc' dir='ltr'>ζωῆς</span> <span class='ocrx_word' id='word_1_628' title='bbox 3629 4386 3819 4439; x_wconf 85' lang='grc' dir='ltr'>συγκε.</span> 
     </span>
    </p>
   </div>
   <div class='ocr_carea' id='block_1_87' title="bbox 484 4447 3819 4537">
    <p class='ocr_par' dir='ltr' id='par_1_87' title="bbox 484 4447 3819 4537">
     <span class='ocr_line' id='line_1_87' title="bbox 484 4447 3819 4537; baseline 0.005 -34"><span class='ocrx_word' id='word_1_629' title='bbox 484 4498 492 4505; x_wconf 86' lang='grc'>.</span> <span class='ocrx_word' id='word_1_630' title='bbox 548 4447 822 4517; x_wconf 84' lang='grc' dir='ltr'>κραμένον</span> <span class='ocrx_word' id='word_1_631' title='bbox 842 4453 909 4522; x_wconf 78' lang='grc' dir='ltr'>τῇ</span> <span class='ocrx_word' id='word_1_632' title='bbox 942 4450 1091 4522; x_wconf 77' lang='grc' dir='ltr'>ψυχῇ</span> <span class='ocrx_word' id='word_1_633' title='bbox 1122 4451 1215 4504; x_wconf 75' lang='grc' dir='ltr'>καὶ</span> <span class='ocrx_word' id='word_1_634' title='bbox 1235 4450 1313 4523; x_wconf 80' lang='grc' dir='ltr'><strong>τῷ</strong></span> <span class='ocrx_word' id='word_1_635' title='bbox 1342 4449 1574 4521; x_wconf 84' lang='grc' dir='ltr'>σώματι,</span> <span class='ocrx_word' id='word_1_636' title='bbox 1595 4452 1791 4524; x_wconf 76' lang='grc' dir='ltr'>ἡγίασε</span> <span class='ocrx_word' id='word_1_637' title='bbox 1821 4455 1920 4525; x_wconf 86' lang='grc' dir='ltr'>μὲν</span> <span class='ocrx_word' id='word_1_638' title='bbox 1942 4454 2134 4522; x_wconf 89' lang='grc' dir='ltr'>ταῦτα,</span> <span class='ocrx_word' id='word_1_639' title='bbox 2157 4458 2218 4511; x_wconf 82' lang='grc' dir='ltr'>οὐ</span> <span class='ocrx_word' id='word_1_640' title='bbox 2251 4457 2357 4530; x_wconf 80' lang='grc' dir='ltr'>μὴν</span> <span class='ocrx_word' id='word_1_641' title='bbox 2373 4459 2607 4530; x_wconf 84' lang='grc' dir='ltr'>ἐμείωσὲ</span> <span class='ocrx_word' id='word_1_642' title='bbox 2623 4480 2676 4516; x_wconf 90' lang='grc' dir='ltr'><strong>τι</strong></span> <span class='ocrx_word' id='word_1_643' title='bbox 2697 4462 2805 4517; x_wconf 92' lang='grc' dir='ltr'><strong>τῶν</strong></span> <span class='ocrx_word' id='word_1_644' title='bbox 2829 4463 2950 4517; x_wconf 82' lang='grc' dir='ltr'>κατ’</span> <span class='ocrx_word' id='word_1_645' title='bbox 2974 4464 3160 4518; x_wconf 82' lang='grc' dir='ltr'>οὐσίαν</span> <span class='ocrx_word' id='word_1_646' title='bbox 3182 4464 3279 4535; x_wconf 83' lang='grc' dir='ltr'>τῆς</span> <span class='ocrx_word' id='word_1_647' title='bbox 3300 4464 3478 4537; x_wconf 77' lang='grc' dir='ltr'>ψυχῆς</span> <span class='ocrx_word' id='word_1_648' title='bbox 3512 4466 3608 4521; x_wconf 84' lang='grc' dir='ltr'><strong>τοῦ</strong></span> <span class='ocrx_word' id='word_1_649' title='bbox 3639 4466 3819 4537; x_wconf 75' lang='grc' dir='ltr'>σῶμα·</span> 
     </span>
    </p>
   </div>
   <div class='ocr_carea' id='block_1_88' title="bbox 549 4561 665 4607">
    <p class='ocr_par' dir='ltr' id='par_1_88' title="bbox 549 4561 665 4607">
     <span class='ocr_line' id='line_1_88' title="bbox 549 4561 665 4607; baseline 0.009 -10"><span class='ocrx_word' id='word_1_650' title='bbox 549 4561 665 4607; x_wconf 80' lang='grc' dir='ltr'>τος.</span> 
     </span>
    </p>
   </div>
   <div class='ocr_carea' id='block_1_89' title="bbox 552 4635 2132 4763">
    <p class='ocr_par' dir='ltr' id='par_1_89' title="bbox 552 4635 2132 4763">
     <span class='ocr_line' id='line_1_89' title="bbox 552 4635 2132 4709; baseline 0.001 -15"><span class='ocrx_word' id='word_1_651' title='bbox 552 4637 730 4695; x_wconf 78' lang='lat' dir='ltr'><strong>Procli</strong></span> <span class='ocrx_word' id='word_1_652' title='bbox 760 4636 1080 4709; x_wconf 80' lang='lat' dir='ltr'><strong>arcliiepisco</strong></span> <span class='ocrx_word' id='word_1_653' title='bbox 1122 4638 1139 4691; x_wconf 86' lang='lat' dir='ltr'><strong>i</strong></span> <span class='ocrx_word' id='word_1_654' title='bbox 1172 4635 1681 4708; x_wconf 75' lang='lat' dir='ltr'><strong>Constantiiwpolis,</strong></span> <span class='ocrx_word' id='word_1_655' title='bbox 1716 4654 1782 4693; x_wconf 74' lang='lat' dir='ltr'><strong>ex</strong></span> <span class='ocrx_word' id='word_1_656' title='bbox 1813 4640 2053 4695; x_wconf 80' lang='lat' dir='ltr'><strong>oratione</strong></span> <span class='ocrx_word' id='word_1_657' title='bbox 2086 4641 2132 4696; x_wconf 77' lang='lat' dir='ltr'><strong>in</strong></span> 
     </span>
     <span class='ocr_line' id='line_1_90' title="bbox 610 4656 1650 4763; baseline 0.001 -1"><span class='ocrx_word' id='word_1_658' title='bbox 610 4697 631 4716; x_wconf 82' lang='grc'><em>’</em></span> <span class='ocrx_word' id='word_1_659' title='bbox 1051 4656 1247 4763; x_wconf 47' lang='lat' dir='ltr'><strong>Cerrini</strong></span> <span class='ocrx_word' id='word_1_660' title='bbox 1277 4708 1650 4763; x_wconf 74' lang='lat' dir='ltr'><strong>proditionem.</strong></span> 
     </span>
    </p>
   </div>
   <div class='ocr_carea' id='block_1_90' title="bbox 2237 4635 3817 4763">
    <p class='ocr_par' dir='ltr' id='par_1_90' title="bbox 2250 4643 3817 4763">
     <span class='ocr_line' id='line_1_91' title="bbox 2250 4643 3817 4716; baseline 0.006 -20"><span class='ocrx_word' id='word_1_661' title='bbox 2250 4643 2528 4712; x_wconf 70' lang='grc' dir='ltr'>Πρόκλου</span> <span class='ocrx_word' id='word_1_662' title='bbox 2586 4644 3070 4714; x_wconf 77' lang='grc' dir='ltr'>ἀρχιεπισκόπου</span> <span class='ocrx_word' id='word_1_663' title='bbox 3134 4653 3817 4716; x_wconf 68' lang='grc' dir='ltr'>Κωνσταντινοτοπόλεως</span> 
     </span>
     <span class='ocr_line' id='line_1_92' title="bbox 2318 4714 3817 4763; baseline 0 0"><span class='ocrx_word' id='word_1_664' title='bbox 2318 4714 2389 4763; x_wconf 80' lang='grc' dir='ltr'>ἐκ</span> <span class='ocrx_word' id='word_1_665' title='bbox 2440 4714 2548 4763; x_wconf 78' lang='grc' dir='ltr'><strong>τοῦ</strong></span> <span class='ocrx_word' id='word_1_666' title='bbox 2620 4717 2809 4763; x_wconf 60' lang='grc' dir='ltr'>,λόγου</span> <span class='ocrx_word' id='word_1_667' title='bbox 2883 4716 2995 4763; x_wconf 71' lang='grc' dir='ltr'><strong>τοῦ</strong></span> <span class='ocrx_word' id='word_1_668' title='bbox 3037 4720 3126 4763; x_wconf 68' lang='grc' dir='ltr'><strong>εῙρ</strong></span> <span class='ocrx_word' id='word_1_669' title='bbox 3172 4720 3286 4763; x_wconf 63' lang='grc' dir='ltr'>τὴν</span> <span class='ocrx_word' id='word_1_670' title='bbox 3334 4721 3676 4763; x_wconf 66' lang='grc' dir='ltr'><strong>πηηδηηΙην</strong></span> <span class='ocrx_word' id='word_1_671' title='bbox 3723 4722 3817 4763; x_wconf 63' lang='lat' dir='ltr'><strong>rm.)</strong></span> 
     </span>
    </p>
   </div>
   <div class='ocr_carea' id='block_1_91' title="bbox 1094 4708 1650 4779">
    <p class='ocr_par' dir='ltr' id='par_1_91' title="bbox 1094 4708 1650 4779">
     <span class='ocr_line' id='line_1_93' title="bbox 1094 4708 1650 4779; baseline 0.005 -18"><span class='ocrx_word' id='word_1_672' title='bbox 1094 4709 1247 4762; x_wconf 75' lang='lat' dir='ltr'><strong>[tristi</strong></span> <span class='ocrx_word' id='word_1_673' title='bbox 1276 4708 1650 4779; x_wconf 77' lang='lat' dir='ltr'><strong>proditionem.</strong></span> 
     </span>
    </p>
   </div>
   <div class='ocr_carea' id='block_1_92' title="bbox 624 4875 2144 4955">
    <p class='ocr_par' dir='ltr' id='par_1_92' title="bbox 624 4875 2144 4955">
     <span class='ocr_line' id='line_1_94' title="bbox 624 4875 2144 4955; baseline 0.003 -21"><span class='ocrx_word' id='word_1_674' title='bbox 624 4876 825 4948; x_wconf 73' lang='lat' dir='ltr'><strong>Cmpit,</strong></span> <span class='ocrx_word' id='word_1_675' title='bbox 859 4876 958 4941; x_wconf 89' lang='lat' dir='ltr'><strong>ait,</strong></span> <span class='ocrx_word' id='word_1_676' title='bbox 984 4875 1307 4931; x_wconf 88' lang='lat' dir='ltr'><strong>contristari</strong></span> <span class='ocrx_word' id='word_1_677' title='bbox 1340 4884 1396 4955; x_wconf 87' lang='lat' dir='ltr'><strong>et</strong></span> <span class='ocrx_word' id='word_1_678' title='bbox 1436 4886 1667 4934; x_wconf 86' lang='lat' dir='ltr'><strong>moestus</strong></span> <span class='ocrx_word' id='word_1_679' title='bbox 1709 4893 1850 4936; x_wconf 87' lang='lat' dir='ltr'><strong>esse.</strong></span> <span class='ocrx_word' id='word_1_680' title='bbox 1895 4880 2144 4939; x_wconf 87' lang='lat' dir='ltr'><strong>Tristitia</strong></span> 
     </span>
    </p>
   </div>
   <div class='ocr_carea' id='block_1_93' title="bbox 555 4969 2145 5039">
    <p class='ocr_par' dir='ltr' id='par_1_93' title="bbox 555 4969 2145 5039">
     <span class='ocr_line' id='line_1_95' title="bbox 555 4969 2145 5039; baseline 0.003 -17"><span class='ocrx_word' id='word_1_681' title='bbox 555 4976 765 5031; x_wconf 87' lang='lat' dir='ltr'><strong>autem,</strong></span> <span class='ocrx_word' id='word_1_682' title='bbox 800 4976 857 5023; x_wconf 87' lang='lat' dir='ltr'><strong>et</strong></span> <span class='ocrx_word' id='word_1_683' title='bbox 890 4982 1115 5031; x_wconf 62' lang='lat' dir='ltr'><strong>mceror,</strong></span> <span class='ocrx_word' id='word_1_684' title='bbox 1166 4974 1225 5021; x_wconf 92' lang='lat' dir='ltr'><strong>et</strong></span> <span class='ocrx_word' id='word_1_685' title='bbox 1266 4976 1480 5038; x_wconf 87' lang='lat' dir='ltr'><strong>stupor,</strong></span> <span class='ocrx_word' id='word_1_686' title='bbox 1519 4969 1741 5039; x_wconf 90' lang='lat' dir='ltr'><strong>propria</strong></span> <span class='ocrx_word' id='word_1_687' title='bbox 1774 4979 1907 5026; x_wconf 93' lang='lat' dir='ltr'><strong>sunt</strong></span> <span class='ocrx_word' id='word_1_688' title='bbox 1948 4972 2145 5029; x_wconf 66' lang='lat' dir='ltr'><strong>animae</strong></span> 
     </span>
    </p>
   </div>
   <div class='ocr_carea' id='block_1_94' title="bbox 556 5059 2132 5130">
    <p class='ocr_par' dir='ltr' id='par_1_94' title="bbox 556 5059 2132 5130">
     <span class='ocr_line' id='line_1_96' title="bbox 556 5059 2132 5130; baseline 0.001 -15"><span class='ocrx_word' id='word_1_689' title='bbox 556 5060 825 5130; x_wconf 86' lang='lat' dir='ltr'><strong>spiritalis</strong></span> <span class='ocrx_word' id='word_1_690' title='bbox 860 5060 1215 5125; x_wconf 87' lang='lat' dir='ltr'><strong>naturaliter,</strong></span> <span class='ocrx_word' id='word_1_691' title='bbox 1252 5060 1305 5115; x_wconf 91' lang='lat' dir='ltr'><strong>ei</strong></span> <span class='ocrx_word' id='word_1_692' title='bbox 1361 5059 1720 5115; x_wconf 61' lang='lat' dir='ltr'><strong>adharentia.</strong></span> <span class='ocrx_word' id='word_1_693' title='bbox 1766 5060 1957 5117; x_wconf 91' lang='lat' dir='ltr'><strong>Solius</strong></span> <span class='ocrx_word' id='word_1_694' title='bbox 1984 5062 2132 5118; x_wconf 89' lang='lat' dir='ltr'><strong>enim</strong></span> 
     </span>
    </p>
   </div>
   <div class='ocr_carea' id='block_1_95' title="bbox 556 5150 2132 5223">
    <p class='ocr_par' dir='ltr' id='par_1_95' title="bbox 556 5150 2132 5223">
     <span class='ocr_line' id='line_1_97' title="bbox 556 5150 2132 5223; baseline 0.001 -16"><span class='ocrx_word' id='word_1_695' title='bbox 556 5152 770 5223; x_wconf 87' lang='lat' dir='ltr'><strong>peccati</strong></span> <span class='ocrx_word' id='word_1_696' title='bbox 821 5153 1085 5208; x_wconf 88' lang='lat' dir='ltr'><strong>immunis</strong></span> <span class='ocrx_word' id='word_1_697' title='bbox 1127 5160 1249 5208; x_wconf 88' lang='lat' dir='ltr'><strong>erat</strong></span> <span class='ocrx_word' id='word_1_698' title='bbox 1285 5151 1554 5223; x_wconf 88' lang='lat' dir='ltr'><strong>spiritalis</strong></span> <span class='ocrx_word' id='word_1_699' title='bbox 1589 5150 1896 5210; x_wconf 83' lang='lat' dir='ltr'><strong>Salvatoris</strong></span> <span class='ocrx_word' id='word_1_700' title='bbox 1925 5154 2132 5210; x_wconf 88' lang='lat' dir='ltr'><strong>anima.</strong></span> 
     </span>
    </p>
   </div>
   <div class='ocr_carea' id='block_1_96' title="bbox 557 5245 2136 5317">
    <p class='ocr_par' dir='ltr' id='par_1_96' title="bbox 557 5245 2136 5317">
     <span class='ocr_line' id='line_1_98' title="bbox 557 5245 2136 5317; baseline 0.002 -18"><span class='ocrx_word' id='word_1_701' title='bbox 557 5246 628 5300; x_wconf 83' lang='lat' dir='ltr'><strong>Et</strong></span> <span class='ocrx_word' id='word_1_702' title='bbox 663 5257 777 5317; x_wconf 77' lang='lat' dir='ltr'><strong>post</strong></span> <span class='ocrx_word' id='word_1_703' title='bbox 809 5245 942 5301; x_wconf 79' lang='lat' dir='ltr'><strong>alia.</strong></span> <span class='ocrx_word' id='word_1_704' title='bbox 983 5246 1232 5316; x_wconf 88' lang='lat' dir='ltr'><strong>Namque</strong></span> <span class='ocrx_word' id='word_1_705' title='bbox 1262 5261 1392 5302; x_wconf 90' lang='lat' dir='ltr'><strong>cum</strong></span> <span class='ocrx_word' id='word_1_706' title='bbox 1421 5246 1563 5301; x_wconf 86' lang='lat' dir='ltr'><strong>dixit</strong></span> <span class='ocrx_word' id='word_1_707' title='bbox 1590 5246 1648 5301; x_wconf 89' lang='lat' dir='ltr'><strong>in</strong></span> <span class='ocrx_word' id='word_1_708' title='bbox 1675 5247 1929 5303; x_wconf 90' lang='lat' dir='ltr'><strong>oratione</strong></span> <span class='ocrx_word' id='word_1_709' title='bbox 1971 5264 1986 5301; x_wconf 89' lang='lat'><strong>:</strong></span> <span class='ocrx_word' id='word_1_710' title='bbox 2015 5246 2136 5302; x_wconf 81' lang='lat' dir='ltr'><strong>Non</strong></span> 
     </span>
    </p>
   </div>
   <div class='ocr_carea' id='block_1_97' title="bbox 558 5338 2139 5408">
    <p class='ocr_par' dir='ltr' id='par_1_97' title="bbox 558 5338 2139 5408">
     <span class='ocr_line' id='line_1_99' title="bbox 558 5338 2139 5408; baseline 0.002 -15"><span class='ocrx_word' id='word_1_711' title='bbox 558 5356 678 5393; x_wconf 81' lang='lat' dir='ltr'><strong>mea</strong></span> <span class='ocrx_word' id='word_1_712' title='bbox 706 5338 950 5393; x_wconf 79' lang='lat' dir='ltr'><strong>voluntas</strong></span> <span class='ocrx_word' id='word_1_713' title='bbox 975 5340 1094 5408; x_wconf 82' lang='lat' dir='ltr'><strong>ﬁat,</strong></span> <span class='ocrx_word' id='word_1_714' title='bbox 1121 5338 1269 5395; x_wconf 89' lang='lat' dir='ltr'><strong>sicut</strong></span> <span class='ocrx_word' id='word_1_715' title='bbox 1289 5339 1457 5394; x_wconf 91' lang='lat' dir='ltr'><strong>homo</strong></span> <span class='ocrx_word' id='word_1_716' title='bbox 1491 5354 1621 5395; x_wconf 86' lang='lat' dir='ltr'><strong>vere</strong></span> <span class='ocrx_word' id='word_1_717' title='bbox 1663 5340 1908 5407; x_wconf 92' lang='lat' dir='ltr'><strong>locutus,</strong></span> <span class='ocrx_word' id='word_1_718' title='bbox 1940 5339 2139 5396; x_wconf 88' lang='lat' dir='ltr'><strong>huma-</strong></span> 
     </span>
    </p>
   </div>
   <div class='ocr_carea' id='block_1_98' title="bbox 561 5429 2135 5502">
    <p class='ocr_par' dir='ltr' id='par_1_98' title="bbox 561 5429 2135 5502">
     <span class='ocr_line' id='line_1_100' title="bbox 561 5429 2135 5502; baseline 0.003 -19"><span class='ocrx_word' id='word_1_719' title='bbox 561 5444 687 5483; x_wconf 87' lang='lat' dir='ltr'><strong>nam</strong></span> <span class='ocrx_word' id='word_1_720' title='bbox 722 5429 1137 5485; x_wconf 44' lang='lat' dir='ltr'><strong>voce&#39;ostendit</strong></span> <span class='ocrx_word' id='word_1_721' title='bbox 1172 5429 1520 5485; x_wconf 86' lang='lat' dir='ltr'><strong>voluntatem</strong></span> <span class='ocrx_word' id='word_1_722' title='bbox 1551 5446 1730 5486; x_wconf 89' lang='lat' dir='ltr'><strong>suam.</strong></span> <span class='ocrx_word' id='word_1_723' title='bbox 1778 5431 1969 5502; x_wconf 90' lang='lat' dir='ltr'><strong>Neque</strong></span> <span class='ocrx_word' id='word_1_724' title='bbox 2001 5447 2135 5487; x_wconf 88' lang='lat' dir='ltr'><strong>con-</strong></span> 
     </span>
    </p>
   </div>
   <div class='ocr_carea' id='block_1_99' title="bbox 561 5522 2141 5596">
    <p class='ocr_par' dir='ltr' id='par_1_99' title="bbox 561 5522 2141 5596">
     <span class='ocr_line' id='line_1_101' title="bbox 561 5522 2141 5596; baseline 0.002 -19"><span class='ocrx_word' id='word_1_725' title='bbox 561 5522 806 5578; x_wconf 86' lang='lat' dir='ltr'><strong>turberis</strong></span> <span class='ocrx_word' id='word_1_726' title='bbox 831 5523 1026 5578; x_wconf 86' lang='lat' dir='ltr'><strong>videns</strong></span> <span class='ocrx_word' id='word_1_727' title='bbox 1070 5538 1199 5578; x_wconf 89' lang='lat' dir='ltr'><strong>eum</strong></span> <span class='ocrx_word' id='word_1_728' title='bbox 1248 5523 1694 5579; x_wconf 85' lang='lat' dir='ltr'><strong>consentientem</strong></span> <span class='ocrx_word' id='word_1_729' title='bbox 1718 5524 1944 5596; x_wconf 91' lang='lat' dir='ltr'><strong>propria</strong></span> <span class='ocrx_word' id='word_1_730' title='bbox 1974 5539 2141 5580; x_wconf 82' lang='lat' dir='ltr'><strong>carne</strong></span> 
     </span>
    </p>
   </div>
   <div class='ocr_carea' id='block_1_100' title="bbox 562 5607 2145 5685">
    <p class='ocr_par' dir='ltr' id='par_1_100' title="bbox 562 5607 2145 5685">
     <span class='ocr_line' id='line_1_102' title="bbox 562 5607 2145 5685; baseline 0.003 -18"><span class='ocrx_word' id='word_1_731' title='bbox 562 5612 757 5669; x_wconf 85' lang='lat' dir='ltr'><strong>mortis</strong></span> <span class='ocrx_word' id='word_1_732' title='bbox 786 5612 1039 5685; x_wconf 80' lang='lat' dir='ltr'><strong>agoniam</strong></span> <span class='ocrx_word' id='word_1_733' title='bbox 1070 5607 1280 5669; x_wconf 86' lang='lat' dir='ltr'><strong>subire.</strong></span> <span class='ocrx_word' id='word_1_734' title='bbox 1312 5612 1524 5685; x_wconf 85' lang='lat' dir='ltr'><strong>Agonia</strong></span> <span class='ocrx_word' id='word_1_735' title='bbox 1563 5613 1711 5669; x_wconf 90' lang='lat' dir='ltr'><strong>enim</strong></span> <span class='ocrx_word' id='word_1_736' title='bbox 1742 5614 2010 5670; x_wconf 89' lang='lat' dir='ltr'><strong>humilius</strong></span> <span class='ocrx_word' id='word_1_737' title='bbox 2055 5624 2145 5672; x_wconf 87' lang='lat' dir='ltr'><strong>est</strong></span> 
     </span>
    </p>
   </div>
   <div class='ocr_carea' id='block_1_101' title="bbox 559 5700 2146 5799">
    <p class='ocr_par' dir='ltr' id='par_1_101' title="bbox 559 5700 2146 5799">
     <span class='ocr_line' id='line_1_103' title="bbox 559 5700 2146 5799; baseline 0.001 -43"><span class='ocrx_word' id='word_1_738' title='bbox 559 5701 791 5773; x_wconf 84' lang='lat' dir='ltr'><strong>aliquid,</strong></span> <span class='ocrx_word' id='word_1_739' title='bbox 824 5701 1037 5758; x_wconf 90' lang='lat' dir='ltr'><strong>scilicet</strong></span> <span class='ocrx_word' id='word_1_740' title='bbox 1086 5711 1213 5775; x_wconf 88' lang='lat' dir='ltr'><strong>post</strong></span> <span class='ocrx_word' id='word_1_741' title='bbox 1249 5700 1716 5799; x_wconf 69' lang='lat' dir='ltr'><strong>resurrectionem</strong></span> <span class='ocrx_word' id='word_1_742' title='bbox 1746 5714 1939 5763; x_wconf 85' lang='lat' dir='ltr'><strong>suam.</strong></span> <span class='ocrx_word' id='word_1_743' title='bbox 1967 5700 2146 5757; x_wconf 86' lang='lat' dir='ltr'><strong>mani-</strong></span> 
     </span>
    </p>
   </div>
   <div class='ocr_carea' id='block_1_102' title="bbox 634 5836 1077 5907">
    <p class='ocr_par' dir='ltr' id='par_1_102' title="bbox 634 5836 1077 5907">
     <span class='ocr_line' id='line_1_104' title="bbox 634 5836 1077 5907; baseline 0.002 -13"><span class='ocrx_word' id='word_1_744' title='bbox 634 5843 653 5872; x_wconf 77' lang='grc'><strong><em>⁹</em></strong></span> <span class='ocrx_word' id='word_1_745' title='bbox 689 5836 856 5896; x_wconf 86' lang='lat' dir='ltr'><strong>llebr.</strong></span> <span class='ocrx_word' id='word_1_746' title='bbox 888 5856 961 5907; x_wconf 81' lang='grc' dir='ltr'><strong>ιν,</strong></span> <span class='ocrx_word' id='word_1_747' title='bbox 991 5840 1077 5898; x_wconf 83' lang='lat' dir='ltr'><strong>l5.</strong></span> 
     </span>
    </p>
   </div>
   <div class='ocr_carea' id='block_1_103' title="bbox 2318 4714 3817 4788">
    <p class='ocr_par' dir='ltr' id='par_1_103' title="bbox 2318 4714 3817 4788">
     <span class='ocr_line' id='line_1_105' title="bbox 2318 4714 3817 4788; baseline 0.007 -22"><span class='ocrx_word' id='word_1_748' title='bbox 2318 4714 2389 4788; x_wconf 58' lang='grc' dir='ltr'><strong>ξξι</strong></span> <span class='ocrx_word' id='word_1_749' title='bbox 2440 4714 2575 4788; x_wconf 33' lang='grc' dir='ltr'>τοῦλ</span> <span class='ocrx_word' id='word_1_750' title='bbox 2620 4717 2809 4785; x_wconf 75' lang='grc' dir='ltr'>λόγου</span> <span class='ocrx_word' id='word_1_751' title='bbox 2883 4716 2995 4771; x_wconf 84' lang='grc' dir='ltr'><strong>τοῦ</strong></span> <span class='ocrx_word' id='word_1_752' title='bbox 3037 4720 3126 4786; x_wconf 80' lang='grc' dir='ltr'><strong>είς</strong></span> <span class='ocrx_word' id='word_1_753' title='bbox 3172 4720 3286 4787; x_wconf 77' lang='grc' dir='ltr'><strong>τὴν</strong></span> <span class='ocrx_word' id='word_1_754' title='bbox 3333 4721 3676 4788; x_wconf 75' lang='grc' dir='ltr'>προδοσίαν</span> <span class='ocrx_word' id='word_1_755' title='bbox 3723 4714 3817 4776; x_wconf 79' lang='grc' dir='ltr'><strong>τοῦ</strong></span> 
     </span>
    </p>
   </div>
   <div class='ocr_carea' id='block_1_104' title="bbox 2318 4784 2600 4852">
    <p class='ocr_par' dir='ltr' id='par_1_104' title="bbox 2318 4784 2600 4852">
     <span class='ocr_line' id='line_1_106' title="bbox 2318 4784 2600 4852; baseline 0.007 -16"><span class='ocrx_word' id='word_1_756' title='bbox 2318 4784 2600 4852; x_wconf 81' lang='grc' dir='ltr'>Χριστοῦ.</span> 
     </span>
    </p>
   </div>
   <div class='ocr_carea' id='block_1_105' title="bbox 2322 4874 3814 4951">
    <p class='ocr_par' dir='ltr' id='par_1_105' title="bbox 2322 4874 3814 4951">
     <span class='ocr_line' id='line_1_107' title="bbox 2322 4874 3814 4951; baseline 0.004 -24"><span class='ocrx_word' id='word_1_757' title='bbox 2322 4874 2590 4945; x_wconf 79' lang='grc' dir='ltr'>Ἤρξατο,</span> <span class='ocrx_word' id='word_1_758' title='bbox 2614 4876 2774 4947; x_wconf 74' lang='grc' dir='ltr'>φησὶ,</span> <span class='ocrx_word' id='word_1_759' title='bbox 2804 4876 3204 4933; x_wconf 76' lang='grc' dir='ltr'>λυπεῖσθαικαὶ</span> <span class='ocrx_word' id='word_1_760' title='bbox 3229 4880 3544 4949; x_wconf 86' lang='grc' dir='ltr'>ἀδημονεῖν.</span> <span class='ocrx_word' id='word_1_761' title='bbox 3578 4882 3738 4951; x_wconf 75' lang='grc' dir='ltr'>Δύπη</span> <span class='ocrx_word' id='word_1_762' title='bbox 3766 4879 3814 4933; x_wconf 83' lang='grc' dir='ltr'>δὲ</span> 
     </span>
    </p>
   </div>
   <div class='ocr_carea' id='block_1_106' title="bbox 2248 4966 3815 5042">
    <p class='ocr_par' dir='ltr' id='par_1_106' title="bbox 2248 4966 3815 5042">
     <span class='ocr_line' id='line_1_108' title="bbox 2248 4966 3815 5042; baseline 0.006 -23"><span class='ocrx_word' id='word_1_763' title='bbox 2248 4966 2346 5020; x_wconf 79' lang='grc' dir='ltr'><strong>καὶ</strong></span> <span class='ocrx_word' id='word_1_764' title='bbox 2379 4967 2653 5039; x_wconf 87' lang='grc' dir='ltr'>ἀδημονία</span> <span class='ocrx_word' id='word_1_765' title='bbox 2683 4969 2777 5023; x_wconf 82' lang='grc' dir='ltr'>καὶ</span> <span class='ocrx_word' id='word_1_766' title='bbox 2826 4970 3060 5041; x_wconf 79' lang='grc' dir='ltr'>θάμϐος,</span> <span class='ocrx_word' id='word_1_767' title='bbox 3092 4972 3202 5026; x_wconf 60' lang='lat' dir='ltr'><strong>ista</strong></span> <span class='ocrx_word' id='word_1_768' title='bbox 3246 4974 3354 5025; x_wconf 77' lang='grc' dir='ltr'>εισι</span> <span class='ocrx_word' id='word_1_769' title='bbox 3382 4971 3563 5042; x_wconf 76' lang='grc' dir='ltr'>ψυχῆς</span> <span class='ocrx_word' id='word_1_770' title='bbox 3604 4972 3815 5042; x_wconf 76' lang='grc' dir='ltr'>λογικῆς</span> 
     </span>
    </p>
   </div>
   <div class='ocr_carea' id='block_1_107' title="bbox 2241 5059 3814 5137">
    <p class='ocr_par' dir='ltr' id='par_1_107' title="bbox 2241 5059 3814 5137">
     <span class='ocr_line' id='line_1_109' title="bbox 2241 5059 3814 5137; baseline 0.001 -25"><span class='ocrx_word' id='word_1_771' title='bbox 2241 5059 2491 5128; x_wconf 79' lang='grc' dir='ltr'>φυσικῶς</span> <span class='ocrx_word' id='word_1_772' title='bbox 2534 5062 2814 5133; x_wconf 86' lang='grc' dir='ltr'>προσόντα</span> <span class='ocrx_word' id='word_1_773' title='bbox 2868 5063 3045 5134; x_wconf 81' lang='grc' dir='ltr'>αὐτῇ·</span> <span class='ocrx_word' id='word_1_774' title='bbox 3079 5064 3249 5134; x_wconf 89' lang='grc' dir='ltr'>μόνης</span> <span class='ocrx_word' id='word_1_775' title='bbox 3293 5064 3404 5134; x_wconf 80' lang='grc' dir='ltr'><strong>γὰρ</strong></span> <span class='ocrx_word' id='word_1_776' title='bbox 3452 5066 3727 5135; x_wconf 78' lang='grc' dir='ltr'>ἁμαρτίας</span> <span class='ocrx_word' id='word_1_777' title='bbox 3754 5062 3814 5137; x_wconf 71' lang='grc' dir='ltr'>ἦν</span> 
     </span>
    </p>
   </div>
   <div class='ocr_carea' id='block_1_108' title="bbox 2241 5149 3814 5226">
    <p class='ocr_par' dir='ltr' id='par_1_108' title="bbox 2241 5149 3814 5226">
     <span class='ocr_line' id='line_1_110' title="bbox 2241 5149 3814 5226; baseline 0.003 -21"><span class='ocrx_word' id='word_1_778' title='bbox 2241 5149 2643 5223; x_wconf 78' lang='grc' dir='ltr'>ἀπηλλαγμένη</span> <span class='ocrx_word' id='word_1_779' title='bbox 2677 5155 2710 5224; x_wconf 85' lang='grc' dir='ltr'><strong>ή</strong></span> <span class='ocrx_word' id='word_1_780' title='bbox 2745 5152 2910 5226; x_wconf 85' lang='grc' dir='ltr'>νοερά</span> <span class='ocrx_word' id='word_1_781' title='bbox 2960 5154 3056 5207; x_wconf 89' lang='grc' dir='ltr'><strong>τοῦ</strong></span> <span class='ocrx_word' id='word_1_782' title='bbox 3098 5155 3350 5225; x_wconf 77' lang='grc' dir='ltr'>Σωτῆρος</span> <span class='ocrx_word' id='word_1_783' title='bbox 3370 5155 3536 5225; x_wconf 76' lang='grc' dir='ltr'>ψυχή.</span> <span class='ocrx_word' id='word_1_784' title='bbox 3567 5156 3675 5210; x_wconf 78' lang='grc' dir='ltr'><strong>Καὶ</strong></span> <span class='ocrx_word' id='word_1_785' title='bbox 3695 5153 3814 5225; x_wconf 78' lang='grc' dir='ltr'>μεθ’</span> 
     </span>
    </p>
   </div>
   <div class='ocr_carea' id='block_1_109' title="bbox 2240 5242 3811 5317">
    <p class='ocr_par' dir='ltr' id='par_1_109' title="bbox 2240 5242 3811 5317">
     <span class='ocr_line' id='line_1_111' title="bbox 2240 5242 3811 5317; baseline 0.001 -19"><span class='ocrx_word' id='word_1_786' title='bbox 2240 5242 2434 5312; x_wconf 78' lang='grc' dir='ltr'>ἓτερα’</span> <span class='ocrx_word' id='word_1_787' title='bbox 2461 5243 2647 5298; x_wconf 77' lang='grc' dir='ltr'>Εἰπὼν</span> <span class='ocrx_word' id='word_1_788' title='bbox 2674 5244 2731 5298; x_wconf 80' lang='grc' dir='ltr'>δὲ</span> <span class='ocrx_word' id='word_1_789' title='bbox 2760 5245 2820 5298; x_wconf 88' lang='grc' dir='ltr'><strong>ἐν</strong></span> <span class='ocrx_word' id='word_1_790' title='bbox 2855 5247 2924 5316; x_wconf 76' lang='grc' dir='ltr'>τῇ</span> <span class='ocrx_word' id='word_1_791' title='bbox 2956 5249 3257 5316; x_wconf 84' lang='grc' dir='ltr'>προσευχῇ,</span> <span class='ocrx_word' id='word_1_792' title='bbox 3306 5245 3404 5315; x_wconf 78' lang='grc' dir='ltr'><strong>Μὴ</strong></span> <span class='ocrx_word' id='word_1_793' title='bbox 3455 5247 3521 5299; x_wconf 83' lang='grc' dir='ltr'>τὸ</span> <span class='ocrx_word' id='word_1_794' title='bbox 3558 5247 3706 5317; x_wconf 81' lang='grc' dir='ltr'><strong>ἐμὸν</strong></span> <span class='ocrx_word' id='word_1_795' title='bbox 3729 5246 3811 5301; x_wconf 68' lang='grc' dir='ltr'><strong>θές</strong></span> 
     </span>
    </p>
   </div>
   <div class='ocr_carea' id='block_1_110' title="bbox 2243 5336 3814 5409">
    <p class='ocr_par' dir='ltr' id='par_1_110' title="bbox 2243 5336 3814 5409">
     <span class='ocr_line' id='line_1_112' title="bbox 2243 5336 3814 5409; baseline 0 -18"><span class='ocrx_word' id='word_1_796' title='bbox 2243 5340 2408 5407; x_wconf 79' lang='grc' dir='ltr'>λημα</span> <span class='ocrx_word' id='word_1_797' title='bbox 2433 5336 2718 5408; x_wconf 79' lang='grc' dir='ltr'>γενέσθω,</span> <span class='ocrx_word' id='word_1_798' title='bbox 2728 5336 2806 5401; x_wconf 85' lang='grc' dir='ltr'>ὠς</span> <span class='ocrx_word' id='word_1_799' title='bbox 2828 5337 3116 5409; x_wconf 77' lang='grc' dir='ltr'>ἄνθρωπος</span> <span class='ocrx_word' id='word_1_800' title='bbox 3143 5337 3360 5408; x_wconf 82' lang='grc' dir='ltr'>άληθῶς</span> <span class='ocrx_word' id='word_1_801' title='bbox 3383 5340 3744 5409; x_wconf 82' lang='grc' dir='ltr'>χρηματίσας,</span> <span class='ocrx_word' id='word_1_802' title='bbox 3761 5338 3814 5391; x_wconf 77' lang='grc' dir='ltr'><strong>τὺ</strong></span> 
     </span>
    </p>
   </div>
   <div class='ocr_carea' id='block_1_111' title="bbox 2246 5425 3806 5500">
    <p class='ocr_par' dir='ltr' id='par_1_111' title="bbox 2246 5425 3806 5500">
     <span class='ocr_line' id='line_1_113' title="bbox 2246 5425 3806 5500; baseline 0 -19"><span class='ocrx_word' id='word_1_803' title='bbox 2246 5426 2589 5500; x_wconf 83' lang='grc' dir='ltr'>ἀνθρώπινον</span> <span class='ocrx_word' id='word_1_804' title='bbox 2620 5425 2785 5481; x_wconf 78' lang='grc' dir='ltr'>αὑτοῦ</span> <span class='ocrx_word' id='word_1_805' title='bbox 2821 5426 2912 5481; x_wconf 88' lang='grc' dir='ltr'><strong>διά</strong></span> <span class='ocrx_word' id='word_1_806' title='bbox 2947 5430 3046 5499; x_wconf 82' lang='grc' dir='ltr'>τῆς</span> <span class='ocrx_word' id='word_1_807' title='bbox 3072 5430 3254 5499; x_wconf 81' lang='grc' dir='ltr'>φωνῆς</span> <span class='ocrx_word' id='word_1_808' title='bbox 3291 5429 3536 5499; x_wconf 83' lang='grc' dir='ltr'>ἐσήμανε</span> <span class='ocrx_word' id='word_1_809' title='bbox 3590 5429 3806 5499; x_wconf 85' lang='grc' dir='ltr'>θέλημα.</span> 
     </span>
    </p>
   </div>
   <div class='ocr_carea' id='block_1_112' title="bbox 2242 5518 3809 5592">
    <p class='ocr_par' dir='ltr' id='par_1_112' title="bbox 2242 5518 3809 5592">
     <span class='ocr_line' id='line_1_114' title="bbox 2242 5518 3809 5592; baseline 0 -20"><span class='ocrx_word' id='word_1_810' title='bbox 2242 5519 2352 5573; x_wconf 75' lang='grc' dir='ltr'><strong>Καὶ</strong></span> <span class='ocrx_word' id='word_1_811' title='bbox 2385 5519 2460 5590; x_wconf 82' lang='grc' dir='ltr'>μὴ</span> <span class='ocrx_word' id='word_1_812' title='bbox 2495 5518 2786 5590; x_wconf 78' lang='grc' dir='ltr'>θαμὸηθῇς</span> <span class='ocrx_word' id='word_1_813' title='bbox 2814 5518 2957 5591; x_wconf 83' lang='grc' dir='ltr'>ὁρῶν</span> <span class='ocrx_word' id='word_1_814' title='bbox 2986 5519 3151 5573; x_wconf 76' lang='grc' dir='ltr'>αὐτὸν</span> <span class='ocrx_word' id='word_1_815' title='bbox 3202 5520 3591 5592; x_wconf 86' lang='grc' dir='ltr'>συγχωροῦντα</span> <span class='ocrx_word' id='word_1_816' title='bbox 3617 5524 3681 5591; x_wconf 78' lang='grc' dir='ltr'><strong>τῇ</strong></span> <span class='ocrx_word' id='word_1_817' title='bbox 3716 5521 3809 5589; x_wconf 79' lang='grc' dir='ltr'>ἰδίᾳ</span> 
     </span>
    </p>
   </div>
   <div class='ocr_carea' id='block_1_113' title="bbox 2245 5610 3807 5685">
    <p class='ocr_par' dir='ltr' id='par_1_113' title="bbox 2245 5610 3807 5685">
     <span class='ocr_line' id='line_1_115' title="bbox 2245 5610 3807 5685; baseline 0 -22"><span class='ocrx_word' id='word_1_818' title='bbox 2245 5610 2410 5682; x_wconf 74' lang='grc' dir='ltr'>σαρκὶ</span> <span class='ocrx_word' id='word_1_819' title='bbox 2448 5611 2690 5683; x_wconf 77' lang='grc' dir='ltr'>ἀγωνιᾷν</span> <span class='ocrx_word' id='word_1_820' title='bbox 2721 5611 2812 5665; x_wconf 71' lang='grc' dir='ltr'><strong>τὸν</strong></span> <span class='ocrx_word' id='word_1_821' title='bbox 2845 5611 3107 5667; x_wconf 69' lang='grc' dir='ltr'><strong>θάνατον⁸</strong></span> <span class='ocrx_word' id='word_1_822' title='bbox 3138 5612 3239 5682; x_wconf 78' lang='grc' dir='ltr'><strong>τῆς</strong></span> <span class='ocrx_word' id='word_1_823' title='bbox 3270 5612 3380 5685; x_wconf 78' lang='grc' dir='ltr'>γὰρ</span> <span class='ocrx_word' id='word_1_824' title='bbox 3405 5612 3647 5681; x_wconf 84' lang='grc' dir='ltr'>ἀγωνίας</span> <span class='ocrx_word' id='word_1_825' title='bbox 3673 5629 3807 5663; x_wconf 81' lang='grc' dir='ltr'>πτω-</span> 
     </span>
    </p>
   </div>
   <div class='ocr_carea' id='block_1_114' title="bbox 2245 5700 3805 5776">
    <p class='ocr_par' dir='ltr' id='par_1_114' title="bbox 2245 5700 3805 5776">
     <span class='ocr_line' id='line_1_116' title="bbox 2245 5700 3805 5776; baseline 0.002 -21"><span class='ocrx_word' id='word_1_826' title='bbox 2245 5700 2507 5773; x_wconf 79' lang='grc' dir='ltr'>χέστερόν</span> <span class='ocrx_word' id='word_1_827' title='bbox 2537 5701 2591 5757; x_wconf 88' lang='grc' dir='ltr'><strong>τί</strong></span> <span class='ocrx_word' id='word_1_828' title='bbox 2614 5703 2734 5757; x_wconf 89' lang='grc' dir='ltr'>ἐστι</span> <span class='ocrx_word' id='word_1_829' title='bbox 2761 5702 2825 5757; x_wconf 79' lang='grc' dir='ltr'>τὸ</span> <span class='ocrx_word' id='word_1_830' title='bbox 2853 5702 2995 5774; x_wconf 86' lang='grc' dir='ltr'><strong>μετά</strong></span> <span class='ocrx_word' id='word_1_831' title='bbox 3018 5702 3120 5776; x_wconf 79' lang='grc' dir='ltr'>τὴν</span> <span class='ocrx_word' id='word_1_832' title='bbox 3144 5703 3443 5760; x_wconf 82' lang='grc' dir='ltr'>ἀνάστασιν</span> <span class='ocrx_word' id='word_1_833' title='bbox 3471 5702 3639 5759; x_wconf 81' lang='grc' dir='ltr'>αὑτοῦ</span> <span class='ocrx_word' id='word_1_834' title='bbox 3658 5719 3805 5775; x_wconf 71' lang='grc' dir='ltr'>τραυο</span> 
     </span>
    </p>
   </div>
  </div>
