4072 6522
257 370 399 436 1139

1440 357 1745 420 CONTRA
1781 353 2389 419 MONOPHYSiTAS.

3349 371 3353 375 ‘
3390 354 3529 422 1190

256 482 464 559 ματιᾷν
488 478 590 542 τάς
619 476 812 548 χεῖρας
853 471 953 527 καὶ
988 468 1090 543 τὴν
1122 466 1403 541 πλευράν,
1432 468 1529 520 καὶ
1571 461 1842 559 τεσσαρά-

1968 480 2054 519 HIS
2086 474 2143 519 et
2190 464 2361 519 latere
2392 463 2625 520 vulnera
2673 480 2867 536 gerere
2909 474 2967 521 et
2997 467 3362 537 quadraginta
3412 460 3552 525 ilics-

255 553 429 631 κοντα
453 570 671 641 ἡμέρας
713 563 1039 637 σωματικῆς
1075 562 1171 616 καὶ
1207 559 1458 632 φθαρτῆς
1489 553 1847 629 μεταλαμϐά-

256 683 373 741 νειν
396 678 634 735 τροφης.

270 771 694 847 Ἀμφιλοχίου,
715 766 1053 847 ἐπιςκόπου
1094 763 1372 847 ’ζκρνίοω
1403 759 1473 814 ἐκ
1515 757 1623 813 τοῦ
1652 757 1742 822 είς
1778 754 1852 810 τὰ

794 836 1085 892 Γενέθλια
1112 838 1322 903 λόγου.

332 937 565 993 Πάντων
598 933 698 1005 μὲν
721 930 833 1001 γὰρ
857 930 965 982 τῶν
994 930 1060 981 ἐκ
1105 924 1396 997 παρακοῆς
1434 924 1572 994 ἡμῖν
1617 936 1851 993 προσγι-

262 1030 509 1103 νομένων
568 1023 871 1095 ἀπήλλαξε,
904 1021 1003 1074 κα)⁸
1059 1017 1367 1088 ἀνεκάθηρε
1421 1014 1520 1085 τὴν
1571 1012 1852 1085 ἡμετέραν

264 1125 429 1197 φύσιν
462 1122 492 1175 6
542 1120 715 1188 Λόγος
735 1132 750 1147 ·
781 1113 927 1185 άπερ
955 1113 1013 1167 δὲ
1055 1112 1220 1175 αὐτὸς
1264 1111 1386 1164 κατ’
1412 1106 1600 1161 εἰκόνα
1641 1106 1740 1177 τὴν
1769 1104 1851 1157 ol-

263 1217 418 1271 κείαν
434 1210 700 1280 νὲποίησε,
726 1205 906 1262 ταῦτα
930 1203 1289 1276 παραλλαγῆς
1326 1202 1428 1255 οὐκ
1451 1197 1702 1271 ἔχρῃζεν,
1733 1197 1852 1250 οἵαν

263 1308 328 1363 τδ
352 1304 563 1377 φθαρὲν
595 1302 756 1371 σῶμα
784 1298 874 1353 διά
898 1298 959 1350 τὸ
986 1297 1061 1368 μὴ
1091 1294 1501 1367 συμφθαρῆναι,
1521 1291 1658 1345 ἀλλὰ
1677 1290 1854 1362 φθαρ-

262 1399 360 1455 τδν
395 1395 702 1467 διαμεῖναι,
743 1391 821 1455 ὡς
854 1390 1040 1443 εἰκόνα
1069 1387 1206 1441 Θεοῦ
1236 1386 1335 1457 τὴν
1367 1383 1570 1455 ψυχήν,

279 1506 767 1584 Ὀλυμπιοδέῦρίὲυ
787 1505 894 1584 τρῦ
915 1501 1186 1584 paream!
1207 1498 1549 1584 φιλοςόφου
1565 1495 1854 1584 διαέεδνοτε

349 1565 819 1648 ἏάεξανδρείιιςΔ
832 1577 899 1630 ὲκ
915 1565 1033 1629 ’τοῦ
1058 1565 1683 1648 δευτέρου-λόγου.τοῦ
1699 1565 1854 1647 κατρ

337 1640 645 1720 Σεὸήρου,’
878 1641 1241 1720 παρᾳγαῃῖυν
1300 1640 1415 1706 τὴν
1471 1640 1697 1720 χρῆςιγ
1742 1640 1853 1720 τρῦ

337 1708 514 1790 arto};
560 1708 925 1775 Ἀ’θαναονίου
958 1708 1076 1790 τῂκ
1103 1708 1417 1790 λέγουσαν
1456 1711 1529 1790 τά
1593 1708 1713 1790 εἳρο
1757 1711 1852 1762 θε-

343 1778 573 1873 limata
600 1789 700 1844 ἐπὶ
760 1778 1059 1859 Χριστοῦ,
1097 1778 1252 1836 οὕτω
1302 1793 1428 1847 πως
1490 1778 1852 1848 διεξέρχεται
1877 1812 1928 1873 Β

334 1864 634 2023 ⁸ιέῗιῗίωῖίρῦν
683 1951 785 2005 οὐκ
838 1944 934 2003 οἷδ’
960 1948 1113 2010 ὅπως
1164 1944 1266 1999 οὐκ
1293 1940 1667 2012 ὲξειθισμένος
1704 1936 1854 1993 κατὰ

1953 556 2263 626 corporalis
2286 564 2343 611 et
2381 557 2765 627 corruptibilis
2790 558 2901 613 cibi
2925 574 3047 614 esse
3077 562 3426 630 participem.

1952 762 2330 833 Amphilochii,
2380 762 2606 833 episcopi
2653 763 2842 830 Iconii,
2867 781 2931 819 ea:
2974 767 3214 820 oratione
3242 767 3298 820 in
3338 767 3534 820 nativi-

2661 844 2844 890 latent.

2023 925 2296 981 Omnibus
2330 926 2476 981 enim
2502 943 2625 997 qua:
2658 928 2820 983 nobis
2847 944 2915 983 ex
2938 928 3321 985 inobedientia
3348 940 3536 986 nostra

1954 1018 2280 1074 acciderunt
2310 1018 2587 1083 liberavit,
2610 1028 2977 1089 naturamque
3001 1030 3245 1076 nostram
3276 1021 3535 1091 puriﬁcao

1954 1108 2035 1163 vit
2066 1108 2331 1163 Verbum.
2367 1107 2497 1174 Quae
2517 1109 2741 1179 quidem
2771 1110 2890 1179 ipse
2920 1109 2989 1163 ad
3020 1112 3304 1180 propriam
3339 1112 3536 1183 imagi-

1954 1217 2081 1257 nem
2125 1201 2276 1265 fecit,
2327 1202 2395 1255 iis
2422 1217 2534 1255 non
2564 1202 2871 1257 mutatione
2905 1218 3042 1273 opus
3069 1204 3194 1270 fuit,
3230 1204 3305 1259 ita
3330 1213 3391 1260 ut
3418 1220 3540 1260 cor«

1955 1303 2178 1363 ruptum
2212 1293 2423 1349 scilicet
2466 1310 2670 1365 corpus
2702 1311 2816 1349 non
2848 1294 3019 1349 fuerit
3052 1306 3399 1366 corruptum,
3438 1297 3537 1352 sed

1956 1387 2322 1457 corruptibile
2361 1389 2744 1457 permanserit,
2766 1403 2892 1442 cum
2911 1388 2984 1443 sit
3002 1388 3183 1460 imago
3212 1390 3311 1445 Dei
3332 1389 3537 1445 anima.

1955 1497 2320 1570 Olympiodori
2356 1500 2539 1568 magni
2568 1498 2882 1570 pliilosOphi.
2936 1499 3147 1553 diaconi
3175 1499 3538 1563 Alexandrina

2028 1568 2093 1624 ea;
2117 1568 2354 1624 secunda
2409 1570 2659 1641 adversus
2687 1568 2935 1623 Severum
2993 1572 3268 1633 oratione.
3328 1573 3385 1624 in
3434 1588 3540 1641 qua

2027 1642 2349 1709 sententiam
2382 1640 2554 1692 sancti
2581 1641 2863 1693 Athanasii
2895 1641 3167 1709 proferens
3193 1641 3329 1695 duas
3356 1640 3543 1694 volan-

2028 1720 2162 1766 tates
2189 1712 2246 1764 in
2293 1708 2501 1767 Christo
2538 1710 2920 1775 ostendentem,
2950 1708 3028 1765 ita
3073 1711 3282 1766 disserit
3320 1711 3497 1766 dicens
3522 1726 3541 1765 :

2023 1944 2207 2015 Atque
2251 1943 2422 2015 igitur
2470 1941 2662 1998 nescio
2693 1941 2978 2012 quomodo
3024 1957 3135 1997 non
3201 1941 3543 1998 assuefactus

270 2044 472 2099 σαυτὸν
521 2040 795 2112 εὐθύτητα
853 2035 1199 2111 διαρυθμίξει
1253 2033 1445 2089 κανόσι
1470 2033 1583 2095 τοῖς
1615 2030 1797 2094 ἀλλοις
1824 2028 1854 2083 6

1968 2044 2109 2105 mixta
2136 2047 2190 2093 te
2218 2037 2400 2107 ipsum
2427 2043 2637 2090 rectam
2670 2035 2829 2104 sequi
2854 2034 3023 2102 viam,
3065 2034 3189 2091 aliis
3218 2050 3347 2091 cum
3371 2050 3545 2090 cano-

269 2131 531 2204 Σεὸῆρος,
559 2133 621 2185 τὸ
648 2130 823 2201 παρὸν
851 2130 952 2183 οὐκ
983 2126 1213 2191 ἀπεικὸς
1244 2125 1340 2180 τοῦ
1387 2122 1716 2179 διδασκάλου
1768 2121 1856 2175 δι-

271 2226 585 2296 απηύθυνεν
612 2223 713 2277 οῦκ
750 2222 1033 2293 ἐθελοντὴς
1057 2219 1320 2293 θεώρημα
1351 2218 1578 2288 φάσκων
1621 2215 1765 2270 κατά
1785 2214 1858 2270 τὰ

274 2318 656 2391 προλεγόμενα
684 2316 780 2370 καὶ
809 2313 1148 2384 ὲφεπόμενα]
1173 2310 1511 2380 εὐαγγελικά
1544 2309 1786 2379 ῥήματα,
1819 2306 1859 2362 ἀ

271 2411 565 2480 ταυτότητι
604 2406 829 2471 κανόνος
874 2407 905 2459 6
964 2404 1287 2469 Ἀθανάσιος
1336 2401 1733 2465 ταλαντεύσας,
1778 2400 1859 2473 τῷ

273 2502 606 2576 ἀνθρωπίνῳ
644 2500 738 2554 τοῦ
776 2498 1032 2569 Σωτῆρος
1060 2496 1131 2549 τὰ
1178 2495 1254 2567 μὴ
1303 2494 1440 2565 πρὸς
1465 2494 1600 2565 ὕψος
1644 2493 1861 2565 ὁρῶντα

275 2596 651 2668 προσήρμοσε,
686 2591 846 2662 δῆλός
885 2592 1004 2644 ἐστι
1049 2590 1144 2643 καὶ
1170 2588 1232 2643 τὸ
1264 2588 1339 2660 μὴ
1368 2587 1538 2642 θέλων
1566 2586 1860 2642 ἀποθανεῖν

277 2688 489 2760 θέλημα
509 2685 603 2740 ἐπὶ
628 2685 720 2739 τὸν
747 2686 805 2739 ὲν
840 2686 1024 2757 μορφῇ
1046 2682 1337 2754 ἀνθρώπου
1358 2682 1698 2753 τυγχάνοντα
1716 2680 1862 2752 lava.-

278 2778 653 2852 πεμπόμενος.
1238 2776 1243 2779 ’

689 2865 1006 2937 Ἕρμηνεία
1035 2862 1148 2933 τῆς
1175 2865 1473 2935 χρήσεως.

362 2962 452 3016 Ἐν
472 2959 549 3032 τῷ
567 2960 714 3031 λόγῳ
735 2959 814 3029 τῷ
840 2959 982 3013 κατά
1016 2956 1310 3029 Ἀρειανῶν
1346 2951 1461 3025 ὲνῷ
1480 2956 1549 3011 τὰ
1579 2954 1672 3010 δύο
1704 2955 1864 3028 θελή-

286 3069 435 3125 ματα
484 3052 513 3104 6
569 3050 724 3118 ἅγιος
782 3049 1100 3113 Ἀθανάσιος
1166 3044 1323 3111 εἷπε,
1378 3048 1581 3112 πολλὰς
1637 3050 1864 3120 χρήσεις

1955 2134 2122 2189 nibus
2170 2130 2487 2187 consentire
2519 2129 2697 2200 possit
2743 2128 3013 2194 Severus;
3059 2136 3388 2198 praesentem
3431 2141 3543 2181 nou

1956 2225 2257 2281 absurdam
2300 2223 2521 2279 domini
2562 2222 2808 2277 correxit
2867 2222 3079 2277 invitus
3101 2220 3541 2292 propositionem

1959 2320 2153 2375 dicens
2176 2321 2333 2391 juxta
2386 2317 2650 2389 prtedicta
2682 2326 2737 2372 et
2788 2316 3171 2386 insequentia
3228 2315 3544 2386 evangelica

1957 2410 2150 2473 verba.
2185 2425 2308 2480 quae
2353 2408 2581 2464 canonis
2615 2408 2907 2464 identitate
2939 2408 3274 2463 Athanasius
3314 2423 3548 2478 perpen-

1960 2506 2118 2570 dens,
2156 2503 2492 2560 humanitati
2532 2502 2841 2557 Salvatoris
2864 2519 2986 2573 qua:
3020 2511 3249 2572 pr0pter
3295 2501 3548 2556 sublimi-

1963 2605 2133 2671 tatem
2166 2612 2276 2651 non
2311 2595 2607 2660 videntur,
2661 2594 3134 2660 accommodavit;
3194 2593 3545 2649 manifestum

1960 2702 2047 2747 est
2070 2698 2127 2745 et
2159 2706 2285 2745 cum
2318 2689 2559 2744 noluerit
2607 2689 2747 2744 mori
2789 2689 2925 2744 illud
2966 2703 3089 2744 esse
3117 2687 3456 2743 voluntatem
3490 2686 3546 2741 in

1961 2782 2059 2838 illo
2092 2782 2189 2853 qui
2230 2783 2287 2837 in
2313 2781 2491 2837 forma
2529 2782 2773 2837 hominis
2793 2788 2935 2837 erat.
2968 2804 2973 2808 -

2390 2875 2771 2945 Interpretatio
2800 2876 2961 2946 hujus
3003 2873 3123 2930 loci.

2032 2965 2095 3021 ῐη
2124 2966 2378 3022 oratione
2416 2965 2687 3020 adversus
2727 2964 2962 3020 Arianos
2985 3005 3000 3029 ,
3051 2964 3108 3018 iu
3130 2977 3240 3033 qua
3279 2960 3417 3017 duas
3453 2975 3551 3014 vo-

1964 3056 2213 3113 luntates
2265 3065 2492 3112 sanctus
2519 3055 2855 3112 Athanasius
2900 3055 3062 3119 dixit.
3088 3055 3290 3109 multas
3331 3052 3552 3108 citatio-

283 3142 644 3212 εὐαγγελικάς
694 3141 1111 3210 πτωχοπρεπεῖς
1164 3140 1245 3203 είς
1310 3137 1409 3210 τὴν
1465 3138 1861 3209 ἀνθρωπότητα

1968 3164 2068 3204 nes
2093 3148 2440 3218 evangelicas
2473 3148 2815 3203 humillimas
2844 3148 2900 3203 in
2964 3146 3170 3203 Christi
3237 3143 3553 3200 humanita-

282 3235 380 3290 τοῦ
436 3233 673 3305 Χριστοῦ
718 3229 1064 3302 ἁρμοζούσας
1120 3232 1487 3302 παρήγαγεν,
1519 3224 1635 3284 οἷον
1664 3230 1745 3295 τὸ,
1800 3230 1862 3284 '0

286 3324 487 3394 Πατήρ
505 3341 625 3394 μου
643 3322 857 3394 μείζων
871 3322 989 3391 μού
1022 3322 1155 3375 ἐστι
1184 3337 1200 3352 ο
1221 3321 1338 3383 καὶ,
1364 3320 1638 3385 Δοξασόν
1650 3339 1728 3391 με
1748 3321 1867 3376 Πτί-

284 3433 422 3487 τερ·
507 3417 640 3481 καὶ,
708 3414 1040 3483 Ἐλήλυθεν
1114 3414 1155 3481 ἠ
1224 3411 1345 3482 ὥρα
1422 3412 1524 3466 ἵνά
1591 3411 1866 3484 δοξασθῇ

288 3513 324 3565 ὁ
352 3508 482 3575 Υἱός
503 3508 610 3562 τοῦ
630 3506 945 3576 ἀνθρώπου
963 3520 977 3534 ·
1013 3504 1141 3570 καὶ,
1167 3504 1543 3572 Προέκοπτεν
1565 3506 1597 3560 ό
1639 3504 1869 3573 Ἰησοῦς

287 3600 473 3670 σοφίᾳ
490 3599 587 3653 καί
611 3597 837 3666 ἡλικίᾳ·
860 3596 953 3650 καὶ
977 3594 1155 3649 πάντα
1170 3596 1237 3648 τὰ
1252 3592 1476 3648 τοιαῦτα
1490 3594 1832 3666 παραγαγὼν
1847 3636 1866 3664 ,

289 3693 371 3756 είς
399 3690 498 3761 τὴν
526 3691 708 3760 σάρκα
736 3689 830 3742 τοῦ
861 3688 1070 3757 Κυρίου
1100 3687 1274 3742 ταῦτα
1299 3687 1523 3753 ὲξέλαόε
1550 3690 1643 3742 καὶ
1677 3690 1868 3760 ήρμή-

288 3802 481 3841 νευσεν
510 3802 525 3816 ·
562 3783 622 3850 ὲξ
655 3777 729 3837 ὧν
759 3784 875 3836 ἐστι
910 3784 1006 3837 καὶ
1033 3783 1093 3836 τὸ
1112 3822 1127 3847 ,
1148 3782 1364 3851 Πάτερ,
1394 3782 1736 3851 παρελθέτω
1767 3783 1871 3839 ἀπ’

288 3878 439 3949 ἐμοῦ
484 3875 551 3931 τὸ
588 3875 874 3945 ποτήριον
903 3874 1079 3929 τοῦτο
1118 3889 1135 3905 ⁹
1167 3874 1336 3943 πλὴν
1361 3873 1449 3945 μὴ
1492 3875 1560 3930 τὸ
1592 3875 1741 3945 ἐμὸν
1774 3876 1871 3933 θέ-

287 3974 455 4041 λημα
468 3968 748 4040 γενέσθω,
766 3968 926 4023 ἀλλὰ
945 3966 1010 4021 τὸ
1034 3967 1395 4038 σόν.Ἐπειδῆ
1426 3966 1518 4021 οὖν
1536 3968 1680 4031 τινές
1709 3985 1874 4038 φασιν

290 4064 375 4117 ὅτι
429 4062 557 4133 περὶ
590 4060 720 4114 ίδίου
769 4059 1080 4130 θελήματος
1099 4059 1251 4128 λέγει
1303 4060 1332 4112 6
1371 4060 1632 4129 Χριστὸς.
1665 4060 1762 4128 Μὴ
1802 4060 1873 4115 τὸ

292 4155 459 4225 ἐμὸν,
490 4152 624 4206 ἀλλά
660 4153 791 4222 περί⁵
847 4150 944 4204 τοῦ
985 4150 1287 4221 θελήματος
1315 4150 1411 4205 τοῦ
1455 4151 1746 4220 ἀνθρώπου
1776 4151 1872 4206 τοῦ

295 4244 615 4316 ὲμπαθοῦς,
662 4243 898 4315 ἠθέλησε
954 4244 1307 4315 παραστῆσαι
1336 4244 1365 4297 6
1431 4244 1875 4317 Ὀλυμπιόδωρος

296 4339 380 4393 ὅτι
407 4340 472 4392 ὲκ
498 4338 605 4392 τῶν
636 4337 1071 4409 προηγουμένων
1103 4337 1356 4406 φαίνεται
1404 4336 1727 4402 Ἀθανάσιος
1778 4338 1876 4393 καὶ

298 4433 365 4485 ὲκ
385 4431 495 4484 τῶν
521 4430 900 4499 έφεπομένων,
930 4431 1014 4484 ὅτι
1052 4432 1132 4492 ei;
1160 4430 1222 4482 τὸ
1250 4426 1590 4500 ἀνθρώπινον
1615 4430 1710 4485 τοῦ
1737 4432 1877 4503 Χρι-

300 4521 426 4576 στοῦ
449 4521 641 4592 ἐνόησε
675 4524 756 4585 τὸ,
792 4519 889 4585 Μὴ
919 4520 985 4574 τὸ
1012 4520 1162 4590 ἐμόν
1185 4519 1432 4588 θέλημαο
1451 4519 1532 4574 διὸ
1560 4520 1757 4589 ἐπάγει
1786 4521 1878 4576 λέ-
1907 4508 1954 4565 Ῑ)

298 4623 434 4677 γων,
463 4609 545 4662 ὅτι
578 4607 653 4662 Τὸ
689 4609 927 4678 πνεῦμα
968 4609 1306 4678 πρόθυμον,
1337 4609 1376 4677 ἠ
1414 4607 1483 4662 δὲ
1511 4611 1668 4679 σὰρξ
1696 4612 1877 4667 ἀσθε-

298 4698 432 4767 νής.
467 4700 677 4771 Ὥσπερ
716 4695 811 4753 οὖν
846 4699 906 4754 τὸ
938 4699 1163 4771 Πνεῦμα
1208 4700 1303 4753 τοῦ
1346 4700 1585 4772 Χριστοῦ
1625 4702 1875 4774 νοοῦμεν,

299 4790 442 4869 οὕτω
482 4790 576 4846 καὶ
628 4793 728 4862 τὴν
762 4792 941 4863 σάρκα
975 4793 1056 4856 είς
1107 4792 1169 4846 τὸ
1221 4794 1564 4865 προφητικὸν
1604 4796 1767 4867 ῥητὸν
1816 4796 1878 4851 τὸ

301 4882 433 4953 περὶ
462 4882 557 4935 τοῦ
578 4880 869 4954 ἀνθρώπου
896 4882 1032 4952 πρὸς
1065 4882 1198 4937 Θεὸν
1229 4885 1460 4953 φάσκον,
1495 4885 1881 4954 Ἦλάττωσας

1972 3250 2082 3296 tem
2130 3241 2546 3296 consentientes
2583 3239 2850 3310 protulit,
2896 3255 2927 3295 e
2971 3240 3175 3309 quibus
3202 3237 3319 3294 haec
3347 3254 3361 3291 :
3390 3237 3554 3291 Pater

1972 3347 2117 3385 meus
2150 3330 2326 3399 major
2370 3346 2454 3383 me
2483 3337 2559 3383 est
2587 3330 2632 3361 ⁸ο
2664 3347 2679 3395 ;
2715 3337 2773 3385 et
2801 3346 2816 3382 :
2851 3328 3104 3397 Gloriftca
3134 3344 3236 3392 me,
3284 3326 3449 3381 Pater
3472 3327 3551 3391 “;

1972 3434 2049 3490 ct,
2078 3425 2227 3480 Venit
2254 3426 2385 3479 hora
2414 3434 2473 3479 ut
2516 3423 2842 3495 gloriﬁcetur
2864 3422 3030 3477 Filius
3061 3422 3286 3476 hominis
3310 3420 3352 3452 “
3377 3437 3392 3487 ;
3442 3428 3500 3474 et
3536 3436 3551 3471 :

1973 3518 2248 3575 Crescebat
2288 3516 2441 3571 Iesus
2494 3516 2758 3586 sapientia
2812 3524 2861 3567 et
2918 3514 3384 3583 aetate”;atque
3436 3511 3555 3565 hzec

1974 3608 2158 3665 omnia
2199 3606 2527 3679 proferens,
2588 3607 2645 3659 in
2690 3619 2914 3660 carnem
2966 3604 3185 3658 Domini
3245 3601 3557 3671 accipiebat

1974 3707 2141 3769 atque
2181 3697 2674 3768 interpretabatur.
2728 3697 2808 3751 Ex
2841 3696 3047 3766 quibus
3085 3705 3142 3749 et
3173 3694 3331 3757 illud,
3369 3693 3552 3752 Pater.

1975 3795 2187 3850 recedat
2213 3812 2245 3849 a
2272 3808 2354 3846 me
2374 3790 2517 3845 ralia:
2537 3791 2668 3855 iste;
2694 3799 3059 3843 verumtamen
3087 3804 3194 3841 non
3230 3802 3348 3839 mea
3379 3784 3559 3838 volun-

1978 3897 2061 3943 tas
2107 3887 2231 3956 βαι,
2273 3887 2366 3941 sed
2397 3894 2491 3939 tua
2531 3884 2598 3937 “.
2642 3883 2781 3939 Cum
2835 3882 3005 3952 igitur
3057 3880 3309 3936 nonnulli
3363 3882 3559 3935 dicunt

1976 3978 2126 4049 quod
2154 3978 2223 4033 de
2256 3977 2477 4047 propria
2508 3975 2789 4029 voluntate
2826 3974 2964 4029 dicit
2990 3972 3249 4028 Christus
3269 3990 3373 4027 non
3406 3991 3519 4027 mea
3541 4015 3558 4039 ,

1978 4081 2221 4127 attamen
2255 4069 2324 4124 de
2346 4069 2629 4123 voluntate
2659 4066 2946 4121 hominum
2973 4066 3249 4130 alfectiva,
3281 4066 3559 4121 deducere

1978 4163 2156 4219 voluit
2185 4160 2612 4232 Olympiodorus
2632 4157 2778 4228 quod
2800 4174 2867 4213 ex
2892 4157 3182 4229 principiis
3222 4158 3559 4214 Athanasius

1979 4259 2146 4323 atque
2202 4266 2270 4306 ex
2321 4248 2734 4318 consequentiis
2777 4248 3017 4315 videtur,
3066 4249 3198 4319 quia
3248 4249 3304 4304 in
3351 4250 3558 4306 Christi

1982 4342 2383 4399 humanitatem
2418 4341 2691 4395 intellexit
2740 4356 2845 4395 non
2871 4358 2987 4395 mea
3022 4341 3290 4396 voluntas.
3320 4342 3559 4412 [deoque

1982 4434 2161 4506 pergit
2209 4434 2399 4488 dicens
2434 4432 2584 4503 quod
2619 4433 2836 4503 spiritus
2870 4443 3168 4505 promptus,
3200 4450 3327 4488 caro
3381 4443 3559 4487 autem
3608 4458 3615 4463 ο

1981 4525 2194 4595 inﬁrma
2223 4526 2288 4580 ¹⁵.
2329 4524 2804 4591 Quemadmodum
2837 4524 3005 4596 igitur
3047 4524 3253 4582 Christi
3292 4526 3558 4596 Spiritum

1980 4618 2362 4689 intelligimus,
2390 4617 2464 4671 ita
2491 4625 2548 4672 et
2571 4632 2797 4673 carnem
2828 4618 2883 4672 in
2907 4619 3295 4689 propheticum
3328 4620 3558 4674 verbum

1981 4708 2052 4764 de
2083 4707 2307 4763 homine
2332 4706 2403 4762 ad
2431 4707 2607 4761 Deum
2632 4706 2825 4763 dicens
2861 4724 2875 4762 :
2908 4708 3166 4762 Minorem
3202 4709 3395 4779 faciem
3436 4727 3555 4764 eum

1984 4800 2190 4872 angelis
2243 4800 2322 4866 ¹⁶;
2372 4799 2521 4869 quod
2549 4799 2851 4868 Apostolus
2881 4799 2937 4853 in
2966 4799 3252 4855 Christum
3311 4802 3560 4858 referens

1984 4892 2062 4947 ait
2092 4909 2107 4945 :
2144 4887 2315 4945 Paulo
2351 4890 2612 4943 minorem
2649 4888 2839 4960 angelo
2879 4889 3079 4959 factum
3118 4892 3351 4946 videmus
3381 4891 3561 4947 Iesum

302 4974 491 5029 αὐτὸν
514 4975 718 5044 βραχύ
754 4991 811 5029 τι
838 4977 973 5044 παρ’
1002 4975 1298 5045 ἀγγέλους
1332 4993 1348 5009 ⁸
1376 4978 1514 5050 ὅπερ
1534 4980 1562 5033 6
1615 4980 1869 5034 Ἀπόστο·

1986 4992 2203 5055 prapter
2228 4982 2411 5037 mortis
2439 4983 2738 5052 passionem
2756 4983 2822 5037 ".

302 5067 396 5131 λος
433 5068 513 5130 είς
545 5065 780 5138 Χριστὸν
828 5066 1117 5137 ἀναφέρων
1164 5067 1318 5139 φησὶ,
1378 5069 1490 5124 Τὸν
1522 5068 1594 5123 δὲ’
1637 5070 1843 5143 ,βραχύ
1888 5091 1946 5130 τι
1981 5075 2119 5145 παρ’
2159 5074 2466 5148 ἀγγέλους,
2502 5071 2925 5143 ἠλαττωμένον
2965 5074 3280 5146 βλέπομεν
3314 5074 3562 5145 Ἰησοῦν

302 5157 405 5214 διὰ
434 5156 499 5213 τὸ
524 5157 767 5227 πάθημα
797 5158 905 5213 τοῦ
932 5157 1212 5216 θανάτου.

379 5297 704 5368 Sequuntur
755 5294 839 5369 in_
864 5294 1064 5369 codice
1090 5294 1345 5369 prolixa
1371 5294 1586 5369 aliquot
1607 5298 1810 5369 capita,
1847 5313 2084 5369 quorum
2109 5292 3040 5369 nuncexscribendorum,‘nedum
3071 5294 3558 5369 divulgandorum,

305 5364 485 5424 otium
519 5382 630 5422 non
656 5374 762 5432 est,
784 5365 1064 5439 videlicet
1076 5364 1136 5439 ﬁl
1170 5364 1485 5439 κεφάλαιον
1514 5364 1773 5439 πέμπτον
1796 5364 1869 5422 ἀπ

1970 5368 2180 5423 ικτικδν
2201 5365 2289 5439 διὰ
2316 5366 2661 5439 πραγμάτων
2691 5365 2781 5439 ὅττιΔ
2802 5364 2934 5439 ἀλλο
2966 5367 3032 5439 1:6
3060 5364 3312 5435 φυσικὸν,
3344 5370 3471 5424 ἀλλο
3500 5370 3561 5423 τὸ

309 5439 601 5529 σαρκικὸν,
634 5439 733 5529 καὶ
769 5437 959 5529 ἕτερον
986 5436 1161 5529 ἐπάξειν
1191 5437 1252 5529 τιὸ
1277 5435 1472 5529 Ιεξείιξοιξν
1496 5435 1739 5529 ’θέλξιμω
1874 5440 2185 5529 Κεφάλαιον
2204 5435 2366 5529 ἒκτογ
2395 5435 2453 5488 ὲν
2482 5435 2527 5504 ᾦ

307 5505 421 5572 ὅῶς
448 5507 832 5577 σαφηνίζονται
863 5505 952 5575 ὑφ’
986 5506 1164 5577 ήμῶν.
1201 5506 1257 5563 5.
1277 5505 1383 5560 Τοῦ
1418 5506 1572 5577 ἁγίου
1598 5505 1869 5563 Διονυσίου

307 5578 730 5650 ἁνθρωπότητος
762 5578 791 5630 6
812 5577 1050 5648 Χριστὸς
1075 5577 1369 5648 διαφόρους
1397 5578 1679 5651 ἐνεργείας
1705 5578 1820 5650 ἔχει
1851 5597 1869 5634 t

1968 5505 2009 5562 i6
2046 5506 2442 5579 Ἀρεοπαγίτου
2508 5523 2546 5575 ρι

1968 5580 1995 5633 ά
2015 5580 2117 5650 τὴν
2148 5578 2244 5633 τοῦ
2280 5576 2456 5647 Λόγου
2469 5524 2546 5630 ,δε

2490 5427 2527 5500 ᾧ
2555 5435 2612 5488 αἱ
2636 5435 2937 5500 ἀντιθέσεις
2965 5427 3084 5490 τῶν
3113 5427 3372 5492 ἐναντίων
3401 5439 3558 5492 εὐσε-

2543 5506 2695 5630 Ἄσεις
2731 5504 3010 5560 δεικνῦσαι
3038 5508 3121 5561 ὅτι
3150 5510 3245 5562 καὶ
3274 5511 3445 5580 χωρὶς
3465 5511 3562 5579 τῆς

2543 5617 2546 5625 ,
2580 5593 2740 5630 τητα.
2768 5574 3141 5630 Subsequitur
3162 5579 3439 5630 Anastasii
3471 5595 3562 5630 co-

2580 5593 2740 5648 τητα.
2768 5574 3141 5648 Subsequitur
3162 5574 3439 5635 Anastasii
3471 5574 3562 5634 co-

384 5715 428 5786 ¹ί⁰
454 5691 611 5786 σιοοηί
646 5729 758 5786 xxv,
807 5711 1178 5786 28._‘{.loan.
1219 5718 1406 5786 _xvu,l.
1465 5716 1507 5751 "
1543 5714 1703 5776 Joan.
1729 5716 1929 5786 XII,23.
1981 5716 2028 5751 "
2050 5714 2185 5774 Luc.
2210 5731 2270 5785 ιι,
2308 5713 2396 5771 52.
2452 5712 2499 5747 “
2525 5712 2659 5771 Luc.
2703 5713 2942 5781 συκῆ.
2998 5716 3041 5748 ¹⁸
3078 5714 3268 5771 Matth.
3301 5731 3447 5781 xm,
3471 5715 3561 5770 4|.

316 5782 363 5813 ¹⁶
388 5785 534 5841 Psal.
580 5800 692 5852 vm,
723 5784 777 5843 5.
860 5783 903 5817 ⁸⁷
925 5781 1092 5841 Hebr.
1125 5800 1183 5852 ιι,
1209 5784 1265 5839 9.
