  <div class='ocr_page' id='page_1' title='image "/cluster/home/n/w/nwhite01/storage/ocr_20150623/89/hvd.32044010610574/605.png"; bbox 0 0 4072 6534; ppageno 0'>
   <div class='ocr_carea' id='block_1_1' title="bbox 526 327 667 396">
    <p class='ocr_par' dir='ltr' id='par_1_1' title="bbox 526 327 667 396">
     <span class='ocr_line' id='line_1_1' title="bbox 526 327 667 396; baseline -0.014 -2"><span class='ocrx_word' id='word_1_1' title='bbox 526 327 667 396; x_wconf 80' lang='grc'>1195</span> 
     </span>
    </p>
   </div>
   <div class='ocr_carea' id='block_1_2' title="bbox 1746 330 2620 400">
    <p class='ocr_par' dir='ltr' id='par_1_2' title="bbox 1746 330 2620 400">
     <span class='ocr_line' id='line_1_2' title="bbox 1746 330 2620 400; baseline 0.008 -7"><span class='ocrx_word' id='word_1_2' title='bbox 1746 332 1809 395; x_wconf 92' lang='lat' dir='ltr'><strong>S.</strong></span> <span class='ocrx_word' id='word_1_3' title='bbox 1850 330 2253 397; x_wconf 78' lang='lat' dir='ltr'><strong>ANASTASII</strong></span> <span class='ocrx_word' id='word_1_4' title='bbox 2293 333 2620 400; x_wconf 57' lang='lat' dir='ltr'><strong>SINAITJE</strong></span> 
     </span>
    </p>
   </div>
   <div class='ocr_carea' id='block_1_3' title="bbox 3657 336 3779 409">
    <p class='ocr_par' dir='ltr' id='par_1_3' title="bbox 3657 336 3779 409">
     <span class='ocr_line' id='line_1_3' title="bbox 3657 336 3779 409; baseline 0.025 -4"><span class='ocrx_word' id='word_1_5' title='bbox 3657 336 3779 409; x_wconf 79' lang='lat'><strong>1195</strong></span> 
     </span>
    </p>
   </div>
   <div class='ocr_carea' id='block_1_4' title="bbox 600 446 2109 532">
    <p class='ocr_par' dir='ltr' id='par_1_4' title="bbox 600 446 2106 519">
     <span class='ocr_line' id='line_1_4' title="bbox 600 446 2106 519; baseline 0.003 -15"><span class='ocrx_word' id='word_1_6' title='bbox 600 446 798 505; x_wconf 84' lang='lat' dir='ltr'><strong>Veniet</strong></span> <span class='ocrx_word' id='word_1_7' title='bbox 843 446 996 505; x_wconf 87' lang='lat' dir='ltr'><strong>enim</strong></span> <span class='ocrx_word' id='word_1_8' title='bbox 1044 446 1182 505; x_wconf 81' lang='lat' dir='ltr'><strong>bon</strong></span> <span class='ocrx_word' id='word_1_9' title='bbox 1217 446 1450 519; x_wconf 78' lang='lat' dir='ltr'><strong>diesque</strong></span> <span class='ocrx_word' id='word_1_10' title='bbox 1496 456 1712 516; x_wconf 90' lang='lat' dir='ltr'><strong>nostra,</strong></span> <span class='ocrx_word' id='word_1_11' title='bbox 1742 448 1963 508; x_wconf 80' lang='lat' dir='ltr'><strong>fratres.</strong></span> <span class='ocrx_word' id='word_1_12' title='bbox 1994 452 2106 509; x_wconf 83' lang='lat' dir='ltr'><strong>Ve-</strong></span> 
     </span>
    </p>
   </div>
   <div class='ocr_carea' id='block_1_5' title="bbox 2211 446 3779 532">
    <p class='ocr_par' dir='ltr' id='par_1_5' title="bbox 2290 452 3779 532">
     <span class='ocr_line' id='line_1_5' title="bbox 2290 452 3779 532; baseline 0.001 -23"><span class='ocrx_word' id='word_1_13' title='bbox 2290 454 2604 511; x_wconf 83' lang='grc' dir='ltr'>Ἐλεῠσεται</span> <span class='ocrx_word' id='word_1_14' title='bbox 2636 455 2745 529; x_wconf 80' lang='grc' dir='ltr'>γὰρ</span> <span class='ocrx_word' id='word_1_15' title='bbox 2788 456 2882 513; x_wconf 71' lang='grc' dir='ltr'><strong>καὶ</strong></span> <span class='ocrx_word' id='word_1_16' title='bbox 2912 456 2945 530; x_wconf 72' lang='grc' dir='ltr'>ἡ</span> <span class='ocrx_word' id='word_1_17' title='bbox 2970 452 3083 529; x_wconf 81' lang='grc' dir='ltr'>(ιι)</span> <span class='ocrx_word' id='word_1_18' title='bbox 3117 454 3365 530; x_wconf 74' lang='grc' dir='ltr'>ἡμετέρα</span> <span class='ocrx_word' id='word_1_19' title='bbox 3395 454 3515 532; x_wconf 85' lang='grc' dir='ltr'><strong>ῶρα</strong></span> <span class='ocrx_word' id='word_1_20' title='bbox 3538 457 3633 511; x_wconf 72' lang='grc' dir='ltr'>καὶ</span> <span class='ocrx_word' id='word_1_21' title='bbox 3654 461 3779 529; x_wconf 75' lang='grc' dir='ltr'><strong>ἠμί-</strong></span> 
     </span>
    </p>
   </div>
   <div class='ocr_carea' id='block_1_6' title="bbox 517 539 2110 613">
    <p class='ocr_par' dir='ltr' id='par_1_6' title="bbox 517 539 2110 613">
     <span class='ocr_line' id='line_1_6' title="bbox 517 539 2110 613; baseline 0.002 -15"><span class='ocrx_word' id='word_1_22' title='bbox 517 540 639 598; x_wconf 86' lang='lat' dir='ltr'><strong>niet</strong></span> <span class='ocrx_word' id='word_1_23' title='bbox 691 539 967 612; x_wconf 84' lang='lat' dir='ltr'><strong>profecto,</strong></span> <span class='ocrx_word' id='word_1_24' title='bbox 1006 556 1110 598; x_wconf 85' lang='lat' dir='ltr'><strong>nec</strong></span> <span class='ocrx_word' id='word_1_25' title='bbox 1157 541 1502 611; x_wconf 74' lang='lat' dir='ltr'><strong>praeteribit;</strong></span> <span class='ocrx_word' id='word_1_26' title='bbox 1547 542 1773 613; x_wconf 82' lang='lat' dir='ltr'><strong>quando</strong></span> <span class='ocrx_word' id='word_1_27' title='bbox 1828 543 2110 613; x_wconf 81' lang='lat' dir='ltr'><strong>relinquet</strong></span> 
     </span>
    </p>
   </div>
   <div class='ocr_carea' id='block_1_7' title="bbox 518 635 2107 706">
    <p class='ocr_par' dir='ltr' id='par_1_7' title="bbox 518 635 2107 706">
     <span class='ocr_line' id='line_1_7' title="bbox 518 635 2107 706; baseline 0.001 -15"><span class='ocrx_word' id='word_1_28' title='bbox 518 636 689 691; x_wconf 83' lang='lat' dir='ltr'><strong>homo</strong></span> <span class='ocrx_word' id='word_1_29' title='bbox 720 645 939 702; x_wconf 85' lang='lat' dir='ltr'><strong>cuncta,</strong></span> <span class='ocrx_word' id='word_1_30' title='bbox 979 635 1266 706; x_wconf 89' lang='lat' dir='ltr'><strong>abibitque</strong></span> <span class='ocrx_word' id='word_1_31' title='bbox 1304 637 1479 703; x_wconf 85' lang='lat' dir='ltr'><strong>solus,</strong></span> <span class='ocrx_word' id='word_1_32' title='bbox 1530 636 1805 704; x_wconf 90' lang='lat' dir='ltr'><strong>desertus,</strong></span> <span class='ocrx_word' id='word_1_33' title='bbox 1840 638 2107 693; x_wconf 86' lang='lat' dir='ltr'><strong>humilia-</strong></span> 
     </span>
    </p>
   </div>
   <div class='ocr_carea' id='block_1_8' title="bbox 502 730 2108 801">
    <p class='ocr_par' dir='ltr' id='par_1_8' title="bbox 502 730 2108 801">
     <span class='ocr_line' id='line_1_8' title="bbox 502 730 2108 801; baseline 0.002 -17"><span class='ocrx_word' id='word_1_34' title='bbox 502 739 636 797; x_wconf 83' lang='lat' dir='ltr'><strong>tus,</strong></span> <span class='ocrx_word' id='word_1_35' title='bbox 669 731 875 798; x_wconf 88' lang='lat' dir='ltr'><strong>nudus,</strong></span> <span class='ocrx_word' id='word_1_36' title='bbox 922 731 1107 801; x_wconf 88' lang='lat' dir='ltr'><strong>inops,</strong></span> <span class='ocrx_word' id='word_1_37' title='bbox 1150 730 1271 785; x_wconf 89' lang='lat' dir='ltr'><strong>sine</strong></span> <span class='ocrx_word' id='word_1_38' title='bbox 1306 730 1420 785; x_wconf 90' lang='lat' dir='ltr'><strong>ullo</strong></span> <span class='ocrx_word' id='word_1_39' title='bbox 1469 730 1572 785; x_wconf 66' lang='lat' dir='ltr'><strong>viae</strong></span> <span class='ocrx_word' id='word_1_40' title='bbox 1597 731 1685 786; x_wconf 94' lang='lat' dir='ltr'><strong>vel</strong></span> <span class='ocrx_word' id='word_1_41' title='bbox 1718 731 1860 787; x_wconf 91' lang='lat' dir='ltr'><strong>duce</strong></span> <span class='ocrx_word' id='word_1_42' title='bbox 1883 732 1969 788; x_wconf 86' lang='lat' dir='ltr'><strong>vel</strong></span> <span class='ocrx_word' id='word_1_43' title='bbox 2009 747 2108 789; x_wconf 91' lang='lat' dir='ltr'><strong>co-</strong></span> 
     </span>
    </p>
   </div>
   <div class='ocr_carea' id='block_1_9' title="bbox 503 822 2107 896">
    <p class='ocr_par' dir='ltr' id='par_1_9' title="bbox 503 822 2107 896">
     <span class='ocr_line' id='line_1_9' title="bbox 503 822 2107 896; baseline 0.002 -19"><span class='ocrx_word' id='word_1_44' title='bbox 503 823 678 888; x_wconf 80' lang='lat' dir='ltr'><strong>mite,</strong></span> <span class='ocrx_word' id='word_1_45' title='bbox 707 824 1030 894; x_wconf 84' lang='lat' dir='ltr'><strong>imparatus,</strong></span> <span class='ocrx_word' id='word_1_46' title='bbox 1058 822 1333 888; x_wconf 82' lang='lat' dir='ltr'><strong>diﬂidens,</strong></span> <span class='ocrx_word' id='word_1_47' title='bbox 1366 823 1482 880; x_wconf 86' lang='lat' dir='ltr'><strong>sive</strong></span> <span class='ocrx_word' id='word_1_48' title='bbox 1513 823 1569 878; x_wconf 90' lang='lat' dir='ltr'><strong>in</strong></span> <span class='ocrx_word' id='word_1_49' title='bbox 1597 823 1929 896; x_wconf 76' lang='lat' dir='ltr'><strong>negligentia</strong></span> <span class='ocrx_word' id='word_1_50' title='bbox 1951 824 2107 881; x_wconf 74' lang='lat' dir='ltr'><strong>vixe-</strong></span> 
     </span>
    </p>
   </div>
   <div class='ocr_carea' id='block_1_10' title="bbox 503 920 2108 993">
    <p class='ocr_par' dir='ltr' id='par_1_10' title="bbox 503 920 2108 993">
     <span class='ocr_line' id='line_1_10' title="bbox 503 920 2108 993; baseline 0.002 -19"><span class='ocrx_word' id='word_1_51' title='bbox 503 920 628 985; x_wconf 29' lang='lat' dir='ltr'><strong>‘rit;</strong></span> <span class='ocrx_word' id='word_1_52' title='bbox 673 920 731 974; x_wconf 90' lang='lat' dir='ltr'><strong>in</strong></span> <span class='ocrx_word' id='word_1_53' title='bbox 783 920 874 975; x_wconf 91' lang='lat' dir='ltr'><strong>die</strong></span> <span class='ocrx_word' id='word_1_54' title='bbox 926 936 1091 990; x_wconf 89' lang='lat' dir='ltr'><strong>quam</strong></span> <span class='ocrx_word' id='word_1_55' title='bbox 1134 921 1334 985; x_wconf 87' lang='lat' dir='ltr'><strong>nescit,</strong></span> <span class='ocrx_word' id='word_1_56' title='bbox 1379 930 1437 977; x_wconf 90' lang='lat' dir='ltr'><strong>et</strong></span> <span class='ocrx_word' id='word_1_57' title='bbox 1486 921 1544 977; x_wconf 89' lang='lat' dir='ltr'><strong>in</strong></span> <span class='ocrx_word' id='word_1_58' title='bbox 1597 922 1734 977; x_wconf 80' lang='lat' dir='ltr'><strong>liora</strong></span> <span class='ocrx_word' id='word_1_59' title='bbox 1783 938 1948 993; x_wconf 89' lang='lat' dir='ltr'><strong>quam</strong></span> <span class='ocrx_word' id='word_1_60' title='bbox 1996 938 2108 979; x_wconf 91' lang='lat' dir='ltr'><strong>non</strong></span> 
     </span>
    </p>
   </div>
   <div class='ocr_carea' id='block_1_11' title="bbox 514 1013 2106 1084">
    <p class='ocr_par' dir='ltr' id='par_1_11' title="bbox 514 1013 2106 1084">
     <span class='ocr_line' id='line_1_11' title="bbox 514 1013 2106 1084; baseline 0.003 -16"><span class='ocrx_word' id='word_1_61' title='bbox 514 1023 822 1083; x_wconf 78' lang='lat' dir='ltr'><strong>exspectat,</strong></span> <span class='ocrx_word' id='word_1_62' title='bbox 883 1013 1017 1067; x_wconf 90' lang='lat' dir='ltr'><strong>dum</strong></span> <span class='ocrx_word' id='word_1_63' title='bbox 1090 1014 1357 1081; x_wconf 85' lang='lat' dir='ltr'><strong>luxuriat,</strong></span> <span class='ocrx_word' id='word_1_64' title='bbox 1417 1014 1556 1069; x_wconf 90' lang='lat' dir='ltr'><strong>dum</strong></span> <span class='ocrx_word' id='word_1_65' title='bbox 1618 1015 1819 1070; x_wconf 81' lang='lat' dir='ltr'><strong>diﬂluit</strong></span> <span class='ocrx_word' id='word_1_66' title='bbox 1863 1016 2106 1084; x_wconf 88' lang='lat' dir='ltr'><strong>deliciis,</strong></span> 
     </span>
    </p>
   </div>
   <div class='ocr_carea' id='block_1_12' title="bbox 519 1106 2109 1179">
    <p class='ocr_par' dir='ltr' id='par_1_12' title="bbox 519 1106 2109 1179">
     <span class='ocr_line' id='line_1_12' title="bbox 519 1106 2109 1179; baseline 0.003 -19"><span class='ocrx_word' id='word_1_67' title='bbox 519 1107 653 1161; x_wconf 90' lang='lat' dir='ltr'><strong>dum</strong></span> <span class='ocrx_word' id='word_1_68' title='bbox 708 1106 948 1161; x_wconf 80' lang='lat' dir='ltr'><strong>feliciter</strong></span> <span class='ocrx_word' id='word_1_69' title='bbox 979 1107 1137 1173; x_wconf 84' lang='lat' dir='ltr'><strong>vivit,</strong></span> <span class='ocrx_word' id='word_1_70' title='bbox 1170 1107 1300 1162; x_wconf 91' lang='lat' dir='ltr'><strong>dum</strong></span> <span class='ocrx_word' id='word_1_71' title='bbox 1338 1107 1507 1163; x_wconf 88' lang='lat' dir='ltr'><strong>nullis</strong></span> <span class='ocrx_word' id='word_1_72' title='bbox 1542 1108 1782 1179; x_wconf 84' lang='lat' dir='ltr'><strong>agitatur</strong></span> <span class='ocrx_word' id='word_1_73' title='bbox 1809 1109 1980 1173; x_wconf 91' lang='lat' dir='ltr'><strong>curis,</strong></span> <span class='ocrx_word' id='word_1_74' title='bbox 2011 1124 2109 1164; x_wconf 89' lang='lat' dir='ltr'><strong>ve-</strong></span> 
     </span>
    </p>
   </div>
   <div class='ocr_carea' id='block_1_13' title="bbox 520 1199 2109 1271">
    <p class='ocr_par' dir='ltr' id='par_1_13' title="bbox 520 1199 2109 1271">
     <span class='ocr_line' id='line_1_13' title="bbox 520 1199 2109 1271; baseline 0.002 -17"><span class='ocrx_word' id='word_1_75' title='bbox 520 1199 639 1254; x_wconf 85' lang='lat' dir='ltr'><strong>niet</strong></span> <span class='ocrx_word' id='word_1_76' title='bbox 666 1200 849 1254; x_wconf 87' lang='lat' dir='ltr'><strong>subito</strong></span> <span class='ocrx_word' id='word_1_77' title='bbox 872 1214 981 1254; x_wconf 90' lang='lat' dir='ltr'><strong>una</strong></span> <span class='ocrx_word' id='word_1_78' title='bbox 1010 1200 1171 1266; x_wconf 88' lang='lat' dir='ltr'><strong>hora,</strong></span> <span class='ocrx_word' id='word_1_79' title='bbox 1206 1208 1262 1256; x_wconf 89' lang='lat' dir='ltr'><strong>et</strong></span> <span class='ocrx_word' id='word_1_80' title='bbox 1295 1201 1482 1255; x_wconf 88' lang='lat' dir='ltr'><strong>omnia</strong></span> <span class='ocrx_word' id='word_1_81' title='bbox 1509 1210 1871 1256; x_wconf 75' lang='lat' dir='ltr'><strong>cessaverunt</strong></span> <span class='ocrx_word' id='word_1_82' title='bbox 1895 1219 1917 1269; x_wconf 81' lang='lat'><strong>;</strong></span> <span class='ocrx_word' id='word_1_83' title='bbox 1940 1216 2109 1271; x_wconf 86' lang='lat' dir='ltr'><strong>parva</strong></span> 
     </span>
    </p>
   </div>
   <div class='ocr_carea' id='block_1_14' title="bbox 522 1292 2109 1366">
    <p class='ocr_par' dir='ltr' id='par_1_14' title="bbox 522 1292 2109 1366">
     <span class='ocr_line' id='line_1_14' title="bbox 522 1292 2109 1366; baseline 0.003 -20"><span class='ocrx_word' id='word_1_84' title='bbox 522 1292 716 1357; x_wconf 80' lang='lat' dir='ltr'><strong>febris,</strong></span> <span class='ocrx_word' id='word_1_85' title='bbox 772 1302 829 1348; x_wconf 91' lang='lat' dir='ltr'><strong>et</strong></span> <span class='ocrx_word' id='word_1_86' title='bbox 877 1293 1065 1348; x_wconf 86' lang='lat' dir='ltr'><strong>omnia</strong></span> <span class='ocrx_word' id='word_1_87' title='bbox 1132 1294 1188 1348; x_wconf 91' lang='lat' dir='ltr'><strong>in</strong></span> <span class='ocrx_word' id='word_1_88' title='bbox 1231 1294 1506 1361; x_wconf 87' lang='lat' dir='ltr'><strong>nihilum;</strong></span> <span class='ocrx_word' id='word_1_89' title='bbox 1557 1310 1762 1366; x_wconf 88' lang='lat' dir='ltr'><strong>parvus</strong></span> <span class='ocrx_word' id='word_1_90' title='bbox 1817 1296 1997 1361; x_wconf 87' lang='lat' dir='ltr'><strong>labor,</strong></span> <span class='ocrx_word' id='word_1_91' title='bbox 2052 1303 2109 1351; x_wconf 88' lang='lat' dir='ltr'><strong>et</strong></span> 
     </span>
    </p>
   </div>
   <div class='ocr_carea' id='block_1_15' title="bbox 522 1382 2109 1457">
    <p class='ocr_par' dir='ltr' id='par_1_15' title="bbox 522 1382 2109 1457">
     <span class='ocr_line' id='line_1_15' title="bbox 522 1382 2109 1457; baseline 0.006 -23"><span class='ocrx_word' id='word_1_92' title='bbox 522 1382 706 1438; x_wconf 82' lang='lat' dir='ltr'><strong>omnia</strong></span> <span class='ocrx_word' id='word_1_93' title='bbox 761 1385 816 1438; x_wconf 87' lang='lat' dir='ltr'><strong>in</strong></span> <span class='ocrx_word' id='word_1_94' title='bbox 869 1400 1009 1439; x_wconf 88' lang='lat' dir='ltr'><strong>vana</strong></span> <span class='ocrx_word' id='word_1_95' title='bbox 1064 1394 1119 1439; x_wconf 88' lang='lat' dir='ltr'><strong>et</strong></span> <span class='ocrx_word' id='word_1_96' title='bbox 1172 1384 1386 1451; x_wconf 86' lang='lat' dir='ltr'><strong>inania;</strong></span> <span class='ocrx_word' id='word_1_97' title='bbox 1425 1402 1535 1442; x_wconf 87' lang='lat' dir='ltr'><strong>una</strong></span> <span class='ocrx_word' id='word_1_98' title='bbox 1585 1402 1693 1441; x_wconf 78' lang='lat' dir='ltr'><strong>nox</strong></span> <span class='ocrx_word' id='word_1_99' title='bbox 1726 1386 2024 1457; x_wconf 88' lang='lat' dir='ltr'><strong>profunda.</strong></span> <span class='ocrx_word' id='word_1_100' title='bbox 2050 1396 2109 1444; x_wconf 90' lang='lat' dir='ltr'><strong>et</strong></span> 
     </span>
    </p>
   </div>
   <div class='ocr_carea' id='block_1_16' title="bbox 523 1477 2109 1551">
    <p class='ocr_par' dir='ltr' id='par_1_16' title="bbox 523 1477 2109 1551">
     <span class='ocr_line' id='line_1_16' title="bbox 523 1477 2109 1551; baseline 0.003 -19"><span class='ocrx_word' id='word_1_101' title='bbox 523 1478 837 1543; x_wconf 80' lang='lat' dir='ltr'><strong>tenebrosa,</strong></span> <span class='ocrx_word' id='word_1_102' title='bbox 869 1486 926 1532; x_wconf 91' lang='lat' dir='ltr'><strong>et</strong></span> <span class='ocrx_word' id='word_1_103' title='bbox 968 1477 1187 1543; x_wconf 83' lang='lat' dir='ltr'><strong>ﬂebilis,</strong></span> <span class='ocrx_word' id='word_1_104' title='bbox 1222 1488 1278 1534; x_wconf 89' lang='lat' dir='ltr'><strong>et</strong></span> <span class='ocrx_word' id='word_1_105' title='bbox 1304 1479 1617 1544; x_wconf 89' lang='lat' dir='ltr'><strong>abducitur,</strong></span> <span class='ocrx_word' id='word_1_106' title='bbox 1654 1488 1913 1551; x_wconf 85' lang='lat' dir='ltr'><strong>tanquam</strong></span> <span class='ocrx_word' id='word_1_107' title='bbox 1956 1481 2109 1536; x_wconf 86' lang='lat' dir='ltr'><strong>dam-</strong></span> 
     </span>
    </p>
   </div>
   <div class='ocr_carea' id='block_1_17' title="bbox 512 1569 2104 1640">
    <p class='ocr_par' dir='ltr' id='par_1_17' title="bbox 512 1569 2104 1640">
     <span class='ocr_line' id='line_1_17' title="bbox 512 1569 2104 1640; baseline 0.003 -17"><span class='ocrx_word' id='word_1_108' title='bbox 512 1577 707 1635; x_wconf 64' lang='lat' dir='ltr'><strong>natus,</strong></span> <span class='ocrx_word' id='word_1_109' title='bbox 739 1584 851 1639; x_wconf 91' lang='lat' dir='ltr'><strong>quo</strong></span> <span class='ocrx_word' id='word_1_110' title='bbox 879 1569 1159 1623; x_wconf 87' lang='lat' dir='ltr'><strong>abducunt</strong></span> <span class='ocrx_word' id='word_1_111' title='bbox 1189 1570 1550 1627; x_wconf 85' lang='lat' dir='ltr'><strong>abducentes.</strong></span> <span class='ocrx_word' id='word_1_112' title='bbox 1580 1570 1765 1626; x_wconf 85' lang='lat' dir='ltr'><strong>Multis</strong></span> <span class='ocrx_word' id='word_1_113' title='bbox 1800 1572 1901 1627; x_wconf 83' lang='lat' dir='ltr'><strong>tibi</strong></span> <span class='ocrx_word' id='word_1_114' title='bbox 1951 1580 2104 1640; x_wconf 88' lang='lat' dir='ltr'><strong>tunc,</strong></span> 
     </span>
    </p>
   </div>
   <div class='ocr_carea' id='block_1_18' title="bbox 523 1662 2106 1733">
    <p class='ocr_par' dir='ltr' id='par_1_18' title="bbox 523 1662 2106 1733">
     <span class='ocr_line' id='line_1_18' title="bbox 523 1662 2106 1733; baseline 0.003 -16"><span class='ocrx_word' id='word_1_115' title='bbox 523 1678 558 1717; x_wconf 85' lang='grc' dir='ltr'>ο</span> <span class='ocrx_word' id='word_1_116' title='bbox 595 1662 779 1727; x_wconf 85' lang='lat' dir='ltr'><strong>homo,</strong></span> <span class='ocrx_word' id='word_1_117' title='bbox 829 1662 1162 1719; x_wconf 89' lang='lat' dir='ltr'><strong>ductoribus</strong></span> <span class='ocrx_word' id='word_1_118' title='bbox 1201 1678 1342 1733; x_wconf 90' lang='lat' dir='ltr'><strong>opus</strong></span> <span class='ocrx_word' id='word_1_119' title='bbox 1389 1671 1509 1729; x_wconf 90' lang='lat' dir='ltr'><strong>est;</strong></span> <span class='ocrx_word' id='word_1_120' title='bbox 1566 1664 1755 1720; x_wconf 92' lang='lat' dir='ltr'><strong>multis</strong></span> <span class='ocrx_word' id='word_1_121' title='bbox 1790 1666 1891 1720; x_wconf 90' lang='lat' dir='ltr'><strong>tibi</strong></span> <span class='ocrx_word' id='word_1_122' title='bbox 1947 1666 2106 1721; x_wconf 83' lang='lat' dir='ltr'><strong>auxi-</strong></span> 
     </span>
    </p>
   </div>
   <div class='ocr_carea' id='block_1_19' title="bbox 512 1754 2102 1829">
    <p class='ocr_par' dir='ltr' id='par_1_19' title="bbox 512 1754 2102 1829">
     <span class='ocr_line' id='line_1_19' title="bbox 512 1754 2102 1829; baseline 0.003 -18"><span class='ocrx_word' id='word_1_123' title='bbox 512 1754 821 1819; x_wconf 77' lang='lat' dir='ltr'><strong>limitibus,</strong></span> <span class='ocrx_word' id='word_1_124' title='bbox 879 1754 1074 1809; x_wconf 89' lang='lat' dir='ltr'><strong>multis</strong></span> <span class='ocrx_word' id='word_1_125' title='bbox 1141 1755 1427 1824; x_wconf 86' lang='lat' dir='ltr'><strong>precibus,</strong></span> <span class='ocrx_word' id='word_1_126' title='bbox 1484 1756 1678 1812; x_wconf 89' lang='lat' dir='ltr'><strong>multis</strong></span> <span class='ocrx_word' id='word_1_127' title='bbox 1732 1756 2102 1829; x_wconf 85' lang='lat' dir='ltr'><strong>adjutoribus,</strong></span> 
     </span>
    </p>
   </div>
   <div class='ocr_carea' id='block_1_20' title="bbox 512 1845 2103 1919">
    <p class='ocr_par' dir='ltr' id='par_1_20' title="bbox 512 1845 2103 1919">
     <span class='ocr_line' id='line_1_20' title="bbox 512 1845 2103 1919; baseline 0.004 -18"><span class='ocrx_word' id='word_1_128' title='bbox 512 1845 742 1901; x_wconf 79' lang='lat' dir='ltr'><strong>&#39;inliora</strong></span> <span class='ocrx_word' id='word_1_129' title='bbox 793 1847 1160 1917; x_wconf 87' lang='lat' dir='ltr'><strong>separationis</strong></span> <span class='ocrx_word' id='word_1_130' title='bbox 1197 1848 1417 1902; x_wconf 59' lang='lat' dir='ltr'><strong>animm.</strong></span> <span class='ocrx_word' id='word_1_131' title='bbox 1452 1848 1678 1919; x_wconf 81' lang='lat' dir='ltr'><strong>Magnus</strong></span> <span class='ocrx_word' id='word_1_132' title='bbox 1732 1857 1864 1906; x_wconf 91' lang='lat' dir='ltr'><strong>tunc</strong></span> <span class='ocrx_word' id='word_1_133' title='bbox 1915 1853 2103 1919; x_wconf 87' lang='lat' dir='ltr'><strong>timor,</strong></span> 
     </span>
    </p>
   </div>
   <div class='ocr_carea' id='block_1_21' title="bbox 522 1940 2106 2015">
    <p class='ocr_par' dir='ltr' id='par_1_21' title="bbox 522 1940 2106 2015">
     <span class='ocr_line' id='line_1_21' title="bbox 522 1940 2106 2015; baseline 0.006 -26"><span class='ocrx_word' id='word_1_134' title='bbox 522 1952 754 2008; x_wconf 80' lang='lat' dir='ltr'><strong>magnus</strong></span> <span class='ocrx_word' id='word_1_135' title='bbox 807 1946 937 1992; x_wconf 89' lang='lat' dir='ltr'><strong>tunc</strong></span> <span class='ocrx_word' id='word_1_136' title='bbox 965 1948 1193 2002; x_wconf 91' lang='lat' dir='ltr'><strong>tremor,</strong></span> <span class='ocrx_word' id='word_1_137' title='bbox 1233 1954 1493 2010; x_wconf 84' lang='lat' dir='ltr'><strong>magnum</strong></span> <span class='ocrx_word' id='word_1_138' title='bbox 1526 1940 1873 2012; x_wconf 87' lang='lat' dir='ltr'><strong>mysterium,</strong></span> <span class='ocrx_word' id='word_1_139' title='bbox 1910 1958 2106 2015; x_wconf 83' lang='lat' dir='ltr'><strong>magna</strong></span> 
     </span>
    </p>
   </div>
   <div class='ocr_carea' id='block_1_22' title="bbox 512 2030 2107 2096">
    <p class='ocr_par' dir='ltr' id='par_1_22' title="bbox 512 2030 2107 2096">
     <span class='ocr_line' id='line_1_22' title="bbox 512 2030 2107 2096; baseline 0.005 -13"><span class='ocrx_word' id='word_1_140' title='bbox 512 2032 778 2094; x_wconf 84' lang='lat' dir='ltr'><strong>mutatio,</strong></span> <span class='ocrx_word' id='word_1_141' title='bbox 811 2046 937 2085; x_wconf 92' lang='lat' dir='ltr'><strong>cum</strong></span> <span class='ocrx_word' id='word_1_142' title='bbox 982 2030 1236 2086; x_wconf 86' lang='lat' dir='ltr'><strong>subimus</strong></span> <span class='ocrx_word' id='word_1_143' title='bbox 1283 2045 1372 2096; x_wconf 93' lang='lat' dir='ltr'><strong>eo,</strong></span> <span class='ocrx_word' id='word_1_144' title='bbox 1432 2032 1582 2086; x_wconf 91' lang='lat' dir='ltr'><strong>unde</strong></span> <span class='ocrx_word' id='word_1_145' title='bbox 1638 2049 1802 2088; x_wconf 90' lang='lat' dir='ltr'><strong>nemo</strong></span> <span class='ocrx_word' id='word_1_146' title='bbox 1850 2048 2107 2091; x_wconf 89' lang='lat' dir='ltr'><strong>reversus</strong></span> 
     </span>
    </p>
   </div>
   <div class='ocr_carea' id='block_1_23' title="bbox 518 2122 2108 2187">
    <p class='ocr_par' dir='ltr' id='par_1_23' title="bbox 518 2122 2108 2187">
     <span class='ocr_line' id='line_1_23' title="bbox 518 2122 2108 2187; baseline 0.004 -12"><span class='ocrx_word' id='word_1_147' title='bbox 518 2132 627 2177; x_wconf 85' lang='lat' dir='ltr'><strong>est.</strong></span> <span class='ocrx_word' id='word_1_148' title='bbox 665 2122 791 2177; x_wconf 88' lang='lat' dir='ltr'><strong>Sola</strong></span> <span class='ocrx_word' id='word_1_149' title='bbox 843 2123 1004 2187; x_wconf 81' lang='lat' dir='ltr'><strong>liora,</strong></span> <span class='ocrx_word' id='word_1_150' title='bbox 1047 2132 1101 2178; x_wconf 94' lang='lat' dir='ltr'><strong>et</strong></span> <span class='ocrx_word' id='word_1_151' title='bbox 1152 2138 1261 2177; x_wconf 88' lang='lat' dir='ltr'><strong>non</strong></span> <span class='ocrx_word' id='word_1_152' title='bbox 1298 2123 1404 2177; x_wconf 89' lang='lat' dir='ltr'><strong>alia</strong></span> <span class='ocrx_word' id='word_1_153' title='bbox 1452 2123 1629 2178; x_wconf 89' lang='lat' dir='ltr'><strong>hora:</strong></span> <span class='ocrx_word' id='word_1_154' title='bbox 1667 2125 1847 2180; x_wconf 92' lang='lat' dir='ltr'><strong>solum</strong></span> <span class='ocrx_word' id='word_1_155' title='bbox 1896 2125 2003 2181; x_wconf 91' lang='lat' dir='ltr'><strong>iter</strong></span> <span class='ocrx_word' id='word_1_156' title='bbox 2050 2133 2108 2182; x_wconf 92' lang='lat' dir='ltr'><strong>et</strong></span> 
     </span>
    </p>
   </div>
   <div class='ocr_carea' id='block_1_24' title="bbox 521 2213 2108 2287">
    <p class='ocr_par' dir='ltr' id='par_1_24' title="bbox 521 2213 2108 2287">
     <span class='ocr_line' id='line_1_24' title="bbox 521 2213 2108 2287; baseline 0.003 -18"><span class='ocrx_word' id='word_1_157' title='bbox 521 2229 633 2270; x_wconf 87' lang='lat' dir='ltr'><strong>non</strong></span> <span class='ocrx_word' id='word_1_158' title='bbox 672 2213 823 2268; x_wconf 88' lang='lat' dir='ltr'><strong>aliud</strong></span> <span class='ocrx_word' id='word_1_159' title='bbox 882 2214 1024 2281; x_wconf 90' lang='lat' dir='ltr'><strong>iter;</strong></span> <span class='ocrx_word' id='word_1_160' title='bbox 1087 2214 1239 2269; x_wconf 90' lang='lat' dir='ltr'><strong>solus</strong></span> <span class='ocrx_word' id='word_1_161' title='bbox 1286 2229 1446 2285; x_wconf 91' lang='lat' dir='ltr'><strong>pons,</strong></span> <span class='ocrx_word' id='word_1_162' title='bbox 1481 2216 1639 2287; x_wconf 87' lang='lat' dir='ltr'><strong>cujus</strong></span> <span class='ocrx_word' id='word_1_163' title='bbox 1688 2231 1799 2272; x_wconf 92' lang='lat' dir='ltr'><strong>non</strong></span> <span class='ocrx_word' id='word_1_164' title='bbox 1832 2226 1916 2273; x_wconf 91' lang='lat' dir='ltr'><strong>est</strong></span> <span class='ocrx_word' id='word_1_165' title='bbox 1957 2228 2108 2273; x_wconf 88' lang='lat' dir='ltr'><strong>tran-</strong></span> 
     </span>
    </p>
   </div>
   <div class='ocr_carea' id='block_1_25' title="bbox 522 2305 2104 2379">
    <p class='ocr_par' dir='ltr' id='par_1_25' title="bbox 522 2305 2104 2379">
     <span class='ocr_line' id='line_1_25' title="bbox 522 2305 2104 2379; baseline 0.003 -19"><span class='ocrx_word' id='word_1_166' title='bbox 522 2306 697 2373; x_wconf 84' lang='lat' dir='ltr'><strong>situs;</strong></span> <span class='ocrx_word' id='word_1_167' title='bbox 770 2305 1019 2360; x_wconf 90' lang='lat' dir='ltr'><strong>omnium</strong></span> <span class='ocrx_word' id='word_1_168' title='bbox 1106 2306 1272 2372; x_wconf 85' lang='lat' dir='ltr'><strong>linis,</strong></span> <span class='ocrx_word' id='word_1_169' title='bbox 1362 2307 1723 2379; x_wconf 89' lang='lat' dir='ltr'><strong>omniumque</strong></span> <span class='ocrx_word' id='word_1_170' title='bbox 1794 2308 2104 2379; x_wconf 88' lang='lat' dir='ltr'><strong>tributum;</strong></span> 
     </span>
    </p>
   </div>
   <div class='ocr_carea' id='block_1_26' title="bbox 522 2400 2104 2475">
    <p class='ocr_par' dir='ltr' id='par_1_26' title="bbox 522 2400 2104 2475">
     <span class='ocr_line' id='line_1_26' title="bbox 522 2400 2104 2475; baseline 0.003 -21"><span class='ocrx_word' id='word_1_171' title='bbox 522 2402 792 2455; x_wconf 88' lang='lat' dir='ltr'><strong>molestus</strong></span> <span class='ocrx_word' id='word_1_172' title='bbox 837 2401 1127 2472; x_wconf 88' lang='lat' dir='ltr'><strong>trajectus,</strong></span> <span class='ocrx_word' id='word_1_173' title='bbox 1157 2400 1255 2456; x_wconf 89' lang='lat' dir='ltr'><strong>sed</strong></span> <span class='ocrx_word' id='word_1_174' title='bbox 1300 2416 1465 2470; x_wconf 86' lang='lat' dir='ltr'><strong>quem</strong></span> <span class='ocrx_word' id='word_1_175' title='bbox 1519 2416 1713 2457; x_wconf 85' lang='lat' dir='ltr'><strong>omnes</strong></span> <span class='ocrx_word' id='word_1_176' title='bbox 1760 2403 2104 2475; x_wconf 87' lang='lat' dir='ltr'><strong>trajicimus;</strong></span> 
     </span>
    </p>
   </div>
   <div class='ocr_carea' id='block_1_27' title="bbox 522 2493 2107 2564">
    <p class='ocr_par' dir='ltr' id='par_1_27' title="bbox 522 2493 2107 2564">
     <span class='ocr_line' id='line_1_27' title="bbox 522 2493 2107 2564; baseline 0.003 -15"><span class='ocrx_word' id='word_1_177' title='bbox 522 2493 761 2549; x_wconf 85' lang='lat' dir='ltr'><strong>acerbus</strong></span> <span class='ocrx_word' id='word_1_178' title='bbox 792 2500 977 2562; x_wconf 90' lang='lat' dir='ltr'><strong>potus,</strong></span> <span class='ocrx_word' id='word_1_179' title='bbox 1016 2493 1112 2549; x_wconf 91' lang='lat' dir='ltr'><strong>sed</strong></span> <span class='ocrx_word' id='word_1_180' title='bbox 1144 2508 1333 2563; x_wconf 90' lang='lat' dir='ltr'><strong>quem,</strong></span> <span class='ocrx_word' id='word_1_181' title='bbox 1354 2496 1478 2548; x_wconf 69' lang='lat' dir='ltr'><strong>’non</strong></span> <span class='ocrx_word' id='word_1_182' title='bbox 1525 2502 1711 2550; x_wconf 90' lang='lat' dir='ltr'><strong>autem</strong></span> <span class='ocrx_word' id='word_1_183' title='bbox 1740 2496 1932 2564; x_wconf 89' lang='lat' dir='ltr'><strong>alium,</strong></span> <span class='ocrx_word' id='word_1_184' title='bbox 1960 2497 2107 2553; x_wconf 91' lang='lat' dir='ltr'><strong>bibi-</strong></span> 
     </span>
    </p>
   </div>
   <div class='ocr_carea' id='block_1_28' title="bbox 522 2582 2109 2658">
    <p class='ocr_par' dir='ltr' id='par_1_28' title="bbox 522 2582 2109 2658">
     <span class='ocr_line' id='line_1_28' title="bbox 522 2582 2109 2658; baseline 0.003 -22"><span class='ocrx_word' id='word_1_185' title='bbox 522 2596 648 2637; x_wconf 90' lang='lat' dir='ltr'><strong>mus</strong></span> <span class='ocrx_word' id='word_1_186' title='bbox 676 2597 871 2637; x_wconf 89' lang='lat' dir='ltr'><strong>omnes</strong></span> <span class='ocrx_word' id='word_1_187' title='bbox 896 2598 911 2648; x_wconf 91' lang='lat'><strong>;</strong></span> <span class='ocrx_word' id='word_1_188' title='bbox 945 2598 1207 2653; x_wconf 86' lang='lat' dir='ltr'><strong>magnum</strong></span> <span class='ocrx_word' id='word_1_189' title='bbox 1238 2582 1651 2653; x_wconf 86' lang='lat' dir='ltr'><strong>obscurumque</strong></span> <span class='ocrx_word' id='word_1_190' title='bbox 1678 2585 1875 2640; x_wconf 88' lang='lat' dir='ltr'><strong>mortis</strong></span> <span class='ocrx_word' id='word_1_191' title='bbox 1900 2594 2109 2658; x_wconf 77' lang='lat' dir='ltr'><strong>myste-</strong></span> 
     </span>
    </p>
   </div>
   <div class='ocr_carea' id='block_1_29' title="bbox 525 2673 2110 2746">
    <p class='ocr_par' dir='ltr' id='par_1_29' title="bbox 525 2673 2110 2746">
     <span class='ocr_line' id='line_1_29' title="bbox 525 2673 2110 2746; baseline 0.004 -20"><span class='ocrx_word' id='word_1_192' title='bbox 525 2673 689 2738; x_wconf 86' lang='lat' dir='ltr'><strong>rium,</strong></span> <span class='ocrx_word' id='word_1_193' title='bbox 726 2673 874 2743; x_wconf 92' lang='lat' dir='ltr'><strong>quod</strong></span> <span class='ocrx_word' id='word_1_194' title='bbox 910 2689 1075 2729; x_wconf 91' lang='lat' dir='ltr'><strong>nemo</strong></span> <span class='ocrx_word' id='word_1_195' title='bbox 1104 2689 1346 2744; x_wconf 89' lang='lat' dir='ltr'><strong>unquam</strong></span> <span class='ocrx_word' id='word_1_196' title='bbox 1385 2689 1662 2743; x_wconf 87' lang='lat' dir='ltr'><strong>exponere</strong></span> <span class='ocrx_word' id='word_1_197' title='bbox 1705 2677 1930 2746; x_wconf 90' lang='lat' dir='ltr'><strong>poterit.</strong></span> <span class='ocrx_word' id='word_1_198' title='bbox 1977 2676 2110 2745; x_wconf 67' lang='lat' dir='ltr'><strong>Quae</strong></span> 
     </span>
    </p>
   </div>
   <div class='ocr_carea' id='block_1_30' title="bbox 520 2763 2103 2835">
    <p class='ocr_par' dir='ltr' id='par_1_30' title="bbox 520 2763 2103 2835">
     <span class='ocr_line' id='line_1_30' title="bbox 520 2763 2103 2835; baseline 0.005 -18"><span class='ocrx_word' id='word_1_199' title='bbox 520 2763 804 2819; x_wconf 81' lang='lat' dir='ltr'><strong>horrenda</strong></span> <span class='ocrx_word' id='word_1_200' title='bbox 831 2772 999 2835; x_wconf 87' lang='lat' dir='ltr'><strong>atque</strong></span> <span class='ocrx_word' id='word_1_201' title='bbox 1027 2764 1373 2821; x_wconf 84' lang='lat' dir='ltr'><strong>formidanda</strong></span> <span class='ocrx_word' id='word_1_202' title='bbox 1406 2774 1542 2821; x_wconf 84' lang='lat' dir='ltr'><strong>tunc</strong></span> <span class='ocrx_word' id='word_1_203' title='bbox 1574 2767 1759 2823; x_wconf 87' lang='lat' dir='ltr'><strong>anima</strong></span> <span class='ocrx_word' id='word_1_204' title='bbox 1794 2769 2103 2826; x_wconf 82' lang='lat' dir='ltr'><strong>existimat!</strong></span> 
     </span>
    </p>
   </div>
   <div class='ocr_carea' id='block_1_31' title="bbox 521 2856 2109 2930">
    <p class='ocr_par' dir='ltr' id='par_1_31' title="bbox 521 2856 2109 2930">
     <span class='ocr_line' id='line_1_31' title="bbox 521 2856 2109 2930; baseline 0.004 -18"><span class='ocrx_word' id='word_1_205' title='bbox 521 2856 621 2912; x_wconf 86' lang='lat' dir='ltr'><strong>sed</strong></span> <span class='ocrx_word' id='word_1_206' title='bbox 674 2870 839 2911; x_wconf 91' lang='lat' dir='ltr'><strong>nemo</strong></span> <span class='ocrx_word' id='word_1_207' title='bbox 874 2870 943 2911; x_wconf 81' lang='lat' dir='ltr'><strong>ex</strong></span> <span class='ocrx_word' id='word_1_208' title='bbox 972 2857 1136 2912; x_wconf 89' lang='lat' dir='ltr'><strong>nobis</strong></span> <span class='ocrx_word' id='word_1_209' title='bbox 1188 2858 1284 2914; x_wconf 88' lang='lat' dir='ltr'><strong>illa</strong></span> <span class='ocrx_word' id='word_1_210' title='bbox 1331 2858 1506 2925; x_wconf 89' lang='lat' dir='ltr'><strong>novit,</strong></span> <span class='ocrx_word' id='word_1_211' title='bbox 1544 2859 1651 2914; x_wconf 91' lang='lat' dir='ltr'><strong>nisi</strong></span> <span class='ocrx_word' id='word_1_212' title='bbox 1700 2860 1802 2915; x_wconf 93' lang='lat' dir='ltr'><strong>soli</strong></span> <span class='ocrx_word' id='word_1_213' title='bbox 1831 2862 1928 2930; x_wconf 89' lang='lat' dir='ltr'><strong>qui</strong></span> <span class='ocrx_word' id='word_1_214' title='bbox 1975 2862 2109 2918; x_wconf 88' lang='lat' dir='ltr'><strong>illuc</strong></span> 
     </span>
    </p>
   </div>
   <div class='ocr_carea' id='block_1_32' title="bbox 524 2946 2107 3024">
    <p class='ocr_par' dir='ltr' id='par_1_32' title="bbox 524 2946 2107 3024">
     <span class='ocr_line' id='line_1_32' title="bbox 524 2946 2107 3024; baseline 0.006 -22"><span class='ocrx_word' id='word_1_215' title='bbox 524 2946 892 3014; x_wconf 88' lang='lat' dir='ltr'><strong>transierunt,</strong></span> <span class='ocrx_word' id='word_1_216' title='bbox 928 2949 1022 3019; x_wconf 89' lang='lat' dir='ltr'><strong>qui</strong></span> <span class='ocrx_word' id='word_1_217' title='bbox 1066 2950 1199 3005; x_wconf 91' lang='lat' dir='ltr'><strong>illuc</strong></span> <span class='ocrx_word' id='word_1_218' title='bbox 1231 2951 1597 3021; x_wconf 90' lang='lat' dir='ltr'><strong>trajecerunt,</strong></span> <span class='ocrx_word' id='word_1_219' title='bbox 1628 2953 1725 3023; x_wconf 86' lang='lat' dir='ltr'><strong>qui</strong></span> <span class='ocrx_word' id='word_1_220' title='bbox 1755 2954 2107 3024; x_wconf 79' lang='lat' dir='ltr'><strong>experimen-</strong></span> 
     </span>
    </p>
   </div>
   <div class='ocr_carea' id='block_1_33' title="bbox 524 3039 2107 3112">
    <p class='ocr_par' dir='ltr' id='par_1_33' title="bbox 524 3039 2107 3112">
     <span class='ocr_line' id='line_1_33' title="bbox 524 3039 2107 3112; baseline 0.004 -17"><span class='ocrx_word' id='word_1_221' title='bbox 524 3047 642 3095; x_wconf 88' lang='lat' dir='ltr'><strong>tum</strong></span> <span class='ocrx_word' id='word_1_222' title='bbox 674 3039 946 3095; x_wconf 85' lang='lat' dir='ltr'><strong>fecerunt.</strong></span> <span class='ocrx_word' id='word_1_223' title='bbox 987 3041 1181 3097; x_wconf 85' lang='lat' dir='ltr'><strong>Nonne</strong></span> <span class='ocrx_word' id='word_1_224' title='bbox 1225 3043 1402 3108; x_wconf 81' lang='lat' dir='ltr'><strong>vides,</strong></span> <span class='ocrx_word' id='word_1_225' title='bbox 1437 3045 1526 3100; x_wconf 90' lang='lat' dir='ltr'><strong>dic</strong></span> <span class='ocrx_word' id='word_1_226' title='bbox 1549 3046 1710 3112; x_wconf 88' lang='lat' dir='ltr'><strong>mihi,</strong></span> <span class='ocrx_word' id='word_1_227' title='bbox 1738 3062 1863 3102; x_wconf 80' lang='lat' dir='ltr'><strong>etim</strong></span> <span class='ocrx_word' id='word_1_228' title='bbox 1897 3048 1966 3103; x_wconf 88' lang='lat' dir='ltr'><strong>ad</strong></span> <span class='ocrx_word' id='word_1_229' title='bbox 1995 3047 2107 3102; x_wconf 82' lang='lat' dir='ltr'><strong>fra-</strong></span> 
     </span>
    </p>
   </div>
   <div class='ocr_carea' id='block_1_34' title="bbox 523 3130 2175 3230">
    <p class='ocr_par' dir='ltr' id='par_1_34' title="bbox 523 3130 2175 3230">
     <span class='ocr_line' id='line_1_34' title="bbox 523 3130 2175 3230; baseline 0.007 -45"><span class='ocrx_word' id='word_1_230' title='bbox 523 3138 640 3185; x_wconf 91' lang='lat' dir='ltr'><strong>tres</strong></span> <span class='ocrx_word' id='word_1_231' title='bbox 679 3130 974 3187; x_wconf 80' lang='lat' dir='ltr'><strong>del‘unctos</strong></span> <span class='ocrx_word' id='word_1_232' title='bbox 1026 3140 1121 3187; x_wconf 91' lang='lat' dir='ltr'><strong>aut</strong></span> <span class='ocrx_word' id='word_1_233' title='bbox 1193 3134 1561 3191; x_wconf 88' lang='lat' dir='ltr'><strong>moribundos</strong></span> <span class='ocrx_word' id='word_1_234' title='bbox 1606 3138 1938 3206; x_wconf 89' lang='lat' dir='ltr'><strong>assidemus,</strong></span> <span class='ocrx_word' id='word_1_235' title='bbox 1984 3155 2106 3210; x_wconf 68' lang='lat' dir='ltr'><strong>qua:</strong></span> <span class='ocrx_word' id='word_1_236' title='bbox 2132 3169 2175 3230; x_wconf 64' lang='grc' dir='ltr'><strong>ο</strong></span> 
     </span>
    </p>
   </div>
   <div class='ocr_carea' id='block_1_35' title="bbox 522 3220 2109 3296">
    <p class='ocr_par' dir='ltr' id='par_1_35' title="bbox 522 3220 2109 3296">
     <span class='ocr_line' id='line_1_35' title="bbox 522 3220 2109 3296; baseline 0.005 -20"><span class='ocrx_word' id='word_1_237' title='bbox 522 3220 875 3276; x_wconf 82' lang='lat' dir='ltr'><strong>formidanda</strong></span> <span class='ocrx_word' id='word_1_238' title='bbox 949 3228 1081 3278; x_wconf 88' lang='lat' dir='ltr'><strong>tunc</strong></span> <span class='ocrx_word' id='word_1_239' title='bbox 1147 3224 1445 3279; x_wconf 84' lang='lat' dir='ltr'><strong>videmus?</strong></span> <span class='ocrx_word' id='word_1_240' title='bbox 1497 3227 1777 3296; x_wconf 89' lang='lat' dir='ltr'><strong>quomodo</strong></span> <span class='ocrx_word' id='word_1_241' title='bbox 1849 3228 2109 3285; x_wconf 82' lang='lat' dir='ltr'><strong>manibus</strong></span> 
     </span>
    </p>
   </div>
   <div class='ocr_carea' id='block_1_36' title="bbox 522 3315 2105 3389">
    <p class='ocr_par' dir='ltr' id='par_1_36' title="bbox 522 3315 2105 3389">
     <span class='ocr_line' id='line_1_36' title="bbox 522 3315 2105 3389; baseline 0.004 -19"><span class='ocrx_word' id='word_1_242' title='bbox 522 3316 820 3370; x_wconf 89' lang='lat' dir='ltr'><strong>astantium</strong></span> <span class='ocrx_word' id='word_1_243' title='bbox 867 3315 1294 3384; x_wconf 86' lang='lat' dir='ltr'><strong>contineantur;</strong></span> <span class='ocrx_word' id='word_1_244' title='bbox 1345 3318 1625 3388; x_wconf 88' lang='lat' dir='ltr'><strong>quomodo</strong></span> <span class='ocrx_word' id='word_1_245' title='bbox 1670 3321 2105 3389; x_wconf 82' lang='lat' dir='ltr'><strong>conturbentur;</strong></span> 
     </span>
    </p>
   </div>
   <div class='ocr_carea' id='block_1_37' title="bbox 521 3409 2112 3483">
    <p class='ocr_par' dir='ltr' id='par_1_37' title="bbox 521 3409 2112 3483">
     <span class='ocr_line' id='line_1_37' title="bbox 521 3409 2112 3483; baseline 0.004 -20"><span class='ocrx_word' id='word_1_246' title='bbox 521 3410 805 3480; x_wconf 84' lang='lat' dir='ltr'><strong>quomodo</strong></span> <span class='ocrx_word' id='word_1_247' title='bbox 842 3410 1183 3481; x_wconf 82' lang='lat' dir='ltr'><strong>gemiscant;</strong></span> <span class='ocrx_word' id='word_1_248' title='bbox 1235 3409 1516 3479; x_wconf 87' lang='lat' dir='ltr'><strong>quomodo</strong></span> <span class='ocrx_word' id='word_1_249' title='bbox 1556 3411 1817 3483; x_wconf 81' lang='lat' dir='ltr'><strong>frigidum</strong></span> <span class='ocrx_word' id='word_1_250' title='bbox 1852 3422 1911 3470; x_wconf 90' lang='lat' dir='ltr'><strong>et</strong></span> <span class='ocrx_word' id='word_1_251' title='bbox 1956 3430 2112 3470; x_wconf 81' lang='lat' dir='ltr'><strong>acer-</strong></span> 
     </span>
    </p>
   </div>
   <div class='ocr_carea' id='block_1_38' title="bbox 522 3501 2105 3579">
    <p class='ocr_par' dir='ltr' id='par_1_38' title="bbox 522 3501 2105 3579">
     <span class='ocr_line' id='line_1_38' title="bbox 522 3501 2105 3579; baseline 0.004 -22"><span class='ocrx_word' id='word_1_252' title='bbox 522 3502 657 3557; x_wconf 87' lang='lat' dir='ltr'><strong>bum</strong></span> <span class='ocrx_word' id='word_1_253' title='bbox 710 3501 1107 3567; x_wconf 88' lang='lat' dir='ltr'><strong>transsudent,</strong></span> <span class='ocrx_word' id='word_1_254' title='bbox 1173 3509 1434 3572; x_wconf 87' lang='lat' dir='ltr'><strong>tanquam</strong></span> <span class='ocrx_word' id='word_1_255' title='bbox 1496 3519 1773 3561; x_wconf 89' lang='lat' dir='ltr'><strong>messores</strong></span> <span class='ocrx_word' id='word_1_256' title='bbox 1833 3505 1889 3561; x_wconf 92' lang='lat' dir='ltr'><strong>in</strong></span> <span class='ocrx_word' id='word_1_257' title='bbox 1939 3519 2105 3579; x_wconf 83' lang='lat' dir='ltr'><strong>agro;</strong></span> 
     </span>
    </p>
   </div>
   <div class='ocr_carea' id='block_1_39' title="bbox 522 3593 2109 3664">
    <p class='ocr_par' dir='ltr' id='par_1_39' title="bbox 522 3593 2109 3664">
     <span class='ocr_line' id='line_1_39' title="bbox 522 3593 2109 3664; baseline 0.003 -15"><span class='ocrx_word' id='word_1_258' title='bbox 522 3595 802 3664; x_wconf 90' lang='lat' dir='ltr'><strong>quomodo</strong></span> <span class='ocrx_word' id='word_1_259' title='bbox 831 3594 926 3648; x_wconf 83' lang='lat' dir='ltr'><strong>alii</strong></span> <span class='ocrx_word' id='word_1_260' title='bbox 956 3593 1181 3664; x_wconf 88' lang='lat' dir='ltr'><strong>quidem</strong></span> <span class='ocrx_word' id='word_1_261' title='bbox 1214 3593 1478 3650; x_wconf 90' lang='lat' dir='ltr'><strong>dentibus</strong></span> <span class='ocrx_word' id='word_1_262' title='bbox 1508 3596 1809 3664; x_wconf 88' lang='lat' dir='ltr'><strong>strideant,</strong></span> <span class='ocrx_word' id='word_1_263' title='bbox 1845 3598 1940 3653; x_wconf 91' lang='lat' dir='ltr'><strong>alii</strong></span> <span class='ocrx_word' id='word_1_264' title='bbox 1975 3615 2109 3655; x_wconf 89' lang='lat' dir='ltr'><strong>vero</strong></span> 
     </span>
    </p>
   </div>
   <div class='ocr_carea' id='block_1_40' title="bbox 524 3689 2108 3759">
    <p class='ocr_par' dir='ltr' id='par_1_40' title="bbox 524 3689 2108 3759">
     <span class='ocr_line' id='line_1_40' title="bbox 524 3689 2108 3759; baseline 0.004 -17"><span class='ocrx_word' id='word_1_265' title='bbox 524 3689 854 3745; x_wconf 80' lang='lat' dir='ltr'><strong>horrescant</strong></span> <span class='ocrx_word' id='word_1_266' title='bbox 892 3698 949 3744; x_wconf 91' lang='lat' dir='ltr'><strong>et</strong></span> <span class='ocrx_word' id='word_1_267' title='bbox 995 3689 1430 3755; x_wconf 90' lang='lat' dir='ltr'><strong>conturbentur,</strong></span> <span class='ocrx_word' id='word_1_268' title='bbox 1462 3690 1745 3759; x_wconf 86' lang='lat' dir='ltr'><strong>quomodo</strong></span> <span class='ocrx_word' id='word_1_269' title='bbox 1795 3692 1943 3747; x_wconf 92' lang='lat' dir='ltr'><strong>lecto</strong></span> <span class='ocrx_word' id='word_1_270' title='bbox 1964 3693 2108 3748; x_wconf 79' lang='lat' dir='ltr'><strong>exsi-</strong></span> 
     </span>
    </p>
   </div>
   <div class='ocr_carea' id='block_1_41' title="bbox 522 3782 2108 3854">
    <p class='ocr_par' dir='ltr' id='par_1_41' title="bbox 522 3782 2108 3854">
     <span class='ocr_line' id='line_1_41' title="bbox 522 3782 2108 3854; baseline 0.003 -17"><span class='ocrx_word' id='word_1_271' title='bbox 522 3783 681 3849; x_wconf 87' lang='lat' dir='ltr'><strong>liant,</strong></span> <span class='ocrx_word' id='word_1_272' title='bbox 732 3783 923 3853; x_wconf 77' lang='lat' dir='ltr'><strong>fugere</strong></span> <span class='ocrx_word' id='word_1_273' title='bbox 970 3782 1101 3838; x_wconf 89' lang='lat' dir='ltr'><strong>dum</strong></span> <span class='ocrx_word' id='word_1_274' title='bbox 1149 3782 1346 3837; x_wconf 88' lang='lat' dir='ltr'><strong>volunt</strong></span> <span class='ocrx_word' id='word_1_275' title='bbox 1403 3792 1460 3838; x_wconf 91' lang='lat' dir='ltr'><strong>et</strong></span> <span class='ocrx_word' id='word_1_276' title='bbox 1509 3792 1815 3854; x_wconf 87' lang='lat' dir='ltr'><strong>nequeunt.</strong></span> <span class='ocrx_word' id='word_1_277' title='bbox 1841 3785 2108 3842; x_wconf 80' lang='lat' dir='ltr'><strong>Videntes</strong></span> 
     </span>
    </p>
   </div>
   <div class='ocr_carea' id='block_1_42' title="bbox 522 3874 2108 3949">
    <p class='ocr_par' dir='ltr' id='par_1_42' title="bbox 522 3874 2108 3949">
     <span class='ocr_line' id='line_1_42' title="bbox 522 3874 2108 3949; baseline 0.003 -21"><span class='ocrx_word' id='word_1_278' title='bbox 522 3891 647 3946; x_wconf 83' lang='lat' dir='ltr'><strong>quae</strong></span> <span class='ocrx_word' id='word_1_279' title='bbox 688 3889 973 3946; x_wconf 88' lang='lat' dir='ltr'><strong>nunquam</strong></span> <span class='ocrx_word' id='word_1_280' title='bbox 998 3874 1283 3941; x_wconf 89' lang='lat' dir='ltr'><strong>viderunt,</strong></span> <span class='ocrx_word' id='word_1_281' title='bbox 1313 3883 1371 3931; x_wconf 91' lang='lat' dir='ltr'><strong>et</strong></span> <span class='ocrx_word' id='word_1_282' title='bbox 1419 3875 1713 3933; x_wconf 87' lang='lat' dir='ltr'><strong>audientes</strong></span> <span class='ocrx_word' id='word_1_283' title='bbox 1745 3893 1778 3933; x_wconf 90' lang='lat' dir='ltr'><strong>e</strong></span> <span class='ocrx_word' id='word_1_284' title='bbox 1812 3879 2108 3949; x_wconf 85' lang='lat' dir='ltr'><strong>potestati-</strong></span> 
     </span>
    </p>
   </div>
   <div class='ocr_carea' id='block_1_43' title="bbox 522 3964 2111 4037">
    <p class='ocr_par' dir='ltr' id='par_1_43' title="bbox 522 3964 2111 4037">
     <span class='ocr_line' id='line_1_43' title="bbox 522 3964 2111 4037; baseline 0.001 -17"><span class='ocrx_word' id='word_1_285' title='bbox 522 3966 631 4021; x_wconf 81' lang='lat' dir='ltr'><strong>bus</strong></span> <span class='ocrx_word' id='word_1_286' title='bbox 689 3980 810 4036; x_wconf 84' lang='lat' dir='ltr'><strong>quae</strong></span> <span class='ocrx_word' id='word_1_287' title='bbox 854 3979 1140 4036; x_wconf 89' lang='lat' dir='ltr'><strong>nunquam</strong></span> <span class='ocrx_word' id='word_1_288' title='bbox 1195 3964 1518 4031; x_wconf 89' lang='lat' dir='ltr'><strong>audierunt,</strong></span> <span class='ocrx_word' id='word_1_289' title='bbox 1571 3972 1628 4021; x_wconf 92' lang='lat' dir='ltr'><strong>et</strong></span> <span class='ocrx_word' id='word_1_290' title='bbox 1677 3966 1956 4036; x_wconf 78' lang='lat' dir='ltr'><strong>patientes</strong></span> <span class='ocrx_word' id='word_1_291' title='bbox 1986 3981 2111 4037; x_wconf 69' lang='lat' dir='ltr'><strong>quae</strong></span> 
     </span>
    </p>
   </div>
   <div class='ocr_carea' id='block_1_44' title="bbox 522 4058 2112 4129">
    <p class='ocr_par' dir='ltr' id='par_1_44' title="bbox 522 4058 2112 4129">
     <span class='ocr_line' id='line_1_44' title="bbox 522 4058 2112 4129; baseline 0 -14"><span class='ocrx_word' id='word_1_292' title='bbox 522 4074 807 4129; x_wconf 85' lang='lat' dir='ltr'><strong>nunquam</strong></span> <span class='ocrx_word' id='word_1_293' title='bbox 857 4058 1001 4129; x_wconf 90' lang='lat' dir='ltr'><strong>passi</strong></span> <span class='ocrx_word' id='word_1_294' title='bbox 1063 4066 1214 4114; x_wconf 89' lang='lat' dir='ltr'><strong>sunt.</strong></span> <span class='ocrx_word' id='word_1_295' title='bbox 1266 4058 1534 4125; x_wconf 79' lang='lat' dir='ltr'><strong>Quaerunt</strong></span> <span class='ocrx_word' id='word_1_296' title='bbox 1590 4060 2000 4129; x_wconf 87' lang='lat' dir='ltr'><strong>redemptorem</strong></span> <span class='ocrx_word' id='word_1_297' title='bbox 2055 4069 2112 4115; x_wconf 90' lang='lat' dir='ltr'><strong>et</strong></span> 
     </span>
    </p>
   </div>
   <div class='ocr_carea' id='block_1_45' title="bbox 523 4151 1454 4217">
    <p class='ocr_par' dir='ltr' id='par_1_45' title="bbox 523 4151 1454 4217">
     <span class='ocr_line' id='line_1_45' title="bbox 523 4151 1454 4217; baseline -0.003 -9"><span class='ocrx_word' id='word_1_298' title='bbox 523 4153 956 4217; x_wconf 85' lang='lat' dir='ltr'><strong>consolatorem,</strong></span> <span class='ocrx_word' id='word_1_299' title='bbox 992 4161 1049 4207; x_wconf 90' lang='lat' dir='ltr'><strong>et</strong></span> <span class='ocrx_word' id='word_1_300' title='bbox 1076 4166 1242 4207; x_wconf 89' lang='lat' dir='ltr'><strong>nemo</strong></span> <span class='ocrx_word' id='word_1_301' title='bbox 1267 4151 1454 4207; x_wconf 91' lang='lat' dir='ltr'><strong>audet.</strong></span> 
     </span>
    </p>
   </div>
   <div class='ocr_carea' id='block_1_46' title="bbox 592 4238 2111 4312">
    <p class='ocr_par' dir='ltr' id='par_1_46' title="bbox 592 4238 2111 4312">
     <span class='ocr_line' id='line_1_46' title="bbox 592 4238 2111 4312; baseline 0.001 -13"><span class='ocrx_word' id='word_1_302' title='bbox 592 4245 744 4312; x_wconf 83' lang='lat' dir='ltr'><strong>Quos</strong></span> <span class='ocrx_word' id='word_1_303' title='bbox 783 4244 1040 4299; x_wconf 87' lang='lat' dir='ltr'><strong>videntes</strong></span> <span class='ocrx_word' id='word_1_304' title='bbox 1067 4259 1170 4299; x_wconf 90' lang='lat' dir='ltr'><strong>nos</strong></span> <span class='ocrx_word' id='word_1_305' title='bbox 1206 4252 1341 4298; x_wconf 88' lang='lat' dir='ltr'><strong>tunc</strong></span> <span class='ocrx_word' id='word_1_306' title='bbox 1377 4238 1776 4307; x_wconf 87' lang='lat' dir='ltr'><strong>tremiscimus,</strong></span> <span class='ocrx_word' id='word_1_307' title='bbox 1808 4250 1865 4299; x_wconf 91' lang='lat' dir='ltr'><strong>et</strong></span> <span class='ocrx_word' id='word_1_308' title='bbox 1890 4243 2111 4311; x_wconf 85' lang='lat' dir='ltr'><strong>ﬂemus,</strong></span> 
     </span>
    </p>
   </div>
   <div class='ocr_carea' id='block_1_47' title="bbox 525 4335 2111 4405">
    <p class='ocr_par' dir='ltr' id='par_1_47' title="bbox 525 4335 2111 4405">
     <span class='ocr_line' id='line_1_47' title="bbox 525 4335 2111 4405; baseline 0 -13"><span class='ocrx_word' id='word_1_309' title='bbox 525 4346 583 4392; x_wconf 90' lang='lat' dir='ltr'><strong>et</strong></span> <span class='ocrx_word' id='word_1_310' title='bbox 618 4337 971 4392; x_wconf 86' lang='lat' dir='ltr'><strong>continentes</strong></span> <span class='ocrx_word' id='word_1_311' title='bbox 992 4350 1185 4391; x_wconf 91' lang='lat' dir='ltr'><strong>eorum</strong></span> <span class='ocrx_word' id='word_1_312' title='bbox 1220 4350 1417 4391; x_wconf 88' lang='lat' dir='ltr'><strong>manus</strong></span> <span class='ocrx_word' id='word_1_313' title='bbox 1443 4342 1606 4405; x_wconf 90' lang='lat' dir='ltr'><strong>atque</strong></span> <span class='ocrx_word' id='word_1_314' title='bbox 1656 4335 2111 4405; x_wconf 89' lang='lat' dir='ltr'><strong>complectentes,</strong></span> 
     </span>
    </p>
   </div>
   <div class='ocr_carea' id='block_1_48' title="bbox 527 4430 2110 4502">
    <p class='ocr_par' dir='ltr' id='par_1_48' title="bbox 527 4430 2110 4502">
     <span class='ocr_line' id='line_1_48' title="bbox 527 4430 2110 4502; baseline 0 -15"><span class='ocrx_word' id='word_1_315' title='bbox 527 4432 587 4487; x_wconf 89' lang='lat' dir='ltr'><strong>in</strong></span> <span class='ocrx_word' id='word_1_316' title='bbox 620 4431 879 4502; x_wconf 89' lang='lat' dir='ltr'><strong>lacrymis</strong></span> <span class='ocrx_word' id='word_1_317' title='bbox 914 4430 1325 4500; x_wconf 83' lang='lat' dir='ltr'><strong>perfundimus,</strong></span> <span class='ocrx_word' id='word_1_318' title='bbox 1351 4431 1650 4500; x_wconf 89' lang='lat' dir='ltr'><strong>vultusque</strong></span> <span class='ocrx_word' id='word_1_319' title='bbox 1698 4445 1890 4486; x_wconf 90' lang='lat' dir='ltr'><strong>eorum</strong></span> <span class='ocrx_word' id='word_1_320' title='bbox 1938 4431 2110 4487; x_wconf 85' lang='lat' dir='ltr'><strong>sudo-</strong></span> 
     </span>
    </p>
   </div>
   <div class='ocr_carea' id='block_1_49' title="bbox 524 4522 2107 4593">
    <p class='ocr_par' dir='ltr' id='par_1_49' title="bbox 524 4522 2107 4593">
     <span class='ocr_line' id='line_1_49' title="bbox 524 4522 2107 4593; baseline 0 -13"><span class='ocrx_word' id='word_1_321' title='bbox 524 4540 642 4580; x_wconf 85' lang='lat' dir='ltr'><strong>rem</strong></span> <span class='ocrx_word' id='word_1_322' title='bbox 677 4523 976 4578; x_wconf 88' lang='lat' dir='ltr'><strong>abluimus.</strong></span> <span class='ocrx_word' id='word_1_323' title='bbox 1007 4522 1391 4593; x_wconf 78' lang='lat' dir='ltr'><strong>Abstergimus</strong></span> <span class='ocrx_word' id='word_1_324' title='bbox 1424 4537 1619 4578; x_wconf 88' lang='lat' dir='ltr'><strong>eorum</strong></span> <span class='ocrx_word' id='word_1_325' title='bbox 1660 4524 1874 4589; x_wconf 90' lang='lat' dir='ltr'><strong>oculos,</strong></span> <span class='ocrx_word' id='word_1_326' title='bbox 1905 4524 2107 4580; x_wconf 89' lang='lat' dir='ltr'><strong>arden-</strong></span> 
     </span>
    </p>
   </div>
   <div class='ocr_carea' id='block_1_50' title="bbox 530 4615 2110 4687">
    <p class='ocr_par' dir='ltr' id='par_1_50' title="bbox 530 4615 2110 4687">
     <span class='ocr_line' id='line_1_50' title="bbox 530 4615 2110 4687; baseline -0.002 -14"><span class='ocrx_word' id='word_1_327' title='bbox 530 4628 641 4673; x_wconf 88' lang='lat' dir='ltr'><strong>tem</strong></span> <span class='ocrx_word' id='word_1_328' title='bbox 668 4618 913 4687; x_wconf 83' lang='lat' dir='ltr'><strong>linguam</strong></span> <span class='ocrx_word' id='word_1_329' title='bbox 946 4615 1194 4686; x_wconf 83' lang='lat' dir='ltr'><strong>rigamus</strong></span> <span class='ocrx_word' id='word_1_330' title='bbox 1221 4630 1384 4685; x_wconf 87' lang='lat' dir='ltr'><strong>aqua,</strong></span> <span class='ocrx_word' id='word_1_331' title='bbox 1417 4630 1606 4670; x_wconf 89' lang='lat' dir='ltr'><strong>aurem</strong></span> <span class='ocrx_word' id='word_1_332' title='bbox 1634 4628 1884 4670; x_wconf 87' lang='lat' dir='ltr'><strong>nostram</strong></span> <span class='ocrx_word' id='word_1_333' title='bbox 1916 4616 2110 4671; x_wconf 89' lang='lat' dir='ltr'><strong>admo-</strong></span> 
     </span>
    </p>
   </div>
   <div class='ocr_carea' id='block_1_51' title="bbox 525 4708 2109 4768">
    <p class='ocr_par' dir='ltr' id='par_1_51' title="bbox 525 4708 2109 4768">
     <span class='ocr_line' id='line_1_51' title="bbox 525 4708 2109 4768; baseline -0.001 -3"><span class='ocrx_word' id='word_1_334' title='bbox 525 4724 722 4768; x_wconf 87' lang='lat' dir='ltr'><strong>vemus</strong></span> <span class='ocrx_word' id='word_1_335' title='bbox 769 4718 829 4763; x_wconf 91' lang='lat' dir='ltr'><strong>ut</strong></span> <span class='ocrx_word' id='word_1_336' title='bbox 870 4708 1171 4763; x_wconf 86' lang='lat' dir='ltr'><strong>verborum</strong></span> <span class='ocrx_word' id='word_1_337' title='bbox 1214 4724 1407 4762; x_wconf 89' lang='lat' dir='ltr'><strong>eorum</strong></span> <span class='ocrx_word' id='word_1_338' title='bbox 1473 4708 1763 4763; x_wconf 89' lang='lat' dir='ltr'><strong>audiamus</strong></span> <span class='ocrx_word' id='word_1_339' title='bbox 1806 4709 2109 4764; x_wconf 64' lang='lat' dir='ltr'><strong>haesitatio-</strong></span> 
     </span>
    </p>
   </div>
   <div class='ocr_carea' id='block_1_52' title="bbox 528 4799 2110 4871">
    <p class='ocr_par' dir='ltr' id='par_1_52' title="bbox 528 4799 2110 4871">
     <span class='ocr_line' id='line_1_52' title="bbox 528 4799 2110 4871; baseline 0 -14"><span class='ocrx_word' id='word_1_340' title='bbox 528 4817 677 4857; x_wconf 89' lang='lat' dir='ltr'><strong>nem.</strong></span> <span class='ocrx_word' id='word_1_341' title='bbox 732 4799 941 4856; x_wconf 91' lang='lat' dir='ltr'><strong>Deinde</strong></span> <span class='ocrx_word' id='word_1_342' title='bbox 1002 4800 1408 4871; x_wconf 82' lang='lat' dir='ltr'><strong>interrogamus</strong></span> <span class='ocrx_word' id='word_1_343' title='bbox 1450 4800 1704 4856; x_wconf 83' lang='lat' dir='ltr'><strong>dicentes</strong></span> <span class='ocrx_word' id='word_1_344' title='bbox 1755 4818 1769 4854; x_wconf 88' lang='lat'><strong>:</strong></span> <span class='ocrx_word' id='word_1_345' title='bbox 1820 4799 2110 4867; x_wconf 82' lang='lat' dir='ltr'><strong>Quomodo</strong></span> 
     </span>
    </p>
   </div>
   <div class='ocr_carea' id='block_1_53' title="bbox 528 4892 2111 4971">
    <p class='ocr_par' dir='ltr' id='par_1_53' title="bbox 528 4892 2111 4971">
     <span class='ocr_line' id='line_1_53' title="bbox 528 4892 2111 4971; baseline 0 -21"><span class='ocrx_word' id='word_1_346' title='bbox 528 4903 644 4950; x_wconf 89' lang='lat' dir='ltr'><strong>tete</strong></span> <span class='ocrx_word' id='word_1_347' title='bbox 698 4909 851 4971; x_wconf 88' lang='lat' dir='ltr'><strong>nunc</strong></span> <span class='ocrx_word' id='word_1_348' title='bbox 878 4892 1087 4962; x_wconf 89' lang='lat' dir='ltr'><strong>habes;</strong></span> <span class='ocrx_word' id='word_1_349' title='bbox 1120 4910 1190 4949; x_wconf 92' lang='lat' dir='ltr'><strong>ne</strong></span> <span class='ocrx_word' id='word_1_350' title='bbox 1223 4895 1440 4963; x_wconf 88' lang='lat' dir='ltr'><strong>timeas,</strong></span> <span class='ocrx_word' id='word_1_351' title='bbox 1474 4894 1774 4948; x_wconf 82' lang='lat' dir='ltr'><strong>auxiliatur</strong></span> <span class='ocrx_word' id='word_1_352' title='bbox 1796 4893 1978 4961; x_wconf 91' lang='lat' dir='ltr'><strong>Deus;</strong></span> <span class='ocrx_word' id='word_1_353' title='bbox 2007 4894 2111 4950; x_wconf 80' lang='lat' dir='ltr'><strong>lio—</strong></span> 
     </span>
    </p>
   </div>
   <div class='ocr_carea' id='block_1_54' title="bbox 603 5048 2113 5122">
    <p class='ocr_par' dir='ltr' id='par_1_54' title="bbox 603 5048 2113 5122">
     <span class='ocr_line' id='line_1_54' title="bbox 603 5048 2113 5122; baseline -0.001 -18"><span class='ocrx_word' id='word_1_354' title='bbox 603 5048 718 5121; x_wconf 71' lang='lat' dir='ltr'><strong>(M)</strong></span> <span class='ocrx_word' id='word_1_355' title='bbox 762 5050 844 5122; x_wconf 17' lang='grc' dir='ltr'><strong>ἨῨ</strong></span> <span class='ocrx_word' id='word_1_356' title='bbox 868 5050 1125 5120; x_wconf 74' lang='grc' dir='ltr'>ἡμετέρα</span> <span class='ocrx_word' id='word_1_357' title='bbox 1156 5049 1296 5116; x_wconf 83' lang='grc' dir='ltr'>ὥρα.</span> <span class='ocrx_word' id='word_1_358' title='bbox 1340 5050 1431 5106; x_wconf 90' lang='lat' dir='ltr'><strong>Sic</strong></span> <span class='ocrx_word' id='word_1_359' title='bbox 1488 5049 1639 5117; x_wconf 90' lang='lat' dir='ltr'><strong>dedi,</strong></span> <span class='ocrx_word' id='word_1_360' title='bbox 1680 5064 1783 5120; x_wconf 91' lang='lat' dir='ltr'><strong>pro</strong></span> <span class='ocrx_word' id='word_1_361' title='bbox 1842 5051 1876 5121; x_wconf 78' lang='grc' dir='ltr'><strong>ἡ</strong></span> <span class='ocrx_word' id='word_1_362' title='bbox 1923 5050 2113 5122; x_wconf 79' lang='grc' dir='ltr'>ἡμέρα</span> 
     </span>
    </p>
   </div>
   <div class='ocr_carea' id='block_1_55' title="bbox 528 5121 1234 5191">
    <p class='ocr_par' dir='ltr' id='par_1_55' title="bbox 528 5121 1234 5191">
     <span class='ocr_line' id='line_1_55' title="bbox 528 5121 1234 5191; baseline 0 -16"><span class='ocrx_word' id='word_1_363' title='bbox 528 5121 665 5191; x_wconf 83' lang='grc' dir='ltr'>ὥρα.</span> <span class='ocrx_word' id='word_1_364' title='bbox 703 5121 851 5190; x_wconf 86' lang='lat' dir='ltr'><strong>quod</strong></span> <span class='ocrx_word' id='word_1_365' title='bbox 876 5132 996 5176; x_wconf 90' lang='lat' dir='ltr'><strong>erat</strong></span> <span class='ocrx_word' id='word_1_366' title='bbox 1026 5122 1079 5175; x_wconf 90' lang='lat' dir='ltr'><strong>in</strong></span> <span class='ocrx_word' id='word_1_367' title='bbox 1113 5122 1234 5176; x_wconf 90' lang='lat' dir='ltr'><strong>cod.</strong></span> 
     </span>
    </p>
   </div>
   <div class='ocr_carea' id='block_1_56' title="bbox 603 5190 2108 5263">
    <p class='ocr_par' dir='ltr' id='par_1_56' title="bbox 603 5190 2108 5263">
     <span class='ocr_line' id='line_1_56' title="bbox 603 5190 2108 5263; baseline 0.001 -19"><span class='ocrx_word' id='word_1_368' title='bbox 603 5191 715 5263; x_wconf 82' lang='grc'>(15)</span> <span class='ocrx_word' id='word_1_369' title='bbox 756 5192 1284 5263; x_wconf 74' lang='grc' dir='ltr'>Ἀπροστᾴτευτος.</span> <span class='ocrx_word' id='word_1_370' title='bbox 1338 5191 1429 5246; x_wconf 88' lang='lat' dir='ltr'><strong>Sic</strong></span> <span class='ocrx_word' id='word_1_371' title='bbox 1487 5190 1800 5263; x_wconf 81' lang='lat' dir='ltr'><strong>Antoninus</strong></span> <span class='ocrx_word' id='word_1_372' title='bbox 1854 5190 2108 5262; x_wconf 87' lang='lat' dir='ltr'><strong>philoso-</strong></span> 
     </span>
    </p>
   </div>
   <div class='ocr_carea' id='block_1_57' title="bbox 530 5261 2106 5335">
    <p class='ocr_par' dir='ltr' id='par_1_57' title="bbox 530 5261 2106 5335">
     <span class='ocr_line' id='line_1_57' title="bbox 530 5261 2106 5335; baseline 0.003 -20"><span class='ocrx_word' id='word_1_373' title='bbox 530 5261 828 5335; x_wconf 34' lang='lat' dir='ltr'><strong>plius,‘_J§n,</strong></span> <span class='ocrx_word' id='word_1_374' title='bbox 868 5262 1133 5335; x_wconf 24' lang='lat' dir='ltr'><strong>ibedde</strong></span> <span class='ocrx_word' id='word_1_375' title='bbox 1160 5263 1447 5335; x_wconf 81' lang='lat' dir='ltr'><strong>Clirysost.</strong></span> <span class='ocrx_word' id='word_1_376' title='bbox 1485 5262 1554 5318; x_wconf 90' lang='lat' dir='ltr'><strong>de</strong></span> <span class='ocrx_word' id='word_1_377' title='bbox 1593 5261 1893 5318; x_wconf 77' lang='lat' dir='ltr'><strong>sacerdot..</strong></span> <span class='ocrx_word' id='word_1_378' title='bbox 1919 5278 1972 5333; x_wconf 93' lang='lat' dir='ltr'><strong>p.</strong></span> <span class='ocrx_word' id='word_1_379' title='bbox 2001 5263 2106 5319; x_wconf 76' lang='grc'>152</span> 
     </span>
    </p>
   </div>
   <div class='ocr_carea' id='block_1_58' title="bbox 534 5332 1462 5403">
    <p class='ocr_par' dir='ltr' id='par_1_58' title="bbox 534 5332 1462 5403">
     <span class='ocr_line' id='line_1_58' title="bbox 534 5332 1462 5403; baseline 0 -16"><span class='ocrx_word' id='word_1_380' title='bbox 534 5332 665 5403; x_wconf 88' lang='lat' dir='ltr'><strong>(vol.</strong></span> <span class='ocrx_word' id='word_1_381' title='bbox 702 5332 851 5400; x_wconf 86' lang='grc'>182),</span> <span class='ocrx_word' id='word_1_382' title='bbox 880 5332 1008 5397; x_wconf 87' lang='grc'>298,</span> <span class='ocrx_word' id='word_1_383' title='bbox 1038 5334 1173 5387; x_wconf 84' lang='lat' dir='ltr'><strong>edit.</strong></span> <span class='ocrx_word' id='word_1_384' title='bbox 1198 5332 1462 5403; x_wconf 82' lang='lat' dir='ltr'><strong>Beiigelii.</strong></span> 
     </span>
    </p>
   </div>
   <div class='ocr_carea' id='block_1_59' title="bbox 605 5402 2104 5475">
    <p class='ocr_par' dir='ltr' id='par_1_59' title="bbox 605 5402 2104 5475">
     <span class='ocr_line' id='line_1_59' title="bbox 605 5402 2104 5475; baseline 0.003 -19"><span class='ocrx_word' id='word_1_385' title='bbox 605 5403 720 5475; x_wconf 89' lang='grc'>(16)</span> <span class='ocrx_word' id='word_1_386' title='bbox 756 5404 1201 5467; x_wconf 75' lang='grc' dir='ltr'>Ἄσυνόδευτος.</span> <span class='ocrx_word' id='word_1_387' title='bbox 1239 5405 1297 5457; x_wconf 89' lang='lat' dir='ltr'><strong>ld</strong></span> <span class='ocrx_word' id='word_1_388' title='bbox 1323 5402 1446 5468; x_wconf 73' lang='lat' dir='ltr'><strong>est,</strong></span> <span class='ocrx_word' id='word_1_389' title='bbox 1490 5404 1619 5458; x_wconf 86' lang='grc' dir='ltr'>ἄνευ</span> <span class='ocrx_word' id='word_1_390' title='bbox 1655 5402 1997 5459; x_wconf 84' lang='grc' dir='ltr'>συνοδευτοῦ.</span> <span class='ocrx_word' id='word_1_391' title='bbox 2035 5404 2104 5460; x_wconf 87' lang='lat' dir='ltr'><strong>Et</strong></span> 
     </span>
    </p>
   </div>
   <div class='ocr_carea' id='block_1_60' title="bbox 533 5474 1241 5530">
    <p class='ocr_par' dir='ltr' id='par_1_60' title="bbox 533 5474 1241 5530">
     <span class='ocr_line' id='line_1_60' title="bbox 533 5474 1241 5530; baseline -0.004 0"><span class='ocrx_word' id='word_1_392' title='bbox 533 5474 641 5530; x_wconf 88' lang='lat' dir='ltr'><strong>hoc</strong></span> <span class='ocrx_word' id='word_1_393' title='bbox 665 5475 994 5529; x_wconf 87' lang='lat' dir='ltr'><strong>vocabulum</strong></span> <span class='ocrx_word' id='word_1_394' title='bbox 1033 5490 1241 5528; x_wconf 85' lang='lat' dir='ltr'><strong>rarum.</strong></span> 
     </span>
    </p>
   </div>
   <div class='ocr_carea' id='block_1_61' title="bbox 603 5544 2107 5616">
    <p class='ocr_par' dir='ltr' id='par_1_61' title="bbox 603 5544 2107 5616">
     <span class='ocr_line' id='line_1_61' title="bbox 603 5544 2107 5616; baseline 0.002 -18"><span class='ocrx_word' id='word_1_395' title='bbox 603 5546 715 5616; x_wconf 84' lang='lat' dir='ltr'><strong>(l7)</strong></span> <span class='ocrx_word' id='word_1_396' title='bbox 746 5545 931 5615; x_wconf 79' lang='grc' dir='ltr'>Εἴπερ</span> <span class='ocrx_word' id='word_1_397' title='bbox 976 5544 1335 5616; x_wconf 55' lang='lat' dir='ltr'><strong>evagatam</strong></span> <span class='ocrx_word' id='word_1_398' title='bbox 1388 5545 1627 5612; x_wconf 68' lang='lat' dir='ltr'><strong>speciosi.</strong></span> <span class='ocrx_word' id='word_1_399' title='bbox 1677 5545 1898 5611; x_wconf 85' lang='lat' dir='ltr'><strong>Nescio,</strong></span> <span class='ocrx_word' id='word_1_400' title='bbox 1926 5545 2107 5602; x_wconf 84' lang='lat' dir='ltr'><strong>adhuc</strong></span> 
     </span>
    </p>
   </div>
   <div class='ocr_carea' id='block_1_62' title="bbox 539 5615 1826 5687">
    <p class='ocr_par' dir='ltr' id='par_1_62' title="bbox 539 5615 1826 5687">
     <span class='ocr_line' id='line_1_62' title="bbox 539 5615 1826 5687; baseline 0 -16"><span class='ocrx_word' id='word_1_401' title='bbox 539 5616 853 5672; x_wconf 86' lang='lat' dir='ltr'><strong>addendum</strong></span> <span class='ocrx_word' id='word_1_402' title='bbox 884 5618 956 5673; x_wconf 88' lang='lat' dir='ltr'><strong>sit</strong></span> <span class='ocrx_word' id='word_1_403' title='bbox 982 5615 1282 5687; x_wconf 76' lang='grc' dir='ltr'>βεϐιωκώς,</span> <span class='ocrx_word' id='word_1_404' title='bbox 1314 5624 1409 5668; x_wconf 90' lang='lat' dir='ltr'><strong>aut</strong></span> <span class='ocrx_word' id='word_1_405' title='bbox 1441 5616 1591 5671; x_wconf 92' lang='lat' dir='ltr'><strong>aliud</strong></span> <span class='ocrx_word' id='word_1_406' title='bbox 1623 5618 1826 5671; x_wconf 88' lang='lat' dir='ltr'><strong>simile.</strong></span> 
     </span>
    </p>
   </div>
   <div class='ocr_carea' id='block_1_63' title="bbox 634 5686 1583 5757">
    <p class='ocr_par' dir='ltr' id='par_1_63' title="bbox 634 5686 1583 5757">
     <span class='ocr_line' id='line_1_63' title="bbox 634 5686 1583 5757; baseline -0.001 -15"><span class='ocrx_word' id='word_1_407' title='bbox 634 5687 719 5757; x_wconf 71' lang='grc'><strong>18)</strong></span> <span class='ocrx_word' id='word_1_408' title='bbox 755 5690 1088 5757; x_wconf 72' lang='grc' dir='ltr'>Ἤργνησαν.</span> <span class='ocrx_word' id='word_1_409' title='bbox 1123 5686 1352 5741; x_wconf 86' lang='lat' dir='ltr'><strong>Ccssare</strong></span> <span class='ocrx_word' id='word_1_410' title='bbox 1382 5687 1583 5741; x_wconf 87' lang='lat' dir='ltr'><strong>solent.</strong></span> 
     </span>
    </p>
   </div>
   <div class='ocr_carea' id='block_1_64' title="bbox 637 5757 1974 5829">
    <p class='ocr_par' dir='ltr' id='par_1_64' title="bbox 637 5757 1974 5829">
     <span class='ocr_line' id='line_1_64' title="bbox 637 5757 1974 5829; baseline -0.004 -15"><span class='ocrx_word' id='word_1_411' title='bbox 637 5757 718 5829; x_wconf 84' lang='grc'>19)</span> <span class='ocrx_word' id='word_1_412' title='bbox 744 5759 987 5828; x_wconf 75' lang='grc' dir='ltr'>Μεγάλη</span> <span class='ocrx_word' id='word_1_413' title='bbox 1017 5760 1056 5826; x_wconf 68' lang='grc' dir='ltr'><strong>’ἠ</strong></span> <span class='ocrx_word' id='word_1_414' title='bbox 1088 5758 1461 5829; x_wconf 15' lang='grc' dir='ltr'>περίσγτιισις.</span> <span class='ocrx_word' id='word_1_415' title='bbox 1500 5757 1689 5829; x_wconf 81' lang='lat' dir='ltr'><strong>Magna</strong></span> <span class='ocrx_word' id='word_1_416' title='bbox 1723 5757 1974 5812; x_wconf 89' lang='lat' dir='ltr'><strong>mutatio.</strong></span> 
     </span>
    </p>
   </div>
   <div class='ocr_carea' id='block_1_65' title="bbox 632 5827 2103 5904">
    <p class='ocr_par' dir='ltr' id='par_1_65' title="bbox 632 5827 2103 5904">
     <span class='ocr_line' id='line_1_65' title="bbox 632 5827 2103 5904; baseline 0 -20"><span class='ocrx_word' id='word_1_417' title='bbox 632 5827 722 5890; x_wconf 69' lang='grc'>20⁷)</span> <span class='ocrx_word' id='word_1_418' title='bbox 755 5827 1123 5897; x_wconf 54' lang='grc' dir='ltr'><strong>’Υςᾼςίστατιιι⁶</strong></span> <span class='ocrx_word' id='word_1_419' title='bbox 1148 5828 1305 5890; x_wconf 75' lang='lat' dir='ltr'><strong>Lusii</strong></span> <span class='ocrx_word' id='word_1_420' title='bbox 1320 5827 1379 5887; x_wconf 86' lang='lat' dir='ltr'><strong>in</strong></span> <span class='ocrx_word' id='word_1_421' title='bbox 1401 5827 1767 5904; x_wconf 56' lang='lat' dir='ltr'><strong>similitudine</strong></span> <span class='ocrx_word' id='word_1_422' title='bbox 1789 5830 2103 5899; x_wconf 78' lang='grc' dir='ltr'>ὑφίσταται,</span> 
     </span>
    </p>
   </div>
   <div class='ocr_carea' id='block_1_66' title="bbox 2215 547 3782 623">
    <p class='ocr_par' dir='ltr' id='par_1_66' title="bbox 2215 547 3782 623">
     <span class='ocr_line' id='line_1_66' title="bbox 2215 547 3782 623; baseline 0.004 -23"><span class='ocrx_word' id='word_1_423' title='bbox 2215 564 2301 618; x_wconf 91' lang='grc' dir='ltr'><strong>ρα,</strong></span> <span class='ocrx_word' id='word_1_424' title='bbox 2333 547 2571 617; x_wconf 84' lang='grc' dir='ltr'>ἀδελφοί,</span> <span class='ocrx_word' id='word_1_425' title='bbox 2607 548 2919 605; x_wconf 77' lang='grc' dir='ltr'>Ἐλεύσεται</span> <span class='ocrx_word' id='word_1_426' title='bbox 2976 551 3198 614; x_wconf 86' lang='grc' dir='ltr'>πάντως</span> <span class='ocrx_word' id='word_1_427' title='bbox 3242 550 3340 605; x_wconf 75' lang='grc' dir='ltr'>καὶ</span> <span class='ocrx_word' id='word_1_428' title='bbox 3366 551 3429 604; x_wconf 80' lang='grc' dir='ltr'><strong>οὺ</strong></span> <span class='ocrx_word' id='word_1_429' title='bbox 3458 551 3782 623; x_wconf 83' lang='grc' dir='ltr'>παρελεύσε-</span> 
     </span>
    </p>
   </div>
   <div class='ocr_carea' id='block_1_67' title="bbox 2208 640 3783 715">
    <p class='ocr_par' dir='ltr' id='par_1_67' title="bbox 2208 640 3783 715">
     <span class='ocr_line' id='line_1_67' title="bbox 2208 640 3783 715; baseline 0.003 -22"><span class='ocrx_word' id='word_1_430' title='bbox 2208 642 2322 708; x_wconf 87' lang='grc' dir='ltr'>ται,</span> <span class='ocrx_word' id='word_1_431' title='bbox 2363 641 2451 695; x_wconf 82' lang='grc' dir='ltr'>ὅτε</span> <span class='ocrx_word' id='word_1_432' title='bbox 2499 643 2820 714; x_wconf 80' lang='grc' dir='ltr'><strong>καταλείψει</strong></span> <span class='ocrx_word' id='word_1_433' title='bbox 2869 642 3156 715; x_wconf 74' lang='grc' dir='ltr'>ἄνθρωπος</span> <span class='ocrx_word' id='word_1_434' title='bbox 3206 640 3407 709; x_wconf 68' lang='grc' dir='ltr'>πάντα,</span> <span class='ocrx_word' id='word_1_435' title='bbox 3444 644 3538 698; x_wconf 76' lang='grc' dir='ltr'>καὶ</span> <span class='ocrx_word' id='word_1_436' title='bbox 3565 646 3783 699; x_wconf 78' lang='grc' dir='ltr'>ἀπελεύ-</span> 
     </span>
    </p>
   </div>
   <div class='ocr_carea' id='block_1_68' title="bbox 2212 735 3783 807">
    <p class='ocr_par' dir='ltr' id='par_1_68' title="bbox 2212 735 3783 807">
     <span class='ocr_line' id='line_1_68' title="bbox 2212 735 3783 807; baseline 0.003 -22"><span class='ocrx_word' id='word_1_437' title='bbox 2212 749 2367 786; x_wconf 84' lang='grc' dir='ltr'>σεται</span> <span class='ocrx_word' id='word_1_438' title='bbox 2428 735 2586 805; x_wconf 84' lang='grc' dir='ltr'><strong>μόνος</strong></span> <span class='ocrx_word' id='word_1_439' title='bbox 2616 775 2629 799; x_wconf 90' lang='grc'><strong>,</strong></span> <span class='ocrx_word' id='word_1_440' title='bbox 2674 736 3090 806; x_wconf 79' lang='grc' dir='ltr'><strong>μεμονωμένος,</strong></span> <span class='ocrx_word' id='word_1_441' title='bbox 3144 736 3645 807; x_wconf 78' lang='grc' dir='ltr'><strong>τεταπεινωμένος,</strong></span> <span class='ocrx_word' id='word_1_442' title='bbox 3696 754 3783 804; x_wconf 68' lang='grc' dir='ltr'>γυσ</span> 
     </span>
    </p>
   </div>
   <div class='ocr_carea' id='block_1_69' title="bbox 2216 824 3785 901">
    <p class='ocr_par' dir='ltr' id='par_1_69' title="bbox 2216 824 3785 901">
     <span class='ocr_line' id='line_1_69' title="bbox 2216 824 3785 901; baseline 0.003 -24"><span class='ocrx_word' id='word_1_443' title='bbox 2216 824 2369 894; x_wconf 83' lang='grc' dir='ltr'>μνὺς,</span> <span class='ocrx_word' id='word_1_444' title='bbox 2394 824 2696 898; x_wconf 79' lang='grc' dir='ltr'>ἀϐοήθητος</span> <span class='ocrx_word' id='word_1_445' title='bbox 2718 827 2854 899; x_wconf 82' lang='grc'>(15),</span> <span class='ocrx_word' id='word_1_446' title='bbox 2884 828 3322 898; x_wconf 86' lang='grc' dir='ltr'>άπροστάτευτος</span> <span class='ocrx_word' id='word_1_447' title='bbox 3353 827 3491 901; x_wconf 85' lang='grc'>(16),</span> <span class='ocrx_word' id='word_1_448' title='bbox 3510 829 3785 882; x_wconf 86' lang='grc' dir='ltr'>άσυνόδευ-</span> 
     </span>
    </p>
   </div>
   <div class='ocr_carea' id='block_1_70' title="bbox 2211 917 3783 992">
    <p class='ocr_par' dir='ltr' id='par_1_70' title="bbox 2211 917 3783 992">
     <span class='ocr_line' id='line_1_70' title="bbox 2211 917 3783 992; baseline 0.003 -24"><span class='ocrx_word' id='word_1_449' title='bbox 2211 932 2327 980; x_wconf 92' lang='grc' dir='ltr'>τος,</span> <span class='ocrx_word' id='word_1_450' title='bbox 2367 917 2674 989; x_wconf 81' lang='grc' dir='ltr'>ἀνέτοιμος,</span> <span class='ocrx_word' id='word_1_451' title='bbox 2725 920 3202 992; x_wconf 75' lang='grc' dir='ltr'>ἀπαρρησίαστος,</span> <span class='ocrx_word' id='word_1_452' title='bbox 3238 920 3398 991; x_wconf 79' lang='grc' dir='ltr'>εἴπερ</span> <span class='ocrx_word' id='word_1_453' title='bbox 3423 921 3481 972; x_wconf 77' lang='grc' dir='ltr'>ὲν</span> <span class='ocrx_word' id='word_1_454' title='bbox 3506 922 3616 991; x_wconf 84' lang='grc'>(17)</span> <span class='ocrx_word' id='word_1_455' title='bbox 3653 923 3783 991; x_wconf 81' lang='grc' dir='ltr'>ἀμε-</span> 
     </span>
    </p>
   </div>
   <div class='ocr_carea' id='block_1_71' title="bbox 2209 1007 3785 1088">
    <p class='ocr_par' dir='ltr' id='par_1_71' title="bbox 2209 1007 3785 1088">
     <span class='ocr_line' id='line_1_71' title="bbox 2209 1007 3785 1088; baseline 0.005 -28"><span class='ocrx_word' id='word_1_456' title='bbox 2209 1007 2332 1080; x_wconf 71' lang='grc' dir='ltr'>λείᾳ</span> <span class='ocrx_word' id='word_1_457' title='bbox 2367 1008 2561 1079; x_wconf 80' lang='grc' dir='ltr'><strong>φθάσει</strong></span> <span class='ocrx_word' id='word_1_458' title='bbox 2588 1013 2647 1064; x_wconf 81' lang='grc' dir='ltr'>ὲν</span> <span class='ocrx_word' id='word_1_459' title='bbox 2685 1007 2934 1088; x_wconf 71' lang='grc' dir='ltr'>ἡμέρᾳῇ</span> <span class='ocrx_word' id='word_1_460' title='bbox 2971 1013 3032 1066; x_wconf 81' lang='grc' dir='ltr'>οὐ</span> <span class='ocrx_word' id='word_1_461' title='bbox 3067 1012 3350 1081; x_wconf 80' lang='grc' dir='ltr'>γινώσκει,</span> <span class='ocrx_word' id='word_1_462' title='bbox 3386 1015 3483 1066; x_wconf 77' lang='grc' dir='ltr'><strong>καὶ</strong></span> <span class='ocrx_word' id='word_1_463' title='bbox 3514 1013 3570 1067; x_wconf 82' lang='grc' dir='ltr'>ὲν</span> <span class='ocrx_word' id='word_1_464' title='bbox 3604 1012 3718 1085; x_wconf 72' lang='grc' dir='ltr'><strong>ὥρᾳ</strong></span> 
     </span>
    </p>
   </div>
   <div class='ocr_carea' id='block_1_72' title="bbox 2210 1101 3787 1177">
    <p class='ocr_par' dir='ltr' id='par_1_72' title="bbox 2210 1101 3787 1177">
     <span class='ocr_line' id='line_1_72' title="bbox 2210 1101 3787 1177; baseline 0.002 -23"><span class='ocrx_word' id='word_1_465' title='bbox 2210 1101 2271 1155; x_wconf 78' lang='grc' dir='ltr'>οὐ</span> <span class='ocrx_word' id='word_1_466' title='bbox 2301 1103 2598 1174; x_wconf 76' lang='grc' dir='ltr'><strong>προσδοκᾷ,</strong></span> <span class='ocrx_word' id='word_1_467' title='bbox 2630 1105 2687 1158; x_wconf 83' lang='grc' dir='ltr'>ὲν</span> <span class='ocrx_word' id='word_1_468' title='bbox 2740 1106 2851 1176; x_wconf 83' lang='grc' dir='ltr'>ὅσῳ</span> <span class='ocrx_word' id='word_1_469' title='bbox 2904 1104 3109 1176; x_wconf 79' lang='grc' dir='ltr'>τρυφᾷ,</span> <span class='ocrx_word' id='word_1_470' title='bbox 3157 1106 3215 1158; x_wconf 82' lang='grc' dir='ltr'>ὲν</span> <span class='ocrx_word' id='word_1_471' title='bbox 3265 1106 3375 1177; x_wconf 77' lang='grc' dir='ltr'>ὅσῳ</span> <span class='ocrx_word' id='word_1_472' title='bbox 3437 1106 3704 1176; x_wconf 79' lang='grc' dir='ltr'>σπαταλᾷ,</span> <span class='ocrx_word' id='word_1_473' title='bbox 3733 1108 3787 1158; x_wconf 82' lang='grc' dir='ltr'>ἐν</span> 
     </span>
    </p>
   </div>
   <div class='ocr_carea' id='block_1_73' title="bbox 2209 1192 3786 1269">
    <p class='ocr_par' dir='ltr' id='par_1_73' title="bbox 2209 1192 3786 1269">
     <span class='ocr_line' id='line_1_73' title="bbox 2209 1192 3786 1269; baseline 0.003 -23"><span class='ocrx_word' id='word_1_474' title='bbox 2209 1194 2319 1266; x_wconf 83' lang='grc' dir='ltr'><strong>ὅσῳ</strong></span> <span class='ocrx_word' id='word_1_475' title='bbox 2350 1196 2635 1268; x_wconf 86' lang='grc' dir='ltr'>εὐημερεῖ,</span> <span class='ocrx_word' id='word_1_476' title='bbox 2659 1198 2717 1250; x_wconf 81' lang='grc' dir='ltr'>ὲν</span> <span class='ocrx_word' id='word_1_477' title='bbox 2745 1197 2855 1267; x_wconf 81' lang='grc' dir='ltr'><strong>ὅσῳ</strong></span> <span class='ocrx_word' id='word_1_478' title='bbox 2876 1197 3193 1269; x_wconf 82' lang='grc' dir='ltr'>ἀμεριμνεῖ,</span> <span class='ocrx_word' id='word_1_479' title='bbox 3229 1192 3513 1252; x_wconf 74' lang='grc' dir='ltr'>ἐλεύσεται</span> <span class='ocrx_word' id='word_1_480' title='bbox 3535 1198 3786 1268; x_wconf 77' lang='grc' dir='ltr'>ἐξαίφνης</span> 
     </span>
    </p>
   </div>
   <div class='ocr_carea' id='block_1_74' title="bbox 2214 1287 3787 1363">
    <p class='ocr_par' dir='ltr' id='par_1_74' title="bbox 2214 1287 3787 1363">
     <span class='ocr_line' id='line_1_74' title="bbox 2214 1287 3787 1363; baseline 0.002 -23"><span class='ocrx_word' id='word_1_481' title='bbox 2214 1288 2311 1359; x_wconf 91' lang='grc' dir='ltr'>μία</span> <span class='ocrx_word' id='word_1_482' title='bbox 2350 1287 2489 1359; x_wconf 83' lang='grc' dir='ltr'>ὥρα,</span> <span class='ocrx_word' id='word_1_483' title='bbox 2522 1291 2614 1343; x_wconf 80' lang='grc' dir='ltr'><strong>καὶ</strong></span> <span class='ocrx_word' id='word_1_484' title='bbox 2644 1290 2823 1345; x_wconf 89' lang='grc' dir='ltr'>πάντα</span> <span class='ocrx_word' id='word_1_485' title='bbox 2861 1291 3115 1361; x_wconf 74' lang='grc' dir='ltr'>ἡργησαν</span> <span class='ocrx_word' id='word_1_486' title='bbox 3146 1291 3281 1361; x_wconf 89' lang='grc'>(18),</span> <span class='ocrx_word' id='word_1_487' title='bbox 3313 1293 3511 1363; x_wconf 83' lang='grc' dir='ltr'>μικρὸς</span> <span class='ocrx_word' id='word_1_488' title='bbox 3540 1291 3787 1363; x_wconf 74' lang='grc' dir='ltr'>πυρετὸς,</span> 
     </span>
    </p>
   </div>
   <div class='ocr_carea' id='block_1_75' title="bbox 2211 1378 3789 1453">
    <p class='ocr_par' dir='ltr' id='par_1_75' title="bbox 2211 1378 3789 1453">
     <span class='ocr_line' id='line_1_75' title="bbox 2211 1378 3789 1453; baseline 0.001 -20"><span class='ocrx_word' id='word_1_489' title='bbox 2211 1379 2305 1433; x_wconf 78' lang='grc' dir='ltr'><strong>καὶ</strong></span> <span class='ocrx_word' id='word_1_490' title='bbox 2333 1378 2509 1435; x_wconf 86' lang='grc' dir='ltr'>πάντα</span> <span class='ocrx_word' id='word_1_491' title='bbox 2549 1381 2630 1444; x_wconf 86' lang='grc' dir='ltr'>είς</span> <span class='ocrx_word' id='word_1_492' title='bbox 2658 1381 2832 1435; x_wconf 82' lang='grc' dir='ltr'>οὐδέν.</span> <span class='ocrx_word' id='word_1_493' title='bbox 2853 1382 3064 1453; x_wconf 80' lang='grc' dir='ltr'>Μικρὸς</span> <span class='ocrx_word' id='word_1_494' title='bbox 3095 1382 3275 1446; x_wconf 81' lang='grc' dir='ltr'>πόνος,</span> <span class='ocrx_word' id='word_1_495' title='bbox 3314 1384 3409 1435; x_wconf 72' lang='grc' dir='ltr'><strong>καὶ</strong></span> <span class='ocrx_word' id='word_1_496' title='bbox 3432 1382 3529 1436; x_wconf 79' lang='grc' dir='ltr'>ὅλα</span> <span class='ocrx_word' id='word_1_497' title='bbox 3558 1385 3636 1446; x_wconf 86' lang='grc' dir='ltr'>είς</span> <span class='ocrx_word' id='word_1_498' title='bbox 3666 1384 3789 1435; x_wconf 81' lang='grc' dir='ltr'>κενᾶ</span> 
     </span>
    </p>
   </div>
   <div class='ocr_carea' id='block_1_76' title="bbox 2209 1473 3789 1548">
    <p class='ocr_par' dir='ltr' id='par_1_76' title="bbox 2209 1473 3789 1548">
     <span class='ocr_line' id='line_1_76' title="bbox 2209 1473 3789 1548; baseline -0.001 -19"><span class='ocrx_word' id='word_1_499' title='bbox 2209 1474 2304 1529; x_wconf 75' lang='grc' dir='ltr'>καὶ</span> <span class='ocrx_word' id='word_1_500' title='bbox 2334 1473 2563 1545; x_wconf 86' lang='grc' dir='ltr'>μάταια.</span> <span class='ocrx_word' id='word_1_501' title='bbox 2600 1474 2716 1528; x_wconf 87' lang='grc' dir='ltr'>Μία</span> <span class='ocrx_word' id='word_1_502' title='bbox 2748 1476 2843 1542; x_wconf 81' lang='grc' dir='ltr'><strong>νὺξ</strong></span> <span class='ocrx_word' id='word_1_503' title='bbox 2873 1475 3063 1546; x_wconf 83' lang='grc' dir='ltr'>βαθεῖα</span> <span class='ocrx_word' id='word_1_504' title='bbox 3086 1476 3181 1530; x_wconf 74' lang='grc' dir='ltr'><strong>καὶ</strong></span> <span class='ocrx_word' id='word_1_505' title='bbox 3209 1475 3462 1548; x_wconf 72' lang='grc' dir='ltr'>σκοτεινὴ</span> <span class='ocrx_word' id='word_1_506' title='bbox 3483 1477 3577 1529; x_wconf 80' lang='grc' dir='ltr'>καὶ</span> <span class='ocrx_word' id='word_1_507' title='bbox 3609 1476 3789 1545; x_wconf 78' lang='grc' dir='ltr'>ὀδυνη-</span> 
     </span>
    </p>
   </div>
   <div class='ocr_carea' id='block_1_77' title="bbox 2212 1566 3788 1638">
    <p class='ocr_par' dir='ltr' id='par_1_77' title="bbox 2212 1566 3788 1638">
     <span class='ocr_line' id='line_1_77' title="bbox 2212 1566 3788 1638; baseline -0.001 -19"><span class='ocrx_word' id='word_1_508' title='bbox 2212 1566 2300 1638; x_wconf 82' lang='grc' dir='ltr'><strong>ρὰ,</strong></span> <span class='ocrx_word' id='word_1_509' title='bbox 2332 1566 2428 1620; x_wconf 77' lang='grc' dir='ltr'>καὶ</span> <span class='ocrx_word' id='word_1_510' title='bbox 2462 1567 2756 1635; x_wconf 81' lang='grc' dir='ltr'>ἀπάγεται,</span> <span class='ocrx_word' id='word_1_511' title='bbox 2786 1569 2862 1632; x_wconf 86' lang='grc' dir='ltr'>ὼς</span> <span class='ocrx_word' id='word_1_512' title='bbox 2891 1568 3202 1633; x_wconf 83' lang='grc' dir='ltr'>κατάδικος,</span> <span class='ocrx_word' id='word_1_513' title='bbox 3244 1567 3379 1621; x_wconf 82' lang='grc' dir='ltr'>ὅπου</span> <span class='ocrx_word' id='word_1_514' title='bbox 3404 1570 3712 1637; x_wconf 77' lang='grc' dir='ltr'>ἀπάγουσιν</span> <span class='ocrx_word' id='word_1_515' title='bbox 3743 1568 3788 1620; x_wconf 82' lang='grc' dir='ltr'>οἱ</span> 
     </span>
    </p>
   </div>
   <div class='ocr_carea' id='block_1_78' title="bbox 2210 1653 3788 1731">
    <p class='ocr_par' dir='ltr' id='par_1_78' title="bbox 2210 1653 3788 1731">
     <span class='ocr_line' id='line_1_78' title="bbox 2210 1653 3788 1731; baseline -0.001 -17"><span class='ocrx_word' id='word_1_516' title='bbox 2210 1660 2540 1728; x_wconf 85' lang='grc' dir='ltr'>ἀπάγοντες.</span> <span class='ocrx_word' id='word_1_517' title='bbox 2569 1659 2789 1713; x_wconf 81' lang='grc' dir='ltr'><strong>Πολλῶν</strong></span> <span class='ocrx_word' id='word_1_518' title='bbox 2846 1677 2929 1714; x_wconf 91' lang='grc' dir='ltr'><strong>σοι</strong></span> <span class='ocrx_word' id='word_1_519' title='bbox 2983 1661 3131 1725; x_wconf 88' lang='grc' dir='ltr'>τότε,</span> <span class='ocrx_word' id='word_1_520' title='bbox 3164 1653 3209 1714; x_wconf 83' lang='grc' dir='ltr'><strong>ὦ</strong></span> <span class='ocrx_word' id='word_1_521' title='bbox 3258 1659 3532 1731; x_wconf 81' lang='grc' dir='ltr'>ἄνθρωπε,</span> <span class='ocrx_word' id='word_1_522' title='bbox 3586 1660 3788 1731; x_wconf 75' lang='grc' dir='ltr'>ὁδηγῶν</span> 
     </span>
    </p>
   </div>
   <div class='ocr_carea' id='block_1_79' title="bbox 2211 1753 3785 1826">
    <p class='ocr_par' dir='ltr' id='par_1_79' title="bbox 2211 1753 3785 1826">
     <span class='ocr_line' id='line_1_79' title="bbox 2211 1753 3785 1826; baseline -0.002 -20"><span class='ocrx_word' id='word_1_523' title='bbox 2211 1753 2391 1825; x_wconf 87' lang='grc' dir='ltr'>χρεία.</span> <span class='ocrx_word' id='word_1_524' title='bbox 2424 1753 2644 1807; x_wconf 83' lang='grc' dir='ltr'>Πολλῶν</span> <span class='ocrx_word' id='word_1_525' title='bbox 2687 1770 2770 1807; x_wconf 92' lang='grc' dir='ltr'><strong>σοι</strong></span> <span class='ocrx_word' id='word_1_526' title='bbox 2814 1754 2922 1807; x_wconf 88' lang='grc' dir='ltr'><strong>τῶν</strong></span> <span class='ocrx_word' id='word_1_527' title='bbox 2957 1753 3192 1826; x_wconf 81' lang='grc' dir='ltr'>βοηθῶν,</span> <span class='ocrx_word' id='word_1_528' title='bbox 3222 1754 3434 1808; x_wconf 86' lang='grc' dir='ltr'>πολλῶν</span> <span class='ocrx_word' id='word_1_529' title='bbox 3455 1755 3564 1807; x_wconf 89' lang='grc' dir='ltr'><strong>τῶν</strong></span> <span class='ocrx_word' id='word_1_530' title='bbox 3594 1754 3785 1823; x_wconf 67' lang='grc' dir='ltr'>εὐχῶν,</span> 
     </span>
    </p>
   </div>
   <div class='ocr_carea' id='block_1_80' title="bbox 2212 1842 3784 1916">
    <p class='ocr_par' dir='ltr' id='par_1_80' title="bbox 2212 1842 3784 1916">
     <span class='ocr_line' id='line_1_80' title="bbox 2212 1842 3784 1916; baseline 0.001 -21"><span class='ocrx_word' id='word_1_531' title='bbox 2212 1842 2424 1897; x_wconf 84' lang='grc' dir='ltr'>πολλῶν</span> <span class='ocrx_word' id='word_1_532' title='bbox 2450 1843 2559 1897; x_wconf 83' lang='grc' dir='ltr'><strong>τῶν</strong></span> <span class='ocrx_word' id='word_1_533' title='bbox 2586 1844 2890 1915; x_wconf 83' lang='grc' dir='ltr'>συνεργῶν,</span> <span class='ocrx_word' id='word_1_534' title='bbox 2921 1846 2978 1897; x_wconf 84' lang='grc' dir='ltr'>ὲν</span> <span class='ocrx_word' id='word_1_535' title='bbox 3007 1846 3071 1916; x_wconf 78' lang='grc' dir='ltr'>τῇ</span> <span class='ocrx_word' id='word_1_536' title='bbox 3107 1845 3226 1916; x_wconf 76' lang='grc' dir='ltr'>ὥρα</span> <span class='ocrx_word' id='word_1_537' title='bbox 3255 1843 3351 1897; x_wconf 78' lang='grc' dir='ltr'>τοῦ</span> <span class='ocrx_word' id='word_1_538' title='bbox 3377 1845 3665 1915; x_wconf 81' lang='grc' dir='ltr'>χωρισμοῦ</span> <span class='ocrx_word' id='word_1_539' title='bbox 3694 1844 3784 1913; x_wconf 76' lang='grc' dir='ltr'>τῆς</span> 
     </span>
    </p>
   </div>
   <div class='ocr_carea' id='block_1_81' title="bbox 2209 1934 3789 2008">
    <p class='ocr_par' dir='ltr' id='par_1_81' title="bbox 2209 1934 3789 2008">
     <span class='ocr_line' id='line_1_81' title="bbox 2209 1934 3789 2008; baseline 0.001 -20"><span class='ocrx_word' id='word_1_540' title='bbox 2209 1934 2408 2008; x_wconf 81' lang='grc' dir='ltr'>ψυχῆς.</span> <span class='ocrx_word' id='word_1_541' title='bbox 2445 1936 2637 2005; x_wconf 83' lang='grc' dir='ltr'>Μέγας</span> <span class='ocrx_word' id='word_1_542' title='bbox 2688 1936 2717 1989; x_wconf 88' lang='grc' dir='ltr'>ὁ</span> <span class='ocrx_word' id='word_1_543' title='bbox 2760 1936 2884 1990; x_wconf 89' lang='grc' dir='ltr'>τότε</span> <span class='ocrx_word' id='word_1_544' title='bbox 2926 1936 3112 2005; x_wconf 81' lang='grc' dir='ltr'>φόϐος,</span> <span class='ocrx_word' id='word_1_545' title='bbox 3151 1937 3328 2007; x_wconf 82' lang='grc' dir='ltr'>μέγας</span> <span class='ocrx_word' id='word_1_546' title='bbox 3364 1938 3390 1990; x_wconf 87' lang='grc' dir='ltr'><strong>ό</strong></span> <span class='ocrx_word' id='word_1_547' title='bbox 3421 1938 3541 1990; x_wconf 88' lang='grc' dir='ltr'>τότε</span> <span class='ocrx_word' id='word_1_548' title='bbox 3572 1936 3789 2008; x_wconf 78' lang='grc' dir='ltr'>τρόμος,</span> 
     </span>
    </p>
   </div>
   <div class='ocr_carea' id='block_1_82' title="bbox 2212 2026 3792 2099">
    <p class='ocr_par' dir='ltr' id='par_1_82' title="bbox 2212 2026 3792 2099">
     <span class='ocr_line' id='line_1_82' title="bbox 2212 2026 3792 2099; baseline 0.001 -20"><span class='ocrx_word' id='word_1_549' title='bbox 2212 2026 2358 2097; x_wconf 83' lang='grc' dir='ltr'>μέγα</span> <span class='ocrx_word' id='word_1_550' title='bbox 2389 2026 2453 2080; x_wconf 82' lang='grc' dir='ltr'><strong>τὸ</strong></span> <span class='ocrx_word' id='word_1_551' title='bbox 2486 2028 2806 2099; x_wconf 87' lang='grc' dir='ltr'>μυστήριον,</span> <span class='ocrx_word' id='word_1_552' title='bbox 2849 2027 3060 2099; x_wconf 86' lang='grc' dir='ltr'>μεγάλη</span> <span class='ocrx_word' id='word_1_553' title='bbox 3101 2030 3133 2098; x_wconf 76' lang='grc' dir='ltr'><strong>ἡ</strong></span> <span class='ocrx_word' id='word_1_554' title='bbox 3169 2028 3496 2099; x_wconf 86' lang='grc' dir='ltr'>περίστασις</span> <span class='ocrx_word' id='word_1_555' title='bbox 3529 2028 3666 2097; x_wconf 77' lang='grc'>(19),</span> <span class='ocrx_word' id='word_1_556' title='bbox 3709 2028 3792 2080; x_wconf 68' lang='grc' dir='ltr'>ὅτε</span> 
     </span>
    </p>
   </div>
   <div class='ocr_carea' id='block_1_83' title="bbox 2208 2118 3791 2191">
    <p class='ocr_par' dir='ltr' id='par_1_83' title="bbox 2208 2118 3791 2191">
     <span class='ocr_line' id='line_1_83' title="bbox 2208 2118 3791 2191; baseline 0.001 -20"><span class='ocrx_word' id='word_1_557' title='bbox 2208 2118 2534 2189; x_wconf 77' lang='grc' dir='ltr'>ὑπάγωμεν,</span> <span class='ocrx_word' id='word_1_558' title='bbox 2573 2118 2696 2172; x_wconf 87' lang='grc' dir='ltr'>ὅθεν</span> <span class='ocrx_word' id='word_1_559' title='bbox 2733 2118 2912 2183; x_wconf 71' lang='grc' dir='ltr'>οὐδεὶς</span> <span class='ocrx_word' id='word_1_560' title='bbox 2970 2120 3324 2174; x_wconf 81' lang='grc' dir='ltr'>ὲπανέλυσεν.</span> <span class='ocrx_word' id='word_1_561' title='bbox 3368 2121 3431 2172; x_wconf 83' lang='grc' dir='ltr'><strong>Ἦ</strong></span> <span class='ocrx_word' id='word_1_562' title='bbox 3470 2120 3607 2191; x_wconf 86' lang='grc' dir='ltr'>μόνη</span> <span class='ocrx_word' id='word_1_563' title='bbox 3657 2119 3791 2191; x_wconf 84' lang='grc' dir='ltr'>ῶρα,</span> 
     </span>
    </p>
   </div>
   <div class='ocr_carea' id='block_1_84' title="bbox 2208 2211 3793 2285">
    <p class='ocr_par' dir='ltr' id='par_1_84' title="bbox 2208 2211 3793 2285">
     <span class='ocr_line' id='line_1_84' title="bbox 2208 2211 3793 2285; baseline 0.001 -20"><span class='ocrx_word' id='word_1_564' title='bbox 2208 2213 2305 2267; x_wconf 75' lang='grc' dir='ltr'>καὶ</span> <span class='ocrx_word' id='word_1_565' title='bbox 2332 2212 2433 2265; x_wconf 73' lang='grc' dir='ltr'><strong>οὐκ</strong></span> <span class='ocrx_word' id='word_1_566' title='bbox 2461 2211 2598 2282; x_wconf 80' lang='grc' dir='ltr'>ἄλλη</span> <span class='ocrx_word' id='word_1_567' title='bbox 2625 2212 2774 2284; x_wconf 83' lang='grc' dir='ltr'>ὥρα·</span> <span class='ocrx_word' id='word_1_568' title='bbox 2817 2215 2851 2283; x_wconf 77' lang='grc' dir='ltr'><strong>ἡ</strong></span> <span class='ocrx_word' id='word_1_569' title='bbox 2888 2213 3025 2283; x_wconf 87' lang='grc' dir='ltr'>μόνη</span> <span class='ocrx_word' id='word_1_570' title='bbox 3055 2214 3194 2280; x_wconf 77' lang='grc' dir='ltr'>ὁδὸς,</span> <span class='ocrx_word' id='word_1_571' title='bbox 3229 2214 3325 2268; x_wconf 76' lang='grc' dir='ltr'>καὶ</span> <span class='ocrx_word' id='word_1_572' title='bbox 3364 2215 3464 2268; x_wconf 81' lang='grc' dir='ltr'>οὐκ</span> <span class='ocrx_word' id='word_1_573' title='bbox 3493 2214 3628 2285; x_wconf 85' lang='grc' dir='ltr'>ἄλλη</span> <span class='ocrx_word' id='word_1_574' title='bbox 3658 2215 3793 2278; x_wconf 68' lang='grc' dir='ltr'>ὁδὸς,</span> 
     </span>
    </p>
   </div>
   <div class='ocr_carea' id='block_1_85' title="bbox 2207 2304 3794 2377">
    <p class='ocr_par' dir='ltr' id='par_1_85' title="bbox 2207 2304 3794 2377">
     <span class='ocr_line' id='line_1_85' title="bbox 2207 2304 3794 2377; baseline 0 -20"><span class='ocrx_word' id='word_1_575' title='bbox 2207 2304 2242 2376; x_wconf 79' lang='grc' dir='ltr'>ἠ</span> <span class='ocrx_word' id='word_1_576' title='bbox 2275 2304 2410 2376; x_wconf 87' lang='grc' dir='ltr'>μόνη</span> <span class='ocrx_word' id='word_1_577' title='bbox 2441 2304 2683 2374; x_wconf 82' lang='grc' dir='ltr'>γέφυρα,</span> <span class='ocrx_word' id='word_1_578' title='bbox 2715 2306 2809 2359; x_wconf 77' lang='grc' dir='ltr'><strong>καὶ</strong></span> <span class='ocrx_word' id='word_1_579' title='bbox 2835 2305 3070 2377; x_wconf 88' lang='grc' dir='ltr'>πάροδον</span> <span class='ocrx_word' id='word_1_580' title='bbox 3101 2307 3201 2359; x_wconf 67' lang='grc' dir='ltr'>οὑκ</span> <span class='ocrx_word' id='word_1_581' title='bbox 3224 2306 3443 2377; x_wconf 81' lang='grc' dir='ltr'>ἔχουσα.</span> <span class='ocrx_word' id='word_1_582' title='bbox 3471 2307 3545 2359; x_wconf 84' lang='grc' dir='ltr'><strong>Τὸ</strong></span> <span class='ocrx_word' id='word_1_583' title='bbox 3579 2307 3794 2359; x_wconf 85' lang='grc' dir='ltr'>πάντων</span> 
     </span>
    </p>
   </div>
   <div class='ocr_carea' id='block_1_86' title="bbox 2207 2398 3797 2471">
    <p class='ocr_par' dir='ltr' id='par_1_86' title="bbox 2207 2398 3797 2471">
     <span class='ocr_line' id='line_1_86' title="bbox 2207 2398 3797 2471; baseline 0.001 -20"><span class='ocrx_word' id='word_1_584' title='bbox 2207 2398 2380 2464; x_wconf 86' lang='grc' dir='ltr'>τέλος,</span> <span class='ocrx_word' id='word_1_585' title='bbox 2405 2399 2500 2452; x_wconf 62' lang='grc' dir='ltr'><strong>καὶ¹</strong></span> <span class='ocrx_word' id='word_1_586' title='bbox 2530 2400 2751 2453; x_wconf 86' lang='grc' dir='ltr'>πάντων</span> <span class='ocrx_word' id='word_1_587' title='bbox 2779 2399 2966 2471; x_wconf 87' lang='grc' dir='ltr'>φόρος.</span> <span class='ocrx_word' id='word_1_588' title='bbox 3001 2399 3252 2454; x_wconf 83' lang='grc' dir='ltr'>Χαλεπὸν</span> <span class='ocrx_word' id='word_1_589' title='bbox 3283 2400 3342 2454; x_wconf 79' lang='grc' dir='ltr'>τὺ</span> <span class='ocrx_word' id='word_1_590' title='bbox 3376 2400 3629 2471; x_wconf 82' lang='grc' dir='ltr'>πέραμα,</span> <span class='ocrx_word' id='word_1_591' title='bbox 3665 2400 3797 2453; x_wconf 73' lang='grc' dir='ltr'>ἀλλὰ</span> 
     </span>
    </p>
   </div>
   <div class='ocr_carea' id='block_1_87' title="bbox 2211 2489 3795 2564">
    <p class='ocr_par' dir='ltr' id='par_1_87' title="bbox 2211 2489 3795 2564">
     <span class='ocr_line' id='line_1_87' title="bbox 2211 2489 3795 2564; baseline 0.001 -21"><span class='ocrx_word' id='word_1_592' title='bbox 2211 2490 2418 2555; x_wconf 85' lang='grc' dir='ltr'>πάντες</span> <span class='ocrx_word' id='word_1_593' title='bbox 2449 2490 2518 2544; x_wconf 85' lang='grc' dir='ltr'>δι’</span> <span class='ocrx_word' id='word_1_594' title='bbox 2557 2490 2725 2545; x_wconf 81' lang='grc' dir='ltr'>αὐτοῦ</span> <span class='ocrx_word' id='word_1_595' title='bbox 2758 2492 3157 2563; x_wconf 82' lang='grc' dir='ltr'>περαιούμεθα.</span> <span class='ocrx_word' id='word_1_596' title='bbox 3192 2492 3397 2564; x_wconf 85' lang='grc' dir='ltr'>Πικρὸν</span> <span class='ocrx_word' id='word_1_597' title='bbox 3419 2489 3480 2545; x_wconf 80' lang='grc' dir='ltr'><strong>τδ</strong></span> <span class='ocrx_word' id='word_1_598' title='bbox 3514 2496 3795 2564; x_wconf 81' lang='grc' dir='ltr'>ποτήριον,</span> 
     </span>
    </p>
   </div>
   <div class='ocr_carea' id='block_1_88' title="bbox 2209 2582 3798 2655">
    <p class='ocr_par' dir='ltr' id='par_1_88' title="bbox 2209 2582 3798 2655">
     <span class='ocr_line' id='line_1_88' title="bbox 2209 2582 3798 2655; baseline 0.001 -18"><span class='ocrx_word' id='word_1_599' title='bbox 2209 2582 2345 2637; x_wconf 84' lang='grc' dir='ltr'>ἀλλὰ</span> <span class='ocrx_word' id='word_1_600' title='bbox 2376 2584 2577 2655; x_wconf 84' lang='grc' dir='ltr'>πάντες</span> <span class='ocrx_word' id='word_1_601' title='bbox 2603 2584 2758 2651; x_wconf 84' lang='grc' dir='ltr'>αὐτὸ,</span> <span class='ocrx_word' id='word_1_602' title='bbox 2795 2585 2892 2638; x_wconf 75' lang='grc' dir='ltr'>καὶ</span> <span class='ocrx_word' id='word_1_603' title='bbox 2917 2584 3019 2638; x_wconf 77' lang='grc' dir='ltr'>οὔκ</span> <span class='ocrx_word' id='word_1_604' title='bbox 3044 2584 3174 2640; x_wconf 70' lang='grc' dir='ltr'>ἄλλο</span> <span class='ocrx_word' id='word_1_605' title='bbox 3214 2584 3469 2655; x_wconf 84' lang='grc' dir='ltr'>πίνομεν.</span> <span class='ocrx_word' id='word_1_606' title='bbox 3500 2584 3667 2654; x_wconf 81' lang='grc' dir='ltr'>Μέγα</span> <span class='ocrx_word' id='word_1_607' title='bbox 3709 2588 3798 2638; x_wconf 74' lang='grc' dir='ltr'><strong>καὶ</strong></span> 
     </span>
    </p>
   </div>
   <div class='ocr_carea' id='block_1_89' title="bbox 2209 2652 3800 2747">
    <p class='ocr_par' dir='ltr' id='par_1_89' title="bbox 2209 2652 3800 2747">
     <span class='ocr_line' id='line_1_89' title="bbox 2209 2652 3800 2747; baseline -0.001 -18"><span class='ocrx_word' id='word_1_608' title='bbox 2209 2672 2403 2745; x_wconf 76' lang='grc' dir='ltr'>ἄδηλον</span> <span class='ocrx_word' id='word_1_609' title='bbox 2429 2652 2507 2728; x_wconf 57' lang='grc' dir='ltr'>’τὸ</span> <span class='ocrx_word' id='word_1_610' title='bbox 2538 2674 2631 2727; x_wconf 83' lang='grc' dir='ltr'><strong>τοῦ</strong></span> <span class='ocrx_word' id='word_1_611' title='bbox 2664 2674 2901 2729; x_wconf 84' lang='grc' dir='ltr'>θανάτου</span> <span class='ocrx_word' id='word_1_612' title='bbox 2943 2674 3264 2747; x_wconf 82' lang='grc' dir='ltr'>μυστήριον,</span> <span class='ocrx_word' id='word_1_613' title='bbox 3299 2652 3398 2728; x_wconf 79' lang='grc' dir='ltr'>καὶ</span> <span class='ocrx_word' id='word_1_614' title='bbox 3447 2652 3623 2739; x_wconf 71' lang='grc' dir='ltr'>οὐδεὶς</span> <span class='ocrx_word' id='word_1_615' title='bbox 3669 2672 3800 2728; x_wconf 73' lang='grc' dir='ltr'>αὐτὸ</span> 
     </span>
    </p>
   </div>
   <div class='ocr_carea' id='block_1_90' title="bbox 2209 2764 3801 2838">
    <p class='ocr_par' dir='ltr' id='par_1_90' title="bbox 2209 2764 3801 2838">
     <span class='ocr_line' id='line_1_90' title="bbox 2209 2764 3801 2838; baseline 0.001 -22"><span class='ocrx_word' id='word_1_616' title='bbox 2209 2764 2340 2835; x_wconf 78' lang='grc' dir='ltr'>ἡμῖν</span> <span class='ocrx_word' id='word_1_617' title='bbox 2374 2764 2739 2835; x_wconf 82' lang='grc' dir='ltr'>διηγήσασθαι</span> <span class='ocrx_word' id='word_1_618' title='bbox 2763 2765 3010 2819; x_wconf 85' lang='grc' dir='ltr'>δύναται.</span> <span class='ocrx_word' id='word_1_619' title='bbox 3041 2765 3267 2837; x_wconf 76' lang='grc' dir='ltr'>Φρικτὰ⁸</span> <span class='ocrx_word' id='word_1_620' title='bbox 3286 2766 3383 2819; x_wconf 74' lang='grc' dir='ltr'><strong>καὶ</strong></span> <span class='ocrx_word' id='word_1_621' title='bbox 3414 2767 3623 2838; x_wconf 76' lang='grc' dir='ltr'>φοϐερά</span> <span class='ocrx_word' id='word_1_622' title='bbox 3658 2768 3801 2836; x_wconf 76' lang='grc' dir='ltr'>ἅπερ</span> 
     </span>
    </p>
   </div>
   <div class='ocr_carea' id='block_1_91' title="bbox 2208 2855 3800 2931">
    <p class='ocr_par' dir='ltr' id='par_1_91' title="bbox 2208 2855 3800 2931">
     <span class='ocr_line' id='line_1_91' title="bbox 2208 2855 3800 2931; baseline 0.001 -22"><span class='ocrx_word' id='word_1_623' title='bbox 2208 2855 2332 2910; x_wconf 86' lang='grc' dir='ltr'>τότε</span> <span class='ocrx_word' id='word_1_624' title='bbox 2366 2859 2399 2927; x_wconf 80' lang='grc' dir='ltr'>ὴ</span> <span class='ocrx_word' id='word_1_625' title='bbox 2429 2857 2575 2929; x_wconf 78' lang='grc' dir='ltr'><strong>ψυχὴ</strong></span> <span class='ocrx_word' id='word_1_626' title='bbox 2605 2856 2716 2931; x_wconf 88' lang='grc'>(20)</span> <span class='ocrx_word' id='word_1_627' title='bbox 2751 2856 3067 2928; x_wconf 76' lang='grc' dir='ltr'>ὑφίσταται,</span> <span class='ocrx_word' id='word_1_628' title='bbox 3120 2858 3237 2914; x_wconf 81' lang='grc' dir='ltr'>ἀλλ’</span> <span class='ocrx_word' id='word_1_629' title='bbox 3308 2858 3483 2923; x_wconf 74' lang='grc' dir='ltr'>οὐδεὶς</span> <span class='ocrx_word' id='word_1_630' title='bbox 3528 2857 3605 2923; x_wconf 63' lang='grc' dir='ltr'><strong>ἐξ</strong></span> <span class='ocrx_word' id='word_1_631' title='bbox 3644 2858 3800 2931; x_wconf 78' lang='grc' dir='ltr'>ἡμῶν</span> 
     </span>
    </p>
   </div>
   <div class='ocr_carea' id='block_1_92' title="bbox 2208 2946 3803 3022">
    <p class='ocr_par' dir='ltr' id='par_1_92' title="bbox 2208 2946 3803 3022">
     <span class='ocr_line' id='line_1_92' title="bbox 2208 2946 3803 3022; baseline 0.002 -22"><span class='ocrx_word' id='word_1_632' title='bbox 2208 2946 2384 3003; x_wconf 77' lang='grc' dir='ltr'>ταῦτα</span> <span class='ocrx_word' id='word_1_633' title='bbox 2444 2949 2755 3017; x_wconf 83' lang='grc' dir='ltr'>ἐπίσταται,</span> <span class='ocrx_word' id='word_1_634' title='bbox 2791 2950 2841 3003; x_wconf 86' lang='grc' dir='ltr'>εί</span> <span class='ocrx_word' id='word_1_635' title='bbox 2897 2949 2974 3021; x_wconf 80' lang='grc' dir='ltr'>μὴ</span> <span class='ocrx_word' id='word_1_636' title='bbox 3017 2949 3168 3021; x_wconf 91' lang='grc' dir='ltr'>μόνοι</span> <span class='ocrx_word' id='word_1_637' title='bbox 3223 2951 3273 3004; x_wconf 75' lang='grc' dir='ltr'>οἱ</span> <span class='ocrx_word' id='word_1_638' title='bbox 3321 2953 3440 3004; x_wconf 75' lang='grc' dir='ltr'>ἐκεῖ</span> <span class='ocrx_word' id='word_1_639' title='bbox 3504 2950 3803 3022; x_wconf 76' lang='grc' dir='ltr'>προλαϐόν-</span> 
     </span>
    </p>
   </div>
   <div class='ocr_carea' id='block_1_93' title="bbox 2210 3040 3803 3115">
    <p class='ocr_par' dir='ltr' id='par_1_93' title="bbox 2210 3040 3803 3115">
     <span class='ocr_line' id='line_1_93' title="bbox 2210 3040 3803 3115; baseline 0.001 -20"><span class='ocrx_word' id='word_1_640' title='bbox 2210 3058 2304 3105; x_wconf 87' lang='grc' dir='ltr'><strong>τες</strong></span> <span class='ocrx_word' id='word_1_641' title='bbox 2338 3040 2477 3113; x_wconf 92' lang='grc'>(21),</span> <span class='ocrx_word' id='word_1_642' title='bbox 2510 3043 2562 3096; x_wconf 83' lang='grc' dir='ltr'>οί</span> <span class='ocrx_word' id='word_1_643' title='bbox 2595 3043 2713 3095; x_wconf 73' lang='grc' dir='ltr'>ἐκεῖ</span> <span class='ocrx_word' id='word_1_644' title='bbox 2755 3041 3119 3113; x_wconf 85' lang='grc' dir='ltr'>περάσαντες,</span> <span class='ocrx_word' id='word_1_645' title='bbox 3160 3044 3210 3096; x_wconf 87' lang='grc' dir='ltr'><strong>οί</strong></span> <span class='ocrx_word' id='word_1_646' title='bbox 3239 3043 3339 3114; x_wconf 85' lang='grc' dir='ltr'><strong>τὴν</strong></span> <span class='ocrx_word' id='word_1_647' title='bbox 3372 3046 3568 3115; x_wconf 82' lang='grc' dir='ltr'>πεῖραν</span> <span class='ocrx_word' id='word_1_648' title='bbox 3608 3043 3803 3097; x_wconf 74' lang='grc' dir='ltr'>λαϐόν-</span> 
     </span>
    </p>
   </div>
   <div class='ocr_carea' id='block_1_94' title="bbox 2209 3133 3801 3207">
    <p class='ocr_par' dir='ltr' id='par_1_94' title="bbox 2209 3133 3801 3207">
     <span class='ocr_line' id='line_1_94' title="bbox 2209 3133 3801 3207; baseline 0.001 -21"><span class='ocrx_word' id='word_1_649' title='bbox 2209 3150 2322 3196; x_wconf 87' lang='grc' dir='ltr'>τες.</span> <span class='ocrx_word' id='word_1_650' title='bbox 2358 3133 2472 3205; x_wconf 84' lang='grc' dir='ltr'><strong>Οὑχ</strong></span> <span class='ocrx_word' id='word_1_651' title='bbox 2496 3134 2650 3206; x_wconf 79' lang='grc' dir='ltr'>δρᾷς,</span> <span class='ocrx_word' id='word_1_652' title='bbox 2681 3134 2805 3188; x_wconf 88' lang='grc' dir='ltr'>είπέ</span> <span class='ocrx_word' id='word_1_653' title='bbox 2843 3152 2959 3207; x_wconf 88' lang='grc' dir='ltr'>μοι,</span> <span class='ocrx_word' id='word_1_654' title='bbox 2992 3135 3157 3206; x_wconf 81' lang='grc' dir='ltr'>ἡνίκα</span> <span class='ocrx_word' id='word_1_655' title='bbox 3185 3135 3321 3206; x_wconf 78' lang='grc' dir='ltr'>πρὸς</span> <span class='ocrx_word' id='word_1_656' title='bbox 3352 3136 3481 3199; x_wconf 81' lang='grc' dir='ltr'>τοὺς</span> <span class='ocrx_word' id='word_1_657' title='bbox 3532 3135 3801 3204; x_wconf 76' lang='grc' dir='ltr'>ἀδελφοὺς</span> 
     </span>
    </p>
   </div>
   <div class='ocr_carea' id='block_1_95' title="bbox 2209 3216 3800 3299">
    <p class='ocr_par' dir='ltr' id='par_1_95' title="bbox 2209 3216 3800 3299">
     <span class='ocr_line' id='line_1_95' title="bbox 2209 3216 3800 3299; baseline -0.001 -20"><span class='ocrx_word' id='word_1_658' title='bbox 2209 3226 2337 3290; x_wconf 80' lang='grc' dir='ltr'>τοὺς</span> <span class='ocrx_word' id='word_1_659' title='bbox 2367 3225 2735 3289; x_wconf 84' lang='grc' dir='ltr'>τελευτῶντας</span> <span class='ocrx_word' id='word_1_660' title='bbox 2761 3225 2794 3297; x_wconf 79' lang='grc' dir='ltr'>ἢ</span> <span class='ocrx_word' id='word_1_661' title='bbox 2819 3226 3305 3299; x_wconf 75' lang='grc' dir='ltr'>ψυχορραγοῦντας</span> <span class='ocrx_word' id='word_1_662' title='bbox 3332 3216 3800 3297; x_wconf 76' lang='grc' dir='ltr'>παρακαθήμεθα,</span> 
     </span>
    </p>
   </div>
   <div class='ocr_carea' id='block_1_96' title="bbox 2208 3316 3803 3390">
    <p class='ocr_par' dir='ltr' id='par_1_96' title="bbox 2208 3316 3803 3390">
     <span class='ocr_line' id='line_1_96' title="bbox 2208 3316 3803 3390; baseline 0.001 -19"><span class='ocrx_word' id='word_1_663' title='bbox 2208 3316 2271 3371; x_wconf 85' lang='grc' dir='ltr'>οὐ</span> <span class='ocrx_word' id='word_1_664' title='bbox 2305 3317 2514 3389; x_wconf 78' lang='grc' dir='ltr'>φοϐερὰ</span> <span class='ocrx_word' id='word_1_665' title='bbox 2541 3317 2663 3372; x_wconf 87' lang='grc' dir='ltr'>τότε</span> <span class='ocrx_word' id='word_1_666' title='bbox 2697 3318 2949 3390; x_wconf 82' lang='grc' dir='ltr'>ὁρῶμεν;</span> <span class='ocrx_word' id='word_1_667' title='bbox 2983 3318 3101 3383; x_wconf 90' lang='grc' dir='ltr'><strong>πῶς</strong></span> <span class='ocrx_word' id='word_1_668' title='bbox 3143 3318 3257 3390; x_wconf 83' lang='grc'>(22)</span> <span class='ocrx_word' id='word_1_669' title='bbox 3307 3319 3614 3389; x_wconf 81' lang='grc' dir='ltr'>ἀνέχονται,</span> <span class='ocrx_word' id='word_1_670' title='bbox 3687 3317 3803 3383; x_wconf 85' lang='grc' dir='ltr'><strong>πῶς</strong></span> 
     </span>
    </p>
   </div>
   <div class='ocr_carea' id='block_1_97' title="bbox 2207 3407 3803 3483">
    <p class='ocr_par' dir='ltr' id='par_1_97' title="bbox 2207 3407 3803 3483">
     <span class='ocr_line' id='line_1_97' title="bbox 2207 3407 3803 3483; baseline 0.001 -21"><span class='ocrx_word' id='word_1_671' title='bbox 2207 3407 2568 3480; x_wconf 86' lang='grc' dir='ltr'>ταράττονται</span> <span class='ocrx_word' id='word_1_672' title='bbox 2594 3448 2609 3475; x_wconf 93' lang='grc'>,</span> <span class='ocrx_word' id='word_1_673' title='bbox 2635 3407 2752 3474; x_wconf 86' lang='grc' dir='ltr'><strong>πῶς</strong></span> <span class='ocrx_word' id='word_1_674' title='bbox 2780 3409 3129 3475; x_wconf 78' lang='grc' dir='ltr'>στενάζουσιν</span> <span class='ocrx_word' id='word_1_675' title='bbox 3150 3452 3165 3477; x_wconf 92' lang='grc'><strong>,</strong></span> <span class='ocrx_word' id='word_1_676' title='bbox 3220 3408 3337 3475; x_wconf 89' lang='grc' dir='ltr'><strong>πῶς</strong></span> <span class='ocrx_word' id='word_1_677' title='bbox 3370 3408 3559 3481; x_wconf 77' lang='grc' dir='ltr'>ἱδρῶσι</span> <span class='ocrx_word' id='word_1_678' title='bbox 3592 3409 3803 3483; x_wconf 73' lang='grc' dir='ltr'>ψυχρὸν</span> 
     </span>
    </p>
   </div>
   <div class='ocr_carea' id='block_1_98' title="bbox 2209 3498 3810 3574">
    <p class='ocr_par' dir='ltr' id='par_1_98' title="bbox 2209 3498 3810 3574">
     <span class='ocr_line' id='line_1_98' title="bbox 2209 3498 3810 3574; baseline 0.002 -22"><span class='ocrx_word' id='word_1_679' title='bbox 2209 3499 2305 3554; x_wconf 78' lang='grc' dir='ltr'>καὶ</span> <span class='ocrx_word' id='word_1_680' title='bbox 2329 3498 2545 3570; x_wconf 80' lang='grc' dir='ltr'>πικρὸν,</span> <span class='ocrx_word' id='word_1_681' title='bbox 2576 3500 2653 3565; x_wconf 84' lang='grc' dir='ltr'>ὡς</span> <span class='ocrx_word' id='word_1_682' title='bbox 2680 3502 2729 3555; x_wconf 85' lang='grc' dir='ltr'>οί</span> <span class='ocrx_word' id='word_1_683' title='bbox 2751 3500 2811 3555; x_wconf 82' lang='grc' dir='ltr'>ὲν</span> <span class='ocrx_word' id='word_1_684' title='bbox 2838 3501 2950 3573; x_wconf 81' lang='grc'>(25)</span> <span class='ocrx_word' id='word_1_685' title='bbox 2983 3500 3139 3573; x_wconf 83' lang='grc' dir='ltr'>ἀγρῷ</span> <span class='ocrx_word' id='word_1_686' title='bbox 3171 3501 3454 3572; x_wconf 86' lang='grc' dir='ltr'>θερισταί;</span> <span class='ocrx_word' id='word_1_687' title='bbox 3496 3502 3614 3567; x_wconf 89' lang='grc' dir='ltr'><strong>πῶς</strong></span> <span class='ocrx_word' id='word_1_688' title='bbox 3632 3503 3810 3574; x_wconf 76' lang='grc' dir='ltr'>οἱμὲν</span> 
     </span>
    </p>
   </div>
   <div class='ocr_carea' id='block_1_99' title="bbox 2209 3591 3800 3665">
    <p class='ocr_par' dir='ltr' id='par_1_99' title="bbox 2209 3591 3800 3665">
     <span class='ocr_line' id='line_1_99' title="bbox 2209 3591 3800 3665; baseline 0.002 -21"><span class='ocrx_word' id='word_1_689' title='bbox 2209 3592 2339 3656; x_wconf 77' lang='grc' dir='ltr'>τοὺς</span> <span class='ocrx_word' id='word_1_690' title='bbox 2367 3591 2586 3657; x_wconf 85' lang='grc' dir='ltr'>ὀδόντας</span> <span class='ocrx_word' id='word_1_691' title='bbox 2611 3592 2908 3665; x_wconf 79' lang='grc' dir='ltr'>τρίζουσιν,</span> <span class='ocrx_word' id='word_1_692' title='bbox 2938 3595 2989 3646; x_wconf 83' lang='lat' dir='ltr'><strong>0i</strong></span> <span class='ocrx_word' id='word_1_693' title='bbox 3018 3594 3076 3647; x_wconf 85' lang='grc' dir='ltr'>δὲ</span> <span class='ocrx_word' id='word_1_694' title='bbox 3113 3593 3450 3661; x_wconf 77' lang='grc' dir='ltr'>θαμϐοῦνται</span> <span class='ocrx_word' id='word_1_695' title='bbox 3474 3595 3571 3647; x_wconf 72' lang='grc' dir='ltr'>καὶ</span> <span class='ocrx_word' id='word_1_696' title='bbox 3594 3596 3800 3664; x_wconf 81' lang='grc' dir='ltr'>ταράτ-</span> 
     </span>
    </p>
   </div>
   <div class='ocr_carea' id='block_1_100' title="bbox 2209 3684 3805 3759">
    <p class='ocr_par' dir='ltr' id='par_1_100' title="bbox 2209 3684 3805 3759">
     <span class='ocr_line' id='line_1_100' title="bbox 2209 3684 3805 3759; baseline 0 -19"><span class='ocrx_word' id='word_1_697' title='bbox 2209 3702 2411 3754; x_wconf 88' lang='grc' dir='ltr'>τονται;</span> <span class='ocrx_word' id='word_1_698' title='bbox 2440 3684 2560 3749; x_wconf 88' lang='grc' dir='ltr'><strong>πῶς</strong></span> <span class='ocrx_word' id='word_1_699' title='bbox 2581 3685 2683 3757; x_wconf 81' lang='grc' dir='ltr'>τῆς</span> <span class='ocrx_word' id='word_1_700' title='bbox 2714 3684 2905 3757; x_wconf 82' lang='grc' dir='ltr'>κλίνης</span> <span class='ocrx_word' id='word_1_701' title='bbox 2937 3686 3318 3756; x_wconf 25' lang='grc' dir='ltr'>ίάναπηδῶσιν,</span> <span class='ocrx_word' id='word_1_702' title='bbox 3346 3689 3573 3757; x_wconf 82' lang='grc' dir='ltr'>φεύγειν</span> <span class='ocrx_word' id='word_1_703' title='bbox 3603 3688 3805 3759; x_wconf 81' lang='grc' dir='ltr'>βουλό-</span> 
     </span>
    </p>
   </div>
   <div class='ocr_carea' id='block_1_101' title="bbox 2213 3780 3803 3856">
    <p class='ocr_par' dir='ltr' id='par_1_101' title="bbox 2213 3780 3803 3856">
     <span class='ocr_line' id='line_1_101' title="bbox 2213 3780 3803 3856; baseline 0.001 -22"><span class='ocrx_word' id='word_1_704' title='bbox 2213 3798 2384 3853; x_wconf 89' lang='grc' dir='ltr'>μενοι,</span> <span class='ocrx_word' id='word_1_705' title='bbox 2454 3781 2533 3852; x_wconf 85' lang='grc' dir='ltr'>μὴ</span> <span class='ocrx_word' id='word_1_706' title='bbox 2562 3780 2850 3853; x_wconf 84' lang='grc' dir='ltr'>δυνάμενοι</span> <span class='ocrx_word' id='word_1_707' title='bbox 2895 3782 2975 3850; x_wconf 87' lang='grc' dir='ltr'><strong>δέ;</strong></span> <span class='ocrx_word' id='word_1_708' title='bbox 3014 3782 3310 3854; x_wconf 84' lang='grc' dir='ltr'>Ὀρῶντες,</span> <span class='ocrx_word' id='word_1_709' title='bbox 3352 3784 3496 3856; x_wconf 77' lang='grc' dir='ltr'>άπερ</span> <span class='ocrx_word' id='word_1_710' title='bbox 3540 3785 3803 3837; x_wconf 78' lang='grc' dir='ltr'>οὐδέποτε</span> 
     </span>
    </p>
   </div>
   <div class='ocr_carea' id='block_1_102' title="bbox 2210 3872 3801 3947">
    <p class='ocr_par' dir='ltr' id='par_1_102' title="bbox 2210 3872 3801 3947">
     <span class='ocr_line' id='line_1_102' title="bbox 2210 3872 3801 3947; baseline 0 -21"><span class='ocrx_word' id='word_1_711' title='bbox 2210 3873 2511 3945; x_wconf 77' lang='grc' dir='ltr'>ἑωράκασι,</span> <span class='ocrx_word' id='word_1_712' title='bbox 2547 3872 2646 3928; x_wconf 74' lang='grc' dir='ltr'>καὶ</span> <span class='ocrx_word' id='word_1_713' title='bbox 2690 3872 2991 3938; x_wconf 82' lang='grc' dir='ltr'>ἀκούοντες</span> <span class='ocrx_word' id='word_1_714' title='bbox 3045 3874 3152 3928; x_wconf 81' lang='grc' dir='ltr'>ὑπὸ</span> <span class='ocrx_word' id='word_1_715' title='bbox 3194 3875 3305 3929; x_wconf 81' lang='grc' dir='ltr'><strong>τῶν</strong></span> <span class='ocrx_word' id='word_1_716' title='bbox 3353 3875 3467 3947; x_wconf 71' lang='grc'>(24)</span> <span class='ocrx_word' id='word_1_717' title='bbox 3518 3876 3801 3941; x_wconf 73' lang='grc' dir='ltr'>ἐξουσιῶν,</span> 
     </span>
    </p>
   </div>
   <div class='ocr_carea' id='block_1_103' title="bbox 2210 3964 3802 4041">
    <p class='ocr_par' dir='ltr' id='par_1_103' title="bbox 2210 3964 3802 4041">
     <span class='ocr_line' id='line_1_103' title="bbox 2210 3964 3802 4041; baseline 0 -20"><span class='ocrx_word' id='word_1_718' title='bbox 2210 3966 2357 4037; x_wconf 76' lang='grc' dir='ltr'>άπερ</span> <span class='ocrx_word' id='word_1_719' title='bbox 2404 3964 2661 4020; x_wconf 80' lang='grc' dir='ltr'>οὐδέποτε</span> <span class='ocrx_word' id='word_1_720' title='bbox 2698 3966 2964 4038; x_wconf 75' lang='grc' dir='ltr'>ἥκουσαν,</span> <span class='ocrx_word' id='word_1_721' title='bbox 2991 3968 3087 4022; x_wconf 76' lang='grc' dir='ltr'><strong>καὶ</strong></span> <span class='ocrx_word' id='word_1_722' title='bbox 3127 3967 3396 4038; x_wconf 82' lang='grc' dir='ltr'>πάχοντες</span> <span class='ocrx_word' id='word_1_723' title='bbox 3428 3964 3802 4041; x_wconf 70' lang='grc' dir='ltr'>[πάσχοντεςῇ</span> 
     </span>
    </p>
   </div>
   <div class='ocr_carea' id='block_1_104' title="bbox 2210 4044 3802 4131">
    <p class='ocr_par' dir='ltr' id='par_1_104' title="bbox 2210 4044 3802 4131">
     <span class='ocr_line' id='line_1_104' title="bbox 2210 4044 3802 4131; baseline -0.001 -19"><span class='ocrx_word' id='word_1_724' title='bbox 2210 4058 2354 4129; x_wconf 72' lang='grc' dir='ltr'>άπερ</span> <span class='ocrx_word' id='word_1_725' title='bbox 2401 4058 2524 4112; x_wconf 76' lang='grc' dir='ltr'>οὐδέ</span> <span class='ocrx_word' id='word_1_726' title='bbox 2591 4075 2722 4111; x_wconf 86' lang='grc' dir='ltr'>ποτε</span> <span class='ocrx_word' id='word_1_727' title='bbox 2771 4056 2997 4112; x_wconf 71' lang='grc' dir='ltr'>ἔπαθον.</span> <span class='ocrx_word' id='word_1_728' title='bbox 3033 4044 3333 4131; x_wconf 75' lang='grc' dir='ltr'>Ζητοῦντες</span> <span class='ocrx_word' id='word_1_729' title='bbox 3364 4060 3455 4114; x_wconf 72' lang='grc' dir='ltr'><strong>τὸν</strong></span> <span class='ocrx_word' id='word_1_730' title='bbox 3503 4060 3802 4131; x_wconf 77' lang='grc' dir='ltr'>ῥυόμενον,</span> 
     </span>
    </p>
   </div>
   <div class='ocr_carea' id='block_1_105' title="bbox 2210 4149 3732 4223">
    <p class='ocr_par' dir='ltr' id='par_1_105' title="bbox 2210 4149 3732 4223">
     <span class='ocr_line' id='line_1_105' title="bbox 2210 4149 3732 4223; baseline 0.001 -19"><span class='ocrx_word' id='word_1_731' title='bbox 2210 4149 2503 4223; x_wconf 76' lang='grc' dir='ltr'>ζητοῦντες</span> <span class='ocrx_word' id='word_1_732' title='bbox 2522 4150 2615 4207; x_wconf 84' lang='grc' dir='ltr'><strong>τὸν</strong></span> <span class='ocrx_word' id='word_1_733' title='bbox 2639 4149 3090 4223; x_wconf 74' lang='grc' dir='ltr'>παρακαλοῦντα,</span> <span class='ocrx_word' id='word_1_734' title='bbox 3126 4152 3222 4205; x_wconf 74' lang='grc' dir='ltr'><strong>καὶ</strong></span> <span class='ocrx_word' id='word_1_735' title='bbox 3244 4151 3418 4215; x_wconf 74' lang='grc' dir='ltr'>οὐδεὶς</span> <span class='ocrx_word' id='word_1_736' title='bbox 3441 4153 3469 4205; x_wconf 82' lang='grc' dir='ltr'>ὁ</span> <span class='ocrx_word' id='word_1_737' title='bbox 3492 4152 3732 4223; x_wconf 88' lang='grc' dir='ltr'>τολμῶν.</span> 
     </span>
    </p>
   </div>
   <div class='ocr_carea' id='block_1_106' title="bbox 2283 4243 3804 4317">
    <p class='ocr_par' dir='ltr' id='par_1_106' title="bbox 2283 4243 3804 4317">
     <span class='ocr_line' id='line_1_106' title="bbox 2283 4243 3804 4317; baseline -0.001 -19"><span class='ocrx_word' id='word_1_738' title='bbox 2283 4243 2392 4309; x_wconf 82' lang='grc' dir='ltr'>Οὓς</span> <span class='ocrx_word' id='word_1_739' title='bbox 2434 4244 2773 4315; x_wconf 82' lang='grc' dir='ltr'>θεωροῦντες</span> <span class='ocrx_word' id='word_1_740' title='bbox 2802 4247 2966 4316; x_wconf 79' lang='grc' dir='ltr'>ἡμεῖς</span> <span class='ocrx_word' id='word_1_741' title='bbox 3012 4246 3135 4299; x_wconf 90' lang='grc' dir='ltr'>τότε</span> <span class='ocrx_word' id='word_1_742' title='bbox 3166 4245 3467 4317; x_wconf 86' lang='grc' dir='ltr'>τρέμομεν,</span> <span class='ocrx_word' id='word_1_743' title='bbox 3496 4244 3593 4300; x_wconf 81' lang='grc' dir='ltr'>καὶ</span> <span class='ocrx_word' id='word_1_744' title='bbox 3622 4243 3804 4299; x_wconf 81' lang='grc' dir='ltr'>κλαίο-</span> 
     </span>
    </p>
   </div>
   <div class='ocr_carea' id='block_1_107' title="bbox 2215 4338 3806 4412">
    <p class='ocr_par' dir='ltr' id='par_1_107' title="bbox 2215 4338 3806 4412">
     <span class='ocr_line' id='line_1_107' title="bbox 2215 4338 3806 4412; baseline 0 -20"><span class='ocrx_word' id='word_1_745' title='bbox 2215 4355 2336 4410; x_wconf 74' lang='grc' dir='ltr'>μεν,</span> <span class='ocrx_word' id='word_1_746' title='bbox 2363 4339 2459 4393; x_wconf 77' lang='grc' dir='ltr'><strong>καὶ</strong></span> <span class='ocrx_word' id='word_1_747' title='bbox 2496 4339 2830 4412; x_wconf 83' lang='grc' dir='ltr'>κρατοῦντες</span> <span class='ocrx_word' id='word_1_748' title='bbox 2862 4339 3041 4394; x_wconf 81' lang='grc' dir='ltr'>αὐτῶν</span> <span class='ocrx_word' id='word_1_749' title='bbox 3098 4340 3198 4403; x_wconf 83' lang='grc' dir='ltr'>τὰς</span> <span class='ocrx_word' id='word_1_750' title='bbox 3232 4342 3423 4411; x_wconf 89' lang='grc' dir='ltr'>χεῖρας</span> <span class='ocrx_word' id='word_1_751' title='bbox 3456 4338 3573 4411; x_wconf 83' lang='grc'>(25)</span> <span class='ocrx_word' id='word_1_752' title='bbox 3618 4340 3806 4392; x_wconf 76' lang='grc' dir='ltr'>ἀσπαο</span> 
     </span>
    </p>
   </div>
   <div class='ocr_carea' id='block_1_108' title="bbox 2214 4430 3804 4503">
    <p class='ocr_par' dir='ltr' id='par_1_108' title="bbox 2214 4430 3804 4503">
     <span class='ocr_line' id='line_1_108' title="bbox 2214 4430 3804 4503; baseline -0.001 -20"><span class='ocrx_word' id='word_1_753' title='bbox 2214 4431 2454 4498; x_wconf 79' lang='grc' dir='ltr'>ςόμενοι,</span> <span class='ocrx_word' id='word_1_754' title='bbox 2504 4433 2623 4496; x_wconf 84' lang='grc' dir='ltr'>τοῖς</span> <span class='ocrx_word' id='word_1_755' title='bbox 2665 4432 2896 4501; x_wconf 84' lang='grc' dir='ltr'>δάκρυσι</span> <span class='ocrx_word' id='word_1_756' title='bbox 2933 4431 3227 4503; x_wconf 84' lang='grc' dir='ltr'>βρέχομεν,</span> <span class='ocrx_word' id='word_1_757' title='bbox 3280 4432 3662 4501; x_wconf 84' lang='grc' dir='ltr'>ἀπαλείφομεν</span> <span class='ocrx_word' id='word_1_758' title='bbox 3712 4430 3804 4482; x_wconf 80' lang='grc' dir='ltr'><strong>τὸν</strong></span> 
     </span>
    </p>
   </div>
   <div class='ocr_carea' id='block_1_109' title="bbox 2217 4520 3803 4595">
    <p class='ocr_par' dir='ltr' id='par_1_109' title="bbox 2217 4520 3803 4595">
     <span class='ocr_line' id='line_1_109' title="bbox 2217 4520 3803 4595; baseline 0 -22"><span class='ocrx_word' id='word_1_759' title='bbox 2217 4521 2417 4593; x_wconf 81' lang='grc' dir='ltr'>ἱδρῶτα</span> <span class='ocrx_word' id='word_1_760' title='bbox 2446 4520 2540 4576; x_wconf 85' lang='grc' dir='ltr'>τοῦ</span> <span class='ocrx_word' id='word_1_761' title='bbox 2572 4522 2868 4594; x_wconf 83' lang='grc' dir='ltr'>προσώπου</span> <span class='ocrx_word' id='word_1_762' title='bbox 2901 4524 3102 4589; x_wconf 86' lang='grc' dir='ltr'>αὐτῶν,</span> <span class='ocrx_word' id='word_1_763' title='bbox 3133 4525 3487 4595; x_wconf 83' lang='grc' dir='ltr'>έκμάσσομεν</span> <span class='ocrx_word' id='word_1_764' title='bbox 3517 4524 3645 4587; x_wconf 71' lang='grc' dir='ltr'>τοὺς</span> <span class='ocrx_word' id='word_1_765' title='bbox 3677 4521 3803 4574; x_wconf 83' lang='grc' dir='ltr'>τού-</span> 
     </span>
    </p>
   </div>
   <div class='ocr_carea' id='block_1_110' title="bbox 2216 4614 3802 4688">
    <p class='ocr_par' dir='ltr' id='par_1_110' title="bbox 2216 4614 3802 4688">
     <span class='ocr_line' id='line_1_110' title="bbox 2216 4614 3802 4688; baseline -0.001 -21"><span class='ocrx_word' id='word_1_766' title='bbox 2216 4631 2327 4668; x_wconf 77' lang='grc' dir='ltr'><strong>των</strong></span> <span class='ocrx_word' id='word_1_767' title='bbox 2359 4614 2675 4686; x_wconf 74' lang='grc' dir='ltr'>ὀφθαλμοὺς</span> <span class='ocrx_word' id='word_1_768' title='bbox 2721 4618 2821 4687; x_wconf 83' lang='grc' dir='ltr'><strong>τὴν</strong></span> <span class='ocrx_word' id='word_1_769' title='bbox 2868 4616 3123 4686; x_wconf 88' lang='grc' dir='ltr'>γλῶσσαν</span> <span class='ocrx_word' id='word_1_770' title='bbox 3170 4616 3515 4688; x_wconf 82' lang='grc' dir='ltr'>φλεγομένην</span> <span class='ocrx_word' id='word_1_771' title='bbox 3554 4614 3802 4687; x_wconf 79' lang='grc' dir='ltr'>δροσίζο-</span> 
     </span>
    </p>
   </div>
   <div class='ocr_carea' id='block_1_111' title="bbox 2222 4701 3802 4785">
    <p class='ocr_par' dir='ltr' id='par_1_111' title="bbox 2222 4701 3802 4785">
     <span class='ocr_line' id='line_1_111' title="bbox 2222 4701 3802 4785; baseline 0 -28"><span class='ocrx_word' id='word_1_772' title='bbox 2222 4722 2323 4777; x_wconf 87' lang='grc' dir='ltr'><strong>μεν</strong></span> <span class='ocrx_word' id='word_1_773' title='bbox 2355 4705 2467 4785; x_wconf 72' lang='lat'><strong>(26)</strong></span> <span class='ocrx_word' id='word_1_774' title='bbox 2500 4703 2686 4774; x_wconf 80' lang='grc' dir='ltr'>ὕδατι,</span> <span class='ocrx_word' id='word_1_775' title='bbox 2709 4705 2772 4758; x_wconf 82' lang='grc' dir='ltr'><strong>τὸ</strong></span> <span class='ocrx_word' id='word_1_776' title='bbox 2800 4701 2897 4770; x_wconf 79' lang='grc' dir='ltr'><strong>οὖς</strong></span> <span class='ocrx_word' id='word_1_777' title='bbox 2940 4706 3097 4778; x_wconf 76' lang='grc' dir='ltr'>ἡμῶν</span> <span class='ocrx_word' id='word_1_778' title='bbox 3151 4707 3563 4778; x_wconf 88' lang='grc' dir='ltr'>προστιθέντες,</span> <span class='ocrx_word' id='word_1_779' title='bbox 3596 4707 3683 4759; x_wconf 83' lang='grc' dir='ltr'>ἵνα</span> <span class='ocrx_word' id='word_1_780' title='bbox 3712 4705 3802 4758; x_wconf 81' lang='grc' dir='ltr'><strong>τὸν</strong></span> 
     </span>
    </p>
   </div>
   <div class='ocr_carea' id='block_1_112' title="bbox 2217 4793 3801 4871">
    <p class='ocr_par' dir='ltr' id='par_1_112' title="bbox 2217 4793 3801 4871">
     <span class='ocr_line' id='line_1_112' title="bbox 2217 4793 3801 4871; baseline -0.004 -17"><span class='ocrx_word' id='word_1_781' title='bbox 2217 4799 2484 4871; x_wconf 78' lang='grc' dir='ltr'>ψελισμδν</span> <span class='ocrx_word' id='word_1_782' title='bbox 2502 4799 2614 4871; x_wconf 86' lang='grc'>(27)</span> <span class='ocrx_word' id='word_1_783' title='bbox 2642 4798 2752 4853; x_wconf 90' lang='grc' dir='ltr'><strong>τῶν</strong></span> <span class='ocrx_word' id='word_1_784' title='bbox 2781 4798 2961 4853; x_wconf 82' lang='grc' dir='ltr'>αὐτῶν</span> <span class='ocrx_word' id='word_1_785' title='bbox 2987 4798 3315 4870; x_wconf 83' lang='grc' dir='ltr'>ἀκούσωμεν</span> <span class='ocrx_word' id='word_1_786' title='bbox 3347 4800 3637 4869; x_wconf 79' lang='grc' dir='ltr'>ῥημάτων.</span> <span class='ocrx_word' id='word_1_787' title='bbox 3666 4793 3801 4859; x_wconf 71' lang='grc' dir='ltr'>Εἶτα</span> 
     </span>
    </p>
   </div>
   <div class='ocr_carea' id='block_1_113' title="bbox 2220 4892 3790 4966">
    <p class='ocr_par' dir='ltr' id='par_1_113' title="bbox 2220 4892 3790 4966">
     <span class='ocr_line' id='line_1_113' title="bbox 2220 4892 3790 4966; baseline -0.002 -19"><span class='ocrx_word' id='word_1_788' title='bbox 2220 4892 2592 4966; x_wconf 80' lang='grc' dir='ltr'>ὲπερωτῶμεν</span> <span class='ocrx_word' id='word_1_789' title='bbox 2628 4892 2879 4963; x_wconf 84' lang='grc' dir='ltr'>λέγοντες</span> <span class='ocrx_word' id='word_1_790' title='bbox 2900 4934 2916 4962; x_wconf 84' lang='grc'><strong>,</strong></span> <span class='ocrx_word' id='word_1_791' title='bbox 2946 4892 3071 4957; x_wconf 86' lang='grc' dir='ltr'>Πῶς</span> <span class='ocrx_word' id='word_1_792' title='bbox 3100 4892 3317 4964; x_wconf 86' lang='grc' dir='ltr'>βλέπεις</span> <span class='ocrx_word' id='word_1_793' title='bbox 3346 4892 3573 4947; x_wconf 82' lang='grc' dir='ltr'>σεαυτὸν</span> <span class='ocrx_word' id='word_1_794' title='bbox 3620 4892 3743 4966; x_wconf 80' lang='grc' dir='ltr'>ἄρτι</span> <span class='ocrx_word' id='word_1_795' title='bbox 3772 4906 3790 4957; x_wconf 85' lang='grc'><strong>;</strong></span> 
     </span>
    </p>
   </div>
   <div class='ocr_carea' id='block_1_114' title="bbox 2217 5049 2524 5105">
    <p class='ocr_par' dir='ltr' id='par_1_114' title="bbox 2217 5049 2524 5105">
     <span class='ocr_line' id='line_1_114' title="bbox 2217 5049 2524 5105; baseline 0.007 -3"><span class='ocrx_word' id='word_1_796' title='bbox 2217 5049 2524 5105; x_wconf 72' lang='grc' dir='ltr'>ὲπίσταταις</span> 
     </span>
    </p>
   </div>
   <div class='ocr_carea' id='block_1_115' title="bbox 2287 5118 3462 5190">
    <p class='ocr_par' dir='ltr' id='par_1_115' title="bbox 2287 5118 3462 5190">
     <span class='ocr_line' id='line_1_115' title="bbox 2287 5118 3462 5190; baseline -0.002 -15"><span class='ocrx_word' id='word_1_797' title='bbox 2287 5121 2397 5190; x_wconf 87' lang='grc'>(21)</span> <span class='ocrx_word' id='word_1_798' title='bbox 2426 5119 2858 5190; x_wconf 73' lang='grc' dir='ltr'>Πρω-λαϐόντες.</span> <span class='ocrx_word' id='word_1_799' title='bbox 2890 5119 2951 5176; x_wconf 90' lang='lat' dir='ltr'><strong>Id</strong></span> <span class='ocrx_word' id='word_1_800' title='bbox 2988 5127 3093 5185; x_wconf 88' lang='lat' dir='ltr'><strong>est,</strong></span> <span class='ocrx_word' id='word_1_801' title='bbox 3133 5118 3462 5190; x_wconf 82' lang='grc' dir='ltr'>φθάσαντες.</span> 
     </span>
    </p>
   </div>
   <div class='ocr_carea' id='block_1_116' title="bbox 2307 5192 3461 5259">
    <p class='ocr_par' dir='ltr' id='par_1_116' title="bbox 2307 5192 3461 5259">
     <span class='ocr_line' id='line_1_116' title="bbox 2307 5192 3461 5259; baseline -0.003 -13"><span class='ocrx_word' id='word_1_802' title='bbox 2307 5192 2398 5259; x_wconf 89' lang='grc'><strong>22)</strong></span> <span class='ocrx_word' id='word_1_803' title='bbox 2442 5192 2811 5259; x_wconf 78' lang='grc' dir='ltr'>Ἀνέχονται.</span> <span class='ocrx_word' id='word_1_804' title='bbox 2846 5192 3099 5247; x_wconf 86' lang='lat' dir='ltr'><strong>Manibus</strong></span> <span class='ocrx_word' id='word_1_805' title='bbox 3138 5192 3461 5245; x_wconf 89' lang='lat' dir='ltr'><strong>astantium.</strong></span> 
     </span>
    </p>
   </div>
   <div class='ocr_carea' id='block_1_117' title="bbox 2273 5192 3799 5387">
    <p class='ocr_par' dir='ltr' id='par_1_117' title="bbox 2273 5192 3799 5387">
     <span class='ocr_line' id='line_1_117' title="bbox 2307 5192 3461 5263; baseline -0.003 -17"><span class='ocrx_word' id='word_1_806' title='bbox 2307 5192 2398 5263; x_wconf 83' lang='lat'><strong>22)</strong></span> <span class='ocrx_word' id='word_1_807' title='bbox 2442 5192 2811 5259; x_wconf 78' lang='grc' dir='ltr'>Ἀνέχονται.</span> <span class='ocrx_word' id='word_1_808' title='bbox 2846 5192 3099 5247; x_wconf 86' lang='lat' dir='ltr'><strong>Manibus</strong></span> <span class='ocrx_word' id='word_1_809' title='bbox 3138 5192 3461 5245; x_wconf 89' lang='lat' dir='ltr'><strong>astantium.</strong></span> 
     </span>
     <span class='ocr_line' id='line_1_118' title="bbox 2273 5192 3799 5387; baseline -0.003 -70"><span class='ocrx_word' id='word_1_810' title='bbox 2273 5192 2395 5387; x_wconf 49' lang='grc' dir='ltr'><strong>ἐξ)</strong></span> <span class='ocrx_word' id='word_1_811' title='bbox 2444 5261 2542 5329; x_wconf 87' lang='grc' dir='ltr'>Ὧς</span> <span class='ocrx_word' id='word_1_812' title='bbox 2572 5266 2626 5317; x_wconf 81' lang='grc' dir='ltr'><strong>οι</strong></span> <span class='ocrx_word' id='word_1_813' title='bbox 2653 5261 2724 5316; x_wconf 77' lang='grc' dir='ltr'>ἐν</span> <span class='ocrx_word' id='word_1_814' title='bbox 2755 5261 2917 5334; x_wconf 74' lang='grc' dir='ltr'>ἀγρῷ</span> <span class='ocrx_word' id='word_1_815' title='bbox 2949 5263 3236 5331; x_wconf 83' lang='grc' dir='ltr'>θερισταί.</span> <span class='ocrx_word' id='word_1_816' title='bbox 3261 5260 3560 5331; x_wconf 84' lang='lat' dir='ltr'><strong>Aptissima</strong></span> <span class='ocrx_word' id='word_1_817' title='bbox 3606 5257 3799 5314; x_wconf 86' lang='lat' dir='ltr'><strong>simili-</strong></span> 
     </span>
    </p>
   </div>
   <div class='ocr_carea' id='block_1_118' title="bbox 2210 5340 3782 5473">
    <p class='ocr_par' dir='ltr' id='par_1_118' title="bbox 2210 5340 3782 5473">
     <span class='ocr_line' id='line_1_119' title="bbox 2210 5340 3782 5473; baseline -0.006 -3"><span class='ocrx_word' id='word_1_818' title='bbox 2210 5340 2392 5473; x_wconf 54' lang='grc' dir='ltr'><strong>ωῗὲλ)</strong></span> <span class='ocrx_word' id='word_1_819' title='bbox 2421 5402 2764 5469; x_wconf 77' lang='grc' dir='ltr'>Ἐξουσιῶν.</span> <span class='ocrx_word' id='word_1_820' title='bbox 2788 5403 3022 5459; x_wconf 89' lang='lat' dir='ltr'><strong>Easdem</strong></span> <span class='ocrx_word' id='word_1_821' title='bbox 3054 5419 3203 5467; x_wconf 81' lang='lat' dir='ltr'><strong>mox,</strong></span> <span class='ocrx_word' id='word_1_822' title='bbox 3227 5403 3286 5457; x_wconf 88' lang='lat' dir='ltr'><strong>ni</strong></span> <span class='ocrx_word' id='word_1_823' title='bbox 3309 5402 3492 5468; x_wconf 78' lang='lat' dir='ltr'><strong>fallor,</strong></span> <span class='ocrx_word' id='word_1_824' title='bbox 3521 5400 3782 5470; x_wconf 77' lang='grc' dir='ltr'>δυνάμεις</span> 
     </span>
    </p>
   </div>
   <div class='ocr_carea' id='block_1_119' title="bbox 2212 5473 3448 5598">
    <p class='ocr_par' dir='ltr' id='par_1_119' title="bbox 2212 5473 3448 5598">
     <span class='ocr_line' id='line_1_120' title="bbox 2212 5473 3218 5598; baseline -0.002 -69"><span class='ocrx_word' id='word_1_825' title='bbox 2212 5474 2561 5539; x_wconf 84' lang='grc' dir='ltr'>δεσποτικὰς,</span> <span class='ocrx_word' id='word_1_826' title='bbox 2594 5482 2651 5529; x_wconf 90' lang='lat' dir='ltr'><strong>et</strong></span> <span class='ocrx_word' id='word_1_827' title='bbox 2664 5473 2919 5598; x_wconf 45' lang='grc' dir='ltr'>ἐφοϐερὰς</span> <span class='ocrx_word' id='word_1_828' title='bbox 2955 5474 3218 5545; x_wconf 85' lang='lat' dir='ltr'><strong>appellat.</strong></span> 
     </span>
     <span class='ocr_line' id='line_1_121' title="bbox 2284 5543 3448 5598; baseline 0 0"><span class='ocrx_word' id='word_1_829' title='bbox 2284 5546 2397 5598; x_wconf 83' lang='grc'>(25)</span> <span class='ocrx_word' id='word_1_830' title='bbox 2443 5545 2662 5598; x_wconf 77' lang='grc' dir='ltr'>Ἀσπαζ</span> <span class='ocrx_word' id='word_1_831' title='bbox 2699 5563 2885 5598; x_wconf 80' lang='grc' dir='ltr'>ιιενοι.</span> <span class='ocrx_word' id='word_1_832' title='bbox 2912 5545 3097 5598; x_wconf 88' lang='lat' dir='ltr'><strong>Forte.</strong></span> <span class='ocrx_word' id='word_1_833' title='bbox 3129 5547 3223 5597; x_wconf 74' lang='grc' dir='ltr'><strong>καὶ</strong></span> <span class='ocrx_word' id='word_1_834' title='bbox 3262 5543 3448 5598; x_wconf 74' lang='grc' dir='ltr'>ἀσπαζ</span> 
     </span>
    </p>
   </div>
   <div class='ocr_carea' id='block_1_120' title="bbox 2306 5542 3655 5625">
    <p class='ocr_par' dir='ltr' id='par_1_120' title="bbox 2306 5542 3655 5625">
     <span class='ocr_line' id='line_1_122' title="bbox 2306 5542 3655 5625; baseline -0.001 -26"><span class='ocrx_word' id='word_1_835' title='bbox 2306 5546 2397 5625; x_wconf 58' lang='grc' dir='ltr'><strong>ἓξ)</strong></span> <span class='ocrx_word' id='word_1_836' title='bbox 2443 5542 3097 5625; x_wconf 42' lang='grc' dir='ltr'>’ᾼσπαςόιιενὸιᾹ-Ὲοὶξθ,</span> <span class='ocrx_word' id='word_1_837' title='bbox 3129 5547 3223 5597; x_wconf 74' lang='grc' dir='ltr'><strong>καὶ</strong></span> <span class='ocrx_word' id='word_1_838' title='bbox 3262 5542 3655 5625; x_wconf 68' lang='grc' dir='ltr'>άσπαζόμενοι.</span> 
     </span>
    </p>
   </div>
   <div class='ocr_carea' id='block_1_121' title="bbox 2284 5546 3780 5698">
    <p class='ocr_par' dir='ltr' id='par_1_121' title="bbox 2284 5546 3780 5698">
     <span class='ocr_line' id='line_1_123' title="bbox 2306 5546 3655 5614; baseline -0.001 -16"><span class='ocrx_word' id='word_1_839' title='bbox 2306 5546 2376 5600; x_wconf 84' lang='grc'>25</span> <span class='ocrx_word' id='word_1_840' title='bbox 2443 5546 2885 5613; x_wconf 77' lang='grc' dir='ltr'>ἈΟ-πιεζόμενοι.</span> <span class='ocrx_word' id='word_1_841' title='bbox 2912 5546 3097 5609; x_wconf 88' lang='lat' dir='ltr'><strong>Forte,</strong></span> <span class='ocrx_word' id='word_1_842' title='bbox 3129 5547 3223 5597; x_wconf 73' lang='grc' dir='ltr'><strong>καὶ</strong></span> <span class='ocrx_word' id='word_1_843' title='bbox 3262 5546 3655 5614; x_wconf 79' lang='grc' dir='ltr'>ἀσπαζόμενοι.</span> 
     </span>
     <span class='ocr_line' id='line_1_124' title="bbox 2284 5546 3780 5698; baseline -0.003 -26"><span class='ocrx_word' id='word_1_844' title='bbox 2284 5546 2812 5698; x_wconf 1' lang='grc' dir='ltr'><strong>(26)(Δροσίζρμεν,</strong></span> <span class='ocrx_word' id='word_1_845' title='bbox 2859 5616 3230 5698; x_wconf 52' lang='lat' dir='ltr'><strong>Sic_§nregor.</strong></span> <span class='ocrx_word' id='word_1_846' title='bbox 3275 5615 3535 5671; x_wconf 79' lang='lat' dir='ltr'><strong>Nazianz.</strong></span> <span class='ocrx_word' id='word_1_847' title='bbox 3584 5630 3637 5686; x_wconf 91' lang='lat' dir='ltr'><strong>p.</strong></span> <span class='ocrx_word' id='word_1_848' title='bbox 3684 5609 3780 5679; x_wconf 83' lang='lat'><strong>96,</strong></span> 
     </span>
    </p>
   </div>
   <div class='ocr_carea' id='block_1_122' title="bbox 2211 5686 3290 5829">
    <p class='ocr_par' dir='ltr' id='par_1_122' title="bbox 2211 5686 3290 5829">
     <span class='ocr_line' id='line_1_125' title="bbox 2211 5686 3081 5758; baseline 0 -17"><span class='ocrx_word' id='word_1_849' title='bbox 2211 5686 2348 5750; x_wconf 75' lang='lat'><strong>310;</strong></span> <span class='ocrx_word' id='word_1_850' title='bbox 2376 5686 2430 5741; x_wconf 85' lang='lat' dir='ltr'><strong>et</strong></span> <span class='ocrx_word' id='word_1_851' title='bbox 2470 5688 2625 5758; x_wconf 83' lang='lat' dir='ltr'><strong>Diog.</strong></span> <span class='ocrx_word' id='word_1_852' title='bbox 2655 5686 2837 5741; x_wconf 87' lang='lat' dir='ltr'><strong>Laert.</strong></span> <span class='ocrx_word' id='word_1_853' title='bbox 2864 5702 2919 5755; x_wconf 94' lang='lat' dir='ltr'><strong>p.</strong></span> <span class='ocrx_word' id='word_1_854' title='bbox 2957 5686 3081 5741; x_wconf 86' lang='grc'>189.</span> 
     </span>
     <span class='ocr_line' id='line_1_126' title="bbox 2286 5757 3290 5829; baseline 0.002 -19"><span class='ocrx_word' id='word_1_855' title='bbox 2286 5758 2399 5829; x_wconf 86' lang='lat'><strong>(27)</strong></span> <span class='ocrx_word' id='word_1_856' title='bbox 2438 5758 2768 5827; x_wconf 73' lang='grc' dir='ltr'>Ψελιινμόν.</span> <span class='ocrx_word' id='word_1_857' title='bbox 2801 5757 2937 5826; x_wconf 86' lang='lat' dir='ltr'><strong>lmo,</strong></span> <span class='ocrx_word' id='word_1_858' title='bbox 2970 5757 3290 5828; x_wconf 76' lang='grc' dir='ltr'>ψελλισμὸν.</span> 
     </span>
    </p>
   </div>
  </div>
