4072 6576
325 321 458 405 ita?

1484 328 1788 412 ,sEnmo
1830 338 1910 402 IN
1953 309 2416 410 DEFU‘NCTOS.

3452 342 3591 410 1198
3636 382 3639 388 ε

320 458 401 529 μὴ
450 454 644 526 φοϐοῦ,
678 453 871 527 βοηθεῖ
906 456 935 512 6
960 448 1113 520 θεὸς.
1161 450 1553 525 Φιλάνθρωπος
1584 454 1696 527 γάρ
1736 457 1908 509 ἐστιν.

2014 458 2192 516 mines
2221 459 2374 515 enim
2402 466 2570 516 amat.
2604 456 2731 517 Haec
2748 456 2820 517 ad
2846 472 2978 516 eum
3006 456 3269 526 dicimus,
3304 465 3365 516 et
3393 469 3590 530 pectus

314 548 503 604 ταῦτα
536 547 675 619 πρὸς
721 548 888 603 αὐτὸν
914 547 1173 619 λέγομεν,
1213 546 1311 602 καὶ
1349 548 1418 603 τὰ
1452 546 1624 618 στήθη
1656 548 1773 611 τοῖς
1816 545 1909 600 δά-

316 651 485 713 κρυσι
538 639 829 711 βρέχομεν,
884 641 980 694 καὶ
1031 640 1133 713 τὴν
1182 638 1413 712 καρδίαν
1451 632 1904 710 κατακαιόμεθα,

317 733 413 787 καὶ
459 732 560 786 οὐκ
589 730 706 785 ἔστι
737 725 871 804 παρ’
905 730 1065 803 ήμῶν
1112 730 1241 787 τότε
1293 729 1435 800 ἔρως
1470 724 1712 801 πονηρὸς
1739 768 1754 794 ,
1786 727 1910 782 οὐδὲ

316 824 617 895 χρημάτων
649 823 874 893 φροντὶς
898 861 914 887 ,
965 822 1088 877 οὐδὲ
1133 821 1445 894 βρωμάτων
1495 820 1758 893 μέριμνα,
1791 810 1909 873 ἀλλ’

315 914 537 985 ὁρῶμεν
564 913 628 968 τὸ
656 914 804 984 μέγα
824 914 921 967 κα)⁸
948 908 1184 987 φοϐερὸν
1202 912 1298 967 τοῦ
1321 911 1559 967 θανάτου
1586 912 1907 984 μυστήριον,

317 1005 417 1060 καὶ
437 1004 739 1076 τρέμὸμεν.
774 1004 886 1059 Καὶ
917 1004 1019 1069 τὰς
1062 1004 1310 1074 κεφαλὰς
1339 1003 1642 1068 κινοῦντες,
1678 1003 1911 1065 ἑαυτοὺς

316 1097 685 1168 ταλανίζομεν
710 1111 724 1125 ⁸
754 1096 891 1150 θύα).
922 1098 1058 1169 ἡμῖν
1089 1098 1310 1166 γέγονε,
1337 1097 1419 1161 εἱς
1461 1097 1596 1150 ποῖα
1644 1096 1790 1150 κακὰ
1821 1094 1911 1149 διὰ

316 1191 419 1257 τὴν
448 1188 738 1261 παρακοήν
770 1188 930 1260 ἡμῶν
955 1188 1325 1259 ὲνεπέσαμενι
1357 1190 1440 1252 είς
1468 1186 1633 1252 ποίας
1665 1186 1904 1258 θλίψειςιῐ

317 1279 367 1335 ὥ
400 1279 514 1351 βίος
548 1280 892 1351 ταλαίπωρος
920 1279 934 1334 i
961 1279 1039 1349 Γῆ
1085 1275 1156 1344 εἴ,
1200 1278 1296 1333 καὶ
1336 1279 1419 1343 είς
1452 1276 1558 1348 γῆν
1590 1274 1908 1331 ἀπελεύσει.

320 1373 390 1427 ’⁵ο
415 1372 724 1444 πικροτάτη
767 1372 1068 1443 ἀπόφασις,
1101 1374 1168 1444 ἦν
1207 1372 1384 1437 οὐδεὶς
1415 1369 1641 1425 δύναται
1673 1370 1701 1425 δ
1720 1370 1913 1443 ιαδρᾶ-

321 1484 438 1525 ναι.
471 1466 607 1521 Τότε
642 1466 671 1519 ὁ
722 1466 1205 1539 προπορευόμενος
1239 1467 1409 1521 πᾶσιν
1451 1466 1589 1537 ἡμῖν
1622 1482 1911 1520 κατασπαα

318 1548 551 1629 ζόμενος
577 1557 727 1627 λέγει
749 1574 763 1589 ·
804 1557 1112 1630 Ἔρρωσθε,
1137 1553 1360 1626 ἀδελφοί
1391 1574 1493 1628 μου
1524 1553 1702 1621 καλοὶ,
1733 1548 1911 1629 ἔρρω-

321 1649 438 1712 σθε,
473 1649 567 1702 καὶ
597 1648 739 1721 ὑπὲρ
768 1648 904 1720 ἐμοῦ
939 1652 1004 1721 τῇ
1036 1648 1159 1721 ὥρᾳ
1192 1646 1375 1722 ταύτῃ
1405 1644 1642 1712 ἐκτενῶς
1670 1640 1911 1721 προσεύ-

2009 550 2268 620 lacrymis
2301 550 2787 618 madefacimus,et
2812 551 2974 608 ardet
2991 566 3093 609 co:
3108 560 3383 609 nostrum.
3406 566 3590 623 neque

2014 650 2151 697 tunc
2192 650 2278 697 est
2311 641 2457 713 apud
2488 657 2589 699 nos
2620 658 2781 699 amor
2820 644 3021 711 malus,
3051 659 3236 714 neque
3269 643 3590 707 divitiarum

2008 732 2349 801 sollicitudo,
2380 749 2563 805 neque
2592 734 2845 791 ciborum
2880 751 3045 801 cura,
3066 737 3164 793 sed
3193 736 3448 792 videmus
3470 751 3590 790 ma-

2008 840 2177 895 gnum
2222 834 2280 881 et
2320 825 2955 884 formidandummortis
2994 829 3340 901 mysterium.
3365 838 3423 884 et
3450 843 3590 882 con-

2009 914 2381 970 tremiscimus
2402 931 2417 978 ;
2442 915 2795 985 etquatimus
2814 928 3001 988 caput;
3033 918 3312 974 miseriam
3342 925 3588 972 nostram

2009 996 2306 1060 dolemus:
2344 994 2435 1060 Vae
2483 1004 2680 1061 nobisl
2726 1006 2788 1061 In
2839 1007 3025 1077 qualia
3062 1008 3203 1063 mala
3245 1024 3344 1080 per
3388 1017 3590 1065 contu-

2010 1086 2244 1150 maciam
2274 1101 2521 1150 nostram
2553 1086 2882 1151 incidimus!
2908 1087 2968 1151 In
2994 1107 3235 1168 quantas
3279 1099 3593 1154 tribulatio-

2008 1187 2142 1242 nesl
2175 1185 2219 1242 Ο
2250 1187 2417 1241 vitam
2464 1178 2744 1244 infelicem
2772 1188 2786 1243 l
2824 1207 2842 1240 ι
2871 1178 3060 1245 Pulvis
3096 1206 3177 1253 es,
3211 1199 3265 1245 et
3301 1174 3359 1245 in
3392 1193 3591 1262 pulve-

2010 1293 2129 1333 rem
2182 1278 2548 1335 reverteris’.
2582 1298 2601 1331 ι
2664 1270 2708 1335 Ο
2761 1279 3181 1336 acerbissimam
3228 1283 3588 1347 sententiam,

2010 1385 2177 1440 quam
2212 1385 2379 1426 nemo
2408 1378 2591 1441 potest
2634 1360 2908 1442 ell‘ngerel
2949 1358 3106 1426 Tunc
3134 1372 3225 1442 qui
3276 1372 3438 1428 nobis
3473 1389 3594 1426 om-

2012 1465 2178 1520 nibus
2205 1464 2515 1535 przecessit,
2552 1465 2892 1536 ,completrus
2936 1456 3073 1520 dicit
3099 1481 3113 1518 :
3145 1450 3359 1533 Valete,
3390 1466 3594 1521 fratre;

2011 1555 2120 1611 mei
2156 1555 2367 1621 dilecti,
2415 1556 2618 1620 valete,
2662 1562 2721 1610 et
2766 1570 2893 1625 pro.
2923 1570 3011 1610 me
3066 1555 3291 1611 assiduo
3324 1556 3426 1611 hac
3454 1544 3593 1611 liora

2010 1647 2336 1719 precamini.
2371 1643 2525 1705 Viam
2577 1662 2727 1702 nunc
2776 1663 3028 1719 magnam
3069 1647 3289 1709 incedo.
3328 1648 3383 1703 in
3427 1665 3591 1720 quam

319 1738 473 1805 ξαθε.
513 1740 610 1803 Εἰς
640 1738 760 1793 ὁδὸν
790 1739 887 1794 νῦν
939 1741 1161 1813 μακρὰν
1190 1738 1523 1811 πορεύομαι,
1553 1740 1620 1812 ἢν
1651 1729 1912 1794 οὖδέποτε

2015 1741 2197 1813 reipsa
2241 1754 2528 1812 nunquam
2582 1740 2885 1807 ambulavi,
2916 1750 2973 1797 et
3008 1741 3064 1796 in
3108 1740 3393 1810 regionem
3445 1750 3596 1795 exte~

318 1802 490 1896 ῦντως
519 1831 770 1898 ἐϐάδισα,
802 1820 898 1886 καί
927 1802 1008 1897 είς
1044 1802 1233 1904 ἀώραν
1264 1802 1447 1904 ξένην,
1676 1831 1855 1896 οὐδεὶς
1882 1833 1912 1885 6

2015 1850 2153 1902 ram,
2189 1833 2285 1889 ubi
2343 1848 2511 1890 nemo
2562 1833 2659 1904 qui
2708 1849 2796 1889 me
2845 1841 3182 1903 cognoscat;
3214 1841 3270 1889 et
3304 1833 3360 1886 in
3394 1833 3593 1887 formi-

318 1917 607 1995 γνωρίζων
640 1942 709 1997 με
743 1941 758 1956 ·
795 1926 891 1979 καὶ
927 1926 1008 1989 εἰς
1037 1920 1245 1996 κόσμον
1290 1923 1546 1996 φοϐερὸν,
1577 1924 1701 1979 ὅθεν
1737 1924 1913 1989 οὐδεὶς

317 2015 654 2072 Ξπανέλυσεν
691 2030 707 2047 ·
744 2017 842 2071 καὶ
889 2015 971 2080 είς
1005 2016 1107 2086 τὴν
1142 2016 1428 2086 σκοτεινὴν
1460 2015 1597 2085 (28),
1625 2015 1761 2069 ὅπου
1808 2014 1911 2068 οὐκ

314 2100 458 2174 οῖδα,
501 2107 555 2162 τί
596 2108 907 2180 ἀπαντήσει
946 2122 1074 2179 μοι’
1133 2108 1229 2162 καὶ
1267 2108 1352 2172 είς
1382 2105 1519 2178 ᾅδην
1548 2105 1751 2178 βαθὺν,
1786 2105 1911 2161 ὅθεν

317 2199 496 2265 οὐδεὶς
551 2200 909 2272 ἀνελήλυθεν.

390 2291 596 2347 Λοιπὸν
652 2292 895 2358 σώζεσθε
920 2329 937 2358 ,
997 2291 1220 2363 ἀδελφοί
1287 2311 1388 2366 μου
1457 2294 1759 2366 αγαπητοὶ,
1809 2292 1912 2348 σώ-

320 2384 505 2450 ζεσθε.
554 2384 724 2458 Ἐμοῦ
754 2386 863 2457 γὰρ
896 2384 990 2439 τοῦ
1020 2384 1210 2439 λοιποῦ
1244 2386 1432 2441 οὐκέτι
1464 2386 1616 2440 ἐστὶν
1656 2385 1908 2455 ἀδελφός.

319 2473 591 2543 Σὼζεσθε,
631 2477 799 2547 φίλοιδ
846 2475 959 2548 ἐγὼ
981 2476 1091 2548 γὰρ
1124 2476 1311 2532 οὐκέτι
1344 2472 1523 2546 φίλος,
1562 2476 1700 2531 ἀλλά
1735 2469 1909 2542 ξένος.

319 2566 506 2632 Σώζου
552 2570 586 2641 ἡ
632 2567 773 2640 καλὴ
803 2568 1044 2640 συνῳδία
1074 2567 1209 2639 (29),
1257 2562 1377 2624 ἀλλ’
1424 2568 1610 2623 οὐκέτι
1655 2569 1911 2642 συνῳδία,

319 2659 460 2714 ἀλλὰ
515 2659 815 2733 θρηνῳδία.
870 2654 1142 2727 Σώζεσθε,
1195 2659 1245 2714 oi
1303 2664 1627 2730 συγγενεῖς,
1669 2652 1766 2716 νῦν
1813 2658 1912 2716 ἁλ-

316 2752 580 2822 λογενεῖς.
642 2752 952 2826 Ἔρρωσθε·
1015 2752 1236 2825 μικρὸν,
1310 2754 1405 2808 καὶ
1465 2752 1620 2807 δεῦτε
1672 2754 1913 2810 καταλάο

319 2844 447 2900 σετε
516 2844 649 2918 (50).
715 2846 1089 2917 Ἀναμένομεν
1132 2846 1277 2917 ὑμᾶς
1302 2884 1319 2912 ,
1390 2845 1478 2901 ἴνα
1534 2845 1727 2918 ἔλθητε
1774 2846 1916 2919 πρὸς

316 2938 492 3008 ἡμᾶς.
550 2936 743 3007 Ἡμεῖς
788 2936 898 3008 γὰρ
926 2935 1111 2990 οὐκέτι
1156 2936 1437 3009 ἐρχόμεθα
1484 2937 1624 3009 πρὸς
1661 2936 1828 3009 ὑμᾶς,
1861 2936 1918 2991 εί

316 3045 376 3082 τι
409 3029 739 3101 ἑωράκαμεν
760 3068 775 3094 ,
812 3027 1178 3101 ἑωράκαμεν,
1226 3028 1322 3082 καὶ
1369 3029 1423 3083 ετ
1453 3045 1507 3082 τι
1553 3028 1873 3103 ἐπράξαμεν
1896 3067 1912 3095 ,

2012 1924 2255 1982 dandum
2282 1924 2573 1992 mundum,
2600 1924 2748 1980 unde
2789 1940 2952 1980 nemo
2988 1941 3248 1981 reversus
3275 1935 3355 1979 est
3384 1942 3399 1989 ;
3434 1933 3489 1978 et
3537 1927 3591 1979 in

2012 2017 2367 2074 tenebrosam
2422 2026 2665 2083 noctem,
2694 2016 2789 2072 ubi
2835 2016 2969 2087 quid
3028 2017 3164 2072 mihi
3213 2017 3434 2072 obviam
3486 1998 3597 2070 erit

2012 2108 2228 2174 nescio;
2260 2119 2318 2163 et
2368 2107 2424 2163 in
2484 2106 2820 2179 profundum
2879 2106 3181 2174 infernum,
3231 2106 3380 2161 unde
3431 2118 3597 2161 nemo

2011 2199 2170 2255 exiit.

2084 2291 2383 2362 Reliquum
2421 2289 2733 2355 salvami'nl,
2770 2288 2975 2345 fratres
3025 2288 3133 2343 mei
3164 2286 3375 2353 dilecti,
3417 2288 3598 2343 salva-

2012 2384 2172 2440 mini.
2212 2383 2316 2439 Mei
2354 2383 2506 2440 enim
2538 2382 2738 2454 reliqui
2772 2396 2882 2438 non
2922 2370 3036 2453 jam
3067 2387 3151 2438 est
3176 2380 3387 2448 frater;
3416 2382 3596 2437 salva-

2012 2478 2174 2544 mini,
2203 2477 2387 2543 amici,
2405 2492 2507 2550 ego
2535 2476 2686 2532 enim
2711 2491 2821 2533 non
2842 2475 2955 2548 jam
2980 2475 3214 2541 amicas,
3239 2475 3336 2530 sed
3369 2466 3594 2547 bospes';

2014 2572 2261 2628 salvetur
2281 2572 2527 2642 optimus
2552 2578 2879 2636 concentus,
2898 2576 2954 2624 at
2984 2585 3094 2625 non
3123 2560 3236 2641 jam
3268 2577 3595 2625 concentus.

2014 2666 2111 2723 sed
2155 2664 2542 2736 comploratio.
2608 2660 2936 2728 Salvamini,
2972 2660 3400 2733 consanguinei,
3437 2677 3599 2716 nunc

2016 2753 2365 2830 alienigenae.
2418 2751 2635 2820 Valete,
2691 2755 2895 2820 valete,
2947 2754 3230 2809 modicum
3287 2761 3343 2807 et
3385 2750 3596 2814 venite,

2014 2847 2427 2919 consequimini
2474 2844 2528 2901 id
2573 2844 2720 2916 quod
2763 2860 2864 2900 vos
2909 2851 3116 2915 manet,
3150 2852 3211 2898 ut
3249 2841 3488 2899 veniatis
3529 2836 3599 2895 ad

2012 2951 2139 2995 nos.
2186 2937 2301 2993 Nos
2345 2936 2496 2993 enim
2535 2950 2649 2990 non
2693 2934 2808 3006 jam
2841 2934 3099 2989 venimus
3136 2931 3205 2987 ad
3229 2946 3350 2997 vos,
3386 2930 3430 2987 si
3464 2929 3600 3000 quid

2014 3031 2280 3098 vidimus,
2308 3029 2572 3094 vidimus,
2607 3036 2664 3084 et
2719 3027 2765 3084 si
2806 3026 2940 3098 quid
2997 3025 3356 3097 perfecimus,
3403 3010 3604 3095 rccipi-

320 3122 815 3193 ἀπολαμϐἀνομεν.
856 3121 972 3176 Νῦν
1002 3121 1056 3176 ετ
1075 3134 1130 3176 τι
1159 3118 1367 3191 ἀγαθὸν
1389 3120 1630 3195 ἔπραξα,
1656 3118 1788 3177 αὐτὸ
1816 3123 1912 3177 καὶ

2016 3141 2163 3181 mus.
2189 3125 2349 3181 Nunc
2373 3123 2421 3181 si
2448 3122 2581 3193 quid
2626 3120 2757 3177 boni
2789 3118 2917 3186 feci,
2950 3119 3054 3174 hoc
3082 3127 3138 3175 et
3166 3118 3417 3199 lucratus
3444 3116 3601 3178 sum:

319 3211 598 3285 ικέρδησα
620 3229 636 3244 ·
665 3212 761 3267 καὶ
789 3212 910 3268 είτι
938 3212 1294 3286 προέπεμψα,
1323 3214 1458 3269 αὐτὸ
1481 3215 1577 3269 καὶ
1603 3215 1914 3287 ἀπαντήσει

327 3320 444 3374 μοι.
489 3304 617 3360 Ἐάν
645 3322 769 3359 τινα
789 3304 1021 3376 ἠλέησα,
1058 3307 1126 3379 τῇ
1153 3305 1275 3379 ὥρᾳ
1303 3306 1479 3379 ταύτῃ
1513 3305 1772 3379 βοηθήσει
1799 3325 1913 3379 μοι,

317 3396 407 3451 δτι
438 3396 600 3467 στενή
640 3400 733 3467 μοι
758 3399 856 3452 καὶ
894 3397 1092 3469 βαρεῖα
1114 3398 1149 3470 ή
1179 3399 1435 3471 παροῦσα
1463 3398 1583 3471 ὥρα
1605 3399 1706 3470 τῆς
1734 3399 1918 3471 ψυχῆς

319 3486 468 3562 ὑπὲρ
497 3489 678 3544 πᾶσαν
694 3478 869 3560 ὥραν.
890 3489 976 3557 Ὢ,
1004 3489 1058 3544 τί
1093 3492 1308 3561 ποιήσω
1330 3493 1359 3545 6
1382 3490 1553 3555 τάλας
1573 3491 1917 3562 ςἈνέτοιμος

317 3578 435 3650 γὰρ
466 3580 579 3653 (⁸51)
611 3581 1108 3655 προκατελείφθην.
1163 3583 1426 3655 Σκοτεινή
1465 3601 1555 3656 μοι
1599 3586 1633 3651 ἠ
1663 3584 1919 3657 παροῦσα

318 3666 445 3737 νύξ.
472 3672 756 3742 Ἀκαρπος
798 3671 911 3743 γὰρ
953 3673 1246 3745 ἐξεκόπην.
1286 3674 1450 3728 Ἀλλὰ
1476 3674 1787 3747 δακρύσατέ
1825 3692 1917 3748 μοι

319 3761 542 3834 πικρῶς
575 3762 674 3817 καὶ
711 3763 1045 3837 θρηνήσατε.
1110 3766 1427 3837 Ἐλεήσατε,
1456 3763 1503 3821 ὥ
1549 3767 1715 3837 φίλοι,
1748 3768 1909 3840 ἐλεή-

312 3866 461 3909 σατε
498 3853 598 3909 καὶ
627 3853 959 3928 βοηθήσατε.
987 3856 1398 3931 Συμπαθήσατέ
1432 3874 1523 3929 μοι
1556 3859 1653 3913 καὶ
1678 3854 1917 3931 προσεύ-

320 3946 476 4013 eam,
502 3948 591 4003 ἵνα
613 3947 762 4021 εὕρω
790 3951 910 4004 ἐκεῖ
930 3951 1138 4023 μικρὰν
1156 3951 1373 4022 ἄφεσιν,
1398 3951 1487 4005 ἵνα
1508 3950 1661 4006 λάϐω
1721 3950 1918 4025 μικρὸν

320 4039 444 4093 ἐκεῖ
483 4038 657 4104 ἔλεος.
692 4040 770 4095 Οὑ
815 4041 969 4113 ζητῶ
1000 4043 1138 4097 πολὺ
1167 4044 1251 4097 ὅτι
1278 4043 1532 4115 ἥμαρτον
1561 4042 1721 4099 πολύ.
1755 4043 1918 4116 Οίμοι

318 4131 448 4195 πῶς
480 4132 719 4202 ὲμαυτδν
744 4133 1009 4206 ἠπάτησα
1035 4135 1049 4188 l
1098 4135 1226 4200 Πῶς
1254 4136 1493 4207 ἐμαυτὸν
1535 4136 1799 4205 ὲνέπαιξα
1829 4130 1918 4190 λέ-

322 4228 465 4290 γων,
495 4221 637 4287 Neo;
665 4222 785 4293 είμὶ
804 4224 907 4291 ἔτι,
956 4225 1099 4289 τέως
1145 4224 1441 4279 ἀπολαύσω
1484 4226 1595 4281 τῶν
1638 4225 1733 4279 τοῦ
1777 4225 1913 4297 βίου.

331 4314 802 4387 Ἐντρυφήσωτῷ
832 4317 1054 4389 κόσμῳ.
1081 4316 1420 4391 Θεραπεύσω
1457 4332 1561 4389 μου
1582 4320 1683 4391 τὴν
1711 4318 1912 4389 σάρκα,

319 4408 425 4465 καὶ
473 4409 533 4463 ὲν
573 4410 790 4481 ὑστέρῳ
830 4410 1098 4481 μετανοῶ.
1129 4410 1521 4482 Φιλάνθρωπος
1553 4410 1663 4483 γάρ
1697 4411 1847 4464 ἐστιν
1885 4410 1917 4461 6

316 4501 495 4570 Θεὸς.

318 4593 652 4666 καθημέραν
701 4594 799 4667 τήν
832 4594 1072 4667 ἐμαυτοῦ
1128 4594 1278 4667 ζωὴν
1337 4594 1525 4659 κακῶς
1568 4593 1910 4665 ὲδαπάνησα.

332 4686 749 4760 ἐδιδασκόμηνί
782 4688 877 4743 καὶ
914 4689 976 4743 ού
1006 4690 1299 4760 προσεῖχον
1333 4706 1349 4721 ·
1377 4686 1794 4760 ὲνουθετούμην,
1818 4687 1914 4742 καὶ

316 4778 672 4849 κατεγέλων·
712 4781 913 4853 ἢκουον
953 4780 1065 4835 τῶν
1110 4782 1371 4853 Γραφῶν,
1421 4781 1498 4845 ὥς
1534 4780 1611 4853 μὴ
1667 4778 1910 4835 ἀκούωνο

316 4870 524 4942 ἤκουον
575 4870 708 4943 περὶ
764 4872 1052 4946 κρίσεωςη
1081 4875 1176 4929 καὶ
1214 4871 1675 4946 ὲξεμυκτήριζοψ
1713 4869 1913 4945 ήκουον

317 4964 459 5036 περὶ
489 4942 745 5033 θανάτου,
779 4942 877 5021 καὶ
899 4966 977 5032 ὡς
1027 4942 1324 5031 ιῖίῦάνατος⁷
1348 4942 1655 5038 διεκείμην,
1690 4942 1788 5020 καὶ
1836 4965 1915 5029 ὡς

316 5055 548 5124 αἰώνιος
604 5060 999 5131 κατεφρόνουν.
1058 5061 1171 5115 Καὶ
1223 5060 1334 5116 ἰδοὺ
1359 5101 1376 5128 ,
1421 5058 1498 5123 ὥς
1543 5058 1914 5132 ἀμετανόητος

314 5149 571 5221 ὶφθάθην
623 5151 760 5224 (32),
790 5151 889 5207 καὶ
906 5152 1085 5217 οὐδεὶς
1129 5155 1159 5208 6
1186 5151 1578 5225 λυτρούμενος.
1626 5152 1758 5207 Ἰδοὺ
1797 5151 1915 5205 δέο-

407 5309 429 5339 ²
451 5307 588 5375 Gen.
619 5325 701 5378 ιιι,
737 5310 828 5367 ιθ.

398 5442 522 5531 (28),
566 5447 667 5512 Εις
708 5446 825 5531 τὴν
875 5447 1221 5531 σκοτεινήν.
1271 5439 1434 5531 Forte
1468 5447 1673 5531 exeidit
1700 5447 1896 5531 νύκξα,

317 5525 430 5600 aut
457 5518 662 5587 χώραν,
688 5526 750 5572 ut
784 5519 949 5588 paulo
980 5526 1130 5589 post,
1163 5520 1418 5590 σκοτεινή
1458 5534 1551 5588 μοι
1579 5520 1616 5591 ή
1642 5518 1902 5592 παροῦσα

317 5585 519 5737 νυξᾶθ)
541 5655 820 5737 Συνοᾷζα.
839 5657 929 5737 Ἐκ
949 5660 1220 5737 vocabulo
1249 5660 1554 5737 θρηνῳδίας
1578 5659 1757 5732 possit
1781 5660 1910 5737 quis

402 5674 517 5726 μυ)
541 5674 820 5711 ιυνοσια.
851 5674 929 5712 15X
949 5674 1220 5716 νοοαυιιιο
1249 5674 1278 5714 υ
1357 5674 1554 5732 νῳσιας
1578 5674 1757 5732 ροεειι
1822 5674 1904 5716 ιιιε

318 5726 673 5807 conSpieere,
707 5726 794 5781 bis
839 5728 945 5784 hoc
1000 5730 1122 5785 loco
1169 5678 1460 5803 legeiiiium
1493 5747 1616 5788 esse
1648 5674 1904 5802 συνέθευ.

321 5797 460 5851 Non
491 5811 674 5854 minus
707 5805 887 5853 tamen
930 5800 1218 5870 probabile
1249 5810 1336 5856 est
1362 5802 1599 5858 συνοδία.

2017 3226 2075 3275 et
2095 3218 2141 3274 si
2169 3215 2305 3289 quid
2336 3214 2602 3288 pmmisi,
2635 3214 2743 3271 hoc
2774 3223 2833 3269 et
2865 3211 3000 3268 mihi
3024 3211 3133 3268 erit
3166 3210 3415 3266 Obvium.
3458 3211 3528 3266 Et
3556 3210 3603 3265 si

2014 3325 2182 3381 quem
2213 3310 2513 3365 miseratus
2529 3322 2675 3374 sum,
2706 3305 2913 3362 is'hor‘a
2938 3295 3029 3360 illa
3059 3302 3422 3358 auxiliabitur
3442 3301 3602 3365 mihi,

2015 3401 2147 3474 quia
2177 3408 2412 3473 angusta
2446 3400 2583 3455 mihi
2612 3408 2669 3456 et
2716 3396 2900 3471 gravis
2942 3398 3192 3467 praesens
3225 3388 3363 3449 hora
3405 3392 3604 3447 anima:

2014 3507 2184 3565 super
2209 3507 2432 3548 omnem
2460 3491 2677 3547 horam.
2710 3483 2855 3556 Quid
2879 3486 3077 3543 faciam
3107 3480 3328 3541 infelix!
3359 3476 3603 3554 Impara‘

2017 3594 2109 3641 tus
2135 3584 2288 3641 enim
2322 3590 2625 3655 oppressus
2664 3585 2810 3637 sum.
2837 3570 3160 3635 Tenebrosa
3190 3575 3327 3632 mihi
3359 3590 3605 3647 przesens

2015 3686 2165 3744 nox;
2199 3680 2323 3733 sine
2350 3678 2539 3732 fructu
2566 3674 2720 3732 enim
2748 3673 2977 3729 avulsus
2995 3687 3138 3728 sum.
3166 3670 3275 3727 Sed
3305 3666 3605 3740 lacrymate

2017 3786 2187 3842 super
2219 3776 2307 3824 me
2337 3776 2546 3832 amare,
2578 3773 2636 3823 et
2659 3766 2865 3837 lugete.
2897 3759 3466 3832 Miseremini,amici,
3503 3762 3607 3817 mi-

2017 3861 2282 3918 seremini
2316 3869 2374 3916 et
2400 3855 2774 3914 autiliamini.
2804 3854 3201 3927 Compatimini
3231 3855 3367 3911 mihi
3394 3864 3450 3911 et
3473 3869 3603 3925 pre-

2017 3951 2241 4016 camlnl,
2268 3950 2330 4006 ut
2360 3943 2437 4005 ibi
2484 3949 2769 4005 inveniam
2821 3958 3047 4019 parvam
3088 3947 3516 4027 absolutionem,
3543 3950 3607 4001 iit

2016 4042 2285 4114 accipiam
2322 4041 2399 4097 ibi
2450 4043 2680 4113 parvam
2730 4039 3197 4119 misericordiam.
3246 4039 3368 4095 Non
3416 4045 3606 4110 quaero

2017 4135 2251 4190 multum
2283 4134 2413 4205 quia
2444 4133 2676 4188 multum
2700 4132 2947 4205 peccavi.
2974 4131 3129 4187 Eheu
3156 4135 3317 4202 quam
3334 4130 3604 4205 mcipsum

2017 4226 2242 4298 decepi!
2280 4203 2456 4293 Quam
2480 4227 2569 4279 ‘me
2599 4203 2777 4294 ipsum
2813 4219 3098 4277 ludificavi
3143 4218 3336 4277 dicens
3365 4236 3377 4271 :
3408 4203 3608 4274 iunior

2016 4328 2139 4375 sum
2191 4316 2395 4381 adhuc,
2450 4310 2766 4387 usquedum
2806 4315 2934 4370 vita:
2978 4311 3145 4369 bonis
3190 4312 3364 4368 fruar.
3415 4298 3607 4367 Mundi

2017 4408 2238 4467 deliciis
2265 4409 2537 4475 dimuam,
2565 4423 2791 4465 carnem
2832 4412 3009 4462 meam
3044 4404 3274 4472 curabo,
3301 4404 3369 4460 ad
3413 4414 3604 4476 postea

539 4503 637 4556 καὶ
676 4502 899 4567 πάντως
934 4503 1283 4575 συγχωρήσει
1327 4519 1441 4576 μοι.
1484 4502 1673 4556 ταῦτα
1717 4500 1912 4555 ἐννοῶν

2018 4506 2138 4560 rius
2163 4502 2545 4575 paenitentiam
2567 4516 2746 4573 agam.
2776 4498 3070 4556 Hominem
3098 4498 3245 4555 enim
3266 4504 3414 4552 amat
3436 4497 3603 4561 Deus,

2017 4606 2076 4653 et
2108 4597 2364 4667 protinus
2411 4595 2726 4667 indulgebit
2778 4594 2941 4650 mibi.
2973 4593 3100 4648 Haac
3150 4591 3400 4663 quotidie
3436 4606 3604 4661 τερα-ι

2020 4696 2142 4744 tans
2174 4687 2347 4743 vitam
2398 4703 2579 4743 meam
2621 4686 2863 4759 pessime
2902 4685 3048 4757 degi.
3100 4683 3377 4750 Docebar,
3423 4697 3605 4751 neque

2020 4781 2406 4848 attendebam;
2446 4780 2793 4838 admonebar
2844 4790 2902 4834 et
2933 4768 3259 4834 irridebam.
3295 4775 3605 4855 Audiebam

2021 4871 2358 4945 Scripturas,
2382 4873 2539 4943 quasi
2574 4887 2695 4928 non-
2733 4870 3001 4938 audiens;
3038 4859 3335 4926 audiebam
3352 4868 3435 4923 de
3457 4866 3609 4939 judi-

2020 4967 2130 5032 cio,
2158 4976 2216 5022 et
2248 4966 2306 5021 in
2340 4965 2585 5021 ludibria
2625 4960 2945 5031 vertebant;
2978 4955 3273 5018 audiebam
3297 4959 3366 5017 de
3402 4970 3602 5028 morte,

2020 5068 2078 5115 et
2106 5066 2367 5129 tanquam
2402 5048 2736 5112 immortalis
2769 5054 3045 5120 Vivebam,
3073 5063 3130 5109 et
3150 5061 3411 5124 tanquam
3438 5060 3603 5107 reter-

2021 5162 2127 5205 nus
2172 5148 2502 5205 meditabar.
2538 5148 2603 5204 Et
2639 5153 2768 5204 ecce
2803 5145 3159 5219 impaenitens
3186 5152 3605 5217 praeoccupatus

2078 5447 2189 5521 (50)
2230 5446 2624 5521 Καταλάϐετβ.
2674 5444 3154 5521 Καταλαμϐάνειν.
3180 5441 3286 5496 hoc
3331 5438 3454 5521 Ιοςο
3496 5438 3601 5519 ‘vi-

2017 5508 2184 5603 detur
2212 5535 2333 5603 esse
2359 5518 2672 5591 pervenire,
2698 5530 2809 5589 quo
2842 5508 3010 5574 sensu
3045 5508 3253 5571 dicitur
3282 5508 3446 5565 τοπόν
3475 5513 3602 5564 τινα

2018 5591 2785 5730 καῖἕΐῗῗροκαζελείφθην.
2826 5632 3597 5730 (ἰοὶ-τίμηπροκατελήφθηνι

2097 5720 2213 5801 (δέ)
2256 5720 2573 5800 Ἑφθάθην.
2604 5720 2664 5786 id
2690 5720 2796 5800 est,
2834 5720 3201 5799 κατελήφθην.
