4072 6530
494 338 632 412 1199

1723 342 1788 405 S.
1827 340 2229 404 ANASTASII
2270 340 2596 403 SINAI'LE

3630 342 3756 410 1200

490 468 601 533 fui;
627 474 684 521 et
714 476 878 520 nemo
902 468 988 518 est
1020 459 1118 533 qui
1148 474 1239 517 me
1264 459 1499 529 liberet;
1532 473 1663 516 ecce
1690 460 1925 531 supplex
1951 474 2079 530 pre—

2203 476 2304 539 ιαι,
2334 458 2430 512 καὶ
2461 457 2638 521 οὐδεὶς
2675 457 2704 511 ὁ
2731 456 3061 516 εἰσακούων.
3110 459 3351 535 ’Δληθῶς
3372 460 3557 517 δικαία
3590 464 3763 536 ἠκρι-

486 570 608 620 cor,
636 562 694 610 et
732 566 900 608 nemo
932 550 1138 621 estqui
1165 565 1253 604 me
1276 547 1488 605 audiat.
1523 548 1666 606 Vere
1704 550 1912 621 justum
1934 549 2081 621 judi-

489 648 638 702 cium
692 645 813 701 Dei.
870 643 1105 711 Quoties
1144 642 1295 699 enim
1321 641 1372 697 ei
1415 640 1801 713 pmnitentiam
1827 641 2078 713 promisi,

490 750 547 793 et
578 752 803 793 rursum
846 736 1038 806 pejora
1065 734 1359 790 faciebam!
1419 734 1653 803 Quoties
1678 734 1786 791 mei
1818 734 2082 791 misertus

490 842 597 896 est,
632 839 688 886 et
711 843 933 885 rursum
962 827 1103 882 iram
1135 828 1258 899 ejus
1286 827 1595 883 concitavil

564 922 691 976 Ηεεε
737 921 1070 992 plerumque
1118 920 1461 975 moribundo
1509 921 1577 975 ad
1636 936 1739 976 nos
1779 929 2085 992 praesentes

492 1016 758 1079 dicente,
809 1014 998 1069 subito
1054 1015 1178 1085 ejus
1230 1015 1475 1069 vincitur
1529 1013 1758 1085 lingua,
1816 1014 2086 1068 avertitur

496 1124 673 1170 mens,
721 1108 1023 1163 turbantur
1063 1108 1239 1171 oculi,
1290 1108 1468 1162 donec
1500 1107 1735 1163 inferna:
1779 1115 2087 1178 potestates

497 1201 766 1272 deinceps
818 1202 1300 1271 supervenerint;
1351 1200 1615 1271 quoniam
1672 1217 1783 1256 non
1842 1200 2085 1256 invocati

496 1303 793 1349 exactores
815 1295 883 1349 ad
921 1294 1166 1348 tribunal
1194 1308 1298 1348 nos
1324 1294 1613 1348 trahentes
1636 1292 1915 1361 deferunt,
1948 1308 2091 1364 quos

495 1388 801 1443 ctintuens
831 1387 1005 1442 miser
1044 1387 1235 1451 homo,
1287 1386 1393 1442 etsi
1451 1403 1548 1442 rex
1583 1386 1688 1453 sit,
1730 1388 1819 1442 vel
1870 1397 2086 1458 potens,

499 1481 586 1536 vel
615 1489 903 1551 tyrannus,
933 1487 1082 1535 totus
1111 1480 1450 1546 concutitur,
1478 1488 1536 1535 et
1576 1481 1794 1546 domus,
1827 1491 2090 1552 tanquam

501 1591 532 1628 c
583 1581 857 1627 terrarum
908 1573 1291 1641 quassatione,
1318 1580 1433 1627 tota
1469 1573 1764 1640 tremiscit,
1800 1584 1913 1629 tota
1954 1592 2090 1631 con-

2184 570 2269 617 σις
2300 551 2399 605 τοῦ
2426 551 2585 606 Θεοῦ.
2613 550 2855 617 Ποσάκις
2884 552 2993 624 γὰρ
3021 551 3172 626 αὐτῷ
3200 559 3482 625 μετανοεῖν
3514 574 3766 611 συνετάσ-

2186 644 2362 715 σὸμην
2396 644 2532 715 (55),
2561 644 2657 697 καὶ
2698 643 2862 697 πάλιν
2887 644 2955 697 τά
2980 643 3152 716 χείρω
3196 645 3634 718 διεπραττόμηνι
3668 650 3771 702 Πο-

2186 735 2344 799 σάκις
2374 753 2443 808 με
2468 736 2692 809 ἠλέησε,
2717 739 2813 791 καὶ
2836 736 2999 791 πάλιν
3025 736 3357 811 παρώργισα
3392 758 3410 807 ;

2258 915 2448 972 Ταῦτα
2483 915 2749 979 πολλάκις
2771 913 2869 969 τοῦ
2899 914 3271 981 τελευτῶντος
3295 918 3433 987 πρὸς
3465 917 3614 988 ἡμᾶς
3646 919 3771 983 τοὺς

2187 1010 2467 1084 παρόντας
2492 1009 2903 1081 διαλεγομένου,
2936 1008 3202 1081 ἐξαίφνης
3230 1010 3517 1080 δεσμεῖται
3545 1013 3772 1083 ἡγλῶσ-

2189 1122 2279 1169 σα,
2342 1100 2663 1157 ἀναπολεῖὸ
2709 1101 2853 1166 νοῦς,
2885 1100 3227 1156 ἀλλοιοῦνται
3262 1103 3311 1156 οἱ
3339 1103 3627 1174 ὀφθαλμοὶ,
3661 1105 3776 1175 ἡνίι-

2189 1212 2263 1248 κα
2314 1194 2372 1247 αι
2421 1193 2744 1247 δεσποτικαὶ
2790 1193 3053 1265 δυνάμεις
3090 1194 3280 1247 λοιπὸν
3329 1196 3775 1267 παραγένωνται.

2192 1284 2318 1339 Ὅτι
2351 1284 2402 1338 οἱ
2448 1284 2835 1357 ἀπαράκλητοι
2887 1285 3190 1356 ἀπαιτηταὶ
3222 1286 3303 1352 εἰς
3338 1288 3400 1341 τὸ
3427 1287 3776 1359 δικαστήριον

2190 1378 2339 1449 ἡμᾶς
2368 1378 2620 1442 ἕλκοντες
2651 1378 3049 1450 ἀποφέρουσιν,
3104 1378 3200 1444 οὓς
3250 1381 3345 1434 καὶ
3385 1381 3724 1452 θεασάμενος
3750 1382 3778 1434 ὁ

2191 1472 2543 1545 ταλαίπωρος
2569 1472 2880 1546 ἄνθρωπος,
2906 1472 3012 1527 κᾶν
3041 1472 3294 1544 βασιλεύς
3325 1477 3463 1540 ἐστι,
3497 1476 3603 1528 κᾶν
3625 1477 3780 1529 δυνά-

2196 1582 2350 1636 στης,
2387 1564 2494 1619 κᾶν
2532 1565 2835 1637 τύραννος,
2869 1564 2993 1629 ὅλος
3035 1565 3294 1631 δονεῖται,
3313 1567 3410 1618 καὶ
3445 1568 3472 1620 ὀ
3498 1562 3667 1630 οἶκος,
3704 1567 3777 1628 ὡς

504 1665 767 1721 turbatur
803 1707 817 1732 ,
871 1675 988 1720 tota
1050 1675 1282 1736 stupet,
1350 1673 1409 1721 et
1468 1668 1744 1723 excitatur
1822 1668 2094 1726 formido-

2203 1657 2304 1713 ἀπὸ
2360 1658 2613 1729 σεισμοῦ,
2668 1656 2790 1722 ὅλος
2836 1657 3058 1730 τρέμει,
3112 1656 3233 1722 ὅλος
3274 1660 3623 1729 ταράττεται,
3659 1658 3781 1720 ὅλος

503 1758 652 1812 lusas
685 1757 882 1813 videns
924 1768 1250 1828 potestates,
1296 1758 1495 1813 videns
1544 1757 1752 1815 formas
1781 1770 2002 1817 exteras
2038 1771 2096 1817 et

2203 1750 2492 1822 θαμϐεῖται
2531 1752 2627 1806 καὶ
2676 1752 2957 1820 ἐξίσταται
3010 1752 3156 1825 ὁρῶν
3208 1752 3471 1823 δυνάμεις
3516 1752 3780 1823 φοϐερὰς,

505 1850 797 1916 violentas,
825 1851 1021 1904 videns
1053 1850 1336 1916 cohortes,
1362 1866 1501 1921 quas
1534 1867 1817 1922 nunquam
1847 1863 2098 1909 contem-

2203 1814 2340 1910 δρῶν
2374 1840 2591 1912 μορφὰς
2642 1814 2797 1907 ξένας
2835 1842 2931 1896 καὶ
2971 1814 3258 1913 κραταιὰς,
3289 1814 3429 1914 ὁρΙῶν
3452 1814 3617 1903 ’τάξιν
3643 1814 3781 1914 (54),

504 1945 690 2016 platus
724 1952 830 1999 εει.
874 1945 1003 2000 Haec
1038 1956 1172 2001 tunc
1218 1945 1417 2001 obiens
1457 1948 1643 2013 videt,
1678 1963 1779 2002 nos
1818 1964 1954 2003 vero
1982 1950 2095 2019 jam

504 2053 619 2091 non
651 2035 839 2101 videt;
881 2036 976 2091 sed
1001 2036 1066 2090 ad
1100 2046 1368 2093 vocantes
1407 2055 1533 2094 eum
1567 2049 1874 2111 potestates
1902 2058 2099 2097 exsur-

506 2128 587 2197 git
621 2128 990 2198 stupefactus.
1021 2129 1187 2186 Forte
1223 2140 1279 2186 et
1322 2134 1620 2189 nonnullas
1664 2151 1860 2205 preces
1900 2138 1968 2192 ad
2004 2154 2098 2194 eas

505 2221 693 2275 fundit
735 2222 1062 2287 mussitans,
1108 2233 1378 2294 quantum
1420 2226 1607 2297 lingua
1636 2228 1786 2298 loqui
1816 2230 1985 2285 valet.
2018 2231 2099 2285 Ex

507 2314 717 2384 quibus
747 2314 935 2369 verbis
964 2322 1021 2369 et
1053 2316 1221 2371 rebus
1265 2328 1566 2387 praesentes
1596 2321 1927 2392 plerumque
1960 2339 2098 2380 con-

503 2405 727 2476 jicimus
761 2405 907 2476 quod
943 2407 1271 2477 tyrannicus
1298 2418 1607 2478 potestates
1630 2410 1793 2477 vidit,
1822 2420 1879 2466 et
1906 2428 2100 2469 omnes

510 2506 754 2552 tremore
797 2499 998 2553 aborto
1044 2497 1463 2565 horrescimus;
1503 2508 1560 2555 et
1591 2500 1739 2555 inter
1773 2517 1878 2557 nos
1919 2503 2103 2558 innui-

508 2603 635 2643 mus
664 2587 920 2644 dicentes
953 2606 966 2642 :
998 2588 1327 2657 Precemur,
1369 2590 1592 2659 fratres,
1627 2592 1683 2647 in
1718 2610 1918 2666 magno
1950 2593 2100 2651 enim

509 2679 818 2735 certamine
848 2682 1125 2738 vetsatur.
1168 2681 1501 2737 Meditemur
1533 2691 1591 2739 et
1617 2683 1685 2740 de
1716 2684 1806 2739 illa
1839 2685 1976 2741 hora
2004 2702 2102 2741 co-

510 2774 771 2845 gitemus.
799 2771 943 2839 Quid
981 2774 1134 2829 enim
1160 2782 1248 2830 est
1274 2774 1475 2830 homo?
1500 2776 1676 2835 Nihil.
1713 2776 1857 2845 Quid
1893 2779 2102 2835 homo?

510 2865 753 2931 vermis,
784 2865 948 2933 cinis,
999 2866 1234 2933 umbra,
1300 2868 1603 2925 somnium.
1644 2869 1790 2925 Ecce
1846 2873 2099 2940 transiit,

511 2971 643 3010 ecce
674 2954 835 3023 abiit,
866 2972 996 3012 ecce
1044 2956 1303 3023 cessavit,
1330 2973 1461 3013 ecce
1498 2959 1799 3029 requievit.
1851 2960 1954 3017 Hic
1987 2980 2102 3020 ma-

512 3064 675 3120 gnus,
708 3049 980 3117 invictus,
1012 3060 1235 3121 potens,
1277 3051 1517 3118 validus,
1544 3053 1694 3124 jacet
1732 3054 1823 3109 ovi
1873 3052 2099 3124 mitior;

2198 1934 2266 2003 ἢν
2303 1932 2561 1987 οὐδέποτε
2608 1934 2910 1988 ἐθεάσατο’
2955 1935 3132 1990 ταῦτα
3181 1937 3305 1989 τότε
3351 1939 3379 1988 ὁ
3436 1936 3785 2005 ἀπαγόμενος

2198 2027 2323 2097 ὁρᾷ,
2358 2027 2507 2097 ἡμᾶς
2540 2026 2597 2081 δὲ
2656 2026 2844 2081 ούκὲτι
2893 2026 3130 2100 καθορᾷ,
3158 2028 3298 2083 ἀλλά
3357 2029 3496 2099 πρὸς
3538 2029 3637 2092 τὰς
3683 2047 3785 2082 κα-

2198 2117 2400 2181 λούσας
2433 2118 2697 2190 δύναμεις
2732 2120 3037 2191 θαμὸηθεὶς
3067 2120 3370 2185 ἐξίσταται.
3407 2121 3565 2184 Ἴσως
3595 2120 3652 2173 δέ
3691 2120 3786 2185 καί

2197 2227 2355 2274 τινας
2381 2211 2597 2283 δεήσεις
2629 2212 2767 2283 πρὸς
2785 2212 2955 2277 αὑτὰς
2988 2215 3224 2266 ποιεῖται
3246 2210 3572 2284 ψιθυρίζων,
3599 2212 3787 2275 καθὼς

2198 2303 2233 2374 ἡ
2267 2302 2494 2373 γλῶσσα
2513 2302 2695 2357 λαλεῖν
2730 2302 2978 2358 δύναται.
3010 2304 3100 2372 Ἐξ
3126 2299 3203 2359 ὧν
3233 2304 3496 2376 ῥημάτων
3526 2305 3621 2358 καὶ
3648 2322 3789 2375 χρη-

2203 2397 2393 2470 μάτων
2425 2396 2476 2450 oi
2508 2397 2776 2469 παρόντες
2830 2397 3097 2462 πολλάκις
3138 2397 3366 2469 νοοῦμεν
3389 2438 3406 2463 ,
3452 2399 3537 2453 ὅτι
3569 2399 3670 2463 τὰς
3703 2400 3790 2452 δε-

2204 2490 2474 2555 σποτικὰς
2512 2490 2773 2563 δυνάμεις
2821 2492 3110 2558 ἐθεάσατο,
3148 2492 3242 2546 καὶ⁵
3297 2493 3501 2556 πάντες
3558 2491 3790 2563 σύντρο-

2206 2601 2296 2655 μοι
2331 2583 2443 2661 (55)
2478 2585 2784 2655 γενόμενοι,
2824 2587 3158 2658 φρίττομεν,
3200 2587 3295 2640 καὶ
3330 2587 3468 2657 πρὸς
3528 2586 3795 2658 ἀλλήλους

2201 2674 2527 2745 διανεύομεν
2561 2674 2854 2743 λέγοντες⁸
2902 2675 3366 2748 Προσευξώμεθα,
3415 2676 3660 2746 ἀδελφοί’
3711 2678 3795 2741 εἰς

2201 2750 2312 2840 γὰρ
2351 2769 2544 2839 ἀγῶνα
2600 2769 2778 2839 μέγαν
2839 2769 3195 2840 παρίσταται.
3248 2770 3658 2841 Σκοπήσωμεν,
3697 2771 3798 2824 καὶ

2201 2861 2302 2931 τῆς
2326 2861 2477 2933 ὥρας
2501 2860 2705 2933 ταύτης
2732 2862 3133 2935 φροντίσωμεν.
3163 2862 3229 2916 Τί
3258 2862 3369 2935 γάρ
3398 2864 3548 2917 ἐστιν
3577 2863 3798 2935 ἀνθρωο

2204 2973 2335 3022 πος;
2387 2956 2566 3010 οὐδέν’
2594 2956 2647 3010 τι
2701 2957 3030 3028 ἀνθρωπος;
3091 2956 3307 3027 σκώληξ
3354 2958 3449 3011 καὶ
3475 2956 3656 3028 τέφρα
3698 2956 3799 3010 καῖ.

2207 3049 2338 3103 σκιὰ
2387 3048 2482 3102 καὶ
2515 3048 2672 3119 ὄναρ.
2746 3048 2848 3102 Ἰδὲ
2906 3048 3083 3118 διέϐη,
3140 3047 3215 3101 [δὲ
3249 3047 3497 3115 ἀπῆλθε,
3541 3047 3617 3101 ἰδὲ
3661 3066 3801 3102 κατ-

513 3141 875 3212 conspicuus,
906 3141 1068 3214 quasi
1102 3158 1215 3198 non
1253 3144 1612 3214 conspicuus,
1642 3144 1825 3201 factus
1850 3155 1935 3204 est
1967 3147 2100 3202 invi-

2210 3142 2452 3199 έπαυσεν
2478 3181 2494 3209 ,
2562 3143 2635 3198 ἰδὲ
2678 3143 2974 3216 ἡσύχασεν.
3019 3144 3259 3208 Ἐκεῖνος
3303 3145 3332 3195 ὁ
3379 3143 3547 3207 πολὺς
3601 3144 3743 3215 (56),
3770 3146 3802 3198 ὁ

515 3235 737 3303 sibilis;
764 3244 1064 3307 superatus
1091 3235 1292 3306 estqui
1328 3237 1649 3306 superabat,
1684 3246 1741 3294 ει
1766 3254 1894 3295 ecce
1929 3239 2107 3296 abdu-

516 3339 657 3386 cunt
691 3346 803 3401 quo
836 3330 1125 3386 abducunt
1164 3330 1532 3399 abducentes,
1576 3333 1634 3389 in
1672 3350 1784 3404 quo
1808 3335 1932 3392 loco
1959 3346 2108 3394 stant

518 3429 828 3494 potestates
877 3430 933 3478 et
971 3421 1407 3489 dominationes,
1435 3424 1627 3480 acerbi
1658 3436 1916 3483 nostrum
1945 3443 2110 3485 accu-

520 3524 738 3571 satores
767 3514 824 3569 in
852 3530 980 3570 aere
1007 3532 1022 3580 ;
1059 3515 1114 3569 in
1149 3531 1261 3586 quo
1289 3516 1570 3574 terribiles
1593 3518 1904 3589 publicani,
1932 3514 1990 3576 et
2020 3520 2109 3575 in-

520 3605 847 3676 quisitores,
872 3615 928 3661 et
949 3606 1280 3663 collectores
1305 3616 1436 3663 sunt
1458 3608 1632 3676 obvii,
1661 3610 1756 3681 qui
1782 3622 2112 3668 scrutantur

524 3696 839 3766 inquirunt,
879 3697 1228 3765 insimulant,
1256 3699 1557 3771 proferunt
1581 3702 1829 3759 hominis
1861 3714 2108 3776 peccata,

523 3788 993 3860 etchirOgrapha,
1022 3790 1137 3846 sive
1168 3791 1223 3846 in
1252 3792 1574 3863 juventute,
1601 3794 1720 3851 sive
1757 3796 1812 3850 in
1849 3807 2112 3853 senectu-

527 3890 604 3947 te,
642 3882 757 3937 sive
789 3883 1049 3950 libenter,
1079 3884 1197 3940 sive
1225 3886 1399 3942 invite
1426 3885 1591 3954 facta,
1623 3887 1740 3944 sive
1772 3889 1968 3955 verbo,
1994 3890 2113 3945 sive

526 3988 717 4044 opere,
764 3976 880 4029 sive
911 3974 1273 4047 cOgitatione.
1316 3976 1525 4033 Multus
1558 3979 1726 4034 timor
1757 3979 1855 4048 ibi,
1902 3981 2115 4036 multus

527 4065 744 4121 misera:
764 4067 961 4122 anima:
984 4076 1213 4123 tremor.
1242 4066 1473 4123 lnfanda
1498 4070 1827 4137 necessitas,
1858 4087 2021 4141 quam
2043 4072 2113 4128 ab

528 4157 775 4213 inimicis
828 4160 1091 4226 sustinet,
1134 4159 1573 4231 impedientibus
1619 4161 2112 4235 obstantibusque,

480 4284 485 4311 τ
527 4265 600 4306 ne
631 4251 897 4307 ascendat
946 4252 1002 4306 in
1043 4254 1269 4319 caalum,
1301 4269 1371 4309 ne
1408 4252 1465 4310 in
1497 4255 1809 4310 viventium
1830 4256 2115 4328 regionem

436 4344 445 4351 '
530 4341 905 4415 ingrediatur.
956 4344 1162 4400 Verum
1214 4347 1391 4400 sancti
1434 4344 1640 4416 angeli,
1689 4346 1929 4402 animam
1962 4349 2116 4406 exci-

2207 3235 2503 3306 ἀήττητος,
2535 3236 2564 3289 ὸ
2607 3234 2900 3307 δυνάστης,
2932 3237 2963 3289 ὁ
2992 3235 3256 3306 κραταιὸς
3300 3238 3480 3289 κεῖται
3514 3236 3800 3306 προϐάτου

2208 3329 2541 3400 πραύτερος.
2580 3328 2642 3385 '0
2680 3330 2902 3399 φαινὴς,
2937 3329 3011 3392 ὡς
3050 3329 3127 3401 μὴ
3159 3328 3376 3400 φαινὴς,
3400 3328 3626 3399 γέγονεν
3653 3328 3805 3396 ἀφαν-

2208 3422 2327 3493 νής.
2372 3420 2433 3475 Ὀ
2480 3421 2701 3491 κρατῶν
2750 3421 3120 3494 κεκράτηται,
3166 3421 3263 3475 καὶ
3308 3421 3415 3475 ἰδοὺ
3465 3421 3802 3489 ἀπάγουσιν,

2209 3515 2345 3569 ὅπου
2378 3513 2690 3582 ἀπάγουσιν
2716 3514 2765 3568 οῖ
2790 3513 3123 3584 ἀπάγοντες,
3150 3516 3209 3568 ἐν
3242 3514 3353 3585 (57)
3385 3505 3430 3582 ᾧ
3454 3514 3707 3568 ἵστανται
3745 3514 3805 3567 αἱ

2210 3606 2381 3679 ἀρχαὶ
2406 3607 2503 3659 καὶ
2528 3604 2791 3673 ἐξουσίαι,
2822 3607 2871 3661 οῖ
2896 3608 3087 3679 πικροὶ
3115 3606 3277 3679 ήμῶν
3303 3608 3603 3679 κατήγοροι
3634 3609 3692 3661 ἐν
3720 3608 3806 3678 τῷ

2210 3700 2358 3771 ἀέρι.
2398 3699 2487 3754 Ἐν
2515 3692 2560 3768 ᾧ
2584 3700 2636 3753 οἱ
2672 3698 2840 3753 δεινοὶ
2870 3699 3103 3755 τελῶναι
3138 3700 3232 3754 καὶ
3266 3699 3550 3771 λογοθέται
3576 3701 3674 3755 καὶ
3702 3719 3807 3770 φο-

2216 3792 2427 3865 ρολόγοι
2478 3792 2851 3857 συναντῶντες
2873 3832 2889 3859 ,
2935 3792 3350 3863 λογοθετοῦντες
3377 3832 3393 3858 ,
3426 3794 3805 3868 κρατοῦντες,

2214 3885 2677 3959 κατηγοροῦντες,
2699 3887 3075 3960 προφέροντες
3095 3887 3167 3941 τά
3185 3888 3280 3942 τοῦ
3302 3888 3595 3960 ἀνθρώπου
3618 3888 3807 3960 ἀμαρ-

2213 3979 2436 4051 τήματα
2485 3978 2580 4032 καὶ
2624 3980 2991 4053 χειρόγραφα,
3032 3980 3101 4034 τὰ
3140 3982 3199 4035 ἐν
3228 3982 3466 4053 νεότητι,
3499 3981 3570 4035 τὰ
3601 3984 3661 4035 ἐν
3693 3968 3804 4053 γή-

2217 4088 2304 4143 ρει
2340 4071 2475 4143 (58),
2513 4069 2584 4127 τὰ
2622 4071 2868 4137 ἑκούσια,
2898 4072 2968 4126 τὰ
2997 4071 3253 4138 ἀκούσια,
3285 4073 3353 4128 τὰ
3396 4073 3463 4127 δι’
3493 4074 3695 4145 ἔργων,
3731 4074 3807 4129 τὰ

2215 4161 2307 4216 διὰ
2334 4160 2530 4230 λόγων,
2563 4161 2728 4233 τὰδυ
2756 4162 3127 4234 ἐνθυμήσεων.
3176 4162 3352 4228 Πολὺς
3395 4165 3424 4217 ὁ
3466 4164 3632 4233 φόϐος
3664 4168 3806 4231 ἐκεῖ,

2217 4253 2389 4319 πολὺς
2427 4253 2531 4321 τῆς
2579 4252 2775 4317 ἀθλίας
2823 4252 3008 4325 ψυχῆς
3052 4255 3081 4308 ὁ
3127 4255 3352 4327 τρόμος.
3400 4257 3719 4329 ’Δδιήγητος
3769 4258 3806 4329 ἠ

2217 4346 2459 4417 ἀνάγκη,
2488 4345 2558 4418 ἣν
2588 4344 2694 4400 ὑπὸ
2722 4344 2830 4400 τῶν
2870 4344 3083 4418 ἐχθρῶν
3114 4347 3433 4417 ὑφίσταται,
3458 4349 3807 4414 κωλυόντων,

531 4439 776 4510 pientes,
810 4446 945 4494 tunc
979 4437 1289 4494 abducunt.
1321 4438 1436 4495 Nos
1458 4447 1667 4506 autem,
1693 4440 1863 4513 justis
1891 4450 2100 4499 mortuc

2220 4438 2755 4512 ἐμποδιζόντων,ἴνα
2794 4439 2871 4511 μὴ
2905 4442 2964 4494 ἐν
2994 4439 3073 4513 τῷ
3090 4440 3307 4514 ούρανῷ
3333 4441 3445 4513 (39)
3472 4442 3698 4513 ἀνέλθῃ,
3717 4444 3809 4496 ἴνα

532 4509 756 4602 corpori
795 4530 1125 4602 persolutis,
1156 4528 1226 4586 ad
1267 4531 1543 4587 tumulum
1584 4509 1883 4607 diliéenter
1913 4534 2100 4593 defun-

2223 4509 2300 4605 μὴ
2338 4533 2397 4584 ἐν
2427 4533 2494 4603 τῇ
2531 4530 2687 4603 χώρᾳ
2727 4509 3116 4597 τῶνήζὼντων
3158 4509 3400 4605 εἰσέλθῃ.
3426 4509 3578 4586 ’Ἀλλ’
3610 4509 3674 4587 οῖ.⁷
3710 4534 3811 4605 μὲν

531 4632 683 4679 ctum
737 4622 1057 4690 cﬂerimus;
1115 4638 1283 4694 quem
1333 4623 1412 4679 ibi
1454 4624 1859 4696 relinquentes,
1895 4626 2100 4685 domun

2220 4626 2369 4694 ἀγιοι
2428 4622 2653 4693 ἄγγελοι
2696 4625 2797 4695 τὴν
2833 4623 3013 4697 ψυχὴν
3065 4625 3479 4697 Μραλαόόντες
3524 4626 3809 4695 ἀπάγουσι

532 4716 873 4772 revertimur
922 4715 1112 4774 mmsti
1166 4725 1222 4772 et
1270 4715 1497 4790 abjecti,
1536 4717 1884 4789 excipientes
1919 4729 1978 4777 et
2016 4720 2100 4792 ips

2221 4718 2368 4773 τότε.
2414 4717 2607 4789 Ἡμεῖς
2642 4717 2721 4782 δὲ,
2747 4716 2809 4771 τὸ
2837 4717 3031 4790 θνητὸν
3069 4717 3233 4788 σῶμα
3255 4718 3643 4789 κηδεύσαντες,
3673 4720 3811 4791 πρὸς

533 4806 953 4864 ineluctabilem
978 4808 1179 4865 mortis
1208 4808 1440 4877 horam;
1469 4808 1550 4866 Ne
1584 4810 1755 4884 igitur
1782 4828 1884 4869 nos
1904 4828 2100 4885 quoqut

2222 4811 2317 4866 τὸν
2358 4811 2553 4883 καιρὸν
2586 4810 2884 4883 κομίζομεν
2928 4810 3069 4881 μετά
3105 4812 3340 4884 σπουδῆς
3384 4811 3479 4866 τὸν
3507 4812 3806 4867 τεθνεῶτα.

534 4896 890 4954 inveniamur
940 4898 1227 4970 imparati,
1257 4899 1481 4967 fratres,
1521 4900 1579 4957 in
1632 4901 1738 4959 hac
1765 4902 2100 4960 necessitate

2226 4906 2339 4961 Καὶ
2392 4909 2575 4961 ἐκεῖσε
2628 4906 3045 4973 καταλιπόντες,
3110 4906 3297 4961 οἶκαδε
3349 4906 3809 4978 ἀναστρέφομεν,

535 5008 849 5058 curramus,
877 5008 1280 5063 properamus,
1334 5011 1769 5067 prmcavcamus,
1800 5011 1873 5053 ne
1904 5012 1974 5051 ex
2010 4998 2100 5052 im.

2229 4996 2623 5066 στυγνάζοντες
2667 4997 2763 5051 καὶ
2808 5000 3103 5068 κατηφεῖς,
3142 4997 3489 5067 ἐκδεχόμενοι
3520 4996 3618 5050 καὶ
3653 4997 3811 5050 αὐτοὶ

536 5083 768 5156 proviso
792 5083 1165 5158 abripiamur.
1199 5087 1610 5160 lngrediamur,
1640 5104 1712 5144 ne
1734 5087 1870 5143 foris
1900 5104 2095 5145 manca

2220 5091 2321 5165 τὴν
2365 5090 2743 5163 ἀπαραίτητον
2794 5088 2891 5143 τοῦ
2942 5089 3177 5144 θανάτου
3232 5088 3403 5161 ὥραν.
3436 5088 3539 5143 Ἰν’
3573 5085 3668 5143 οῦν
3716 5089 3813 5144 καὶ

537 5193 697 5245 mus;
736 5178 1068 5250 abjiciamus
1108 5197 1310 5238 vanam
1352 5184 1516 5238 istam
1557 5181 1866 5253 ignaviam;
1890 5182 2092 5253 abjicia

2220 5186 2385 5258 ἡμεῖς
2418 5183 2495 5256 μὴ
2527 5184 2804 5254 ἀνέτοιμοι
2838 5184 3177 5259 εὑρεθῶμεν,
3196 5184 3439 5252 ἀδελφοὶ,
3459 5183 3519 5235 ἐν
3552 5185 3618 5253 τῇ
3648 5182 3811 5250 ἀνάγ-

508 5285 665 5333 ,ωυε
682 5272 996 5329 socordiam
1022 5283 1293 5343 nostram,
1326 5275 1383 5333 in
1417 5291 1527 5347 qua
1549 5291 1725 5347 usque
1759 5274 1827 5332 ad
1853 5276 1961 5332 hoc
1981 5288 2100 5333 tem

2204 5288 2217 5291 ‘
2245 5295 2318 5351 κη
2365 5277 2584 5351 ἐκείνῃ,
2619 5276 2960 5349 δράμωμεν,
3010 5276 3362 5345 σπεύσωμεν,
3420 5274 3809 5347 πῳλάὄωμεν,

614 5474 726 5617 (ξὸζ
756 5477 1260 5568 ξυνετασσόμηζ.
1289 5475 1547 5533 Promisi.

615 5554 648 5615 (ε
673 5547 705 5601 4
787 5550 954 5615 Ορων
982 5546 1175 5612 τάξιν.
1241 5547 1449 5615 Ηγουν,
1481 5546 1547 5602 τά

615 5546 726 5619 (54)
774 5546 954 5615 Ὁρῶν
982 5546 1175 5619 τάξικ.
1213 5547 1449 5615 Ἥγουν,
1481 5546 1759 5619 τάγματα.

639 5617 732 5703 ξε)
763 5620 1111 5707 ξύντρομοι.
1146 5617 1186 5673 i.
1217 5633 1269 5674 ο.
1310 5618 1582 5745 ἔντρολιιοι.

641 5687 731 5745 .36)
783 5690 826 5739 0
855 5690 1072 5745 «alue.
1101 5689 1252 5745 Πάνυ
1289 5689 1452 5745 πεοιϐ
1487 5706 1582 5745 mo

855 5687 1072 5767 θξιζλύς.
1101 5689 1252 5745 Πάνυ
1289 5687 1634 5763 περιϐόητος.
1654 5690 1719 5746 ν.
1748 5690 1944 5763 Syncs.
1986 5699 2025 5767 ι.
2055 5692 2122 5754 11,

544 5774 602 5832 p.
627 5758 718 5822 ΞΔ,
755 5758 842 5816 60.
871 5758 956 5815 61.

618 5829 728 5905 (37)
758 5830 938 5900 Τόπῳ.
986 5831 1089 5885 Ἐν
1107 5825 1174 5899 ᾧ.

2301 5478 2420 5602 (ὅδὲ
2458 5476 2562 5535 Ἐν
2600 5477 2791 5547 τήρει.
2837 5476 2931 5533 Sic
2979 5476 3112 5532 alibi
3168 5490 3345 5545 sape,
3380 5483 3441 5556 ut
3492 5474 3629 5544 psal.
3685 5489 3807 5538 xei,

2302 5592 2313 5602 .
2365 5551 2379 5572 '
2405 5550 2451 5601 ’ν
2490 5551 2651 5602 γήρει
2704 5549 2870 5602 πίονι.
2896 5547 3174 5602 quomodo
3216 5562 3395 5602 reperi
3457 5547 3625 5599 etiam
3670 5544 3805 5599 Luc.

2228 5544 2333 5624 HL
2351 5544 2451 5624 ΔἘν
2490 5544 2870 5624 γήρει”πίονι,
2896 5547 3174 5624 quomodo
3216 5544 3395 5616 reperi
3457 5547 3625 5599 etiam
3670 5544 3805 5624 Luc.

2232 5636 2271 5683 I,
2303 5620 2394 5685 36,
2428 5620 2482 5675 in
2506 5617 2743 5689 aliquot
2787 5617 3182 5674 vetuStissimis
3219 5625 3277 5671 et
3308 5630 3516 5686 magnae
3564 5617 3808 5669 auctori-

2234 5691 2359 5745 tatis
2389 5691 2693 5746 codicibus.

2305 5762 2415 5833 (59)
2470 5762 2569 5815 Ἔν
2604 5758 2686 5825 τῷ
2710 5757 2967 5829 οὐρανῷ.
3006 5758 3132 5823 Pro,
3158 5756 3239 5821 εἰς
3256 5755 3350 5809 τὸν
3377 5753 3624 5825 οὐρανόν.
