3820 6522
70 399 183 463 ῙΞΟΙ

1260 402 1518 465 SERMO
1558 401 1639 462 IN
1680 400 2141 471 DEFUNCTOS.

3172 394 3314 462 120!

70 519 145 568 ἵνα
196 511 268 583 μὴ
320 511 479 581 ἄφνω
532 515 1103 587 προαναρπασθῶμεν.
1140 516 1505 587 Είσέλθωμεν,
1539 516 1615 569 ἵνα

1730 530 1831 587 pus
1858 515 2137 583 viximus;
2173 530 2300 586 spes
2348 530 2616 573 eruamus
2662 526 2786 586 quas
2832 526 2938 573 nos
2988 510 3056 574 de
3109 509 3201 567 die
3252 528 3311 568 In

69 607 133 675 μὴ
151 604 249 669 ἔξω
277 604 582 675 μείνωμεν,
614 607 948 677 ἀποθώμεθα
978 608 1077 672 τὰς
1107 609 1343 679 ματαίας
1366 607 1628 680 ὀκνηρίας

65 698 272 758 ὲκείνας.
322 696 691 768 ’Δποθώμεθα
714 697 814 769 τὴν
842 698 1119 770 ρᾳθυμίαν
1152 699 1332 772 ήμῶν,
1360 702 1419 754 ἐν
1525 717 1626 753 πε-

65 788 367 857 ριεζήσασεν
423 788 546 859 (40)
586 789 694 853 ἕως
738 789 832 842 τοῦ
890 791 1004 844 νῦν.
1059 793 1484 865 ’Δπορῤίψωμεν
1525 793 1626 857 τὰς

63 878 411 949 χλευαζούσας
459 882 615 951 ἡμᾶς
656 881 849 953 ἡμέρᾳ
897 885 965 954 τῇ
1010 884 1195 956 ἡμέρᾳ
1236 885 1349 954 (41)
1379 884 1622 949 ἐλπίδας.

61 972 136 1040 Μὴ
167 972 406 1044 ἐμπαίξῃ
438 973 577 1042 ἡμῖν
606 973 701 1026 τοῦ
724 972 915 1027 λοιποῦ
944 976 974 1028 ὁ
1030 975 1228 1047 μιαρὸς
1260 976 1358 1030 καὶ
1388 976 1626 1048 πονηρὸς

60 1061 312 1131 λογισμὸς,
369 1062 456 1115 ὅτι
502 1062 691 1117 πολλοὶ
727 1062 901 1117 πολλὰ
932 1063 1360 1138 βουλευσάμενοι
1411 1067 1491 1130 είς
1524 1067 1625 1138 τὴν

62 1154 228 1224 αὔριον
280 1153 340 1206 οὐ
396 1154 739 1221 κατέλαὸον,
789 1155 909 1211 ἀλλ’
961 1157 1223 1228 ἐξαίφνης
1267 1158 1622 1230 ἡρπάγησαν,

59 1246 120 1309 ὡς
150 1245 253 1317 (42)
295 1246 588 1317 στρουθίον
619 1248 723 1302 ὑπὸ
772 1249 1012 1319 ἱέρακος,
1068 1249 1145 1313 ὡς
1169 1252 1355 1322 ἀρνίον
1383 1252 1490 1306 ὑπὸ
1530 1252 1625 1306 λύ-

62 1358 161 1391 κου.
190 1340 338 1408 Μήτε
369 1338 609 1410 λαλῆσαι
649 1341 787 1404 ὅλως
821 1341 1123 1411 ἰσχύοντες,
1172 1345 1313 1414 μήτε
1356 1344 1624 1416 διαθήκας

61 1429 382 1500 ποιήσασθαι.
452 1433 522 1484 Ol
575 1432 675 1501 μὲν
741 1433 1137 1499 καθεύδοντες,
1209 1435 1317 1489 ἀπὸ
1383 1436 1624 1506 ἑσπέρας

63 1522 234 1589 ὑγιεῖς,
268 1521 369 1592 τὴν
407 1524 630 1594 πρωίαν
653 1525 755 1577 οὐκ
800 1525 1066 1595 ἔφθασαν.
1098 1528 1160 1581 Ol
1200 1526 1257 1580 δέ
1294 1527 1388 1581 ἐπὶ
1414 1529 1625 1599 τραπέ-

63 1613 148 1681 ζης
180 1612 501 1683 καθήμενοι,
541 1621 599 1669 ἐν
630 1616 768 1687 αὐτῇ
809 1618 1187 1675 ἀπέπνευσαν.
1213 1620 1351 1674 Οίδὲ
1386 1638 1624 1694 περιπα-

64 1703 256 1768 τοῦντες
283 1705 378 1758 καὶ
406 1705 697 1775 πεσόντες,
729 1708 991 1779 ἐξαίφνης
1017 1709 1314 1767 ἀπέθανον.
1349 1713 1460 1765 Καὶ
1485 1713 1621 1767 ταῦ-

64 1812 119 1846 τα
147 1796 313 1848 πάντα
353 1796 587 1867 εἴδαμεν
626 1800 724 1853 καὶ
781 1801 1153 1872 γινώσκομεν.
1212 1803 1305 1855 Διὸ
1362 1804 1622 1876 οὐδεμίαν

1727 606 1876 662 diem
1915 607 2227 675 deludunt;
2270 624 2341 665 ne
2382 625 2488 665 nos
2511 609 2779 678 deinceps
2807 605 3050 677 decipiat
3094 605 3313 676 impura

1724 710 1783 756 et
1815 715 1985 771 prava
2029 700 2399 766 ratiocinatio,
2432 702 2563 773 quia
2604 702 2765 757 multi
2815 700 2988 757 multa
3017 717 3145 758 cum
3178 717 3313 756 con-

1726 792 2044 848 Stituissent
2085 793 2143 847 in
2174 792 2478 848 crastinam
2500 834 2515 858 ,
2550 808 2661 846 non
2695 792 2982 847 consecuti
3028 799 3178 857 sunt,
3210 791 3311 847 sed

1726 894 1960 955 repente
1995 885 2162 940 ablati
2212 892 2366 949 sunt,
2402 884 2553 940 sicut
2597 892 2784 940 turtur
2830 902 2860 941 a
2917 885 3131 949 milvio,
3164 883 3311 941 sicut

1726 991 1902 1046 agnus
1925 992 1955 1031 a
1980 977 2151 1047 lupo;
2185 991 2367 1047 neque
2398 975 2551 1046 loqui
2577 977 2804 1032 omnino
2828 977 3098 1041 valentes,
3129 991 3312 1046 neque

1726 1077 2059 1125 testamenta
2096 1068 2305 1125 facere.
2364 1068 2429 1124 lli
2466 1067 2694 1139 quidem
2736 1069 3100 1134 dormientes,
3149 1086 3180 1124 a
3211 1084 3311 1125 ve-

1726 1176 1887 1231 spere
1916 1160 2099 1217 adhuc
2138 1162 2306 1233 plane
2348 1162 2598 1218 valentes
2623 1204 2637 1229 ,
2687 1161 2755 1217 ad
2814 1163 3147 1216 matutinum
3196 1177 3309 1216 non

1726 1263 2144 1325 pervenerunt;
2180 1255 2262 1311 illi
2306 1270 2443 1310 vero
2476 1270 2682 1309 mensa:
2710 1255 3128 1318 accumbentes,
3158 1253 3215 1308 in
3244 1269 3310 1309 ea

1723 1350 2193 1420 exspiraverunt;
2231 1349 2323 1404 alii
2371 1348 2720 1404 ambulantes
2752 1357 2808 1403 et
2832 1348 3097 1403 cadentes
3125 1347 3310 1402 subito

1724 1442 1933 1497 mortui
1962 1451 2114 1499 sunt.
2151 1442 2221 1498 Et
2256 1442 2372 1497 haec
2425 1441 2611 1497 omnia
2639 1440 2884 1495 vidimus
2919 1449 2976 1495 et
3016 1438 3309 1510 cognosci-

1723 1547 1867 1587 mus.
1898 1533 2026 1589 ldeo
2046 1534 2255 1589 nullam
2277 1534 2497 1588 veniam
2520 1549 2553 1588 a
2576 1533 2689 1589 Deo
2715 1532 3018 1599 habemus;
3045 1530 3309 1602 quoniam

1723 1641 1835 1680 non
1863 1624 2047 1691 inscii,
2078 1626 2174 1681 sed
2201 1626 2410 1681 conscii
2447 1640 2740 1692 erramus;
2775 1624 3065 1679 audientes
3082 1622 3309 1695 quidem

1723 1716 1944 1772 divinas
1974 1716 2318 1788 Scripturas,
2352 1726 2409 1773 et
2454 1733 2578 1788 quae
2610 1717 2776 1772 nobis
2808 1717 2955 1772 dicta
2983 1726 3116 1773 sunt
3145 1716 3309 1772 nobi-

1724 1824 1882 1865 scum
1916 1820 2261 1880 reputantes,
2284 1825 2468 1880 neque
2496 1826 2632 1866 vero
2660 1809 2949 1865 facientes.

67 1884 370 1957 συγγνώμην
401 1889 565 1963 παρὰ
606 1890 745 1943 Θεοῦ
799 1891 1263 1963 ἔχομεν-ὅτιούκ
1316 1896 1376 1949 ἐν
1426 1899 1691 1971 ἀγνωσία,
1734 1901 1851 1955 ἀλλ’
1901 1904 1961 1957 ἐν
2020 1903 2221 1972 γνώσει
2266 1903 2623 1975 πλανώμεθα.
2685 1906 2999 1969 ’Δκοῦοντες
3044 1905 3144 1976 μὲν
3198 1903 3312 1957 τῶν

68 1977 208 2029 θείων
264 1978 507 2049 Γραφῶν
534 2022 550 2047 ,
584 1984 679 2036 καὶ
728 1984 1037 2050 ἐννοοῦντες
1089 1988 1158 2041 τὰ
1206 1989 1497 2060 λεγόμενα,
1551 1994 1627 2065 μὴ
1670 1996 1954 2059 ποιοῦντες
1982 1996 2061 2051 δέ.

125 2067 204 2118 Arb
232 2071 559 2139 παρακαλῶ,
604 2071 678 2143 μὴ
718 2074 878 2142 μόνον
906 2076 1176 2147 ἀκροαταὶ
1202 2081 1489 2152 γενώμεθα
1517 2083 1615 2154 τῆς

1797 2088 1988 2159 Itaque
2022 2104 2243 2159 precor,
2289 2104 2361 2144 ne
2408 2091 2798 2147 tantummodo
2852 2091 3120 2148 doctrinm
3153 2096 3310 2151 audi-

64 2158 275 2228 διδαχῆς,
322 2161 464 2215 ἀλλὰ
516 2162 617 2217 καὶ
668 2167 913 2236 ποιηταί.
970 2169 1039 2222 Et
1079 2187 1164 2234 τις
1210 2168 1306 2226 οῦν
1348 2174 1488 2240 μετὰ
1520 2174 1619 2246 τὴν

68 2251 301 2319 ἀκρόασιν
347 2254 460 2307 τῶν
510 2254 610 2310 νῦν
664 2258 975 2330 εἰρημένων
1033 2263 1325 2333 συνήθειαν
1373 2267 1619 2338 πονηρὰν

68 2346 294 2413 πορνείας
335 2347 479 2419 ἔχων
530 2348 743 2415 ταύτην
792 2354 1093 2426 ἀπέκοψεν,
1132 2350 1291 2424 οὗτος
1342 2360 1619 2433 ἀκροατὴς

70 2436 229 2499 καλός.
265 2438 331 2491 Et
355 2456 445 2503 τις
487 2442 864 2513 μνησικακίαν
896 2444 1036 2516 ἔχων
1070 2448 1207 2519 πρὸς
1260 2449 1355 2504 τὸν
1390 2450 1619 2522 πλησίον

69 2530 148 2581 καὶ
184 2530 435 2604 διαλλαγῇ
472 2533 645 2606 αὐτῷ,
696 2530 852 2601 οὗτος
899 2539 1061 2605 καλὸς
1090 2543 1388 2614 ἀκροατής.
1435 2544 1503 2597 Εἴ
1535 2562 1620 2611 τις

69 2623 359 2688 κατανυγεὶς
408 2626 509 2680 ἐπὶ
555 2628 670 2691 τοῖς
719 2630 958 2701 παροῦσι
1005 2631 1184 2701 λόγοις
1233 2634 1482 2706 ἐλεήμων
1521 2637 1619 2692 καὶ

71 2712 397 2779 εὐμετὰδοτος
443 2718 710 2789 γένηται,
758 2714 918 2786 οὗτος
961 2724 1125 2789 καλὸς
1169 2725 1471 2799 ἀκροατής.
1499 2730 1619 2785 Ἵνα

73 2799 133 2867 μὴ
155 2802 223 2865 είς
258 2807 427 2875 κρῖμα
471 2809 636 2879 ἡμῶν
663 2809 758 2865 καὶ
784 2810 922 2882 αῦτη
950 2814 982 2885 ἡ
1009 2816 1317 2885 ἀνάγνωσις
1343 2818 1575 2891 γένηται
1596 2838 1612 2852 ο

72 2892 309 2963 ἀκούομεν
342 2897 476 2969 γὰρ,
514 2899 610 2954 καὶ
635 2901 697 2955 οὐ
729 2903 1015 2974 ποιοῦμεν,
1052 2908 1114 2960 El
1148 2908 1224 2978 μὴ
1244 2910 1355 2982 γὰρ
1387 2911 1416 2965 ὀ
1447 2911 1615 2967 θάνα-

71 2998 141 3046 τος
173 2985 257 3038 τοῦ
288 2988 523 3060 ἀδελφοῦ
562 3009 657 3046 σου
705 2982 1032 3067 σωφρονίσει
1062 3016 1142 3065 σε,
1174 3001 1352 3065 οὐδεὶς
1392 3002 1616 3058 δύναταί

75 3091 121 3127 σε
163 3078 478 3153 ὠφελήσειν.
518 3086 582 3139 Ei
628 3087 703 3159 μὴ
750 3090 947 3162 νεκρὸν
984 3090 1198 3157 βλέπων
1234 3095 1613 3167 μετανοήσεις,

74 3176 178 3227 πότε
205 3177 380 3233 λοιπὸν
405 3184 794 3256 ἐπιστρέψας
819 3188 869 3239 εί
904 3187 976 3259 μὴ
1004 3188 1096 3242 ἐπὶ
1131 3190 1245 3254 τοῖς
1266 3190 1363 3245 νῦν
1394 3192 1617 3265 εξρημέ-

74 3283 160 3328 νοις
185 3273 497 3346 κατενύγης,
532 3276 665 3329 πότε
690 3277 793 3347 τῆς
816 3279 1091 3351 ἁμαρτίας
1110 3282 1433 3355 ἀποστήσῃς
1468 3286 1615 3339 Ταύ-

73 3373 152 3448 την
176 3361 460 3435 ἀγαπητοὶ,
491 3370 596 3440 τὴν
624 3368 735 3423 τῶν
756 3370 918 3425 θείων
944 3371 1144 3440 λογίων
1173 3376 1372 3445 πρᾶξιν
1402 3376 1452 3429 οἱ
1476 3377 1615 3448 πρὸς

1724 2186 1898 2242 tores,
1954 2178 2053 2233 sed
2102 2187 2160 2235 et
2190 2179 2583 2237 observatores
2622 2182 2838 2239 fiamus.
2875 2183 2932 2239 Si
2972 2188 3099 2255 quis
3143 2188 3311 2258 igitur

1722 2277 1848 2339 post
1884 2268 2229 2326 auditionem
2263 2287 2461 2327 eorum
2520 2289 2643 2345 quae
2687 2274 2835 2330 dicta
2873 2285 3044 2345 sunt,
3080 2294 3309 2349 pravam

1721 2357 2115 2416 fornicationis
2154 2363 2619 2419 consuetudinem
2668 2364 2904 2429 habens,
2946 2382 3066 2422 eam
3112 2371 3309 2439 ρελιιοὶ-

1722 2446 1891 2517 derit,
1921 2449 1969 2505 is
2003 2451 2228 2506 auditor
2262 2453 2462 2510 bonus.
2511 2454 2567 2508 Si
2603 2456 2731 2525 quis
2762 2465 3007 2512 veterem
3036 2458 3090 2514 in
3116 2462 3308 2530 proxi-

1722 2555 1874 2595 mum
1920 2542 2261 2601 simultatem
2307 2545 2521 2601 habens
2558 2546 2837 2618 ignoverit
2890 2550 2965 2613 ei,
3001 2550 3048 2606 is
3081 2553 3305 2608 auditor

1721 2631 1947 2702 bonus;
1988 2636 2034 2691 si
2083 2638 2208 2707 quis
2250 2639 2619 2710 praesentibus
2653 2642 3007 2699 sermonibus
3039 2660 3306 2716 compun-

1720 2732 1846 2781 ctus
1885 2727 2210 2784 misericors
2246 2739 2303 2785 et
2347 2731 2597 2788 liberalis
2629 2733 2810 2790 factus
2844 2735 2951 2803 'sit,
3005 2736 3050 2791 is
3083 2737 3308 2793 auditor

1720 2814 1923 2873 bonus.
1957 2819 2036 2875 Ne
2062 2829 2118 2875 et
2155 2821 2319 2877 nobis
2349 2823 2572 2879 crimini
2610 2835 2863 2881 vertatur
2896 2827 3013 2886 haec
3052 2828 3305 2885 admoni-

1720 2909 1834 2975 tio;
1868 2910 2129 2968 audimus
2159 2914 2307 2969 enim
2357 2926 2415 2971 et
2458 2932 2569 2972 non
2602 2917 2840 2989 agimus.
2875 2920 3095 2975 Etenim
3150 2922 3195 2977 si
3252 2933 3306 2978 te

1720 3016 1870 3057 mors
1895 3002 2087 3059 fratris
2130 3006 2212 3060 tui
2260 3023 2371 3063 non
2398 3010 2808 3078 emendaverit,
2844 3029 3009 3068 nemo
3038 3015 3138 3070 tibi
3170 3033 3303 3086 pro-

1717 3094 1879 3151 desse
1916 3096 2145 3166 poterit.
2182 3097 2239 3155 Si
2278 3111 2561 3158 mortuum
2592 3104 2789 3161 videns
2820 3124 2932 3161 non
2968 3108 3085 3165 hmc
3116 3111 3304 3168 animo

1717 3185 2126 3257 circumspicis,
2148 3190 2373 3259 quando
2397 3191 2662 3265 deinceps
2686 3198 3074 3254 converteris?
3097 3200 3153 3255 Si
3189 3218 3303 3257 non

1717 3276 1806 3331 his
1837 3293 1960 3348 qua:
1983 3295 2136 3335 nunc
2162 3280 2429 3337 dicuntur
2458 3283 2634 3341 fueris
2665 3300 3050 3359 compunctus,
3080 3293 3301 3363 quando

1717 3383 1747 3422 a
1779 3380 2011 3439 peccato
2037 3372 2359 3430 descisces?
2401 3376 2554 3433 Hanc
2590 3379 2782 3449 igitur,
2817 3381 3041 3449 dilecti,
3080 3385 3301 3440 divino-

75 3445 271 3517 Χριστὸν
290 3456 655 3526 προλαϐόντες
683 3460 840 3531 ἡμῶν
870 3461 1090 3532 ἀδελφοὶ
1114 3464 1247 3534 ἡμῖν
1270 3445 1610 3538 παρέθηκαν.

1719 3474 1841 3513 rum
1872 3475 2191 3517 sermonum
2215 3464 2629 3524 observantiam
2651 3469 2849 3525 fratres
2878 3473 3075 3539 nostri,
3104 3475 3197 3546 qui
3232 3477 3300 3531 ad

74 3538 224 3593 Ταῦτα
277 3544 345 3597 τὰ
415 3548 659 3613 ζωοποιὰ
733 3550 1008 3622 ἐδέσματα
1074 3555 1211 3624 ἡμῖν
1284 3556 1613 3627 ἡτοίμασαν.

76 3628 241 3686 Τοῦτον
277 3636 401 3705 ἡμῖν
449 3639 548 3692 τὸν
596 3642 697 3711 τῆς
729 3640 1085 3705 διδασκαλίας
1121 3638 1264 3698 οἳνον
1315 3646 1608 3717 ἐκέρασαν,

76 3720 191 3785 ὅπως
212 3725 370 3781 ταῦτα
416 3730 755 3799 μελετῶντες
788 3736 849 3787 ἐν
889 3736 1065 3801 νυκτὶ,
1108 3737 1167 3789 ἐν
1196 3737 1401 3810 ἡμέρᾳ,
1429 3742 1485 3793 ἐν
1514 3742 1613 3795 ἐκ·

78 3812 255 3887 κλησὶᾳ,
288 3820 343 3872 ἐν
374 3824 569 3889 οἴκοις,
595 3824 687 3876 ἐπὶ
719 3825 1023 3897 τραπέζης,
1078 3830 1137 3881 ἐν
1184 3829 1416 3897 κλίναις,
1447 3832 1610 3905 δυνη-

78 3904 245 3971 σόμεθα
291 3911 385 3981 τῆς
438 3914 687 3985 πονηρᾶς
731 3916 828 3968 καὶ
887 3916 1120 3986 ματαίας
1165 3918 1456 3988 συνηθείας
1513 3921 1609 3973 καὶ

79 3993 289 4062 ἀμελείας
315 4004 642 4076 ἀποστῆναι,
676 4007 773 4061 καὶ
809 4007 907 4079 τὴν
943 4008 1119 4080 ψυχὴν
1149 4010 1309 4080 ἡμῶν
1347 4012 1604 4082 ἐπιστρέ-

78 4082 153 4149 ψαι
183 4089 265 4142 καὶ
309 4098 439 4165 πρὸς
471 4097 788 4167 μετάνοιαν,
818 4100 922 4155 κᾶν
966 4101 1075 4155 ἀπὸ
1107 4101 1201 4155 τοῦ
1234 4102 1352 4169 νῦν,
1400 4103 1602 4170 κλίναι,

79 4176 151 4266 καὶ
172 4178 250 4232 si»:
274 4185 545 4259 Δεσπότην
571 4190 914 4261 δυσωπῆσαι,
943 4194 1039 4248 καὶ
1063 4197 1162 4266 τῆς
1190 4194 1471 4265 βασιλείας
1492 4196 1602 4251 τῶν

80 4264 282 4360 φρενῶν
324 4276 651 4351 ἐπιτυχεῖν,
705 4284 890 4355 χάριτι
934 4286 1030 4339 καὶ
1080 4264 1463 4360 φιλανθρωπίᾳ
1507 4289 1603 4343 τοῦ

80 4354 243 4428 Κυρίου
273 4368 422 4438 ἡμῶν
455 4374 633 4445 Ἰησοῦ
666 4354 931 4448 Χριστοῦ,
964 4379 1045 4433 ὅτι
1076 4378 1226 4450 αὐτῷ
1248 4354 1449 4451 ¹τέρέίιτιει
1475 4382 1603 4450 δόξα

83 4450 157 4550 ξῦν
279 4461 493 4539 ἀνάρχῳ
547 4469 722 4540 Πατρὶ
765 4471 863 4523 καὶ⁵
915 4470 994 4543 τῷ
1044 4450 1305 4544 ζωοποιῷ
1335 4476 1427 4528 καὶ
1458 4477 1602 4550 ἁγίῳ

84 4538 333 4640 Ιξιξύματι,
361 4556 454 4609 νῦν
506 4560 601 4612 καὶ
643 4538 730 4615 ἀεί
782 4563 876 4616 καὶ¹
906 4538 988 4628 είς
1033 4564 1160 4629 τοὺς
1208 4538 1601 4640 άαιέελευτήτουίλ⁹

83 4630 243 4701 αξὼνας
269 4644 369 4698 τῶν
400 4648 633 4707 αἰώνων.
671 4653 869 4725 ’Δμήνο

138 4788 710 4885 ίξθζᾼξεριεζήσασεν.
762 4810 928 4868 Forte
962 4852 978 4877 ,
1027 4812 1456 4885 περιεζήσαμεν,
1504 4826 1601 4873 aut

86 4870 423 4939 tenvem

137 4928 444 5012 (ΜΥἨίιέρᾳ
475 4945 553 5018 τῇ
576 4949 785 5020 ἡμέρᾳ.
809 4950 1063 5011 Fortasse
1086 4955 1389 5030 scripserat
1413 4957 1598 5031 ἡμέρα

1717 3548 1997 3606 Christum
2028 3567 2450 3623 pmcesserunt,
2499 3560 2597 3615 has
2636 3562 2979 3618 vivificantcs
3012 3579 3169 3620 escas
3200 3583 3300 3621 no-

1718 3642 1806 3697 bis
1852 3655 2209 3714 paraverunt.
2255 3647 2373 3705 Hoc
2400 3651 2563 3707 nobis
2596 3652 2866 3709 doctrinae
2909 3657 3097 3713 vinum
3142 3658 3299 3713 fude-

1720 3742 1869 3801 runt,
1904 3747 1966 3791 ut
2012 3736 2128 3793 haac
2173 3740 2528 3810 meditantes,
2563 3754 2747 3812 nocte,
2789 3746 2901 3813 die,
2946 3748 3002 3802 in
3033 3748 3294 3814 ecclesia,

1717 3828 1773 3882 in
1812 3828 1999 3896 domo,
2047 3832 2117 3886 ad
2162 3848 2433 3901 mensam,
2488 3835 2546 3890 in
2594 3837 2740 3895 lecto
2789 3856 2984 3910 pravas
3019 3842 3297 3911 possimus

1716 3935 2000 3990 vanasque
2051 3926 2490 3982 consuetudines
2535 3937 2592 3983 et
2622 3931 2987 4002 negligentias
3033 3934 3292 4005 abjiccrc,

1716 4014 2068 4084 animamque
2117 4028 2364 4073 noStram
2417 4031 2775 4087 convertere,
2812 4032 2868 4076 ct
2916 4024 2984 4078 ad
3020 4028 3295 4096 poeniten-

1716 4104 1871 4173 tiam,
1914 4107 2085 4161 etiam
2128 4125 2298 4177 nunc,
2351 4110 2621 4168 inclinare
2654 4124 2710 4169 et
2746 4123 3041 4187 tyrannum
3075 4119 3291 4187 pudore

1707 4197 2069 4264 confundere,
2116 4209 2173 4256 et
2232 4202 2300 4256 ad
2354 4218 2587 4275 regnum
2644 4209 2909 4263 cwlorum
2960 4210 3287 4279 pervenire,

1708 4291 1881 4359 gratia
1914 4300 1969 4346 et
2012 4292 2354 4352 humanitate
2402 4298 2622 4354 Domini
2675 4302 2848 4355 nostri
2898 4302 3026 4358 Jesu
3058 4302 3288 4370 Christi,

1706 4398 1871 4452 quem
1897 4386 2058 4442 decet
2092 4389 2267 4459 gloria
2297 4407 2423 4447 cum
2456 4403 2663 4450 mterno
2699 4397 2858 4451 Patre
2888 4407 2945 4452 ct
2974 4397 3291 4452 vivificante

1705 4484 1896 4532 sancto
1924 4477 2158 4548 Spiritu,
2196 4499 2347 4539 nunc
2371 4494 2428 4540 et
2461 4502 2701 4558 semper,
2749 4496 2806 4543 ct
2842 4489 2897 4544 in
2934 4488 3147 4545 inﬁnita
3183 4504 3283 4547 sa:-

1704 4568 1825 4622 cula
1858 4571 2212 4630 swculorum.
2239 4576 2436 4632 Amen.

1703 4818 2011 4902 ml_§p§ga
2044 4831 2106 4879 ut
2146 4832 2232 4880 est
2255 4841 2297 4902 _u_
2322 4824 2450 4902 Cor.
2486 4846 2560 4902 iv,
2590 4828 2688 4902 _16,
2717 4838 2773 4885 et
2805 4833 2943 4902 psal.
2986 4848 3146 4890 unt.
3190 4837 3277 4890 ωδ

1701 4890 2371 5032 ωὰἓὲὶήἵέςέῑστρουθίον
2396 4900 2512 4954 ὑπὸ
2549 4890 2822 4969 Πέραὶιος.⁸
2836 4903 2904 4960 Et
2933 4903 3052 4963 haec
3091 4906 3282 4963 simili-

1933 4980 1961 5018 a
2060 5005 2073 5018 .
