4072 6534
340 387 479 454 1205

1358 386 1813 452 DISPUTATIO
1844 383 2245 448 ADVERSUS
2289 386 2623 451 JUD/EOS.

3375 370 3378 374 ’
3480 385 3617 461 1206

335 499 367 551 6
390 495 630 570 Χριστὸς
659 497 690 552 ό
713 496 847 564 Υἱὸς
876 495 972 553 τοῦ
995 495 1130 553 Θεοῦ
1162 495 1398 565 ζῶντος,
1438 495 1783 572 Χριστιανῶν
1818 511 1925 550 σω-

2028 497 2471 559 Christianorum
2502 503 3004 573 salus,Juda:orum
3032 516 3098 560 ac
3121 502 3411 577 gentilium
3443 506 3620 563 disso-

334 592 536 666 τηρία,
576 592 853 649 Ἰουδαίων
878 609 941 647 τε
982 592 1080 648 καὶ
1114 590 1386 664 Ἐλλήνων
1412 590 1733 659 κατάλυσις,
1770 587 1926 644 εἰδώ-

335 685 447 741 λων
480 685 827 759 καθαίρεσις.

410 774 549 833 Εἶτα
586 778 729 850 μετὰ
756 776 819 833 τὸ
842 777 1184 850 ὁμολογῆσαι
1211 776 1308 832 τὸν
1331 775 1592 831 Ἰουδαῖον
1626 774 1829 831 εἰδέναι
1858 774 1928 829 τὰ

336 871 816 943 προερωτηθέντα,
853 871 1019 944 ἄρξον
1047 870 1188 943 πρὸς
1210 871 1376 926 αὐτὸν
1404 871 1583 925 εἰπεῖν
1605 868 1802 935 οὕτως’
1820 869 1925 936 ὅτι,

337 958 412 1017 ’Ὦ
438 964 680 1031 Ἰουδαῖε,
714 965 860 1037 άπερ
892 981 975 1019 σοι
1007 964 1189 1036 μέλλω
1218 965 1416 1029 εἰπεῖν,
1444 963 1543 1034 οὐχ
1567 964 1735 1033 ἡμεῖς
1767 962 1928 1033 μόνον

337 1056 482 1111 αὐτὰ
526 1057 762 1127 λέγομεν
784 1096 801 1122 ,
853 1056 989 1111 ἀλλὰ
1023 1056 1119 1112 καὶ
1163 1057 1221 1111 αἰ
1249 1056 1469 1126 Γραφαὶ
1502 1054 1660 1120 ὑμῶν
1691 1053 1759 1107 τά
1788 1053 1927 1108 αύτά

341 1150 686 1223 μαρτυροῦσι
716 1151 811 1205 καὶ
838 1150 1081 1218 λέγουσι.
1110 1149 1257 1221 Πρὸς
1280 1149 1407 1203 τίνα
1430 1147 1523 1202 οὖν
1549 1142 1706 1201 εἴπεν
1727 1145 1924 1211 ὁΘεδς,

344 1263 363 1294 ι
408 1245 731 1314 Ποιήσωμεν
775 1243 1064 1315 ἄνθρωπον
1118 1242 1240 1297 κατ’
1287 1241 1474 1295 εἰκόνα
1510 1239 1790 1313 ἡμετέραν
1830 1238 1927 1293 καὶ

338 1335 464 1390 καθ’
495 1336 791 1406 ὁμοίωσιν;
821 1355 839 1387 ι
897 1337 1010 1389 Kal.
1061 1335 1109 1388 εἰ
1160 1333 1259 1405 μέν
1305 1334 1471 1400 εῐποι,
1510 1335 1592 1388 ὅτι
1623 1333 1770 1404 Πρὸς
1800 1333 1928 1395 τοὺς

336 1429 641 1498 ἀγγέλους,
692 1429 813 1482 εἰπὲ
857 1428 1025 1499 αὐτῷ,
1064 1428 1146 1481 ὅτι
1179 1427 1335 1491 Πῶς;
1372 1427 1484 1495 ἐγὼ
1510 1428 1620 1497 γὰρ
1649 1427 1792 1494 λέγω
1818 1442 1925 1491 σοι,

336 1524 423 1577 ὅτι
454 1523 599 1592 Πρὸς
627 1522 720 1576 τὸν
750 1522 883 1577 Υἰδν
912 1521 1070 1577 τοῦτο
1096 1515 1219 1575 εἰπε
1244 1537 1258 1552 ·
1298 1520 1363 1575 σὺ
1394 1520 1453 1574 δὲ
1485 1520 1577 1574 τὸν
1602 1519 1698 1573 ἕνα
1734 1518 1808 1590 μὴ
1835 1518 1925 1572 θέ-

336 1618 448 1672 λων
481 1612 915 1689 παραδέξασθαι,
955 1617 1184 1686 μυρίους
1214 1615 1456 1683 εἰσάγεις
1478 1630 1494 1645 ο
1546 1614 1643 1667 καὶ
1671 1613 1766 1668 τὸν
1796 1611 1927 1667 Υἰδν

262 1700 279 1723 ⁸
338 1707 553 1761 ἀθετῶν
577 1747 593 1773 ,
638 1708 879 1771 οἰκέταις
909 1705 972 1759 τὸ
996 1705 1098 1774 τῆς
1145 1704 1458 1775 συμϐουλῆς
1496 1703 1717 1775 ἀξίωμα
1762 1721 1923 1774 περι-

343 1800 516 1871 άπτῃ·
539 1799 775 1863 καὶτοὺς
800 1797 1127 1869 ὁμοδούλους
1154 1797 1334 1868 ἡμῶν,
1368 1797 1593 1868 κυρίους
1623 1799 1798 1860 ποιεῖς
1824 1798 1925 1867 τῆς

337 1893 616 1963 ἡμετέρας
661 1890 1047 1961 δημιουργίας.
1101 1889 1259 1953 Εἰπὲ,
1299 1889 1422 1959 οὐχὶ
1454 1890 1484 1942 6
1515 1888 1804 1959 ἅνθρωπος
1834 1907 1927 1943 τε·

335 1984 654 2055 λειούμενος
687 1983 777 2037 διὰ
803 1981 1079 2046 πολιτείας
1107 1981 1352 2052 ἀγαθῆς,
1399 1981 1536 2052 πρὸς
1561 1980 1663 2053 τὴν
1688 1981 1798 2035 τῶν
1822 1983 1925 2053 ἀγ-

336 2079 511 2147 γέλων
545 2078 702 2143 ἀξίαν
731 2078 1028 2147 ἀνάγκαις
1072 2076 1169 2131 καὶ
1200 2077 1353 2130 ποῖον
1381 2075 1780 2148 δημιούργημα
1811 2078 1926 2130 ἴσον

337 2168 482 2226 εἶναι
510 2172 589 2242 τῷ
608 2172 872 2224 Κτίσαντι
897 2170 1151 2234 δύναται;
1183 2168 1387 2222 Σκόπει
1411 2168 1468 2222 δὲ
1497 2171 1592 2222 καὶ
1614 2168 1683 2223 τὰ
1703 2169 1925 2239 ἐφεξῆς,

346 2283 366 2316 ι
404 2264 539 2319 Κατ’
566 2263 753 2318 εἰκόνα
800 2262 1102 2334 ἡμετέραν.
1136 2281 1155 2315 ι
1217 2262 1283 2315 Τί
1328 2262 1509 2330 λέγεις
1554 2261 1692 2333 πρὸς
1732 2262 1923 2329 τοῦτο;

336 2358 429 2430 Μὴ
453 2357 619 2411 εἰκὼν
640 2357 739 2429 μία
753 2356 889 2410 Θεοῦ
908 2358 1004 2411 καὶ
1029 2355 1312 2424 ἀγγέλων;
1341 2354 1709 2425 Οὑδαμῶς.Ἧ
1735 2355 1796 2409 ού
1827 2356 1926 2425 μὲν
1952 2370 1965 2391 κ

335 2450 449 2522 γὰρ
507 2450 602 2504 καὶ
657 2448 872 2520 Πατρδς
929 2450 1081 2503 πᾶσα
1135 2449 1353 2519 ἀνάγκη
1416 2448 1515 2520 τὴν
1565 2447 1737 2520 αὐτὴν
1785 2447 1927 2502 εῖναι

339 2546 581 2614 μορφὴν,
616 2542 942 2614 θεοπρεπῶς
971 2541 1216 2613 δηλονότι
1242 2542 1341 2611 τῆς
1369 2540 1587 2612 μορφῆς
1604 2538 1924 2611 νοουμένης,

334 2634 438 2687 οὐκ
493 2634 552 2687 ἐν
600 2634 841 2705 σχήματι
886 2630 1228 2703 σωματικῷ,
1285 2631 1402 2690 ἀλλ’
1445 2632 1506 2685 ἐν
1553 2631 1632 2699 τῷ
1674 2629 1926 2702 ἰδιώματι

334 2726 437 2797 τῆς
485 2726 781 2799 θεότητος;
821 2728 1021 2781 Ἄκουε
1063 2725 1122 2781 δὲ
1171 2725 1224 2779 τί
1267 2725 1454 2792 λέγει,
1512 2743 1532 2776 ι
1571 2723 1709 2778 Κατ’
1741 2723 1928 2776 εἰκόνα

335 2817 671 2888 ἡμετέραν.»
709 2816 830 2871 Τίνι
857 2817 1002 2889 άλλῳ
1032 2834 1097 2885 γε
1126 2816 1159 2888 ἢ
1190 2815 1270 2887 τῷ
1295 2816 1699 2886 ἀπαυγάσματι
1724 2816 1823 2885 τῆς
1843 2814 1929 2868 δό-

336 2906 459 2977 ξης,
496 2909 589 2962 καὶ
623 2909 937 2979 χαρακτῆρι
965 2908 1063 2975 τῆς
1094 2907 1449 2970 ὑποστάσεως
1478 2904 1668 2971 αὐτοῦ,
1701 2906 1781 2978 τῷ
1809 2904 1927 2977 Υίῷ

336 3000 437 3054 καὶ
465 3000 627 3072 Λόγῳ
658 3001 855 3066 αὑτοῦ,
896 3002 952 3067 ὃς
982 3003 1132 3055 ἐστιν
1163 2999 1329 3054 εἰκὼν
1362 2999 1458 3055 τοῦ
1491 3000 1724 3071 ἀοράτου
1754 2998 1927 3065 Θεοῦ;

337 3092 421 3162 Τῇ
448 3091 555 3162 ἰδίᾳ
570 3091 749 3146 τοίνυν
776 3091 946 3145 εἰκόνι
965 3094 1032 3164 τῇ
1056 3090 1229 3164 ζώσῃ,
1244 3094 1310 3163 τῇ
1331 3091 1567 3163 εἰπούσῃ
1584 3107 1599 3121 ο
1630 3110 1648 3143 ι
1670 3089 1814 3159 Ἐγὼ
1836 3090 1929 3143 καὶ

1953 1844 2001 1902 Β

2030 591 2193 661 lutio,
2223 592 2502 650 idolorum
2533 595 2786 651 abolitio.

2101 772 2223 831 Iam
2247 786 2405 839 vero,
2434 773 2532 830 ubi
2558 762 2783 831 Iudaeus
2809 773 2878 831 iis
2909 788 3035 846 quae
3064 771 3236 831 modo
3270 772 3417 832 dicta
3449 784 3613 844 sunt,

2028 867 2413 934 consenserit,
2467 866 2617 922 hunc
2672 866 2729 920 in
2780 866 3010 922 modum
3073 880 3201 922 eum
3265 866 3611 938 alloquaris:

2028 961 2162 1028 Quae
2195 961 2317 1027 tibi,
2350 976 2383 1015 ο
2424 960 2633 1025 Iudaee,
2666 958 2922 1017 dicturus
2971 976 3094 1016 sum
3117 1001 3131 1027 ,
3164 976 3229 1017 ea
3271 975 3383 1015 non
3435 960 3615 1015 solum

2028 1070 2131 1109 nos
2180 1053 2517 1117 asserimus,
2566 1052 2666 1107 sed
2701 1052 2869 1108 etiam
2919 1055 3094 1108 vestri
3131 1053 3287 1109 Libri
3338 1061 3616 1109 testantur

2028 1154 2196 1216 atque
2241 1152 2522 1201 asserunt.
2582 1145 2664 1200 Ad
2703 1161 3002 1215 quemnam
3050 1146 3219 1216 igitur
3255 1146 3396 1201 dixit
3421 1147 3611 1201 Deus:

2035 1258 2055 1291 ‹
2091 1239 2380 1296 Faciamus
2407 1240 2687 1295 hominem
2706 1239 3012 1295 secundum
3045 1240 3339 1311 imaginem
3366 1250 3612 1295 nostram

2028 1342 2086 1389 et
2131 1332 2557 1388 similitudinem
2588 1332 2605 1365 ¹
2633 1334 2656 1387 ?
2684 1353 2701 1385 ι
2756 1332 2916 1400 Quod
2975 1332 3022 1387 si
3077 1334 3432 1403 responderit
3478 1351 3491 1387 :
3532 1332 3615 1388 Ad

2027 1425 2275 1497 angelos,
2308 1425 2399 1481 dic
2425 1427 2477 1481 ei
2508 1442 2520 1477 :
2553 1425 2696 1492 Quid
2727 1426 2841 1480 ita?
2874 1425 3144 1495 Equidem
3184 1425 3249 1479 ad
3277 1425 3473 1480 Filium
3498 1426 3617 1481 haec

2028 1532 2156 1573 eum
2220 1518 2427 1573 dixisse
2496 1517 2749 1584 allirmo;
2803 1526 2862 1572 tu
2928 1533 3102 1582 vero,
3161 1518 3614 1588 quandoquidem

2028 1627 2203 1665 unum
2265 1610 2494 1682 rejicis.
2552 1610 2875 1665 innumeros
2917 1609 3270 1674 introducis,
3305 1618 3363 1665 et
3414 1610 3616 1665 Filium

2029 1721 2319 1776 respuens,
2351 1704 2525 1760 servis
2567 1704 2785 1759 consilii
2826 1704 3096 1759 honorem
3125 1704 3413 1771 attribuis,
3451 1716 3618 1774 atque

2030 1815 2332 1855 conservos
2359 1808 2580 1854 nostros
2603 1797 2737 1852 facis
2765 1797 3019 1853 dominos
3049 1799 3352 1853 creationis
3387 1806 3615 1856 nostrae.

2027 1894 2245 1959 Nonne,
2281 1909 2489 1963 quaaso,
2536 1894 2702 1947 homo
2750 1893 2894 1947 bona
2924 1895 3051 1947 vitae
3097 1893 3311 1948 ratione
3357 1909 3618 1949 consum-

2027 1998 2208 2041 matus
2224 1986 2292 2041 ad
2320 1987 2644 2057 angelorum
2675 1987 2934 2042 evehitur
2956 1987 3326 2057 dignitatem?
3353 1986 3615 2053 Qumnam

2027 2089 2212 2134 autem
2259 2091 2517 2134 creatura
2551 2079 2799 2135 Creatori
2841 2095 2942 2150 par
2978 2094 3101 2134 esse
3148 2080 3405 2150 poterit?
3446 2079 3618 2136 Carte-

2027 2188 2151 2226 rum
2182 2172 2475 2227 considera
2500 2188 2623 2243 qua:
2656 2180 2990 2242 sequuntur,
3023 2191 3043 2223 ι
3069 2172 3151 2227 Ad
3186 2173 3481 2239 imaginem
3514 2188 3618 2227 no-

2026 2276 2217 2321 stram.
2262 2283 2280 2317 ι
2318 2263 2459 2331 Quid
2489 2265 2556 2318 ad
2592 2265 2708 2320 haec
2750 2266 2942 2321 dices?
2973 2266 3114 2321 Num
3156 2282 3265 2320 una
3305 2274 3389 2320 est
3421 2266 3514 2331 Dei
3560 2272 3617 2322 et

2029 2358 2351 2426 angelorum
2419 2357 2649 2427 imago?
2714 2358 3102 2428 Nequaquam.
3174 2358 3369 2412 Nonne
3436 2358 3616 2429 imago

2026 2449 2209 2504 Patris
2237 2450 2555 2505 necessario
2606 2459 2691 2505 est
2735 2465 2843 2505 una
2886 2450 3215 2522 eademque,
3274 2449 3319 2506 si
3352 2449 3614 2505 nimirum

2027 2558 2195 2597 sensu
2223 2542 2336 2596 Deo
2388 2542 2556 2612 digno
2600 2542 2895 2613 imaginem
2930 2541 3245 2612 acceperis,
3272 2558 3383 2597 non
3409 2558 3617 2598 secun-

2033 2635 2165 2690 dum
2204 2635 2459 2704 corporis
2509 2635 2782 2699 formam,
2814 2635 2911 2691 sed
2960 2636 3266 2690 secundum
3308 2634 3619 2692 divinitatis

2027 2734 2282 2780 naturam
2306 2725 2329 2779 ?
2355 2724 2474 2780 Jam
2503 2739 2636 2779 vero
2661 2725 2707 2779 si
2738 2724 2893 2789 dicit,
2930 2722 3281 2778 «Secundum
3321 2723 3619 2793 imaginem

2028 2829 2299 2884 nostram,
2334 2838 2353 2871 ι
2394 2819 2613 2874 cuinam
2646 2818 2740 2873 alii
2768 2817 2971 2873 dixerit
2995 2832 3158 2887 quam
3181 2815 3469 2887 splendori
3503 2815 3621 2888 glo-

1978 2896 1993 2907 ’
2031 2912 2126 2966 riae
2165 2920 2221 2966 et
2255 2912 2565 2967 characteri
2608 2910 2935 2966 substantiae
2966 2925 3081 2965 suae
3105 2949 3117 2972 ,
3150 2909 3291 2965 Filio
3339 2923 3403 2963 ac
3436 2907 3619 2963 Verbo

2028 3020 2150 3069 suo,
2179 3004 2272 3076 qui
2314 3013 2399 3059 est
2431 3003 2613 3074 imago
2641 3002 2938 3057 invisibilis
2969 3002 3115 3057 Dei?
3142 3001 3223 3056 Ad
3261 3016 3419 3057 suam
3450 3000 3620 3071 igitur

2029 3099 2204 3168 ipsius
2253 3097 2544 3169 imaginem
2581 3097 2896 3157 viventem,
2938 3110 3063 3167 quae
3102 3094 3243 3150 dixit
3285 3110 3299 3148 :
3340 3112 3359 3145 ι
3397 3094 3513 3165 Ego
3561 3098 3620 3148 et

336 3186 367 3237 6
395 3186 586 3254 Πατὴρ
611 3185 669 3239 ἐν
698 3186 882 3256 ἐσμεν·
917 3203 935 3236 ι
968 3186 1085 3249 καὶ,
1127 3204 1145 3237 ι
1176 3184 1237 3238 '0
1268 3183 1533 3257 ἑωρακὼς
1560 3183 1683 3255 ἐμὲ,
1713 3184 1925 3255 ἑώρακε

2032 3192 2194 3246 Pater
2240 3206 2415 3245 unum
2453 3206 2647 3245 sumus
2674 3192 2725 3249 ³.
2761 3208 2779 3240 ι
2830 3199 2886 3244 et
2916 3206 2929 3242 :
2970 3210 2986 3240 ι
3022 3188 3126 3256 Qui
3158 3202 3248 3243 me
3279 3186 3439 3253 vidit,
3476 3186 3620 3241 vidit

335 3278 429 3337 τὸν
469 3278 711 3348 Πατέρα·
743 3297 762 3332 ι
812 3277 988 3351 ταύτῃ
1017 3278 1196 3346 λέγειν
1238 3296 1256 3329 ι
1288 3278 1613 3348 Ποιήσωμεν
1636 3276 1924 3349 ἄνθρωπον

337 3365 460 3418 κατ’
487 3366 671 3419 εἰκόνα
701 3366 999 3437 ἡμετέραν.
1029 3386 1048 3418 ι
1083 3366 1258 3423 Ὅπου
1289 3366 1386 3439 μία
1425 3365 1610 3433 εἰκὼν,
1633 3368 1734 3420 ποῦ
1754 3369 1816 3421 τὸ
1834 3368 1926 3421 ἀν-

336 3459 525 3526 ὁμοιον
548 3476 565 3527 ;
591 3478 608 3510 ι
641 3461 751 3513 Καὶ
778 3458 1034 3530 ἐποίησεν
1065 3460 1093 3513 6
1112 3458 1246 3523 Θεὸς
1275 3460 1367 3513 τὸν
1393 3460 1704 3530 ἄνθρωπον,
1734 3479 1753 3513 ι
1779 3461 1923 3532 οὐχὶ,

351 3552 669 3624 Ἐποίησαν.
698 3553 908 3623 Ἔφυγε
942 3552 1117 3607 ταῦτα
1143 3554 1234 3608 τὸν
1265 3553 1586 3625 πληθυσμὸν
1617 3554 1725 3608 τῶν
1756 3572 1925 3627 προσ-

338 3641 506 3695 ώπων
524 3660 538 3675 ·
570 3644 659 3695 διὰ
690 3643 790 3713 μὲν
819 3643 916 3697 τοῦ
944 3645 1143 3707 εἰπεῖν,
1178 3661 1197 3694 ι
1226 3644 1553 3715 Ποιήσωμεν
1580 3645 1920 3717 ἄνθρωπον,ι

340 3736 403 3798 σὲ
435 3736 527 3789 τὸν
548 3736 809 3791 Ἰουδαῖον
838 3736 1113 3795 παιδεύων
1135 3755 1148 3769 ·
1200 3737 1290 3791 διὸ.
1318 3739 1376 3792 δὲ
1406 3738 1501 3793 τοῦ
1529 3740 1727 3805 εἰπεῖν,
1770 3759 1789 3791 ι
1818 3739 1927 3794 Καὶ

338 3829 599 3899 ἐποίησεν
647 3829 676 3882 ὁ
719 3829 852 3894 Θεὸς
901 3830 993 3884 τὸν
1037 3831 1350 3902 ἄνθρωπον,
1382 3850 1401 3883 ι
1442 3831 1535 3885 τὸν
1574 3831 1926 3903 Ἑλληνισμὺν

335 3921 668 3976 ἀποκλείων.
720 3922 1007 3992 Ἀσφαλῶς
1055 3924 1332 3993 ἀνέδραμε
1381 3924 1520 3994 πρὸς
1562 3923 1662 3993 τὴν
1697 3923 1921 3993 μονάδα,

337 4014 429 4073 ἵνα
460 4014 555 4066 καὶ
585 4013 714 4066 Υἱδν
747 4017 877 4084 νοῇς
910 4015 1052 4085 μετὰ
1077 4015 1291 4087 Πατρὸς
1310 4056 1325 4083 ,
1373 4017 1470 4071 καί⁵
1502 4017 1604 4089 τῆς
1631 4016 1926 4085 πολυθεῖας

335 4105 560 4178 ἐκφύγῃ
591 4106 651 4159 τὸ
681 4106 1042 4162 ἐπικίνδυνον.

412 4285 505 4356 Τῷ
538 4286 594 4339 δέ
630 4286 827 4351 εἰπεῖν,
867 4306 885 4339 ι
921 4288 1033 4341 Καὶ
1065 4286 1397 4361 ἐνεφύσησεν
1432 4291 1513 4355 εἰς
1538 4291 1599 4345 τὸ
1629 4290 1924 4365 πρόσωπον

335 4379 508 4432 αὐτοῦ
541 4381 713 4451 πνοὴν
744 4379 917 4452 ζωῆς,
971 4382 1065 4433 καὶ
1092 4380 1313 4451 ἐγένετο
1343 4384 1370 4436 6
1398 4382 1687 4454 ἄνθρωπος
1716 4386 1795 4445 εἰς
1820 4385 1925 4455 ψυ-

336 4476 442 4544 χὴν
474 4472 676 4539 ζῶσαν,
709 4493 727 4526 ι
765 4474 826 4527 ού
858 4473 1092 4548 φανερόν
1123 4476 1290 4539 ἐστιν,
1330 4476 1413 4529 ὅτι
1439 4476 1533 4535 τοῦ
1561 4475 1721 4546 ἁγίου
1746 4475 1923 4531 Πνεύ-

2030 3285 2197 3340 etiam
2230 3284 2450 3340 Patrem
2471 3285 2511 3349 ³,
2550 3303 2568 3338 ι
2599 3284 2665 3339 ad
2694 3283 2856 3347 hanc,
2888 3284 3135 3353 inquam,
3169 3281 3342 3336 dixit:
3385 3299 3402 3332 ι
3433 3280 3622 3336 Facia-

2032 3393 2157 3432 mus
2185 3377 2465 3432 hominem
2512 3376 2817 3432 secundum
2862 3374 3157 3446 imaginem
3199 3381 3469 3428 nostram.
3500 3392 3517 3424 ι
3559 3373 3619 3428 In

2031 3487 2142 3543 quo
2162 3480 2348 3525 autem
2370 3485 2478 3525 una
2501 3470 2681 3541 imago
2701 3511 2714 3532 ,
2746 3469 2840 3523 ubi
2870 3469 2978 3523 erit
3006 3466 3315 3522 dissimile?
3345 3486 3365 3519 ι
3389 3466 3459 3521 Et
3488 3463 3621 3523 fecit

2032 3565 2179 3619 Deus
2225 3564 2529 3624 hominem,
2562 3580 2581 3613 ι
2639 3577 2783 3627 non,
2837 3579 2856 3612 ι
2906 3560 3180 3615 fecerunt.
3216 3578 3234 3611 ι
3288 3558 3405 3614 Hoc
3452 3557 3621 3613 modo

2031 3666 2396 3721 personarum
2446 3650 2815 3720 pluralitatem
2869 3648 3158 3705 evitavit:
3216 3648 3482 3702 nimirum
3529 3646 3620 3701 di-

2031 3742 2209 3799 cendo
2242 3759 2255 3795 :
2295 3760 2313 3793 (
2347 3742 2634 3797 Faciamus
2681 3742 2988 3806 hominem,
3020 3760 3036 3793 ι
3088 3750 3141 3797 te
3192 3740 3445 3797 Judaeum
3479 3738 3620 3795 edo-

2032 3852 2164 3891 cens
2187 3876 2201 3900 ,
2232 3835 2469 3890 dicendo
2501 3846 2685 3891 autem
2723 3853 2735 3888 :
2776 3855 2792 3885 ι
2825 3834 3046 3890 Etl‘ecit
3076 3835 3222 3889 Deus
3250 3834 3554 3897 hominem,
3591 3849 3611 3885 ι

2030 3928 2318 4000 gentilium
2354 3943 2603 3983 errorem
2640 3928 2920 3998 rejiciens.
2971 3926 3151 3996 Atque
3196 3926 3277 3981 sic
3310 3925 3485 3996 probe
3523 3924 3623 3979 dea

2031 4020 2361 4076 monstravit
2390 4020 2660 4074 unitatem
2688 4059 2702 4084 ,
2744 4028 2806 4072 ut
2840 4017 3040 4072 Filium
3083 4017 3248 4071 simul
3295 4031 3421 4072 cum
3459 4017 3619 4070 Patre

2030 4129 2318 4186 agnoscas,
2356 4121 2413 4167 et
2465 4111 2837 4183 periculosam
2873 4110 3176 4164 multorum
3212 4107 3445 4163 deorum
3496 4107 3621 4177 ορί·

1970 4268 1973 4273 ,
2029 4209 2255 4264 nionem
2281 4206 2547 4262 declines.

2099 4299 2236 4357 Cum
2283 4308 2469 4353 autem
2519 4296 2726 4353 dicitur
2770 4313 2782 4349 :
2830 4314 2848 4347 ι
2880 4294 2949 4350 Et
2984 4293 3278 4365 inspiravit
3325 4293 3382 4348 in
3418 4290 3623 4349 faciem

2028 4395 2149 4465 ejus
2164 4393 2503 4464 spiraculum
2528 4390 2685 4455 vitae,
2711 4398 2768 4445 et
2797 4388 2976 4444 factus
3001 4395 3087 4443 est
3109 4387 3275 4443 homo
3295 4386 3351 4440 in
3376 4386 3618 4441 animam

2027 4489 2308 4544 viventem
2330 4494 2372 4554 ⁵,
2410 4507 2426 4539 ι
2456 4501 2639 4541 nonne
2668 4484 2962 4540 manifesto
3002 4482 3244 4554 Spiritus
3283 4481 3459 4537 sancti
3497 4478 3619 4536 eilia

341 4582 515 4637 ματος
547 4566 645 4637 τὴν
675 4565 825 4627 θείαν
854 4566 1137 4639 ἐνέργειαν
1177 4566 1454 4637 ἐδήλωσε;
1512 4568 1683 4621 Τοῦτο
1713 4566 1808 4621 καὶ
1837 4565 1925 4621 διὰ

2030 4581 2181 4638 cacia
2212 4580 2302 4635 his
2335 4578 2524 4634 verbis
2573 4576 2854 4633 indicatur
2878 4575 2906 4629 τι
2936 4575 3054 4631 Hoc
3094 4574 3262 4629 etiam
3313 4573 3619 4644 propheta-

333 4660 449 4714 τῶν
474 4660 769 4733 προφητῶν
799 4658 1103 4731 ἐκηρύχθη,
1132 4659 1209 4721 ὡς
1233 4660 1290 4713 ἐν
1310 4659 1409 4730 τῷ,
1436 4678 1456 4712 ι
1478 4660 1705 4731 Πνεῦμα
1720 4660 1927 4734 Κυρίου

334 4755 427 4809 ἐπ’
456 4754 609 4825 ἐμέ-ι
651 4754 763 4819 καὶ,
803 4772 821 4805 ‹
856 4752 1081 4823 Πνεῦμα
1109 4752 1317 4823 Κυρίου
1346 4752 1634 4824 ὡδήγησεν
1660 4752 1918 4818 αὐτούς’»

335 4843 457 4909 καὶ,
499 4860 515 4891 ι
550 4842 775 4912 Πνεῦμα
807 4843 1120 4912 ἐπιστήμης
1150 4841 1449 4912 ἐνέπλησεν
1479 4842 1571 4895 τὸν
1600 4841 1916 4916 Bacchi-1).,»

334 4934 430 4987 τὸν
478 4934 842 5005 ἀρχιτέκτονα
887 4934 986 5004 τῆς
1034 4934 1260 5004 σκηνῆςο
1300 4934 1416 5000 καὶ,
1468 4950 1489 4985 ι
1521 4934 1747 5006 Πνεῦμα
1778 4954 1923 5007 παρα

336 5028 664 5096 οξυνόμενον
689 5043 704 5058 ο
737 5044 754 5078 ι
813 5027 907 5079 καὶ
943 5045 961 5078 ι
994 5026 1221 5098 Πνεῦμα
1258 5025 1462 5098 ἐξᾶραν
1489 5025 1679 5083 Ἠλίαν
1724 5030 1781 5082 ἐν
1822 5029 1924 5102 ἆρ-

341 5140 473 5193 ματι
506 5120 600 5174 καὶ
631 5119 864 5191 ζητηθέν
910 5121 1063 5192 παρὰ
1094 5120 1399 5181 Ἐλισσαίου
1434 5121 1735 5177 διπλάσιον·
1768 5140 1787 5175 ι
1827 5124 1924 5180 καὶ

340 5212 622 5283 Πνεύματι
656 5212 848 5283 ἀγαθῷ
869 5214 984 5281 καὶ,
1020 5213 1336 5286 ἡγεμονικῷ
1362 5214 1530 5269 Δαΰίδ
1557 5216 1922 5288 ὀδηγούμενός

336 5322 399 5359 τε
452 5305 547 5358 καὶ
578 5304 991 5377 στηριζόμενος.
1032 5307 1386 5378 Ἐπηγγέλθη
1414 5306 1471 5361 δὲ
1503 5307 1609 5362 ὑπὸ
1642 5309 1741 5380 μὲν
1764 5310 1923 5382 Ἰωὴλ

335 5399 624 5470 πρότερον,
656 5417 676 5452 ι
696 5400 806 5452 Καὶ
837 5401 895 5453 ἐν
923 5400 1043 5465 ταῖς
1072 5400 1327 5471 ἐσχάταις
1356 5402 1615 5473 ἡμέραις,
1649 5401 1923 5474 λέγοντος,

336 5496 516 5566 ἐκχεῶ
568 5496 679 5550 ἀπὸ
728 5496 822 5557 τοῦ
869 5495 1186 5568 Πνεύματός
1218 5514 1319 5570 μου
1348 5496 1440 5552 ἐπὶ
1463 5501 1645 5555 πᾶσαν
1668 5501 1866 5575 σάρκα,
1900 5524 1921 5560 ι

336 5588 541 5663 δηλαδὴ
561 5590 661 5664 τὴν
685 5590 1079 5662 πιστεύσασαν,
1129 5609 1149 5645 ι
1178 5592 1274 5647 καὶ
1303 5592 1399 5647 ἐπὶ
1423 5592 1551 5659 τοὺς
1576 5594 1727 5661 υἱοὺς
1747 5597 1924 5669 ὑμῶν,

412 5792 427 5822 ¹
469 5790 607 5865 Ge_n_.
642 5807 682 5860 l,
711 5793 805 5849 26.
881 5796 903 5827 ²
933 5794 1091 5851 Joan.
1126 5812 1155 5850 κ
1182 5836 1196 5861 ,
1241 5797 1333 5854 30.
1447 5798 1468 5830 ³
1508 5796 1667 5855 Joan.
1694 5818 1802 5865 xxv,
1832 5802 1885 5859 9.

2000 5802 2020 5835 ⁸
2051 5801 2187 5857 Gen.
2215 5818 2273 5865 ιι,
2298 5802 2354 5858 7.

2034 4692 2157 4732 rum
2184 4673 2503 4731 testimonio
2536 4671 2924 4735 conﬁrmatur,
2950 4676 3013 4723 ut
3038 4668 3093 4721 in
3122 4667 3233 4721 illis
3268 4683 3282 4720 :
3329 4684 3347 4717 ι
3374 4665 3627 4736 Spiritus-

2031 4763 2248 4821 Domini
2284 4777 2453 4831 super
2480 4776 2568 4816 me
2597 4762 2641 4825 ⁸,
2684 4778 2703 4811 ι
2749 4767 2807 4814 et
2839 4775 2853 4812 :
2890 4777 2909 4809 ι
2940 4757 3183 4828 Spiritus
3216 4757 3434 4811 Domini
3458 4756 3629 4811 duxit

2029 4868 2148 4919 eos,
2181 4873 2198 4905 ι
2251 4863 2308 4909 et
2346 4869 2359 4907 :
2400 4872 2418 4905 ι
2453 4852 2696 4923 Spiritus
2731 4851 3066 4923 cognitionis
3098 4850 3333 4921 replevit
3370 4850 3629 4906 Beseleel

2031 4946 2394 5009 architectum
2422 4930 2770 4999 tabernaculi
2792 4944 2812 4976 ⁸
2837 4984 2851 5009 ,
2887 4960 2906 4995 ι
2947 4950 3003 4998 et
3032 4959 3046 4997 :
3095 4960 3114 4994 ι
3151 4942 3395 5013 Spiritus
3436 4943 3619 4998 irrita-

2030 5049 2162 5107 tus;
2202 5058 2220 5091 ›
2258 5049 2316 5094 et
2352 5056 2365 5091 :
2409 5057 2427 5090 ι
2458 5037 2699 5108 Spiritus
2752 5037 3051 5092 sustollens
3094 5037 3270 5091 Eliam
3320 5036 3374 5091 in
3422 5052 3612 5101 curru,

2029 5143 2088 5189 et
2111 5131 2461 5188 desideratus
2508 5129 2809 5200 dupliciter
2848 5130 2918 5184 ab
2963 5129 3241 5195 Eliszeo';
3276 5148 3294 5181 ι
3343 5137 3402 5184 οι
3442 5127 3613 5183 David

2032 5228 2247 5300 Spiritu
2294 5228 2442 5283 bono
2491 5236 2549 5281 et
2599 5226 2903 5296 principali
2947 5225 3258 5281 conductus
3311 5233 3368 5281 et
3416 5224 3613 5280 suﬂ'ul-

2032 5330 2121 5378 tus
2143 5321 2185 5377 ⁸.
2219 5341 2237 5374 ι
2271 5320 2583 5377 Promissus
2636 5328 2722 5375 est
2782 5318 2947 5374 etiam
3003 5319 3073 5374 ab
3102 5319 3253 5375 Joele
3310 5318 3485 5389 prius,
3520 5315 3616 5373 ubi

2033 5415 2175 5472 dixit
2197 5416 2294 5471 «Et
2325 5412 2537 5471 ultimis
2593 5412 2793 5469 diebus
2840 5410 3122 5466 eﬂ‘undam
3146 5410 3215 5465 de
3245 5408 3455 5481 Spiritu
3488 5420 3615 5463 meo

2033 5524 2201 5580 super
2218 5524 2440 5565 omnem
2452 5522 2701 5575 carnem,
2726 5505 2968 5563 iseilicet
2984 5503 3356 5570 eredentenm
3378 5510 3613 5571 etsuper
3634 5511 3639 5517 ‘

2034 5598 2180 5656 ﬁlios
2218 5608 2436 5657 vestros
2460 5607 2519 5655 et
2546 5611 2715 5671 super
2745 5597 2886 5655 ﬁlias
2915 5602 3130 5653 vestras
3155 5593 3199 5660 ’,
3230 5608 3251 5646 ι
3307 5600 3367 5650 et
3391 5597 3607 5653 esten.

3365 5797 3386 5830 ⁶
3422 5796 3591 5860 Exod.

2468 5806 2487 5838 ⁵
2529 5802 2645 5860 Ιεο.
2678 5777 2833 5871 ιχῖξί
2863 5819 2877 5869 ;
2909 5801 3042 5859 Luc.
3073 5814 3146 5867 IV,
3174 5796 3259 5855 l8.

340 5876 500 5925 luxv.
530 5861 619 5919 3i.
697 5865 716 5896 "
755 5865 822 5925 ιν
844 5866 977 5937 Reg.
1024 5882 1081 5933 ιι,
1117 5866 1200 5923 l5.
1278 5869 1298 5903 ⁸
1338 5868 1357 5925 ι
1398 5869 1532 5936 Reg.
1562 5861 1800 5940 “1,15.-
1860 5874 1925 5931 ’J

2038 5889 2134 5941 .u,
2170 5861 2270 5927 28.
