4072 6586
430 394 572 465 1217

1636 394 1699 455 s.
1737 386 2138 452 ANASTASII
2178 350 2504 452 suum

3571 390 3711 458 ιεοε

430 513 499 569 Ει
528 532 542 567 :
584 533 602 565 ι
621 511 868 584 Splritus
899 508 1124 568 divinus
1161 508 1312 571 fecit’
1334 525 1457 576 tne,
1485 518 1543 566 et
1584 510 1793 566 halitus
1818 508 2013 566 Omni-

2146 509 2213 563 ια).
2260 509 2359 561 ἐπὶ
2404 508 2506 572 τὰς
2547 507 2858 580 θυγατέρας
2903 506 3114 579 ὑμῶν.»
3156 510 3253 565 καὶ
3284 510 3352 564 τὰ
3385 511 3537 580 ἑξῆς.
3570 512 3706 576 Καὶ,

431 604 676 677 potentis
710 621 799 660 me
827 601 1017 660 docuit
1048 603 1112 658 ν’.
1145 620 1164 656 ι
1202 601 1270 671 Et
1302 618 1499 659 rursus
1529 619 1545 656 :
1587 621 1606 654 ι
1642 603 1877 658 Etnittes
1900 602 2023 673 Spi-

436 700 602 753 ritum
647 708 802 753 tuum
824 738 840 763 ,
890 705 947 753 et
980 696 1364 763 creabuntur,
1399 706 1457 753 et
1487 697 1784 752 renovabis
1823 698 2023 753 faciem

434 798 598 842 terra:
626 787 693 841 “.
725 805 746 839 ι
788 785 1056 843 Similiter
1080 787 1225 844 Deus
1256 787 1424 842 etiam
1456 785 1527 842 de
1554 786 1766 843 Adamo
1791 788 2021 844 dicens:

441 899 461 931 ι
502 882 645 938 Ecce
678 881 859 938 lactus
905 888 993 938 est
1020 880 1197 937 Adam
1235 890 1298 947 ut
1332 897 1532 938 unuse
1570 881 1738 939 nobis
1764 883 1840 948 “,
1868 901 1889 935 ι
1918 884 2024 939 Pa-

438 983 604 1039 trem,
642 973 844 1029 Filium
878 982 1045 1046 atque
1083 974 1355 1047 Spiritum
1407 985 1661 1032 sanctum
1692 975 1900 1031 innuit.
1928 975 2027 1032 His

438 1065 615 1136 adiice
646 1075 703 1121 et
730 1066 1022 1123 considera
1060 1068 1211 1138 quod
1246 1084 1278 1124 a
1322 1070 1437 1125 Deo
1472 1071 1529 1126 in
1555 1071 1677 1142 lege
1706 1070 2029 1143 promulga—

440 1170 533 1214 tur
568 1177 581 1212 :
615 1178 633 1211 ι
666 1160 834 1222 Audi,
865 1160 1058 1228 Israel,
1084 1163 1357 1220 Dominus
1382 1166 1529 1222 Deus
1568 1176 1734 1233 tuus,
1760 1166 2029 1222 Dominus

441 1268 587 1308 unus
610 1263 696 1307 est
726 1253 790 1308 ".
814 1273 834 1306 ι
881 1254 1080 1311 Nonne
1112 1256 1217 1313 hac
1243 1273 1380 1315 voce
1424 1267 1509 1315 ter
1536 1260 1774 1332 repetita
1800 1268 2031 1331 apparet

440 1356 687 1403 sanctam
720 1347 1052 1405 Trinitatem
1086 1366 1211 1408 esse
1243 1368 1415 1408 unum
1438 1352 1651 1409 Deum?
1681 1355 1899 1409 Patrem
1934 1368 2032 1407 au-

443 1450 554 1495 tem
595 1456 662 1495 ac
710 1442 912 1497 Filium
957 1451 1013 1498 et
1060 1442 1329 1514 Spiritum
1380 1455 1634 1501 sanctum
1685 1461 1808 1501 esse
1858 1460 2031 1501 unum

440 1532 640 1595 Deum,
678 1542 794 1589 tum
846 1534 1012 1590 dictis
1058 1544 1174 1590 tum
1224 1537 1480 1593 dicendis
1524 1538 1814 1608 probatur.
1858 1538 2033 1593 Porro

441 1621 577 1679 hinc
609 1640 834 1695 quoque
862 1626 997 1681 illud
1028 1627 1327 1700 intelliges,
1357 1630 1507 1701 quod
1546 1630 1749 1685 Filium
1783 1630 2032 1700 appella-

444 1733 570 1772 mus
597 1733 749 1783 eum,
784 1717 853 1773 de
882 1735 994 1789 quo
1026 1721 1297 1792 Propheta
1323 1722 1467 1778 dixit
1500 1740 1514 1778 :
1561 1742 1580 1775 ι
1604 1724 1788 1779 Verbo
1812 1723 2035 1779 Domini

444 1811 570 1866 caeli
619 1811 823 1867 ﬁrmati
869 1823 1002 1869 sunt
1046 1816 1109 1870 “.
1152 1835 1170 1868 ι
1232 1816 1522 1883 Quomodo
1549 1827 1735 1873 autem
1771 1818 2008 1874 dicimus

446 1901 717 1973 Spiritum
756 1907 1058 1961 sanctum?
1107 1909 1219 1963 «Et
1268 1908 1477 1980 Spiritu
1525 1909 1640 1965 oris
1691 1910 1812 1981 ejus
1854 1909 2036 1965 omnis

444 1995 624 2051 virtus
674 2012 870 2052 eorum
902 1999 985 2063 “;
1021 2017 1040 2052 ι
1091 1999 1169 2054 ita
1223 2001 1371 2055 enim
1418 2000 1476 2057 in
1530 2001 1806 2057 Trinitate
1860 2016 2035 2056 unum

445 2086 621 2145 Deum
651 2090 911 2147 colimus.
951 2092 1072 2146 Iam
1098 2108 1308 2162 quaeso,
1335 2109 1368 2149 ο
1396 2093 1607 2160 Iudaee,
1640 2094 1862 2149 cuinam
1887 2093 2037 2149 Scri-

444 2195 611 2257 ptura
660 2197 845 2241 vestra
881 2185 1022 2241 dicit
1065 2186 1225 2242 haec:
1268 2208 1286 2240 ι
1318 2186 1589 2244 Dominus
1618 2189 1685 2244 ad
1732 2204 1819 2244 me
1850 2189 1989 2243 dixit
2019 2205 2034 2242 :

454 2300 473 2332 ι
512 2279 688 2335 Filius
709 2295 868 2335 meus
912 2295 975 2335 es
1006 2288 1062 2334 tu
1084 2320 1099 2345 ,
1131 2296 1235 2351 ego
1258 2282 1426 2338 hodie
1472 2293 1525 2339 te
1565 2284 1731 2354 genui
1762 2283 1849 2336 “?
1880 2304 1897 2336 ι
1931 2281 2038 2339 Ubi

446 2371 720 2443 psalmum
767 2371 836 2427 de
878 2371 1177 2427 Salomone
1211 2374 1381 2429 verba
1427 2374 1612 2430 facere
1645 2375 2036 2446 responderit,

449 2466 731 2535 interroga
760 2480 888 2520 eum
918 2482 931 2518 :
965 2464 1355 2535 Quotuplicem
1391 2475 1556 2522 terrae
1585 2477 1801 2538 partem
1830 2468 2038 2539 guber-

447 2557 604 2612 navit
637 2555 902 2613 Salomo?
934 2557 1162 2614 Scilicet
1193 2574 1298 2615 nec
1325 2558 1615 2615 dimidiam
1640 2601 1654 2625 ,
1684 2576 1789 2616 nec
1815 2561 2037 2617 tertiam

449 2659 664 2723 partem
707 2659 891 2716 terrae,
932 2650 1030 2707 sed
1073 2651 1247 2707 solam
1272 2652 1542 2709 Iudzeam.
1572 2652 1843 2709 Caeterum
1868 2654 2041 2725 probe

450 2742 710 2799 attendas
733 2783 747 2809 ,
777 2759 812 2799 o
844 2743 1068 2809 Iudaee,
1099 2754 1161 2800 ut
1201 2743 1481 2817 intelligas
1519 2746 1792 2816 psalmum
1819 2761 1930 2802 non
1969 2746 2041 2802 de

452 2836 774 2904 Salomone,
809 2837 908 2893 sed
938 2837 1007 2894 de
1036 2837 1264 2894 Christo
1304 2854 1488 2910 agere.
1529 2837 1623 2895 Sic
1645 2839 1795 2895 enim
1822 2839 1992 2895 habet
2023 2856 2038 2893 :

460 2950 480 2982 ι
510 2932 782 2987 Dominus
830 2931 971 2986 dixit
1011 2931 1079 2987 ad
1132 2946 1221 2987 me
1250 2947 1266 2986 :
1294 2932 1472 2988 Filius
1516 2948 1676 2988 meus
1719 2948 1782 2988 es
1828 2939 1909 2997 tu,
1940 2947 2042 3003 ego

452 3021 621 3077 hodie
650 3033 702 3078 te
728 3021 915 3093 genui.
944 3022 1077 3078 Pete
1098 3038 1129 3078 a
1161 3037 1270 3091 me,
1299 3032 1357 3079 et
1387 3024 1533 3080 dabo
1576 3024 1677 3080 tibi
1705 3032 1905 3097 gentes
1932 3024 2045 3079 hae-

454 3114 748 3175 reditatem
777 3125 952 3180 tuam,
982 3123 1040 3170 et
1066 3115 1475 3186 possessionem
1511 3124 1662 3172 tuam
1696 3116 1832 3172 lines
1856 3126 2040 3173 terrae.

2132 619 2153 654 ι
2183 601 2409 672 Πνεῦμα
2439 603 2501 656 τὸ
2528 601 2673 657 θεῖον
2700 603 2761 656 τὸ
2784 602 3021 674 ποιῆσάν
3044 621 3136 674 με,
3165 603 3303 676 πνοὴ
3322 603 3379 659 δὲ
3405 605 3717 675 Παντοκρά-

2125 712 2287 767 τορος
2318 695 2351 767 ή
2379 695 2714 750 διδάσκουσά
2738 713 2863 768 με.»
2899 698 3010 750 Καὶ
3036 699 3222 764 πάλιν,
3250 718 3272 750 ι
3298 697 3717 765 Ἐξαποστελεῑς

2124 790 2188 843 τὸ
2221 787 2450 860 Πνεῦμα
2480 805 2575 842 σου
2595 829 2613 855 ,
2671 789 2770 843 καὶ
2802 788 3214 857 κτισθήσονται,
3248 789 3344 843 καὶ
3376 788 3718 853 ἀνακαινιείς

2124 881 2191 935 τὸ
2239 880 2533 953 πρόσωπον
2561 880 2662 951 τῆς
2705 880 2834 951 γῆς.
2870 900 2890 933 ι
2932 879 3180 952 ὀμοίως
3210 881 3269 934 δὲ
3301 882 3399 936 καὶ
3428 880 3508 952 τῷ
3538 882 3720 935 είπεῖν

2126 972 2222 1026 τὸν
2249 972 2385 1026 Θεὸν
2417 972 2548 1043 ’τιερλ⁷
2574 970 2670 1026 τοῦ
2691 972 2868 1044 Ἀδὰμ
2888 1012 2904 1037 ,
2949 973 3033 1027 ὅτι
3072 992 3092 1026 ι
3129 972 3266 1028 Ἰδοὺ
3295 973 3521 1043 γέγονεν
3544 972 3723 1043 Ἀδὰμ

2127 1064 2207 1129 ὡς
2245 1059 2327 1131 εἷς
2375 1064 2436 1131 ἒξ
2463 1065 2678 1137 ήμῶν,›
2718 1065 2965 1138 Πατέρα,
2996 1066 3146 1133 Υίδν,
3182 1066 3279 1120 καὶ
3307 1067 3468 1135 ἅγιον
3491 1065 3723 1135 Πνεῦμα

2130 1156 2302 1227 δηλοῖ.
2351 1156 2687 1229 Ἀρίθμησον
2734 1157 2794 1211 δὲ
2851 1158 2947 1211 καὶ
2988 1158 3148 1213 τοῦτο
3172 1198 3188 1225 ,
3234 1160 3333 1213 καὶ
3362 1159 3440 1213 ίδε
3491 1158 3552 1212 τὸ
3578 1156 3724 1228 ὑπὲρ

2130 1250 2227 1304 τοῦ
2251 1249 2388 1305 Θεοῦ
2419 1252 2542 1323 είρη
2552 1252 2713 1322 μένον
2742 1251 2834 1306 διὰ
2854 1250 2949 1306 τοῦ
2973 1252 3141 1323 νόμου
3163 1251 3437 1321 λέγοντος·
3461 1252 3722 1314 «Ἄκουε,

2133 1342 2377 1414 Ἰσραὴλ,
2414 1343 2625 1416 Κύριος
2656 1344 2685 1397 6
2709 1342 2846 1407 Θεός
2873 1361 2990 1410 σου,
3014 1343 3222 1415 Κύριος
3245 1337 3330 1408 είς
3351 1344 3563 1397 ἐστιν.»
3588 1342 3728 1413 Οὐχὶ

2135 1434 2372 1506 φανερὸν
2396 1434 2635 1507 ὑπάρχει
2664 1436 2756 1490 διὰ
2779 1436 2877 1507 τῆς
2903 1435 3269 1509 τρισαρίθμου
3294 1435 3498 1503 λέξεως
3515 1436 3728 1505 ταὺτης

2134 1528 2216 1583 ὅτι
2247 1529 2281 1600 ή
2311 1528 2444 1597 ἁγία
2465 1529 2639 1600 Τριὰς
2675 1529 2808 1595 Θεὸς
2837 1524 2915 1595 εἷς
2944 1531 3131 1596 ὲστιν;
3165 1530 3291 1586 Ὀτι
3318 1530 3376 1584 δὲ
3408 1530 3602 1603 Πατὴρ
3630 1529 3728 1585 καὶ

2138 1621 2264 1686 Υίὸς
2308 1622 2407 1675 καὶ
2442 1622 2600 1691 ἅγιον
2639 1621 2868 1694 Πνεῦμα
2912 1622 3048 1687 Θεὸς
3082 1617 3164 1687 εἷς
3198 1626 3341 1690 ἐστι,
3369 1624 3465 1676 καὶ
3487 1606 3597 1678 ἀπὸ
3616 1621 3728 1675 τῶν

2139 1713 2418 1787 ῥηθέντων
2441 1716 2535 1769 καὶ
2555 1707 2631 1769 ὧν
2653 1715 2946 1787 ὀφείλομεν
2964 1715 3168 1785 λέγειν,
3192 1716 3378 1786 δῆλον.
3408 1715 3520 1770 Kal
3543 1714 3730 1769 ἐντεῦ-

2138 1807 2231 1862 θεν
2257 1808 2354 1862 καὶ
2385 1808 2649 1881 πρόσχες.
2690 1810 2931 1863 Ἐκεῖνον
2957 1810 3070 1881 γὰρ
3104 1810 3383 1881 καλοῦμεν
3408 1808 3562 1876 Υἱδν,
3596 1808 3731 1879 περὶ

2138 1896 2200 1956 οὗ
2228 1902 2256 1954 6
2282 1903 2571 1974 προφήτης
2598 1898 2743 1956 εἷπε·
2774 1922 2793 1956 ι
2830 1902 2923 1975 Τῷ
2972 1903 3135 1974 Λόγῳ
3167 1904 3378 1975 Κυρίου
3417 1902 3468 1956 oi
3504 1900 3731 1973 οὐρανοὶ

2138 1995 2574 2066 ἐστερεώθησαν.
2614 2014 2634 2049 ι
2670 1997 2767 2061 Είς
2810 1994 2841 2050 ὃ
2895 1996 2953 2050 δὲ
2992 1995 3229 2066 λέγομεν
3266 1995 3496 2065 Πνεῦμα
3537 1994 3729 2063 amo»;

2144 2107 2164 2141 ι
2195 2089 2307 2143 Kal
2338 2087 2418 2159 τῷ
2450 2087 2733 2160 Πνεῦματι
2753 2088 2850 2143 τοῦ
2889 2088 3165 2160 στόματος
3192 2089 3363 2144 αὐτοῦ
3398 2091 3550 2143 πᾶσα
3578 2090 3611 2160 ή
3639 2088 3735 2141 δύ-

2138 2199 2302 2251 ναμις
2326 2182 2529 2235 αὐτῶν·
2574 2200 2594 2234 ι
2625 2180 2772 2235 οὕτω
2800 2180 2910 2253 γὰρ
2939 2183 3101 2253 ήμείς
3141 2183 3200 2235 ὲν
3228 2181 3422 2252 Τριὰδι
3452 2180 3590 2234 Θεὸν
3633 2178 3733 2232 ἕνα

2141 2273 2394 2344 σέϐομεν.
2431 2275 2567 2329 Εἰπὲ
2586 2274 2644 2328 δὲ
2674 2274 2762 2340 σὺ,
2791 2267 2837 2329 ὧ
2872 2273 3117 2341 ἰουδαῖε,
3147 2274 3287 2346 πρὸς
3311 2274 3434 2328 τίνα
3468 2274 3503 2343 ή
3539 2271 3735 2345 Γραφὴ

2141 2365 2296 2436 ὑμῶν
2326 2364 2498 2434 λέγει,
2544 2366 2626 2420 ὃτι
2667 2384 2686 2418 ι
2706 2366 2909 2438 Κύριος
2941 2360 3065 2420 εἶπε
3094 2366 3231 2439 πρός
3266 2381 3364 2437 με·
3397 2365 3526 2429 Υἱός
3553 2382 3655 2436 μου
3683 2359 3738 2417 sl

2142 2458 2230 2523 σὺ,
2259 2457 2370 2527 ἐγὼ
2395 2458 2642 2530 σήμερον
2673 2459 2992 2527 γεγέννηκά
3020 2476 3081 2512 σε
3108 2475 3123 2527 ;
3168 2478 3188 2511 ι
3225 2458 3335 2512 Kal
3363 2459 3411 2512 el
3447 2457 3547 2528 μὲν
3581 2457 3735 2527 εἴπῃ,

2142 2551 2226 2605 ὅτι
2274 2551 2405 2622 περὶ
2452 2550 2807 2623 Σολομῶντος
2838 2551 2991 2622 λέγει
3032 2552 3063 2605 6
3108 2551 3345 2623 ψαλμδς,
3378 2550 3501 2605 είπὲ
3554 2550 3734 2619 αὐτῷ·

2143 2644 2256 2699 Kal
2291 2646 2459 2700 πόσον
2486 2645 2654 2719 μέρος
2680 2646 2778 2701 τοῦ
2802 2645 3013 2718 κόσμου
3044 2645 3367 2717 ἐκυρίευσεν
3391 2647 3420 2699 6
3448 2642 3738 2715 Σολομῶν;

2145 2737 2403 2806 Δηλονότι
2431 2737 2555 2792 οὐδὲ
2584 2738 2648 2792 τὸ
2683 2738 2883 2809 ἥμισυ,
2919 2738 3043 2793 οὐδὲ
3071 2737 3134 2793 τὸ
3162 2736 3348 2811 τρίτον
3374 2735 3471 2790 τοῦ
3498 2736 3734 2807 κόσμου,

2143 2827 2258 2881 ἀλλ’
2304 2828 2338 2899 ἢ
2374 2829 2536 2898 μόνον
2567 2828 2669 2899 τήν
2712 2826 2995 2883 Ἰουδαίαν.
3030 2827 3144 2883 Kal
3175 2827 3411 2882 ἄκουσον
3444 2825 3739 2897 νουνεχῶς,

2143 2914 2189 2973 ὦ
2234 2920 2481 2983 ’1ουδαῖε,
2513 2920 2609 2974 καὶ
2640 2920 2782 2992 μάθε
2808 2921 2891 2975 ὃτι
2922 2920 3053 2992 περὶ
3075 2920 3171 2975 τοῦ
3196 2919 3438 2993 Χριστοῦ
3468 2922 3496 2975 6
3523 2919 3743 2991 ψαλμὶς

2143 3011 2314 3080 λέγει,
2349 3012 2445 3067 καὶ
2488 3013 2612 3085 οὐχὶ
2633 3012 2764 3084 περὶ
2790 3013 3165 3085 Σολομῶντος.
3196 3012 3362 3083 Λέγει
3396 3012 3527 3084 γάρ·
3567 3031 3586 3065 ι
3624 3012 3742 3067 Κύ-

2146 3122 2263 3177 ριος
2300 3103 2422 3159 εἶπε
2477 3106 2618 3177 πρός
2659 3123 2763 3178 με·
2815 3107 2945 3172 Υίός
2975 3124 3078 3178 μου
3123 3103 3175 3161 εἴ
3224 3108 3311 3171 σὺ,
3351 3105 3465 3176 ἐγὼ
3499 3108 3744 3178 σήμερον

452 3207 656 3267 Pasces
689 3222 788 3263 eos
825 3206 883 3263 in
917 3206 1077 3279 virga
1116 3205 1294 3263 ferrea
1318 3249 1333 3275 ,
1367 3208 1523 3264 velut
1556 3224 1683 3265 vasa
1718 3207 1869 3281 ﬁguli
1905 3224 2041 3264 con-

2146 3196 2455 3269 γεγέννηκά
2478 3215 2559 3252 σε·
2588 3198 2815 3272 αίτησαι
2848 3200 2981 3270 παρ’
3007 3198 3166 3271 ἐμοῦ,
3193 3198 3291 3253 καὶ
3315 3198 3475 3253 δώσω
3502 3215 3585 3252 σοι
3611 3197 3745 3268 ἔθνη

456 3310 607 3356 teres
657 3316 754 3355 eos
781 3300 844 3354 ⁸⁷.
878 3298 1041 3355 rIam
1091 3314 1225 3355 vero
1264 3315 1392 3355 cum
1444 3308 1662 3357 certum
1702 3309 1869 3371 atque
1890 3308 2044 3357 extra

455 3412 678 3452 omnem
696 3395 1066 3452 dubitationis
1087 3397 1262 3453 aleam
1288 3396 1529 3468 positum
1556 3396 1649 3462 sit,
1673 3394 2044 3461 Salomonem,

456 3491 539 3548 uti
568 3491 831 3555 diximus,
868 3505 1050 3561 neque
1076 3489 1390 3557 dimidiam,
1426 3504 1609 3560 neque
1635 3489 1857 3545 tertiam
1878 3498 2047 3545 terra:

456 3594 698 3655 partem,
732 3583 831 3640 sed
872 3584 1047 3640 solam
1106 3590 1313 3639 terram
1357 3582 1644 3640 Iudaicam
1686 3582 2044 3654 gubernasse,

457 3691 571 3746 quo
601 3686 873 3746 tempore,
898 3690 1108 3745 quaeso,
1148 3689 1182 3730 ο
1210 3673 1419 3740 Iudaze,
1450 3673 1589 3730 lines
1614 3682 1776 3729 terrae
1802 3673 2049 3745 possedit

460 3767 723 3823 Salonio?
744 3766 977 3833 Quando
1000 3767 1153 3838 pavit
1177 3781 1276 3822 eos
1303 3767 1361 3822 in
1395 3767 1544 3839 virga
1567 3766 1789 3822 ferrea?
1813 3764 2048 3833 Quando

459 3860 617 3915 velut
647 3874 776 3916 vasa
821 3858 971 3932 figuli
1016 3860 1280 3916 contrivit
1318 3860 1511 3917 hostes
1547 3860 1720 3917 suos?
1752 3860 2046 3931 Nunquam

459 3955 712 4009 omnino.

534 4234 614 4291 Ad
644 4234 819 4291 Irulrei
851 4242 1034 4289 autem
1070 4233 1438 4305 objectionem
1472 4252 1486 4289 :
1521 4234 1576 4291 Si
1608 4235 1781 4292 Filius
1807 4248 1892 4294 est
1928 4240 2048 4304 Dei,

464 4331 545 4383 uti
581 4327 854 4391 asseritis,
886 4328 1167 4396 quomodo
1197 4328 1405 4385 dixerit
1438 4328 1584 4383 Deus
1616 4329 1771 4399 quasi
1818 4332 1886 4387 ad
1928 4347 2051 4387 ser-

461 4437 594 4477 vum
630 4440 644 4476 :
687 4440 706 4472 ι
742 4422 875 4477 Pete
926 4437 958 4476 a
1006 4436 1129 4489 me,
1173 4430 1234 4476 et
1277 4421 1423 4477 dabo
1472 4421 1613 4477 tibi?
1642 4442 1661 4475 ι
1699 4424 1769 4480 Ει
1804 4441 2000 4482 rursus
2034 4444 2049 4481 :

470 4532 490 4565 ο
529 4514 642 4585 Ego
669 4513 837 4568 hodie
871 4522 925 4568 te
951 4512 1144 4584 genui,
1178 4530 1197 4565 ι
1238 4513 1499 4568 similiter
1532 4514 1690 4584 quasi
1731 4515 1800 4570 ad
1827 4531 2049 4573 servum

461 4605 561 4679 qui
592 4613 743 4677 petat
773 4616 941 4676 atque
973 4604 1233 4675 accipiat,
1277 4614 1338 4660 et
1365 4605 1436 4662 de
1466 4605 1742 4663 hodierno
1770 4608 1883 4675 die,
1923 4625 2051 4665 cum
2077 4586 2132 4646 D

464 4702 613 4756 dicat
641 4718 655 4755 :
691 4717 710 4750 ι
742 4699 857 4770 Ego
887 4698 1057 4755 hodie
1084 4706 1137 4754 te
1161 4698 1361 4770 genui;
1397 4716 1416 4752 ι
1446 4714 1548 4755 vos
1572 4700 1872 4757 Christiani
1899 4703 2049 4760 enim

463 4795 593 4844 ante
634 4787 903 4844 mundum
956 4786 1186 4843 omnino
1233 4803 1363 4843 eum
1404 4799 1600 4845 natum
1644 4805 1767 4847 esse
1818 4792 2047 4850 dicitis:

465 4875 536 4930 ad
575 4876 741 4941 hanc,
771 4876 1021 4945 inquam,
1047 4875 1421 4947 objectionem
1451 4876 1505 4933 ei
1537 4877 1619 4933 sic
1646 4881 2047 4949 respondebis:

466 4968 545 5023 De
575 4984 642 5024 eo
670 4968 820 5038 quod
851 4969 1015 5025 Pater
1042 4967 1113 5023 ad
1143 4968 1346 5025 Filium
1375 4969 1583 5027 dixerit
1609 4989 1622 5026 :
1663 4989 1683 5024 ι
1721 4973 1854 5031 Pete
1881 4990 1912 5030 a
1940 4991 2052 5043 me,

466 5072 525 5117 ct
556 5061 700 5117 dabo
740 5063 863 5127 tibi,
907 5082 926 5116 ι
959 5064 1073 5118 noli
1105 5063 1335 5123 oﬂ'endi.
1375 5063 1530 5137 Saepe
1584 5067 1736 5123 enim
1774 5085 1871 5126 rex
1911 5086 2055 5140 quo-

466 5171 600 5224 que,
635 5155 805 5209 animi
835 5156 1227 5215 benevolentia
1255 5157 1480 5225 ductus,
1524 5160 1591 5216 ad
1635 5161 1811 5217 lilium
1860 5162 1998 5219 dicit
2035 5182 2049 5218 :

467 5244 620 5316 Roga
671 5259 784 5308 mc,
835 5253 893 5301 et
942 5247 1246 5302 concedam
1292 5248 1394 5304 tibi
1443 5250 1718 5323 quidquid
1784 5255 2052 5311 volueris.

346 5350 349 5353 ‘
468 5336 627 5405 Quod
663 5346 851 5392 autem
898 5337 1159 5395 addidit:
1198 5358 1217 5393 ι
1250 5341 1365 5412 Ego
1397 5342 1565 5399 hodie
1603 5354 1655 5401 te
1703 5347 1894 5418 genui,
1939 5366 1957 5396 ι
1997 5347 2053 5403 id

468 5429 539 5484 de
568 5428 929 5499 generatione
959 5430 1083 5502 ejus
1110 5434 1421 5490 secundum
1459 5440 1686 5493 carnem
1734 5438 2054 5511 intelligen-

468 5521 600 5577 dum
625 5535 730 5584 est,
762 5522 1039 5594 siquidem
1069 5526 1248 5581 Patris
1278 5528 1619 5600 benignitate
1642 5546 1672 5586 e
1705 5540 1893 5587 sancta
1928 5533 2073 5589 Dei-‘

357 5644 361 5648 ι
464 5625 681 5687 εσθαι-οι
708 5630 929 5688 semper
960 5617 1177 5690 virgine
1218 5619 1391 5677 Maria
1433 5631 1601 5677 natus
1626 5631 1732 5679 est.
1775 5625 1857 5680 Ad
1886 5641 2053 5696 quem

2151 3292 2252 3363 τὴν
2292 3291 2663 3362 κληρονομίαν
2711 3308 2828 3359 σου,
2870 3293 2969 3347 καὶ
3018 3291 3119 3364 τὴν
3161 3290 3497 3362 κατάσχεσιν
3546 3307 3640 3344 σου
3672 3288 3744 3343 τὰ

2155 3387 2372 3459 πέρατα
2398 3386 2500 3457 τῆς
2524 3387 2650 3459 γῆς·
2685 3389 2974 3460 ποιμανεῖς
3003 3388 3203 3453 αὐτοὺς
3228 3388 3288 3440 ὲν
3319 3386 3504 3459 ῥάϐδῳ
3521 3386 3737 3458 σιδηρᾷ,

2153 3480 2230 3544 ὼς
2258 3480 2429 3551 σκεύη
2464 3480 2759 3552 κεραμέως
2799 3481 3111 3552 συντρίψεις
3160 3480 3382 3544 αὐτούς.
3420 3498 3439 3531 ι
3480 3479 3616 3533 Εἰπέ
3652 3496 3741 3550 μοι

2152 3568 2248 3627 οὖν
2284 3573 2349 3628 σὺ
2388 3571 2536 3645 ἄρτι,
2582 3572 2827 3639 Ἰουδαῖε,
2864 3575 3083 3637 πάντως
3112 3572 3269 3645 δῆλον
3312 3572 3407 3626 καὶ
3442 3570 3741 3642 ὁμολογούο

2159 3667 2320 3737 μενόν
2349 3668 2520 3730 ἐστιν,
2554 3667 2631 3731 ὼς
2664 3666 2912 3736 εἴπομεν,
2944 3668 3026 3720 ὅτι
3075 3667 3242 3739 ἥμισυ
3277 3668 3379 3738 τῆς
3428 3665 3533 3735 γῆς
3584 3665 3744 3717 Σολο-

2159 3758 2276 3828 μῶν
2302 3758 2362 3811 οὐ
2405 3758 2691 3830 κατέσχεν,
2723 3758 2843 3812 οὐδὲ
2894 3759 2954 3812 τὸ
3000 3758 3205 3828 τρίτον,
3240 3758 3398 3821 ἐκτὸς
3445 3762 3539 3810 καὶ
3581 3757 3743 3827 μόνον

2154 3850 2257 3920 τὴν
2303 3848 2564 3904 Ἰουδαίαν
2593 3850 2718 3920 γῆν.
2752 3851 2975 3914 Λοιπὸν,
3018 3851 3149 3903 πότε
3198 3849 3468 3920 κατέσχεν
3508 3852 3538 3904 6
3585 3847 3747 3902 Σολοο

2159 3942 2278 4013 μῶν
2305 3941 2375 3996 τὰ
2405 3941 2618 4014 πέρατα
2647 3943 2747 4012 τῆς
2774 3943 2918 4012 γῆς;
2952 3942 3091 3996 Πότε
3125 3942 3182 3996 δὲ
3221 3943 3519 4013 ὲποίμανεν
3544 3943 3745 4006 αὐτοὺς

2156 4036 2215 4087 ὲν
2245 4034 2427 4105 ῥάϐδῳ
2459 4035 2657 4106 σιδηρᾷ
2685 4051 2699 4099 ;
2737 4035 2877 4088 Πότε
2910 4035 2967 4088 δὲ
2997 4035 3072 4099 ὡς
3098 4034 3266 4105 σκεύη
3298 4035 3591 4105 κεραμέως
3620 4052 3743 4088 συν-

2158 4127 2347 4197 έτριψε
2389 4128 2516 4191 τοὺς
2545 4127 2775 4199 ἐχθροὺς
2809 4126 2972 4180 αὐτοῦ
3000 4144 3014 4193 ;
3059 4127 3283 4191 Πάντως
3315 4127 3598 4182 οὐδέποτε.

2229 4244 2291 4296 El
2319 4243 2375 4297 δὲ
2414 4241 2543 4313 εἴπῃ
2580 4244 2608 4296 6
2643 4242 2915 4307 Ἰουδαῖος·
2950 4243 3012 4295 El
3048 4242 3175 4305 Υἱός
3205 4244 3320 4296 ἔστι
3350 4241 3445 4296 τοῦ
3474 4241 3631 4309 Θεοῦ,
3666 4242 3741 4307 ὡς

2158 4333 2368 4403 λέγετε,
2404 4333 2519 4398 πῶς
2549 4327 2703 4386 εἶπεν
2734 4335 2762 4387 6
2790 4332 2921 4398 Θεὸς
2947 4334 3023 4398 ὡς
3053 4334 3191 4406 πρὸς
3213 4333 3419 4388 δοῦλον·
3457 4354 3476 4386 ι
3507 4337 3742 4406 Αίτησαι

2159 4428 2293 4499 παρ’
2316 4425 2475 4497 ἐμοῦ,
2505 4426 2601 4481 καὶ
2647 4425 2806 4479 δώσω
2846 4441 2962 4491 σοι;
2997 4445 3014 4479 ι
3053 4427 3147 4478 καὶ
3179 4426 3360 4479 πάλιν·
3395 4445 3415 4478 r
3462 4426 3604 4495 Ἐγὼ
3645 4428 3740 4496 σήν

2164 4532 2327 4588 μερον
2356 4514 2667 4585 γεγέννηκά
2689 4531 2780 4581 σε;
2823 4534 2841 4565 ι
2875 4514 3029 4585 Τάχα
3064 4515 3140 4577 ὡς
3162 4514 3300 4586 πρὸς
3327 4514 3533 4581 δοῦλον,
3564 4514 3653 4568 διὰ
3684 4515 3743 4568 τὸ

2157 4607 2329 4659 αἰτεῖν
2367 4606 2463 4660 καὶ
2508 4603 2833 4675 λαμϐάνειν·
2878 4605 2973 4657 καὶ
3013 4602 3091 4667 ὡς
3139 4600 3418 4675 ἐφήμερον
3444 4645 3458 4668 ,
3520 4605 3610 4658 διὰ
3657 4604 3738 4669 τὸ,

2164 4717 2183 4751 ι
2238 4696 2381 4767 Ἐγὼ
2417 4698 2658 4769 σήμερον
2699 4697 3010 4768 γεγέννηκά
3039 4713 3133 4749 σε·
3170 4714 3189 4749 ι
3228 4697 3323 4751 καὶ
3359 4697 3469 4768 γὰρ
3507 4696 3665 4767 ὑμεῖς
3691 4696 3739 4749 οί

2157 4788 2479 4861 Χριστιανοὶ
2511 4788 2619 4861 πρὸ
2651 4787 2746 4841 τοῦ
2780 4786 2990 4857 κόσμου
3024 4787 3147 4841 ὅλου
3177 4786 3367 4856 λέγετε
3398 4787 3481 4840 ὅτι
3514 4788 3739 4857 ἐγεννή-

2161 4884 2248 4956 θη·
2282 4882 2405 4937 εἰπὲ
2460 4882 2609 4955 αὐτῷ
2639 4882 2832 4947 οῦτως·
2875 4882 3013 4954 Περὶ
3062 4881 3156 4936 τοῦ
3204 4882 3379 4935 εἰπεῖν
3407 4880 3499 4934 τὸν
3525 4880 3741 4950 Πατέρα

2159 4975 2298 5046 πρὸς
2331 4974 2421 5030 τὸν
2455 4975 2604 5041 Υίδν,
2638 4976 2719 5029 ὅτι
2756 4994 2775 5027 ι
2822 4975 3057 5045 Δῖτησαι
3109 4976 3237 5048 παρ’
3274 4972 3431 5046 ἐμοῦ,
3463 4974 3559 5027 καὶ
3588 4974 3741 5028 δώσω

2160 5084 2265 5135 σοι,
2304 5088 2323 5121 ι
2357 5067 2431 5140 μὴ
2459 5066 2834 5133 σκανδαλίζου·
2867 5067 3041 5120 πολλὰ
3067 5066 3176 5138 γὰρ
3202 5068 3297 5120 καὶ
3328 5065 3581 5137 βασιλεὺς
3610 5066 3742 5139 πρὸς

2157 5161 2248 5215 τὸν
2275 5160 2443 5216 αὐτοῦ
2501 5162 2616 5215 υἱὸν
2646 5161 2798 5231 λέγει
2852 5161 2961 5215 ἀπὸ
2995 5160 3200 5231 πολλῆς
3231 5161 3476 5233 ἀγάπης·
3510 5159 3743 5231 Αἴτησαί

2162 5271 2273 5325 μοι,
2304 5255 2400 5308 καὶ
2425 5255 2649 5328 παρέχω
2674 5272 2758 5309 σοι
2785 5255 2839 5310 εί
2865 5273 2918 5308 τι
2945 5254 3141 5319 Θέλεις.
3166 5256 3277 5309 Kal
3308 5255 3471 5311 πάλιν
3493 5258 3623 5328 περὶ
3650 5253 3741 5309 τοῦ

2159 5348 2357 5414 εἰπεῖν,
2413 5365 2432 5397 ι
2478 5346 2620 5417 Ἐγὼ
2654 5347 2895 5419 σήμερον
2934 5347 3247 5419 γεγέννηκά
3294 5364 3377 5413 σε,
3417 5366 3437 5400 ι
3493 5348 3742 5418 περὶτῆς

2158 5438 2303 5493 κατὰ
2359 5438 2540 5507 σάρκα
2595 5441 2905 5510 γεννήσεως
2948 5438 3114 5492 αὐτοῦ
3157 5438 3344 5508 λέγει·
3390 5438 3612 5508 εὐδοκία
3638 5436 3740 5508 γὰρ

2156 5531 2252 5586 τοῦ
2282 5532 2519 5603 Πατρδς,
2550 5530 2747 5602 ἐτέχθη
2779 5532 2842 5585 ἐκ
2867 5531 2968 5602 τῆς
2996 5532 3160 5600 ἁγίας
3184 5530 3450 5585 Θεοτόκου
3475 5531 3572 5585 καὶ
3606 5530 3741 5583 ’Δει-

2158 5624 2430 5697 παρθένου
2461 5625 2705 5697 Μαρίας.
2748 5623 2869 5677 Τίνι
2896 5624 3006 5696 γὰρ
3030 5620 3152 5678 εἶπέ
3184 5641 3314 5678 ποτε
3338 5623 3447 5678 τῶν
3469 5620 3737 5693 ἀγγέλων,
3839 5668 3845 5673 ,

539 5801 584 5835 ⁸⁸
611 5800 715 5859 Iob
743 5818 929 5868 xxxm,
961 5801 1013 5855 4.
1094 5801 1133 5833 ¹¹
1162 5801 1304 5859 Psal.
1331 5817 1419 5860 cm
1448 5843 1461 5870 ,
1485 5801 1573 5858 δυ.
1654 5805 1693 5836 ι’
1723 5805 1863 5861 Gen.
1898 5821 1974 5869 ιιι,
2007 5805 2041 5860 2

2180 5805 2222 5838 "
2247 5807 2407 5863 Deut.
2439 5822 2511 5870 γι,
2542 5806 2592 5860 4.
2676 5805 2877 5862 “Psal.
2915 5821 3084 5871 xxx",
3116 5803 3169 5860 6.
3250 5806 3291 5837 ”
3316 5803 3451 5869 ibid.
3534 5805 3575 5837 "
3600 5802 3733 5861 Psal.

468 5872 611 5937 ".7.
690 5874 731 5907 ‘7
773 5872 887 5932 ibid
942 5871 975 5927 8
1030 5873 1083 5927 9.
