4072 6518
336 365 442 429 ὶθθ

304 366 442 439 1209
1132 420 1135 423 γ
1304 366 1724 423 DISPUTATII

308 492 327 525 ι
376 474 502 536 Υἱός
528 487 631 544 μου
661 466 715 527 εἴ
746 471 834 533 σὺ.
867 470 977 541 ἐγὼ
1001 471 1243 544 σήμερον
1271 470 1581 542 γεγέννηκά
1622 486 1724 535 σε;

1304 359 1764 423 DISPUTATIO
1796 356 2193 421 ADVERSUS
2228 360 2560 423 JUDEOS.

3383 365 3387 370 ’
3424 356 3563 425 1210

1768 488 1787 523 ι
1817 499 1887 509 -
1912 469 2135 531 A-enim
2168 470 2488 540 angelorum
2524 471 2666 527 dixit
2688 470 2991 543 aliquando
3018 487 3034 528 :
3069 490 3089 525 ι
3124 471 3301 529 Filius
3332 488 3490 529 meus
3511 490 3572 530 es

307 587 328 618 ι
342 566 476 635 Οὐχὶ
493 566 693 629 πάντες
719 566 827 619 εἰσὶ
852 564 1200 636 λειτουργικὰ
1224 562 1507 635 πνεύματα
1522 565 1600 627 είς
1615 562 1888 616 διακονίαν

2019 577 2071 625 u,
2107 576 2211 631 ego
2243 561 2409 616 hodie
2450 570 2502 618 te
2529 564 2735 634 genui?
2766 582 2784 616 ι
2822 595 2889 605 ——
2918 584 2936 616 ι
2972 563 3169 619 Nonne
3205 578 3403 618 omnes
3442 574 3573 618 sunt

304 657 749 728 ἀποστελλόμενα
768 674 818 727 ;ι
855 658 965 711 Καὶ
987 656 1149 711 πάλιν
1178 656 1436 728 ὀλλαχοῦο
1472 674 1493 709 ι
1519 654 1660 725 Ἐγὼ
1694 654 1889 726 εσομαι

2019 653 2452 711 ιόωίηἰειιδσιονίἱ
2482 657 2730 727 Spiritus,
2760 660 2815 713 in
2850 658 3222 714 ministerium
3255 656 3408 712 missi
3436 658 3477 688 ¹⁸
3499 657 3522 710 ?
3548 678 3566 709 ι

307 752 387 814 εἰς
418 749 661 823 Πατέρα,
698 752 793 805 καὶ
823 750 985 816 αὐτὸς
1015 753 1165 805 ἔσται
1192 767 1285 821 μοι
1338 750 1421 815 είς
1454 748 1605 804 Υἱόν.
1655 766 1675 801 ι
1705 747 1893 802 Ταῦτα

2019 745 2061 798 Et
2090 761 2287 803 rursus
2315 748 2426 803 alio
2454 747 2511 802 in
2551 749 2673 805 loco
2702 767 2716 804 :
2754 770 2770 802 ι
2808 751 2922 822 Ego
2944 766 3044 806 ero
3075 751 3126 805 ei
3162 750 3218 805 in
3248 751 3488 813 Patrem,
3519 758 3574 805 et

309 844 419 915 γὰρ
449 846 591 898 κατὰ
642 844 704 899 τὸ
733 842 1076 917 ἀνθρώπινον
1131 842 1228 899 καὶ
1275 844 1377 916 τὴν
1419 842 1688 915 ενσαρκον
1723 837 1891 895 αὐτοῦ

2019 853 2113 907 pse
2143 838 2254 894 erit
2283 838 2420 893 mihi
2448 839 2502 894 in
2538 840 2735 895 Filium
2768 842 2846 895 ιιι
2874 862 2891 893 ι
2921 842 3047 899 Ηωο
3076 843 3225 898 enim
3265 842 3574 897 secundum

314 935 628 1006 οἰκονομίαν
666 937 910 1009 εἴρηκεν,
939 937 1001 991 οὐ
1038 936 1138 1009 τὴν
1183 935 1406 991 αἰώνιον
1439 934 1695 1005 γέννησιν
1720 932 1892 1004 δηλοῖ,

320 1027 456 1082 ἀλλὰ
481 1028 577 1099 τὴν
614 1022 724 1083 τῶν
752 1029 961 1100 χρόνων
992 1026 1453 1101 συνεζευγμένην.
1496 1025 1560 1083 Ὀ
1593 1025 1702 1098 γάρ
1731 1024 1895 1095 φύσει

317 1118 449 1183 Υἱὸς
481 1119 615 1173 Θεοῦ
638 1120 833 1189 γέγονε
866 1122 960 1173 καὶ
993 1120 1154 1190 φύσει
1189 1118 1479 1192 ἄνθρωπος
1507 1118 1597 1172 διὰ
1614 1117 1711 1189 τὴν
1737 1113 1896 1187 ἡμῶν

316 1207 613 1278 σωτηρίαν,
651 1208 713 1261 οὐ
748 1208 891 1262 κατὰ
916 1208 1079 1280 χάριν
1106 1209 1268 1263 τοῦτο
1300 1209 1593 1278 λαμϐάνων
1630 1207 1766 1279 (ἔχει
1786 1206 1897 1277 γὰρ

315 1301 450 1357 αὐτὸ
476 1301 615 1357 κατά
643 1301 823 1372 φύσιν
854 1303 949 1355 καὶ
985 1301 1255 1373 λαμϐάνει
1283 1300 1443 1354 τοῦτο
1493 1298 1656 1354 πάλιν
1685 1297 1761 1362 ὡς
1796 1299 1897 1371 άν-

319 1390 560 1463 θρωπος,
584 1393 723 1461 ὅπερ
748 1386 914 1463 εῖχεν,
942 1390 1018 1452 ὡς
1048 1391 1202 1455 Θεός.
1234 1389 1496 1461 ’Υψιστος
1520 1388 1626 1460 γὰρ
1648 1386 1743 1453 ὣν,
1767 1386 1899 1451 Θεὸς

318 1488 556 1556 ἐγένετο)
579 1504 593 1519 ·
637 1486 753 1541 ἀλλ’
783 1487 859 1551 ὡς
907 1487 1006 1558 μὲν
1035 1486 1189 1551 Θεὸς,
1226 1486 1504 1554 Δεσπότης
1529 1479 1599 1555 ἦν
1625 1481 1734 1536 τῶν
1761 1484 1900 1536 ὅλων

319 1578 425 1631 ἀεί·
457 1578 532 1643 ὡς
563 1578 618 1632 δὲ
643 1578 953 1650 ἄνθρωπος,
984 1577 1354 1649 προσελάϐετο
1379 1575 1536 1641 δόξαν
1558 1576 1733 1647 ἥνπερ
1755 1567 1901 1643 εἶχεν

319 1670 395 1734 ὡς
429 1670 581 1733 Θεός’
611 1671 704 1724 καλ⁸
728 1670 930 1741 ᾔτησεν
966 1670 1029 1724 οὐ
1060 1669 1246 1723 λαϐεῖν
1280 1666 1426 1739 άπερ
1459 1667 1559 1721 οὐκ
1582 1661 1748 1737 εἶχεν,
1782 1665 1903 1721 ἀλλ’

322 1763 467 1834 ᾇπερ
498 1758 611 1834 εἶχε
646 1764 948 1836 δειχθῆναι,
986 1762 1170 1827 καθὼς
1209 1764 1541 1833 γέγραπται,
1576 1762 1660 1815 ὅτι
1701 1780 1719 1814 ι
1775 1761 1903 1815 Ποι-

324 1830 513 1927 μανεῖς
546 1830 835 1917 αὐτοὺςτὲν
876 1854 1059 1924 ῥάϐδῳ
1091 1830 1367 1927 atde—pd,»
1409 1854 1530 1924 ἥτις
1553 1852 1701 1905 ὲστῖν
1734 1852 1766 1923 ἡ
1795 1851 1904 1906 τῶν
1932 1830 1979 1890 Β

337 1949 628 2021 Ῥωμαίων
660 1947 943 2018 βασιλείαο
971 1947 1177 2019 ταύτην
1221 1946 1331 2017 γὰρ
1383 1946 1595 2008 πιστοῖς
1630 1944 1725 1997 καί⁵
1772 1944 1907 2016 Χρι-

323 2044 563 2106 στιανοῖς
594 2042 875 2114 βασιλεῦσι
931 2039 1054 2104 δοὺς
1102 2039 1339 2113 Χριστὸς
1381 2039 1409 2092 ὁ
1449 2037 1575 2101 Υἱὸς
1607 2035 1701 2089 τοῦ
1742 2034 1903 2102 Θεοῦ,

326 2132 675 2187 ὲπιστατεύει
707 2133 796 2186 καὶ
840 2128 1230 2201 συμϐασιλεύει
1276 2128 1483 2191 αὐτοῖς.
1519 2125 1597 2180 Δι’
1627 2123 1792 2181 αὐτοῦ
1839 2124 1909 2178 τὰ

326 2227 498 2283 πιστὰ
545 2227 669 2298 ἔθνη
714 2226 796 2291 είς
851 2224 1185 2297 κατάσχεσιν
1234 2221 1586 2294 κληρωθέντα
1633 2218 1910 2274 πιστεύειν

328 2321 707 2392 ποιμαίνονται
738 2319 922 2374 αὐτόν.
964 2317 1125 2371 Ὅθεν
1173 2316 1269 2371 καὶ
1298 2315 1476 2369 πάντα
1507 2314 1576 2367 τὰ
1623 2312 1750 2384 ἔθνη
1778 2327 1909 2381 συγ-

327 2414 598 2486 κρούοντα
618 2412 758 2484 μετά
783 2412 883 2483 τῆς
905 2411 1016 2466 τῶν
1042 2408 1387 2483 Χριστιανῶν
1412 2407 1708 2478 βασιλείας,
1740 2406 1789 2459 εί
1818 2407 1911 2459 καὶ⁹

330 2508 660 2581 ἡττηθῶσιν,
700 2506 839 2578 πλὴν
875 2504 1081 2576 ταύτην
1128 2504 1188 2557 οὐ
1227 2502 1590 2574 μετέστησαν,
1642 2499 1767 2554 οὔτε
1803 2500 1912 2571 μὴν

335 2604 737 2675 μεταστήσωσιο
792 2598 974 2662 καθὼς
1024 2598 1332 2669 γέγραπται
1380 2596 1439 2649 ὲν
1472 2594 1639 2666 βίϐλῳ
1664 2594 1911 2664 Ψαλμῶν

334 2694 587 2768 περὶτῆς
635 2691 907 2764 βασιλείας
944 2690 1040 2744 τοῦ
1075 2687 1338 2760 Χριστοῦ,
1373 2688 1454 2741 ὅτι
1489 2705 1509 2738 ι
1575 2684 1637 2739 ἸΙ
1682 2683 1914 2757 ἀλήθειά

337 2805 462 2860 μου,
490 2787 583 2839 καὶ
611 2788 671 2839 τὸ
702 2784 850 2847 ἔλεός
878 2800 982 2855 μου
1016 2782 1133 2853 μετ’
1166 2779 1353 2835 αὐτοῦ’
1385 2780 1480 2833 καὶ
1506 2780 1563 2832 ὲν
1587 2776 1665 2848 τῷ
1685 2774 1912 2848 ὀνόματί

339 2897 442 2949 μου
487 2876 843 2948 ,ὑψωθήσεται
899 2874 955 2927 τὸ
1014 2872 1187 2944 κέρας
1233 2869 1430 2925 αὐτοῦ’
1464 2868 1560 2923 καὶ
1592 2868 1828 2938 θήσομαι
1854 2867 1913 2919 ὲν

336 2971 582 3043 θαλάσσῃ
602 2971 762 3041 χεῖρα
791 2965 958 3022 αὑτοῦ
992 2966 1085 3019 κα)⁹
1111 2965 1168 3018 ὲν
1209 2964 1475 3032 ποταμοῖς
1514 2959 1695 3026 δεξιὰν
1722 2956 1911 3012 αὐτοῦ’

337 3064 500 3128 αὐτὸς
527 3058 913 3116 ὲπικαλέσεταί
945 3075 1036 3130 με,
1070 3056 1261 3126 Πατήρ
1286 3072 1387 3126 μου
1423 3050 1474 3107 εἶ
1505 3052 1590 3118 σὺ,
1616 3051 1748 3115 Θεός
1784 3068 1911 3121 μου,

1999 929 2299 986 humanam
2341 943 2601 988 naturam
2650 942 2707 988 et
2748 948 3069 1004 corpoream
3114 937 3237 1005 ejus
3284 935 3577 1004 dispensa-

1998 1023 2201 1079 tionem
2237 1025 2488 1095 protulit,
2516 1027 2588 1081 ita
2615 1036 2676 1081 ut
2699 1043 2809 1082 non
2842 1036 3102 1084 aeternam
3137 1030 3575 1099 generationem,

1998 1115 2094 1169 sed
2126 1131 2246 1169 eam
2268 1132 2391 1186 quae
2425 1125 2735 1187 temporum
2766 1117 3005 1173 decursu
3035 1118 3176 1173 facta
3208 1128 3315 1186 est,
3346 1118 3575 1174 iudicet.

1998 1208 2102 1275 Qui
2135 1210 2284 1264 enim
2330 1218 2526 1265 natura
2554 1218 2642 1266 est
2684 1210 2858 1265 Filius
2899 1210 3021 1274 Dei,
3066 1210 3245 1267 factus
3287 1219 3373 1267 est
3410 1212 3577 1266 etiam

2000 1309 2198 1355 natura
2230 1302 2395 1356 homo
2436 1315 2663 1373 propter
2687 1311 2935 1359 nostram
2965 1302 3221 1366 salutem,
3248 1318 3358 1357 non
3382 1317 3583 1357 secun-

2001 1390 2132 1447 dum
2167 1394 2404 1464 gratiam
2434 1394 2541 1449 hoc
2568 1394 2871 1464 accipiens,
2901 1394 3049 1465 quod
3081 1394 3249 1448 habet
3273 1394 3581 1449 secundum

2002 1494 2278 1539 naturam.
2314 1486 2384 1540 Et
2406 1502 2607 1541 rursus
2629 1495 2690 1542 ut
2723 1487 2892 1541 homo
2921 1485 3124 1555 accipit
3150 1486 3284 1540 illud
3315 1486 3459 1556 quod
3487 1487 3584 1540 ha-

2003 1575 2169 1631 bebat
2194 1593 2303 1647 qua
2330 1578 2478 1633 Deus
2507 1587 2610 1635 est.
2638 1578 2955 1633 Altissimus
2982 1578 3130 1633 enim
3158 1593 3284 1632 cum
3317 1577 3408 1641 sit,
3436 1578 3584 1633 Deus

2003 1666 2131 1732 fuit,
2181 1677 2239 1723 et
2282 1678 2557 1739 quatenus
2606 1671 2751 1726 Deus
2789 1680 2894 1735 est,
2941 1686 3162 1740 semper
3196 1670 3583 1724 universorum

2008 1762 2275 1817 Dominus
2319 1762 2458 1833 fuitﬁ,
2496 1773 2556 1819 ut
2593 1764 2759 1818 homo
2798 1773 2980 1818 autem
3012 1763 3312 1834 assumpsit
3352 1762 3586 1832 gloriam

2008 1870 2170 1926 quam
2207 1855 2399 1911 habuit
2434 1867 2494 1911 ut
2533 1857 2702 1921 Deus,
2746 1865 2803 1911 et
2831 1855 3010 1926 petiit,
3052 1871 3162 1909 non
3206 1863 3268 1909 ut
3307 1856 3590 1924 acciperet

2009 1962 2132 2016 quae
2156 1964 2268 2003 non
2302 1947 2563 2012 habebat,
2589 1947 2686 2002 sed
2723 1955 2785 2002 ut
2817 1963 2939 2017 quae
2974 1946 3232 2011 habebat,
3270 1946 3589 2001 manifesta-

2010 2047 2225 2106 rentur,
2256 2039 2724 2109 quemadmodum
2749 2039 3020 2108 scriptum
3051 2048 3174 2094 est:
3214 2057 3231 2090 ι
3261 2038 3458 2093 Pasces
3489 2052 3589 2093 eos

2010 2131 2067 2186 in
2094 2133 2247 2203 virga
2280 2132 2456 2188 ferrea
2473 2133 2540 2199 ³ο,
2565 2151 2583 2184 ι
2614 2147 2736 2201 qua:
2757 2142 2843 2186 est
2868 2130 3243 2186 Romanorum
3269 2131 3587 2200 imperium.

2012 2221 2309 2291 Postquam
2338 2221 2488 2277 enim
2529 2219 2785 2277 Christus
2823 2221 2931 2276 hoc
2972 2238 3206 2292 regnum
3244 2220 3500 2277 ﬁdelibus
3532 2231 3591 2279 et

2010 2312 2346 2369 Christianis
2391 2313 2822 2384 imperatoribus
2870 2312 3100 2384 largitus
3127 2321 3234 2376 est,
3273 2313 3355 2367 eis
3392 2321 3591 2382 praeest

2012 2415 2177 2475 atque
2209 2414 2529 2477 eonregnat.
2557 2406 2662 2461 Per
2681 2421 2807 2461 eum
2834 2404 3024 2460 ﬁdeles
3050 2405 3235 2475 populi
3265 2405 3397 2460 huic
3421 2421 3592 2475 regno

2015 2499 2244 2568 ascripti
2276 2506 2585 2568 pascuntur
2609 2506 2666 2552 et
2705 2498 2760 2552 in
2801 2496 2907 2552 ﬁde
2937 2497 3321 2553 continentur.
3346 2497 3595 2569 Quapro-

2016 2601 2142 2660 pter
2208 2590 2339 2645 licet
2395 2605 2590 2645 omnes
2633 2598 2825 2660 gentes
2874 2588 3317 2644 Christianorum
3359 2606 3591 2660 regnum

2017 2682 2466 2755 impugnaverint
2489 2696 2546 2739 et
2567 2682 2638 2737 ad
2674 2690 2891 2752 tempus
2915 2681 3207 2737 victoriam
3230 2684 3590 2752 reportarint,

2015 2771 2150 2828 illud
2184 2789 2364 2843 neque
2395 2787 2565 2838 nunc,
2600 2787 2781 2841 neque
2812 2770 2867 2825 in
2898 2780 3182 2842 posterum
3213 2783 3466 2828 evertere
3498 2789 3595 2828 va-

2014 2865 2232 2930 lebunt,
2261 2864 2339 2920 uti
2389 2864 2445 2919 in
2482 2864 2629 2920 libro
2678 2864 3024 2919 Psalmorum
3064 2864 3132 2920 de
3175 2864 3383 2920 Christi
3425 2882 3595 2937 regno

2016 2958 2284 3029 scriptum
2334 2957 2539 3029 legitur
2575 2975 2589 3012 :
2638 2976 2657 3009 (
2688 2956 2911 3014 Veritas
2952 2972 3074 3012 mea
3116 2965 3174 3013 et
3217 2958 3600 3015 misericordia

2016 3066 2139 3107 mea
2174 3066 2299 3106 cum
2329 3066 2419 3116 eo,
2453 3059 2509 3106 et
2539 3050 2596 3105 in
2621 3049 2848 3105 nomine
2878 3063 3002 3104 meo
3028 3065 3200 3105 cornu
3232 3051 3357 3122 ejus
3389 3052 3599 3107 exalta-

339 3158 433 3212 καὶ
462 3154 812 3225 άντιλήπτωρ
838 3152 940 3221 τῆς
965 3151 1241 3221 σωτηρίας
1277 3161 1400 3217 μου·
1438 3143 1594 3213 κάγὼ
1628 3144 1917 3243 etp-uocor?-

2019 3143 2189 3198 bitur.
2227 3144 2433 3199 Ponam
2474 3142 2531 3197 in
2582 3141 2721 3197 mari
2769 3156 2997 3197 manum
3039 3142 3182 3212 ejus,
3228 3152 3287 3198 et
3330 3143 3384 3197 in
3416 3143 3601 3201 tluviis

340 3264 435 3300 κον
467 3245 706 3316 θήσομαι
736 3242 919 3306 αὑτὸν,
954 3239 1156 3311 ὑψηλὸν
1182 3237 1337 3308 παρὰ
1356 3236 1467 3298 τοῖς
1500 3233 1780 3305 βασιλεῦσι
1816 3231 1918 3304 τῆς

2020 3236 2268 3292 dextram
2287 3237 2429 3307 ejus.
2455 3234 2577 3317 Ipse
2600 3234 2883 3290 invocabit
2902 3249 2992 3289 me
3019 3250 3033 3287 :
3060 3234 3223 3289 Pater
3247 3248 3403 3289 meus
3435 3249 3495 3289 es
3516 3241 3598 3300 tu,

340 3335 463 3405 γῆς·
499 3336 580 3397 είς
616 3333 708 3387 τὸν
737 3332 910 3386 αίῶνα
939 3328 1164 3400 φυλάξω
1193 3325 1341 3398 αὑτῷ
1383 3326 1446 3379 τὸ
1481 3324 1626 3389 ἔλεός
1666 3342 1792 3394 μου,
1826 3323 1921 3377 καὶ

340 3429 375 3497 ὴ
415 3426 651 3496 διαθήκη
702 3441 803 3494 μου
853 3421 1024 3492 πιστὴ
1060 3418 1207 3490 αὐτῷ
1233 3435 1248 3451 ο
1285 3418 1379 3473 καὶ
1415 3416 1656 3487 θήσομαι
1708 3416 1788 3478 είς
1830 3413 1922 3467 τὸν

343 3518 517 3571 αἰῶνα
552 3517 646 3570 τοῦ
674 3516 867 3579 αἰῶνος
900 3514 961 3569 τὸ
991 3513 1214 3583 σπέρμα
1239 3509 1428 3575 αὐτοῦ,
1470 3509 1567 3561 καὶ
1599 3508 1691 3562 τὸν
1734 3506 1924 3579 θρόνον

344 3609 511 3665 αὐτοῦ
558 3609 632 3672 ὡς
672 3609 771 3672 τὰς
804 3607 1022 3679 ἡμέρας
1046 3604 1142 3659 τοῦ
1178 3601 1429 3675 οὐρανοῦ.
1477 3603 1605 3655 Ἐάν
1635 3598 1925 3671 ἐγκαταλί-

345 3719 519 3758 πωσιν
552 3702 602 3755 οί
634 3702 739 3754 υἱοὶ
778 3699 942 3753 αὑτοῦ
992 3699 1083 3753 τὸν
1112 3697 1276 3768 νόμον
1311 3714 1438 3768 μου,
1481 3713 1501 3748 ι
1543 3694 1661 3766 ἦτοι
1699 3695 1748 3746 oi
1789 3693 1924 3763 Χρι·

348 3794 575 3861 στιανοὶ,
613 3813 631 3847 ι
668 3793 898 3854 καὶτοῖς
937 3789 1172 3861 κρίμασί
1204 3806 1304 3860 μου
1331 3788 1392 3842 οὐ
1434 3786 1794 3858 πορευθῶσινο
1830 3785 1925 3838 ἐὰν

344 3891 415 3944 τὰ
443 3884 794 3956 δικαιώματά
853 3900 956 3954 μου
989 3880 1364 3954 βεϐηλώσωσι,
1425 3878 1521 3933 καὶ¹
1573 3878 1671 3942 τὰς
1704 3877 1926 3942 ἐντολάς

351 4000 452 4054 μου
492 3982 567 4052 μὴ
606 3977 883 4048 φυλάξωσι
905 4017 919 4040 ,
951 3973 1320 4044 ἐπισκέψομαι
1356 3973 1414 4027 ὲν
1443 3971 1627 4043 ῥάϐδῳ
1669 3970 1768 4034 τὰς
1803 3971 1926 4024 ἀνο-

352 4076 480 4145 μίας
513 4071 714 4138 αὐτῶν,
762 4072 856 4123 καὶ
890 4070 947 4122 ὲν
984 4066 1205 4136 μάστιξι
1234 4066 1333 4129 τὰς
1365 4063 1579 4126 ἀδικίας
1611 4062 1792 4116 αὐτῶν
1816 4078 1831 4092 ο
1867 4061 1927 4114 τὸ

346 4167 402 4221 δὲ
430 4166 579 4228 ἔλεός
615 4181 717 4237 μου
759 4163 821 4216 οὑ
875 4162 950 4234 μὴ
989 4161 1330 4215 διασκεδάσω
1362 4158 1684 4225 ἐπναύτῶν,
1719 4156 1830 4211 οὐδ’
1862 4156 1924 4209 οὐ

353 4262 429 4333 μὴ
464 4260 710 4331 ἀδικήσω
750 4258 848 4327 τὴν
879 4255 1146 4328 διαθήκην
1172 4273 1295 4327 μου.
1327 4254 1511 4321 Ἀπαξ
1542 4251 1732 4322 ῶμοσα
1761 4253 1819 4305 ὲν
1849 4248 1928 4321 τῷ

349 4354 491 4425 ἁγίῳ
523 4369 646 4423 μου.
681 4348 761 4404 Ἦ
780 4349 860 4420 τῷ
894 4346 1059 4401 Δαϐὶδ
1083 4345 1384 4416 ψεύσομαι;
1423 4345 1483 4397 τὸ
1508 4344 1731 4415 σπέρμα
1759 4338 1926 4397 αὐτοῦ

352 4448 434 4509 εἰς
486 4444 577 4499 τὸν
635 4444 810 4500 αίῶνα
866 4441 1041 4513 μένει,
1087 4457 1104 4490 ι
1149 4439 1208 4500 ὃς
1255 4439 1372 4490 ἐστι
1411 4436 1648 4505 Χριστὸς
1694 4434 1756 4490 τὸ
1788 4436 1929 4489 κατὰ

2021 3327 2167 3382 Deus
2190 3342 2367 3393 meus,
2396 3334 2454 3381 et
2489 3335 2778 3395 susceptor
2808 3325 3004 3380 salutis
3052 3339 3210 3379 meae.
3253 3323 3322 3379 Et
3354 3339 3455 3396 ego
3482 3326 3601 3394 pri-

2023 3416 2365 3486 mogenitum
2413 3430 2615 3486 ponam
2658 3415 2848 3480 illum,
2890 3414 3169 3469 excelsum
3220 3430 3332 3483 prae
3379 3415 3603 3485 regibus

2027 3516 2206 3563 teme.
2277 3508 2337 3562 ln
2397 3515 2666 3562 aeternum
2733 3506 2966 3562 servabo
3025 3506 3102 3560 illi
3159 3506 3602 3562 misericordiam

2023 3616 2223 3664 meam,
2248 3607 2304 3655 et
2331 3607 2721 3655 testamentum
2748 3613 2934 3654 meum
2960 3596 3119 3652 ﬁdele
3155 3597 3280 3667 ipsi.
3309 3598 3376 3651 Et
3400 3614 3601 3669 ponam

2025 3690 2080 3745 in
2119 3691 2383 3745 saaculum
2421 3688 2606 3745 saeculi
2648 3705 2838 3745 semen
2881 3689 3037 3758 ejus,
3086 3697 3144 3744 et
3193 3690 3453 3743 thronum
3484 3691 3604 3760 ejus

2024 3782 2170 3838 sicut
2210 3780 2332 3836 dies
2371 3780 2523 3837 caeli.
2570 3780 2625 3835 Si
2658 3790 2841 3835 autem
2897 3780 3300 3851 dereliquerint
3342 3781 3438 3836 ﬁlii
3482 3784 3605 3852 ejus

2026 3872 2103 3945 (id
2125 3880 2210 3928 est
2236 3870 2560 3940 Christiani)
2614 3871 2791 3941 legem
2821 3884 3023 3934 meam,
3052 3880 3108 3925 et
3131 3872 3189 3925 in
3213 3870 3439 3937 iudiciis
3461 3873 3605 3928 meis

2024 3980 2136 4019 non
2169 3963 2580 4018 ambulaverint
2605 3979 2618 4015 :
2646 3962 2692 4016 si
2715 3962 2962 4030 justitias
2988 3976 3138 4015 meas
3163 3961 3603 4031 profanaverint,

2025 4066 2082 4113 et
2104 4056 2361 4111 mandata
2392 4072 2513 4111 mea
2546 4070 2658 4110 non
2688 4054 3075 4117 custodierint,
3102 4054 3340 4108 visitabo
3365 4055 3423 4108 in
3452 4054 3606 4126 virga

2026 4150 2349 4219 iniquitates
2380 4164 2595 4212 eorum,
2620 4156 2676 4202 et
2702 4146 2760 4201 in
2790 4146 3118 4200 verberibus
3142 4157 3365 4215 peccata
3389 4162 3605 4213 eorum,

2028 4240 2469 4296 misericordiam
2504 4249 2689 4294 autem
2719 4254 2895 4292 meam
2927 4253 3037 4292 non
3066 4237 3382 4307 dispergam
3412 4238 3482 4292 ab
3502 4240 3606 4305 eis,

2026 4349 2209 4404 neque
2238 4331 2542 4403 profanabo
2579 4339 2967 4385 testamentum
2999 4346 3205 4384 meum.
3225 4330 3406 4385 Semel
3425 4331 3609 4400 juravi

2030 4424 2085 4479 in
2129 4433 2320 4479 sancto
2363 4438 2507 4486 meo,
2540 4422 2585 4476 si
2624 4420 2798 4476 David
2843 4420 3127 4475 mentiar:
3174 4436 3363 4474 semen
3399 4421 3517 4489 ejus
3555 4422 3612 4474 in

355 4540 532 4610 σάρκα
567 4537 791 4609 σπέρμα
829 4512 923 4589 τοῦ
970 4531 1155 4594 Δαϐὶδ,
1194 4550 1212 4582 ι
1240 4530 1333 4584 καλ⁵
1364 4532 1392 4583 ὁ
1438 4529 1624 4599 θρόνος
1654 4529 1820 4583 αὐτοῦ
1853 4530 1918 4593 ὼς

2032 4528 2299 4575 :eternum
2340 4515 2588 4571 manebit
2643 4514 2721 4584 (id
2755 4521 2842 4569 est
2881 4512 3139 4569 Christus
3169 4529 3357 4568 semen
3392 4512 3613 4568 Davidis

353 4629 507 4698 ἥλιος
540 4628 782 4681 ἐναντίον
828 4642 953 4697 μου,
982 4622 1077 4676 καλ¹
1111 4619 1188 4685 ὡς
1219 4621 1254 4691 ή
1289 4619 1486 4691 σελήνη
1518 4619 1931 4691 κατηρτισμένη

357 4723 435 4785 είς
464 4721 556 4774 τὸν
580 4718 774 4783 αἰῶνα,
809 4717 904 4770 καὶ
933 4717 962 4769 ὁ
999 4712 1214 4786 μάρτυς
1255 4710 1313 4763 ὲν
1343 4709 1557 4782 οὐρανῴ
1586 4711 1798 4773 πιστός.
1837 4728 1856 4762 ι

428 4899 524 4953 Διά
554 4898 613 4953 δὲ
654 4898 715 4951 τδ
749 4895 823 4967 μὴ
852 4894 1143 4948 ὑπολαϐεῖν
1174 4908 1232 4944 σε
1268 4887 1520 4942 Ἰουδαῖον
1561 4888 1641 4941 ὅτι
1666 4885 1751 4941 διὰ
1771 4886 1936 4941 Δαϐὶδ

356 4993 527 5050 ταῦτα
555 4989 755 5065 ὲρρἑη
784 4987 879 5041 καὶ
930 4988 1030 5056 τὴν
1075 4983 1239 5039 αὑτοῦ
1271 4978 1570 5054 βασιλείαν,
1612 4979 1779 5050 ἦγουν
1806 4979 1931 5043 τοὺς

371 5086 677 5148 Ἰουδαίους,
700 5082 796 5137 καὶ
828 5078 951 5150 οὐχὶ
987 5078 1076 5132 διὰ
1120 5077 1212 5130 τὸν
1238 5075 1495 5148 Χριστὸν,
1524 5072 1720 5141 ἐπάγει
1749 5070 1810 5125 τὸ
1841 5088 1935 5140 γε-

358 5178 514 5248 γονὸς
560 5178 647 5230 διὰ
675 5177 737 5229 τδ
767 5173 1063 5229 ἀποθανεῖν
1116 5169 1214 5241 μὲν
1242 5169 1332 5223 τὸν
1376 5165 1570 5229 Δαϐὶδ,
1603 5164 1697 5219 καὶ
1728 5161 1935 5235 παρελ-

361 5272 475 5325 θεῖν
500 5269 598 5342 τὴν
622 5266 899 5339 βασιλείαν
938 5263 1049 5318 τῶν
1103 5259 1396 5323 Ἰουδαίων,
1438 5258 1534 5313 καὶ
1562 5258 1661 5329 τὴν
1697 5254 1935 5310 παλαιὰν

362 5361 629 5433 διαθήκην
659 5358 1021 5431 βεϐηλῶσθαι,
1050 5354 1204 5423 λέγει
1244 5351 1443 5417 οὕτως’
1476 5369 1494 5403 ι
1531 5350 1603 5403 Σὺ
1645 5348 1703 5402 δὲ
1728 5344 1937 5403 ἀπώσω

363 5456 462 5511 καὶ
510 5450 873 5518 ὲξουδενώσας
920 5445 1216 5502 ἀνεϐάλλου
1245 5443 1337 5496 τδν
1368 5439 1589 5513 χριστόν
1653 5455 1769 5503 σου,
1801 5453 1933 5491 κατ·-

364 5545 633 5619 έστρεψας
661 5544 761 5614 τὴν
792 5541 1057 5610 διαθήκην
1080 5536 1177 5591 τοῦ
1214 5534 1403 5590 δούλου
1435 5548 1549 5586 σου·
1587 5528 1935 5619 ὲϐεϐήλωσας

364 5617 577 5707 είςττήν
605 5637 712 5705 γῆν
766 5631 829 5685 τὸ
878 5631 1127 5702 άγίασμα
1186 5623 1373 5680 αὑτοῦ·
1426 5620 1673 5685 καθεῖλες
1725 5617 1935 5681 πάντας

2034 4610 2342 4666 secundum
2388 4605 2667 4677 carnem);
2711 4614 2767 4659 et
2812 4604 3048 4658 thronus
3089 4604 3210 4673 ejus
3251 4604 3396 4657 sicut
3438 4602 3516 4656 sol
3555 4603 3611 4657 in

2036 4709 2336 4772 conspectu
2368 4714 2512 4765 meo,
2543 4706 2599 4753 et
2628 4696 2774 4751 sicut
2794 4695 2923 4749 luna
2949 4694 3197 4765 perfecta
3224 4694 3278 4747 in
3302 4702 3571 4748 aeternum
3595 4733 3612 4760 ,

2036 4804 2094 4851 et
2125 4793 2281 4849 testis
2316 4792 2371 4846 in
2408 4790 2548 4846 emlo
2584 4787 2764 4842 ﬁdelis
2790 4787 2857 4839 “.
2895 4805 2913 4838 ι

2109 4885 2188 4939 Ne
2215 4891 2397 4937 autem
2436 4890 2515 4944 tu,
2551 4877 2761 4941 Judaee,
2790 4876 2907 4930 lucc
2931 4874 2999 4930 de
3037 4874 3244 4929 Davidc
3269 4875 3498 4946 ejusque
3524 4891 3614 4931 re-

2039 4972 2303 5046 gno,sive
2325 4969 2393 5024 de
2422 4966 2627 5024 Iudaeis
2658 4962 2980 5034 accipienda
3007 4971 3281 5027 autumes,
3308 4962 3403 5017 sed
3433 4962 3621 5032 potius

2036 5065 2105 5120 de
2156 5062 2402 5128 Christo,
2457 5058 2615 5115 addit
2664 5056 2836 5127 (quod
2881 5056 3050 5111 etiam
3097 5054 3304 5124 evenit)
3354 5053 3617 5113 Davidem

2039 5164 2346 5217 mortuum,
2387 5150 2708 5206 Jndzeorum
2755 5161 2989 5218 regnum
3031 5160 3284 5199 eversum
3311 5185 3327 5208 ,
3371 5153 3620 5200 etvetus

2040 5253 2430 5304 testamentum
2462 5240 2733 5295 abolitum
2763 5253 2906 5302 esse,
2936 5236 3166 5291 dicens:
3196 5256 3213 5287 ι
3258 5236 3341 5290 Tu
3370 5251 3503 5289 vero
3527 5252 3620 5292 re.

2038 5339 2230 5411 pulisti
2278 5344 2334 5391 et
2379 5331 2678 5403 despexisti
2730 5348 2742 5382 :
2797 5328 3061 5385 distulisti
3114 5328 3383 5383 ehristum
3437 5336 3617 5382 tuum.

2038 5429 2300 5489 Evertisti
2322 5434 2713 5483 testamentum
2745 5422 2888 5479 servi
2916 5421 3034 5475 tui:
3067 5419 3370 5492 profanasti
3396 5418 3452 5472 in
3474 5430 3620 5473 terra

2044 5521 2429 5581 sanctuarium
2467 5519 2611 5588 ejus.
2638 5514 2970 5571 Destruxisti
3004 5528 3199 5569 omnes
3227 5524 3388 5580 sepes
3416 5510 3557 5580 ejus,
3593 5524 3615 5561 ι

2041 5626 2100 5671 et
2126 5630 2250 5686 qua:
2274 5619 2583 5683 sequuntur
2608 5622 2783 5678 usque
2804 5607 2872 5662 ad
2899 5604 3035 5661 illud
3065 5621 3078 5662 :
3112 5622 3130 5657 ι
3167 5601 3469 5659 Perfudisti
3491 5614 3618 5655 eum

439 5819 483 5853 “
510 5816 676 5875 Hebr.
710 5831 747 5878 ι,
780 5814 864 5870 Η.
948 5813 986 5843 ’⁹
1016 5812 1059 5870 ll
1092 5812 1227 5881 Reg.
1258 5824 1356 5872 vn,
1392 5807 1492 5872 M;
1522 5802 1690 5860 Hebr.
1735 5817 1771 5871 ῐ,
1809 5798 1861 5854 5.

2019 5796 2145 5853 i'sal.
2169 5811 2226 5860 ιι,
2259 5793 2311 5850 θ.
2384 5793 2423 5826 ¹¹
2463 5789 2606 5850 Psal.
2643 5804 2894 5851 Lxxxvm,
2925 5782 3115 5839 26-58.
