4072 6586
456 434 592 502 1211

1656 431 1718 492 S.
1758 427 2160 491 ANASTASII
2201 424 2528 490 SINAITEE

3596 416 3735 485 1212

453 551 783 610 confusione
808 550 878 606 ”.
917 567 937 603 ι
980 546 1058 604 Ac
1087 544 1340 618 profecto
1364 544 1509 600 bene
1533 542 1775 614 Spiritus
1804 550 2039 599 sanctus
2063 587 2074 604 Α

2177 539 2264 603 οὓς
2280 537 2570 610 φραγμοὺς
2593 534 2783 605 αὐτοῦ,
2817 534 2916 591 σὺν
2942 534 3053 600 τοῖς
3082 533 3311 602 λοιποῖς,
3355 530 3455 588 καὶ
3489 529 3602 607 [τὸ]
3626 552 3733 589 xu-

457 663 561 719 per
587 644 917 718 prophetam
951 641 1070 695 haec
1114 639 1369 694 elocutus
1393 647 1499 693 est.
1530 635 1723 706 Neque
1749 634 1898 689 enim
1925 632 2048 688 ﬁeri

459 745 646 808 potest
687 744 748 790 ut
780 735 927 789 Deus
967 730 1295 795 mentiatur,
1342 728 1448 784 sed
1478 725 1843 800 jurejurando
1880 723 2053 777 inter-

459 829 644 900 posito
692 828 1081 882 inconcussam
1129 823 1424 878 veritatem
1475 821 1693 885 innuit,
1740 815 2051 873 secundum

461 921 643 977 illud:
686 939 704 971 ι
750 917 933 973 Semel
979 915 1162 988 juravi
1216 915 1271 970 in
1304 913 1542 968 veritate
1592 925 1736 975 mea,
1786 908 1833 963 si
1876 905 2053 963 David

461 1013 702 1069 mentiar
730 1012 796 1063 ".
842 1029 860 1061 ι
901 1009 1129 1063 Davidis
1158 1006 1309 1061 enim
1356 1020 1548 1062 semen
1583 1001 1895 1058 secundum
1928 1015 2052 1055 car-

462 1120 591 1160 nem
631 1112 717 1160 est
742 1102 999 1158 Christus
1032 1100 1129 1155 Dei
1182 1099 1378 1163 Filius,
1428 1096 1705 1167 siquidem
1754 1110 1785 1149 e
1822 1089 2054 1148 Davidis

464 1213 669 1269 genere
702 1195 1010 1251 secundum
1041 1208 1265 1249 carnem
1299 1190 1507 1262 prodiit
1551 1189 1789 1258 Dcipara
1834 1198 2056 1255 semper

464 1289 632 1359 Virgo
684 1299 865 1342 mater
909 1284 1120 1341 Christi
1164 1283 1262 1338 Dei
1313 1281 1513 1337 nostri.
1569 1282 1823 1351 Regnum
1866 1286 2053 1331 autem

466 1381 612 1451 quod
645 1381 859 1450 accepit
882 1390 945 1435 ut
982 1380 1172 1443 homo,
1196 1386 1384 1431 manet
1411 1375 1464 1429 in
1494 1382 1854 1445 perpetuum.
1877 1368 2056 1425 David

467 1475 616 1537 enim
653 1484 710 1531 et
738 1483 996 1529 mortuus
1019 1483 1076 1529 et
1112 1472 1362 1543 sepultus
1396 1480 1502 1537 est,
1534 1483 1768 1539 regnum
1796 1467 1917 1537 ejus
1956 1463 2055 1519 Ju-

472 1568 692 1623 daicum
728 1566 962 1621 interiit.

545 1756 798 1827 Regnum
825 1766 961 1808 vero
982 1749 1129 1822 quod
1159 1746 1413 1819 promisit
1435 1745 1584 1800 Deus
1610 1740 1915 1799 secundum
1952 1737 2058 1795 lio-

2147 628 2344 699 τέχεας
2370 626 2521 699 αύτῷ
2543 626 2830 698 αἰσχύνην.
2869 644 2889 680 ι
2924 626 3036 680 Καὶ
3064 625 3281 699 ἀληθῶς
3305 626 3488 690 καλῶς
3514 625 3738 695 Πνεῦμα

2149 717 2208 771 τὺ
2228 717 2387 788 ἅγιον
2421 717 2511 772 διὰ
2542 716 2640 771 τοῦ
2688 717 2978 790 προφήτου
3022 718 3201 773 ταῦτα
3248 711 3404 771 εἶπεν
3430 731 3444 746 ⁸
3476 716 3739 771 ἀδύνατον

2149 810 2260 881 γὰρ
2291 812 2387 865 τὸν
2420 810 2557 864 Θεὸν
2586 810 2918 881 ψεύσασθαι,
2964 810 3102 864 ἀλλά
3130 808 3197 863 δι’
3223 811 3389 882 ὅρκου
3420 809 3742 881 ἐμεσίτευσε

2150 904 2211 958 τὸ
2266 905 2603 975 ἀμετάθετον
2649 904 2749 976 τῆς
2797 903 3080 975 ἀληθείας,
3117 903 3301 967 καθὼς
3354 904 3609 975 εἴρηται,
3659 905 3743 958 ὅτι

2157 1014 2177 1047 ι
2220 996 2410 1063 Ἀπαξ
2463 996 2655 1069 ὤμοσα
2707 999 2765 1050 ἐν
2802 999 2866 1069 τῇ
2904 995 3137 1068 ἀληθεία⁴
3181 1014 3307 1066 μου.
3353 991 3432 1049 Ἦ
3461 995 3541 1067 τῷ
3580 996 3744 1049 Δαϐὶδ

2152 1088 2428 1161 ψεύσομαι
2458 1107 2474 1157 ;
2515 1109 2534 1141 ι
2560 1089 2789 1159 Σπέρμα
2820 1091 2933 1160 γὰρ
2980 1088 3075 1142 τοῦ
3105 1087 3270 1141 Δαϐὶδ
3292 1087 3355 1140 τὸ
3397 1088 3538 1142 κατὰ
3564 1088 3747 1159 σάρκα

2154 1181 2303 1233 ἐστὶν
2335 1183 2362 1234 ὁ
2384 1180 2621 1252 Χριστὸς
2645 1183 2673 1234 ὁ
2703 1180 2832 1244 Υἱὸς
2861 1180 2955 1233 τοῦ
2986 1177 3145 1233 Θεοῦ.
3180 1179 3275 1232 Ἐκ
3297 1179 3493 1248 γένους
3520 1180 3631 1250 γὰρ
3651 1179 3745 1232 τοῦ

2156 1272 2322 1326 Δαϐὶδ
2355 1273 2416 1326 τὸ
2450 1275 2592 1327 κατά
2620 1274 2798 1345 σάρκα
2827 1273 3072 1344 ὑπῆρχεν
3105 1273 3137 1343 ἡ
3182 1272 3445 1335 Θεοτόκος
3489 1274 3748 1343 ’Λειπαρ-

2156 1361 2315 1425 θένος
2360 1363 2559 1435 Μήτηρ
2602 1363 2842 1434 Χριστοῦ
2880 1363 2973 1416 τοῦ
3028 1362 3161 1416 Θεοῦ
3197 1362 3378 1433 ἡμῶν·
3419 1365 3517 1417 καὶ
3550 1364 3617 1434 ἢν
3649 1363 3749 1434 βαρ

2168 1454 2377 1509 σιλείαν
2429 1454 2505 1518 ὡς
2556 1455 2843 1526 ἅνθρωπος
2896 1456 3109 1524 ἐλαϐεν,
3155 1455 3305 1527 μένει
3349 1455 3641 1528 διηνεκῶς.
3690 1457 3747 1510 ⁸0

2163 1546 2275 1616 γὰρ
2314 1546 2479 1600 Δαϐὶδ
2511 1546 2607 1600 καὶ
2643 1545 2962 1616 ἐτελεύτησε
3013 1548 3108 1600 καὶ
3141 1548 3352 1618 ἐτάφη,
3384 1550 3479 1601 καὶ
3522 1551 3556 1618 ἡ
3594 1548 3751 1619 βασι-

2155 1641 2277 1696 λεία
2324 1641 2510 1707 αὐτοῦ,
2542 1642 2575 1713 ἡ
2616 1641 2727 1695 τῶν
2773 1641 3064 1708 Ἰουδαίων,
3094 1642 3346 1713 ἀφῃρέθη
3379 1642 3482 1710 li).

2236 1734 2340 1787 Ἦν
2392 1733 2448 1787 δὲ
2496 1736 2525 1786 ὁ
2576 1732 2709 1796 Θεὸς
2762 1731 3043 1803 βασιλείαν
3102 1734 3378 1803 ὑπέσχετο
3421 1733 3607 1788 δοῦναι
3656 1751 3756 1787 κα-

473 1851 677 1903 minem
706 1844 838 1899 dare
863 1845 1147 1898 incarnato
1166 1839 1384 1895 Christo
1412 1839 1525 1893 Deo
1545 1843 1760 1897 nostro,
1786 1840 1971 1887 manet
2000 1831 2059 1884 in

2177 1822 2231 1877 τὰ
2293 1824 2356 1878 τὸ
2432 1822 2772 1896 ἀνθρώπινον
2851 1824 2930 1895 τῷ
2996 1825 3332 1897 σαρκωθέντι
3396 1825 3621 1896 Χριστῷ
3676 1826 3755 1896 τῷ

474 1944 743 1992 aeternum
768 1932 946 2004 ;quod
973 1930 1247 1987 commisit
1270 1926 1699 2000 imperatoribus
1716 1921 2066 1984 Christianis,

2177 1914 2291 1987 Θεῷ
2337 1916 2516 1987 ἡμῶν,
2566 1918 2719 1987 μένει
2769 1917 3041 1988 διηνεκῶς
3066 1957 3082 1981 ,
3116 1918 3183 1988 ἢν
3217 1918 3313 1972 καὶ
3360 1918 3633 1989 παρέθετο
3666 1938 3756 1972 πι-

477 2037 676 2082 etcum
700 2024 836 2095 ipsis
865 2030 1078 2094 regnat,
1099 2031 1161 2076 ut
1187 2021 1465 2076 diximus:
1493 2034 1604 2073 non
1628 2015 1878 2073 estenim
1908 2013 2062 2070 aliud

2177 2011 2315 2073 στοῖς
2343 2008 2648 2079 βασιλεῦσι,
2668 2010 2764 2063 xui.
2796 2010 3189 2080 συμϐασιλεύει
3222 2014 3435 2077 αὐτοῖς,
3474 2012 3551 2075 ὼς
3605 2012 3758 2064 εἴπο-

477 2131 712 2186 regnum
757 2114 842 2169 vel
895 2111 1187 2182 imperium
1245 2110 1340 2165 illo
1396 2107 1761 2179 splendidius.
1804 2104 1964 2172 Quod
2015 2104 2063 2160 si

476 2208 564 2263 vis
587 2206 875 2261 veritatem
899 2201 1238 2273 perspicere,
1280 2214 1435 2255 sume
1477 2197 1612 2252 mihi
1652 2197 1851 2268 Moysis
1891 2209 2067 2265 popu-

478 2300 618 2364 lum,
635 2297 727 2368 qui
748 2296 915 2351 tantis
935 2293 1219 2349 miraculis
1237 2291 1610 2363 profundique
1636 2290 1803 2344 maris
1828 2287 2066 2343 transitu

478 2389 765 2461 Egyptios
818 2385 1034 2457 etfugit.
1087 2383 1395 2440 Considera
1442 2381 1581 2436 mihi
1626 2381 1837 2445 Jesum,
1889 2378 2067 2432 ﬁlium

480 2482 651 2546 Nave,
680 2494 781 2551 per
813 2492 977 2548 quem
1008 2476 1090 2532 sol
1128 2474 1283 2530 stetit
1324 2480 1518 2528 contra
1556 2470 1806 2537 Gabaon,
1842 2477 1899 2525 et
1935 2469 2069 2523 luna

483 2580 679 2627 contra
701 2570 927 2633 vallem,
970 2577 1029 2624 et
1054 2562 1159 2621 alia
1191 2564 1443 2636 quaedam
1471 2579 1692 2618 omnem
1726 2562 1949 2617 modum
1978 2577 2072 2616 su-

483 2663 736 2736 perantia
766 2661 1071 2726 miracula;
1101 2658 1232 2724 imo,
1276 2666 1338 2712 ut
1379 2672 1489 2712 uno
1517 2655 1691 2711 verbo
1723 2656 1927 2719 dicam,
1961 2654 2071 2710 He-

484 2758 759 2813 braeorum
803 2751 1239 2808 dominationem
1286 2749 1591 2821 perpende.
1644 2748 1838 2803 Totam
1887 2760 2072 2801 nonne

484 2849 637 2905 mille
668 2847 830 2902 annis
866 2844 1136 2901 dominati
1184 2852 1335 2908 sunt,
1379 2851 1435 2898 et
1475 2842 1720 2896 ablatum
1753 2848 1839 2895 est
1877 2854 2071 2895 eorum

487 2940 818 3013 imperium?
842 2938 1132 3005 Quomodo
1156 2937 1259 2992 sub
1285 2937 1661 2991 Romanorum
1693 2933 2073 2989 dominatione

487 3032 731 3089 defecit?
762 3031 959 3085 Nonne
985 3029 1144 3084 Titus
1174 3035 1230 3083 et
1264 3027 1637 3098 Vespasianus
1659 3041 1854 3081 omnes
1884 3024 2075 3081 conci-

490 3125 732 3181 derunt?
764 3124 959 3177 Nonne
1004 3120 1197 3191 templi
1226 3119 1395 3175 diruti
1429 3118 1665 3189 vestigia
1699 3127 1883 3173 aratro
1925 3117 2076 3172 dele-

487 3217 729 3274 verunt?
756 3216 950 3270 Nonne
980 3212 1432 3285 Babyloniorum,
1476 3209 1760 3265 Medorum
1802 3219 1859 3263 et
1880 3209 2078 3263 Persa-

2175 2119 2293 2175 μεν·
2329 2102 2389 2154 οὐ
2442 2102 2551 2172 γάρ
2595 2102 2716 2155 ἐστί
2766 2119 2850 2165 τις
2900 2103 3064 2174 ἐτέρα
3108 2102 3357 2174 βασιλεία
3399 2102 3432 2174 ἢ
3470 2103 3762 2156 δυναστεία

2169 2193 2377 2265 ταύτης
2427 2193 2902 2268 περιφανεστέρα.
2955 2196 3064 2249 Καὶ
3093 2196 3142 2248 εί
3168 2194 3350 2266 βούλει
3399 2196 3673 2264 σκοπῆσαι
3696 2194 3761 2249 τὸ

2173 2285 2421 2356 ἀκριϐὲς,
2468 2285 2599 2341 λάϐε
2637 2303 2728 2358 μοι
2759 2286 2851 2339 τὸν
2884 2285 2980 2340 τοῦ
3008 2288 3254 2352 Μωσέως
3289 2286 3422 2341 λαὸν
3451 2287 3544 2341 τὸν
3570 2285 3763 2340 τοσού-

2172 2397 2288 2443 τοις
2320 2378 2569 2449 σημείοις
2603 2381 2698 2433 καὶ
2754 2378 2905 2451 βυθῷ
2941 2379 3218 2452 θαλάσσης
3257 2382 3386 2445 τοὺς
3424 2380 3763 2450 Αἰγυπτίους

2175 2472 2552 2527 ἐκστείλαντα·
2589 2471 2665 2525 τδε
2701 2490 2792 2544 μοι
2834 2472 3043 2544 Ἰησοῦν
3066 2472 3158 2527 τὸν
3190 2474 3345 2545 Ναυὴ
3382 2471 3477 2544 ἀφ’
3511 2466 3572 2527 οῦ
3613 2474 3708 2527 xu‘t
3735 2471 3766 2525 δ

2174 2565 2329 2635 ἥλιος
2352 2564 2497 2618 κατά
2535 2563 2765 2619 Γαϐαὼν
2789 2564 3029 2630 ἵσταται,
3068 2568 3166 2621 xul.
3190 2569 3224 2638 ἡ
3256 2568 3461 2639 σελήνη
3497 2568 3641 2623 κατά
3668 2566 3769 2637 φάο

2180 2669 2382 2727 ραγγα,
2412 2655 2507 2708 καὶ
2537 2655 2673 2709 ἄλλα
2710 2656 2835 2710 τινὰ
2886 2656 3101 2722 ἐξαίσια
3136 2657 3415 2729 θαύματα⁸
3452 2659 3551 2712 καὶ
3576 2658 3767 2722 ἁπλῶς

2164 2747 2324 2813 ᾐπαν
2355 2747 2418 2801 τὸ
2448 2747 2559 2802 τῶν
2595 2748 2865 2822 Ἐϐραίων
2895 2750 3093 2821 νόησον
3125 2753 3350 2824 κράτος.
3381 2751 3457 2804 Ού
3486 2751 3637 2820 χίλια
3668 2749 3766 2819 ἐτη

2180 2838 2563 2907 ἐϐασίλευσαν,
2597 2842 2692 2895 καὶ
2725 2842 2963 2912 ἐξεκόπη
3006 2844 3040 2914 ἡ
3084 2843 3335 2914 βασιλεία
3372 2842 3582 2909 αύτῶν;
3643 2841 3770 2906 Πῶς

2181 2931 2287 2985 ύπὺ
2311 2932 2412 3002 τῆς
2441 2934 2550 2986 τῶν
2594 2932 2881 3004 Ῥωμαίων
2904 2934 3185 3005 βασιλείας
3217 2935 3468 3003 ἐξέλιπε;
3500 2936 3576 2988 Ού
3609 2936 3771 2999 Τῖτος

2181 3026 2277 3079 καὶ
2307 3026 2717 3091 Οὐεσπασιανὸς
2750 3028 3066 3097 κατέκοψαν
3105 3029 3389 3094 ἅπαντας
3415 3028 3518 3082 οὐκ
3549 3028 3769 3099 ἀρότρῳ

2181 3117 2274 3172 τὸν
2298 3119 2427 3173 ναὸν
2450 3119 2903 3192 ἐκπορθήσαντες
2927 3137 2942 3185 ;
2974 3120 3097 3192 οὐχὶ
3124 3120 3233 3174 τῶν
3263 3120 3647 3189 Βαϐυλωνίων,
3672 3123 3771 3175 καὶ

2184 3212 2307 3284 οὐχὶ
2340 3213 2450 3266 τῶν
2474 3214 2699 3284 Μήδων,
2755 3215 2878 3286 οὐχὶ
2920 3214 3031 3268 τῶν
3080 3214 3305 3287 Περσῶν
3338 3213 3591 3287 βασιλεία
3632 3232 3771 3268 κατ⁹

493 3327 617 3367 rum
649 3327 678 3365 a
706 3307 967 3364 Barbaris
996 3279 1113 3361 illis
1130 3304 1327 3361 Turcis
1372 3304 1698 3373 absorptum
1730 3300 1854 3357 est?
1885 3299 1990 3366 Qui
2022 3308 2074 3355 et

2181 3279 2348 3377 επόθη
2368 3306 2473 3359 ὑπὸ
2486 3279 2596 3361 τιῦν
2620 3279 2922 3381 Βαρϐάρων
2947 3308 3150 3363 τούτων
3161 3279 3280 3362 ’τῶν
3294 3279 3558 3379 Τουρκῶν
3573 3326 3593 3375 ;
3611 3307 3771 3363 Ἀλλὰ

494 3404 599 3474 ipsi
633 3400 937 3472 aliquando
981 3397 1327 3454 excidenlur.
1375 3396 1571 3451 Nonne
1613 3394 1779 3449 etiam
1824 3392 2078 3448 Macedo-

493 3513 627 3552 num
654 3494 957 3549 dominatio
983 3491 1246 3546 transiit?
1272 3489 1341 3546 At
1383 3505 1515 3544 vero
1564 3489 1938 3545 Romanorum
1980 3486 2083 3540 im-

494 3588 733 3659 perium,
767 3586 883 3640 sive
909 3584 1379 3648 Christianorum,
1409 3581 1616 3653 quippe
1651 3580 1799 3652 quod
1823 3596 1932 3635 una
1954 3594 2080 3635 cum

497 3681 735 3736 Domino
781 3687 975 3733 nostro
1004 3677 1134 3732 Jesu
1169 3674 1393 3730 Christo
1431 3673 1871 3737 administretur,
1904 3686 2083 3742 usque

496 3771 566 3826 ad
600 3768 791 3824 mundi
819 3766 1355 3821 consummationem
1391 3780 1503 3819 non
1532 3762 1898 3833 pertransibit
1928 3780 1942 3817 :
1971 3762 2082 3816 imo

496 3879 632 3918 vero
659 3860 935 3925 Christus,
960 3868 1021 3913 ut
1042 3866 1127 3913 est
1160 3858 1275 3913 Rex
1313 3873 1503 3927 regum
1526 3866 1582 3912 et
1610 3857 1874 3911 Dominus
1901 3855 2083 3911 domi-

503 3951 753 4011 nantium
785 3950 853 4015 ",
906 3950 1143 4019 imperio
1178 3948 1274 4003 illo
1305 3949 1480 4003 utitur
1519 3947 1586 4002 ad
1622 3948 1958 4018 pascendum
1987 3963 2086 4018 po-

500 4045 690 4117 pulum
717 4058 900 4107 suum,
928 4056 1104 4111 usque
1128 4040 1193 4095 ad
1221 4040 1528 4095 secundum
1558 4041 1733 4111 ipsius
1761 4041 2081 4106 adventum;

501 4135 649 4206 quod
696 4133 996 4203 imperium
1041 4146 1153 4186 non
1193 4132 1287 4187 alii
1330 4132 1537 4202 populo
1569 4132 1949 4201 relinquetur;
1988 4132 2086 4187 sed

504 4239 639 4283 tunc
670 4228 788 4298 ipse
822 4226 1301 4296 Dominus,utqui
1328 4226 1402 4281 sit
1424 4226 1589 4281 Pater
1607 4225 1778 4280 futuri
1807 4226 1994 4281 saeculi
2016 4227 2084 4294 ’⁸,

506 4322 638 4375 illud
681 4319 976 4383 obtinebit,
1026 4334 1153 4374 cum
1203 4319 1417 4373 scilicet
1467 4334 1660 4373 omnes
1710 4334 2085 4389 resurgemus,

505 4412 944 4478 sicutscriptum
971 4418 1056 4464 est
1095 4410 1509 4480 "."Resurgent
1532 4407 1736 4463 mortui
1780 4416 1837 4463 et
1881 4410 2090 4475 excita-

502 4504 713 4559 buntur
741 4503 834 4573 qui
863 4501 1148 4556 dormiunt
1184 4502 1237 4555 in
1267 4502 1666 4566 monumentis,
1695 4509 1753 4556 et
1784 4501 2091 4558 astabimus

2182 3399 2277 3453 καὶ
2308 3400 2462 3453 αὐτοὶ
2488 3403 2913 3473 ἐκκοπήσονται.
2952 3403 3086 3473 Οὐχὶ
3116 3401 3225 3457 τῶν
3253 3401 3589 3457 Μακεδόνων
3624 3418 3771 3472 παρ’

2181 3490 2345 3561 ἦλθεν
2368 3532 2384 3558 ν
2413 3494 2447 3564 ἡ
2477 3493 2535 3547 δὲ
2562 3494 2669 3549 τῶν
2714 3494 3001 3567 Ῥωμαίων
3030 3495 3299 3565 βασιλεία,
3336 3496 3458 3567 ἦτοι
3494 3496 3603 3548 τῶν
3635 3496 3771 3567 Χρι-

2186 3584 2441 3649 στιανῶν,
2500 3586 2576 3649 ὡς
2622 3587 3141 3660 συμϐασιλευομένη
3187 3587 3344 3660 παρά
3398 3588 3494 3641 τοῦ
3558 3587 3765 3658 Κυρίου

2184 3675 2340 3745 ἡμῶν
2415 3674 2591 3745 Ἰησοῦ
2647 3677 2924 3747 Χριστοῦ,
2981 3679 3089 3744 ἓως
3155 3680 3253 3750 τῆς
3297 3678 3612 3744 συντελείας
3671 3678 3765 3737 τοῦ

2186 3764 2391 3835 κόσμου
2417 3766 2477 3819 οὐ
2512 3766 2929 3839 παρελεύσεται,
2971 3770 3089 3823 ἀλλ’
3120 3771 3198 3834 ὡς
3227 3770 3491 3833 Βασιλεὺς
3519 3770 3628 3826 τῶν
3677 3768 3769 3838 βα-

2188 3855 2533 3925 σιλευόντων,
2567 3859 2660 3912 καὶ
2690 3860 2895 3932 Κύριος
2923 3861 3034 3915 τῶν
3082 3863 3467 3936 κυριευόντων,
3503 3862 3571 3916 δι’
3598 3863 3766 3932 αὐτῆς

2188 3948 2469 4020 ποιμαίνει
2500 3951 2593 4004 τὸν
2625 3951 2753 4005 λαὸν
2781 3954 2971 4018 αὑτοῦ,
2996 3956 3161 4028 μέχρι
3189 3955 3285 4023 τῆς
3312 3955 3572 4025 δευτέρας
3604 3953 3764 4007 αὐτοῦ

2188 4040 2517 4109 παρουσίας,
2549 4043 2671 4113 ἥτις
2706 4043 2821 4115 λαῷ
2874 4046 3048 4117 ἑτέρῳ
3102 4047 3201 4117 οὐχ
3262 4046 3765 4118 ύπολειφθήσεται;

2190 4132 2300 4185 Καὶ
2329 4134 2452 4187 τότε
2500 4136 2706 4208 ταύτην
2739 4138 2815 4202 ὡς
2852 4138 3041 4210 Πατὴρ
3092 4139 3186 4195 τοῦ
3239 4140 3530 4211 μέλλοντος
3576 4139 3768 4203 αἰῶνος

2190 4225 2434 4293 καθέξει,
2467 4228 2557 4281 ὅτε
2590 4231 2791 4294 πάντες
2833 4233 3281 4304 ἀναστησόμεθα,
3336 4233 3523 4298 καθὼς
3570 4233 3770 4304 γέγρα-

2191 4334 2347 4373 πταιο
2379 4319 2802 4393 Ἀναστήσονται
2830 4324 2878 4377 οί
2922 4324 3132 4395 νεκροὶ,
3170 4325 3261 4379 καὶ
3303 4325 3692 4396 ἐγερθήσονται
3720 4323 3769 4379 οι

2193 4410 2252 4461 ἐν
2288 4412 2403 4475 τοῖς
2448 4414 2758 4485 μνημείοις,
2809 4418 2905 4473 καὶ
2934 4419 3407 4491 παραστησόμεθα
3435 4419 3515 4489 τῷ
3566 4419 3770 4491 βήματι

2191 4498 2294 4569 τῆς
2349 4501 2652 4558 ἀδεκάστου
2705 4507 2945 4576 κρίσεως
2996 4510 3192 4564 αύτοῦο
3256 4512 3509 4576 καὶτοὺς
3541 4511 3771 4584 ἐχθροὺς

504 4591 771 4646 tribunali
802 4590 1110 4660 incorrupti
1145 4590 1345 4661 judicil
1381 4592 1534 4662 ejus;
1570 4600 1626 4647 et
1654 4590 1909 4648 inimicos
1941 4594 2074 4666 ejus1

2194 4590 2384 4656 αὑτοῦ,
2429 4594 2595 4663 ἤγουν
2650 4597 2779 4661 τοὺς
2829 4600 2903 4670 μὴ
2954 4600 3292 4672 θελήσαντας
3348 4603 3443 4658 νῦν
3491 4602 3773 4665 πιστεῦσαι

504 4685 560 4739 id
601 4691 705 4749 est,
735 4684 829 4753 qui
858 4684 1161 4739 noluerunt
1187 4682 1415 4738 credere
1454 4683 1528 4749 ei,
1570 4699 1749 4754 neque
1787 4685 1967 4757 ipsum
1996 4701 2087 4741 re-

504 4791 674 4846 gnare
700 4791 868 4845 super
897 4790 1014 4839 eos,
1046 4774 1358 4844 dissipabit,
1392 4774 1449 4829 in
1496 4774 1715 4830 inferno
1750 4784 1958 4831 mterno
1988 4793 2093 4849 pu-

506 4865 782 4931 niendos;
841 4865 937 4935 qui
984 4880 1116 4921 vero
1171 4864 1513 4919 crediderint
1554 4873 1610 4920 et
1654 4873 1925 4937 prmcepta
1973 4868 2094 4937 ejus

508 4968 656 5015 recte
698 4960 1073 5025 servaverint,
1124 4958 1201 5012 illi
1239 4957 1660 5029 conregnabunt
1699 4960 1753 5013 in
1801 4960 2026 5026 smculo,
2069 4978 2087 5012 ι

506 5051 653 5107 sicut
678 5051 903 5119 scripsit
924 5050 1143 5105 Salomo
1168 5050 1224 5104 in
1256 5048 1576 5105 Proverbiis
1605 5050 1671 5113 ",
1696 5058 1751 5105 et
1776 5069 1794 5101 ι
1828 5051 2094 5107 Dominus

508 5142 762 5214 regnabit
788 5157 955 5212 super
979 5156 1075 5196 eos
1104 5141 1160 5195 in
1186 5141 1384 5196 saecula
1411 5142 1458 5173 ’⁸
1483 5158 1496 5195 :
1536 5159 1554 5191 ι
1586 5170 1657 5181 -
1686 5159 1705 5192 ι
1736 5141 1805 5196 Et
1827 5156 1956 5197 ecce
1985 5142 2094 5214 (in-

508 5236 631 5304 quit
670 5233 882 5303 Daniel)
921 5248 1048 5287 cum
1084 5232 1328 5288 nubibus
1360 5232 1484 5289 coeli
1519 5231 1798 5298 veniebat,
1831 5243 1888 5289 et
1919 5249 2094 5305 usque

396 5378 409 5383 -
509 5328 577 5382 ad
604 5326 909 5404 Antiquum
934 5324 1150 5379 dierum
1182 5326 1466 5396 pervenit;
1498 5336 1554 5381 et
1589 5326 1691 5397 ipsi
1725 5326 1851 5391 data
1882 5336 1966 5383 est
1995 5343 2095 5400 po-

514 5428 704 5487 testas,
735 5424 792 5472 et
823 5416 1021 5483 honor,
1053 5425 1110 5471 et
1146 5431 1338 5473 omnes
1386 5417 1564 5474 tribus
1601 5418 1845 5485 servient
1868 5418 1962 5476 ei:
2002 5437 2092 5475 re-

2193 4682 2344 4753 αύτῷ
2375 4686 2469 4738 καὶ
2515 4687 2836 4758 βασιλεῦσαι
2881 4693 3047 4751 αὑτὸν
3103 4696 3191 4753 ἐπ’
3231 4695 3455 4759 αὐτοὺς,
3486 4696 3773 4769 σκορπίσει

2192 4775 2251 4828 ἐν
2295 4777 2374 4848 τῷ
2406 4778 2507 4850 ᾅδῃ
2538 4782 2741 4854 αἰωνίῳ
2769 4785 3311 4858 κολασθησομένους,
3356 4790 3453 4842 καὶ
3506 4790 3776 4860 συμϐασι-

2192 4865 2480 4924 λεύσουσιν
2530 4873 2680 4944 αὐτῷ
2736 4876 2815 4939 είς
2868 4878 3072 4942 αίῶνας
3115 4881 3166 4933 οἱ
3234 4881 3632 4944 πιστεύσαντες
3685 4882 3775 4936 καὶ

2192 4962 2431 5030 γνησίως
2468 4964 2567 5028 τὰς
2605 4968 2826 5033 ἐντολὰς
2847 4971 3014 5024 αὐτοῦ
3043 4975 3406 5046 τηρήσαντεςο
3437 4976 3586 5029 καθά
3618 4976 3772 5028 Σολον

2194 5056 2310 5125 μῶν
2341 5057 2488 5128 λέγει
2505 5061 2562 5115 ἐν
2588 5062 2950 5135 Παροιμίαις·
2973 5084 2991 5118 ι
3016 5068 3125 5121 Καὶ
3150 5068 3458 5137 βασιλεύσει
3474 5070 3654 5123 αὐτῶν
3668 5068 3775 5122 Κύο

2194 5165 2330 5220 ριος,
2354 5151 2436 5214 είς
2457 5153 2584 5217 τοὺς
2596 5155 2820 5219 αἰῶνας.
2846 5176 2970 5212 ι-ι
2992 5159 3105 5221 Καὶ
3122 5160 3232 5213 ἰδοὺ
3255 5160 3396 5232 μετά
3420 5162 3532 5215 τῶν
3545 5159 3776 5230 νεφελῶν

2191 5237 2286 5293 τοῦ
2303 5240 2534 5312 ούρανοῦ
2567 5245 2863 5327 ἐρχόμενος
2892 5242 2984 5321 ἦν,
3017 5249 3113 5303 καὶ
3144 5250 3249 5315 ἕως
3275 5251 3370 5304 τοῦ
3401 5251 3643 5305 Παλαιοῦ
3671 5252 3774 5304 τῶν

2191 5327 2416 5402 ἡμερῶν
2450 5332 2678 5403 ἔφθασε·
2710 5336 2811 5400 καὶ
2839 5338 2989 5410 αὐτῷ
3011 5340 3359 5412 προσηνέχθη
3390 5343 3423 5410 ή
3453 5340 3592 5411 τιμὴ
3618 5341 3711 5393 καὶ
3741 5340 3773 5408 ἡ

2195 5418 2467 5502 βασιλεία,
2507 5427 2603 5482 καὶ
2644 5429 2820 5485 πᾶσαι
2847 5432 2902 5484 αἱ
2934 5431 3101 5501 φυλαὶ
3147 5432 3296 5504 αύτῷ
3324 5431 3719 5495 δουλεύσουσιν
3746 5433 3777 5502 ἡ

577 5575 796 5662 εἶρξαι.
830 5588 1075 5662 ιχξινιι,
1104 5574 1292 5632 59-46.
1367 5571 1416 5606 ’³
1438 5572 1577 5629 ibid.
1613 5572 1704 5630 56.
1780 5575 1826 5608 ³³
1850 5574 2024 5647 Apoc.
2053 5593 2074 5632 ι

2197 5579 2283 5637 16.
2363 5582 2408 5613 ’⁸
2441 5582 2544 5639 lsa.
2574 5599 2649 5652 ιχ,
2685 5585 2741 5640 6.
2823 5586 2915 5644 ³⁸1
2943 5586 3071 5645 Cor.
3100 5606 3190 5660 xv,
3220 5588 3309 5651 52.
3383 5592 3426 5621 ’⁷
3457 5590 3585 5662 Sap.
3611 5605 3687 5654 ιιι,
3718 5589 3767 5648 8.

513 5649 559 5682 ⁸⁸
594 5649 760 5704 Mich.
799 5662 879 5714 ιν,
908 5647 965 5705 7.

590 5806 665 5881 (IV)
688 5801 1145 5892 llincnincipiun't
1176 5801 1325 5892 edita
1356 5800 1550 5869 Latine
1591 5801 1993 5872 tantummodo,
2035 5812 2092 5863 et
2130 5804 2353 5877 quidem
2375 5809 2661 5882 accphala,
2692 5813 2910 5885 mutila,
2942 5824 2999 5875 et
3039 5831 3184 5888 smpe
3248 5816 3585 5886 deﬁcientia,
3642 5814 3777 5892 apud

516 5875 799 5937 Canisium
830 5874 1061 5951 Busnag.
1097 5874 1197 5931 loc.
1234 5874 1322 5929 cit.
