4072 6530
355 380 495 449 1213

1371 379 1832 443 DISPUTATIO
1875 377 2271 443 ADVERSUS
2312 376 2643 440 JUDAEOS.

3418 376 3423 381 δ
3500 374 3638 445 1214

357 494 608 568 βασιλεία
635 495 800 551 αὐτοῦ
838 494 1087 569 βασιλεία
1117 492 1395 568 διηνεκὴς,
1464 495 1560 550 καὶ
1589 494 1807 563 ἐξουσία
1855 492 1981 553 uti».

2080 507 2221 560 ;num
2251 493 2394 564 ejus,
2430 506 2661 563 regnum
2705 501 2999 561 azternum,
3040 498 3097 548 et
3138 500 3386 566 potestas
3428 495 3548 566 ejus
3582 500 3638 551 in

352 592 453 646 τοῦ
482 594 563 656 είς
585 591 782 662 γενεὰς
815 590 912 645 καὶ
938 588 1058 661 ἐτη,
1094 587 1217 659 ἥτις
1246 587 1308 642 οὐ
1352 587 1775 661 παρελεύσεται.
1813 606 1831 640 ι

425 773 566 829 Εἰδὲ
595 773 823 849 λέγεις,
852 765 898 827 ὦ
938 769 1182 844 Ἰουδαζίεο
1218 769 1433 843 ’Δκμήν
1467 787 1530 824 ου
1565 769 1949 842 παραγέγονεν

355 868 386 922 6
416 866 672 939 Χριστὸς,
702 865 843 920 ἀλλά
871 866 1002 937 περὶ
1023 865 1093 920 τά
1121 863 1413 920 τελευταῖα
1439 862 1535 917 τοῦ
1556 863 1754 935 χρόνου
1787 862 1950 916 αὐτὸν

356 962 640 1035 ἔρχεσθαι,
686 959 739 1013 τί
774 959 857 1014 ἔτι
880 960 968 1014 ἵνα
994 960 1197 1033 ποιήσῃ
1231 958 1654 1030 ἀφανιζομένων
1685 956 1797 1012 τῶν
1821 956 1951 1029 χρό-

356 1069 496 1119 νων;
532 1051 673 1105 Ἀλλ’
693 1052 825 1116 ίσως
844 1052 1012 1122 ἐρεῖς,
1036 1051 1121 1105 ὅτι
1139 1050 1221 1106 Τὰ
1246 1050 1682 1121 ὲξαφανιζόμενα
1712 1048 1798 1103 ἵνα
1820 1049 1954 1103 ἀνα-

357 1149 656 1217 κτήσηται,
707 1145 878 1216 ήγουν
935 1143 1005 1198 τὰ
1035 1143 1163 1216 έθνη
1206 1142 1316 1198 τῶν
1358 1142 1652 1199 Ἰουδαίων.
1688 1143 1800 1196 Καὶ
1833 1140 1955 1205 πῶς

360 1237 476 1309 ἔχει
512 1236 673 1291 τοῦτο
725 1235 907 1306 λόγον,
943 1232 981 1290 ἃ
1007 1238 1076 1307 τῇ
1114 1236 1414 1308 προστάξει
1442 1234 1611 1290 αὐτοῦ
1641 1234 1739 1289 καὶ
1786 1232 1952 1306 βουλῇ

361 1329 713 1399 ἀφανίζεται.
738 1326 913 1382 ταῦτα
933 1328 1097 1382 πάλιν
1116 1326 1467 1393 ἀνακτίζεινς
1497 1325 1684 1390 Οὕτως
1711 1326 1954 1381 ἀσύστα-

360 1441 455 1487 τον
484 1423 547 1477 τὸ
581 1422 827 1495 διήγημα
860 1422 921 1476 τὸ
956 1419 1226 1476 τοιοῦτον.
1257 1418 1527 1491 Οὐδαμῶς
1567 1419 1678 1491 γὰρ
1713 1419 1953 1490 εἴρηται,

363 1518 449 1571 ὅτι
493 1516 632 1588 μετὰ
678 1515 777 1587 τὴν
810 1514 905 1569 τοῦ
937 1514 1146 1585 κόσμου
1190 1511 1384 1569 τούτου
1418 1512 1740 1578 κατάλυσιν,
1791 1512 1957 1583 ἑτέρα

364 1627 449 1673 τις
472 1608 634 1663 πάλιν
654 1608 762 1661 τῶν
808 1606 1078 1662 Ἰουδαίων
1119 1606 1345 1677 τοιαύτη
1378 1604 1697 1676 κατασκευὴ
1731 1604 1957 1659 ἀνίστα-

364 1720 480 1757 ται.
510 1702 682 1757 Τοῦτο
707 1701 764 1756 δὲ
792 1701 821 1755 6
845 1701 1131 1773 προφήτης
1148 1700 1277 1770 ὑμῖν
1316 1698 1498 1770 λέγει·
1542 1698 1799 1771 «ιΠέμψω
1827 1700 1959 1771 ὑμῖν

378 1793 569 1848 Ἠλίαν
587 1792 677 1848 τὸν
711 1792 1005 1861 Θεσόίτην,
1067 1792 1201 1864 πρὶν
1231 1790 1410 1846 ἐλθεῖν
1454 1791 1555 1862 τὴν
1592 1791 1810 1863 ἡμέραν
1845 1793 1958 1845 Κυ-

368 1885 487 1958 ρίου
522 1886 625 1957 τὴν
658 1847 1065 1957 μεγάληνίιίαὶ
1083 1847 1234 1955 [ἐμω.
1268 1882 1369 1955 μὴ]
1400 1847 1571 1939 έλθῶν
1599 1847 1827 1950 πιατάξω
1855 1884 1956 1957 τὴν
1984 1847 2032 1907 Β

372 1979 477 2047 γῆν
530 1978 725 2049 ἄρδην.
761 1996 781 2030 ι
816 1978 879 2032 Ei
916 1978 1016 2050 μὲν
1055 1970 1213 2041 οὗτος
1243 1977 1303 2031 ὃν
1336 1978 1678 2050 προσδοκᾶτε
1720 1979 1958 2049 Χριστὸν

378 2070 568 2134 Ἦλίας
589 2070 739 2124 ἐστὶν
766 2071 795 2124 6
831 2071 906 2142 μὴ
951 2069 1262 2140 ἀνακτῆσαι
1313 2070 1632 2143 ἐρχόμενος,
1680 2069 1818 2124 ἀλλά
1852 2088 1958 2123 πα-

366 2162 563 2229 τάξαι·
595 2161 783 2217 λοιπὸν
806 2163 1039 2233 νοήσατε
1067 2162 1185 2227 πῶς
1206 2161 1267 2216 οὐ
1292 2162 1510 2231 λέγεται
1531 2162 1791 2235 Χριστὸς,
1823 2160 1960 2216 ἀλλά

380 2256 602 2322 Ἠλίαςο
637 2256 733 2311 καὶ⁵
747 2256 849 2310 οὐκ
881 2256 947 2310 ὲκ
967 2255 1216 2326 Βηθλεὲμ
1251 2255 1533 2324 γεννᾶται,
1567 2253 1643 2318 ὡς
1672 2254 1962 2327 προφήτης

370 2349 501 2421 ὑμῖν
551 2348 848 2422 ἐμήνυσεν,
891 2348 1008 2403 ἀλλ’
1056 2349 1122 2402 ὲκ
1167 2346 1391 2401 Θεσόῶν
1421 2345 1729 2418 γεννηθείς.
1762 2345 1822 2400 '0
1851 2345 1962 2417 γὰρ

370 2442 567 2511 εἰπὼν,
602 2461 620 2495 ι
664 2442 877 2516 Πέμψω
908 2442 1040 2514 ὑμῖν
1078 2439 1290 2507 Ἠλίαν,
1323 2438 1560 2511 »ιὲτερός
1579 2441 1697 2493 ἐστι
1722 2438 1875 2511 παρά
1900 2437 1964 2492 το

370 2538 733 2608 πεμπόμενον
755 2555 769 2569 ε
801 2536 898 2590 καὶ
924 2537 1008 2590 ὅτι
1037 2530 1183 2600 εἷπε,
1228 2553 1247 2587 ι
1286 2533 1379 2605 Μὴ
1416 2530 1589 2587 ὲλθὼν
1610 2531 1839 2600 πατάξω
1862 2531 1965 2604 τὴν

372 2633 480 2701 γῆν
516 2630 709 2704 ἄρδην,
755 2649 775 2684 ι
837 2629 906 2685 δι’
967 2628 1178 2683 ἐκείνου
1233 2628 1453 2700 πρῶτον
1502 2624 1964 2698 διαμαρτύρεται,

376 2724 547 2795 ήγουν
573 2723 668 2777 τοῦ
698 2722 906 2789 Ἠλίου,
938 2722 1033 2776 καὶ
1048 2719 1169 2775 τότε
1203 2719 1411 2792 ἐξαίρει
1447 2719 1557 2774 πᾶν
1593 2717 1657 2772 τὸ
1707 2733 1968 2788 συνεστη-

374 2819 472 2883 κὸς
515 2817 696 2884 τοῦτο,
739 2818 912 2889 ήγουν
942 2819 1088 2872 ποιεί
1135 2815 1236 2886 τὴν
1285 2812 1622 2869 συντέλειαν.
1672 2811 1740 2866 Τί
1769 2810 1863 2865 οὐν
1889 2810 1969 2883 τῷ

377 2909 602 2983 Χριστῷ
628 2910 816 2965 λοιπὸν
837 2909 1030 2979 ὄφελος
1056 2907 1350 2977 γεννᾶσθαι
1374 2905 1527 2972 τότε;
1549 2904 1636 2958 ἵνα
1661 2904 1768 2957 τίνι
1794 2903 1971 2978 ἀρέσῃ

379 3007 412 3076 ἢ
454 3003 802 3077 χρησιμεύσῃ
838 3003 940 3072 τῆς
994 3000 1304 3064 συντελείας
1349 2999 1687 3069 γενομένης;
1728 2997 1837 3050 Καὶ
1861 2997 1971 3067 γὰρ

381 3100 541 3165 ἄλλος
601 3098 750 3153 ἐστὶν
789 3100 818 3153 6
852 3099 1090 3169 Χριστὸς
1139 3095 1233 3151 καὶ
1293 3094 1454 3158 ἄλλος
1501 3092 1710 3155 Ἦλίας.
1753 3091 1814 3145 ὐ
1862 3089 1972 3161 γάρ

384 3192 673 3262 προφήτης
705 3189 908 3260 Δανιὴλ
944 3188 1090 3242 λίθον
1124 3186 1284 3241 αὐτὸν
1318 3184 1599 3258 ἐθεώρησε
1628 3184 1709 3256 τῷ
1763 3181 1975 3254 βασιλεῖ

385 3286 496 3338 τῶν
532 3284 915 3349 Βαϐυλωνίων,
959 3283 1017 3345 ὃς
1059 3281 1155 3335 καὶ
1185 3280 1407 3349 ἐγένετο
1446 3279 1570 3350 ὅρος
1603 3278 1769 3347 μέγα.
1810 3276 1975 3344 Λέγει

387 3378 498 3450 γάρ
544 3378 758 3444 οὕτως’
799 3398 818 3435 ι
872 3377 983 3431 Καὶ
1021 3377 1080 3430 ὲν
1134 3376 1255 3438 ταῖς
1307 3373 1545 3445 ήμέραις
1596 3371 1838 3432 ἐκείναις
1869 3369 1979 3423 τῶν

392 3471 662 3543 βασιλέων
694 3469 919 3523 ἐκείνων
964 3467 1263 3537 ἀναστήσει
1290 3467 1317 3519 6
1346 3464 1479 3528 Θεδς
1528 3462 1830 3535 βασιλείαν,
1858 3461 1981 3532 ἥτις

392 3566 473 3629 είς
501 3563 595 3618 τὸν
622 3562 796 3617 αἰῶνα
854 3562 915 3616 οὐ
946 3558 1380 3630 διαφθαρήσεται
1399 3573 1415 3588 ο
1444 3555 1542 3610 καὶ
1595 3553 1762 3623 αὐτη,
1791 3552 1981 3623 φησίν,

391 3658 764 3730 ἀναστήσεται
824 3656 906 3719 εἰς
955 3656 1085 3717 τοὺς
1135 3652 1373 3715 αἰῶνας·
1405 3669 1425 3704 ι
1466 3650 1563 3704 καὶ⁹
1590 3649 1673 3703 ὅτι
1711 3666 1729 3701 ι
1760 3643 1918 3701 Εἷδεν
1955 3646 1985 3699 6

396 3750 656 3823 βασιλεὺς
678 3751 760 3804 ὅτι
778 3747 842 3812 ὲε
859 3748 1023 3820 ὅρους
1048 3746 1260 3817 ἐτμήθη
1286 3745 1435 3808 λίθος
1485 3742 1616 3798 ἀνευ
1648 3739 1849 3821 χειρῶν
1891 3738 1987 3792 καὶ

395 3842 636 3908 ὲπάταξε
687 3842 788 3915 τήν
825 3841 1039 3895 εἰκόνα·
1091 3838 1330 3909 ἐγενήθη
1368 3836 1427 3890 δὲ
1486 3835 1687 3897 δλίθος
1746 3834 1826 3897 εἰς
1861 3831 1987 3903 ὅρος

402 3936 565 4005 μέγα,
597 3935 690 3988 καὶ
719 3933 1007 4005 ἐπλήρωσε
1031 3932 1215 3985 πᾶσαν
1246 3929 1343 3996 τὴν
1374 3930 1499 3999 γῆν.
1530 3946 1550 3979 ι
1608 3925 1895 3996 Τέσσαρας
1929 3921 1988 3976 δὲ

402 4028 641 4099 βασιλεῖς
677 4026 825 4096 λέγει
869 4025 939 4081 τὰ
978 4024 1165 4089 ένδοξά
1212 4040 1271 4076 τε
1326 4023 1422 4076 καὶ
1444 4020 1695 4091 ἐπίσημα
1725 4016 1980 4071 Βαϐυλω-

398 4123 552 4191 νίων,
585 4122 808 4193 Μήδων,
854 4120 949 4175 καὶ
986 4119 1048 4173 τὸ
1097 4102 1283 4191 τρίτον
1313 4102 1609 4189 λῃστρικὸν
1640 4112 1736 4167 καὶ
1767 4111 1990 4164 δυσεπιτ-

404 4217 659 4288 χείρητον
704 4214 765 4267 τὸ
819 4210 1194 4268 Μακεδονικὸν
1234 4208 1610 4277 Ἀλεξάνδρου,
1663 4204 1832 4274 ήγουν
1883 4200 1994 4255 τῶν

416 4299 707 4377 Ἑλλήνων.
737 4305 923 4360 Ταῦτα
949 4306 1017 4359 τὰ
1052 4304 1181 4375 τρία
1212 4303 1279 4357 τὰ
1312 4299 1551 4356 δυνατά·
1578 4297 1674 4352 καὶ
1705 4297 1765 4349 τὸ
1797 4295 1997 4365 τέταρο

403 4418 499 4455 τον
532 4400 695 4454 τοῦτο
748 4398 808 4453 τὸ
868 4397 1046 4470 θρασύ
1100 4391 1634 4466 συνηριθ[μηιμένον
1659 4392 1773 4453 τοῖς
1821 4387 1994 4459 τρισί.

407 4495 563 4550 Μετά
590 4491 925 4564 γὰρ’ταύτας
946 4490 1044 4555 τὰς
1077 4487 1356 4556 βασιλείας
1389 4483 1596 4554 ἀνεφύη
1641 4482 1804 4552 αὕτη,
1828 4483 1997 4552 ήγουν

408 4588 442 4657 ή
479 4585 717 4658 Χριστοῦ
753 4583 1021 4656 βασιλεία,
1052 4583 1116 4652 ἢν
1149 4583 1176 4635 6
1198 4579 1397 4651 Δανιὴλ
1422 4577 1700 4649 ἄφθαρτον
1730 4574 1827 4629 καὶ
1848 4573 1997 4627 ἀδιά-
2030 4580 2074 4636 ι)

410 4678 563 4748 δοχον
604 4675 823 4746 ἔφησεν.
858 4675 920 4729 Ei
954 4673 1011 4726 δὲ
1050 4672 1211 4742 εῐπῃς
1243 4670 1346 4741 τὴν
1385 4669 1613 4739 σιδηρᾶν
1673 4663 1992 4734 Αὐγούστου

414 4771 716 4841 Καίσαρος,
744 4769 867 4823 τίνα
898 4766 1194 4837 έλέπτυνεν
1242 4764 1275 4834 ἢ
1326 4762 1598 4833 ὲδάμασεν
1627 4760 1660 4830 ή
1686 4756 1997 4826 Αὐγούστου

311 4937 314 4939 Α
415 4865 510 4919 καὶ
530 4864 637 4917 τῶν
664 4863 869 4916 λοιπῶν
908 4856 1197 4930 βασιλέων,
1231 4856 1428 4919 οἵτινες
1462 4852 1558 4905 καὶ
1606 4850 1864 4919 ἐνίκησαν
1905 4846 2001 4899 καὶ

416 4956 765 5027 ήττήθησαν;
794 4954 856 5008 Εἰ
892 4952 1000 5025 γὰρ
1030 4951 1178 5021 ὑμᾶς
1237 4948 1365 5013 τοὺς
1408 4943 1696 5005 Ἰουδαίους
1736 4940 1833 4994 καὶ
1865 4938 2004 4993 ἄλλα

418 5049 594 5103 πολλὰ
638 5047 769 5116 ἔθνη
807 5045 1091 5116 ἐνίκησαν,
1133 5040 1272 5097 ἀλλά
1306 5038 1469 5093 πάλιν
1517 5032 1866 5107 ἡττήθησαν·
1908 5028 2007 5083 καὶ¹

421 5137 704 5209 παρῆλθεν
734 5138 769 5208 ή
824 5134 921 5189 τοῦ
953 5132 1271 5203 Αὐγούστου
1330 5127 1613 5196 Καίσαρος
1641 5120 1824 5193 ἀρχήσ
1877 5120 1911 5189 ή
1948 5116 2006 5171 δὲ

420 5228 515 5301 τοῦ
552 5227 792 5300 Χριστοῦ
854 5225 1106 5298 βασιλεία
1142 5223 1222 5287 είς
1251 5221 1343 5276 τὸν
1371 5218 1547 5273 αἰῶνα
1573 5216 1726 5277 τέλος
1748 5213 1848 5284 οὐχ
1869 5211 2006 5278 ἔξει.

424 5322 501 5378 T6
536 5322 647 5394 γὰρ
695 5319 980 5386 λεπτύνον,
1028 5319 1298 5389 ἀήττητον
1348 5313 1445 5368 καὶ
1477 5310 1813 5379 ἀδάμαστον
1851 5306 2008 5379 μένει

428 5414 525 5467 καὶ
557 5412 861 5484 ἀδιάδοχον,
917 5412 1053 5481 ὅπερ
1087 5409 1204 5463 ἐστὶ
1233 5406 1296 5461 τὸ
1344 5405 1517 5475 ὄνομα
1562 5401 1659 5456 καὶ
1695 5400 1729 5471 ή
1764 5396 2013 5471 βασιλεία

425 5505 523 5561 τοῦ
572 5505 781 5577 Κυρίου
829 5503 987 5581 ήμῶν
1039 5500 1219 5573 Ἰησοῦ
1266 5496 1530 5569 Χριστοῦ,
1586 5494 1684 5548 καὶ
1730 5494 1765 5564 ή
1829 5490 2015 5581 πίστις

427 5594 589 5668 ήμῶν
616 5597 650 5665 ή
703 5595 783 5658 είς
837 5579 1021 5647 αὐτόν.
1076 5591 1238 5645 Πόσοι
1269 5588 1532 5659 Ἓλληνες
1583 5583 1679 5638 καὶ
1729 5579 2015 5645 κακόδοξοι

432 5687 672 5761 βασιλεῖς
699 5686 796 5742 καὶ
820 5684 947 5758 ἔθνη
982 5683 1332 5754 ἐπολέμησαν
1368 5679 1469 5752 τὴν
1516 5677 1701 5731 πίστιν
1727 5673 1885 5747 ήμῶν
1906 5669 2016 5726 τῶν

2051 584 2442 657 generationes
2490 590 2547 639 et
2597 584 2984 655 generationes
3032 592 3089 640 et
3131 600 3329 652 annos,
3362 601 3484 657 qua:
3527 602 3640 645 non

2048 672 2411 745 pertransibit
2444 673 2512 732 ”.
2555 690 2575 725 ι

2120 766 2278 833 Quod
2312 767 2358 823 si
2392 766 2620 830 dixeris,
2654 782 2688 822 0
2718 766 2947 824 Iudaee:
2981 766 3237 823 Nondum
3269 766 3425 822 venit
3476 764 3641 822 Chric

2049 868 2191 926 stus,
2212 859 2393 931 ipsum
2412 859 2757 915 contendens
2778 860 2832 914 in
2857 858 3341 914 consummatione
3374 859 3644 930 temporis

2052 963 2373 1018 venturum,
2410 951 2546 1024 quid
2596 951 2767 1023 igitur
2811 951 3066 1007 facturus
3109 952 3314 1015 veniet,
3355 966 3480 1006 cum
3528 951 3643 1021 jam

2052 1045 2427 1102 abolebuntur
2459 1046 2752 1117 tempora?
2781 1045 2888 1101 Sed
2926 1044 3069 1101 forte
3110 1045 3476 1116 respondebis
3518 1044 3645 1098 ideo

2052 1148 2352 1196 venturum
2389 1148 2452 1195 ut
2496 1138 2704 1194 abolita
2762 1147 3032 1209 tempora,
3088 1138 3142 1193 id
3195 1150 3300 1205 est,
3361 1139 3644 1194 nationem

2055 1233 2397 1299 Iudaeorum,
2422 1232 2700 1287 restituat.
2725 1231 2897 1298 Quam
2925 1248 3061 1287 vero
3088 1230 3361 1288 rationem
3390 1232 3643 1295 haberet,

2055 1341 2121 1382 ea
2151 1325 2468 1396 quaeipsius
2506 1326 2666 1396 jussu
2695 1332 2751 1379 et
2784 1324 3022 1380 consilio
3057 1324 3261 1379 abolita
3294 1334 3447 1389 sunt,
3480 1340 3651 1380 reno-

2056 1416 2223 1472 vare?
2245 1416 2393 1475 Talis
2429 1415 2615 1485 itaque
2635 1414 2931 1485 explicatio
2960 1413 3268 1469 subsistere
3299 1429 3408 1468 non
3442 1420 3645 1484 potest.

2058 1509 2283 1564 Minime
2312 1508 2461 1564 enim
2496 1506 2706 1563 dictum
2751 1515 2857 1573 est,
2907 1505 3057 1577 quod
3094 1514 3221 1577 post
3256 1506 3426 1577 hujus
3456 1504 3650 1560 mundi

2059 1601 2506 1662 dissolutionem.
2546 1601 2673 1656 talis
2718 1599 3042 1656 Judzeorum
3092 1599 3423 1653 constitutio
3463 1614 3653 1654 resur-

2060 1706 2286 1754 rectura
2345 1696 2454 1763 sit;
2498 1696 2611 1750 imo
2647 1693 2917 1765 propheta
2968 1691 3127 1747 vobis
3179 1692 3351 1749 dicit:
3388 1711 3406 1744 ι
3443 1692 3652 1746 Mittam

2064 1789 2224 1845 vobis
2249 1788 2425 1843 Eliam
2456 1785 2782 1848 Thesbiten,
2827 1800 2896 1840 ne
2924 1784 3153 1839 veniens
3186 1783 3495 1855 percutiam
3545 1792 3656 1845 ter-

2062 1899 2178 1939 ram
2208 1881 2433 1952 penitus
2455 1879 2521 1933 '°.
2554 1896 2572 1929 ι
2613 1878 2789 1932 Porro
2817 1875 2862 1931 si
2914 1876 3038 1941 ille,
3082 1890 3247 1945 quem
3289 1872 3655 1945 exspectatis,

2062 1975 2317 2033 Christus
2360 1980 2447 2028 est
2475 1970 2645 2035 Elias,
2686 1968 2854 2033 Elias,
2890 1967 3145 2038 inquam,
3188 1964 3286 2036 qui
3335 1981 3446 2019 non
3488 1963 3657 2020 resti-

2065 2076 2311 2129 tuturus,
2336 2064 2433 2121 sed
2472 2075 2843 2134 percussurus
2877 2059 3087 2124 veniet,
3132 2056 3464 2130 perpendite
3516 2056 3654 2126 jam,

2067 2176 2177 2215 non
2206 2158 2498 2221 Christum,
2530 2153 2625 2209 sed
2655 2151 2831 2206 Eliam
2892 2150 3053 2205 illum
3102 2147 3316 2215 vocari,
3368 2163 3551 2218 neque
3597 2147 3656 2203 in

2066 2248 2350 2304 Bethleem
2378 2244 2554 2310 nasci,
2583 2242 2729 2299 sicut
2756 2240 2827 2295 de
2854 2239 3080 2297 Christo
3109 2239 3269 2294 vobis
3299 2253 3328 2293 a
3384 2238 3659 2310 propheta

2068 2340 2440 2413 signiﬁcatum
2498 2344 2604 2401 est,
2656 2333 2753 2389 sed
2777 2331 3036 2387 Thesbis.
3097 2328 3198 2385 Cui
3258 2330 3409 2383 enim
3483 2327 3653 2386 dixit:

2076 2450 2096 2486 ι
2118 2431 2328 2486 Mittam
2363 2426 2522 2482 vobis
2554 2425 2753 2487 Eliam,
2785 2441 2805 2477 ι
2835 2423 2979 2477 alius
3009 2436 3143 2477 sane
3167 2429 3254 2475 est
3292 2420 3362 2474 ab
3415 2434 3482 2474 eo
3510 2418 3660 2487 quod

2069 2525 2334 2581 mittitur.
2365 2518 2613 2576 Dicendo
2645 2525 2868 2572 autem:
2913 2534 2931 2568 ι
2962 2514 3044 2570 Νε
3091 2514 3324 2569 veniens
3350 2511 3660 2582 percutiam

2071 2628 2277 2675 terram
2312 2614 2558 2685 penitus,
2592 2630 2612 2664 ι
2648 2624 2750 2682 per
2783 2608 2961 2675 illum,
3002 2606 3183 2663 Eliam
3228 2603 3513 2670 videlicet,
3551 2602 3666 2673 pri-

2072 2725 2225 2767 mum
2259 2705 2608 2770 testilicatur,
2645 2710 2702 2758 et
2736 2710 2870 2756 tunc
2916 2698 3167 2754 universi
3217 2697 3386 2769 hujus
3441 2710 3667 2766 compa-

2073 2804 2257 2876 ginem
2280 2797 2555 2861 dissolvit,
2587 2795 2641 2850 id
2670 2800 2776 2863 est,
2804 2789 3349 2849 consummationem
3386 2787 3535 2844 facit.
3562 2786 3666 2843 Cui

2070 2900 2182 2970 jam
2214 2894 2362 2949 bono
2398 2902 2531 2948 tunc
2565 2887 2831 2958 temporis
2861 2892 3029 2940 natus
3062 2882 3296 2938 fuisset?
3324 2880 3428 2937 Cui
3459 2877 3668 2951 gratiﬁ~

2076 2988 2239 3047 candi
2299 2996 2397 3042 aut
2452 3000 2617 3056 quem
2662 2979 2891 3053 juvandi
2949 2977 3146 3050 gratia,
3189 2971 3669 3031 consummatione

2079 3082 2259 3140 facta?
2312 3080 2382 3136 Et
2430 3078 2577 3134 enim
2641 3075 2782 3130 alius
2829 3081 2916 3128 est
2965 3069 3241 3133 Christus,
3307 3073 3365 3123 et
3416 3066 3558 3120 alius
3585 3069 3672 3123 est

2080 3175 2248 3230 Elias.
2309 3171 2595 3228 Christum
2649 3167 2798 3222 enim
2872 3164 3279 3233 interpretatus
3332 3166 3418 3213 est
3477 3154 3671 3211 Daniel

2079 3263 2320 3334 lapidem
2372 3277 2403 3316 a
2450 3275 2580 3330 rege
2628 3254 3059 3328 Babyloniorum
3112 3251 3317 3315 visum,
3361 3247 3456 3319 qui
3514 3260 3675 3301 mons

2082 3372 2316 3428 magnus
2373 3354 2556 3409 factus
2583 3358 2688 3407 est.
2720 3349 2811 3405 Sic
2844 3348 2992 3403 enim
3015 3345 3300 3416 loquitur:
3341 3362 3359 3395 ι
3394 3342 3453 3396 1η
3476 3341 3675 3395 diebus

2083 3449 2195 3504 illis
2232 3461 2424 3517 regum
2460 3445 2681 3499 illorum
2717 3438 3014 3496 suscitabit
3044 3439 3191 3493 Deus
3246 3450 3500 3506 regnum,
3526 3432 3676 3502 quod

2083 3542 2141 3597 in
2189 3537 2451 3595 smculum
2502 3551 2614 3591 non
2666 3539 3078 3601 corrumpetur,
3120 3536 3176 3582 et
3221 3526 3401 3597 ipsum
3448 3524 3680 3591 suscita-

2084 3633 2237 3689 bitur
2286 3632 2342 3686 in
2395 3627 2643 3692 saecula;
2685 3635 2743 3679 et
2787 3621 2951 3687 vidit,
2998 3621 3201 3690 inquit,
3248 3633 3341 3673 rex
3382 3615 3679 3686 lapideme

2086 3730 2276 3779 monte
2309 3720 2555 3776 excisum
2588 3716 2709 3772 sine
2740 3713 2999 3768 manibus
3023 3720 3079 3767 et
3108 3710 3387 3781 percussit
3416 3716 3678 3772 statuam,

2087 3826 2143 3872 ct
2173 3814 2350 3871 factus
2377 3820 2463 3868 est
2489 3810 2629 3881 lapis
2664 3808 2720 3863 in
2757 3814 3001 3861 montem
3038 3818 3319 3874 magnum,
3352 3808 3408 3856 et
3447 3797 3683 3869 replevit

2090 3910 2409 3965 universam
2445 3915 2647 3960 terram
2668 3902 2735 3954 ³¹.
2770 3918 2788 3950 ι
2830 3898 3081 3965 Quatuor
3117 3911 3285 3966 porro
3324 3908 3481 3964 reges
3516 3906 3683 3961 regna

2090 4001 2329 4073 gloriosa
2374 4004 2431 4053 et
2453 3994 2696 4051 celebria
2731 3991 3135 4059 interpretatur
3175 4000 3432 4056 regnum,
3466 3982 3684 4038 scilicet

2092 4090 2548 4163 Babyloniorum,
2579 4083 2909 4147 Medorum;
2960 4079 3184 4133 tertium
3231 4090 3363 4130 vero
3408 4073 3683 4143 praedato-

2095 4189 2239 4243 rium
2288 4184 2393 4239 fuit
2440 4190 2498 4237 et
2555 4176 2913 4239 indomitum,
2956 4170 3395 4233 Macedonicum,
3434 4168 3682 4235 inquam,

2096 4276 2416 4340 Alexandri,
2446 4273 2563 4329 sive
2585 4270 2923 4332 Graecorum,
2953 4277 3223 4334 regnum:
3258 4260 3375 4313 haec
3411 4256 3516 4309 tria
3548 4262 3686 4309 sunt

2098 4367 2481 4445 potentissima
2508 4382 2522 4431 ;
2548 4369 2807 4434 quartum
2844 4370 3076 4428 regnum
3112 4353 3219 4407 hoc
3248 4352 3427 4421 ipsum
3460 4355 3566 4411 est,
3597 4346 3687 4398 ius

2099 4459 2499 4532 victum,quod
2534 4457 2715 4512 tribus
2740 4448 3189 4525 praecedentibus
3226 4449 3689 4500 connumeratum

2102 4569 2205 4617 est.
2237 4556 2355 4611 Hoc
2390 4553 2562 4617 enim,
2610 4555 2737 4621 post
2770 4547 2863 4601 illa
2909 4558 3079 4615 regna
3110 4548 3302 4595 natum
3346 4544 3450 4599 est,
3480 4532 3689 4587 Christi

2100 4651 2315 4708 scilicet
2339 4659 2593 4718 regnum,
2629 4638 2778 4712 quod
2812 4652 2917 4692 nec
2949 4628 3293 4702 corruptioni
3320 4641 3426 4681 nec
3468 4638 3692 4679 succes-

2101 4742 2247 4800 sioni
2295 4713 2596 4794 obnoxium
2641 4745 2763 4787 esse
2824 4722 3210 4799 pronuntiavit
3264 4716 3476 4773 Daniel.
3529 4715 3595 4770 Et
3647 4713 3693 4768 si

2102 4835 2311 4894 dixeris
2323 4846 2549 4904 regnum
2568 4829 2810 4883 ferreum
2823 4819 3056 4877 Ctesaris
3073 4813 3301 4886 Augusti
3324 4811 3515 4875 fuisse,
3530 4822 3695 4879 quem

2104 4929 2342 4985 aliorum
2374 4898 2566 4993 regum
2610 4913 2942 4975 comminuit
2980 4919 3037 4966 et
3086 4902 3404 4980 perdomuit
3459 4898 3695 4971 Augusti

2106 5033 2360 5091 regnum,
2393 5028 2581 5084 quem,
2607 5012 2855 5079 inquam,
2885 5004 3122 5059 aliorum
3153 5011 3343 5069 regum
3389 4993 3484 5064 qui
3534 4990 3699 5046 modo

2106 5082 2388 5172 vicerunt,
2412 5082 2579 5160 modo
2607 5099 2743 5155 victi
2777 5094 2945 5152 sunt?
2971 5092 3029 5148 Si
3065 5089 3213 5146 enim
3263 5102 3363 5142 vos
3392 5082 3612 5140 JudaPos
3642 5088 3702 5137 et

2110 5208 2315 5265 multas
2383 5200 2521 5257 alias
2582 5200 2776 5268 gentes
2829 5191 3125 5249 vicerunt,
3175 5181 3273 5239 sed
3335 5186 3396 5235 et
3451 5175 3698 5236 vicissim

2111 5300 2247 5359 victi
2284 5303 2435 5361 sunt,
2471 5298 2529 5348 et
2558 5285 2785 5345 transiit
2824 5279 3055 5353 Augusti
3088 5273 3320 5333 Caesaris
3360 5268 3700 5341 imperium;

2113 5390 2321 5452 Christi
2372 5358 2509 5443 vero
2560 5374 2866 5437 dominatio
2902 5373 2959 5427 in
2993 5369 3255 5426 saeculum
3306 5379 3421 5421 non
3472 5358 3705 5416 habebit

2118 5484 2320 5540 ﬁnem:
2356 5474 2504 5549 quod
2546 5472 2697 5529 enim
2746 5464 3107 5528 comminuit,
3164 5458 3433 5515 invictum
3489 5457 3700 5516 manet,

2117 5541 2582 5638 indomitumque,
2636 5575 2741 5617 nec
2793 5554 3207 5615 successionem
3253 5545 3512 5638 ι·εείρίιί
3540 5541 3705 5638 quale

2118 5675 2205 5724 est
2232 5676 2437 5722 nomen
2463 5631 2521 5717 et
2545 5631 2777 5729 regnum
2818 5646 3041 5709 Domini
3082 5641 3262 5703 nostri
3302 5639 3433 5697 Jesu
3472 5631 3703 5705 Christi,
