4072 6588
421 374 560 443 1215

1629 378 1692 441 S.
1731 370 2136 441 ANASTASII
2173 376 2503 442 SlNAIT/E

3572 387 3710 456 1216

414 508 520 548 nec
549 505 662 546 non
694 497 750 545 et
782 487 920 544 ﬁdes
949 492 1141 543 nostra
1167 485 1223 541 in
1266 484 1469 558 ipsum.
1502 486 1650 556 Quot
1681 490 1920 561 gentiles
1948 496 2041 545 et.

2142 489 2474 558 ἰριςτιανῶν,
2500 491 2596 546 καὶ
2614 492 3076 567 οὐχ’ήδυνήθησαν
3098 494 3305 567 ταύτην
3324 495 3516 550 σϐέσαι
3542 500 3555 552 l
3572 486 3716 552 Ἀλλ’

415 584 674 657 pessimis
724 581 1016 639 erroribus
1081 580 1281 636 imbuti
1339 581 1663 653 principes,
1705 592 2008 654 gentesque

419 668 585 734 fidem
624 686 892 739 nostram,
916 672 1362 730 Christianorum
1399 674 1547 741 dico,
1591 675 2009 747 impugnarunt,

417 780 477 825 et
523 786 635 825 non
680 775 981 840 potuerunt
1016 766 1167 821 illam
1200 767 1595 838 exstinguere?
1626 768 1771 836 Quin
1823 768 2013 840 potius

420 862 501 917 illi
538 861 872 917 interierunt
920 868 977 915 et
1024 875 1325 925 evanuere,
1375 860 1471 915 illa
1523 870 1708 917 autem
1756 862 2013 933 quotidie

423 949 599 1025 magis
646 948 901 1018 splendet
947 955 1004 1005 et
1051 948 1337 1005 dilatatur.
1379 950 1449 1005 Et
1487 950 1533 1004 si
1568 951 1709 1007 velis
1750 960 2016 1009 accurate

427 1040 738 1110 intelligere
758 1048 998 1109 tempus,
1025 1038 1186 1105 illud,
1223 1059 1240 1090 ι
1276 1040 1337 1095 ln
1360 1039 1562 1097 diebus
1592 1042 1703 1098 illis
1722 1042 2023 1098 suscitabit

427 1131 696 1185 Dominus
731 1146 984 1201 regnum,
1022 1148 1041 1181 ι
1102 1130 1170 1185 de
1215 1146 1385 1202 regno
1437 1130 1582 1187 inter
1636 1131 1729 1187 illa
1777 1140 2020 1203 quatuor

429 1232 652 1278 ostenso
679 1223 869 1293 accipe
894 1239 907 1276 :
934 1238 1044 1276 non
1074 1222 1222 1277 enim
1258 1232 1448 1293 postea
1468 1223 1799 1294 reperietur.
1820 1224 2025 1292 Quem-

432 1316 731 1371 admodum
781 1316 929 1371 enim
994 1326 1184 1387 patres
1232 1317 1402 1372 vestri
1435 1316 1717 1388 [impletae
1779 1319 2021 1390 promis-

432 1409 606 1465 sionis
627 1410 1042 1479 exputationem
1070 1410 1398 1477 retinentes,
1425 1410 1575 1466 illam
1596 1411 1795 1468 salutis
1819 1428 2022 1483 oppor-

433 1501 727 1557 tunitatem
765 1502 1096 1568 amiserunt,
1149 1502 1229 1557 sic
1274 1511 1331 1558 et
1373 1519 1471 1559 vos
1508 1503 1748 1560 facietis.
1794 1504 1852 1560 Si
1892 1520 2027 1576 ergo

435 1595 685 1650 creditur
737 1611 859 1651 esse
913 1595 1220 1660 Christum,
1278 1597 1483 1652 abhinc
1544 1598 1702 1653 illum
1764 1598 2025 1669 quaerite,

435 1695 629 1759 postea
658 1687 809 1742 enim
843 1703 954 1742 non
990 1689 1325 1758 reperietur.

504 1777 625 1833 Jam
660 1778 1060 1843 demonstravi,
1085 1779 1294 1846 Judree,
1333 1780 1748 1851 Scripturarum
1779 1783 2031 1841 testimo-

438 1870 535 1926 nio
589 1870 818 1940 ipsaque
865 1886 1051 1926 rerum
1090 1872 1392 1938 evidentia,
1429 1873 1547 1929 haec
1592 1875 1801 1931 verba:
1849 1896 1868 1929 ι
1915 1879 2026 1933 Do—

440 1965 624 2020 minus
653 1965 789 2019 dixit
818 1964 885 2019 ad
921 1981 1046 2020 me:
1079 1966 1251 2023 Filius
1282 1982 1439 2022 meus
1481 1983 1541 2022 es
1602 1976 1681 2034 tu,
1730 1986 1832 2041 ego
1863 1971 2032 2027 hodie

440 2059 605 2129 genui
630 2069 681 2114 te
700 2060 771 2126 ³¹;
797 2079 819 2111 ι
847 2061 943 2116 Et:
973 2080 990 2113 ι
1014 2060 1235 2115 Postula
1268 2076 1299 2115 a
1333 2076 1441 2127 me,
1468 2070 1524 2115 et
1551 2062 1691 2117 dabo
1716 2064 1811 2119 tibi
1840 2072 2034 2136 gentes

443 2150 823 2207 hereditatem
858 2162 1007 2207 tuam
1027 2152 1095 2218 ³³,
1130 2171 1147 2203 ι
1177 2152 1247 2207 de
1273 2154 1583 2209 aaconomia
1630 2154 2035 2211 incarnationis

443 2243 568 2299 Filii
607 2245 700 2299 Dei
756 2244 903 2300 dicta
958 2260 1101 2307 esse,
1134 2261 1257 2315 quae
1311 2246 1380 2301 ad
1433 2246 1698 2301 effectum
1764 2249 2037 2318 perducta

444 2346 597 2403 sunt,
634 2344 692 2392 et
726 2345 843 2391 tum
874 2337 942 2391 ab
972 2337 1089 2407 ipsa
1130 2352 1318 2391 rerum
1364 2338 1666 2403 evidentia,
1708 2348 1821 2394 tum
1853 2356 1883 2395 a
1911 2357 2040 2411 pro-

444 2431 629 2501 phetis
663 2430 861 2485 vestris
899 2430 1275 2485 declarantur.
1321 2431 1413 2494 At,
1459 2433 1506 2486 si
1542 2433 1703 2500 velis,
1746 2434 2038 2489 ostendam

446 2525 548 2580 tibi
578 2523 865 2579 Christum
910 2534 1038 2579 ante
1073 2524 1268 2580 mundi
1302 2526 1757 2582 constitutionem
1792 2528 2040 2599 genitum

448 2616 643 2680 fuisse,
697 2632 934 2686 esseque
978 2616 1184 2683 Deum;
1213 2617 1309 2672 sed
1352 2617 1507 2688 prius
1552 2634 1652 2673 vos
1698 2618 2041 2690 interrogare

448 2707 647 2761 velim:
679 2706 873 2772 David,
916 2707 1011 2776 qui
1042 2723 1141 2761 rex
1171 2718 1228 2762 et
1257 2709 1531 2777 propheta
1572 2708 1697 2774 fuit,
1745 2726 2040 2779 quemnam

447 2798 644 2854 habuit
684 2799 1020 2854 Dominum?
1054 2800 1406 2855 Manifestum
1448 2803 1674 2856 omnino
1724 2813 1781 2858 et
1821 2803 1877 2857 in
1914 2818 2045 2857 con-

449 2890 600 2947 fesso
641 2900 747 2957 est,
780 2892 931 2961 quod
975 2892 1192 2947 nullum
1245 2894 1449 2948 habeat
1498 2895 1794 2948 Dominum
1846 2904 2047 2964 praeter

449 2981 772 3037 Creatorem
819 2984 944 3038 coeli
999 2992 1057 3039 ct
1108 2993 1291 3041 terrae.
1344 2986 1486 3042 Ecce
1540 2987 1726 3056 itaque
1773 2987 1943 3041 David
1977 2987 2043 3042 de

450 3076 676 3133 Christo
710 3076 848 3131 dicit
877 3077 1175 3132 Dominum
1210 3094 1373 3133 suum
1417 3096 1561 3145 esse,
1593 3091 1650 3135 et
1679 3089 1806 3135 ante
1845 3080 2045 3135 saecula

453 3169 724 3239 genitum.
762 3170 1034 3240 Equidem
1078 3172 1250 3227 David
1294 3173 1350 3227 in
1391 3174 1592 3229 caelum
1620 3190 1731 3228 non
1757 3174 2042 3241 ascendit;
2071 3192 2115 3255 ρ

455 3259 594 3315 dicit
616 3270 795 3316 tamen
819 3261 938 3331 ipse
970 3261 1026 3315 in
1049 3261 1194 3316 libro
1225 3263 1590 3330 Psalmorum,
1611 3265 1822 3334 psalmo
1846 3279 2044 3334 nempe

456 3369 577 3415 eux,
631 3353 733 3408 1.:
786 3372 806 3405 ι
856 3354 1003 3409 Dixit
1046 3356 1315 3411 Dominus
1370 3358 1605 3412 Domino
1671 3374 1795 3413 meo
1839 3377 1853 3413 :
1904 3357 2045 3415 Sede

457 3460 490 3498 a
520 3444 730 3499 dextris
769 3445 941 3500 meis:
972 3464 991 3497 ›
1020 3446 1163 3501 Ecce
1194 3445 1361 3516 igitur
1378 3446 1582 3501 Filium
1606 3447 1728 3509 Dei,
1750 3448 2047 3502 Dominum

458 3551 623 3590 suum
654 3546 851 3592 vocat:
887 3536 1069 3608 ipsum
1104 3537 1253 3593 enim
1288 3539 1466 3604 Pater,
1486 3548 1613 3608 post
1646 3549 1893 3594 sanctam
1928 3540 2050 3611 ejus

457 3646 524 3685 ex
568 3630 789 3701 Virgine
835 3630 1143 3685 secundum
1185 3647 1409 3687 carnem
1442 3634 1885 3703 generationem,
1926 3641 2052 3703 post

459 3721 776 3777 salutarem.
788 3722 1126 3791 passionem,
1146 3724 1735 3797 resurrectionemque
1755 3741 1786 3779 a
1815 3726 2052 3781 mortuis

458 3822 515 3868 et
564 3813 971 3878 ascensionem,
1008 3814 1090 3869 sic
1139 3813 1475 3884 alloquitur:
1528 3835 1545 3867 ι
1589 3816 1732 3871 Sede
1766 3833 1796 3870 a
1840 3817 2051 3873 dextris

460 3906 622 3971 meis,
658 3906 836 3961 donec
866 3921 1067 3977 ponam
1115 3906 1373 3962 inimicos
1423 3916 1548 3963 tuos
1598 3909 1907 3964 scabellum
1950 3925 2049 3980 pe—

459 4002 593 4056 dum
624 4008 868 4055 tuorum.
910 4020 929 4053 ι
966 3999 1075 4055 Sed
1114 4000 1302 4055 forsan
1337 4000 1509 4067 dices,
1569 4018 1603 4056 o
1643 4001 1852 4067 Iudaee,
1892 4002 2055 4057 Chri-

462 4103 609 4149 stum
644 4093 840 4148 sedere
881 4092 949 4147 ad
984 4092 1270 4148 dexteram
1317 4094 1518 4160 Patris,
1543 4110 1718 4165 usque
1760 4094 1828 4149 ad
1870 4103 2055 4150 extre,-

461 4202 613 4240 mutn
650 4186 805 4240 illum
859 4194 913 4240 et
954 4184 1319 4255 principalem
1366 4187 1487 4257 ejus
1518 4186 1840 4251 adventum,
1885 4203 2051 4257 quem

462 4294 563 4348 per
601 4279 903 4348 prOpbetas
950 4278 1368 4349 praenuntiavit,
1413 4279 1569 4348 quasi
1618 4280 1880 4335 videlicet
1916 4297 2054 4335 non-

463 4373 596 4425 dum
622 4372 860 4426 venerit.
907 4370 1015 4426 Sed
1046 4371 1325 4440 quomodo
1349 4371 1455 4426 hoc
1486 4373 1557 4425 sit
1586 4372 1788 4427 rationi
1816 4389 2053 4429 consen-

465 4472 711 4527 taneum,
746 4463 836 4516 dic
866 4462 1040 4518 mihi:
1076 4461 1257 4528 Quare
1276 4462 1389 4531 jam
1420 4462 1789 4519 sedentidicit
1810 4465 2050 4521 iterum:

465 4555 641 4611 Sede?
666 4554 952 4621 Quomodo
993 4562 1179 4608 autem
1213 4553 1423 4608 inimici
1467 4553 1665 4610 infensi
1697 4557 1810 4610 sint
1842 4558 1922 4612 illi
1958 4559 2052 4628 qui

465 4646 715 4702 nondum
772 4646 1031 4701 venerit?
1081 4646 1198 4701 Hoc
1235 4646 1383 4701 enim
1416 4647 1630 4714 dicens,
1690 4647 1846 4717 Sede,
1884 4649 2053 4706 Chri-

468 4747 616 4794 stum
646 4755 676 4794 e
706 4740 932 4795 terrain
978 4740 1151 4795 caelos
1205 4738 1552 4802 redeuutem,
1608 4756 1804 4796 rursus
1857 4742 2051 4799 sedere

462 4832 645 4904 jubet,
671 4833 815 4888 sicut
850 4832 1004 4903 prius
1029 4831 1258 4887 sedebat
1285 4847 1451 4903 super
1482 4833 1738 4889 inimicos
1766 4850 1919 4890 suos.
1943 4836 2054 4891 Vos

470 4925 656 4996 itaque
688 4965 702 4989 ,
748 4926 946 4992 Judaei,
1001 4927 1213 4982 inimici
1271 4927 1392 4998 ejus
1448 4926 1612 4992 estis,
1657 4927 1761 4982 sub
1816 4928 2052 4999 pedibus

467 5018 797 5075 Christiana:
849 5021 1032 5091 gentis
1083 5020 1391 5075 conculcati
1437 5036 1613 5094 usque
1646 5021 1714 5075 ad
1742 5030 2048 5077 extremam

470 5113 687 5170 horam.
718 5112 871 5168 Unde
890 5121 947 5168 et
972 5112 1169 5168 merito
1200 5112 1626 5175 conculcamini,
1648 5122 1704 5167 et
1719 5114 1930 5185 justum
1969 5122 2054 5169 est

470 5204 618 5276 quod
650 5205 868 5274 passuri
888 5206 1055 5262 estis:
1083 5213 1303 5277 tempus
1321 5206 1471 5261 enim
1498 5206 1632 5260 illud
1655 5206 1804 5276 quod
1833 5208 2054 5279 jactatis

469 5307 528 5359 et
563 5296 918 5366 exspectatis,
946 5296 1061 5353 ictu
1091 5297 1239 5353 oculi
1290 5298 1455 5353 citius
1494 5297 1652 5352 vobis
1677 5298 2052 5368 superveniet,

426 5420 431 5425 -
471 5406 587 5460 quo
601 5389 946 5457 scilicetyos,
961 5404 1087 5445 cum
1105 5389 1400 5459 deceptore
1417 5389 1511 5444 illo
1529 5389 1620 5445 cui
1633 5389 1882 5457 creditis,
1895 5400 2055 5445 aeter-

473 5480 533 5539 ni
568 5479 712 5551 ignis
736 5481 1093 5551 supplicium,
1126 5479 1215 5535 cui
1244 5482 1385 5536 estis
1420 5481 1711 5546 reservati,
1744 5482 2050 5553 recipietis.

548 5572 764 5629 Rursus
796 5571 944 5629 idem
980 5587 1077 5627 rex
1102 5582 1159 5627 et
1190 5571 1484 5642 propheta,
1508 5571 1565 5626 in
1590 5572 1785 5629 eodem
1811 5574 2049 5645 psalmo,

476 5656 635 5736 quasi
661 5665 758 5721 Dei
804 5674 861 5720 et
903 5663 1082 5722 Patris
1127 5679 1426 5735 personam
1472 5663 1771 5738 accipiens,
1803 5665 1872 5724 de
1916 5665 2056 5724 Filio

555 5825 596 5858 ”
628 5825 769 5881 Psal.
807 5841 865 5893 ll,
900 5825 952 5880 Ἰ.
1024 5824 1068 5859 ⁸⁸
1098 5822 1233 5880 ibid.
1275 5824 1329 5881 8.

2111 583 2308 635 ἐκεῖνοι
2365 583 2463 652 μὲν
2512 585 2796 640 ἀπώλοντο
2825 588 2922 641 καὶ
2959 587 3262 660 παρῆλθον,
3299 588 3441 652 αὕτη
3479 590 3540 645 δὲ
3594 594 3718 647 καθ’

2114 674 2356 747 ἑκάστην
2387 675 2597 748 λάμπει
2628 680 2727 733 καὶ
2766 678 3121 735 πλατύνεται.
3162 682 3274 735 Kal.
3306 685 3355 736 εί
3388 684 3489 755 μὲν
3538 685 3715 756 βούλει

2113 767 2176 822 τὸ
2196 768 2424 840 άκριὸὲς
2441 772 2535 825 τοῦ
2561 772 2793 844 οὐρανοῦ
2820 772 2951 846 [leg.
2972 774 3191 848 καιροῦ]
3217 776 3433 847 μαθεῖν,
3456 778 3538 842 τὸ,
3574 798 3595 831 ι
3631 778 3724 835 Ἐν

2115 864 2237 924 ταῖς
2276 863 2514 934 ἡμέραις
2551 865 2788 929 ἐκείναις
2807 868 3157 939 ἀναστήσειὸ
3185 869 3319 934 Θεὸς
3357 870 3660 940 βασιλείαν,
3699 892 3719 924 ι

2117 955 2216 1027 τὴν
2230 956 2435 1026 μεταξὺ
2452 958 2751 1028 αὑτῶνξτῶν
2767 959 3113 1030 δηλωθεισῶν
3126 962 3413 1037 τεσσάρων
3433 965 3725 1036 βασιλειῶν

2119 1050 2527 1121 άναδειχθεῖσαν
2560 1052 2839 1124 λάμϐανε’
2892 1056 3196 1125 μετέπειτα
3236 1058 3349 1130 γὰρ
3401 1060 3503 1131 οὐχ
3556 1061 3727 1130 εὑρή-

2123 1158 2299 1197 σεται.
2344 1143 2435 1208 Ὦς
2467 1144 2577 1217 γὰρ
2630 1146 2679 1200 oi
2710 1147 2952 1220 πατέρες
2985 1149 3142 1219 ὑμῶν
3180 1151 3282 1223 τὴν
3339 1151 3727 1223 παρελθοῦσαν

2125 1236 2458 1306 προσδοκίαν
2488 1238 2819 1310 κρατοῦντες
2844 1283 2858 1305 ,
2903 1243 3003 1313 τῆς
3050 1244 3341 1315 εὐκαιρίας
3394 1246 3602 1316 ταύτης
3644 1245 3729 1310 ἐξ-

2126 1325 2368 1379 έπεσαν⁶
2404 1327 2582 1405 οὕτως
2631 1332 2727 1383 καὶ
2774 1332 2954 1399 ὑμεῖς.
2999 1334 3064 1387 El
3125 1333 3219 1388 οὖν
3265 1336 3559 1390 πιστεύετε
3586 1333 3729 1389 εἶναι

2125 1422 2385 1491 Χριστὸν,
2420 1423 2754 1478 άπεντεῦθεν
2800 1425 3016 1497 ζητεῖτε
3044 1442 3059 1457 ο
3120 1427 3421 1498 μετέπειτα
3467 1431 3575 1501 γὰρ
3627 1430 3731 1500 οὐχ

2129 1515 2474 1587 εὑρίσκεται.

2208 1779 2348 1849 Ἤδη
2377 1779 2572 1845 ἔδειξα,
2619 1779 2864 1845 Ἱουδαῖε,
2888 1779 2997 1833 ἀπὸ
3024 1779 3135 1834 τῶν
3162 1779 3397 1851 Γραφῶν
3430 1779 3527 1834 καὶ⁹
3558 1778 3731 1847 αὐτῆς

2133 1873 2233 1942 τῆς
2251 1872 2511 1943 ἀληθείας
2540 1872 2622 1939 τὸ,
2654 1891 2672 1925 ι
2715 1872 2921 1944 Κύριος
2956 1869 3080 1926 εἶπε
3130 1874 3268 1944 πρός
3306 1890 3375 1943 με
3397 1889 3411 1903 ο
3462 1873 3592 1937 Υἱός
3627 1891 3733 1943 μου

2136 1965 2191 2018 εἷ
2209 1965 2297 2027 σὺ,
2312 1966 2423 2033 ἐγὼ
2441 1966 2684 2037 σήμερον
2702 1966 3008 2037 γεγέννηκά
3023 1983 3103 2020 σε.
3129 1967 3290 2031 rKal,
3305 1986 3322 2017 ι
3341 1967 3575 2037 Αίτησαι
3598 1968 3730 2036 παρ’

2136 2057 2293 2129 ἐμοῦ,
2332 2058 2424 2110 καὶ
2487 2056 2642 2110 δώσω
2675 2074 2759 2119 σοι
2803 2057 2931 2129 ἔθνη
2968 2058 3068 2127 τὴν
3126 2058 3497 2129 κληρονομίαν
3555 2075 3673 2123 σου,
3706 2076 3727 2110 ι

2137 2151 2233 2204 καὶ
2258 2149 2326 2204 τὰ
2360 2150 2508 2220 ἑξῆς,
2535 2150 2620 2204 ὅτι
2645 2150 2895 2222 περὶτῆς
2928 2151 3201 2223 ὲνσάρκου
3258 2151 3582 2221 οἰκονομίας
3631 2150 3733 2203 τοῦ

2138 2240 2269 2297 Υίοῦ
2295 2242 2388 2295 τοῦ
2419 2240 2555 2295 Θεοῦ
2591 2241 2831 2314 εἴρηται,
2863 2242 3009 2315 ἆπερ
3044 2244 3138 2296 καὶ
3172 2244 3428 2313 ἐγένοντο
3460 2243 3559 2297 καὶ
3590 2261 3735 2315 μαρ-

2140 2334 2429 2405 τυροῦνται
2469 2334 2574 2387 ὑπὸ
2597 2335 2768 2403 αὐτῆς
2800 2335 2903 2405 τῆς
2939 2334 3195 2406 ἀληθείας
3256 2334 3488 2389 καὶτῶν
3521 2353 3737 2406 προφη-

2140 2426 2250 2479 τῶν
2282 2426 2457 2497 ὑμῶν.
2505 2426 2650 2482 Είδὲ
2678 2425 2877 2491 θέλεις,
2907 2426 3070 2493 δείξω
3106 2444 3189 2480 σοι
3240 2428 3324 2481 ὅτι
3351 2428 3448 2482 κα)⁵
3503 2428 3611 2499 πρὸ
3635 2428 3737 2480 τοΞ

2144 2521 2352 2588 κὸσμου
2393 2518 2685 2590 ἐγεννήθη,
2742 2520 2839 2573 καί⁹
2902 2520 2987 2573 ὅτι
3025 2518 3162 2585 Θεός
3203 2521 3353 2573 ἔστιν
3413 2520 3441 2573 ὁ
3474 2519 3733 2589 Χριστός.

2144 2612 2292 2682 Πλὴν
2322 2610 2540 2682 πρῶτον
2571 2611 2712 2665 θέλω
2732 2611 2930 2679 μαθεῖν
2956 2610 3017 2676 ἐξ
3052 2610 3209 2683 ὑμῶν
3235 2626 3249 2640 °
3290 2611 3349 2665 ὐ
3380 2610 3548 2663 Δαῦὶδ
3580 2611 3736 2681 βασι-

2143 2704 2268 2767 λεὺς
2301 2702 2377 2758 ὣν
2428 2704 2523 2759 καὶ
2559 2705 2869 2776 προφήτης,
2900 2704 3023 2758 τίνα
3070 2704 3279 2776 Κύριον
3309 2704 3403 2757 καὶ
3454 2703 3743 2772 Δεσπότην

2145 2791 2259 2867 εἶχε
2288 2814 2302 2862 ;
2332 2796 2561 2859 Πάντως
2588 2796 2746 2867 δῆλον
2774 2796 2868 2849 καὶ
2898 2796 3354 2868 ὁμολογούμενον,
3400 2796 3593 2849 οὐδένα
3622 2796 3737 2849 Κύ-

2150 2905 2263 2959 ριον
2283 2883 2422 2957 εἶχε,
2453 2890 2501 2941 εί
2528 2887 2604 2960 μὴ
2638 2887 2732 2943 τὸν
2760 2890 3064 2958 ποιήσαντα
3085 2888 3176 2941 τὸν
3202 2889 3434 2961 οὐρανὸν
3480 2888 3577 2942 καὶ
3636 2887 3738 2957 τὴν

2148 2984 2272 3051 γῆν.
2319 2981 2451 3034 Ἰδοὺ
2509 2980 2602 3034 οὖν
2661 2982 2826 3045 αὐτὸς
2872 2984 2900 3035 ὁ
2933 2981 3099 3036 Δαὸὶδ
3127 2982 3277 3050 λέγει
3320 2980 3568 3052 περὶτοῦ
3610 2982 3739 3048 Χρι-

2150 3075 2300 3139 στοῦ,
2330 3076 2412 3128 ὅτι
2448 3074 2651 3146 Κύριος
2712 3074 2878 3129 αὑτοῦ
2911 3077 3051 3141 ἐστι,
3085 3079 3182 3129 καὶ
3235 3076 3318 3129 ὅτι
3362 3076 3459 3129 καὶ
3492 3074 3597 3146 πρὸ
3630 3075 3739 3127 τῶν

2149 3167 2360 3221 αἰώνων
2387 3168 2669 3239 ἐγεννήθη.
2705 3169 2815 3222 Kal.
2845 3168 3011 3221 Δα6“ιδ
3043 3168 3141 3239 μὲν
3179 3168 3281 3221 οὐκ
3334 3168 3501 3237 ἀνέϐη
3534 3168 3613 3230 εἰς
3643 3166 3739 3220 τὸν

2149 3262 2377 3331 οὐρανόν
2399 3277 2412 3291 °
2467 3262 2616 3329 λέγει
2648 3261 2703 3315 δὲ
2732 3263 2761 3315 ὁ
2802 3261 2965 3325 αὐτὸς
3014 3263 3071 3315 ὲν
3107 3261 3274 3333 βίϐλῳ
3308 3262 3417 3315 τῶν
3466 3260 3737 3331 Ψαλμῶν,

2149 3359 2318 3429 ἤγουν
2339 3357 2438 3425 ρθ⁹,
2464 3354 2652 3419 ,οὕτως
2673 3372 2688 3386 ο
2730 3374 2747 3407 ι
2780 3351 2953 3408 Εἶπεν
2986 3356 3013 3408 ὁ
3038 3357 3241 3426 Κύριος
3271 3354 3349 3425 τῷ
3387 3354 3576 3424 Κυρίῳ
3602 3371 3698 3424 μου
3719 3370 3734 3383 ·

2149 3453 2333 3507 Κάθου
2367 3453 2429 3503 ὲκ
2450 3448 2642 3514 δεξιῶν
2672 3467 2797 3519 μου.
2830 3468 2847 3500 ι
2897 3449 3030 3502 Ἰδοὺ
3054 3449 3147 3501 οὖν
3178 3450 3270 3503 τὸν
3301 3448 3429 3501 Υἱὸν
3462 3447 3557 3500 τοῦ
3575 3443 3737 3511 Θεοῦ,

2150 3544 2359 3615 Κύριον
2388 3544 2586 3597 ἑαυτοῦ
2621 3542 2809 3596 καλεῖο
2848 3541 2985 3612 πρὸς
3016 3541 3181 3595 αὐτὸν
3223 3540 3334 3611 γὰρ
3363 3537 3520 3593 εἶπεν
3572 3542 3600 3593 ὁ
3629 3540 3739 3592 Πα-

2149 3641 2254 3711 τὴρ
2287 3638 2428 3709 μετὰ
2453 3638 2553 3708 τὴν
2584 3636 2747 3705 ἁγίαν
2777 3636 2945 3689 αὐτοῦ
2970 3638 3035 3688 ὲκ
3076 3635 3356 3705 Παρθένου
3385 3634 3527 3687 κατὰ
3562 3633 3740 3703 σάρκα

2150 3732 2423 3803 γέννησιν,
2460 3734 2557 3783 καὶ
2590 3729 2651 3783 τὸ
2683 3730 2952 3800 σωτήριον
2976 3727 3169 3794 πάθος,
3196 3727 3290 3781 καὶ
3319 3726 3416 3795 τὴν
3436 3728 3501 3779 ὲκ
3531 3723 3740 3796 νεκρῶν

2152 3822 2319 3877 αὑτοῦ
2353 3822 2675 3885 ἀνάστασιν,
2709 3822 2803 3874 καὶ
2869 3821 2968 3890 τὴν
3015 3817 3312 3889 ἀνάληψινο
3351 3836 3370 3869 ι
3436 3816 3621 3870 Κάθου
3674 3818 3737 3869 ἐκ

2132 3914 2345 3981 ¹δεξιῶν
2389 3933 2515 3989 μου,
2548 3914 2652 3980 ἕως
2689 3914 2755 3968 ἂν
2786 3912 2865 3966 θῶ
2893 3914 3021 3976 τοὺς
3058 3910 3287 3985 ἐχθρούς
3315 3927 3407 3963 σου
3446 3908 3736 3962 ὑποπόδιον

2152 4009 2262 4061 τῶν
2291 4007 2469 4062 ποδῶν
2499 4025 2616 4062 σου.
2678 4024 2698 4060 ι
2768 4006 2907 4059 Ἀλλ’
2937 4005 3069 4069 ἴσως
3098 4006 3265 4074 ἐρεῖς,
3300 3996 3344 4056 ὦ
3382 4001 3627 4066 Ἰουδαῖε,
3657 4001 3737 4052 ὅτι

2153 4100 2389 4172 Χριστὸς
2419 4100 2656 4171 κάθηται
2710 4101 2770 4154 ὲν
2798 4098 2951 4169 δεξιᾷ
3001 4097 3096 4151 τοῦ
3161 4097 3319 4161 Θεοῦ,
3356 4096 3519 4166 ἄχρις
3551 4094 3617 4161 ἂν
3642 4093 3737 4163 τὴν

2156 4193 2395 4264 ἐσχάτην
2423 4192 2645 4263 καιρίαν
2670 4190 2881 4243 ἕλευσιν
2915 4189 3235 4258 ποιήσηται,
3262 4188 3331 4259 ἣν
3354 4186 3444 4240 διὰ
3481 4185 3592 4238 τῶν
3609 4201 3740 4255 προ-

2158 4285 2346 4356 φητῶν
2380 4284 2752 4356 ἐπηγγείλατο
2773 4324 2786 4345 ,
2821 4282 2898 4346 ὡς
2935 4282 3095 4353 δῆθεν
3140 4280 3325 4351 ἀκμὴν
3363 4281 3438 4349 μὴ
3470 4278 3735 4339 ἐλθόντος.

2157 4377 2265 4429 Kal
2302 4376 2418 4439 πῶς
2433 4376 2546 4445 ἔχει
2580 4373 2739 4429 τοῦτο
2777 4374 2958 4442 λόγον,
3022 4364 3185 4439 alas;
3226 4372 3277 4426 τί
3336 4371 3415 4441 τῷ
3445 4369 3741 4439 καθημένῳ

2159 4468 2309 4537 λέγει
2338 4468 2532 4521 πάλιν·
2592 4465 2829 4531 Κάθου;
2857 4466 2976 4520 Τίνι
3004 4465 3061 4519 δὲ
3091 4465 3402 4536 ἧχθρευσαν
3445 4463 3495 4514 οἱ
3550 4460 3742 4530 ἐχθράο

2079 4546 2132 4606 Ῑ)
2159 4576 2348 4622 ναντες
2398 4556 2477 4628 τῷ
2514 4559 2681 4630 μήπω
2712 4557 2950 4611 ἐθέλοντι
3001 4556 3135 4629 [leg.
3185 4552 3453 4625 autem];
3485 4554 3597 4607 Kal.
3633 4550 3738 4621 γάρ

2154 4650 2318 4703 τοῦτο
2340 4648 2367 4702 ὃ
2389 4648 2564 4717 λέγει,
2593 4646 2812 4710 Κάθου,
2838 4645 2917 4717 τῷ
2951 4646 3058 4699 ἀπὸ
3079 4645 3179 4716 τῆς
3219 4647 3325 4717 γῆς
3350 4645 3442 4696 ἐπὶ
3494 4644 3623 4706 τοὺς
3649 4642 3738 4694 ού-

2160 4742 2357 4813 ρανοὺς
2391 4739 2692 4802 ἀνελθόντι,
2741 4737 2965 4793 καθίσαι
3005 4737 3169 4791 πάλιν
3203 4736 3374 4805 λέγει,
3401 4733 3583 4797 καθὼς
3614 4732 3741 4804 πρὶν

2158 4834 2342 4889 ὲπάνω
2372 4828 2440 4904 ἦν
2480 4833 2588 4886 τῶν
2633 4831 2845 4904 ἐχθρῶν
2880 4830 3043 4885 αὐτοῦ
3066 4846 3079 4860 ·
3133 4830 3208 4893 ὡς
3242 4826 3382 4882 εἶναι
3438 4829 3583 4899 ὑμᾶς
3614 4827 3738 4888 τοὺς

2171 4926 2460 4988 Ἰουδαίους
2489 4924 2716 4997 ἐχθροὺς
2747 4923 2912 4977 αὐτοῦ
2941 4923 3036 4977 καὶ¹
3071 4922 3455 4995 πατουμένους
3484 4922 3590 4975 ὑπὸ
3617 4921 3736 4984 10b;

2155 5021 2326 5083 πὸδας
2351 5018 2445 5073 τοῦ
2472 5016 2863 5089 Χριστιανικοῢ
2883 5018 3052 5086 φύλου
3082 5018 3188 5081 ἕως
3216 5016 3539 5079 τελευταίας
3568 5014 3733 5086 ὥρας.

2159 5114 2323 5167 Ὅθεν
2372 5114 2466 5167 καὶ
2498 5112 2723 5175 δικαίως
2755 5110 3036 5176 πατεῖσθε,
3068 5111 3163 5165 xal.
3216 5109 3278 5163 τὸ
3325 5109 3735 5179 ἀποϐησόμενον

2159 5208 2287 5277 ὑμῖν
2311 5205 2549 5259 δίκαιον·
2582 5202 2674 5258 τὸν
2697 5204 2806 5273 γὰρ
2834 5202 3029 5275 καιρὸν
3090 5202 3150 5256 ὃν
3185 5201 3377 5271 λέγετε
3406 5202 3500 5255 καὶ
3526 5201 3736 5271 ἐκδέχε-

2161 5300 2254 5353 σθε
2281 5298 2506 5367 φθάνειν
2537 5298 2682 5367 ὑμᾶς
2706 5297 3018 5368 βλέμματος
3042 5296 3373 5369 γοργοτέρου
3403 5292 3703 5365 παρέχεται
3721 5308 3733 5320 ο

2162 5392 2286 5461 μεθ’
2325 5385 2386 5444 οὗ
2415 5391 2508 5445 καὶ
2540 5392 2698 5462 ὑμεῖς
2725 5391 2819 5445 καὶ
2853 5383 2897 5459 ᾧ
2938 5388 3224 5444 πιστεύετε
3251 5387 3463 5459 πλάνῳ,
3494 5387 3574 5449 εἰς
3606 5387 3736 5438 αἰω-

2140 5486 2282 5540 .νίαν
2306 5484 2475 5555 πυρὸς
2504 5484 2731 5557 ἐκδοχὴν
2756 5483 2994 5537 δέδοσθε.

2231 5576 2343 5629 Kal.
2373 5575 2537 5629 πάλιν
2572 5576 2601 5626 ὁ
2628 5574 2792 5639 αὐτὸς
2823 5574 3115 5645 προφήτης
3150 5570 3243 5627 καὶ
3288 5569 3545 5641 βασιλεὺς
3577 5569 3634 5620 ὲν
3661 5563 3733 5633 τῷ

2161 5665 2311 5738 αὑτῷ
2339 5665 2538 5740 ψαλμῷ
2575 5667 2652 5732 ὡς
2678 5668 2741 5722 ἐκ
2793 5664 3086 5738 προσώπου
3117 5664 3207 5719 τοῦ
3232 5663 3367 5717 Θεοῦ
3401 5662 3498 5718 καὶ
3528 5655 3732 5729 Πατρός
