4072 6526
351 333 483 399 1217

1359 335 1819 399 DISPUTATIO
1858 335 2261 400 ADVERSUS
2298 338 2629 405 JUDAEOS.

3395 376 3398 380 η
3484 342 3621 410 1218

346 456 478 527 περὶ
503 452 599 509 τοῦ
657 452 791 511 Υίοῦ
822 458 920 511 καὶ
972 454 1148 525 Λόγου
1198 453 1292 509 τοῦ
1334 456 1470 510 Θεοῦ
1538 455 1713 520 οὕτως
1747 456 1930 524 λέγει’

2044 463 2094 510 et
2119 455 2308 512 Verbo
2338 457 2435 513 Dei
2467 459 2550 515 sic
2590 459 2883 531 loquitur:
2924 480 2944 513 ε
2977 459 3053 517 Ex
3085 467 3247 516 utero
3280 468 3410 516 ante
3452 460 3622 517 Luci-

350 569 368 600 ι
394 549 487 601 Ἐκ
517 549 756 620 γαστρὸς
782 549 888 619 πρὸ
920 548 1205 621 ἐωσφόρου
1239 549 1510 620 ἐγέννησά
1540 567 1620 606 σε.
1674 568 1694 603 ι
1740 549 1801 602 '0
1826 548 1937 621 γὰρ

352 640 635 712 ἑωσφόρος
691 644 758 711 τῇ
805 641 1044 713 τετάρτῃ
1088 642 1274 713 ἡμέρᾳ
1313 641 1569 711 έγένετον
1603 643 1631 695 6
1669 640 1727 694 δὲ
1763 638 1937 709 ’Δδάμ

344 736 413 804 τῇ
442 734 576 807 ἕκτῃ
608 733 793 805 ἡμέρᾳ.
826 734 1091 805 ἐπλάσθη.
1123 734 1345 802 Λοιπὸν,
1401 729 1447 789 ὦ
1494 734 1743 799 Ἰουδαῖε,
1792 734 1933 798 είπέ,

346 826 469 879 τίνα
492 826 599 897 πρὸ
633 826 991 896 παρασκευῆς
1017 825 1119 897 τῆς
1148 826 1379 891 κτίσεως
1404 826 1699 896 ἐγέννησεν
1719 828 1747 880 6
1779 826 1933 889 Θεός.

346 914 415 971 ’Λ
429 936 496 989 ρα
520 919 648 990 περὶ
674 914 770 971 τοῦ
789 918 963 989 Ἀδὰμ
987 918 1137 988 λέγει
1159 934 1175 985 ;
1214 919 1483 991 Οὐδαμῶς
1509 936 1523 951 ο
1560 920 1698 990 μετὰ
1718 918 1826 989 γὰρ
1845 917 1939 971 δύο

349 1012 565 1082 ἡμέρας
620 1011 716 1065 τοῦ
747 1012 1025 1081 έωσφόρου
1082 1012 1322 1065 καὶτῶν
1372 1011 1621 1081 ἀστέρων
1665 1010 1934 1080 ἐπλάσθη.

364 1104 525 1159 Ἀλλά
557 1104 687 1175 περὶ
726 1103 822 1156 τοῦ
856 1103 1231 1173 ἠλειμμένου
1266 1104 1394 1175 ὑμῖν
1432 1103 1612 1172 λέγεις
1641 1102 1777 1156 ἀλλὰ
1824 1102 1939 1155 υίὸν

350 1201 516 1255 Δαϐὶδ
538 1200 701 1255 αὑτὸν
728 1200 788 1253 οὑ
812 1199 1000 1267 λέγετε
1027 1195 1168 1253 εἶναι
1190 1215 1206 1231 ·
1253 1200 1282 1251 6
1315 1200 1370 1253 δέ
1416 1200 1581 1254 Δαϐὶὸ
1615 1199 1754 1270 μετά
1810 1199 1940 1251 πολ-

349 1296 476 1359 λοὺς
508 1294 734 1365 χρόνους
760 1292 855 1346 τοῦ
903 1292 1076 1363 Ἀδὰμ
1103 1291 1368 1361 ἐγεννήθη
1392 1309 1406 1323 ο
1439 1294 1466 1346 ό
1516 1292 1624 1361 γὰρ
1666 1290 1837 1361 Ἀδὰμ
1868 1294 1937 1363 τῇ

349 1389 485 1459 ἕκτῃ
520 1385 704 1458 ἡμέρᾳ
759 1383 1026 1454 ἐπλάσθη,
1082 1382 1158 1446 ὡς
1189 1381 1426 1454 εἴρηται,
1459 1383 1554 1437 καὶ
1583 1383 1632 1435 οί
1667 1382 1939 1453 ἑωσφόροι

349 1482 421 1550 τῇ
458 1478 695 1550 τετάρτῃ
759 1477 945 1549 ἡμέρᾳ
982 1475 1261 1545 ἐγένοντο·
1314 1477 1342 1529 ὁ
1384 1475 1441 1527 δὲ
1472 1475 1605 1538 Θεὸς
1649 1476 1780 1545 περὶ
1830 1474 1929 1528 τοῦ

354 1572 487 1625 ἰδίου
516 1570 648 1625 Υἱοῦ
674 1570 843 1639 λέγει,
899 1569 983 1623 ὅτι
1018 1586 1037 1620 ι
1075 1568 1189 1639 Πρὸ
1236 1566 1516 1639 ἐωσφόρου
1549 1566 1821 1637 ἐγέννησά
1844 1583 1937 1620 σε·

350 1665 419 1719 σὺ
453 1664 635 1735 ίερεὺς
662 1664 743 1727 είς
759 1662 854 1717 τὸν
872 1662 1047 1715 αίῶνα
1072 1659 1215 1714 κατὰ
1235 1659 1333 1731 τὴν
1349 1659 1503 1727 τάξιν
1528 1659 1885 1731 Μελχισεδὲκ,
1914 1678 1933 1711 ι

348 1758 631 1812 τουτέστιν
684 1758 863 1829 ἱερεὺς
912 1756 1021 1810 τῶν
1073 1754 1265 1809 ἐθνῶν.
1326 1754 1384 1807 '0
1440 1752 1548 1825 γὰρ
1601 1753 1938 1825 Μελχισεδὲκ

349 1847 493 1903 οἶνον
549 1850 643 1903 καὶ
672 1814 858 1919 ipso;
892 1848 1202 1919 προσέφερε
1258 1845 1337 1916 τῷ
1371 1814 1532 1915 Θεῶ,
1572 1814 1757 1909 καθὼς
1788 1844 1883 1899 καὶ
1910 1847 1939 1899 ὁ
1966 1814 2014 1873 Β

348 1940 609 2013 Χριστὸς,
639 1942 667 1995 6
692 1941 982 2012 ἀρχιερεὺς
1018 1938 1202 2010 ἡμᾶν,
1236 1937 1555 2008 παρέδωκεν
1588 1938 1739 2009 ἡμᾶς
1788 1936 1938 1991 θύειν

350 2033 501 2105 αὑτῷ
533 2034 909 2103 ἀναιμάκτους
936 2031 1131 2093 θυσίας
1186 2029 1326 2084 κατὰ
1351 2029 1452 2100 τὴν
1498 2028 1652 2095 τάξιν
1672 2028 1940 2098 Μελχισε-

346 2125 468 2178 δέκ.
507 2126 778 2177 ’Ἄκουσον
802 2122 859 2175 δέ
886 2121 984 2177 καὶ
1012 2119 1359 2191 Σολομῶντος
1397 2118 1648 2187 λέγοντος
1680 2121 1807 2190 περὶ
1839 2119 1939 2187 τῆς

348 2216 458 2287 πρὸ
491 2215 705 2269 αἰώνων
745 2213 1051 2284 γεννήσεως
1108 2210 1204 2264 τοῦ
1276 2210 1599 2282 μονογενοῦς
1659 2209 1792 2263 Υίοῦ
1842 2208 1936 2263 τοῦ

348 2308 518 2362 Θεοῦο
549 2327 567 2358 ι
605 2306 720 2376 Πρὸ
744 2304 838 2359 τοῦ
866 2305 933 2358 τὰ
961 2304 1064 2375 ὅρη
1085 2303 1361 2373 γενέσθαι,
1393 2302 1500 2373 πρὸ
1552 2302 1647 2356 τοῦ
1678 2303 1780 2367 τὰς
1833 2320 1940 2373 πη-

350 2399 455 2469 γὰς
496 2398 799 2470 προελθεῖν,
832 2390 939 2469 πρὸ
983 2398 1041 2452 δὲ
1075 2398 1296 2451 πάντων
1326 2396 1553 2467 βουνῶν,
1586 2398 1754 2469 γεννᾷ
1786 2415 1874 2467 με.
1912 2415 1931 2449 ι

358 2493 543 2560 Δεῖξόν
580 2510 670 2564 μοι
698 2488 793 2546 οὖν
821 2491 942 2544 τίνα
967 2493 996 2545 6
1047 2490 1180 2555 Θεὸς
1221 2489 1328 2562 πρὸ
1367 2490 1548 2559 πάσης
1574 2490 1675 2560 τῆς
1706 2491 1938 2555 κτίσεως

352 2587 664 2655 ἐγέννησεν.
713 2584 991 2647 Ὡσαύτως
1040 2582 1099 2635 δὲ
1145 2582 1241 2636 καὶ
1293 2581 1457 2636 πάλιν
1489 2583 1518 2635 6
1545 2582 1713 2635 Δαδὶδ
1772 2584 1829 2637 ἐν
1858 2581 1941 2653 βί-

353 2679 465 2748 ϐλῳ
494 2676 741 2746 Ψαλμῶν
761 2676 835 2740 οξ⁹
881 2676 1062 2737 λέγει·
1105 2692 1125 2725 ι
1178 2674 1236 2727 '0
1265 2672 1420 2739 Θεὸς,
1453 2676 1516 2727 τὸ
1537 2673 1712 2745 κρῖμά
1743 2691 1841 2727 σου
1862 2672 1939 2745 τῷ

355 2770 568 2840 βασιλεῖ
620 2769 730 2832 δὸς,
792 2768 887 2821 καὶ
941 2766 1040 2838 τὴν
1073 2764 1425 2837 δικαιοσύνην
1455 2783 1549 2820 σου
1594 2765 1672 2837 τῷ
1695 2764 1798 2837 υἱῷ
1839 2765 1934 2818 τοῦ

355 2862 641 2934 βασιλέως.
684 2879 704 2912 ι
732 2860 842 2915 Καὶ
875 2860 951 2930 μὴ
984 2859 1148 2932 εἴπῃς
1175 2858 1308 2930 περ)⁸
1336 2857 1683 2927 Σολομῶντος
1721 2855 1902 2927 λέγειν
1922 2872 1937 2887 ο

353 2953 474 3009 εἷπε
496 2953 607 3024 γὰρ
641 2952 782 3024 μετὰ
809 2950 1021 3019 ὀλίγους
1062 2952 1305 3023 στίχους.
1327 2951 1410 3004 ὅτι
1446 2969 1465 3002 ‹
1498 2947 1940 3021 Κατακυριεύσει

352 3049 462 3102 ἀπὸ
491 3046 769 3117 θαλάσσης
796 3046 901 3110 ἕως
933 3045 1232 3117 θαλάσσης,
1268 3046 1362 3099 καὶ
1382 3043 1491 3116 πρὸ
1513 3043 1609 3097 τοῦ
1638 3043 1791 3115 ἡλίου
1822 3043 1941 3098 δια-

352 3139 509 3211 μένει
545 3138 808 3209 τὸ-ὅνομα
841 3136 1028 3202 αὑτοῦ,
1059 3137 1155 3191 καὶ
1186 3137 1407 3208 πρὸτῆς
1439 3136 1695 3207 σελήνης,
1743 3137 1940 3205 γενεὰς
1963 3176 2011 3241 C

353 3234 589 3303 γενεῶν.
627 3252 646 3287 ι
688 3232 819 3287 Ἰδοὺ
850 3229 1031 3296 ἐδειξά
1049 3248 1134 3284 σοι
1165 3229 1356 3301 σαφῶς
1387 3231 1484 3284 καὶ
1512 3229 1603 3284 διὰ
1647 3229 1814 3284 Δαϐὶδ
1845 3231 1940 3283 καὶ

352 3328 442 3382 διὰ
473 3325 843 3396 Σολομῶντος,
895 3325 978 3378 ὅτι
1022 3323 1130 3395 πρὸ
1160 3324 1349 3393 πάσης
1388 3324 1485 3391 τῆς
1515 3322 1749 3386 κτίσεως
1781 3323 1938 3393 ἐγενο

352 3421 496 3494 νήθη
540 3422 570 3475 6
613 3419 743 3484 Υἱὸς
787 3420 855 3473 ἐκ
895 3417 991 3472 τοῦ
1038 3417 1273 3489 Πατρὸς,
1318 3416 1395 3481 ὡς
1450 3411 1593 3471 οἶδεν
1641 3415 1804 3482 αὑτὸς
1844 3416 1943 3488 μό-

353 3530 469 3577 νος.

424 3605 597 3660 Πάλιν
622 3603 801 3658 ἐκεῖνό
826 3618 913 3673 μοι
937 3602 1129 3656 εἴπατε
1158 3600 1341 3671 ὑμεῖς,
1367 3600 1465 3655 καὶ
1492 3598 1659 3663 εὐθὺς
1686 3598 1942 3668 φαίνεται

352 3701 387 3769 ἡ
420 3698 672 3769 ἀλήθεια,
693 3695 801 3751 τὸν
830 3693 1199 3763 ἡλειμμένον
1214 3692 1274 3747 ὃν
1301 3692 1589 3764 ἐκδέχεσθε
1607 3692 1789 3762 ὑμεῖς,
1822 3689 1944 3744 τίνα

353 3792 547 3860 λέγετε
571 3790 762 3855 αύτόν;
798 3787 931 3841 Θεὸν
958 3787 990 3857 ἡ
1022 3786 1311 3858 ἄνθρωπον
1334 3784 1509 3855 ψιλὸν,
1538 3784 1616 3847 ὡς
1664 3783 1754 3838 τὸν
1778 3781 1944 3836 Δασὶδ

354 3885 605 3947 καὶτοὺς
638 3882 858 3946 λοιποὺς
899 3880 1259 3954 ἀνθρώπουςς
1314 3879 1470 3949 Ἔχει
1532 3879 1709 3931 εἰπεῖν
1734 3879 1764 3931 6
1812 3877 1946 3930 *ἰου-

352 3978 530 4040 δαῖοςο
581 3974 908 4045 Ἄνθρωπον
947 3972 1112 4027 αὑτὸν
1140 3972 1397 4040 λέγομεν,
1430 3969 1525 4022 καὶ
1551 3969 1614 4022 ού
1638 3968 1794 4032 Θεὸν,
1825 3967 1944 4022 ἀλλ’

354 4067 431 4130 ὼς
448 4067 547 4119 ἕνα
568 4066 677 4118 τῶν
711 4062 1014 4136 προφητῶν
1036 4077 1051 4092 ·
1094 4062 1196 4115 οὐκ
1242 4059 1359 4113 ἐστι
1387 4058 1497 4130 γὰρ
1542 4058 1592 4111 εί
1622 4057 1697 4128 μὴ
1737 4052 1818 4123 εἷς
1849 4059 1946 4111 καὶ

359 4159 522 4230 μόνος
554 4158 585 4211 6
623 4158 779 4223 Θεὸς,
811 4156 909 4211 καὶ
936 4153 1061 4225 οὐχὶ
1110 4152 1227 4218 δύο,
1258 4150 1513 4223 καθάπερ
1542 4151 1594 4204 οί
1619 4150 1947 4220 Χριστιανοὶ

354 4252 569 4315 λέγετε.
599 4253 711 4306 Καὶ
751 4248 875 4307 ἐπεὶ
900 4246 1075 4309 οὕτως
1101 4244 1316 4314 λέγετε,
1359 4245 1443 4298 ὅτι
1497 4242 1787 4314 ἄνθρωπός
1829 4244 1948 4296 ἐστι

354 4344 512 4415 ψιλὸς
540 4346 570 4398 6
610 4342 907 4414 ἐρχόμενος
935 4338 1173 4410 Χριστὸς
1198 4337 1379 4409 ὑμῶν,
1432 4335 1751 4405 ἐνέγκωμεν
1820 4333 1947 4403 ἄρτι

358 4437 456 4500 τὰς
507 4435 690 4506 φωνὰς
722 4433 831 4487 τῶν
860 4430 1184 4503 προφητῶν,
1220 4429 1318 4483 καὶ
1377 4426 1473 4481 ἐὰν
1507 4426 1642 4480 Θεὸν
1669 4424 1949 4497 ἐκήρυξαν

2038 546 2218 602 ferum
2246 550 2411 619 genui
2441 559 2494 606 te
2522 551 2591 618 ³³;
2624 570 2643 603 ι
2682 551 2908 607 Lucifer
2930 568 3100 623 porro
3121 559 3321 623 quarta
3353 552 3443 607 die
3475 569 3627 607 crea-

2039 646 2127 694 tus
2163 650 2268 705 est,
2299 641 2473 697 Adam
2506 658 2639 699 vero
2667 653 2820 701 sexta
2856 645 2947 701 die
2994 644 3267 700 formatus
3304 653 3409 699 est.
3442 644 3622 706 Nunc,

2040 732 2296 798 oJudaze,
2321 734 2412 789 dic
2440 736 2573 790 mihi
2596 753 2613 790 :
2635 736 2810 802 Quem
2835 747 2964 793 ante
2990 737 3294 794 creationis
3318 736 3625 806 primordia

2037 826 2295 895 genuerit
2324 826 2490 881 Deus.
2515 827 2657 881 Num
2690 828 2760 883 de
2789 829 3001 884 Adamo
3037 829 3334 899 loquitur?
3367 828 3624 893 Minime;

2038 918 2315 988 siquidem
2350 928 2473 988 post
2506 919 2811 975 secundum
2835 921 2983 976 diem
3002 938 3115 991 quo
3134 921 3361 976 Lucifer
3388 930 3446 975 et
3476 930 3627 975 astra

2038 1020 2226 1064 creata
2259 1019 2408 1074 sunt,
2443 1010 2719 1065 formatus
2759 1020 2865 1067 est.
2899 1012 3113 1067 Forsan
3142 1013 3209 1067 de
3244 1013 3409 1068 Uncto
3437 1022 3626 1067 vestro

2040 1103 2335 1172 loquitur?
2358 1102 2465 1158 Sed
2495 1103 2673 1166 illum,
2703 1102 2771 1158 de
2798 1120 2910 1173 quo
2930 1120 3115 1159 sermo
3132 1112 3241 1168 est,
3268 1104 3470 1159 Filium
3495 1119 3620 1159 esse

2040 1192 2267 1249 Davidis
2288 1208 2398 1248 non
2428 1193 2659 1260 dicitur;
2684 1203 2945 1250 caeterum
2966 1196 3139 1250 David
3165 1197 3331 1267 longo
3353 1207 3622 1275 tempore,

2040 1298 2165 1356 post
2192 1286 2465 1340 Adamum
2508 1296 2566 1341 et
2604 1297 2752 1342 astra
2803 1298 2972 1343 natus
3022 1297 3107 1343 est
3134 1307 3147 1343 :
3173 1290 3417 1345 Adamus
3448 1290 3621 1356 enim,

2042 1386 2103 1432 ut
2132 1378 2343 1432 dictum
2377 1385 2486 1441 est,
2511 1367 2665 1433 sexta
2711 1379 3013 1435 creationis
3060 1380 3152 1435 die
3198 1381 3470 1437 formatus
3513 1389 3621 1445 est,

2042 1480 2188 1525 astra
2209 1480 2405 1540 quarta
2441 1470 2531 1526 die
2567 1472 2709 1526 facta
2735 1480 2896 1539 sunt;
2926 1474 3071 1528 Deus
3098 1482 3281 1528 autem
3305 1475 3372 1529 de
3399 1475 3624 1545 pr0prio

2042 1562 2183 1617 Filio
2236 1563 2372 1618 dicit
2423 1580 2437 1617 :
2485 1583 2503 1615 ι
2540 1564 2684 1619 Ante
2736 1564 3056 1620 Luciferum
3093 1566 3260 1636 genui
3314 1575 3404 1631 lc;
3459 1575 3516 1620 tu
3562 1581 3625 1621 es

2042 1654 2305 1709 sacerdos
2346 1655 2401 1709 in
2433 1663 2703 1711 aeternum
2757 1657 3066 1715 secundum
3100 1658 3351 1712 ordinem
3394 1657 3625 1712 Melchi-

2043 1747 2229 1813 sedec,
2272 1767 2291 1799 ι
2344 1748 2400 1802 id
2456 1757 2565 1814 est,
2606 1749 2868 1805 sacerdos
2920 1751 3168 1820 gentium
3204 1767 3217 1804 :
3254 1750 3627 1805 Melchisedec

2041 1841 2189 1896 enim
2224 1840 2415 1895 vinum
2444 1850 2501 1896 et
2528 1858 2729 1912 panem
2778 1843 2892 1898 Deo
2921 1843 3145 1908 obtulit,
3182 1843 3328 1897 sicut
3370 1852 3426 1898 et
3458 1843 3623 1899 Chri-

2040 1942 2183 1998 stus,
2212 1932 2459 2003 pontifex
2486 1943 2708 1998 noster,
2754 1934 2916 1990 nobis
2974 1935 3297 1989 mandatum
3344 1936 3517 2001 dedit,
3566 1945 3627 1991 ut

2041 2027 2145 2097 ipsi
2190 2026 2482 2081 incruenta
2524 2027 2801 2083 sacriﬁcia
2836 2028 3159 2095 offeramus,
3192 2031 3500 2084 secundum
3530 2045 3627 2085 or-

2040 2121 2228 2176 dinem
2262 2120 2653 2176 Melchisedec.
2698 2120 2839 2176 Audi
2873 2131 2931 2176 et
2962 2122 3315 2178 Salomonem
3346 2123 3415 2178 de
3453 2139 3625 2194 gene-

2040 2215 2257 2269 ratione
2283 2214 2557 2284 unigeniti
2584 2213 2707 2269 Filii
2746 2214 2843 2269 Dei
2884 2222 3013 2270 ante
3047 2215 3247 2270 saecula
3288 2214 3566 2270 dicentem
3607 2232 3621 2269 :

2046 2324 2065 2357 ι
2093 2305 2407 2376 Antequam
2429 2306 2627 2361 ﬁerent
2653 2314 2892 2371 montes,
2908 2313 3205 2376 antequam
3229 2306 3411 2361 fontes
3432 2305 3619 2376 prodi-

2039 2409 2184 2463 rent,
2209 2407 2265 2454 et
2294 2407 2421 2454 ante
2445 2414 2640 2455 omnes
2668 2399 2838 2455 colles
2859 2399 3053 2470 genuit
3085 2414 3195 2456 me.
3223 2419 3242 2450 ι
3271 2399 3458 2454 Indica
3482 2414 3618 2470 ergo

2040 2492 2178 2547 mihi
2202 2508 2366 2562 quem
2397 2500 2525 2547 ante
2550 2508 2776 2547 omnem
2821 2501 3137 2547 creaturam
3167 2492 3423 2563 genuerit
3452 2493 3623 2546 Deus.

2038 2585 2175 2640 item
2197 2582 2393 2647 David,
2427 2583 2482 2637 in
2503 2584 2649 2638 lihro
2675 2583 3042 2649 Psalmorum,
3067 2582 3279 2651 psalmo
3320 2598 3485 2647 xcvn,
3520 2583 3627 2636 imo

2042 2695 2187 2742 Lxxi,
2240 2676 2442 2732 iterum
2487 2676 2664 2732 dicit:
2720 2695 2738 2727 ι
2778 2676 2950 2738 Deus,
2988 2664 3262 2745 judicium
3305 2682 3461 2730 tuum
3511 2674 3627 2746 regi

2041 2769 2132 2835 da,
2158 2777 2216 2823 et
2239 2768 2511 2839 justitiam
2559 2776 2710 2821 tuam
2763 2766 2877 2821 tilio
2921 2765 3066 2836 regis
3087 2764 3133 2797 ³⁸
3164 2781 3179 2831 ;
3213 2785 3232 2817 ι
3285 2780 3467 2836 neque
3512 2766 3631 2821 haec

2041 2863 2194 2919 dicas
2252 2862 2320 2918 de
2358 2861 2653 2917 Salomone
2711 2860 2859 2915 dicta
2911 2874 3058 2924 esse,
3114 2857 3389 2937 siquidem
3440 2858 3631 2913 subdit

2041 2957 2210 3027 paulo
2229 2965 2355 3027 post
2385 2971 2399 3006 :
2430 2974 2447 3006 ι
2480 2953 2869 3010 Dominabitur
2903 2968 2934 3007 a
2964 2951 3103 3006 mari
3138 2966 3316 3021 usque
3345 2950 3414 3005 ad
3442 2966 3617 3015 mare,

2040 3058 2098 3105 et
2124 3059 2412 3121 permanet
2436 3054 2565 3102 ante
2602 3048 2775 3102 solem
2802 3061 3005 3101 nomen
3035 3046 3176 3116 ejus,
3200 3054 3258 3099 et
3281 3054 3410 3100 ante
3438 3045 3627 3099 lunam

2044 3142 2101 3195 in
2152 3141 2541 3211 generationes
2583 3139 3005 3209 generationum
3034 3139 3103 3192 ³⁵.
3148 3137 3291 3193 Ecce
3336 3137 3629 3207 perSpicue

2043 3232 2421 3289 demonstravi
2449 3231 2572 3293 tibi,
2610 3246 2679 3285 ex
2718 3229 2946 3285 Davidis
2987 3217 3408 3299 Salomonisque
3470 3227 3630 3282 testi-

2042 3326 2251 3390 monio,
2282 3325 2481 3380 Filium
2514 3322 2612 3378 Dei
2646 3330 2775 3377 ante
2800 3335 3022 3375 omnem
3063 3329 3376 3375 creaturam
3410 3334 3440 3373 a
3464 3318 3630 3373 Patre

2042 3419 2214 3475 fuisse
2240 3426 2587 3490 generatam,
2621 3431 2688 3472 eo
2717 3415 2883 3471 modo
2922 3429 3087 3485 quem
3121 3413 3238 3483 ipse
3271 3413 3425 3469 solus
3451 3410 3629 3467 novit.

2114 3601 2331 3657 Rursus
2354 3599 2519 3655 aliam
2555 3597 2920 3669 quaestionem
2945 3594 3146 3651 solvite
3171 3592 3333 3658 mihi,
3360 3600 3418 3648 et
3443 3592 3629 3648 statim

2044 3695 2251 3751 veritas
2285 3692 2573 3763 apparebit
2606 3708 2621 3744 :
2657 3689 2885 3745 Unctum
2912 3689 3095 3749 illum,
3137 3703 3167 3741 a
3232 3686 3393 3741 vobis
3440 3700 3636 3755 exspe-

2046 3798 2278 3853 ctatum,
2315 3801 2481 3855 quem
2530 3783 2717 3837 dicitis
2744 3781 2905 3837 esse?
2933 3781 3200 3843 Deumne,
3238 3794 3307 3833 an
3350 3778 3630 3833 hominem

2047 3888 2282 3942 tantum,
2329 3878 2474 3932 sicut
2512 3876 2619 3929 fuit
2656 3875 2773 3943 ipse
2808 3871 3005 3936 David,
3063 3878 3121 3924 et
3143 3869 3329 3925 centeri
3377 3868 3633 3923 homines

2046 3970 2358 4027 exsistunt?
2394 3966 2779 4038 Respondebit
2828 3979 2962 4019 sane
3008 3962 3232 4019 Judacus
3275 3980 3289 4015 :
3338 3962 3631 4017 Hominem

2046 4077 2171 4118 esse
2211 4061 2368 4114 illum
2404 4058 2667 4119 dicimus,
2703 4072 2817 4112 non
2841 4056 3039 4122 Deum,
3071 4054 3167 4109 sed
3198 4054 3355 4124 quasi
3381 4070 3550 4108 unum
3598 4069 3631 4108 e

2047 4168 2283 4209 numero
2300 4152 2694 4222 praphetarum
2721 4166 2736 4203 :
2765 4163 2877 4203 non
2899 4155 2986 4203 est
3001 4146 3151 4201 enim
3174 4145 3282 4201 nisi
3303 4162 3447 4200 unus
3464 4146 3631 4207 Deus,

2047 4255 2105 4303 et
2132 4245 2358 4301 minime
2387 4244 2518 4308 duo,
2535 4243 2682 4298 sicut
2704 4258 2802 4297 vos
2824 4240 3128 4297 Christiani
3152 4238 3360 4294 dicitis.
3383 4237 3454 4293 At
3478 4252 3632 4297 vero.

2049 4339 2313 4411 quoniam
2348 4352 2548 4408 purum
2584 4336 2866 4391 hominem
2892 4349 3015 4391 esse
3049 4333 3257 4398 dicitis,
3301 4331 3399 4403 qui
3428 4339 3634 4385 ventu-

2051 4448 2146 4488 rus
2175 4439 2281 4495 est,
2306 4430 2594 4485 Christum
2628 4440 2901 4492 vestrum,
2937 4426 3288 4482 conferamus
3311 4425 3365 4479 in
3390 4422 3634 4477 medium

356 4526 449 4581 τὸν
478 4524 772 4595 ἐρχόμενον
809 4522 1078 4594 δηλονότι,
1106 4519 1203 4573 καὶ
1229 4520 1258 4573 ό
1284 4517 1457 4573 ἐλθὼν
1489 4517 1586 4571 καὶ
1622 4515 1753 4588 παρ’
1784 4514 1942 4587 ἡμῶν

2052 4524 2201 4579 dicta
2240 4522 2664 4593 prophetarum,
2704 4530 2761 4576 et
2809 4519 3084 4589 siquidem
3116 4519 3290 4573 Deum
3324 4531 3446 4570 esse
3492 4530 3637 4584 pra:-

356 4618 465 4673 τῶν
494 4616 839 4687 Χριστιανῶν
882 4613 1362 4687 προσκυνούμενος
1387 4612 1483 4666 καὶ
1508 4610 1903 4679 πιστευόμενος
1922 4650 1937 4675 ,

358 4710 701 4773 αὑτόςέστιν
728 4706 945 4777 ἀληθῶς
981 4705 1153 4768 ὖντως
1186 4705 1215 4758 6
1247 4702 1454 4775 ἀληθής
1503 4702 1771 4773 Χριστόςο
1806 4700 1866 4753 ὃν
1885 4701 1944 4755 δὲ

360 4800 649 4873 ἐκδέχεσθε
669 4799 829 4870 ὑμεῖς
848 4799 899 4853 οἱ
943 4797 1213 4863 Ἰουδαῖοι,
1247 4795 1452 4859 πλάνος
1489 4796 1610 4848 ἐστὶ
1638 4796 1735 4848 καὶ
1774 4792 1947 4848 Ἀντί-

359 4910 601 4966 χριστος.
635 4894 698 4947 Et
723 4893 784 4947 δέ
824 4890 989 4946 πάλιν
1037 4891 1115 4963 μὴ
1160 4891 1608 4962 παραστήσωμεν
1643 4890 1773 4953 τοὺς
1804 4904 1945 4959 προ-

362 4991 537 5059 φήτας
559 4988 823 5057 λέγοντας
851 4985 1015 5041 αὑτὸν
1060 4983 1216 5049 Θεὸν,
1268 4982 1512 5055 δηλονότι
1535 4985 1701 5054 ἡμεῖς
1727 4982 1947 5036 πλανώ-

367 5083 526 5154 μεθα,
562 5082 812 5136 Ἰουδαῖοι
848 5079 907 5134 δέ
928 5078 1308 5151 ἀληθεύουσιν.
1346 5076 1553 5131 Εἴπατε
1592 5074 1723 5145 περὶ
1748 5074 1892 5138 τίνος
1916 5073 1946 5126 6

364 5176 650 5245 προφήτης
708 5174 890 5245 λέγει’
936 5192 957 5226 ι
1018 5169 1399 5243 Εὐλογημένος
1455 5169 1484 5221 6
1540 5167 1837 5239 ἐρχόμενος
1886 5166 1946 5220 ἐν

363 5266 590 5338 όνόματι
611 5269 839 5339 Κυρίου,
874 5266 1009 5331 Θεὸς
1040 5266 1244 5337 Κύριος
1274 5264 1370 5318 καὶ
1412 5262 1689 5331 ἐπέφανεν
1720 5261 1875 5331 ἡμῖν.
1918 5278 1939 5315 r

365 5359 669 5431 Προσέχετε
706 5362 843 5431 μετὰ
863 5360 1179 5432 ἀκριϐείας·
1214 5358 1433 5422 πάντως
1458 5356 1593 5411 Θεὸν
1625 5355 1719 5409 καὶ
1741 5354 1946 5424 Κύριον

366 5452 515 5520 λέγει
534 5452 727 5505 εἰπών’
766 5472 786 5504 ι
814 5452 947 5517 Θεὸς
969 5452 1065 5506 κα)⁸
1089 5451 1297 5522 Κύριος
1313 5450 1409 5504 καὶ
1431 5450 1707 5519 ἐπέφανεν
1741 5450 1894 5520 ἡμῖν.
1922 5468 1941 5502 ι

368 5546 491 5601 Εττε
520 5546 615 5600 οὖν
675 5546 949 5615 ἐπέφανεν
1000 5546 1153 5615 ἡμῖν,
1182 5543 1296 5597 εἴτε
1358 5542 1694 5611 ἐπιφανῆναι
1737 5540 1949 5611 μέλλει,

367 5639 468 5692 οὑκ
490 5638 639 5693 ἔστιν
665 5638 694 5690 6
723 5638 958 5708 Χριστὸς
987 5636 1140 5706 ὑμῶν
1194 5634 1303 5688 τῶν
1340 5633 1634 5700 Ἰουδαίων,
1666 5635 1782 5687 ἀλλ’
1808 5633 1947 5706 ἡμέ-

2046 4616 2306 4673 dicarunt
2326 4630 2455 4669 eum
2486 4614 2582 4685 qui
2610 4623 2884 4668 venturus
2905 4621 3048 4675 erat,
3073 4609 3322 4680 profecto
3341 4607 3437 4677 qui
3458 4607 3636 4672 venit,

2045 4719 2102 4767 et
2135 4726 2167 4766 a
2193 4709 2357 4765 nobis
2406 4708 2748 4764 Christianis
2791 4706 3017 4768 colitur,
3064 4703 3268 4773 cuique
3329 4699 3634 4765 credimus,

2044 4804 2093 4860 is
2126 4818 2292 4859 verus
2316 4788 2573 4858 Christus
2604 4807 2715 4866 est;
2752 4813 2922 4869 quem
2969 4812 3105 4852 vero
3134 4810 3269 4857 vos,
3303 4792 3481 4851 Judaei
3538 4808 3638 4845 ex-

2049 4896 2314 4967 spectatis
2336 4895 2608 4965 impostor
2634 4900 2723 4948 est
2743 4900 2800 4948 et
2827 4888 3223 4954 antichristus;
3244 4888 3288 4942 si
3314 4895 3500 4940 autem
3526 4899 3638 4938 non

2050 4985 2483 5055 produxerimus
2521 4983 2828 5055 prophetas
2856 4982 3031 5036 Deum
3084 4993 3207 5033 esse
3247 4978 3406 5032 illum
3454 4976 3639 5032 decla-

2050 5088 2262 5145 rantes,
2288 5079 2388 5149 ipsi
2444 5092 2719 5142 erramus,
2749 5076 2927 5133 Judaei
2960 5089 3096 5130 vero
3141 5089 3273 5128 vera
3305 5073 3634 5142 loquuntur.

2050 5170 2298 5227 lndicate
2336 5168 2507 5241 igitur
2535 5169 2694 5233 mihi,
2743 5167 2814 5223 de
2858 5181 2972 5238 quo
3031 5164 3314 5236 Propheta
3361 5159 3566 5217 dixerit
3615 5176 3634 5215 :

2057 5282 2076 5315 ε
2109 5261 2448 5319 Benedictus
2469 5261 2564 5331 qui
2615 5260 2770 5316 venit
2821 5258 2880 5314 in
2925 5257 3155 5313 nomine
3208 5254 3460 5319 Domini;
3490 5252 3637 5307 Deus

2050 5356 2339 5423 Dominus,
2357 5364 2415 5411 et
2432 5354 2613 5410 illuxit
2641 5352 2805 5408 nobis
2829 5353 2897 5406 ⁸⁸.
2936 5369 2955 5403 ι
2987 5346 3271 5405 Attendite
3287 5346 3631 5416 diligenter;

2055 5458 2244 5519 aperte
2289 5450 2464 5504 Deum
2488 5447 2643 5501 illum
2668 5454 2724 5500 et
2754 5443 3050 5500 Dominum
3099 5441 3366 5502 declarat,
3394 5436 3633 5492 dicens:

2063 5562 2083 5595 ε
2104 5544 2252 5599 Deus
2270 5551 2328 5598 et
2349 5541 2635 5606 Dominus,
2655 5550 2712 5595 et
2730 5538 2912 5594 illuxit
2926 5536 3113 5592 nobis.
3134 5554 3153 5587 ι
3188 5534 3316 5591 Sive
3353 5545 3487 5602 ergo
3508 5527 3637 5583 illu-

2055 5633 2217 5697 xerit,
2234 5632 2285 5687 id
2298 5642 2401 5699 cst,
2418 5631 2737 5703 apparuerit
2749 5628 3049 5696 nobis,sive
3064 5621 3638 5699 appariturussit,non

442 5790 489 5825 ³³
518 5790 663 5849 Psal.
697 5806 807 5857 cur,
831 5790 886 5847 3.
963 5791 1007 5823 ”
1040 5789 1185 5846 Psal.
1217 5804 1363 5855 Lm,
1399 5790 1447 5845 1.
1527 5788 1570 5822 ³⁸
1605 5789 1744 5845 ibid.
1780 5788 1831 5854 8,
1882 5789 1934 5845 9.
2015 5789 2058 5822 “
2086 5787 2231 5844 Psal.
2264 5801 2428 5853 cxvn,
2456 5785 2548 5855 26,
2591 5783 2683 5840 27.
