4072 6526
514 325 653 393 I219

1718 319 1782 384 S.
1822 307 2224 382 ANASTASII
2262 308 2595 376 SINAITA!

3654 311 3777 379 i220

509 453 596 501 est
612 443 874 499 Christus
890 449 1075 499 vester
1087 438 1425 508 Iudaeorum,
1439 436 1539 497 sed
1556 446 1745 494 noster
1753 433 2097 496 Christiano—

2198 445 2353 500 τερος
2406 430 2517 485 τῶν
2581 429 2962 503 Χριστιανῶν·
2997 430 3156 502 ὑμεῖς
3198 429 3311 503 γάρ
3365 429 3656 503 ἄνθρωπον
3696 435 3779 487 τὸν

513 553 662 603 rum,
676 536 948 609 siquidem
966 551 1064 593 vos
1073 552 1274 608 purum
1291 535 1574 591 hominem
1586 534 1705 591 fore
1724 549 1890 606 quem
1907 542 2106 591 ventu-

512 649 640 689 rum
659 635 1012 704 exspectatis,
1030 632 1303 697 asseritis,
1321 632 1493 688 David
1515 639 1701 687 autem
1717 631 1890 685 Deum
1912 637 1971 687 et
1993 630 2103 685 Do-

514 725 727 781 minum
750 726 1070 797 praedicavit
1095 740 1245 791 eum,
1270 725 1367 796 qui
1391 732 1661 780 venturus
1682 729 1803 777 erat
1837 729 1896 777 et
1927 721 2100 777 venit.

515 816 653 872 Item
703 817 889 882 Isaias,
915 831 1028 871 non
1059 815 1308 887 angelus,
1353 829 1467 870 non
1503 815 1741 885 legatus,
1764 812 1861 869 sed
1907 832 1926 866 ι
1962 812 2100 883 Ipse,

515 908 720 979 inquit,
758 927 779 961 ι
804 907 1071 963 Dominus
1100 908 1307 974 veniet,
1331 916 1384 963 et
1412 908 1649 963 salvabit
1674 921 1777 962 nos
1811 907 1856 939 ³⁷
1893 923 1908 969 ;
1946 924 1965 957 ι
1999 914 2057 961 et
2086 922 2099 959 :

523 1017 545 1052 ι
582 1001 851 1057 Parvulus
880 1010 1045 1057 natus
1078 1010 1164 1057 est
1196 1001 1379 1065 nobis;
1412 1011 1470 1056 et
1498 1000 1646 1055 ﬁlius
1679 999 1844 1055 datus
1887 1009 1974 1054 est
2003 1014 2105 1053 no-

516 1092 625 1158 bis,
652 1101 709 1148 et
739 1104 973 1148 vocatur
992 1094 1174 1163 magni
1198 1093 1417 1148 consilii
1449 1092 1711 1163 Angelus,
1740 1090 2104 1146 Admirabilis

515 1182 880 1240 Consiliarius
913 1225 927 1247 ,
972 1185 1118 1242 Deus
1186 1183 1367 1248 fortis,
1436 1183 1780 1249 Dominator,
1839 1180 2105 1250 Princeps

517 1277 689 1346 pacis.
714 1276 874 1330 Pater
901 1275 1075 1331 futuri
1104 1275 1291 1331 saeculi
1326 1276 1394 1331 ⁸⁸.
1428 1294 1446 1328 ι
1477 1274 1682 1345 Ecquis
1710 1274 1899 1338 homo,
1931 1287 2105 1341 quan-

518 1368 819 1438 doquidem
873 1367 1159 1423 Christum
1199 1367 1483 1422 hominem
1512 1383 1714 1437 purum
1743 1366 1861 1420 fore
1893 1365 2100 1430 dicitis,
2130 1424 2145 1428 ς

516 1457 646 1527 quis
676 1458 843 1513 homo
880 1469 1060 1529 potest
1101 1474 1223 1513 esse
1273 1477 1290 1509 ι
1322 1457 1466 1512 Deus
1509 1458 1693 1523 fortis,
1754 1456 2103 1521 Dominator,

518 1548 786 1621 Princeps
802 1552 974 1621 pacis,
992 1552 1153 1607 Pater
1176 1551 1350 1605 futuri
1372 1550 1589 1605 saeculi?

590 1644 726 1697 Item
750 1643 1027 1697 Habacum
1057 1662 1069 1697 :
1091 1662 1110 1694 ι
1130 1644 1274 1698 Deus
1289 1659 1321 1697 a
1342 1642 1589 1697 Theman
1618 1641 1804 1696 veniet
1827 1642 1891 1697 ”.
1917 1662 1937 1695 ι
1959 1642 2104 1698 Audi

517 1736 880 1791 ethrcmiam
899 1736 1010 1790 alta
1026 1750 1162 1790 voce
1176 1730 1536 1792 clamantem:
1560 1756 1577 1787 ι
1602 1736 1703 1791 Hic
1729 1746 1813 1791 est
1829 1736 1975 1792 Deus
1999 1752 2102 1792 no-

517 1836 664 1893 ster;
687 1842 796 1881 non
812 1827 1186 1881 aastimabitur
1207 1828 1351 1883 alius
1378 1827 1646 1882 adversus
1662 1842 1823 1894 eum;
1844 1829 1935 1882 hic
1948 1827 2101 1883 adin-

515 1921 672 1975 VCnit
692 1936 913 1975 omnem
931 1922 1075 1975 viam
1103 1920 1431 1991 disciplinac,
1456 1930 1512 1975 et
1536 1920 1765 1976 tradidit
1783 1937 1904 1976 eam
1931 1922 2104 1977 Iacob

515 2028 693 2083 puero
725 2028 848 2075 suo.
884 2021 940 2067 et
970 2013 1135 2068 Israel
1164 2013 1370 2069 dilecto
1393 2024 1530 2081 suo;
1562 2015 1810 2084 posthaec
1850 2014 1906 2069 in
1940 2015 2106 2071 terris

514 2106 672 2159 visus
708 2113 812 2165 est,
849 2114 1057 2160 etcum
1098 2106 1423 2161 hominibus
1449 2115 1814 2162 conversatus
1857 2116 1943 2163 est
1971 2107 2039 2162 ⁸ο.
2076 2126 2095 2161 ι

514 2195 712 2251 Viden'
756 2198 903 2267 quod
958 2199 1114 2253 illum
1145 2201 1431 2271 propheta:
1462 2200 1637 2255 Deum
1665 2215 1862 2256 verum
1899 2202 1955 2257 in
1986 2211 2105 2257 ter-

514 2288 702 2360 risque
741 2292 919 2346 visum
957 2302 1017 2347 et
1043 2309 1170 2348 cum
1198 2294 1521 2349 hominibus
1550 2306 1941 2352 conversatum
1965 2314 2106 2368 pra:-

513 2382 814 2438 dicarunt?
860 2384 969 2439 Sed
1008 2394 1066 2441 et
1091 2386 1286 2452 David,
1324 2406 1343 2438 ι
1380 2388 1674 2459 Regnavit,
1709 2389 1915 2460 inquit,
1954 2392 2102 2448 Deus

510 2488 683 2544 super
715 2484 906 2545 gentes
931 2476 997 2543 “,
1033 2497 1052 2530 ι
1087 2493 1186 2533 eos
1208 2478 1475 2535 videlicet
1497 2481 1566 2535 ad
1606 2498 1666 2537 se
1712 2483 1967 2538 vocando
2002 2499 2102 2553 per

514 2567 679 2624 ﬁdem
723 2570 848 2626 Filii
891 2572 977 2627 sui
1007 2589 1021 2626 :
1051 2588 1223 2643 quare
1262 2590 1372 2630 non
1416 2574 1599 2630 dixit:
1648 2577 1921 2648 Regnavit
1953 2579 2101 2633 Deus

508 2676 683 2731 super
708 2661 974 2727 Iudaeos?
1010 2664 1078 2719 Et
1103 2682 1336 2722 rursus:
1374 2686 1392 2719 ι
1433 2668 1706 2724 Viderunt
1731 2685 1929 2724 omnes
1963 2686 2099 2740 gen-

512 2764 600 2811 tes
627 2756 881 2813 Salutare
936 2758 1032 2815 Dei
1065 2761 1245 2816 nostri
1272 2761 1358 2828 “;
1400 2780 1421 2814 ›
1454 2771 1511 2817 et
1558 2778 1571 2817 ι
1633 2780 1653 2813 ι
1720 2763 1899 2820 Dicite
1953 2763 2100 2819 inter

512 2858 730 2920 gentes,
756 2851 1020 2921 quoniam
1066 2853 1337 2910 Dominus
1381 2854 1634 2926 regnavit
1664 2855 1734 2923 ⁸³,
1771 2875 1790 2908 ι
1830 2857 2097 2912 nimirum

511 2957 614 3012 per
644 2943 827 3000 ﬁdem.
860 2945 1028 3000 Isaias
1050 2962 1182 3001 vero
1214 2946 1344 3018 [imo
1377 2944 1695 3021 Malaclu'as]
1737 2965 1750 3003 :
1792 2968 1812 3001 ι
1843 2949 1927 3005 Ab
1967 2959 2097 3005 ortu

512 3035 649 3088 solis
689 3050 866 3105 usque
912 3036 980 3091 ad
1032 3052 1313 3101 occasum,
1360 3040 1729 3109 gloriﬁcatum
1771 3049 1859 3096 est
1891 3056 2094 3097 nomen

2201 521 2499 595 ἐρχόμενον
2527 522 2820 596 ἐκδέχεσθε
2874 524 2973 578 κα)⁸
3011 524 3075 577 οὑ
3104 523 3260 590 Θεὸν,
3296 526 3326 578 6
3375 524 3436 579 δέ
3464 525 3631 579 Δαϐ¹ιδ
3658 524 3781 579 Θεὸν

2202 614 2298 667 καὶ
2323 612 2528 687 Κύριον
2548 615 2640 671 τὸν
2673 615 2974 688 ἐρχόμενον
3008 617 3101 671 καὶ⁵
3134 616 3360 671 ἐλθόντα
3395 618 3652 690 ἐκήρυξε.
3678 619 3781 674 Kal.

2202 707 2232 761 6
2270 707 2502 772 Ἡσαΐας
2535 707 2635 779 μέν
2678 707 2864 778 λέγει’
2899 727 2920 762 ι
2963 709 3080 763 Οὑκ
3123 710 3381 780 ἄγγελος,
3410 710 3471 765 οὑ
3525 710 3779 783 πρέσϐυς,

2202 797 2318 853 ἀλλ’
2368 799 2531 864 αὑτὸς
2576 800 2608 853 6
2656 800 2861 871 Κύριος
2892 800 3033 873 ἡξει,
3067 803 3165 857 καὶ
3193 802 3360 857 σώσει
3413 804 3599 873 ἡμᾶς’
3642 821 3659 855 ι
3697 805 3782 859 καὶ

2201 890 2285 945 δτι
2321 910 2341 943 ι
2372 891 2595 948 Παιδίον
2617 893 2881 966 ἐγεννήθη
2922 895 3077 965 ἡμῖν,
3113 896 3210 949 καὶ
3255 898 3388 960 υίος⁹
3423 895 3581 967 ἐδόθη
3630 898 3774 967 ἡμῖν,

2202 983 2300 1036 καὶ
2342 982 2594 1038 καλεῖται
2621 986 2721 1057 τῆς
2775 986 3020 1058 μεγάλης
3039 986 3237 1060 βουλῆς
3257 989 3545 1058 Ἄγγελος,
3564 989 3781 1059 Θαυματ-

2204 1074 2349 1141 στὸς,
2380 1076 2451 1130 Σύ
2460 1078 2710 1149 μϐουλος,
2733 1079 2866 1145 Θεὸς
2890 1081 3127 1153 ἰσχυρὸς,
3148 1081 3552 1152 Ἐξουσιαστὴς,
3574 1083 3641 1133 Ἀ
3652 1100 3781 1152 ρχων

2204 1167 2451 1238 εἰρήνης,
2504 1168 2693 1241 Πατὴρ
2720 1168 2816 1224 τοῦ
2854 1170 3140 1241 μέλλοντος
3178 1171 3396 1235 αἰῶνος.
3452 1190 3470 1222 ι
3512 1172 3667 1235 Ποίος
3695 1171 3782 1226 ἄν·

2204 1257 2443 1329 θρωπος,
2488 1260 2671 1326 καθὼς
2712 1261 2873 1332 ὑμεῖς
2927 1261 3138 1330 λέγετε,
3182 1263 3406 1317 δύναται
3434 1261 3575 1318 εῖναι
3612 1282 3631 1315 ι
3663 1264 3783 1329 Θεὸς

2208 1350 2448 1421 ἰσχυρὸς,
2486 1351 2894 1425 Ἐξουσιαστὴς,
2940 1355 3159 1426 Ἀρχων
3179 1355 3424 1427 εἰρήνης,
3461 1354 3652 1426 Πατὴρ
3696 1355 3781 1409 τοῦ

2208 1443 2498 1515 μέλλοντος
2528 1444 2755 1513 αίῶνος;
2784 1464 2803 1497 ι

2290 1625 2567 1691 Ὡσαύτως
2601 1626 2696 1681 καὶ
2729 1629 2759 1681 6
2801 1627 3086 1700 Ἀϐακούμ
3130 1646 3294 1701 φησι-ο
3339 1650 3358 1683 ι
3403 1631 3463 1684 '0
3499 1631 3634 1695 Θεὸς
3686 1633 3785 1685 ἀπὸ

2206 1716 2422 1788 Θαιμὰν
2467 1718 2610 1790 ἥξει.
2648 1738 2668 1771 ι
2704 1720 2970 1774 ’Ἄκουσον
3008 1722 3103 1774 καὶ
3152 1721 3417 1793 Ἰερεμίου
3464 1724 3785 1792 κεκραγότος

2209 1811 2389 1881 μέγα⁸
2429 1830 2448 1863 ι
2491 1805 2663 1876 Οὗτος
2688 1814 2717 1866 6
2746 1812 2880 1878 Θεὸς
2912 1813 3101 1884 ήμῶν·
3145 1814 3205 1867 ού
3246 1813 3638 1885 λογισθήσεται
3673 1817 3785 1868 ξτε-

2209 1920 2300 1974 ρος
2322 1902 2461 1974 πρὸς
2483 1904 2678 1959 αὐτόν’
2718 1904 2909 1977 ἐξεῦρε
2969 1908 3151 1960 πᾶσαν
3171 1906 3289 1961 ὁδὸν
3328 1908 3669 1979 ἐπιστήμης,
3700 1909 3786 1962 καὶ

2205 1995 2410 2051 ἔδωκεν
2457 1996 2630 2069 αὑτὴν
2675 1997 2876 2053 Ἰακὼϐ
2901 1999 2981 2070 τῷ
3023 1999 3178 2054 παιδὶ
3210 1999 3403 2063 αὑτοῦ,
3439 2002 3536 2055 καὶ
3576 2003 3787 2073 Ἰσραὴλ

2202 2087 2281 2159 τῷ
2333 2090 2685 2163 ἠγαπημένῳ
2735 2091 2830 2145 ὑπ’
2887 2092 3089 2147 αὐτοῦ’
3147 2093 3290 2166 μετὰ
3342 2094 3503 2148 τοῦτο
3557 2095 3657 2148 ἐπὶ
3692 2097 3787 2167 γῆς

2202 2182 2384 2254 ὤφθη,
2431 2184 2525 2238 καὶ
2551 2188 2665 2250 τοῖς
2694 2185 3004 2258 ἀνθρώποις
3037 2188 3476 2260 συνανεστράιφη.
3506 2206 3525 2240 ι
3565 2189 3787 2253 Βλέπεις

2202 2275 2286 2329 ὅτι
2311 2276 2443 2331 Θεὸν
2465 2279 2741 2351 ἐκήρυξαν
2767 2280 3023 2350 ἀληθινὸν
3066 2282 3157 2335 τὸν
3180 2281 3274 2335 ἐπὶ
3302 2286 3408 2355 γῆς
3439 2282 3682 2353 ὀφθέντα
3700 2285 3787 2338 καὶ

2201 2372 2313 2431 τοῖς
2337 2370 2649 2442 ἀνθρώποις
2677 2374 3233 2444 συναναστραφένται
3259 2376 3371 2430 Καὶ
3399 2378 3429 2430 6
3446 2376 3614 2430 Δαϐὶδ
3646 2377 3787 2446 λέγει

2202 2466 2331 2536 περὶ
2361 2465 2549 2529 αὑτοῦ,
2574 2466 2660 2520 ὅτι
2694 2484 2714 2520 ι
2755 2467 3140 2523 Ἐϐασίλευσεν
3159 2471 3186 2523 ὁ
3210 2469 3341 2534 Θεὸς
3373 2471 3467 2523 ἐπὶ
3488 2472 3559 2523 τὰ
3586 2470 3740 2545 ἔθνη,
3763 2489 3781 2525 ι

2201 2556 2452 2609 τουτέστι
2479 2555 2567 2611 διὰ
2601 2557 2663 2610 τὸ
2702 2559 3119 2613 ἐπισπάσασθαι
3174 2561 3371 2625 αὑτοὺς
3394 2562 3487 2615 τὸν
3519 2562 3659 2616 Θεὸν
3704 2563 3787 2617 διὰ

2201 2648 2300 2717 τῆς
2328 2648 2565 2713 πίστεως
2590 2649 2684 2703 τοῦ
2721 2650 2854 2704 Υἱοῦ
2879 2651 3069 2706 αὑτοῦ.
3127 2654 3225 2707 Διά
3256 2654 3310 2706 τί
3342 2655 3445 2707 οὑκ
3496 2650 3680 2718 εἶπεν,
3709 2657 3787 2709 ὅτι

2214 2737 2600 2793 Ἐϐασίλευσεν
2654 2740 2684 2793 6
2733 2740 2867 2806 Θεὸς
2905 2743 3000 2797 ἐπὶ
3052 2746 3179 2808 τοὺς
3243 2745 3577 2813 Ἰουδαίουςς
3615 2765 3638 2799 ι
3686 2748 3788 2802 Καὶ

2202 2829 2402 2885 πάλιν·
2440 2850 2459 2883 ι
2503 2831 2715 2886 ’Ίδοσαν
2751 2832 2933 2888 πάντα
2990 2833 3219 2906 τὰέθνη
3270 2840 3332 2891 τὸ
3362 2838 3647 2911 Σωτήριον
3697 2838 3787 2893 τοῦ

2199 2923 2337 2979 Θεοῦ
2367 2925 2545 2996 ήμῶν.
2580 2944 2601 2978 ι
2635 2928 2767 2994 Καὶ,
2797 2946 2816 2981 ι
2853 2925 3062 2983 Εἴπατε
3087 2931 3144 2983 ἐν
3167 2931 3279 2995 τοῖς
3308 2930 3546 2998 ἔθνεσιν,
3569 2934 3658 2986 ὅτι
3681 2932 3791 2988 Κύ·

2202 3036 2318 3090 ριος
2348 3019 2692 3087 ἐϐασίλευσε,
2735 3038 2755 3073 ι
2810 3022 3064 3076 τουτέστι
3095 3022 3186 3076 διὰ
3216 3027 3317 3094 τῆς
3332 3025 3594 3089 πίστεως.
3626 3025 3738 3079 Καὶ
3760 3028 3788 3080 6

511 3142 699 3182 meum
734 3128 791 3183 in
837 3128 1098 3200 gentibus
1118 3131 1183 3184 ιι.
1223 3150 1243 3183 ι
1272 3108 1433 3201 Apud
1464 3131 1650 3188 Osee:
1687 3151 1706 3185 ‹
1735 3133 1981 3199 Vocabo,
2008 3135 2098 3190 in-

2216 3108 2466 3178 Ἡσαῒας,
2492 3111 2577 3165 ὃτι
2609 3129 2629 3163 ι
2676 3111 2812 3165 Ἀπὸ
2840 3114 3115 3171 ἀνατολῶν
3141 3114 3294 3187 ήλίου
3319 3118 3413 3171 καὶ
3436 3117 3543 3181 ἕως
3566 3118 3789 3193 δυσμῶν

519 3220 643 3288 quit
664 3220 829 3284 Deus,
862 3237 973 3277 non
996 3222 1260 3293 populum
1288 3239 1496 3291 meum,
1528 3226 1801 3295 Populum
1832 3242 2042 3294 meum,
2074 3247 2094 3281 ι

512 3310 569 3366 id
633 3320 737 3377 est,
783 3324 995 3383 gentes,
1047 3332 1064 3365 ι
1111 3324 1168 3370 et
1221 3315 1653 3372 Misericordiam
1718 3329 2097 3388 consecutam,

510 3417 624 3458 non
655 3404 1095 3461 misericordiam
1143 3418 1499 3464 consecutam
1542 3410 1610 3477 ⁸⁵,
1666 3429 1686 3463 ι
1749 3411 1806 3467 id
1853 3422 1960 3478 est,
1997 3412 2100 3486 Sy-

510 3511 776 3569 nagogam
842 3498 1179 3555 Judteorum.
1231 3501 1365 3557 Item
1424 3512 1481 3558 et
1543 3503 1713 3560 Jacob
1782 3506 2099 3575 patriarcha

509 3588 846 3646 benedicens
924 3590 1052 3647 ﬁliis
1133 3592 1280 3659 suis,
1338 3601 1840 3667 testamentumque
1891 3600 2100 3655 consti-

509 3688 695 3745 tuens,
761 3684 839 3737 sic
891 3683 959 3739 de
1010 3684 1230 3741 Christo
1272 3687 1522 3758 loquitur
1564 3707 1579 3745 :
1628 3708 1647 3742 ι
1706 3691 1829 3747 Non
1877 3692 2098 3750 deﬁciet

507 3771 767 3843 princeps
817 3774 885 3830 de
941 3776 1115 3838 Juda,
1158 3786 1216 3833 et
1266 3779 1378 3834 dux
1434 3781 1504 3836 de
1566 3780 1873 3839 femoribus
1937 3786 2094 3856 ejus,

509 3864 691 3921 donec
718 3868 905 3923 veniat
928 3870 1019 3925 cui
1048 3872 1356 3942 repositum
1386 3882 1491 3940 est,
1530 3893 1548 3926 ι
1581 3874 1637 3929 id
1662 3884 1770 3941 est,
1802 3876 2085 3945 Christus,

516 3976 537 4008 ι
567 3968 625 4012 et
680 3960 798 4030 ipse
848 3963 957 4017 erit
1002 3967 1346 4035 exspectatio
1389 3968 1640 4038 gentium
1675 3970 1723 4002 “
1762 3990 1775 4026 :
1816 3989 1834 4023 ι
1884 3972 2091 4043 quippe

509 4050 841 4121 providebat
882 4053 1069 4110 animo
1117 4057 1421 4115 caecitatem
1471 4059 1814 4118 Judaeorum.
1862 4064 2093 4119 Frustra

505 4142 675 4213 igitur
729 4155 1055 4216 ex5pectant
1100 4149 1277 4205 Judaei
1322 4167 1488 4222 quem
1525 4165 1853 4226 exspectant
1883 4174 1895 4211 :
1924 4156 2092 4212 Chri-

503 4245 626 4291 stus
650 4238 818 4303 enim,
848 4255 1013 4310 quem
1041 4252 1235 4312 gentes
1279 4254 1626 4315 exspectant,
1657 4247 1771 4319 jam
1816 4248 1993 4318 venit,
2035 4256 2093 4305 et

500 4327 631 4385 ideo
662 4330 864 4387 defecit
889 4333 1147 4404 princeps
1173 4345 1230 4391 et
1261 4336 1376 4391 dux
1405 4338 1474 4393 de
1501 4338 1666 4394 Juda.
1712 4348 1713 4351 ‘

570 4493 729 4560 Quod
777 4510 911 4551 vero
947 4512 1115 4553 verus
1155 4498 1231 4555 sit
1276 4500 1534 4559 Christus
1583 4514 1776 4561 noster
1830 4522 1942 4563 non
1987 4508 2087 4565 de-
2116 4500 2173 4564 D

499 4598 724 4658 ceptor,
770 4590 916 4645 sicut
986 4606 1086 4647 vos
1159 4593 1336 4650 Judaei
1399 4596 1589 4653 dicitis
1653 4599 2088 4672 aestimatisque,

498 4680 607 4736 hoc
626 4683 796 4738 etiam
819 4684 979 4739 vobis
1004 4685 1240 4756 probare
1272 4687 1499 4744 obvium
1526 4699 1610 4746 est
1633 4707 1745 4747 non
1772 4694 1940 4749 modo
1962 4711 2087 4751 ser.

500 4775 779 4841 monibus,
806 4793 1000 4833 verum
1030 4778 1167 4848 ipsis
1197 4779 1386 4846 rebus,
1418 4798 1542 4853 qua:
1562 4799 1739 4854 usque
1770 4786 1938 4843 hodie
1972 4788 2088 4844 cla-

498 4876 654 4923 mant
695 4878 754 4924 et
784 4877 1060 4927 testantur
1088 4873 1239 4942 quod
1270 4889 1618 4947 quaecunque
1649 4877 1825 4946 dixit,
1863 4889 1925 4935 ut
1961 4882 2086 4936 uni-

496 4975 660 5016 verso
690 4960 826 5016 orbe
860 4962 1086 5033 impleta
1115 4964 1249 5028 sint,
1278 4967 1429 5036 iuxta
1457 4968 1603 5025 hanc
1630 4970 1807 5039 ipsius
1837 4972 2085 5031 declara-

498 5055 729 5110 tionem.
769 5072 788 5105 ι
818 5054 1035 5111 Caelum
1060 5058 1232 5122 enim,
1259 5058 1461 5130 inquit,
1479 5070 1537 5117 et
1561 5071 1708 5117 terra
1742 5066 2080 5134 transibunt,

493 5146 667 5201 verba
694 5155 880 5202 autem
904 5163 1024 5204 mea
1051 5165 1161 5205 non
1193 5152 1509 5209 transibunt
1530 5154 1599 5209 ".
1626 5174 1643 5207 ι
1674 5155 1870 5222 Qualia
1895 5166 2081 5216 autem

446 5280 449 5283 μ
494 5237 609 5293 sint
652 5238 821 5293 verba
852 5239 1036 5303 illius,
1078 5242 1210 5297 audi
1253 5243 1571 5316 diligenter.
1620 5248 1841 5305 Etenim
1874 5252 1945 5309 de
1975 5254 2081 5310 hoc

493 5339 681 5385 vestro
706 5371 721 5395 ,
753 5331 859 5387 hoc
893 5341 1008 5398 est,
1039 5332 1355 5391 Judseorum
1381 5378 1397 5405 ,
1447 5340 1651 5409 templo
1685 5342 1826 5399 dixit
1856 5361 1870 5398 :
1904 5365 1924 5397 ι
1956 5348 2079 5404 Νοιι

495 5422 847 5493 relinquetur
892 5425 950 5480 in
996 5425 1093 5482 illo
1122 5426 1262 5499 lapis
1294 5445 1464 5502 super
1506 5431 1748 5502 lapidem
1781 5436 1860 5504 ⁶⁸;
1897 5456 1917 5489 ι
1972 5440 2079 5496 im-

493 5516 641 5588 pleta
669 5526 756 5573 est
787 5519 905 5575 haac
928 5521 1238 5591 praedictio,
1264 5524 1351 5579 vel
1379 5538 1491 5580 non
1513 5524 1740 5597 impleta
1769 5532 1900 5586 est?
1928 5532 2078 5591 Dixit

564 5665 608 5696 ³⁷
634 5662 739 5735 Isa.
764 5677 910 5735 mn,
961 5664 1013 5719 9.
1092 5665 1136 5697 ³⁸
1197 5665 1301 5720 Isa.
1342 5682 1415 5730 ιι,
1449 5666 1507 5722 6.
1578 5665 1621 5700 ³⁹
1648 5666 1850 5727 Hahae.
1888 5687 1965 5735 ill,
2000 5672 2053 5728 5.

501 5805 545 5836 ⁸⁸
578 5804 714 5860 Ibid.
746 5805 800 5862 2.

2168 5673 2212 5706 ⁸ο
2240 5670 2449 5728 Baruch
2511 5685 2590 5732 tu,
2629 5666 2815 5724 56-58.

497 5750 654 5811 acvit,
677 5734 774 5811 _3.-
821 5734 865 5766 ⁸³
902 5737 1040 5791 Psai.
1080 5752 1199 5801 xcv,
1230 5736 1316 5794 10.
1392 5737 1437 5770 ii
1464 5737 1603 5795 Psal.
1638 5754 1779 5808 χιιι,
1815 5742 1866 5798 1.
1944 5743 1988 5775 ⁸⁵
2046 5744 2098 5801 0:

2216 5760 2255 5811 ι,
2308 5744 2360 5798 9.

2201 3200 2588 3273 δεδοξασμένον
2634 3204 2698 3258 τὸ
2738 3204 2910 3277 δνομά
2942 3224 3045 3278 μου
3087 3209 3145 3263 ἐν
3198 3211 3311 3273 τοῖς
3343 3209 3543 3264 ἔθνεσι.
3599 3228 3622 3264 ι
3684 3212 3791 3266 Καὶ

2202 3292 2368 3348 πάλιν
2410 3294 2593 3367 Ὠσηὲ,
2630 3314 2649 3350 ι
2694 3297 2838 3369 Φησὶ
2882 3299 2912 3352 6
2954 3299 3112 3364 Θεός’
3149 3301 3382 3356 Καλέσω
3419 3304 3512 3358 τὸν
3566 3304 3631 3358 οὑ
3664 3304 3791 3359 λαᾶν

2202 3404 2331 3458 μου,
2368 3406 2387 3441 ι
2420 3389 2671 3444 τουτέστι
2692 3390 2769 3444 τὰ
2797 3388 2961 3463 έθνηο
3002 3410 3022 3445 ι
3070 3395 3180 3448 Καὶ
3196 3392 3295 3467 τὴν
3324 3394 3662 3467 ήλεημένην,
3692 3396 3790 3451 οὑκ

2198 3482 2534 3554 ήλεημένην,
2599 3501 2619 3536 ι
2658 3484 2906 3539 τουτέστι
2958 3486 3056 3558 τὴν
3108 3487 3447 3561 Συναγωγὴν
3501 3489 3614 3544 τῶν
3659 3491 3791 3545 Ἰου·

2196 3575 2383 3631 δαίων.
2436 3575 2715 3641 Ὡσαύτως
2743 3580 2838 3633 καὶ
2858 3580 2888 3634 6
2910 3582 3259 3653 πατριάρχης
3301 3581 3499 3637 Ἰακὼϐ
3547 3583 3790 3653 εὐλογῶν

2196 3666 2326 3730 τοὺς
2358 3668 2510 3730 υίοὺς
2547 3667 2715 3723 αὑτοῦ
2747 3669 2843 3723 καὶ
2872 3672 3323 3743 διατασσόμενος,
3348 3669 3472 3727 εἷπε
3533 3676 3668 3746 περὶ
3695 3673 3787 3729 τοῦ

2195 3760 2435 3833 Χριστοῦ
2463 3760 2671 3826 οὑτωςσ
2710 3781 2729 3815 ι
2786 3764 2900 3818 Οὑκ
2945 3763 3187 3834 ἐκλείψει
3232 3767 3420 3838 ἄρχων
3485 3767 3547 3832 ἐξ
3591 3767 3785 3834 Ἰούδα,

2194 3852 2319 3906 οὑδέ
2348 3854 2650 3925 ἡγούμενος
2682 3856 2747 3909 ἐκ
2788 3854 2898 3909 τῶν
2948 3856 3144 3928 μηρῶν
3179 3857 3370 3924 αὑτοῦ,
3414 3858 3522 3923 ἕως
3565 3853 3629 3913 οὗ
3654 3859 3783 3930 ἔλθῃ

2193 3938 2238 4015 ᾧ
2295 3948 2608 4014 ἀπόκειται,
2646 3968 2665 4002 ι
2700 3949 2982 4003 τουτέστιν
3012 3951 3040 4003 6
3068 3952 3339 4022 Χριστός·
3376 3970 3396 4004 ι
3452 3952 3565 4007 Καὶ
3618 3954 3784 4017 αὑτὸς

2193 4039 2491 4111 προσδοκία
2519 4041 2690 4096 ἐθνῶν
2714 4060 2730 4075 ο
2764 4062 2782 4096 ι
2810 4042 2887 4106 ὡς
2919 4043 3205 4112 γινώσκων
3228 4044 3329 4115 τὴν
3356 4044 3467 4098 τῶν
3508 4045 3782 4099 Ἰουδαίων

2192 4129 2476 4201 πώρωσιν.
2510 4132 2673 4186 Ὥστε
2707 4134 2884 4207 μάτην
2943 4134 3319 4205 προσδοκῶσιν
3351 4137 3401 4190 oi
3445 4136 3697 4192 Ἰουδαῖοι
3721 4137 3781 4190 ὃν

2191 4223 2567 4294 προσδοκῶσιν
2587 4245 2602 4260 ·
2629 4227 2688 4280 ὸν
2717 4227 2828 4301 γὰρ
2860 4228 2930 4282 τὰ
2979 4228 3108 4300 ἔθνη
3142 4229 3488 4299 προσδοκῶσι
3517 4232 3778 4303 Χριστὸν,

2189 4311 2352 4388 ἦλθε·
2388 4318 2478 4373 διὰ
2504 4318 2666 4374 τοῦτο
2698 4322 2791 4376 καὶ
2833 4317 3082 4386 ἐξέλιπεν
3142 4320 3329 4393 ἄρχων
3360 4322 3421 4389 ἐξ
3464 4321 3639 4377 Ἰούδα
3686 4327 3781 4379 καὶ

2191 4411 2329 4482 ήγού
2338 4429 2520 4483 μενος.

2268 4503 2394 4557 Ὅτι
2427 4504 2486 4558 δὲ
2515 4504 2723 4578 ἀληθής
2749 4506 2867 4561 ἐστι
2901 4506 2999 4562 καὶ
3037 4507 3100 4562 οὑ
3130 4508 3335 4574 πλάνος
3364 4510 3393 4564 6
3418 4507 3780 4581 Χριστὸς,ὼς

2199 4597 2359 4669 ὑμεῖς
2387 4599 2440 4651 ot
2473 4598 2720 4653 Ἰουδαῖοι
2753 4599 2938 4669 λέγετε
2970 4601 3064 4655 καὶ
3096 4602 3374 4672 νομίζετε,
3410 4604 3778 4674 παραστήσω-

2196 4707 2297 4762 μεν
2331 4690 2463 4762 ὑμῖν
2508 4692 2605 4747 καὶ
2647 4692 2830 4758 τοῦτο,
2870 4693 2934 4747 ού
2975 4693 3065 4748 διὰ
3111 4696 3379 4765 ῥημάτων
3415 4696 3597 4766 μόνον,
3641 4697 3777 4751 ἀλλὰ

2192 4783 2287 4838 καὶ
2313 4783 2403 4837 διὰ
2433 4784 2776 4855 πραγμάτων
2828 4785 2992 4857 μέχρι
3028 4784 3124 4838 τοῦ
3175 4785 3274 4840 νῦν
3313 4786 3633 4857 κραζόντων
3679 4787 3773 4843 καὶ

2194 4875 2626 4947 μαρτυρούντων
2664 4874 2742 4940 ὡς
2779 4876 2840 4929 ἐν
2882 4876 3035 4949 πάσῃ
3074 4878 3141 4948 τῇ
3173 4876 3495 4950 οίκουμένῃ,
3544 4878 3645 4932 καὶ
3687 4879 3769 4930 ὅτι

2192 4967 2373 5021 πάντα
2397 4966 2466 5021 τὰ
2494 4968 2586 5020 ὑπ’
2619 4967 2788 5023 αὑτοῦ
2837 4967 3102 5038 λεχθέντα
3136 4969 3421 5038 γεγόνασι.
3464 4964 3605 5023 Eius
3640 4970 3766 5041 γὰρ,

2187 5059 2274 5113 ὅτι
2305 5078 2326 5112 ι
2362 5060 2423 5113 '0
2449 5060 2681 5133 οὐρανὸς
2726 5061 2825 5116 καὶ⁹
2856 5062 2890 5132 ή
2919 5061 2994 5131 γῆ
3032 5059 3495 5133 παρελεύσονται,
3529 5063 3582 5116 οἱ
3610 5063 3665 5117 δέ
3686 5063 3769 5118 16'-

2186 5167 2275 5220 γοι
2309 5168 2413 5222 μου
2448 5152 2510 5204 οὑ
2543 5151 2619 5223 μή
2645 5151 3011 5223 παρέλθωσιν.
3040 5171 3061 5206 ι
3094 5152 3291 5218 Ποίους
3315 5152 3374 5207 δὲ
3404 5154 3621 5223 λόγους,
3653 5173 3769 5209 νου-

2187 5244 2362 5315 νεχῶς
2400 5245 2633 5300 ἄκουσον
2659 5259 2675 5275 ·
2709 5240 2829 5298 εἷπε
2876 5244 2987 5316 γὰρ
3021 5247 3151 5318 περὶ
3180 5247 3276 5301 τοῦ
3309 5247 3584 5320 ὑμετέρου
3613 5249 3761 5315 ναοῦ,

2185 5339 2441 5394 τουτέστι
2481 5339 2591 5394 τῶν
2631 5338 2924 5405 Ἰουδαίων,
2955 5340 3039 5393 ὅτι
3081 5358 3101 5392 ι
3137 5339 3311 5412 Ἀμὴν
3345 5340 3491 5408 λέγω
3523 5342 3673 5412 ὑμῖν,
3696 5342 3760 5395 οὑ

2189 5439 2265 5511 μὴ
2296 5439 2454 5509 μείνῃ
2501 5435 2649 5499 λίθος
2675 5435 2771 5489 ἐπὶ
2810 5433 2957 5489 λίθον
2987 5433 3075 5488 ἐπ’
3103 5434 3267 5489 αὑτόν
3288 5448 3303 5465 ο
3346 5452 3365 5486 ι
3401 5430 3514 5505 ἄρα
3542 5435 3760 5503 γέγονεν

2184 5537 2274 5591 ἐπ’
2301 5534 2463 5589 αὑτὸν
2507 5531 2537 5585 6
2584 5528 2752 5585 αὑτοῦ
2782 5527 2961 5597 λόγος,
2993 5527 3028 5598 ἥ
3070 5527 3131 5580 ού
3162 5525 3431 5595 γέγονεν;
3462 5521 3655 5591 Εἶπεν,
3678 5527 3757 5577 ὅτι

2923 5668 2968 5700 ⁸¹
3010 5665 3152 5722 Psal.
3187 5680 3331 5728 XLVI,
3376 5665 3432 5721 9.
3541 5662 3587 5695 ⁸³
3615 5662 3748 5719 Psai.

2472 5740 2520 5774 "
2553 5735 2692 5798 Gen.
2750 5753 2893 5805 xm,
2948 5736 3035 5794 ιο.
3110 5737 3155 5770 ⁸⁷
3192 5735 3384 5792 Matth.
3453 5750 3598 5802 utv,
3662 5735 3747 5791 35.
