4072 6516
283 307 412 382 1221

1294 304 1758 375 DISPUTATIO
1796 306 2204 374 ADVERSUS
2239 313 2570 377 JUD/EOS.

3350 366 3353 369 -
3427 320 3566 387 1222

289 426 637 484 Ἐλεύσονται
668 424 719 480 οι
764 424 1030 498 Ῥωμαῖοι
1063 423 1160 481 καὶ
1200 424 1426 497 ἀροῦσιν
1458 425 1614 497 ὑμῶν
1639 424 1700 478 :6
1724 422 1869 486 ἔθνος

1982 424 2182 480 iterum
2229 443 2242 481 :
2288 446 2307 479 ι
2343 426 2581 483 Venient
2613 427 2884 496 Romani,
2910 435 2968 486 et
2997 431 3192 488 tollent
3224 444 3441 504 gentem
3473 454 3566 492 vc-

275 522 370 576 καὶ
403 519 504 590 τὴν
536 519 695 574 πόλιν
729 518 828 573 καὶ
870 518 934 571 :6
963 516 1274 589 βασίλειοντ
1315 513 1425 591 ἆρα
1461 518 1687 588 γέγονεν
1711 513 1870 570 τοῦτο

275 605 383 665 ὑπὸ
422 609 839 665 Οὐεσπασιανοῦ
883 609 978 693 καὶ
1003 608 1190 674 Τίτου,
1225 609 1260 680 ἢ
1286 610 1348 664 οὐ
1379 610 1643 680 γέγονεν;
1676 603 1868 674 Εἶπεν,

270 707 354 759 ὅτι
387 724 405 756 ι
442 705 502 757 ’0
546 704 712 776 νόμος
756 703 852 758 καὶ
889 694 938 756 οί
992 701 1276 773 προφῆται
1318 700 1424 765 ἕως
1474 702 1726 757 Ἰωάννου
1772 700 1870 754 τοῦ

230 824 241 861 ι
274 796 605 861 Βλπτιστοῦ,
636 797 733 851 καὶ
777 795 1083 851 παύσονται
1109 812 1122 827 ο
1157 814 1176 848 ι
1215 789 1328 866 ἆρα
1362 794 1423 847 οὐ
1457 794 1648 865 γέγονε
1672 794 1869 861 τοῦτο;

272 890 378 954 Τίς
417 891 712 969 προφήτης
732 890 865 960 παρ’
902 889 1032 958 ὑμῖν
1072 888 1214 960 μετὰ
1260 886 1512 959 Ἰωάννην
1543 888 1633 941 τὸν
1662 888 1870 941 Barru-

274 986 442 1053 στήνς
481 982 780 1049 Ἐπίδειξόν
823 999 913 1053 μοι
938 982 1127 1035 λοιπὸν
1161 979 1256 1051 ἀφ’
1293 975 1354 1036 06
1384 978 1744 1053 ἐσταύρωσας
1774 981 1866 1035 τὸν

273 1074 541 1146 Χριστὸν,
593 1077 747 1138 ποῖος
779 1074 1073 1146 προφήτης
1113 1074 1248 1146 παρ’
1282 1074 1412 1145 ὑμῖν
1446 1073 1684 1146 εὑρέθης
1718 1074 1871 1126 ποῖον

273 1166 549 1240 βασίλειον
571 1164 726 1237 ἔχετε
761 1164 1039 1239 σήμερον;
1074 1168 1185 1220 Ποῦ
1220 1169 1358 1221 εἰσιν
1387 1168 1437 1221 οἱ
1468 1166 1656 1237 κριταὶ
1689 1165 1866 1236 ὑμῶν;

271 1262 379 1316 ποῦ
440 1264 488 1315 οί
543 1262 852 1333 ἄρχοντες;
910 1261 1114 1325 πάντες
1168 1261 1437 1326 ἐξέλιπον.
1496 1260 1607 1313 Ποῦ
1660 1260 1689 1312 6
1740 1259 1869 1323 ναὸς

273 1352 466 1423 ὑμῶν;
503 1353 611 1406 ἰδοὺ
662 1354 841 1404 κεῖται
887 1351 1114 1424 ἔρημος.
1158 1352 1265 1405 Ποῦ
1308 1352 1446 1406 εἰσιν
1476 1352 1533 1404 αί
1558 1350 1770 1414 πλάκες
1800 1349 1867 1414 ἃς

271 1446 531 1510 ἐλάϐετε;
569 1444 679 1498 ἰδοὺ
711 1442 811 1498 οὐκ
848 1444 974 1499 εἰσί.
1020 1444 1132 1497 Ποῦ
1182 1446 1236 1498 αἱ
1286 1441 1471 1497 θυσίαι
1517 1442 1708 1513 ύμῶν;
1757 1443 1867 1497 ἰδοὺ

271 1536 545 1601 ἐξέλιπον.
577 1536 687 1588 Ποῦ
724 1536 756 1605 ἡ
788 1535 1023 1598 κιϐωτὸς
1050 1535 1151 1605 τῆς
1184 1534 1447 1606 διαθήκης
1470 1552 1485 1601 ;
1511 1536 1620 1588 ἰδοὺ
1653 1535 1712 1588 οὐ
1742 1535 1869 1604 φαί-

271 1646 449 1683 νεται.
489 1627 601 1681 Ποῦ
633 1628 695 1681 :6
730 1627 1123 1700 θυσιαστήριον
1164 1627 1193 1681 6
1227 1628 1451 1697 ἐποίησε
1481 1626 1690 1697 Μωσῆς
1716 1644 1731 1695 ;
1761 1626 1865 1681 ποῦ

270 1718 306 1787 ή
359 1716 556 1789 ῥάϐδος
604 1718 636 1789 ή
691 1716 1086 1788 βλαστήσασα;
1138 1716 1240 1771 ποῦ
1288 1720 1320 1789 ἡ
1381 1718 1619 1789 στάμνος
1671 1718 1866 1771 καὶτὸ

275 1807 497 1878 pawn;
530 1807 631 1861 ποῦ
656 1809 974 1872 ἐπισκίασις
1009 1810 1065 1861 ἐν
1096 1809 1174 1879 τῷ
1202 1808 1316 1881 ναῷ
1342 1809 1435 1862 καὶ
1470 1809 1498 1862 ὁ
1528 1807 1868 1880 καθαρισμδς

270 1903 368 1957 τοῦ
405 1904 785 1975 ἀγιάσματος;
839 1903 942 1957 ποῦ
990 1905 1050 1958 :6
1099 1903 1210 1977 πῦρ
1246 1904 1308 1957 τὸ
1356 1903 1762 1976 κατερχόμενον
1804 1905 1871 1957 ἐκ

270 1996 370 2050 τοῦ
424 1996 694 2068 οῦρανοῦ;
748 1994 860 2050 Ποῦ
901 1996 998 2050 ἐνα
1044 1996 1337 2069 προφήτην
1382 1996 1540 2068 ἔχετε
1589 1997 1865 2069 σήμερον;

273 2088 472 2142 οὐδένα
508 2084 724 2158 ἀληθῶς
766 2087 942 2157 ἔχετε,
987 2088 1129 2142 κατὰ
1182 2088 1281 2159 τὴν
1314 2088 1499 2160 φωνήν
1549 2087 1661 2141 τῶν
1695 2086 1866 2157 τριῶν

273 2178 484 2231 παίδων
508 2177 605 2249 τὴν
641 2177 781 2247 ὑπὲρ
812 2177 967 2248 ὑμῶν
996 2178 1285 2245 λέγουσαν,
1318 2177 1403 2231 6::
1441 2196 1461 2229 ι
1494 2182 1609 2232 Ούκ
1634 2177 1783 2231 ἔστιν
1811 2180 1870 2231 ἐν

271 2271 351 2342 τῷ
383 2270 562 2342 καιρῷ
591 2271 766 2342 τούτῳ
802 2272 987 2343 ἄρχων
1023 2273 1309 2344 προφήτης
1349 2271 1444 2325 καὶ
1477 2270 1811 2343 ἡγούμενος,
1842 2290 1860 2323 ι

274 2362 373 2414 καὶ
402 2361 470 2414 τὰ
498 2360 646 2431 ἑξῆς,
676 2380 694 2413 ι
723 2360 957 2415 ἐνώπιον
989 2362 1083 2415 τοῦ
1125 2361 1285 2425 Θεοῦ,
1315 2362 1411 2415 καὶ
1436 2362 1614 2434 εὑρεῖν
1643 2362 1813 2427 ἔλεος.
1844 2381 1862 2414 ι

270 2455 436 2507 Ποῖον
472 2452 582 2524 γὰρ
615 2453 802 2515 τύπον,
834 2453 894 2520 ἐξ
942 2446 1016 2507 ὧν
1064 2453 1268 2507 ἔδωκεν
1297 2454 1427 2525 ὑμῖν
1456 2456 1483 2506 ὁ
1514 2454 1668 2518 Θεὸς,
1713 2454 1865 2524 ἔχετε

275 2551 558 2621 σήμερον;
600 2548 764 2603 Ἀλλὰ
809 2547 1019 2614 πάντας
1074 2549 1133 2616 ἐξ
1181 2550 1338 2620 ὑμῶν
1388 2550 1585 2620 ἐπῆρε,
1612 2551 1706 2604 καὶ
1737 2552 1868 2621 ἡμῖν

274 2644 478 2707 αὐτοὺς
511 2641 717 2695 ἔδωκε·
755 2642 861 2696 κᾶν
912 2641 974 2694 :6
1020 2642 1151 2696 Σινᾶ
1189 2641 1350 2715 εἴπῃς
1403 2642 1538 2696 ὅπου
1568 2642 1659 2694 τὸν
1704 2642 1867 2712 νόμον

275 2734 445 2800 ἐδέξω
478 2735 575 2787 καὶ
609 2736 670 2788 ού
718 2735 1014 2801 κατεδέξω,
1051 2735 1164 2787 ἀλλ’
1187 2736 1215 2787 6
1242 2732 1480 2805 Χριστὸς
1509 2735 1628 2787 ἐκεῖ
1647 2734 1869 2801 δοξάζε-

275 2846 371 2884 ται
414 2829 690 2899 σήμερονο
741 2826 847 2881 κᾶν
885 2826 976 2881 τὸν
1016 2826 1289 2897 Ἰορδάνην
1341 2826 1476 2880 ὅπου
1523 2826 1795 2897 ἐπέρασεν
1841 2827 1870 2880 ὁ

275 2920 401 2973 τότε
456 2918 585 2983 λαὸς
641 2918 797 2990 ὑμῶν
850 2920 1029 2994 εἴπῃς,
1061 2918 1198 2972 ἀλλὰ
1233 2917 1472 2990 Χριστοῦ
1504 2918 1626 2970 ἐκεῖ
1672 2916 1871 2988 βαπτι-

278 3011 502 3073 σθέντος
528 3052 543 3074 ,
578 3010 740 3073 αὐτὸς
786 3010 916 3081 παρ’
956 3010 1113 3081 ἡμῶν
1144 3010 1261 3062 ἐκεῖ
1287 3007 1599 3073 δοξάζεται’
1636 3008 1740 3061 κᾶν
1772 3005 1870 3079 τὴν

1979 530 2175 583 stram,
2206 518 2273 574 et'
2297 520 2578 577 civitatem
2598 562 2614 587 ,
2662 530 2718 577 et
2761 538 2990 594 regnum
3015 525 3100 580 ηε
3131 545 3148 577 ›
3196 526 3397 581 factum
3428 529 3563 583 illud
3584 507 3605 533 ³

1973 617 2058 665 est
2090 625 2191 679 per
2222 609 2622 680 Vespasianum
2653 620 2709 667 et
2736 604 2946 678 Titum,
2972 616 3057 670 vel
3086 632 3196 671 non
3222 617 3426 673 factum
3447 623 3567 676 est?

1972 700 2165 756 Dixit:
2200 700 2340 757 «Lex
2359 710 2415 756 et
2441 703 2725 773 propheta:
2748 720 2922 776 usque
2970 708 3037 763 ad
3082 708 3347 764 Joannem
3381 710 3566 780 Bapti-

1981 800 2145 858 stam,
2176 802 2231 847 et
2264 794 2567 850 cessabunt
2594 796 2640 829 ⁸⁰
2672 815 2684 852 :
2720 816 2737 848 ι
2778 814 2965 854 nonne
2994 809 3048 855 et
3082 801 3217 856 illud
3244 812 3331 858 est
3360 803 3564 873 imple-

1973 886 2136 939 tum?
2187 886 2391 957 Ecquis
2446 886 2594 943 inter
2651 904 2752 944 vos
2796 890 3066 959 propheta
3121 901 3246 961 post
3289 892 3561 948 Joannem

1973 978 2312 1048 Baptistam?
2359 980 2470 1034 imo
2520 980 2703 1037 indica
2748 982 2884 1036 mihi
2935 984 3062 1052 quis
3102 986 3370 1055 propheta
3413 985 3561 1056 apud

1971 1087 2070 1128 vos
2088 1072 2347 1129 inventus
2365 1075 2459 1140 sit,
2491 1089 2558 1128 ex
2578 1091 2688 1145 quo
2716 1074 3037 1131 cruciﬁxisti
3057 1075 3371 1145 Christum;
3398 1080 3560 1149 quale

1971 1160 2191 1217 habetis
2244 1163 2409 1219 hodie
2456 1166 2730 1236 regnum?
2779 1166 2871 1220 ubi
2907 1176 3032 1220 sunt
3078 1168 3298 1237 judices
3344 1170 3561 1225 vestri?

1972 1253 2068 1307 ubi
2125 1254 2448 1324 principes?
2490 1254 2701 1311 Omnes
2746 1256 3090 1311 defecerunt.
3146 1260 3248 1314 Ubi
3294 1261 3559 1330 templum

1972 1347 2263 1401 vestrum?
2292 1361 2422 1402 ecce
2465 1347 2775 1403 desolatum
2816 1349 2984 1419 jacet.
3024 1349 3128 1403 Ubi
3185 1361 3315 1406 sunt
3359 1352 3559 1407 tabula:

1971 1456 2108 1510 quas
2138 1440 2469 1511 accepistis?
2514 1457 2644 1497 ecce
2680 1457 2790 1496 non
2824 1442 3124 1498 exsistunt.
3156 1437 3260 1499 Ubi
3288 1444 3559 1500 sacriﬁcia

1968 1533 2200 1588 vestra?
2261 1548 2391 1589 ecce
2449 1534 2793 1589 defecerunt.
2860 1536 2965 1592 Ubi
3024 1552 3154 1591 arca
3207 1538 3561 1593 testamenti?

1969 1640 2102 1681 ecce
2162 1641 2271 1680 non
2327 1635 2632 1695 comparet,
2696 1626 2799 1682 Ubi
2839 1639 2925 1683 est
2981 1628 3157 1682 altare
3218 1629 3368 1698 quod
3423 1630 3559 1685 fecit

1970 1716 2229 1789 Moyses?
2270 1718 2365 1771 ubi
2413 1718 2566 1788 virga
2613 1735 2736 1789 qua:
2782 1719 3157 1789 germinavit?
3188 1721 3283 1776 ubi
3333 1739 3474 1777 urna
3502 1731 3561 1801 et

1972 1807 2215 1862 manna?
2246 1807 2340 1862 ubi
2388 1808 2480 1863 illa
2516 1810 2573 1864 in
2613 1811 2820 1881 templo
2852 1813 3167 1877 ἐπισκίασις
3214 1822 3269 1869 et
3305 1814 3559 1871 lustratio

1973 1899 2473 1957 sanctiﬁcationis?
2525 1902 2621 1957 ubi
2673 1903 2816 1974 ignis
2874 1905 2942 1960 de
2989 1908 3130 1962 coelo
3178 1907 3560 1963 descendens?

1972 1990 2077 2047 Ubi
2102 1993 2187 2047 vel
2232 2009 2400 2048 unum
2423 1996 2750 2065 prophetam
2776 1996 2941 2052 hodie
2963 1999 3223 2054 habetis?
3244 1998 3405 2055 Certe
3432 2001 3561 2055 nul-

1970 2086 2084 2142 lum
2104 2086 2345 2153 habetis,
2366 2088 2525 2159 juxta
2550 2093 2862 2144 sermonem
2892 2091 3412 2162 triumipuerorum,
3437 2094 3557 2163 qui,

1970 2195 2267 2249 personam
2310 2190 2551 2236 vestram
2603 2194 2981 2248 assumentes,
3018 2184 3280 2239 dicebant
3325 2205 3339 2241 :
3389 2207 3405 2237 σ
3436 2187 3557 2241 Non

1970 2283 2055 2328 est
2084 2273 2139 2327 in
2167 2284 2410 2344 tempore
2436 2274 2543 2331 hoc
2572 2276 2853 2347 princeps,
2880 2287 2934 2331 et
2966 2278 3260 2348 propheta,
3291 2289 3347 2333 et
3376 2279 3511 2349 dux,
3532 2299 3551 2331 ›

1970 2371 2025 2418 et
2049 2380 2170 2434 qua:
2213 2375 2545 2435 sequuntur,
2582 2385 2599 2417 ι
2629 2381 2815 2421 coram
2866 2367 3134 2432 Domino,
3175 2378 3238 2423 ut
3280 2370 3562 2439 possimus

1970 2454 2227 2510 invenire
2263 2455 2708 2511 misericordiam
2744 2457 2813 2510 ει.
2847 2475 2865 2509 ι
2905 2456 3081 2523 Quem
3122 2458 3272 2512 enim
3308 2460 3558 2514 locorum

1970 2563 2111 2619 quos
2140 2547 2295 2603 dedit
2321 2549 2483 2605 vobis
2514 2550 2682 2615 Deus,
2708 2550 2873 2605 hodie
2900 2549 3157 2606 habetis?
3175 2550 3378 2607 Omnes
3401 2554 3559 2608 vobis

1970 2640 2221 2705 abstulit,
2255 2650 2312 2696 et
2334 2640 2498 2696 nobis
2524 2642 2661 2712 ipsis
2685 2642 2859 2697 dedit.
2883 2642 2941 2697 Si
2965 2643 3113 2698 enim
3138 2654 3382 2699 montem
3405 2645 3573 2700 Sinai‘

1977 2732 2133 2787 dicas
2168 2730 2260 2788 ubi
2303 2733 2480 2803 legem
2512 2734 2795 2805 accepisti,
2836 2750 2946 2790 non
2993 2746 3177 2791 autem
3213 2738 3505 2807 suscepisti
3539 2753 3557 2791 :

1972 2833 2028 2881 at
2052 2825 2128 2881 ibi
2156 2824 2410 2881 Christus
2428 2826 2593 2881 hodie
2618 2826 2991 2898 gloriﬁcatur;
3019 2830 3062 2883 si
3090 2829 3348 2884 Jordanis
3379 2829 3561 2899 regio-

1972 2933 2123 2983 nem,
2153 2917 2247 2972 ubi
2278 2918 2536 2973 transivit
2570 2919 2701 2973 olim
2731 2921 2970 2990 populus
3003 2932 3224 2977 vester:
3256 2924 3558 3001 atvChristo

1974 3011 2050 3067 ibi
2082 3011 2382 3082 baptizato,
2410 3012 2526 3082 ipse
2552 3028 2583 3068 a
2611 3012 2773 3069 nobis
2806 3014 3012 3070 ibidem
3048 3017 3281 3083 colitur;
3323 3018 3368 3072 si
3398 3017 3560 3073 Jeru-

287 3100 653 3175 Ἰερουσαλὴμ
678 3102 773 3156 καὶ
815 3101 912 3174 τὴν
936 3100 1077 3155 Σιὼν
1104 3101 1286 3174 εἴπῃς,
1319 3102 1457 3156 ἀλλὰ
1480 3101 1719 3173 Χριστοῦ
1750 3102 1867 3155 ἐκεῖ

1973 3106 2141 3161 salem
2172 3114 2228 3160 et
2274 3104 2456 3160 Sion:
2494 3113 2582 3170 at,
2633 3105 2858 3162 Christo
2910 3108 2987 3162 ibi
3033 3108 3336 3174 cruciﬁxo,
3384 3110 3559 3180 ipsius

280 3195 717 3267 σταυρωθέντος,
767 3194 835 3247 τὰ
884 3193 1053 3248 αὑτοῦ
1106 3194 1413 3267 παθήματα
1451 3195 1568 3248 ἐκεῖ
1623 3210 1866 3265 προσκυ-

278 3288 502 3341 νοῦνται
549 3287 827 3358 σήμερον·
857 3287 968 3341 εἴτε
998 3285 1060 3340 :6
1110 3287 1236 3358 ὅρος
1276 3286 1384 3341 τῶν
1422 3286 1653 3341 Ἐλαιῶν
1680 3288 1862 3358 εῐπῃς,

280 3380 424 3436 ἀλλὰ
464 3378 703 3452 Χριστοῦ
732 3378 947 3433 ἐκεῖθεν
969 3378 1394 3450 ἀναληφθέντος,
1427 3379 1593 3444 αὐτὸς
1633 3380 1750 3433 ἐκεῖ
1781 3378 1867 3432 δο-

281 3474 507 3543 ξάζεται
527 3490 541 3505 ο
572 3472 674 3527 κᾶν
700 3472 799 3544 τὴν
831 3472 1082 3544 Βηθλεέμ
1112 3473 1268 3527 πόλιν
1310 3472 1475 3527 Δαδὶδ
1520 3471 1701 3544 εἴπῃς,
1730 3470 1866 3526 ἀλλὰ

279 3565 523 3640 Χριστοῦ
571 3566 782 3620 ἐκεῖθεν
826 3566 1204 3637 γεννηθέντος,
1240 3563 1316 3629 ὡς
1354 3568 1413 3619 ἐν
1457 3565 1676 3638 οὐρανῷ
1708 3565 1869 3619 κάκεῖ

280 3658 566 3723 δοξάζεται
594 3656 846 3710 πάντοτε.
879 3656 988 3710 Καὶ
1021 3656 1072 3709 τί
1095 3656 1240 3725 λέγω
1272 3655 1544 3727 Βηθλεὲμ,
1583 3656 1679 3709 καὶ
1700 3653 1865 3717 Σιὼν,

281 3752 381 3805 καὶ
434 3750 741 3822 Ἰορδάνην;
781 3749 1026 3821 Πάρελθε
1061 3749 1245 3816 Δύσιν,
1292 3750 1666 3820 ἐπισκόπησον
1716 3749 1868 3803 Ἀνα-

279 3845 466 3918 τολὴν,
505 3846 807 3917 ἐκζήτησον
837 3843 938 3914 τὴν
977 3844 1067 3897 ὑπ’
1099 3842 1348 3915 οὐρανὸν,
1386 3842 1555 3905 αὑτὰς
1579 3841 1675 3905 τὰς
1698 3843 1868 3911 Βρετ-

285 3936 519 4001 τανικὰς
566 3938 792 4008 νήσους,
835 3936 979 3990 αὐτὰ
1013 3934 1084 3989 τὰ
1114 3935 1349 4007 ἑσπέρια
1383 3935 1478 3988 καὶ
1521 3935 1730 4003 ἔσχατα
1771 3933 1866 3985 τοῦ

286 4030 528 4100 κόσμου’
569 4028 641 4082 τὰ
693 4028 790 4100 μὲν
835 4027 1110 4082 Ἰουδαίων
1158 4028 1254 4081 καὶ
1310 4026 1583 4097 Ἑλλήνων
1626 4025 1869 4079 παλαιω-

286 4123 453 4177 θέντα
508 4122 603 4175 καὶ
646 4121 1035 4191 ἀφανισθέντα,
1062 4120 1131 4174 τὰ
1159 4118 1216 4173 δὲ
1246 4118 1488 4190 Χριστοῦ
1539 4117 1720 4172 πάντα
1776 4136 1868 4171 πι-

281 4216 590 4286 στευόμενα
620 4215 717 4268 καλ⁸
739 4214 1026 4285 τιμώμενα
1052 4212 1147 4267 καὶ
1177 4211 1568 4283 βεϐαιούμενα.

354 4309 470 4364 Καὶ
523 4309 601 4380 μὴ
641 4308 824 4381 εῐπῃς,
885 4308 969 4363 6::
1007 4309 1248 4379 σήμερον
1304 4303 1766 4374 καταπονούμεθα
1818 4302 1868 4355 οἱ

279 4403 607 4477 Χριστιανοὶ
654 4404 751 4456 καὶ
796 4398 1343 4472 αἰχμαλωτιξόμεθα’
1401 4398 1560 4452 τοῦτο
1599 4399 1709 4471 γάρ
1751 4398 1868 4451 ἐστι

1972 3197 2259 3269 passiones
2308 3197 2516 3253 ibidem
2567 3198 2733 3254 hodie
2798 3199 3141 3266 adorantur;
3207 3202 3254 3256 si
3311 3211 3558 3258 montem

1968 3288 2249 3345 Olivarum
2299 3306 2314 3343 :
2364 3297 2461 3355 at,
2503 3289 2726 3345 Christo
2764 3290 2893 3346 inde
2934 3291 2989 3345 in
3020 3292 3190 3347 caelos
3225 3302 3551 3363 assumpto,

1968 3381 2087 3453 ipse
2160 3381 2236 3437 ibi
2303 3380 2688 3453 gloriﬁcatur;
2748 3382 2795 3438 si
2865 3384 3188 3449 Bethleem,
3272 3385 3556 3441 civitatem

1968 3474 2190 3531 David:
2232 3483 2327 3543 at,
2388 3474 2609 3530 Christo
2656 3475 2735 3531 ibi
2786 3476 3075 3533 inca-rnato
3103 3518 3118 3543 ,
3162 3477 3269 3544 ibi,
3305 3480 3450 3534 sicut
3500 3480 3557 3535 in

1970 3569 2133 3633 coelo,
2169 3583 2389 3638 semper
2407 3566 2765 3639 gloriﬁcatur.
2806 3568 2913 3624 Sed
2940 3570 3070 3639 quid
3105 3570 3231 3626 dico
3248 3571 3554 3637 Bethleem,

1969 3668 2026 3716 et
2055 3660 2282 3722 Sion,et
2308 3659 2641 3717 Jordanem?
2666 3661 2935 3716 Percurre
2966 3660 3344 3728 Occidentem,
3361 3662 3559 3720 Orien-

1974 3760 2082 3805 tem
2109 3749 2418 3814 considcra,
2457 3764 2675 3805 omnem
2704 3767 2826 3821 quae
2881 3752 2985 3807 sub
3009 3752 3150 3808 coelo
3183 3759 3301 3819 est,
3350 3760 3557 3808 terram

1972 3839 2277 3913 investiga,
2322 3842 2469 3912 ipsas
2518 3842 2864 3898 Britannicas
2902 3844 3144 3910 insulas,
3214 3846 3363 3916 ipsas
3407 3847 3558 3902 occi-

1971 3934 2221 3989 dentales
2263 3943 2320 3989 et
2374 3943 2652 3990 extremas
2710 3936 2903 3992 mundi
2947 3939 3174 4008 plagas:
3213 3954 3559 4010 quaecunque

1971 4027 2038 4082 ad
2120 4026 2435 4083 Iudaeorum
2493 4029 2851 4099 gentiumque
2913 4031 3235 4100 religionem
3282 4038 3556 4101 spectant,

1971 4119 2255 4189 antiquata
2284 4129 2341 4176 et
2363 4121 2603 4187 abolita;
2633 4121 2819 4175 omnia
2854 4137 2987 4177 vero
3014 4122 3223 4178 Christi
3274 4125 3557 4194 mysteria,

1972 4213 2206 4277 credita,
2234 4213 2502 4268 honorata
2525 4222 2582 4269 et
2610 4212 2935 4268 conﬁrmata
2960 4214 3226 4283 reperies.
3546 4266 3551 4271 .

2043 4304 2156 4358 Nec
2189 4303 2360 4366 dicas,
2394 4319 2497 4359 nos
2544 4303 2712 4358 hodie
2751 4303 3105 4360 Christianos
3132 4305 3335 4375 aﬁligi,
3377 4305 3558 4376 capti-

1975 4408 2189 4462 vosque
2247 4394 2456 4460 teneri;
2509 4394 2718 4449 etenim
2765 4393 2902 4448 illud
2950 4394 3131 4465 ipsum
3183 4406 3268 4452 est
3321 4397 3558 4453 maxime

280 4496 346 4551 τὸ
378 4496 544 4569 μέγα,
584 4496 666 4549 ὅτι
707 4494 801 4547 καὶ
838 4490 943 4546 ὑπὸ
984 4489 1257 4545 τοσούτων
1295 4490 1603 4562 διωκομένη
1636 4489 1733 4543 καὶ
1776 4505 1869 4541 πο-

1978 4487 2290 4541 mirandum
2318 4527 2333 4553 ,
2365 4486 2511 4557 quod
2557 4486 2697 4542 ﬁdes
2744 4495 2938 4542 nostra
2963 4529 2977 4551 ,
3032 4504 3062 4542 a
3102 4488 3273 4545 tantis
3307 4489 3561 4545 hostibus

282 4589 600 4662 λεμουμένη
648 4589 680 4658 ἡ
723 4588 905 4649 πίστις
937 4585 1116 4658 ἡμῶν,
1149 4583 1369 4638 ἵσταται
1400 4584 1492 4636 καὶ
1523 4583 1582 4636 ού
1613 4581 1871 4646 παύεται,

285 4683 409 4736 ούδέ
448 4682 509 4735 τὸ
554 4679 821 4751 βασίλειον
866 4678 1026 4750 ήμῶν
1079 4678 1459 4747 καταργεῖται,
1509 4674 1629 4728 οὐδὲ
1677 4676 1734 4727 αί
1783 4677 1875 4727 ἐκ·

287 4776 509 4847 κλησίαι
544 4775 702 4845 ἡμῶν
746 4771 1039 4826 κλείονταιο
1079 4768 1215 4823 ἀλλὰ
1259 4769 1534 4837 ὰναμέσον
1572 4767 1681 4820 τῶν
1706 4767 1875 4819 ἐθνῶν

286 4868 402 4921 τῶν
450 4863 796 4939 κρατούντων
855 4863 949 4915 καὶ
999 4859 1308 4914 διωκόντων
1352 4860 1523 4929 ἡμᾶς,
1576 4856 1877 4927 ἐκκλησίας

287 4961 511 5031 ἔχομεν,
581 4958 675 5010 καὶ
738 4954 1007 5024 σταυροὺς
1062 4954 1370 5024 πήσσομεν,
1429 4952 1524 5004 καὶ
1574 4949 1876 5020 ἐκκλησίας

290 5047 709 5121 οἰκοδομοῦμεν,
748 5045 943 5110 θυσίας
982 5042 1361 5112 ἐπιτελοῦμεν.
1395 5034 1691 5103 Εἷπεν,ὅτι
1733 5040 1882 5107 «Κη-

292 5143 625 5217 ρυχθήσεται
672 5140 732 5194 :6
761 5139 1096 5207 Εὑαγγέλιον
1126 5138 1182 5189 ἐν
1222 5134 1331 5207 ὅλῳ
1355 5132 1433 5204 τῷ
1466 5132 1677 5203 κόσμῳ’
1714 5150 1732 5184 ι
1766 5124 1876 5202 ἆρα

291 5237 542 5308 γέγονεν,
578 5234 612 5304 ἢ
643 5232 703 5286 06
755 5249 770 5301 ;
812 5225 972 5295 Εἷπε,
1007 5228 1171 5281 πύλαι
1213 5225 1343 5298 ᾅδου
1394 5224 1455 5277 οὐ
1491 5221 1879 5293 κατισχύσουσι

294 5332 399 5400 τῆς
447 5325 615 5382 αὑτοῦ
661 5322 1011 5394 Ἐκκλησίας,
1067 5322 1234 5392 ήγουν
1279 5319 1380 5390 τῆς
1406 5315 1644 5380 πίστεως
1684 5313 1876 5386 ήμῶνο

297 5416 412 5494 ἆρα
435 5419 742 5491 ἐψεύσατος
773 5416 873 5471 οὐκ
898 5414 1149 5483 ἐγένοντο
1180 5410 1444 5483 Ἕλληνες
1474 5408 1570 5464 καὶ
1604 5406 1885 5478 αἱρεσιάρ-

295 5532 393 5586 χαι
425 5513 634 5577 πολλοὶ,
669 5511 764 5564 καὶ
794 5507 1046 5580 τύραννοι
1079 5505 1311 5577 ἰσχυροὶ,
1340 5503 1435 5558 καὶ
1474 5502 1695 5566 ἀσεὸεῖς
1729 5500 1886 5571 βασι-

294 5606 409 5672 λεῖς
438 5606 849 5677 πολεμήσαντες
879 5601 977 5673 τὴν
1005 5599 1190 5654 πίστιν
1211 5597 1392 5670 ήμῶν,
1427 5598 1521 5652 καὶ
1548 5597 1650 5651 οὐκ
1682 5595 1884 5667 ἠδυνή-

1977 4588 2172 4635 vexata
2204 4590 2261 4635 et
2300 4580 2621 4650 impugnata
2645 4621 2659 4644 ,
2692 4587 2805 4635 stat
2844 4589 2901 4635 et
2933 4596 3047 4635 non
3071 4581 3299 4647 deﬁcit;
3326 4582 3438 4636 imo
3463 4598 3561 4638 ne-

1976 4688 2083 4743 que
2128 4688 2360 4744 regnum
2414 4679 2666 4726 nostrum
2707 4675 2921 4727 ‘cessat‘-
2939 4688 3121 4742 neque
3163 4674 3409 4729 ecclesiae
3455 4690 3560 4730 no-

1980 4772 2077 4819 traa
2104 4764 2460 4829 clauduntur,
2501 4763 2599 4818 sed
2628 4763 2775 4817 inter
2800 4763 3014 4818 medias
3033 4774 3226 4834 gentes
3246 4806 3260 4827 ,
3293 4766 3346 4820 in
3380 4767 3561 4822 medio

1978 4872 2173 4911 eorum
2226 4855 2322 4925 qui
2383 4855 2547 4910 nobis
2609 4856 2969 4910 dominantur
3014 4867 3559 4927 persequunturque,

1977 4950 2242 5005 ecclesias
2272 4948 2563 5012 habemus,
2603 4964 2802 5004 cruces
2832 4950 3073 5020 ﬁgimus,
3107 4966 3279 5004 novas
3300 4952 3564 5008 ecclesias

1979 5040 2356 5107 aediﬁcamus,
2409 5038 2585 5094 sacris
2646 5045 2978 5108 operamurJ
3009 5041 3156 5096 Dixit
3203 5042 3563 5112 Evangelium

1977 5132 2338 5203 przedicatum
2365 5130 2434 5184 iri
2467 5130 2729 5185 universo
2753 5131 2961 5186 mundo
2983 5132 3027 5163 δ’
3062 5150 3075 5186 :
3115 5132 3313 5187 Utrum
3338 5144 3392 5187 et
3430 5135 3563 5189 illud

1978 5223 2183 5277 factum
2209 5230 2314 5285 est,
2346 5221 2569 5275 necne?
2595 5220 2739 5275 Dixit
2781 5239 2793 5275 :
2831 5240 2848 5272 ι
2882 5222 3059 5278 Porta:
3088 5222 3249 5277 inferi
3283 5240 3393 5277 non
3423 5239 3565 5294 prae-

1984 5315 2250 5392 valebunt
2280 5313 2548 5369 adversus
2574 5328 2695 5369 eam
2724 5313 2790 5379 ⁵³,
2820 5333 2840 5365 ι
2879 5314 2933 5368 id
2966 5324 3073 5382 est,
3102 5315 3374 5372 adversus
3400 5317 3566 5372 ﬁdem

1986 5418 2232 5464 nostram
2262 5424 2274 5460 :
2313 5423 2380 5461 an
2409 5416 2464 5462 et
2492 5407 2547 5462 in
2576 5406 2682 5462 hoc
2722 5406 2919 5462 falsum
2951 5409 3176 5464 locutus
3212 5410 3336 5465 est?
3367 5410 3567 5466 Annon

1985 5500 2321 5556 exstiterunt
2346 5497 2579 5569 gentiles
2601 5506 2657 5552 et
2695 5498 3076 5555 haeresiarchas
3098 5500 3281 5565 multi,
3315 5499 3569 5572 tyranni-

1987 5609 2095 5665 que
2120 5597 2374 5663 potentes
2424 5598 2480 5646 et
2528 5606 2691 5662 reges
2733 5590 2925 5664 impii,
2965 5591 3060 5663 qui
3111 5591 3275 5647 ﬁdem
3319 5600 3571 5649 nostram

369 5788 418 5825 δ’
452 5789 613 5848 Joan.
648 5803 699 5844 tu
721 5826 738 5856 ,
760 5788 847 5845 48.
927 5785 972 5820 ⁸ο
1012 5783 1147 5841 Luc.
1177 5798 1287 5853 XVI,
1321 5780 1407 5840 16.
1485 5783 1530 5817 ⁸¹
1566 5781 1704 5841 Dan.
1739 5781 1869 5852 [11,6

1973 5782 2051 5841 59.
2132 5784 2178 5819 δ’
2212 5779 2405 5840 Matth.
2455 5791 2603 5843 XSlV,
2646 5776 2735 5832 14.
2815 5774 2861 5810 ⁸⁸
2893 5774 3088 5833 Matth.
3118 5790 3230 5846 ιη,
3265 5772 3354 5835 18,
