  <div class='ocr_page' id='page_1' title='image "/cluster/home/n/w/nwhite01/storage/ocr_20150623/89/hvd.32044010610574/620.png"; bbox 0 0 4072 6524; ppageno 0'>
   <div class='ocr_carea' id='block_1_1' title="bbox 362 477 498 541">
    <p class='ocr_par' dir='ltr' id='par_1_1' title="bbox 362 477 498 541">
     <span class='ocr_line' id='line_1_1' title="bbox 362 477 498 541; baseline 0.007 -1"><span class='ocrx_word' id='word_1_1' title='bbox 362 477 498 541; x_wconf 73' lang='grc'><strong>1225</strong></span> 
     </span>
    </p>
   </div>
   <div class='ocr_carea' id='block_1_2' title="bbox 1365 464 2608 532">
    <p class='ocr_par' dir='ltr' id='par_1_2' title="bbox 1365 464 2608 532">
     <span class='ocr_line' id='line_1_2' title="bbox 1365 464 2608 532; baseline 0 0"><span class='ocrx_word' id='word_1_2' title='bbox 1365 466 1817 532; x_wconf 83' lang='lat' dir='ltr'><strong>DlSPUTATIO</strong></span> <span class='ocrx_word' id='word_1_3' title='bbox 1855 464 2244 528; x_wconf 82' lang='lat' dir='ltr'><strong>ADVERSUS</strong></span> <span class='ocrx_word' id='word_1_4' title='bbox 2283 468 2608 532; x_wconf 64' lang='lat' dir='ltr'><strong>JUD/EOS.</strong></span> 
     </span>
    </p>
   </div>
   <div class='ocr_carea' id='block_1_3' title="bbox 3457 465 3593 530">
    <p class='ocr_par' dir='ltr' id='par_1_3' title="bbox 3457 465 3593 530">
     <span class='ocr_line' id='line_1_3' title="bbox 3457 465 3593 530; baseline 0.015 -2"><span class='ocrx_word' id='word_1_5' title='bbox 3457 465 3593 530; x_wconf 71' lang='lat'><strong>1226</strong></span> 
     </span>
    </p>
   </div>
   <div class='ocr_carea' id='block_1_4' title="bbox 362 576 1939 663">
    <p class='ocr_par' dir='ltr' id='par_1_4' title="bbox 362 577 1921 658">
     <span class='ocr_line' id='line_1_4' title="bbox 362 577 1921 658; baseline -0.008 -16"><span class='ocrx_word' id='word_1_6' title='bbox 362 590 495 658; x_wconf 74' lang='grc' dir='ltr'>μους</span> <span class='ocrx_word' id='word_1_7' title='bbox 533 585 743 656; x_wconf 75' lang='grc' dir='ltr'>έχουσι,</span> <span class='ocrx_word' id='word_1_8' title='bbox 784 583 877 639; x_wconf 65' lang='lat' dir='ltr'><strong>x61</strong></span> <span class='ocrx_word' id='word_1_9' title='bbox 907 582 1008 638; x_wconf 73' lang='grc' dir='ltr'><strong>οὐκ</strong></span> <span class='ocrx_word' id='word_1_10' title='bbox 1040 582 1292 653; x_wconf 56' lang='grc' dir='ltr'>ᾶῴονταιο</span> <span class='ocrx_word' id='word_1_11' title='bbox 1324 581 1547 653; x_wconf 82' lang='grc' dir='ltr'>καρδίας</span> <span class='ocrx_word' id='word_1_12' title='bbox 1582 580 1789 651; x_wconf 78' lang='grc' dir='ltr'>ἔχουσι,</span> <span class='ocrx_word' id='word_1_13' title='bbox 1824 577 1921 630; x_wconf 75' lang='grc' dir='ltr'>ναὶ</span> 
     </span>
    </p>
   </div>
   <div class='ocr_carea' id='block_1_5' title="bbox 2043 576 3599 663">
    <p class='ocr_par' dir='ltr' id='par_1_5' title="bbox 2043 576 3599 650">
     <span class='ocr_line' id='line_1_5' title="bbox 2043 576 3599 650; baseline 0.001 -20"><span class='ocrx_word' id='word_1_14' title='bbox 2043 576 2329 644; x_wconf 71' lang='lat' dir='ltr'><strong>)uomodo,</strong></span> <span class='ocrx_word' id='word_1_15' title='bbox 2355 579 2500 649; x_wconf 92' lang='lat' dir='ltr'><strong>quod</strong></span> <span class='ocrx_word' id='word_1_16' title='bbox 2531 579 2882 650; x_wconf 80' lang='lat' dir='ltr'><strong>impugnatis,</strong></span> <span class='ocrx_word' id='word_1_17' title='bbox 2918 578 2971 634; x_wconf 93' lang='lat' dir='ltr'><strong>id</strong></span> <span class='ocrx_word' id='word_1_18' title='bbox 3002 579 3180 650; x_wconf 88' lang='lat' dir='ltr'><strong>ipsum</strong></span> <span class='ocrx_word' id='word_1_19' title='bbox 3208 577 3511 648; x_wconf 89' lang='lat' dir='ltr'><strong>requiritis,</strong></span> <span class='ocrx_word' id='word_1_20' title='bbox 3542 588 3599 633; x_wconf 90' lang='lat' dir='ltr'><strong>et</strong></span> 
     </span>
    </p>
   </div>
   <div class='ocr_carea' id='block_1_6' title="bbox 357 667 1923 744">
    <p class='ocr_par' dir='ltr' id='par_1_6' title="bbox 357 667 1923 744">
     <span class='ocr_line' id='line_1_6' title="bbox 357 667 1923 744; baseline -0.007 -14"><span class='ocrx_word' id='word_1_21' title='bbox 357 679 420 730; x_wconf 84' lang='lat'><strong>06</strong></span> <span class='ocrx_word' id='word_1_22' title='bbox 466 678 747 731; x_wconf 74' lang='grc' dir='ltr'>συνιᾶσι.)</span> <span class='ocrx_word' id='word_1_23' title='bbox 793 674 917 737; x_wconf 82' lang='grc' dir='ltr'><strong>Πῶς</strong></span> <span class='ocrx_word' id='word_1_24' title='bbox 948 674 1088 744; x_wconf 81' lang='grc' dir='ltr'>ὅπερ</span> <span class='ocrx_word' id='word_1_25' title='bbox 1122 672 1433 742; x_wconf 77' lang='grc' dir='ltr'>πολεμεῖτε,</span> <span class='ocrx_word' id='word_1_26' title='bbox 1483 668 1641 722; x_wconf 76' lang='grc' dir='ltr'>τοῦτο</span> <span class='ocrx_word' id='word_1_27' title='bbox 1685 667 1923 730; x_wconf 83' lang='grc' dir='ltr'>ποθεῖτε,</span> 
     </span>
    </p>
   </div>
   <div class='ocr_carea' id='block_1_7' title="bbox 359 758 1925 838">
    <p class='ocr_par' dir='ltr' id='par_1_7' title="bbox 359 758 1925 838">
     <span class='ocr_line' id='line_1_7' title="bbox 359 758 1925 838; baseline -0.008 -15"><span class='ocrx_word' id='word_1_28' title='bbox 359 771 456 823; x_wconf 64' lang='grc' dir='ltr'><strong>καὶ¹</strong></span> <span class='ocrx_word' id='word_1_29' title='bbox 517 770 655 838; x_wconf 84' lang='grc' dir='ltr'>ὅπερ</span> <span class='ocrx_word' id='word_1_30' title='bbox 717 765 1094 838; x_wconf 85' lang='grc' dir='ltr'>βδελύσσεσθε,</span> <span class='ocrx_word' id='word_1_31' title='bbox 1147 763 1306 817; x_wconf 85' lang='grc' dir='ltr'>τοῦτο</span> <span class='ocrx_word' id='word_1_32' title='bbox 1360 760 1656 833; x_wconf 76' lang='grc' dir='ltr'><strong>προθύμως</strong></span> <span class='ocrx_word' id='word_1_33' title='bbox 1704 758 1925 831; x_wconf 84' lang='grc' dir='ltr'>δέχεσθε</span> 
     </span>
    </p>
   </div>
   <div class='ocr_carea' id='block_1_8' title="bbox 362 842 1929 931">
    <p class='ocr_par' dir='ltr' id='par_1_8' title="bbox 362 842 1929 931">
     <span class='ocr_line' id='line_1_8' title="bbox 362 842 1929 931; baseline -0.006 -18"><span class='ocrx_word' id='word_1_34' title='bbox 362 860 683 931; x_wconf 77' lang='grc' dir='ltr'>παραδόξως</span> <span class='ocrx_word' id='word_1_35' title='bbox 710 858 1034 929; x_wconf 72' lang='grc' dir='ltr'>νικώμενοις</span> <span class='ocrx_word' id='word_1_36' title='bbox 1063 855 1181 931; x_wconf 64' lang='grc' dir='ltr'><strong>ΔΚαὶ.</strong></span> <span class='ocrx_word' id='word_1_37' title='bbox 1214 855 1264 909; x_wconf 90' lang='grc' dir='ltr'><strong>εί</strong></span> <span class='ocrx_word' id='word_1_38' title='bbox 1304 842 1413 924; x_wconf 71' lang='grc' dir='ltr'>ἄρα</span> <span class='ocrx_word' id='word_1_39' title='bbox 1452 851 1573 906; x_wconf 66' lang='grc' dir='ltr'>νοῦν</span> <span class='ocrx_word' id='word_1_40' title='bbox 1609 846 1708 905; x_wconf 74' lang='grc' dir='ltr'>καὶ</span> <span class='ocrx_word' id='word_1_41' title='bbox 1734 852 1929 922; x_wconf 82' lang='grc' dir='ltr'>φρόνη-</span> 
     </span>
    </p>
   </div>
   <div class='ocr_carea' id='block_1_9' title="bbox 362 929 1928 1023">
    <p class='ocr_par' dir='ltr' id='par_1_9' title="bbox 362 929 1928 1023">
     <span class='ocr_line' id='line_1_9' title="bbox 362 929 1928 1023; baseline -0.008 -17"><span class='ocrx_word' id='word_1_42' title='bbox 362 929 454 1006; x_wconf 83' lang='grc' dir='ltr'><strong>σιν</strong></span> <span class='ocrx_word' id='word_1_43' title='bbox 490 955 685 1021; x_wconf 76' lang='grc' dir='ltr'>εἴχετε,</span> <span class='ocrx_word' id='word_1_44' title='bbox 717 952 877 1023; x_wconf 72' lang='grc' dir='ltr'>ἤρκει</span> <span class='ocrx_word' id='word_1_45' title='bbox 926 929 1193 1019; x_wconf 37' lang='grc' dir='ltr'>ὕμῖνχκαὶ</span> <span class='ocrx_word' id='word_1_46' title='bbox 1242 948 1377 1000; x_wconf 83' lang='grc' dir='ltr'>πᾶσι</span> <span class='ocrx_word' id='word_1_47' title='bbox 1431 944 1591 998; x_wconf 90' lang='grc' dir='ltr'>τοῦτο</span> <span class='ocrx_word' id='word_1_48' title='bbox 1612 943 1674 997; x_wconf 86' lang='lat'><strong>:6</strong></span> <span class='ocrx_word' id='word_1_49' title='bbox 1700 944 1928 1013; x_wconf 81' lang='grc' dir='ltr'>σημεῖον</span> 
     </span>
    </p>
   </div>
   <div class='ocr_carea' id='block_1_10' title="bbox 363 1033 1929 1108">
    <p class='ocr_par' dir='ltr' id='par_1_10' title="bbox 363 1033 1929 1108">
     <span class='ocr_line' id='line_1_10' title="bbox 363 1033 1929 1108; baseline -0.007 -12"><span class='ocrx_word' id='word_1_50' title='bbox 363 1046 442 1106; x_wconf 87' lang='grc' dir='ltr'>εἰς</span> <span class='ocrx_word' id='word_1_51' title='bbox 476 1042 536 1095; x_wconf 89' lang='lat'><strong>:6</strong></span> <span class='ocrx_word' id='word_1_52' title='bbox 572 1043 743 1108; x_wconf 81' lang='grc' dir='ltr'>δεῖξαι</span> <span class='ocrx_word' id='word_1_53' title='bbox 786 1042 879 1094; x_wconf 69' lang='grc' dir='ltr'><strong>καὶ</strong></span> <span class='ocrx_word' id='word_1_54' title='bbox 925 1042 1111 1093; x_wconf 87' lang='grc' dir='ltr'>πεῖσαι</span> <span class='ocrx_word' id='word_1_55' title='bbox 1155 1038 1321 1107; x_wconf 74' lang='grc' dir='ltr'>ὑμᾶς,</span> <span class='ocrx_word' id='word_1_56' title='bbox 1357 1037 1439 1089; x_wconf 84' lang='grc' dir='ltr'>ὅτι</span> <span class='ocrx_word' id='word_1_57' title='bbox 1486 1034 1728 1107; x_wconf 83' lang='grc' dir='ltr'>ήπίστις</span> <span class='ocrx_word' id='word_1_58' title='bbox 1767 1033 1863 1087; x_wconf 69' lang='grc' dir='ltr'>καὶ</span> <span class='ocrx_word' id='word_1_59' title='bbox 1900 1033 1929 1085; x_wconf 97' lang='lat'><strong>6</strong></span> 
     </span>
    </p>
   </div>
   <div class='ocr_carea' id='block_1_11' title="bbox 365 1125 1925 1205">
    <p class='ocr_par' dir='ltr' id='par_1_11' title="bbox 365 1125 1925 1205">
     <span class='ocr_line' id='line_1_11' title="bbox 365 1125 1925 1205; baseline -0.006 -16"><span class='ocrx_word' id='word_1_60' title='bbox 365 1136 592 1205; x_wconf 77' lang='grc' dir='ltr'><strong>σταυρὸς</strong></span> <span class='ocrx_word' id='word_1_61' title='bbox 625 1134 720 1188; x_wconf 93' lang='grc' dir='ltr'><strong>τοῦ</strong></span> <span class='ocrx_word' id='word_1_62' title='bbox 756 1133 992 1203; x_wconf 81' lang='grc' dir='ltr'>Χριστοῦ</span> <span class='ocrx_word' id='word_1_63' title='bbox 1021 1132 1103 1195; x_wconf 84' lang='grc' dir='ltr'><strong>είς</strong></span> <span class='ocrx_word' id='word_1_64' title='bbox 1134 1130 1336 1192; x_wconf 82' lang='grc' dir='ltr'>αἰῶνας</span> <span class='ocrx_word' id='word_1_65' title='bbox 1368 1128 1603 1182; x_wconf 79' lang='grc' dir='ltr'>πάντοτε</span> <span class='ocrx_word' id='word_1_66' title='bbox 1627 1125 1925 1197; x_wconf 81' lang='grc' dir='ltr'><strong>βασιλεύει.</strong></span> 
     </span>
    </p>
   </div>
   <div class='ocr_carea' id='block_1_12' title="bbox 362 1204 1930 1295">
    <p class='ocr_par' dir='ltr' id='par_1_12' title="bbox 362 1204 1930 1295">
     <span class='ocr_line' id='line_1_12' title="bbox 362 1204 1930 1295; baseline -0.006 -17"><span class='ocrx_word' id='word_1_67' title='bbox 362 1204 523 1278; x_wconf 79' lang='grc' dir='ltr'>Πόσοι</span> <span class='ocrx_word' id='word_1_68' title='bbox 561 1225 662 1295; x_wconf 84' lang='grc' dir='ltr'>τὴν</span> <span class='ocrx_word' id='word_1_69' title='bbox 703 1223 887 1276; x_wconf 87' lang='grc' dir='ltr'>πίστιν</span> <span class='ocrx_word' id='word_1_70' title='bbox 927 1222 1088 1292; x_wconf 75' lang='grc' dir='ltr'>ἡμῶν</span> <span class='ocrx_word' id='word_1_71' title='bbox 1128 1218 1222 1274; x_wconf 68' lang='grc' dir='ltr'><strong>καὶ</strong></span> <span class='ocrx_word' id='word_1_72' title='bbox 1253 1220 1356 1290; x_wconf 84' lang='grc' dir='ltr'><strong>τὴν</strong></span> <span class='ocrx_word' id='word_1_73' title='bbox 1398 1204 1728 1287; x_wconf 74' lang='grc' dir='ltr'><strong>Ἐκκλησίαν</strong></span> <span class='ocrx_word' id='word_1_74' title='bbox 1765 1228 1930 1270; x_wconf 79' lang='grc' dir='ltr'>κατα·</span> 
     </span>
    </p>
   </div>
   <div class='ocr_carea' id='block_1_13' title="bbox 358 1307 1929 1384">
    <p class='ocr_par' dir='ltr' id='par_1_13' title="bbox 358 1307 1929 1384">
     <span class='ocr_line' id='line_1_13' title="bbox 358 1307 1929 1384; baseline -0.006 -16"><span class='ocrx_word' id='word_1_75' title='bbox 358 1316 522 1370; x_wconf 86' lang='grc' dir='ltr'>λῦσαι</span> <span class='ocrx_word' id='word_1_76' title='bbox 559 1315 893 1384; x_wconf 80' lang='grc' dir='ltr'><strong>ἐδοκίμασαν</strong></span> <span class='ocrx_word' id='word_1_77' title='bbox 925 1314 1019 1366; x_wconf 78' lang='grc' dir='ltr'>καὶ</span> <span class='ocrx_word' id='word_1_78' title='bbox 1047 1312 1149 1365; x_wconf 84' lang='grc' dir='ltr'><strong>ούκ</strong></span> <span class='ocrx_word' id='word_1_79' title='bbox 1182 1312 1431 1381; x_wconf 75' lang='grc' dir='ltr'>ἴσχυσαν,</span> <span class='ocrx_word' id='word_1_80' title='bbox 1472 1308 1587 1361; x_wconf 84' lang='grc' dir='ltr'>ἀλλ’</span> <span class='ocrx_word' id='word_1_81' title='bbox 1633 1309 1787 1362; x_wconf 80' lang='grc' dir='ltr'>αὐτοὶ</span> <span class='ocrx_word' id='word_1_82' title='bbox 1830 1307 1929 1377; x_wconf 83' lang='grc' dir='ltr'>μὲν</span> 
     </span>
    </p>
   </div>
   <div class='ocr_carea' id='block_1_14' title="bbox 362 1398 1927 1478">
    <p class='ocr_par' dir='ltr' id='par_1_14' title="bbox 362 1398 1927 1478">
     <span class='ocr_line' id='line_1_14' title="bbox 362 1398 1927 1478; baseline -0.006 -18"><span class='ocrx_word' id='word_1_83' title='bbox 362 1407 667 1478; x_wconf 81' lang='grc' dir='ltr'>παρῆλθον,</span> <span class='ocrx_word' id='word_1_84' title='bbox 710 1406 740 1458; x_wconf 89' lang='lat'><strong>6</strong></span> <span class='ocrx_word' id='word_1_85' title='bbox 784 1406 841 1458; x_wconf 87' lang='grc' dir='ltr'><strong>δὲ</strong></span> <span class='ocrx_word' id='word_1_86' title='bbox 872 1404 1120 1475; x_wconf 78' lang='grc' dir='ltr'><strong>θεμέλιος</strong></span> <span class='ocrx_word' id='word_1_87' title='bbox 1142 1405 1241 1474; x_wconf 87' lang='grc' dir='ltr'><strong>τῆς</strong></span> <span class='ocrx_word' id='word_1_88' title='bbox 1292 1399 1621 1470; x_wconf 85' lang='grc' dir='ltr'>Ἐκκλησίας</span> <span class='ocrx_word' id='word_1_89' title='bbox 1644 1400 1738 1452; x_wconf 73' lang='grc' dir='ltr'><strong>καὶ</strong></span> <span class='ocrx_word' id='word_1_90' title='bbox 1766 1400 1801 1470; x_wconf 80' lang='grc' dir='ltr'>ἠ</span> <span class='ocrx_word' id='word_1_91' title='bbox 1833 1398 1927 1451; x_wconf 83' lang='grc' dir='ltr'>πί-</span> 
     </span>
    </p>
   </div>
   <div class='ocr_carea' id='block_1_15' title="bbox 362 1480 1932 1562">
    <p class='ocr_par' dir='ltr' id='par_1_15' title="bbox 362 1480 1932 1562">
     <span class='ocr_line' id='line_1_15' title="bbox 362 1480 1932 1562; baseline -0.008 -12"><span class='ocrx_word' id='word_1_92' title='bbox 362 1513 481 1560; x_wconf 87' lang='grc' dir='ltr'>στις</span> <span class='ocrx_word' id='word_1_93' title='bbox 520 1497 737 1550; x_wconf 80' lang='grc' dir='ltr'>ἵσταται</span> <span class='ocrx_word' id='word_1_94' title='bbox 768 1494 1067 1556; x_wconf 78' lang='grc' dir='ltr'><strong>ἀσάλευτος</strong></span> <span class='ocrx_word' id='word_1_95' title='bbox 1094 1492 1184 1546; x_wconf 78' lang='lat'><strong>6:6</strong></span> <span class='ocrx_word' id='word_1_96' title='bbox 1214 1491 1449 1562; x_wconf 76' lang='grc' dir='ltr'>Χριστὸν</span> <span class='ocrx_word' id='word_1_97' title='bbox 1480 1490 1571 1544; x_wconf 71' lang='grc' dir='ltr'><strong>τὸν</strong></span> <span class='ocrx_word' id='word_1_98' title='bbox 1603 1488 1772 1552; x_wconf 76' lang='grc' dir='ltr'>οὕτως</span> <span class='ocrx_word' id='word_1_99' title='bbox 1821 1480 1932 1557; x_wconf 79' lang='grc' dir='ltr'>ὁρί-</span> 
     </span>
    </p>
   </div>
   <div class='ocr_carea' id='block_1_16' title="bbox 363 1579 1923 1656">
    <p class='ocr_par' dir='ltr' id='par_1_16' title="bbox 363 1579 1923 1656">
     <span class='ocr_line' id='line_1_16' title="bbox 363 1579 1923 1656; baseline -0.007 -14"><span class='ocrx_word' id='word_1_100' title='bbox 363 1605 555 1653; x_wconf 88' lang='grc' dir='ltr'>σαντα,</span> <span class='ocrx_word' id='word_1_101' title='bbox 594 1588 678 1641; x_wconf 86' lang='grc' dir='ltr'>ὃτι</span> <span class='ocrx_word' id='word_1_102' title='bbox 714 1605 732 1638; x_wconf 80' lang='grc' dir='ltr'><strong>ι</strong></span> <span class='ocrx_word' id='word_1_103' title='bbox 756 1585 929 1639; x_wconf 81' lang='grc' dir='ltr'><strong>Πύλαι</strong></span> <span class='ocrx_word' id='word_1_104' title='bbox 962 1584 1092 1656; x_wconf 68' lang='grc' dir='ltr'>ᾅδου</span> <span class='ocrx_word' id='word_1_105' title='bbox 1120 1584 1183 1637; x_wconf 80' lang='grc' dir='ltr'><strong>οὐ</strong></span> <span class='ocrx_word' id='word_1_106' title='bbox 1222 1581 1650 1653; x_wconf 79' lang='grc' dir='ltr'>κατισχύσουσιν</span> <span class='ocrx_word' id='word_1_107' title='bbox 1679 1579 1870 1650; x_wconf 83' lang='grc' dir='ltr'>αὑτήν.</span> <span class='ocrx_word' id='word_1_108' title='bbox 1903 1596 1923 1631; x_wconf 71' lang='grc' dir='ltr'><strong>ι</strong></span> 
     </span>
    </p>
   </div>
   <div class='ocr_carea' id='block_1_17' title="bbox 434 1671 1926 1745">
    <p class='ocr_par' dir='ltr' id='par_1_17' title="bbox 434 1671 1926 1745">
     <span class='ocr_line' id='line_1_17' title="bbox 434 1671 1926 1745; baseline -0.005 -14"><span class='ocrx_word' id='word_1_109' title='bbox 434 1679 546 1732; x_wconf 85' lang='grc' dir='ltr'>Ποῦ</span> <span class='ocrx_word' id='word_1_110' title='bbox 593 1679 743 1731; x_wconf 87' lang='grc' dir='ltr'>ὲστιν</span> <span class='ocrx_word' id='word_1_111' title='bbox 786 1678 817 1728; x_wconf 91' lang='lat'><strong>6</strong></span> <span class='ocrx_word' id='word_1_112' title='bbox 866 1674 1288 1745; x_wconf 80' lang='grc' dir='ltr'>Διοκλητιανός;</span> <span class='ocrx_word' id='word_1_113' title='bbox 1328 1673 1434 1727; x_wconf 84' lang='grc' dir='ltr'><strong>ποῦ</strong></span> <span class='ocrx_word' id='word_1_114' title='bbox 1458 1674 1610 1725; x_wconf 78' lang='grc' dir='ltr'>ἐστιν</span> <span class='ocrx_word' id='word_1_115' title='bbox 1641 1673 1671 1724; x_wconf 90' lang='lat'><strong>6</strong></span> <span class='ocrx_word' id='word_1_116' title='bbox 1700 1671 1926 1743; x_wconf 78' lang='grc' dir='ltr'>Νέρων;</span> 
     </span>
    </p>
   </div>
   <div class='ocr_carea' id='block_1_18' title="bbox 365 1760 1927 1836">
    <p class='ocr_par' dir='ltr' id='par_1_18' title="bbox 365 1760 1927 1836">
     <span class='ocr_line' id='line_1_18' title="bbox 365 1760 1927 1836; baseline -0.005 -13"><span class='ocrx_word' id='word_1_117' title='bbox 365 1771 472 1823; x_wconf 87' lang='grc' dir='ltr'><strong>ποῦ</strong></span> <span class='ocrx_word' id='word_1_118' title='bbox 506 1771 534 1822; x_wconf 93' lang='lat'><strong>6</strong></span> <span class='ocrx_word' id='word_1_119' title='bbox 581 1766 1026 1831; x_wconf 79' lang='grc' dir='ltr'>Οὐεσπασιανόςς</span> <span class='ocrx_word' id='word_1_120' title='bbox 1065 1764 1167 1819; x_wconf 86' lang='grc' dir='ltr'><strong>ποῦ</strong></span> <span class='ocrx_word' id='word_1_121' title='bbox 1227 1763 1511 1836; x_wconf 82' lang='grc' dir='ltr'>Ἦρώδης;</span> <span class='ocrx_word' id='word_1_122' title='bbox 1547 1763 1651 1817; x_wconf 89' lang='grc' dir='ltr'><strong>ποῦ</strong></span> <span class='ocrx_word' id='word_1_123' title='bbox 1694 1764 1723 1817; x_wconf 94' lang='lat'><strong>6</strong></span> <span class='ocrx_word' id='word_1_124' title='bbox 1752 1760 1927 1827; x_wconf 79' lang='grc' dir='ltr'>Μαξι-</span> 
     </span>
    </p>
   </div>
   <div class='ocr_carea' id='block_1_19' title="bbox 367 1853 1931 1931">
    <p class='ocr_par' dir='ltr' id='par_1_19' title="bbox 367 1853 1931 1931">
     <span class='ocr_line' id='line_1_19' title="bbox 367 1853 1931 1931; baseline -0.004 -17"><span class='ocrx_word' id='word_1_125' title='bbox 367 1860 580 1931; x_wconf 83' lang='grc' dir='ltr'>μιανὸς.</span> <span class='ocrx_word' id='word_1_126' title='bbox 636 1859 733 1912; x_wconf 72' lang='grc' dir='ltr'>καὶ</span> <span class='ocrx_word' id='word_1_127' title='bbox 795 1857 995 1921; x_wconf 82' lang='grc' dir='ltr'>πάντες</span> <span class='ocrx_word' id='word_1_128' title='bbox 1043 1858 1095 1910; x_wconf 88' lang='grc' dir='ltr'><strong>οί</strong></span> <span class='ocrx_word' id='word_1_129' title='bbox 1148 1857 1277 1921; x_wconf 73' lang='grc' dir='ltr'>τοὺς</span> <span class='ocrx_word' id='word_1_130' title='bbox 1328 1855 1569 1926; x_wconf 78' lang='grc' dir='ltr'>Χριστοῦ</span> <span class='ocrx_word' id='word_1_131' title='bbox 1644 1853 1931 1926; x_wconf 80' lang='grc' dir='ltr'>μάρτυρας</span> 
     </span>
    </p>
   </div>
   <div class='ocr_carea' id='block_1_20' title="bbox 2032 662 3596 739">
    <p class='ocr_par' dir='ltr' id='par_1_20' title="bbox 2032 662 3596 739">
     <span class='ocr_line' id='line_1_20' title="bbox 2032 662 3596 739; baseline 0.001 -19"><span class='ocrx_word' id='word_1_132' title='bbox 2032 665 2177 735; x_wconf 85' lang='lat' dir='ltr'><strong>quod</strong></span> <span class='ocrx_word' id='word_1_133' title='bbox 2225 662 2614 723; x_wconf 77' lang='lat' dir='ltr'><strong>abeminamini</strong></span> <span class='ocrx_word' id='word_1_134' title='bbox 2636 710 2651 735; x_wconf 94' lang='lat'><strong>,</strong></span> <span class='ocrx_word' id='word_1_135' title='bbox 2686 669 2736 723; x_wconf 92' lang='lat' dir='ltr'><strong>id</strong></span> <span class='ocrx_word' id='word_1_136' title='bbox 2769 668 2946 739; x_wconf 87' lang='lat' dir='ltr'><strong>ipsum</strong></span> <span class='ocrx_word' id='word_1_137' title='bbox 2981 662 3272 739; x_wconf 73' lang='lat' dir='ltr'><strong>diligenter</strong></span> <span class='ocrx_word' id='word_1_138' title='bbox 3295 667 3596 737; x_wconf 82' lang='lat' dir='ltr'><strong>suscipitis,</strong></span> 
     </span>
    </p>
   </div>
   <div class='ocr_carea' id='block_1_21' title="bbox 2032 758 3600 830">
    <p class='ocr_par' dir='ltr' id='par_1_21' title="bbox 2032 758 3600 830">
     <span class='ocr_line' id='line_1_21' title="bbox 2032 758 3600 830; baseline -0.001 -16"><span class='ocrx_word' id='word_1_139' title='bbox 2032 758 2114 815; x_wconf 89' lang='lat' dir='ltr'><strong>sic</strong></span> <span class='ocrx_word' id='word_1_140' title='bbox 2156 774 2186 813; x_wconf 88' lang='lat' dir='ltr'><strong>a</strong></span> <span class='ocrx_word' id='word_1_141' title='bbox 2216 760 2376 815; x_wconf 80' lang='lat' dir='ltr'><strong>vobis</strong></span> <span class='ocrx_word' id='word_1_142' title='bbox 2408 759 2546 830; x_wconf 88' lang='lat' dir='ltr'><strong>ipsis</strong></span> <span class='ocrx_word' id='word_1_143' title='bbox 2577 760 2705 815; x_wconf 92' lang='lat' dir='ltr'><strong>victi</strong></span> <span class='ocrx_word' id='word_1_144' title='bbox 2736 760 3103 816; x_wconf 77' lang='lat' dir='ltr'><strong>mirabiliter?</strong></span> <span class='ocrx_word' id='word_1_145' title='bbox 3134 759 3274 815; x_wconf 84' lang='lat' dir='ltr'><strong>Sane</strong></span> <span class='ocrx_word' id='word_1_146' title='bbox 3308 758 3413 814; x_wconf 88' lang='lat' dir='ltr'><strong>nisi</strong></span> <span class='ocrx_word' id='word_1_147' title='bbox 3444 773 3600 813; x_wconf 89' lang='lat' dir='ltr'><strong>mens</strong></span> 
     </span>
    </p>
   </div>
   <div class='ocr_carea' id='block_1_22' title="bbox 2032 848 3601 921">
    <p class='ocr_par' dir='ltr' id='par_1_22' title="bbox 2032 848 3601 921">
     <span class='ocr_line' id='line_1_22' title="bbox 2032 848 3601 921; baseline -0.002 -16"><span class='ocrx_word' id='word_1_148' title='bbox 2032 860 2089 905; x_wconf 87' lang='lat' dir='ltr'><strong>et</strong></span> <span class='ocrx_word' id='word_1_149' title='bbox 2129 850 2492 921; x_wconf 77' lang='lat' dir='ltr'><strong>intelligentia</strong></span> <span class='ocrx_word' id='word_1_150' title='bbox 2560 860 2659 907; x_wconf 70' lang='lat' dir='ltr'><strong>Vos</strong></span> <span class='ocrx_word' id='word_1_151' title='bbox 2715 850 3011 907; x_wconf 75' lang='lat' dir='ltr'><strong>deiecisset</strong></span> <span class='ocrx_word' id='word_1_152' title='bbox 3037 893 3052 917; x_wconf 92' lang='lat'><strong>,</strong></span> <span class='ocrx_word' id='word_1_153' title='bbox 3083 851 3242 907; x_wconf 84' lang='lat' dir='ltr'><strong>vobis</strong></span> <span class='ocrx_word' id='word_1_154' title='bbox 3284 857 3342 905; x_wconf 90' lang='lat' dir='ltr'><strong>et</strong></span> <span class='ocrx_word' id='word_1_155' title='bbox 3385 848 3601 905; x_wconf 69' lang='lat' dir='ltr'><strong>caeteris</strong></span> 
     </span>
    </p>
   </div>
   <div class='ocr_carea' id='block_1_23' title="bbox 2033 939 3602 1013">
    <p class='ocr_par' dir='ltr' id='par_1_23' title="bbox 2033 939 3602 1013">
     <span class='ocr_line' id='line_1_23' title="bbox 2033 939 3602 1013; baseline 0.002 -20"><span class='ocrx_word' id='word_1_156' title='bbox 2033 939 2290 993; x_wconf 85' lang='lat' dir='ltr'><strong>omnibus</strong></span> <span class='ocrx_word' id='word_1_157' title='bbox 2336 940 2470 995; x_wconf 86' lang='lat' dir='ltr'><strong>satis</strong></span> <span class='ocrx_word' id='word_1_158' title='bbox 2510 950 2657 995; x_wconf 88' lang='lat' dir='ltr'><strong>esset</strong></span> <span class='ocrx_word' id='word_1_159' title='bbox 2684 942 2791 996; x_wconf 88' lang='lat' dir='ltr'><strong>hoc</strong></span> <span class='ocrx_word' id='word_1_160' title='bbox 2813 942 3027 1012; x_wconf 84' lang='lat' dir='ltr'><strong>signum</strong></span> <span class='ocrx_word' id='word_1_161' title='bbox 3052 982 3067 1006; x_wconf 91' lang='lat'><strong>,</strong></span> <span class='ocrx_word' id='word_1_162' title='bbox 3102 951 3164 998; x_wconf 93' lang='lat' dir='ltr'><strong>ut</strong></span> <span class='ocrx_word' id='word_1_163' title='bbox 3192 955 3516 1013; x_wconf 86' lang='lat' dir='ltr'><strong>persuasum</strong></span> <span class='ocrx_word' id='word_1_164' title='bbox 3544 949 3602 996; x_wconf 91' lang='lat' dir='ltr'><strong>et</strong></span> 
     </span>
    </p>
   </div>
   <div class='ocr_carea' id='block_1_24' title="bbox 2037 1020 3599 1102">
    <p class='ocr_par' dir='ltr' id='par_1_24' title="bbox 2037 1020 3599 1102">
     <span class='ocr_line' id='line_1_24' title="bbox 2037 1020 3599 1102; baseline -0.002 -14"><span class='ocrx_word' id='word_1_165' title='bbox 2037 1042 2375 1102; x_wconf 85' lang='lat' dir='ltr'><strong>compertum</strong></span> <span class='ocrx_word' id='word_1_166' title='bbox 2409 1033 2691 1089; x_wconf 88' lang='lat' dir='ltr'><strong>haberetis</strong></span> <span class='ocrx_word' id='word_1_167' title='bbox 2715 1075 2729 1098; x_wconf 91' lang='lat'><strong>,</strong></span> <span class='ocrx_word' id='word_1_168' title='bbox 2767 1033 2927 1088; x_wconf 75' lang='lat' dir='ltr'><strong>(idem</strong></span> <span class='ocrx_word' id='word_1_169' title='bbox 2955 1042 3012 1088; x_wconf 91' lang='lat' dir='ltr'><strong>et</strong></span> <span class='ocrx_word' id='word_1_170' title='bbox 3038 1020 3275 1089; x_wconf 33' lang='lat' dir='ltr'><strong>‘crucem</strong></span> <span class='ocrx_word' id='word_1_171' title='bbox 3307 1032 3513 1089; x_wconf 90' lang='lat' dir='ltr'><strong>Christi</strong></span> <span class='ocrx_word' id='word_1_172' title='bbox 3546 1033 3599 1086; x_wconf 88' lang='lat' dir='ltr'><strong>in</strong></span> 
     </span>
    </p>
   </div>
   <div class='ocr_carea' id='block_1_25' title="bbox 2032 1121 3605 1193">
    <p class='ocr_par' dir='ltr' id='par_1_25' title="bbox 2032 1121 3605 1193">
     <span class='ocr_line' id='line_1_25' title="bbox 2032 1121 3605 1193; baseline -0.002 -13"><span class='ocrx_word' id='word_1_173' title='bbox 2032 1126 2231 1180; x_wconf 69' lang='lat' dir='ltr'><strong>saecula</strong></span> <span class='ocrx_word' id='word_1_174' title='bbox 2275 1124 2575 1179; x_wconf 82' lang='lat' dir='ltr'><strong>dominari.</strong></span> <span class='ocrx_word' id='word_1_175' title='bbox 2627 1123 2770 1190; x_wconf 79' lang='lat' dir='ltr'><strong>Quot</strong></span> <span class='ocrx_word' id='word_1_176' title='bbox 2813 1136 2870 1180; x_wconf 89' lang='lat' dir='ltr'><strong>et</strong></span> <span class='ocrx_word' id='word_1_177' title='bbox 2915 1123 3105 1193; x_wconf 86' lang='lat' dir='ltr'><strong>quanti</strong></span> <span class='ocrx_word' id='word_1_178' title='bbox 3140 1123 3301 1179; x_wconf 82' lang='lat' dir='ltr'><strong>ﬁdem</strong></span> <span class='ocrx_word' id='word_1_179' title='bbox 3330 1132 3389 1177; x_wconf 90' lang='lat' dir='ltr'><strong>et</strong></span> <span class='ocrx_word' id='word_1_180' title='bbox 3424 1121 3605 1178; x_wconf 88' lang='lat' dir='ltr'><strong>eccle-</strong></span> 
     </span>
    </p>
   </div>
   <div class='ocr_carea' id='block_1_26' title="bbox 2026 1215 3603 1285">
    <p class='ocr_par' dir='ltr' id='par_1_26' title="bbox 2026 1215 3603 1285">
     <span class='ocr_line' id='line_1_26' title="bbox 2026 1215 3603 1285; baseline -0.001 -15"><span class='ocrx_word' id='word_1_181' title='bbox 2026 1216 2168 1270; x_wconf 82' lang='lat' dir='ltr'><strong>siam</strong></span> <span class='ocrx_word' id='word_1_182' title='bbox 2206 1215 2806 1275; x_wconf 77' lang='lat' dir='ltr'><strong>nostramdissol‘vere</strong></span> <span class='ocrx_word' id='word_1_183' title='bbox 2866 1222 3197 1285; x_wconf 87' lang='lat' dir='ltr'><strong>sperarunt,</strong></span> <span class='ocrx_word' id='word_1_184' title='bbox 3232 1224 3288 1269; x_wconf 94' lang='lat' dir='ltr'><strong>et</strong></span> <span class='ocrx_word' id='word_1_185' title='bbox 3336 1230 3448 1269; x_wconf 88' lang='lat' dir='ltr'><strong>non</strong></span> <span class='ocrx_word' id='word_1_186' title='bbox 3500 1229 3603 1283; x_wconf 83' lang='lat' dir='ltr'><strong>po-</strong></span> 
     </span>
    </p>
   </div>
   <div class='ocr_carea' id='block_1_27' title="bbox 2034 1305 3603 1378">
    <p class='ocr_par' dir='ltr' id='par_1_27' title="bbox 2034 1305 3603 1378">
     <span class='ocr_line' id='line_1_27' title="bbox 2034 1305 3603 1378; baseline -0.001 -17"><span class='ocrx_word' id='word_1_187' title='bbox 2034 1308 2237 1362; x_wconf 84' lang='lat' dir='ltr'><strong>tuere?</strong></span> <span class='ocrx_word' id='word_1_188' title='bbox 2264 1308 2379 1362; x_wconf 90' lang='lat' dir='ltr'><strong>lmo</strong></span> <span class='ocrx_word' id='word_1_189' title='bbox 2417 1308 2519 1378; x_wconf 91' lang='lat' dir='ltr'><strong>ipsi</strong></span> <span class='ocrx_word' id='word_1_190' title='bbox 2549 1308 2922 1371; x_wconf 86' lang='lat' dir='ltr'><strong>transierunt,</strong></span> <span class='ocrx_word' id='word_1_191' title='bbox 2957 1316 3013 1361; x_wconf 89' lang='lat' dir='ltr'><strong>at</strong></span> <span class='ocrx_word' id='word_1_192' title='bbox 3045 1306 3464 1362; x_wconf 82' lang='lat' dir='ltr'><strong>fundamentum</strong></span> <span class='ocrx_word' id='word_1_193' title='bbox 3497 1305 3603 1359; x_wconf 88' lang='lat' dir='ltr'><strong>Ec-</strong></span> 
     </span>
    </p>
   </div>
   <div class='ocr_carea' id='block_1_28' title="bbox 2033 1396 3605 1466">
    <p class='ocr_par' dir='ltr' id='par_1_28' title="bbox 2033 1396 3605 1466">
     <span class='ocr_line' id='line_1_28' title="bbox 2033 1396 3605 1466; baseline -0.002 -13"><span class='ocrx_word' id='word_1_194' title='bbox 2033 1397 2214 1453; x_wconf 65' lang='lat' dir='ltr'><strong>clesiae</strong></span> <span class='ocrx_word' id='word_1_195' title='bbox 2239 1438 2254 1461; x_wconf 96' lang='lat'><strong>,</strong></span> <span class='ocrx_word' id='word_1_196' title='bbox 2303 1413 2425 1466; x_wconf 68' lang='lat' dir='ltr'><strong>quae</strong></span> <span class='ocrx_word' id='word_1_197' title='bbox 2476 1406 2563 1453; x_wconf 92' lang='lat' dir='ltr'><strong>est</strong></span> <span class='ocrx_word' id='word_1_198' title='bbox 2608 1396 2744 1457; x_wconf 74' lang='lat' dir='ltr'><strong>rides</strong></span> <span class='ocrx_word' id='word_1_199' title='bbox 2768 1437 2783 1462; x_wconf 93' lang='lat'><strong>,</strong></span> <span class='ocrx_word' id='word_1_200' title='bbox 2814 1397 3200 1452; x_wconf 91' lang='lat' dir='ltr'><strong>inconcussum</strong></span> <span class='ocrx_word' id='word_1_201' title='bbox 3232 1406 3456 1462; x_wconf 90' lang='lat' dir='ltr'><strong>manet,</strong></span> <span class='ocrx_word' id='word_1_202' title='bbox 3505 1410 3605 1466; x_wconf 89' lang='lat' dir='ltr'><strong>per</strong></span> 
     </span>
    </p>
   </div>
   <div class='ocr_carea' id='block_1_29' title="bbox 2033 1485 3601 1561">
    <p class='ocr_par' dir='ltr' id='par_1_29' title="bbox 2033 1485 3601 1561">
     <span class='ocr_line' id='line_1_29' title="bbox 2033 1485 3601 1561; baseline -0.003 -14"><span class='ocrx_word' id='word_1_203' title='bbox 2033 1491 2311 1547; x_wconf 84' lang='lat' dir='ltr'><strong>Christum</strong></span> <span class='ocrx_word' id='word_1_204' title='bbox 2337 1530 2352 1554; x_wconf 93' lang='lat'><strong>,</strong></span> <span class='ocrx_word' id='word_1_205' title='bbox 2407 1492 2504 1561; x_wconf 88' lang='lat' dir='ltr'><strong>qui</strong></span> <span class='ocrx_word' id='word_1_206' title='bbox 2551 1491 2632 1546; x_wconf 88' lang='lat' dir='ltr'><strong>sic</strong></span> <span class='ocrx_word' id='word_1_207' title='bbox 2674 1489 2960 1555; x_wconf 74' lang='lat' dir='ltr'><strong>decrevit,</strong></span> <span class='ocrx_word' id='word_1_208' title='bbox 3010 1504 3032 1541; x_wconf 65' lang='grc' dir='ltr'><strong>η</strong></span> <span class='ocrx_word' id='word_1_209' title='bbox 3071 1485 3247 1544; x_wconf 72' lang='lat' dir='ltr'><strong>Portae</strong></span> <span class='ocrx_word' id='word_1_210' title='bbox 3271 1528 3287 1552; x_wconf 89' lang='lat'><strong>,</strong></span> <span class='ocrx_word' id='word_1_211' title='bbox 3317 1488 3601 1559; x_wconf 86' lang='lat' dir='ltr'><strong>inquiens,</strong></span> 
     </span>
    </p>
   </div>
   <div class='ocr_carea' id='block_1_30' title="bbox 2032 1582 3338 1655">
    <p class='ocr_par' dir='ltr' id='par_1_30' title="bbox 2032 1582 3338 1655">
     <span class='ocr_line' id='line_1_30' title="bbox 2032 1582 3338 1655; baseline -0.005 -16"><span class='ocrx_word' id='word_1_212' title='bbox 2032 1584 2197 1639; x_wconf 87' lang='lat' dir='ltr'><strong>inferi</strong></span> <span class='ocrx_word' id='word_1_213' title='bbox 2235 1590 2348 1639; x_wconf 89' lang='lat' dir='ltr'><strong>non</strong></span> <span class='ocrx_word' id='word_1_214' title='bbox 2382 1582 2756 1655; x_wconf 67' lang='lat' dir='ltr'><strong>praevalebunt</strong></span> <span class='ocrx_word' id='word_1_215' title='bbox 2780 1582 3042 1638; x_wconf 85' lang='lat' dir='ltr'><strong>adversus</strong></span> <span class='ocrx_word' id='word_1_216' title='bbox 3071 1595 3192 1637; x_wconf 86' lang='lat' dir='ltr'><strong>eam</strong></span> <span class='ocrx_word' id='word_1_217' title='bbox 3221 1583 3289 1634; x_wconf 71' lang='grc'><strong>⁸⁸.</strong></span> <span class='ocrx_word' id='word_1_218' title='bbox 3318 1593 3338 1632; x_wconf 65' lang='grc' dir='ltr'>δ</span> 
     </span>
    </p>
   </div>
   <div class='ocr_carea' id='block_1_31' title="bbox 2106 1628 3609 1741">
    <p class='ocr_par' dir='ltr' id='par_1_31' title="bbox 2106 1628 3609 1741">
     <span class='ocr_line' id='line_1_31' title="bbox 2106 1628 3609 1741; baseline -0.006 -8"><span class='ocrx_word' id='word_1_219' title='bbox 2106 1676 2206 1733; x_wconf 87' lang='lat' dir='ltr'><strong>Ubi</strong></span> <span class='ocrx_word' id='word_1_220' title='bbox 2245 1685 2331 1732; x_wconf 90' lang='lat' dir='ltr'><strong>est</strong></span> <span class='ocrx_word' id='word_1_221' title='bbox 2371 1628 2785 1731; x_wconf 49' lang='lat' dir='ltr'><strong>lgiocletianus?</strong></span> <span class='ocrx_word' id='word_1_222' title='bbox 2819 1673 2914 1729; x_wconf 86' lang='lat' dir='ltr'><strong>ubi</strong></span> <span class='ocrx_word' id='word_1_223' title='bbox 2954 1673 3144 1730; x_wconf 82' lang='lat' dir='ltr'><strong>Nero?</strong></span> <span class='ocrx_word' id='word_1_224' title='bbox 3180 1672 3277 1728; x_wconf 88' lang='lat' dir='ltr'><strong>ubi</strong></span> <span class='ocrx_word' id='word_1_225' title='bbox 3320 1670 3609 1741; x_wconf 77' lang='lat' dir='ltr'><strong>Vespasia-</strong></span> 
     </span>
    </p>
   </div>
   <div class='ocr_carea' id='block_1_32' title="bbox 2034 1759 3604 1829">
    <p class='ocr_par' dir='ltr' id='par_1_32' title="bbox 2034 1759 3604 1829">
     <span class='ocr_line' id='line_1_32' title="bbox 2034 1759 3604 1829; baseline -0.004 -9"><span class='ocrx_word' id='word_1_226' title='bbox 2034 1765 2174 1821; x_wconf 86' lang='lat' dir='ltr'><strong>nus?</strong></span> <span class='ocrx_word' id='word_1_227' title='bbox 2198 1764 2295 1819; x_wconf 87' lang='lat' dir='ltr'><strong>ubi</strong></span> <span class='ocrx_word' id='word_1_228' title='bbox 2316 1763 2601 1819; x_wconf 76' lang='lat' dir='ltr'><strong>Herodes?</strong></span> <span class='ocrx_word' id='word_1_229' title='bbox 2626 1762 2724 1818; x_wconf 81' lang='lat' dir='ltr'><strong>ubi</strong></span> <span class='ocrx_word' id='word_1_230' title='bbox 2764 1762 3148 1827; x_wconf 74' lang='lat' dir='ltr'><strong>Maximianus,</strong></span> <span class='ocrx_word' id='word_1_231' title='bbox 3193 1760 3249 1817; x_wconf 79' lang='lat' dir='ltr'><strong>et</strong></span> <span class='ocrx_word' id='word_1_232' title='bbox 3287 1774 3481 1816; x_wconf 89' lang='lat' dir='ltr'><strong>omnes</strong></span> <span class='ocrx_word' id='word_1_233' title='bbox 3507 1759 3604 1829; x_wconf 84' lang='lat' dir='ltr'><strong>qui</strong></span> 
     </span>
    </p>
   </div>
   <div class='ocr_carea' id='block_1_33' title="bbox 2036 1848 3604 1927">
    <p class='ocr_par' dir='ltr' id='par_1_33' title="bbox 2036 1848 3604 1927">
     <span class='ocr_line' id='line_1_33' title="bbox 2036 1848 3604 1927; baseline -0.006 -16"><span class='ocrx_word' id='word_1_234' title='bbox 2036 1863 2307 1927; x_wconf 72' lang='lat' dir='ltr'><strong>martyres</strong></span> <span class='ocrx_word' id='word_1_235' title='bbox 2331 1852 2556 1924; x_wconf 86' lang='lat' dir='ltr'><strong>quidem</strong></span> <span class='ocrx_word' id='word_1_236' title='bbox 2588 1851 2792 1909; x_wconf 80' lang='lat' dir='ltr'><strong>ChriSti</strong></span> <span class='ocrx_word' id='word_1_237' title='bbox 2822 1850 3165 1914; x_wconf 85' lang='lat' dir='ltr'><strong>occiderunt,</strong></span> <span class='ocrx_word' id='word_1_238' title='bbox 3212 1848 3375 1904; x_wconf 81' lang='lat' dir='ltr'><strong>fidem</strong></span> <span class='ocrx_word' id='word_1_239' title='bbox 3418 1856 3604 1903; x_wconf 86' lang='lat' dir='ltr'><strong>autem</strong></span> 
     </span>
    </p>
   </div>
   <div class='ocr_carea' id='block_1_34' title="bbox 364 1938 1939 2021">
    <p class='ocr_par' dir='ltr' id='par_1_34' title="bbox 364 1944 1935 2021">
     <span class='ocr_line' id='line_1_34' title="bbox 364 1944 1935 2021; baseline -0.004 -17"><span class='ocrx_word' id='word_1_240' title='bbox 364 1949 811 2012; x_wconf 81' lang='grc' dir='ltr'>ἀποκτείναντες,</span> <span class='ocrx_word' id='word_1_241' title='bbox 843 1949 942 2021; x_wconf 81' lang='grc' dir='ltr'>τὴν</span> <span class='ocrx_word' id='word_1_242' title='bbox 987 1949 1044 2002; x_wconf 75' lang='grc' dir='ltr'><strong>δὲ</strong></span> <span class='ocrx_word' id='word_1_243' title='bbox 1076 1947 1261 2002; x_wconf 85' lang='grc' dir='ltr'>πίστιν</span> <span class='ocrx_word' id='word_1_244' title='bbox 1286 1946 1449 2019; x_wconf 82' lang='grc' dir='ltr'>ἡμῶν</span> <span class='ocrx_word' id='word_1_245' title='bbox 1500 1945 1577 2017; x_wconf 84' lang='grc' dir='ltr'>μὴ</span> <span class='ocrx_word' id='word_1_246' title='bbox 1623 1944 1935 2009; x_wconf 81' lang='grc' dir='ltr'>παύσαντες</span> 
     </span>
    </p>
   </div>
   <div class='ocr_carea' id='block_1_35' title="bbox 2043 1938 3608 2021">
    <p class='ocr_par' dir='ltr' id='par_1_35' title="bbox 2043 1940 3608 2012">
     <span class='ocr_line' id='line_1_35' title="bbox 2043 1940 3608 2012; baseline -0.006 -9"><span class='ocrx_word' id='word_1_247' title='bbox 2043 1954 2282 2003; x_wconf 88' lang='lat' dir='ltr'><strong>nostram</strong></span> <span class='ocrx_word' id='word_1_248' title='bbox 2325 1944 2680 2012; x_wconf 78' lang='lat' dir='ltr'><strong>exstinguere</strong></span> <span class='ocrx_word' id='word_1_249' title='bbox 2724 1943 2811 1999; x_wconf 85' lang='lat' dir='ltr'><strong>vel</strong></span> <span class='ocrx_word' id='word_1_250' title='bbox 2856 1941 3227 1998; x_wconf 68' lang='lat' dir='ltr'><strong>intercludere</strong></span> <span class='ocrx_word' id='word_1_251' title='bbox 3258 1940 3371 1995; x_wconf 82' lang='lat' dir='ltr'><strong>non</strong></span> <span class='ocrx_word' id='word_1_252' title='bbox 3412 1940 3608 2010; x_wconf 84' lang='lat' dir='ltr'><strong>potue-</strong></span> 
     </span>
    </p>
   </div>
   <div class='ocr_carea' id='block_1_36' title="bbox 366 2037 1922 2113">
    <p class='ocr_par' dir='ltr' id='par_1_36' title="bbox 366 2037 1922 2113">
     <span class='ocr_line' id='line_1_36' title="bbox 366 2037 1922 2113; baseline -0.001 -20"><span class='ocrx_word' id='word_1_253' title='bbox 366 2042 503 2113; x_wconf 84' lang='grc' dir='ltr'>μηδὲ</span> <span class='ocrx_word' id='word_1_254' title='bbox 554 2041 905 2108; x_wconf 77' lang='grc' dir='ltr'>κλείσαντεςς</span> <span class='ocrx_word' id='word_1_255' title='bbox 958 2040 1123 2094; x_wconf 80' lang='grc' dir='ltr'>Αὐτοὶ</span> <span class='ocrx_word' id='word_1_256' title='bbox 1174 2039 1232 2094; x_wconf 84' lang='grc' dir='ltr'>δὲ</span> <span class='ocrx_word' id='word_1_257' title='bbox 1276 2037 1555 2093; x_wconf 74' lang='grc' dir='ltr'>ἀπώλοντο</span> <span class='ocrx_word' id='word_1_258' title='bbox 1603 2041 1696 2092; x_wconf 75' lang='grc' dir='ltr'>καὶ</span> <span class='ocrx_word' id='word_1_259' title='bbox 1743 2037 1922 2092; x_wconf 83' lang='grc' dir='ltr'>διελύ-</span> 
     </span>
    </p>
   </div>
   <div class='ocr_carea' id='block_1_37' title="bbox 366 2128 1931 2203">
    <p class='ocr_par' dir='ltr' id='par_1_37' title="bbox 366 2128 1931 2203">
     <span class='ocr_line' id='line_1_37' title="bbox 366 2128 1931 2203; baseline -0.001 -19"><span class='ocrx_word' id='word_1_260' title='bbox 366 2133 556 2203; x_wconf 81' lang='grc' dir='ltr'>θησαν.</span> <span class='ocrx_word' id='word_1_261' title='bbox 592 2133 651 2185; x_wconf 81' lang='grc' dir='ltr'><strong>Ὀ</strong></span> <span class='ocrx_word' id='word_1_262' title='bbox 689 2131 747 2185; x_wconf 80' lang='grc' dir='ltr'><strong>δὲ</strong></span> <span class='ocrx_word' id='word_1_263' title='bbox 790 2131 1025 2199; x_wconf 81' lang='grc' dir='ltr'>Χριστὸς</span> <span class='ocrx_word' id='word_1_264' title='bbox 1066 2132 1165 2184; x_wconf 73' lang='grc' dir='ltr'><strong>οὐκ</strong></span> <span class='ocrx_word' id='word_1_265' title='bbox 1187 2129 1457 2199; x_wconf 77' lang='grc' dir='ltr'>ἐψεύσατο</span> <span class='ocrx_word' id='word_1_266' title='bbox 1477 2130 1610 2200; x_wconf 72' lang='grc' dir='ltr'>ἡμῖν</span> <span class='ocrx_word' id='word_1_267' title='bbox 1628 2128 1819 2194; x_wconf 73' lang='grc' dir='ltr'>εἰπὼν,</span> <span class='ocrx_word' id='word_1_268' title='bbox 1848 2130 1931 2183; x_wconf 78' lang='grc' dir='ltr'>ὅτι</span> 
     </span>
    </p>
   </div>
   <div class='ocr_carea' id='block_1_38' title="bbox 371 2222 1930 2295">
    <p class='ocr_par' dir='ltr' id='par_1_38' title="bbox 371 2222 1930 2295">
     <span class='ocr_line' id='line_1_38' title="bbox 371 2222 1930 2295; baseline -0.003 -18"><span class='ocrx_word' id='word_1_269' title='bbox 371 2245 390 2277; x_wconf 79' lang='grc' dir='ltr'><strong>ι</strong></span> <span class='ocrx_word' id='word_1_270' title='bbox 419 2224 645 2278; x_wconf 85' lang='grc' dir='ltr'>Ἕσεσθε</span> <span class='ocrx_word' id='word_1_271' title='bbox 669 2224 988 2295; x_wconf 81' lang='grc' dir='ltr'>μισούμενοι</span> <span class='ocrx_word' id='word_1_272' title='bbox 1012 2224 1115 2277; x_wconf 80' lang='lat'><strong><em>61:6</em></strong></span> <span class='ocrx_word' id='word_1_273' title='bbox 1140 2223 1358 2278; x_wconf 81' lang='grc' dir='ltr'>πάντων</span> <span class='ocrx_word' id='word_1_274' title='bbox 1376 2222 1467 2277; x_wconf 75' lang='grc' dir='ltr'><strong>διὰ</strong></span> <span class='ocrx_word' id='word_1_275' title='bbox 1484 2223 1545 2276; x_wconf 84' lang='grc' dir='ltr'>τὸ</span> <span class='ocrx_word' id='word_1_276' title='bbox 1565 2222 1737 2291; x_wconf 76' lang='grc' dir='ltr'>ὄνομά</span> <span class='ocrx_word' id='word_1_277' title='bbox 1764 2237 1888 2292; x_wconf 65' lang='grc' dir='ltr'>μου.</span> <span class='ocrx_word' id='word_1_278' title='bbox 1909 2238 1930 2273; x_wconf 72' lang='grc' dir='ltr'><strong>ι</strong></span> 
     </span>
    </p>
   </div>
   <div class='ocr_carea' id='block_1_39' title="bbox 366 2300 1940 2384">
    <p class='ocr_par' dir='ltr' id='par_1_39' title="bbox 366 2300 1940 2384">
     <span class='ocr_line' id='line_1_39' title="bbox 366 2300 1940 2384; baseline -0.003 -16"><span class='ocrx_word' id='word_1_279' title='bbox 366 2300 477 2370; x_wconf 74' lang='grc' dir='ltr'><strong>καὶ</strong></span> <span class='ocrx_word' id='word_1_280' title='bbox 509 2316 690 2383; x_wconf 80' lang='grc' dir='ltr'>πάλιν,</span> <span class='ocrx_word' id='word_1_281' title='bbox 724 2317 805 2369; x_wconf 86' lang='grc' dir='ltr'>ὅτι</span> <span class='ocrx_word' id='word_1_282' title='bbox 832 2334 852 2368; x_wconf 73' lang='grc' dir='ltr'><strong>ι</strong></span> <span class='ocrx_word' id='word_1_283' title='bbox 892 2314 1014 2368; x_wconf 74' lang='grc' dir='ltr'>Ἐπὶ</span> <span class='ocrx_word' id='word_1_284' title='bbox 1040 2313 1275 2384; x_wconf 75' lang='grc' dir='ltr'>βασιλεῖς</span> <span class='ocrx_word' id='word_1_285' title='bbox 1302 2314 1397 2368; x_wconf 77' lang='grc' dir='ltr'><strong>καὶ</strong></span> <span class='ocrx_word' id='word_1_286' title='bbox 1412 2313 1686 2383; x_wconf 79' lang='grc' dir='ltr'>ἡγεμόνας</span> <span class='ocrx_word' id='word_1_287' title='bbox 1710 2312 1940 2383; x_wconf 78' lang='grc' dir='ltr'>ἀχθήσε-</span> 
     </span>
    </p>
   </div>
   <div class='ocr_carea' id='block_1_40' title="bbox 369 2401 1939 2475">
    <p class='ocr_par' dir='ltr' id='par_1_40' title="bbox 369 2401 1939 2475">
     <span class='ocr_line' id='line_1_40' title="bbox 369 2401 1939 2475; baseline -0.003 -16"><span class='ocrx_word' id='word_1_288' title='bbox 369 2408 461 2460; x_wconf 89' lang='grc' dir='ltr'><strong>σθε</strong></span> <span class='ocrx_word' id='word_1_289' title='bbox 506 2407 693 2461; x_wconf 73' lang='grc' dir='ltr'>ἕνεκεν</span> <span class='ocrx_word' id='word_1_290' title='bbox 740 2404 898 2475; x_wconf 76' lang='grc' dir='ltr'>ἐμοῦ.</span> <span class='ocrx_word' id='word_1_291' title='bbox 927 2423 946 2456; x_wconf 71' lang='grc' dir='ltr'><strong>ι</strong></span> <span class='ocrx_word' id='word_1_292' title='bbox 984 2406 1081 2458; x_wconf 85' lang='grc' dir='ltr'>Ἓν</span> <span class='ocrx_word' id='word_1_293' title='bbox 1122 2401 1217 2458; x_wconf 87' lang='grc' dir='ltr'><strong>οῦν</strong></span> <span class='ocrx_word' id='word_1_294' title='bbox 1268 2403 1622 2467; x_wconf 79' lang='grc' dir='ltr'>ὲπιλέξασθε·</span> <span class='ocrx_word' id='word_1_295' title='bbox 1658 2402 1693 2473; x_wconf 82' lang='grc' dir='ltr'>ἢ</span> <span class='ocrx_word' id='word_1_296' title='bbox 1732 2404 1939 2472; x_wconf 78' lang='grc' dir='ltr'>μισεῖτε</span> 
     </span>
    </p>
   </div>
   <div class='ocr_carea' id='block_1_41' title="bbox 370 2492 1941 2568">
    <p class='ocr_par' dir='ltr' id='par_1_41' title="bbox 370 2492 1941 2568">
     <span class='ocr_line' id='line_1_41' title="bbox 370 2492 1941 2568; baseline -0.004 -17"><span class='ocrx_word' id='word_1_297' title='bbox 370 2500 545 2568; x_wconf 77' lang='grc' dir='ltr'>ἡμᾶς,</span> <span class='ocrx_word' id='word_1_298' title='bbox 580 2498 753 2559; x_wconf 78' lang='grc' dir='ltr'>ὅντως</span> <span class='ocrx_word' id='word_1_299' title='bbox 782 2495 1056 2551; x_wconf 83' lang='grc' dir='ltr'>δεικνύετε</span> <span class='ocrx_word' id='word_1_300' title='bbox 1091 2495 1324 2567; x_wconf 82' lang='grc' dir='ltr'>Χριστὸν</span> <span class='ocrx_word' id='word_1_301' title='bbox 1356 2492 1691 2565; x_wconf 82' lang='grc' dir='ltr'>ἀληθεύοντα</span> <span class='ocrx_word' id='word_1_302' title='bbox 1720 2493 1941 2546; x_wconf 63' lang='grc' dir='ltr'>εἰπόντα</span> 
     </span>
    </p>
   </div>
   <div class='ocr_carea' id='block_1_42' title="bbox 368 2582 1944 2660">
    <p class='ocr_par' dir='ltr' id='par_1_42' title="bbox 368 2582 1944 2660">
     <span class='ocr_line' id='line_1_42' title="bbox 368 2582 1944 2660; baseline -0.003 -18"><span class='ocrx_word' id='word_1_303' title='bbox 368 2592 524 2660; x_wconf 73' lang='grc' dir='ltr'>ἡμῖν,</span> <span class='ocrx_word' id='word_1_304' title='bbox 556 2590 638 2642; x_wconf 88' lang='grc' dir='ltr'>ὄτι</span> <span class='ocrx_word' id='word_1_305' title='bbox 673 2605 691 2639; x_wconf 81' lang='grc' dir='ltr'><strong>ι</strong></span> <span class='ocrx_word' id='word_1_306' title='bbox 720 2587 951 2641; x_wconf 82' lang='grc' dir='ltr'>Ἐσεσθε</span> <span class='ocrx_word' id='word_1_307' title='bbox 997 2585 1320 2657; x_wconf 82' lang='grc' dir='ltr'>μισούμενοι</span> <span class='ocrx_word' id='word_1_308' title='bbox 1366 2585 1473 2638; x_wconf 75' lang='grc' dir='ltr'>ὑπὸ</span> <span class='ocrx_word' id='word_1_309' title='bbox 1515 2585 1734 2638; x_wconf 84' lang='grc' dir='ltr'>πάντων</span> <span class='ocrx_word' id='word_1_310' title='bbox 1769 2582 1859 2637; x_wconf 79' lang='grc' dir='ltr'><strong>διὰ</strong></span> <span class='ocrx_word' id='word_1_311' title='bbox 1881 2583 1944 2637; x_wconf 83' lang='lat'><strong>:6</strong></span> 
     </span>
    </p>
   </div>
   <div class='ocr_carea' id='block_1_43' title="bbox 368 2673 1945 2748">
    <p class='ocr_par' dir='ltr' id='par_1_43' title="bbox 368 2673 1945 2748">
     <span class='ocr_line' id='line_1_43' title="bbox 368 2673 1945 2748; baseline -0.001 -18"><span class='ocrx_word' id='word_1_312' title='bbox 368 2677 542 2748; x_wconf 72' lang='grc' dir='ltr'>ὄνομά</span> <span class='ocrx_word' id='word_1_313' title='bbox 567 2693 693 2746; x_wconf 90' lang='grc' dir='ltr'>μου.</span> <span class='ocrx_word' id='word_1_314' title='bbox 722 2694 740 2727; x_wconf 70' lang='grc' dir='ltr'><strong>ι</strong></span> <span class='ocrx_word' id='word_1_315' title='bbox 773 2676 848 2729; x_wconf 83' lang='lat'><strong><em>06</em></strong></span> <span class='ocrx_word' id='word_1_316' title='bbox 878 2676 1035 2746; x_wconf 87' lang='grc' dir='ltr'>μόνον</span> <span class='ocrx_word' id='word_1_317' title='bbox 1058 2675 1117 2728; x_wconf 80' lang='grc' dir='ltr'><strong>δὲ</strong></span> <span class='ocrx_word' id='word_1_318' title='bbox 1138 2675 1317 2739; x_wconf 86' lang='grc' dir='ltr'>τοῦτο,</span> <span class='ocrx_word' id='word_1_319' title='bbox 1345 2674 1484 2729; x_wconf 78' lang='grc' dir='ltr'>ἀλλὰ</span> <span class='ocrx_word' id='word_1_320' title='bbox 1502 2673 1597 2728; x_wconf 76' lang='grc' dir='ltr'><strong>καὶ</strong></span> <span class='ocrx_word' id='word_1_321' title='bbox 1612 2673 1747 2728; x_wconf 73' lang='grc' dir='ltr'>ἄλλα</span> <span class='ocrx_word' id='word_1_322' title='bbox 1773 2674 1945 2729; x_wconf 82' lang='grc' dir='ltr'>πολλά</span> 
     </span>
    </p>
   </div>
   <div class='ocr_carea' id='block_1_44' title="bbox 370 2765 1940 2839">
    <p class='ocr_par' dir='ltr' id='par_1_44' title="bbox 370 2765 1940 2839">
     <span class='ocr_line' id='line_1_44' title="bbox 370 2765 1940 2839; baseline -0.001 -18"><span class='ocrx_word' id='word_1_323' title='bbox 370 2766 545 2834; x_wconf 83' lang='grc' dir='ltr'>εἶπεν,</span> <span class='ocrx_word' id='word_1_324' title='bbox 587 2769 746 2822; x_wconf 76' lang='grc' dir='ltr'>ἅτινα</span> <span class='ocrx_word' id='word_1_325' title='bbox 776 2767 896 2821; x_wconf 86' lang='grc' dir='ltr'>καθ’</span> <span class='ocrx_word' id='word_1_326' title='bbox 923 2768 1139 2839; x_wconf 79' lang='grc' dir='ltr'>ἡμέραν</span> <span class='ocrx_word' id='word_1_327' title='bbox 1183 2765 1498 2837; x_wconf 83' lang='grc' dir='ltr'>θεωροῦμεν</span> <span class='ocrx_word' id='word_1_328' title='bbox 1525 2766 1812 2837; x_wconf 67' lang='grc' dir='ltr'>γινόμενα,</span> <span class='ocrx_word' id='word_1_329' title='bbox 1840 2767 1940 2820; x_wconf 82' lang='grc' dir='ltr'><strong>καὶ</strong></span> 
     </span>
    </p>
   </div>
   <div class='ocr_carea' id='block_1_45' title="bbox 370 2853 1943 2928">
    <p class='ocr_par' dir='ltr' id='par_1_45' title="bbox 370 2853 1943 2928">
     <span class='ocr_line' id='line_1_45' title="bbox 370 2853 1943 2928; baseline 0 -17"><span class='ocrx_word' id='word_1_330' title='bbox 370 2860 464 2911; x_wconf 75' lang='grc' dir='ltr'>ἐπὶ</span> <span class='ocrx_word' id='word_1_331' title='bbox 492 2859 676 2911; x_wconf 89' lang='grc' dir='ltr'>πλεῖον</span> <span class='ocrx_word' id='word_1_332' title='bbox 710 2858 874 2911; x_wconf 82' lang='grc' dir='ltr'>αὐτὸν</span> <span class='ocrx_word' id='word_1_333' title='bbox 904 2857 982 2921; x_wconf 84' lang='grc' dir='ltr'>ὡς</span> <span class='ocrx_word' id='word_1_334' title='bbox 1021 2856 1155 2911; x_wconf 84' lang='grc' dir='ltr'>Θεὸν</span> <span class='ocrx_word' id='word_1_335' title='bbox 1184 2856 1625 2928; x_wconf 81' lang='grc' dir='ltr'>προσκυνοῦμεν.</span> <span class='ocrx_word' id='word_1_336' title='bbox 1658 2853 1819 2923; x_wconf 62' lang='lat' dir='ltr'><strong>Elite,</strong></span> <span class='ocrx_word' id='word_1_337' title='bbox 1846 2875 1943 2927; x_wconf 84' lang='grc' dir='ltr'>κη·</span> 
     </span>
    </p>
   </div>
   <div class='ocr_carea' id='block_1_46' title="bbox 374 2946 1939 3020">
    <p class='ocr_par' dir='ltr' id='par_1_46' title="bbox 374 2946 1939 3020">
     <span class='ocr_line' id='line_1_46' title="bbox 374 2946 1939 3020; baseline 0 -19"><span class='ocrx_word' id='word_1_338' title='bbox 374 2948 706 3020; x_wconf 85' lang='grc' dir='ltr'>ρυχθήσεται</span> <span class='ocrx_word' id='word_1_339' title='bbox 730 2949 794 3002; x_wconf 88' lang='lat'><strong>:6</strong></span> <span class='ocrx_word' id='word_1_340' title='bbox 826 2947 1161 3018; x_wconf 73' lang='grc' dir='ltr'>Εὐαγγέλιον</span> <span class='ocrx_word' id='word_1_341' title='bbox 1192 2946 1360 3002; x_wconf 90' lang='lat'><strong><em>66:06</em></strong></span> <span class='ocrx_word' id='word_1_342' title='bbox 1391 2948 1451 3001; x_wconf 84' lang='grc' dir='ltr'>ὲν</span> <span class='ocrx_word' id='word_1_343' title='bbox 1482 2947 1589 3019; x_wconf 83' lang='grc' dir='ltr'><strong>ὅλῳ</strong></span> <span class='ocrx_word' id='word_1_344' title='bbox 1620 2948 1698 3018; x_wconf 84' lang='grc' dir='ltr'>τῷ</span> <span class='ocrx_word' id='word_1_345' title='bbox 1728 2947 1939 3019; x_wconf 78' lang='grc' dir='ltr'>κόσμῳ⁶</span> 
     </span>
    </p>
   </div>
   <div class='ocr_carea' id='block_1_47' title="bbox 375 3036 1944 3113">
    <p class='ocr_par' dir='ltr' id='par_1_47' title="bbox 375 3036 1944 3113">
     <span class='ocr_line' id='line_1_47' title="bbox 375 3036 1944 3113; baseline -0.001 -21"><span class='ocrx_word' id='word_1_346' title='bbox 375 3036 563 3094; x_wconf 77' lang='grc' dir='ltr'>εἶπενο</span> <span class='ocrx_word' id='word_1_347' title='bbox 598 3041 672 3094; x_wconf 85' lang='grc' dir='ltr'>Οὐ</span> <span class='ocrx_word' id='word_1_348' title='bbox 718 3040 793 3111; x_wconf 83' lang='grc' dir='ltr'><strong>μὴ</strong></span> <span class='ocrx_word' id='word_1_349' title='bbox 844 3040 1004 3113; x_wconf 73' lang='grc' dir='ltr'>μείνῃ</span> <span class='ocrx_word' id='word_1_350' title='bbox 1046 3038 1192 3103; x_wconf 82' lang='grc' dir='ltr'>λίθος</span> <span class='ocrx_word' id='word_1_351' title='bbox 1238 3039 1333 3092; x_wconf 76' lang='grc' dir='ltr'><strong>ἐπὶ</strong></span> <span class='ocrx_word' id='word_1_352' title='bbox 1377 3037 1526 3091; x_wconf 88' lang='grc' dir='ltr'>λίθον</span> <span class='ocrx_word' id='word_1_353' title='bbox 1555 3039 1636 3102; x_wconf 88' lang='grc' dir='ltr'><strong>είς</strong></span> <span class='ocrx_word' id='word_1_354' title='bbox 1683 3038 1775 3092; x_wconf 81' lang='grc' dir='ltr'><strong>τὸν</strong></span> <span class='ocrx_word' id='word_1_355' title='bbox 1817 3038 1944 3091; x_wconf 85' lang='grc' dir='ltr'>ναὸν</span> 
     </span>
    </p>
   </div>
   <div class='ocr_carea' id='block_1_48' title="bbox 374 3114 1943 3201">
    <p class='ocr_par' dir='ltr' id='par_1_48' title="bbox 374 3114 1943 3201">
     <span class='ocr_line' id='line_1_48' title="bbox 374 3114 1943 3201; baseline -0.001 -18"><span class='ocrx_word' id='word_1_356' title='bbox 374 3131 529 3196; x_wconf 83' lang='grc' dir='ltr'>ὑμῶν</span> <span class='ocrx_word' id='word_1_357' title='bbox 550 3147 565 3163; x_wconf 78' lang='grc' dir='ltr'><strong>ο</strong></span> <span class='ocrx_word' id='word_1_358' title='bbox 603 3127 781 3196; x_wconf 73' lang='grc' dir='ltr'>εἶπεν,</span> <span class='ocrx_word' id='word_1_359' title='bbox 824 3130 906 3184; x_wconf 82' lang='grc' dir='ltr'><strong>ὅτι</strong></span> <span class='ocrx_word' id='word_1_360' title='bbox 937 3148 956 3183; x_wconf 81' lang='grc' dir='ltr'><strong>ι</strong></span> <span class='ocrx_word' id='word_1_361' title='bbox 1001 3129 1060 3184; x_wconf 87' lang='lat'><strong>&#39;0</strong></span> <span class='ocrx_word' id='word_1_362' title='bbox 1091 3129 1166 3201; x_wconf 82' lang='grc' dir='ltr'>μὴ</span> <span class='ocrx_word' id='word_1_363' title='bbox 1197 3129 1381 3198; x_wconf 75' lang='grc' dir='ltr'>ἀφιεὶς</span> <span class='ocrx_word' id='word_1_364' title='bbox 1420 3129 1632 3201; x_wconf 84' lang='grc' dir='ltr'>πατέρα</span> <span class='ocrx_word' id='word_1_365' title='bbox 1666 3114 1758 3183; x_wconf 64' lang='grc' dir='ltr'><strong>καὶ</strong></span> <span class='ocrx_word' id='word_1_366' title='bbox 1785 3128 1943 3183; x_wconf 72' lang='grc' dir='ltr'>ἁδελε-</span> 
     </span>
    </p>
   </div>
   <div class='ocr_carea' id='block_1_49' title="bbox 375 3219 1937 3291">
    <p class='ocr_par' dir='ltr' id='par_1_49' title="bbox 375 3219 1937 3291">
     <span class='ocr_line' id='line_1_49' title="bbox 375 3219 1937 3291; baseline -0.002 -16"><span class='ocrx_word' id='word_1_367' title='bbox 375 3224 510 3291; x_wconf 77' lang='grc' dir='ltr'>φοὺς</span> <span class='ocrx_word' id='word_1_368' title='bbox 540 3224 633 3276; x_wconf 75' lang='grc' dir='ltr'><strong>καὶ</strong></span> <span class='ocrx_word' id='word_1_369' title='bbox 672 3222 929 3291; x_wconf 80' lang='grc' dir='ltr'>ἀδελφὰς,</span> <span class='ocrx_word' id='word_1_370' title='bbox 978 3222 1039 3276; x_wconf 82' lang='grc' dir='ltr'>οὐ</span> <span class='ocrx_word' id='word_1_371' title='bbox 1076 3221 1301 3276; x_wconf 84' lang='grc' dir='ltr'>δύναται</span> <span class='ocrx_word' id='word_1_372' title='bbox 1347 3219 1715 3291; x_wconf 81' lang='grc' dir='ltr'>ἀκολουθῆσαί</span> <span class='ocrx_word' id='word_1_373' title='bbox 1766 3237 1880 3291; x_wconf 89' lang='grc' dir='ltr'>μοι.</span> <span class='ocrx_word' id='word_1_374' title='bbox 1917 3238 1937 3272; x_wconf 75' lang='grc' dir='ltr'><strong>ι</strong></span> 
     </span>
    </p>
   </div>
   <div class='ocr_carea' id='block_1_50' title="bbox 373 3311 1938 3384">
    <p class='ocr_par' dir='ltr' id='par_1_50' title="bbox 373 3311 1938 3384">
     <span class='ocr_line' id='line_1_50' title="bbox 373 3311 1938 3384; baseline 0.001 -18"><span class='ocrx_word' id='word_1_375' title='bbox 373 3311 544 3367; x_wconf 78' lang='grc' dir='ltr'>Εἶπεν</span> <span class='ocrx_word' id='word_1_376' title='bbox 567 3316 696 3384; x_wconf 81' lang='grc' dir='ltr'>ἡμῖν</span> <span class='ocrx_word' id='word_1_377' title='bbox 719 3315 849 3384; x_wconf 82' lang='grc' dir='ltr'>περὶ</span> <span class='ocrx_word' id='word_1_378' title='bbox 880 3313 1003 3382; x_wconf 83' lang='grc' dir='ltr'>ὲλεη</span> <span class='ocrx_word' id='word_1_379' title='bbox 1013 3312 1251 3384; x_wconf 80' lang='grc' dir='ltr'>μοσύνης</span> <span class='ocrx_word' id='word_1_380' title='bbox 1271 3313 1527 3383; x_wconf 82' lang='grc' dir='ltr'>κρυπτῶς</span> <span class='ocrx_word' id='word_1_381' title='bbox 1548 3312 1715 3383; x_wconf 73' lang='grc' dir='ltr'>αὐτὴν</span> <span class='ocrx_word' id='word_1_382' title='bbox 1745 3317 1938 3367; x_wconf 74' lang='grc' dir='ltr'>ποιεῖν’</span> 
     </span>
    </p>
   </div>
   <div class='ocr_carea' id='block_1_51' title="bbox 375 3401 1939 3477">
    <p class='ocr_par' dir='ltr' id='par_1_51' title="bbox 375 3401 1939 3477">
     <span class='ocr_line' id='line_1_51' title="bbox 375 3401 1939 3477; baseline 0.003 -21"><span class='ocrx_word' id='word_1_383' title='bbox 375 3401 529 3457; x_wconf 76' lang='grc' dir='ltr'>εἶπεν</span> <span class='ocrx_word' id='word_1_384' title='bbox 556 3407 691 3477; x_wconf 76' lang='grc' dir='ltr'>ἡμῖν</span> <span class='ocrx_word' id='word_1_385' title='bbox 713 3421 728 3437; x_wconf 79' lang='grc' dir='ltr'><strong>ο</strong></span> <span class='ocrx_word' id='word_1_386' title='bbox 763 3422 782 3455; x_wconf 77' lang='grc' dir='ltr'><strong>ι</strong></span> <span class='ocrx_word' id='word_1_387' title='bbox 814 3403 1150 3468; x_wconf 81' lang='grc' dir='ltr'>Βαπτίζεσθε</span> <span class='ocrx_word' id='word_1_388' title='bbox 1174 3406 1256 3477; x_wconf 81' lang='grc' dir='ltr'><strong>είς</strong></span> <span class='ocrx_word' id='word_1_389' title='bbox 1282 3404 1343 3457; x_wconf 84' lang='grc' dir='ltr'><strong>τὸ</strong></span> <span class='ocrx_word' id='word_1_390' title='bbox 1376 3403 1548 3474; x_wconf 74' lang='grc' dir='ltr'>ὄνομα</span> <span class='ocrx_word' id='word_1_391' title='bbox 1579 3404 1673 3457; x_wconf 91' lang='grc' dir='ltr'><strong>τοῦ</strong></span> <span class='ocrx_word' id='word_1_392' title='bbox 1704 3405 1939 3475; x_wconf 61' lang='grc' dir='ltr'>Πατρός,</span> 
     </span>
    </p>
   </div>
   <div class='ocr_carea' id='block_1_52' title="bbox 376 3493 1942 3565">
    <p class='ocr_par' dir='ltr' id='par_1_52' title="bbox 376 3493 1942 3565">
     <span class='ocr_line' id='line_1_52' title="bbox 376 3493 1942 3565; baseline 0.003 -20"><span class='ocrx_word' id='word_1_393' title='bbox 376 3496 471 3546; x_wconf 72' lang='grc' dir='ltr'>καὶ</span> <span class='ocrx_word' id='word_1_394' title='bbox 508 3493 603 3546; x_wconf 88' lang='grc' dir='ltr'><strong>τοῦ</strong></span> <span class='ocrx_word' id='word_1_395' title='bbox 662 3493 816 3559; x_wconf 85' lang='grc' dir='ltr'>Υίοῦ,</span> <span class='ocrx_word' id='word_1_396' title='bbox 841 3494 935 3548; x_wconf 77' lang='grc' dir='ltr'>καὶ</span> <span class='ocrx_word' id='word_1_397' title='bbox 977 3494 1072 3548; x_wconf 85' lang='grc' dir='ltr'><strong>τοῦ</strong></span> <span class='ocrx_word' id='word_1_398' title='bbox 1115 3494 1273 3564; x_wconf 81' lang='grc' dir='ltr'>ἁγίου</span> <span class='ocrx_word' id='word_1_399' title='bbox 1294 3493 1662 3565; x_wconf 80' lang='grc' dir='ltr'>.,Πνεύματος.</span> <span class='ocrx_word' id='word_1_400' title='bbox 1700 3514 1719 3547; x_wconf 71' lang='grc' dir='ltr'><strong>ι</strong></span> <span class='ocrx_word' id='word_1_401' title='bbox 1774 3493 1942 3551; x_wconf 72' lang='grc' dir='ltr'>Εἶπεν</span> 
     </span>
    </p>
   </div>
   <div class='ocr_carea' id='block_1_53' title="bbox 375 3584 1944 3658">
    <p class='ocr_par' dir='ltr' id='par_1_53' title="bbox 375 3584 1944 3658">
     <span class='ocr_line' id='line_1_53' title="bbox 375 3584 1944 3658; baseline 0.003 -20"><span class='ocrx_word' id='word_1_402' title='bbox 375 3588 507 3656; x_wconf 71' lang='grc' dir='ltr'>ἡμῖν</span> <span class='ocrx_word' id='word_1_403' title='bbox 535 3602 549 3615; x_wconf 93' lang='grc'><strong>·</strong></span> <span class='ocrx_word' id='word_1_404' title='bbox 591 3605 610 3637; x_wconf 73' lang='grc' dir='ltr'><strong>ι</strong></span> <span class='ocrx_word' id='word_1_405' title='bbox 630 3584 766 3640; x_wconf 80' lang='grc' dir='ltr'>Μεθ’</span> <span class='ocrx_word' id='word_1_406' title='bbox 797 3585 952 3655; x_wconf 84' lang='grc' dir='ltr'>ὑμῶν</span> <span class='ocrx_word' id='word_1_407' title='bbox 989 3587 1105 3657; x_wconf 82' lang='grc' dir='ltr'>είμι</span> <span class='ocrx_word' id='word_1_408' title='bbox 1138 3587 1320 3650; x_wconf 76' lang='grc' dir='ltr'>πάσας</span> <span class='ocrx_word' id='word_1_409' title='bbox 1348 3588 1447 3651; x_wconf 81' lang='grc' dir='ltr'>τὰς</span> <span class='ocrx_word' id='word_1_410' title='bbox 1478 3587 1692 3658; x_wconf 77' lang='grc' dir='ltr'>ἡμέρας</span> <span class='ocrx_word' id='word_1_411' title='bbox 1715 3588 1819 3651; x_wconf 70' lang='grc' dir='ltr'><strong>ἕως</strong></span> <span class='ocrx_word' id='word_1_412' title='bbox 1845 3588 1944 3658; x_wconf 79' lang='grc' dir='ltr'>τῆς</span> 
     </span>
    </p>
   </div>
   <div class='ocr_carea' id='block_1_54' title="bbox 376 3671 1944 3746">
    <p class='ocr_par' dir='ltr' id='par_1_54' title="bbox 376 3671 1944 3746">
     <span class='ocr_line' id='line_1_54' title="bbox 376 3671 1944 3746; baseline 0.002 -19"><span class='ocrx_word' id='word_1_413' title='bbox 376 3675 689 3737; x_wconf 80' lang='grc' dir='ltr'>συντελείας</span> <span class='ocrx_word' id='word_1_414' title='bbox 720 3671 815 3726; x_wconf 85' lang='grc' dir='ltr'><strong>τοῦ</strong></span> <span class='ocrx_word' id='word_1_415' title='bbox 848 3674 1063 3738; x_wconf 79' lang='grc' dir='ltr'>αἰῶνος.</span> <span class='ocrx_word' id='word_1_416' title='bbox 1090 3692 1109 3726; x_wconf 70' lang='grc' dir='ltr'><strong>ι</strong></span> <span class='ocrx_word' id='word_1_417' title='bbox 1142 3675 1238 3739; x_wconf 91' lang='grc' dir='ltr'><strong>Τίς</strong></span> <span class='ocrx_word' id='word_1_418' title='bbox 1265 3674 1361 3728; x_wconf 82' lang='grc' dir='ltr'><strong>οῦν</strong></span> <span class='ocrx_word' id='word_1_419' title='bbox 1388 3676 1541 3728; x_wconf 76' lang='grc' dir='ltr'>ἐστιν</span> <span class='ocrx_word' id='word_1_420' title='bbox 1584 3676 1613 3727; x_wconf 92' lang='lat'><strong>6</strong></span> <span class='ocrx_word' id='word_1_421' title='bbox 1649 3676 1944 3746; x_wconf 83' lang='grc' dir='ltr'>δυνάμενος</span> 
     </span>
    </p>
   </div>
   <div class='ocr_carea' id='block_1_55' title="bbox 377 3762 1946 3839">
    <p class='ocr_par' dir='ltr' id='par_1_55' title="bbox 377 3762 1946 3839">
     <span class='ocr_line' id='line_1_55' title="bbox 377 3762 1946 3839; baseline 0 -19"><span class='ocrx_word' id='word_1_422' title='bbox 377 3766 594 3837; x_wconf 68' lang='grc' dir='ltr'>ἐλέγξαι</span> <span class='ocrx_word' id='word_1_423' title='bbox 615 3764 798 3831; x_wconf 79' lang='grc' dir='ltr'>αὐτὸν,</span> <span class='ocrx_word' id='word_1_424' title='bbox 821 3762 905 3820; x_wconf 84' lang='grc' dir='ltr'>ὅτι</span> <span class='ocrx_word' id='word_1_425' title='bbox 926 3764 1193 3836; x_wconf 75' lang='grc' dir='ltr'>ἐψεύσατο</span> <span class='ocrx_word' id='word_1_426' title='bbox 1212 3768 1389 3822; x_wconf 87' lang='grc' dir='ltr'>ταῦτα</span> <span class='ocrx_word' id='word_1_427' title='bbox 1438 3768 1664 3822; x_wconf 75' lang='grc' dir='ltr'>εἰπόντα</span> <span class='ocrx_word' id='word_1_428' title='bbox 1692 3768 1782 3821; x_wconf 83' lang='grc' dir='ltr'><strong>τὸν</strong></span> <span class='ocrx_word' id='word_1_429' title='bbox 1811 3767 1946 3839; x_wconf 85' lang='grc' dir='ltr'>Χρι-</span> 
     </span>
    </p>
   </div>
   <div class='ocr_carea' id='block_1_56' title="bbox 380 3858 1946 3929">
    <p class='ocr_par' dir='ltr' id='par_1_56' title="bbox 380 3858 1946 3929">
     <span class='ocr_line' id='line_1_56' title="bbox 380 3858 1946 3929; baseline 0.001 -18"><span class='ocrx_word' id='word_1_430' title='bbox 380 3858 533 3923; x_wconf 87' lang='grc' dir='ltr'>στόν;</span> <span class='ocrx_word' id='word_1_431' title='bbox 577 3858 764 3921; x_wconf 77' lang='grc' dir='ltr'>Οὐδεὶς</span> <span class='ocrx_word' id='word_1_432' title='bbox 817 3858 1069 3922; x_wconf 75' lang='grc' dir='ltr'>πάντωςο</span> <span class='ocrx_word' id='word_1_433' title='bbox 1116 3858 1255 3913; x_wconf 78' lang='grc' dir='ltr'>ἀλλὰ</span> <span class='ocrx_word' id='word_1_434' title='bbox 1302 3860 1481 3915; x_wconf 81' lang='grc' dir='ltr'>πάντα</span> <span class='ocrx_word' id='word_1_435' title='bbox 1518 3859 1829 3929; x_wconf 82' lang='grc' dir='ltr'>γεγόνασιν,</span> <span class='ocrx_word' id='word_1_436' title='bbox 1869 3859 1946 3922; x_wconf 82' lang='grc' dir='ltr'>ὡς</span> 
     </span>
    </p>
   </div>
   <div class='ocr_carea' id='block_1_57' title="bbox 379 3946 1945 4021">
    <p class='ocr_par' dir='ltr' id='par_1_57' title="bbox 379 3946 1945 4021">
     <span class='ocr_line' id='line_1_57' title="bbox 379 3946 1945 4021; baseline 0.001 -19"><span class='ocrx_word' id='word_1_437' title='bbox 379 3948 736 4021; x_wconf 83' lang='grc' dir='ltr'>προείπομεν,</span> <span class='ocrx_word' id='word_1_438' title='bbox 768 3950 865 4004; x_wconf 78' lang='grc' dir='ltr'>καὶ</span> <span class='ocrx_word' id='word_1_439' title='bbox 905 3950 1167 4017; x_wconf 87' lang='grc' dir='ltr'>γίνονται.</span> <span class='ocrx_word' id='word_1_440' title='bbox 1205 3946 1354 4021; x_wconf 71' lang='grc' dir='ltr'><strong>τᾹρα</strong></span> <span class='ocrx_word' id='word_1_441' title='bbox 1404 3951 1503 4005; x_wconf 85' lang='grc' dir='ltr'><strong>οὐκ</strong></span> <span class='ocrx_word' id='word_1_442' title='bbox 1540 3950 1736 4004; x_wconf 74' lang='grc' dir='ltr'>ἔπεσεν</span> <span class='ocrx_word' id='word_1_443' title='bbox 1764 3951 1792 4003; x_wconf 94' lang='lat'><strong>6</strong></span> <span class='ocrx_word' id='word_1_444' title='bbox 1820 3949 1945 4012; x_wconf 80' lang='grc' dir='ltr'>ναὸς</span> 
     </span>
    </p>
   </div>
   <div class='ocr_carea' id='block_1_58' title="bbox 380 4036 1947 4112">
    <p class='ocr_par' dir='ltr' id='par_1_58' title="bbox 380 4036 1947 4112">
     <span class='ocr_line' id='line_1_58' title="bbox 380 4036 1947 4112; baseline 0.001 -20"><span class='ocrx_word' id='word_1_445' title='bbox 380 4038 537 4111; x_wconf 77' lang='grc' dir='ltr'>ὑμῶν</span> <span class='ocrx_word' id='word_1_446' title='bbox 578 4041 673 4094; x_wconf 71' lang='grc' dir='ltr'><strong>καὶ</strong></span> <span class='ocrx_word' id='word_1_447' title='bbox 724 4041 894 4111; x_wconf 84' lang='grc' dir='ltr'>ὲκάη;</span> <span class='ocrx_word' id='word_1_448' title='bbox 924 4036 1032 4109; x_wconf 86' lang='grc' dir='ltr'>ἆρα</span> <span class='ocrx_word' id='word_1_449' title='bbox 1063 4041 1163 4093; x_wconf 87' lang='grc' dir='ltr'><strong>οὐκ</strong></span> <span class='ocrx_word' id='word_1_450' title='bbox 1208 4040 1486 4112; x_wconf 75' lang='grc' dir='ltr'><strong>ἐκηρύχθη</strong></span> <span class='ocrx_word' id='word_1_451' title='bbox 1515 4041 1576 4093; x_wconf 87' lang='lat'><strong>:6</strong></span> <span class='ocrx_word' id='word_1_452' title='bbox 1617 4041 1947 4110; x_wconf 81' lang='grc' dir='ltr'>Εὐαγγέλιον</span> 
     </span>
    </p>
   </div>
   <div class='ocr_carea' id='block_1_59' title="bbox 379 4127 1949 4204">
    <p class='ocr_par' dir='ltr' id='par_1_59' title="bbox 379 4127 1949 4204">
     <span class='ocr_line' id='line_1_59' title="bbox 379 4127 1949 4204; baseline -0.001 -18"><span class='ocrx_word' id='word_1_453' title='bbox 379 4132 545 4187; x_wconf 87' lang='lat'><strong><em>66:06</em></strong></span> <span class='ocrx_word' id='word_1_454' title='bbox 585 4135 642 4186; x_wconf 79' lang='grc' dir='ltr'>ὲν</span> <span class='ocrx_word' id='word_1_455' title='bbox 673 4132 782 4204; x_wconf 82' lang='grc' dir='ltr'><strong>ὅλῳ</strong></span> <span class='ocrx_word' id='word_1_456' title='bbox 808 4133 886 4203; x_wconf 82' lang='grc' dir='ltr'>τῷ</span> <span class='ocrx_word' id='word_1_457' title='bbox 910 4132 1100 4203; x_wconf 85' lang='grc' dir='ltr'>κόσμῳ</span> <span class='ocrx_word' id='word_1_458' title='bbox 1124 4148 1139 4197; x_wconf 87' lang='grc'><strong>;</strong></span> <span class='ocrx_word' id='word_1_459' title='bbox 1171 4127 1280 4202; x_wconf 83' lang='grc' dir='ltr'>ἆρα</span> <span class='ocrx_word' id='word_1_460' title='bbox 1306 4133 1365 4185; x_wconf 84' lang='lat'><strong>06</strong></span> <span class='ocrx_word' id='word_1_461' title='bbox 1408 4131 1715 4203; x_wconf 82' lang='grc' dir='ltr'>μισούμεθα</span> <span class='ocrx_word' id='word_1_462' title='bbox 1741 4134 1790 4186; x_wconf 88' lang='grc' dir='ltr'><strong>οί</strong></span> <span class='ocrx_word' id='word_1_463' title='bbox 1818 4133 1949 4203; x_wconf 84' lang='grc' dir='ltr'>Χρι-</span> 
     </span>
    </p>
   </div>
   <div class='ocr_carea' id='block_1_60' title="bbox 382 4218 1945 4293">
    <p class='ocr_par' dir='ltr' id='par_1_60' title="bbox 382 4218 1945 4293">
     <span class='ocr_line' id='line_1_60' title="bbox 382 4218 1945 4293; baseline -0.001 -17"><span class='ocrx_word' id='word_1_464' title='bbox 382 4224 587 4277; x_wconf 77' lang='grc' dir='ltr'>στιανοὶ</span> <span class='ocrx_word' id='word_1_465' title='bbox 625 4218 729 4276; x_wconf 80' lang='grc' dir='ltr'>ὑπὸ</span> <span class='ocrx_word' id='word_1_466' title='bbox 759 4225 981 4276; x_wconf 71' lang='grc' dir='ltr'>πάντων</span> <span class='ocrx_word' id='word_1_467' title='bbox 1013 4222 1121 4275; x_wconf 85' lang='grc' dir='ltr'><strong>τῶν</strong></span> <span class='ocrx_word' id='word_1_468' title='bbox 1148 4222 1319 4276; x_wconf 84' lang='grc' dir='ltr'>ὲθνῶν</span> <span class='ocrx_word' id='word_1_469' title='bbox 1346 4222 1435 4277; x_wconf 84' lang='grc' dir='ltr'>διὰ</span> <span class='ocrx_word' id='word_1_470' title='bbox 1463 4223 1523 4276; x_wconf 92' lang='lat'><strong>:6</strong></span> <span class='ocrx_word' id='word_1_471' title='bbox 1555 4223 1727 4293; x_wconf 76' lang='grc' dir='ltr'>ὄνομα</span> <span class='ocrx_word' id='word_1_472' title='bbox 1747 4222 1945 4290; x_wconf 82' lang='lat'><strong><em>66:06;</em></strong></span> 
     </span>
    </p>
   </div>
   <div class='ocr_carea' id='block_1_61' title="bbox 380 4309 1949 4385">
    <p class='ocr_par' dir='ltr' id='par_1_61' title="bbox 380 4309 1949 4385">
     <span class='ocr_line' id='line_1_61' title="bbox 380 4309 1949 4385; baseline 0.001 -18"><span class='ocrx_word' id='word_1_473' title='bbox 380 4309 490 4385; x_wconf 82' lang='grc' dir='ltr'>ἆρα</span> <span class='ocrx_word' id='word_1_474' title='bbox 520 4315 580 4367; x_wconf 85' lang='grc' dir='ltr'><strong>ού</strong></span> <span class='ocrx_word' id='word_1_475' title='bbox 628 4311 942 4384; x_wconf 84' lang='grc' dir='ltr'>θεωροῦμεν</span> <span class='ocrx_word' id='word_1_476' title='bbox 1002 4315 1227 4384; x_wconf 80' lang='grc' dir='ltr'>μυρίους</span> <span class='ocrx_word' id='word_1_477' title='bbox 1272 4314 1526 4381; x_wconf 81' lang='grc' dir='ltr'>ἀφιέντας</span> <span class='ocrx_word' id='word_1_478' title='bbox 1566 4315 1826 4385; x_wconf 83' lang='grc' dir='ltr'>πατέρας,</span> <span class='ocrx_word' id='word_1_479' title='bbox 1854 4315 1949 4368; x_wconf 82' lang='grc' dir='ltr'><strong>καὶ</strong></span> 
     </span>
    </p>
   </div>
   <div class='ocr_carea' id='block_1_62' title="bbox 384 4401 1951 4479">
    <p class='ocr_par' dir='ltr' id='par_1_62' title="bbox 384 4401 1951 4479">
     <span class='ocr_line' id='line_1_62' title="bbox 384 4401 1951 4479; baseline 0.001 -21"><span class='ocrx_word' id='word_1_480' title='bbox 384 4406 647 4479; x_wconf 87' lang='grc' dir='ltr'>μητέρας,</span> <span class='ocrx_word' id='word_1_481' title='bbox 668 4408 761 4461; x_wconf 71' lang='grc' dir='ltr'><strong>καὶ</strong></span> <span class='ocrx_word' id='word_1_482' title='bbox 789 4404 1208 4469; x_wconf 66' lang='grc' dir='ltr'>ἀκολουθοῦντας</span> <span class='ocrx_word' id='word_1_483' title='bbox 1232 4403 1308 4476; x_wconf 82' lang='grc' dir='ltr'>τῷ</span> <span class='ocrx_word' id='word_1_484' title='bbox 1334 4405 1588 4478; x_wconf 86' lang='grc' dir='ltr'>Χριστῷ;</span> <span class='ocrx_word' id='word_1_485' title='bbox 1612 4401 1720 4476; x_wconf 81' lang='grc' dir='ltr'>ἆρα</span> <span class='ocrx_word' id='word_1_486' title='bbox 1750 4406 1809 4459; x_wconf 86' lang='lat'><strong>06</strong></span> <span class='ocrx_word' id='word_1_487' title='bbox 1831 4405 1951 4477; x_wconf 85' lang='grc' dir='ltr'>βλέ-</span> 
     </span>
    </p>
   </div>
   <div class='ocr_carea' id='block_1_63' title="bbox 382 4498 1944 4572">
    <p class='ocr_par' dir='ltr' id='par_1_63' title="bbox 382 4498 1944 4572">
     <span class='ocr_line' id='line_1_63' title="bbox 382 4498 1944 4572; baseline -0.001 -19"><span class='ocrx_word' id='word_1_488' title='bbox 382 4516 556 4569; x_wconf 87' lang='grc' dir='ltr'>πομεν</span> <span class='ocrx_word' id='word_1_489' title='bbox 606 4498 639 4572; x_wconf 80' lang='grc' dir='ltr'>ἢ</span> <span class='ocrx_word' id='word_1_490' title='bbox 683 4498 744 4553; x_wconf 86' lang='lat'><strong>06</strong></span> <span class='ocrx_word' id='word_1_491' title='bbox 773 4499 1001 4569; x_wconf 89' lang='grc' dir='ltr'>νοοῦμεν</span> <span class='ocrx_word' id='word_1_492' title='bbox 1029 4500 1111 4552; x_wconf 83' lang='lat'><strong>6::</strong></span> <span class='ocrx_word' id='word_1_493' title='bbox 1152 4498 1271 4569; x_wconf 82' lang='grc' dir='ltr'>μεθ’</span> <span class='ocrx_word' id='word_1_494' title='bbox 1294 4498 1451 4570; x_wconf 82' lang='grc' dir='ltr'>ἡμῶν</span> <span class='ocrx_word' id='word_1_495' title='bbox 1482 4499 1629 4552; x_wconf 79' lang='grc' dir='ltr'>ἐστιν</span> <span class='ocrx_word' id='word_1_496' title='bbox 1654 4500 1682 4551; x_wconf 93' lang='lat'><strong>6</strong></span> <span class='ocrx_word' id='word_1_497' title='bbox 1710 4500 1944 4570; x_wconf 82' lang='grc' dir='ltr'>Χριστὸς</span> 
     </span>
    </p>
   </div>
   <div class='ocr_carea' id='block_1_64' title="bbox 2038 2034 3601 2106">
    <p class='ocr_par' dir='ltr' id='par_1_64' title="bbox 2038 2034 3601 2106">
     <span class='ocr_line' id='line_1_64' title="bbox 2038 2034 3601 2106; baseline -0.004 -13"><span class='ocrx_word' id='word_1_498' title='bbox 2038 2037 2203 2093; x_wconf 86' lang='lat' dir='ltr'><strong>runt?</strong></span> <span class='ocrx_word' id='word_1_499' title='bbox 2228 2035 2337 2106; x_wconf 81' lang='lat' dir='ltr'><strong>ipsi</strong></span> <span class='ocrx_word' id='word_1_500' title='bbox 2371 2035 2659 2106; x_wconf 86' lang='lat' dir='ltr'><strong>perierunt</strong></span> <span class='ocrx_word' id='word_1_501' title='bbox 2678 2044 2735 2090; x_wconf 90' lang='lat' dir='ltr'><strong>et</strong></span> <span class='ocrx_word' id='word_1_502' title='bbox 2759 2034 3012 2091; x_wconf 84' lang='lat' dir='ltr'><strong>dissoluti</strong></span> <span class='ocrx_word' id='word_1_503' title='bbox 3032 2043 3182 2098; x_wconf 87' lang='lat' dir='ltr'><strong>sunt,</strong></span> <span class='ocrx_word' id='word_1_504' title='bbox 3209 2041 3450 2101; x_wconf 81' lang='lat' dir='ltr'><strong>veraque</strong></span> <span class='ocrx_word' id='word_1_505' title='bbox 3469 2044 3601 2102; x_wconf 65' lang='lat' dir='ltr'><strong>pra:-</strong></span> 
     </span>
    </p>
   </div>
   <div class='ocr_carea' id='block_1_65' title="bbox 2038 2121 3609 2192">
    <p class='ocr_par' dir='ltr' id='par_1_65' title="bbox 2038 2121 3609 2192">
     <span class='ocr_line' id='line_1_65' title="bbox 2038 2121 3609 2192; baseline -0.002 -11"><span class='ocrx_word' id='word_1_506' title='bbox 2038 2126 2317 2181; x_wconf 85' lang='lat' dir='ltr'><strong>nuntiavit</strong></span> <span class='ocrx_word' id='word_1_507' title='bbox 2365 2124 2659 2192; x_wconf 90' lang='lat' dir='ltr'><strong>Christus,</strong></span> <span class='ocrx_word' id='word_1_508' title='bbox 2701 2125 2868 2181; x_wconf 87' lang='lat' dir='ltr'><strong>nobis</strong></span> <span class='ocrx_word' id='word_1_509' title='bbox 2912 2124 3145 2179; x_wconf 84' lang='lat' dir='ltr'><strong>dicens:</strong></span> <span class='ocrx_word' id='word_1_510' title='bbox 3193 2126 3211 2176; x_wconf 75' lang='grc' dir='ltr'>ἀ</span> <span class='ocrx_word' id='word_1_511' title='bbox 3259 2122 3401 2179; x_wconf 87' lang='lat' dir='ltr'><strong>0dio</strong></span> <span class='ocrx_word' id='word_1_512' title='bbox 3450 2121 3609 2178; x_wconf 87' lang='lat' dir='ltr'><strong>eritis</strong></span> 
     </span>
    </p>
   </div>
   <div class='ocr_carea' id='block_1_66' title="bbox 2037 2214 3604 2288">
    <p class='ocr_par' dir='ltr' id='par_1_66' title="bbox 2037 2214 3604 2288">
     <span class='ocr_line' id='line_1_66' title="bbox 2037 2214 3604 2288; baseline -0.003 -15"><span class='ocrx_word' id='word_1_513' title='bbox 2037 2217 2300 2273; x_wconf 88' lang='lat' dir='ltr'><strong>omnibus</strong></span> <span class='ocrx_word' id='word_1_514' title='bbox 2344 2226 2573 2288; x_wconf 86' lang='lat' dir='ltr'><strong>propter</strong></span> <span class='ocrx_word' id='word_1_515' title='bbox 2620 2232 2824 2273; x_wconf 84' lang='lat' dir='ltr'><strong>nomen</strong></span> <span class='ocrx_word' id='word_1_516' title='bbox 2876 2218 3060 2272; x_wconf 85' lang='lat' dir='ltr'><strong>meum</strong></span> <span class='ocrx_word' id='word_1_517' title='bbox 3088 2216 3174 2282; x_wconf 83' lang='lat'><strong>&quot;;</strong></span> <span class='ocrx_word' id='word_1_518' title='bbox 3210 2228 3231 2268; x_wconf 64' lang='grc' dir='ltr'><strong>ι</strong></span> <span class='ocrx_word' id='word_1_519' title='bbox 3266 2224 3325 2270; x_wconf 89' lang='lat' dir='ltr'><strong>et</strong></span> <span class='ocrx_word' id='word_1_520' title='bbox 3358 2214 3557 2270; x_wconf 82' lang='lat' dir='ltr'><strong>iterum</strong></span> <span class='ocrx_word' id='word_1_521' title='bbox 3588 2231 3604 2269; x_wconf 89' lang='lat'><strong>:</strong></span> 
     </span>
    </p>
   </div>
   <div class='ocr_carea' id='block_1_67' title="bbox 2046 2306 3601 2379">
    <p class='ocr_par' dir='ltr' id='par_1_67' title="bbox 2046 2306 3601 2379">
     <span class='ocr_line' id='line_1_67' title="bbox 2046 2306 3601 2379; baseline -0.003 -18"><span class='ocrx_word' id='word_1_522' title='bbox 2046 2328 2065 2361; x_wconf 79' lang='grc' dir='ltr'><strong>ι</strong></span> <span class='ocrx_word' id='word_1_523' title='bbox 2088 2309 2169 2364; x_wconf 79' lang='lat' dir='ltr'><strong>Ad</strong></span> <span class='ocrx_word' id='word_1_524' title='bbox 2191 2323 2347 2379; x_wconf 84' lang='lat' dir='ltr'><strong>reges</strong></span> <span class='ocrx_word' id='word_1_525' title='bbox 2373 2318 2431 2365; x_wconf 90' lang='lat' dir='ltr'><strong>et</strong></span> <span class='ocrx_word' id='word_1_526' title='bbox 2451 2308 2520 2363; x_wconf 87' lang='lat' dir='ltr'><strong>ad</strong></span> <span class='ocrx_word' id='word_1_527' title='bbox 2550 2307 2816 2379; x_wconf 72' lang='lat' dir='ltr'><strong>praesides</strong></span> <span class='ocrx_word' id='word_1_528' title='bbox 2831 2306 3111 2363; x_wconf 88' lang='lat' dir='ltr'><strong>ducemini</strong></span> <span class='ocrx_word' id='word_1_529' title='bbox 3141 2308 3367 2377; x_wconf 86' lang='lat' dir='ltr'><strong>propter</strong></span> <span class='ocrx_word' id='word_1_530' title='bbox 3396 2320 3483 2361; x_wconf 91' lang='lat' dir='ltr'><strong>me</strong></span> <span class='ocrx_word' id='word_1_531' title='bbox 3503 2306 3567 2359; x_wconf 82' lang='grc'><strong>³⁸.</strong></span> <span class='ocrx_word' id='word_1_532' title='bbox 3582 2318 3601 2357; x_wconf 73' lang='lat' dir='ltr'><strong>i</strong></span> 
     </span>
    </p>
   </div>
   <div class='ocr_carea' id='block_1_68' title="bbox 2038 2396 3605 2473">
    <p class='ocr_par' dir='ltr' id='par_1_68' title="bbox 2038 2396 3605 2473">
     <span class='ocr_line' id='line_1_68' title="bbox 2038 2396 3605 2473; baseline -0.003 -16"><span class='ocrx_word' id='word_1_533' title='bbox 2038 2401 2155 2458; x_wconf 85' lang='lat' dir='ltr'><strong>Hoc</strong></span> <span class='ocrx_word' id='word_1_534' title='bbox 2196 2402 2365 2473; x_wconf 82' lang='lat' dir='ltr'><strong>igitur</strong></span> <span class='ocrx_word' id='word_1_535' title='bbox 2401 2402 2581 2456; x_wconf 90' lang='lat' dir='ltr'><strong>solum</strong></span> <span class='ocrx_word' id='word_1_536' title='bbox 2629 2406 2903 2469; x_wconf 82' lang='lat' dir='ltr'><strong>superest,</strong></span> <span class='ocrx_word' id='word_1_537' title='bbox 2935 2398 3084 2468; x_wconf 86' lang='lat' dir='ltr'><strong>quod</strong></span> <span class='ocrx_word' id='word_1_538' title='bbox 3131 2397 3464 2453; x_wconf 87' lang='lat' dir='ltr'><strong>concludere</strong></span> <span class='ocrx_word' id='word_1_539' title='bbox 3504 2396 3605 2452; x_wconf 41' lang='lat' dir='ltr'><strong>de;</strong></span> 
     </span>
    </p>
   </div>
   <div class='ocr_carea' id='block_1_69' title="bbox 2041 2490 3611 2561">
    <p class='ocr_par' dir='ltr' id='par_1_69' title="bbox 2041 2490 3611 2561">
     <span class='ocr_line' id='line_1_69' title="bbox 2041 2490 3611 2561; baseline -0.004 -12"><span class='ocrx_word' id='word_1_540' title='bbox 2041 2493 2218 2549; x_wconf 88' lang='lat' dir='ltr'><strong>beatis</strong></span> <span class='ocrx_word' id='word_1_541' title='bbox 2253 2510 2266 2545; x_wconf 92' lang='lat'><strong>:</strong></span> <span class='ocrx_word' id='word_1_542' title='bbox 2299 2491 2428 2547; x_wconf 88' lang='lat' dir='ltr'><strong>odio</strong></span> <span class='ocrx_word' id='word_1_543' title='bbox 2456 2506 2656 2561; x_wconf 88' lang='lat' dir='ltr'><strong>nempe</strong></span> <span class='ocrx_word' id='word_1_544' title='bbox 2684 2496 2869 2546; x_wconf 79' lang='lat' dir='ltr'><strong>vestro</strong></span> <span class='ocrx_word' id='word_1_545' title='bbox 2907 2490 3197 2545; x_wconf 86' lang='lat' dir='ltr'><strong>adversum</strong></span> <span class='ocrx_word' id='word_1_546' title='bbox 3228 2490 3351 2555; x_wconf 78' lang='lat' dir='ltr'><strong>nes,</strong></span> <span class='ocrx_word' id='word_1_547' title='bbox 3388 2490 3611 2560; x_wconf 85' lang='lat' dir='ltr'><strong>perspi-</strong></span> 
     </span>
    </p>
   </div>
   <div class='ocr_carea' id='block_1_70' title="bbox 2042 2579 3609 2652">
    <p class='ocr_par' dir='ltr' id='par_1_70' title="bbox 2042 2579 3609 2652">
     <span class='ocr_line' id='line_1_70' title="bbox 2042 2579 3609 2652; baseline -0.003 -13"><span class='ocrx_word' id='word_1_548' title='bbox 2042 2600 2145 2640; x_wconf 91' lang='lat' dir='ltr'><strong>cue</strong></span> <span class='ocrx_word' id='word_1_549' title='bbox 2172 2582 2564 2639; x_wconf 87' lang='lat' dir='ltr'><strong>demonstratis</strong></span> <span class='ocrx_word' id='word_1_550' title='bbox 2601 2597 2734 2638; x_wconf 88' lang='lat' dir='ltr'><strong>vera</strong></span> <span class='ocrx_word' id='word_1_551' title='bbox 2769 2581 3130 2652; x_wconf 86' lang='lat' dir='ltr'><strong>prophetasse</strong></span> <span class='ocrx_word' id='word_1_552' title='bbox 3148 2579 3452 2643; x_wconf 86' lang='lat' dir='ltr'><strong>Christum,</strong></span> <span class='ocrx_word' id='word_1_553' title='bbox 3476 2580 3609 2635; x_wconf 89' lang='lat' dir='ltr'><strong>dum</strong></span> 
     </span>
    </p>
   </div>
   <div class='ocr_carea' id='block_1_71' title="bbox 2041 2668 3611 2742">
    <p class='ocr_par' dir='ltr' id='par_1_71' title="bbox 2041 2668 3611 2742">
     <span class='ocr_line' id='line_1_71' title="bbox 2041 2668 3611 2742; baseline -0.004 -12"><span class='ocrx_word' id='word_1_554' title='bbox 2041 2676 2296 2731; x_wconf 90' lang='lat' dir='ltr'><strong>diceret:</strong></span> <span class='ocrx_word' id='word_1_555' title='bbox 2359 2692 2378 2727; x_wconf 77' lang='grc' dir='ltr'>σ</span> <span class='ocrx_word' id='word_1_556' title='bbox 2421 2673 2563 2730; x_wconf 90' lang='lat' dir='ltr'><strong>Odio</strong></span> <span class='ocrx_word' id='word_1_557' title='bbox 2601 2672 2773 2728; x_wconf 84' lang='lat' dir='ltr'><strong>eritis</strong></span> <span class='ocrx_word' id='word_1_558' title='bbox 2826 2671 3085 2727; x_wconf 88' lang='lat' dir='ltr'><strong>omnibus</strong></span> <span class='ocrx_word' id='word_1_559' title='bbox 3134 2680 3361 2742; x_wconf 78' lang='lat' dir='ltr'><strong>propter</strong></span> <span class='ocrx_word' id='word_1_560' title='bbox 3408 2668 3611 2725; x_wconf 81' lang='lat' dir='ltr'><strong>nomen</strong></span> 
     </span>
    </p>
   </div>
   <div class='ocr_carea' id='block_1_72' title="bbox 2042 2763 3614 2835">
    <p class='ocr_par' dir='ltr' id='par_1_72' title="bbox 2042 2763 3614 2835">
     <span class='ocr_line' id='line_1_72' title="bbox 2042 2763 3614 2835; baseline -0.003 -14"><span class='ocrx_word' id='word_1_561' title='bbox 2042 2778 2248 2821; x_wconf 88' lang='lat' dir='ltr'><strong>meum.</strong></span> <span class='ocrx_word' id='word_1_562' title='bbox 2276 2784 2295 2815; x_wconf 79' lang='grc' dir='ltr'><strong>ι</strong></span> <span class='ocrx_word' id='word_1_563' title='bbox 2339 2765 2531 2835; x_wconf 87' lang='lat' dir='ltr'><strong>Neque</strong></span> <span class='ocrx_word' id='word_1_564' title='bbox 2562 2764 2698 2819; x_wconf 88' lang='lat' dir='ltr'><strong>illud</strong></span> <span class='ocrx_word' id='word_1_565' title='bbox 2725 2771 2962 2827; x_wconf 85' lang='lat' dir='ltr'><strong>tantum,</strong></span> <span class='ocrx_word' id='word_1_566' title='bbox 2998 2763 3096 2819; x_wconf 72' lang='lat' dir='ltr'><strong>Sed</strong></span> <span class='ocrx_word' id='word_1_567' title='bbox 3130 2763 3302 2818; x_wconf 85' lang='lat' dir='ltr'><strong>multa</strong></span> <span class='ocrx_word' id='word_1_568' title='bbox 3343 2763 3449 2817; x_wconf 84' lang='lat' dir='ltr'><strong>alia</strong></span> <span class='ocrx_word' id='word_1_569' title='bbox 3474 2776 3614 2833; x_wconf 74' lang='lat' dir='ltr'><strong>prte-</strong></span> 
     </span>
    </p>
   </div>
   <div class='ocr_carea' id='block_1_73' title="bbox 2044 2851 3612 2925">
    <p class='ocr_par' dir='ltr' id='par_1_73' title="bbox 2044 2851 3612 2925">
     <span class='ocr_line' id='line_1_73' title="bbox 2044 2851 3612 2925; baseline -0.004 -14"><span class='ocrx_word' id='word_1_570' title='bbox 2044 2855 2205 2921; x_wconf 80' lang='lat' dir='ltr'><strong>dixit,</strong></span> <span class='ocrx_word' id='word_1_571' title='bbox 2229 2870 2352 2925; x_wconf 75' lang='lat' dir='ltr'><strong>quae</strong></span> <span class='ocrx_word' id='word_1_572' title='bbox 2377 2854 2627 2925; x_wconf 89' lang='lat' dir='ltr'><strong>quotidie</strong></span> <span class='ocrx_word' id='word_1_573' title='bbox 2656 2854 2725 2909; x_wconf 87' lang='lat' dir='ltr'><strong>ad</strong></span> <span class='ocrx_word' id='word_1_574' title='bbox 2751 2853 3010 2908; x_wconf 78' lang='lat' dir='ltr'><strong>eﬂcctum</strong></span> <span class='ocrx_word' id='word_1_575' title='bbox 3041 2852 3305 2922; x_wconf 88' lang='lat' dir='ltr'><strong>perducta</strong></span> <span class='ocrx_word' id='word_1_576' title='bbox 3337 2851 3612 2921; x_wconf 88' lang='lat' dir='ltr'><strong>conspici-</strong></span> 
     </span>
    </p>
   </div>
   <div class='ocr_carea' id='block_1_74' title="bbox 2044 2942 3612 3015">
    <p class='ocr_par' dir='ltr' id='par_1_74' title="bbox 2044 2942 3612 3015">
     <span class='ocr_line' id='line_1_74' title="bbox 2044 2942 3612 3015; baseline -0.004 -12"><span class='ocrx_word' id='word_1_577' title='bbox 2044 2962 2188 3013; x_wconf 91' lang='lat' dir='ltr'><strong>mus,</strong></span> <span class='ocrx_word' id='word_1_578' title='bbox 2235 2946 2382 3002; x_wconf 90' lang='lat' dir='ltr'><strong>unde</strong></span> <span class='ocrx_word' id='word_1_579' title='bbox 2426 2945 2600 3015; x_wconf 84' lang='lat' dir='ltr'><strong>magis</strong></span> <span class='ocrx_word' id='word_1_580' title='bbox 2651 2945 2708 3000; x_wconf 88' lang='lat' dir='ltr'><strong>in</strong></span> <span class='ocrx_word' id='word_1_581' title='bbox 2762 2944 2954 3015; x_wconf 85' lang='lat' dir='ltr'><strong>ipsius,</strong></span> <span class='ocrx_word' id='word_1_582' title='bbox 3003 2951 3066 2998; x_wconf 93' lang='lat' dir='ltr'><strong>ut</strong></span> <span class='ocrx_word' id='word_1_583' title='bbox 3118 2942 3241 3008; x_wconf 84' lang='lat' dir='ltr'><strong>Dei,</strong></span> <span class='ocrx_word' id='word_1_584' title='bbox 3291 2942 3612 2997; x_wconf 81' lang='lat' dir='ltr'><strong>adoratione</strong></span> 
     </span>
    </p>
   </div>
   <div class='ocr_carea' id='block_1_75' title="bbox 2044 3032 3614 3104">
    <p class='ocr_par' dir='ltr' id='par_1_75' title="bbox 2044 3032 3614 3104">
     <span class='ocr_line' id='line_1_75' title="bbox 2044 3032 3614 3104; baseline -0.004 -10"><span class='ocrx_word' id='word_1_585' title='bbox 2044 3039 2457 3094; x_wconf 81' lang='lat' dir='ltr'><strong>conﬂrmamur.</strong></span> <span class='ocrx_word' id='word_1_586' title='bbox 2489 3036 2637 3091; x_wconf 80' lang='lat' dir='ltr'><strong>Dixit</strong></span> <span class='ocrx_word' id='word_1_587' title='bbox 2667 3034 2816 3091; x_wconf 89' lang='lat' dir='ltr'><strong>enim</strong></span> <span class='ocrx_word' id='word_1_588' title='bbox 2872 3034 3230 3104; x_wconf 64' lang='lat' dir='ltr'><strong>praedicatum</strong></span> <span class='ocrx_word' id='word_1_589' title='bbox 3256 3032 3325 3088; x_wconf 91' lang='lat' dir='ltr'><strong>iri</strong></span> <span class='ocrx_word' id='word_1_590' title='bbox 3371 3033 3614 3103; x_wconf 82' lang='lat' dir='ltr'><strong>Evange-</strong></span> 
     </span>
    </p>
   </div>
   <div class='ocr_carea' id='block_1_76' title="bbox 2045 3123 3613 3196">
    <p class='ocr_par' dir='ltr' id='par_1_76' title="bbox 2045 3123 3613 3196">
     <span class='ocr_line' id='line_1_76' title="bbox 2045 3123 3613 3196; baseline -0.003 -12"><span class='ocrx_word' id='word_1_591' title='bbox 2045 3130 2179 3185; x_wconf 92' lang='lat' dir='ltr'><strong>lium</strong></span> <span class='ocrx_word' id='word_1_592' title='bbox 2211 3142 2373 3183; x_wconf 90' lang='lat' dir='ltr'><strong>suum</strong></span> <span class='ocrx_word' id='word_1_593' title='bbox 2418 3128 2475 3182; x_wconf 89' lang='lat' dir='ltr'><strong>in</strong></span> <span class='ocrx_word' id='word_1_594' title='bbox 2517 3127 2777 3182; x_wconf 88' lang='lat' dir='ltr'><strong>universo</strong></span> <span class='ocrx_word' id='word_1_595' title='bbox 2812 3124 3052 3192; x_wconf 86' lang='lat' dir='ltr'><strong>mundo;</strong></span> <span class='ocrx_word' id='word_1_596' title='bbox 3079 3123 3333 3196; x_wconf 74' lang='lat' dir='ltr'><strong>pmdixit</strong></span> <span class='ocrx_word' id='word_1_597' title='bbox 3379 3138 3491 3180; x_wconf 83' lang='lat' dir='ltr'><strong>non</strong></span> <span class='ocrx_word' id='word_1_598' title='bbox 3522 3140 3613 3179; x_wconf 89' lang='lat' dir='ltr'><strong>re-</strong></span> 
     </span>
    </p>
   </div>
   <div class='ocr_carea' id='block_1_77' title="bbox 2046 3216 3610 3288">
    <p class='ocr_par' dir='ltr' id='par_1_77' title="bbox 2046 3216 3610 3288">
     <span class='ocr_line' id='line_1_77' title="bbox 2046 3216 3610 3288; baseline -0.003 -13"><span class='ocrx_word' id='word_1_599' title='bbox 2046 3234 2369 3276; x_wconf 89' lang='lat' dir='ltr'><strong>mansurum</strong></span> <span class='ocrx_word' id='word_1_600' title='bbox 2398 3216 2637 3288; x_wconf 85' lang='lat' dir='ltr'><strong>lapidem</strong></span> <span class='ocrx_word' id='word_1_601' title='bbox 2662 3232 2833 3287; x_wconf 89' lang='lat' dir='ltr'><strong>super</strong></span> <span class='ocrx_word' id='word_1_602' title='bbox 2847 3216 3085 3287; x_wconf 88' lang='lat' dir='ltr'><strong>lapidem</strong></span> <span class='ocrx_word' id='word_1_603' title='bbox 3105 3217 3162 3271; x_wconf 89' lang='lat' dir='ltr'><strong>in</strong></span> <span class='ocrx_word' id='word_1_604' title='bbox 3181 3216 3387 3286; x_wconf 89' lang='lat' dir='ltr'><strong>templo</strong></span> <span class='ocrx_word' id='word_1_605' title='bbox 3405 3223 3610 3280; x_wconf 83' lang='lat' dir='ltr'><strong>vestro;</strong></span> 
     </span>
    </p>
   </div>
   <div class='ocr_carea' id='block_1_78' title="bbox 2044 3305 3612 3377">
    <p class='ocr_par' dir='ltr' id='par_1_78' title="bbox 2044 3305 3612 3377">
     <span class='ocr_line' id='line_1_78' title="bbox 2044 3305 3612 3377; baseline -0.003 -12"><span class='ocrx_word' id='word_1_606' title='bbox 2044 3311 2218 3366; x_wconf 83' lang='lat' dir='ltr'><strong>dixit:</strong></span> <span class='ocrx_word' id='word_1_607' title='bbox 2258 3329 2277 3361; x_wconf 75' lang='grc' dir='ltr'><strong>ι</strong></span> <span class='ocrx_word' id='word_1_608' title='bbox 2313 3307 2416 3376; x_wconf 86' lang='lat' dir='ltr'><strong>Qui</strong></span> <span class='ocrx_word' id='word_1_609' title='bbox 2447 3324 2558 3363; x_wconf 90' lang='lat' dir='ltr'><strong>non</strong></span> <span class='ocrx_word' id='word_1_610' title='bbox 2594 3307 2859 3377; x_wconf 89' lang='lat' dir='ltr'><strong>relinquit</strong></span> <span class='ocrx_word' id='word_1_611' title='bbox 2879 3315 3093 3377; x_wconf 69' lang='lat' dir='ltr'><strong>patrem</strong></span> <span class='ocrx_word' id='word_1_612' title='bbox 3113 3313 3173 3360; x_wconf 91' lang='lat' dir='ltr'><strong>et</strong></span> <span class='ocrx_word' id='word_1_613' title='bbox 3200 3305 3403 3360; x_wconf 75' lang='lat' dir='ltr'><strong>fratres</strong></span> <span class='ocrx_word' id='word_1_614' title='bbox 3434 3316 3494 3360; x_wconf 89' lang='lat' dir='ltr'><strong>et</strong></span> <span class='ocrx_word' id='word_1_615' title='bbox 3519 3319 3612 3361; x_wconf 79' lang='lat' dir='ltr'><strong>so-</strong></span> 
     </span>
    </p>
   </div>
   <div class='ocr_carea' id='block_1_79' title="bbox 2045 3396 3614 3470">
    <p class='ocr_par' dir='ltr' id='par_1_79' title="bbox 2045 3396 3614 3470">
     <span class='ocr_line' id='line_1_79' title="bbox 2045 3396 3614 3470; baseline -0.003 -14"><span class='ocrx_word' id='word_1_616' title='bbox 2045 3417 2221 3467; x_wconf 86' lang='lat' dir='ltr'><strong>rores,</strong></span> <span class='ocrx_word' id='word_1_617' title='bbox 2250 3417 2363 3456; x_wconf 86' lang='lat' dir='ltr'><strong>non</strong></span> <span class='ocrx_word' id='word_1_618' title='bbox 2387 3406 2570 3470; x_wconf 87' lang='lat' dir='ltr'><strong>potest</strong></span> <span class='ocrx_word' id='word_1_619' title='bbox 2614 3398 2805 3453; x_wconf 88' lang='lat' dir='ltr'><strong>venire</strong></span> <span class='ocrx_word' id='word_1_620' title='bbox 2838 3406 2965 3467; x_wconf 88' lang='lat' dir='ltr'><strong>post</strong></span> <span class='ocrx_word' id='word_1_621' title='bbox 3002 3412 3090 3451; x_wconf 87' lang='lat' dir='ltr'><strong>me</strong></span> <span class='ocrx_word' id='word_1_622' title='bbox 3114 3398 3190 3463; x_wconf 75' lang='lat'><strong>&quot;;</strong></span> <span class='ocrx_word' id='word_1_623' title='bbox 3226 3415 3246 3449; x_wconf 73' lang='grc' dir='ltr'><strong>ι</strong></span> <span class='ocrx_word' id='word_1_624' title='bbox 3276 3396 3345 3451; x_wconf 89' lang='lat' dir='ltr'><strong>de</strong></span> <span class='ocrx_word' id='word_1_625' title='bbox 3377 3396 3614 3453; x_wconf 57' lang='lat' dir='ltr'><strong>eleemoc</strong></span> 
     </span>
    </p>
   </div>
   <div class='ocr_carea' id='block_1_80' title="bbox 2044 3484 3611 3562">
    <p class='ocr_par' dir='ltr' id='par_1_80' title="bbox 2044 3484 3611 3562">
     <span class='ocr_line' id='line_1_80' title="bbox 2044 3484 3611 3562; baseline -0.003 -18"><span class='ocrx_word' id='word_1_626' title='bbox 2044 3506 2176 3562; x_wconf 84' lang='lat' dir='ltr'><strong>syna</strong></span> <span class='ocrx_word' id='word_1_627' title='bbox 2228 3489 2493 3560; x_wconf 70' lang='lat' dir='ltr'><strong>praecepit</strong></span> <span class='ocrx_word' id='word_1_628' title='bbox 2533 3486 2719 3551; x_wconf 90' lang='lat' dir='ltr'><strong>nobis,</strong></span> <span class='ocrx_word' id='word_1_629' title='bbox 2766 3494 2829 3540; x_wconf 92' lang='lat' dir='ltr'><strong>ut</strong></span> <span class='ocrx_word' id='word_1_630' title='bbox 2870 3486 3109 3541; x_wconf 81' lang='lat' dir='ltr'><strong>latenter</strong></span> <span class='ocrx_word' id='word_1_631' title='bbox 3144 3500 3266 3541; x_wconf 81' lang='lat' dir='ltr'><strong>eam</strong></span> <span class='ocrx_word' id='word_1_632' title='bbox 3298 3484 3611 3551; x_wconf 80' lang='lat' dir='ltr'><strong>faciamus;</strong></span> 
     </span>
    </p>
   </div>
   <div class='ocr_carea' id='block_1_81' title="bbox 2043 3576 3612 3648">
    <p class='ocr_par' dir='ltr' id='par_1_81' title="bbox 2043 3576 3612 3648">
     <span class='ocr_line' id='line_1_81' title="bbox 2043 3576 3612 3648; baseline -0.002 -12"><span class='ocrx_word' id='word_1_633' title='bbox 2043 3583 2184 3637; x_wconf 82' lang='lat' dir='ltr'><strong>dixit</strong></span> <span class='ocrx_word' id='word_1_634' title='bbox 2214 3581 2411 3643; x_wconf 86' lang='lat' dir='ltr'><strong>nobis:</strong></span> <span class='ocrx_word' id='word_1_635' title='bbox 2444 3599 2462 3631; x_wconf 75' lang='grc' dir='ltr'><strong>ι</strong></span> <span class='ocrx_word' id='word_1_636' title='bbox 2498 3578 2857 3648; x_wconf 79' lang='lat' dir='ltr'><strong>Baptizamini</strong></span> <span class='ocrx_word' id='word_1_637' title='bbox 2885 3577 2941 3631; x_wconf 90' lang='lat' dir='ltr'><strong>in</strong></span> <span class='ocrx_word' id='word_1_638' title='bbox 2963 3577 3185 3634; x_wconf 84' lang='lat' dir='ltr'><strong>nomine</strong></span> <span class='ocrx_word' id='word_1_639' title='bbox 3210 3576 3392 3633; x_wconf 83' lang='lat' dir='ltr'><strong>Patris</strong></span> <span class='ocrx_word' id='word_1_640' title='bbox 3411 3585 3468 3631; x_wconf 91' lang='lat' dir='ltr'><strong>et</strong></span> <span class='ocrx_word' id='word_1_641' title='bbox 3488 3578 3612 3633; x_wconf 84' lang='lat' dir='ltr'><strong>Filii</strong></span> 
     </span>
    </p>
   </div>
   <div class='ocr_carea' id='block_1_82' title="bbox 2043 3665 3613 3738">
    <p class='ocr_par' dir='ltr' id='par_1_82' title="bbox 2043 3665 3613 3738">
     <span class='ocr_line' id='line_1_82' title="bbox 2043 3665 3613 3738; baseline -0.001 -15"><span class='ocrx_word' id='word_1_642' title='bbox 2043 3678 2100 3723; x_wconf 89' lang='lat' dir='ltr'><strong>et</strong></span> <span class='ocrx_word' id='word_1_643' title='bbox 2127 3667 2367 3738; x_wconf 87' lang='lat' dir='ltr'><strong>Spiritus</strong></span> <span class='ocrx_word' id='word_1_644' title='bbox 2395 3665 2604 3733; x_wconf 79' lang='lat' dir='ltr'><strong>sancti;</strong></span> <span class='ocrx_word' id='word_1_645' title='bbox 2640 3685 2659 3718; x_wconf 75' lang='grc' dir='ltr'><strong>ι</strong></span> <span class='ocrx_word' id='word_1_646' title='bbox 2695 3674 2753 3720; x_wconf 88' lang='lat' dir='ltr'><strong>et</strong></span> <span class='ocrx_word' id='word_1_647' title='bbox 2782 3665 2983 3720; x_wconf 85' lang='lat' dir='ltr'><strong>iterum</strong></span> <span class='ocrx_word' id='word_1_648' title='bbox 3009 3682 3023 3719; x_wconf 92' lang='lat'><strong>:</strong></span> <span class='ocrx_word' id='word_1_649' title='bbox 3055 3684 3073 3717; x_wconf 75' lang='grc' dir='ltr'><strong>ι</strong></span> <span class='ocrx_word' id='word_1_650' title='bbox 3104 3666 3247 3721; x_wconf 85' lang='lat' dir='ltr'><strong>Ecce</strong></span> <span class='ocrx_word' id='word_1_651' title='bbox 3288 3681 3391 3736; x_wconf 89' lang='lat' dir='ltr'><strong>ego</strong></span> <span class='ocrx_word' id='word_1_652' title='bbox 3423 3666 3613 3721; x_wconf 86' lang='lat' dir='ltr'><strong>vobis-</strong></span> 
     </span>
    </p>
   </div>
   <div class='ocr_carea' id='block_1_83' title="bbox 2044 3756 3605 3828">
    <p class='ocr_par' dir='ltr' id='par_1_83' title="bbox 2044 3756 3605 3828">
     <span class='ocr_line' id='line_1_83' title="bbox 2044 3756 3605 3828; baseline -0.004 -15"><span class='ocrx_word' id='word_1_653' title='bbox 2044 3774 2170 3813; x_wconf 88' lang='lat' dir='ltr'><strong>cum</strong></span> <span class='ocrx_word' id='word_1_654' title='bbox 2215 3773 2337 3813; x_wconf 89' lang='lat' dir='ltr'><strong>sum</strong></span> <span class='ocrx_word' id='word_1_655' title='bbox 2388 3772 2565 3828; x_wconf 89' lang='lat' dir='ltr'><strong>usque</strong></span> <span class='ocrx_word' id='word_1_656' title='bbox 2587 3756 2655 3811; x_wconf 89' lang='lat' dir='ltr'><strong>ad</strong></span> <span class='ocrx_word' id='word_1_657' title='bbox 2686 3756 3217 3812; x_wconf 86' lang='lat' dir='ltr'><strong>consummationem</strong></span> <span class='ocrx_word' id='word_1_658' title='bbox 3261 3756 3535 3812; x_wconf 60' lang='lat' dir='ltr'><strong>saeculi“.</strong></span> <span class='ocrx_word' id='word_1_659' title='bbox 3585 3774 3605 3807; x_wconf 76' lang='grc' dir='ltr'><strong>ι</strong></span> 
     </span>
    </p>
   </div>
   <div class='ocr_carea' id='block_1_84' title="bbox 2045 3847 3614 3920">
    <p class='ocr_par' dir='ltr' id='par_1_84' title="bbox 2045 3847 3614 3920">
     <span class='ocr_line' id='line_1_84' title="bbox 2045 3847 3614 3920; baseline -0.001 -15"><span class='ocrx_word' id='word_1_660' title='bbox 2045 3850 2251 3919; x_wconf 86' lang='lat' dir='ltr'><strong>Ecquis</strong></span> <span class='ocrx_word' id='word_1_661' title='bbox 2296 3848 2466 3920; x_wconf 85' lang='lat' dir='ltr'><strong>igitur</strong></span> <span class='ocrx_word' id='word_1_662' title='bbox 2499 3847 2781 3904; x_wconf 90' lang='lat' dir='ltr'><strong>Christum</strong></span> <span class='ocrx_word' id='word_1_663' title='bbox 2824 3848 3002 3918; x_wconf 87' lang='lat' dir='ltr'><strong>possit</strong></span> <span class='ocrx_word' id='word_1_664' title='bbox 3052 3848 3324 3904; x_wconf 89' lang='lat' dir='ltr'><strong>mendacii</strong></span> <span class='ocrx_word' id='word_1_665' title='bbox 3380 3862 3614 3920; x_wconf 72' lang='lat' dir='ltr'><strong>arguere</strong></span> 
     </span>
    </p>
   </div>
   <div class='ocr_carea' id='block_1_85' title="bbox 2046 3938 3616 4008">
    <p class='ocr_par' dir='ltr' id='par_1_85' title="bbox 2046 3938 3616 4008">
     <span class='ocr_line' id='line_1_85' title="bbox 2046 3938 3616 4008; baseline -0.002 -12"><span class='ocrx_word' id='word_1_666' title='bbox 2046 3939 2195 3996; x_wconf 90' lang='lat' dir='ltr'><strong>circa</strong></span> <span class='ocrx_word' id='word_1_667' title='bbox 2221 3940 2322 3994; x_wconf 88' lang='lat' dir='ltr'><strong>has</strong></span> <span class='ocrx_word' id='word_1_668' title='bbox 2342 3954 2534 3994; x_wconf 86' lang='lat' dir='ltr'><strong>omnes</strong></span> <span class='ocrx_word' id='word_1_669' title='bbox 2559 3938 2988 4008; x_wconf 69' lang='lat' dir='ltr'><strong>pmdictiones?</strong></span> <span class='ocrx_word' id='word_1_670' title='bbox 3016 3939 3188 3993; x_wconf 86' lang='lat' dir='ltr'><strong>Nemo</strong></span> <span class='ocrx_word' id='word_1_671' title='bbox 3213 3954 3382 4006; x_wconf 88' lang='lat' dir='ltr'><strong>sane;</strong></span> <span class='ocrx_word' id='word_1_672' title='bbox 3410 3939 3532 4004; x_wconf 89' lang='lat' dir='ltr'><strong>sed,</strong></span> <span class='ocrx_word' id='word_1_673' title='bbox 3552 3947 3616 3994; x_wconf 91' lang='lat' dir='ltr'><strong>ut</strong></span> 
     </span>
    </p>
   </div>
   <div class='ocr_carea' id='block_1_86' title="bbox 2041 4028 3615 4102">
    <p class='ocr_par' dir='ltr' id='par_1_86' title="bbox 2041 4028 3615 4102">
     <span class='ocr_line' id='line_1_86' title="bbox 2041 4028 3615 4102; baseline 0.001 -17"><span class='ocrx_word' id='word_1_674' title='bbox 2041 4032 2151 4102; x_wconf 72' lang='lat' dir='ltr'><strong>iam</strong></span> <span class='ocrx_word' id='word_1_675' title='bbox 2185 4030 2446 4095; x_wconf 83' lang='lat' dir='ltr'><strong>diximus,</strong></span> <span class='ocrx_word' id='word_1_676' title='bbox 2471 4030 2655 4084; x_wconf 90' lang='lat' dir='ltr'><strong>omnia</strong></span> <span class='ocrx_word' id='word_1_677' title='bbox 2680 4029 2747 4083; x_wconf 83' lang='lat' dir='ltr'><strong>ad</strong></span> <span class='ocrx_word' id='word_1_678' title='bbox 2788 4028 3046 4083; x_wconf 82' lang='lat' dir='ltr'><strong>eﬂ‘ectum</strong></span> <span class='ocrx_word' id='word_1_679' title='bbox 3084 4029 3349 4098; x_wconf 90' lang='lat' dir='ltr'><strong>perducta</strong></span> <span class='ocrx_word' id='word_1_680' title='bbox 3378 4040 3528 4096; x_wconf 89' lang='lat' dir='ltr'><strong>sunt,</strong></span> <span class='ocrx_word' id='word_1_681' title='bbox 3558 4043 3615 4087; x_wconf 89' lang='lat' dir='ltr'><strong>et</strong></span> 
     </span>
    </p>
   </div>
   <div class='ocr_carea' id='block_1_87' title="bbox 2046 4121 3616 4194">
    <p class='ocr_par' dir='ltr' id='par_1_87' title="bbox 2046 4121 3616 4194">
     <span class='ocr_line' id='line_1_87' title="bbox 2046 4121 3616 4194; baseline 0 -16"><span class='ocrx_word' id='word_1_682' title='bbox 2046 4122 2448 4194; x_wconf 87' lang='lat' dir='ltr'><strong>perducuntur.</strong></span> <span class='ocrx_word' id='word_1_683' title='bbox 2472 4121 2668 4177; x_wconf 86' lang='lat' dir='ltr'><strong>Nonne</strong></span> <span class='ocrx_word' id='word_1_684' title='bbox 2694 4121 2960 4191; x_wconf 89' lang='lat' dir='ltr'><strong>templum</strong></span> <span class='ocrx_word' id='word_1_685' title='bbox 2985 4130 3230 4176; x_wconf 77' lang='lat' dir='ltr'><strong>vestrum</strong></span> <span class='ocrx_word' id='word_1_686' title='bbox 3261 4121 3507 4177; x_wconf 86' lang='lat' dir='ltr'><strong>dirutum</strong></span> <span class='ocrx_word' id='word_1_687' title='bbox 3529 4133 3616 4178; x_wconf 85' lang='lat' dir='ltr'><strong>est</strong></span> 
     </span>
    </p>
   </div>
   <div class='ocr_carea' id='block_1_88' title="bbox 2046 4210 3615 4284">
    <p class='ocr_par' dir='ltr' id='par_1_88' title="bbox 2046 4210 3615 4284">
     <span class='ocr_line' id='line_1_88' title="bbox 2046 4210 3615 4284; baseline -0.001 -15"><span class='ocrx_word' id='word_1_688' title='bbox 2046 4222 2105 4269; x_wconf 90' lang='lat' dir='ltr'><strong>et</strong></span> <span class='ocrx_word' id='word_1_689' title='bbox 2136 4212 2522 4269; x_wconf 84' lang='lat' dir='ltr'><strong>combustum?</strong></span> <span class='ocrx_word' id='word_1_690' title='bbox 2548 4211 2744 4267; x_wconf 90' lang='lat' dir='ltr'><strong>Nonne</strong></span> <span class='ocrx_word' id='word_1_691' title='bbox 2769 4210 3123 4281; x_wconf 69' lang='lat' dir='ltr'><strong>praedicatum</strong></span> <span class='ocrx_word' id='word_1_692' title='bbox 3143 4221 3231 4267; x_wconf 90' lang='lat' dir='ltr'><strong>est</strong></span> <span class='ocrx_word' id='word_1_693' title='bbox 3261 4213 3615 4284; x_wconf 73' lang='lat' dir='ltr'><strong>Erangelium</strong></span> 
     </span>
    </p>
   </div>
   <div class='ocr_carea' id='block_1_89' title="bbox 2048 4302 3617 4378">
    <p class='ocr_par' dir='ltr' id='par_1_89' title="bbox 2048 4302 3617 4378">
     <span class='ocr_line' id='line_1_89' title="bbox 2048 4302 3617 4378; baseline -0.002 -17"><span class='ocrx_word' id='word_1_694' title='bbox 2048 4306 2171 4378; x_wconf 85' lang='lat' dir='ltr'><strong>ejus</strong></span> <span class='ocrx_word' id='word_1_695' title='bbox 2225 4305 2281 4360; x_wconf 90' lang='lat' dir='ltr'><strong>in</strong></span> <span class='ocrx_word' id='word_1_696' title='bbox 2339 4305 2600 4359; x_wconf 84' lang='lat' dir='ltr'><strong>universo</strong></span> <span class='ocrx_word' id='word_1_697' title='bbox 2650 4302 2897 4359; x_wconf 83' lang='lat' dir='ltr'><strong>mundo?</strong></span> <span class='ocrx_word' id='word_1_698' title='bbox 2936 4303 3131 4359; x_wconf 88' lang='lat' dir='ltr'><strong>Nonne</strong></span> <span class='ocrx_word' id='word_1_699' title='bbox 3179 4304 3308 4359; x_wconf 92' lang='lat' dir='ltr'><strong>odio</strong></span> <span class='ocrx_word' id='word_1_700' title='bbox 3348 4305 3617 4359; x_wconf 86' lang='lat' dir='ltr'><strong>habemur</strong></span> 
     </span>
    </p>
   </div>
   <div class='ocr_carea' id='block_1_90' title="bbox 2048 4395 3617 4467">
    <p class='ocr_par' dir='ltr' id='par_1_90' title="bbox 2048 4395 3617 4467">
     <span class='ocr_line' id='line_1_90' title="bbox 2048 4395 3617 4467; baseline -0.002 -12"><span class='ocrx_word' id='word_1_701' title='bbox 2048 4415 2150 4455; x_wconf 90' lang='lat' dir='ltr'><strong>nos</strong></span> <span class='ocrx_word' id='word_1_702' title='bbox 2173 4396 2473 4453; x_wconf 88' lang='lat' dir='ltr'><strong>Christiani</strong></span> <span class='ocrx_word' id='word_1_703' title='bbox 2497 4395 2567 4451; x_wconf 89' lang='lat' dir='ltr'><strong>ab</strong></span> <span class='ocrx_word' id='word_1_704' title='bbox 2590 4395 2848 4451; x_wconf 88' lang='lat' dir='ltr'><strong>omnibus</strong></span> <span class='ocrx_word' id='word_1_705' title='bbox 2877 4395 3133 4466; x_wconf 77' lang='lat' dir='ltr'><strong>gentibus</strong></span> <span class='ocrx_word' id='word_1_706' title='bbox 3158 4405 3383 4467; x_wconf 87' lang='lat' dir='ltr'><strong>propter</strong></span> <span class='ocrx_word' id='word_1_707' title='bbox 3414 4411 3617 4452; x_wconf 89' lang='lat' dir='ltr'><strong>nomen</strong></span> 
     </span>
    </p>
   </div>
   <div class='ocr_carea' id='block_1_91' title="bbox 2049 4489 3621 4563">
    <p class='ocr_par' dir='ltr' id='par_1_91' title="bbox 2049 4489 3621 4563">
     <span class='ocr_line' id='line_1_91' title="bbox 2049 4489 3621 4563; baseline -0.001 -16"><span class='ocrx_word' id='word_1_708' title='bbox 2049 4492 2204 4563; x_wconf 85' lang='lat' dir='ltr'><strong>ejus?</strong></span> <span class='ocrx_word' id='word_1_709' title='bbox 2240 4492 2433 4547; x_wconf 88' lang='lat' dir='ltr'><strong>Nonne</strong></span> <span class='ocrx_word' id='word_1_710' title='bbox 2463 4490 2716 4546; x_wconf 87' lang='lat' dir='ltr'><strong>videmus</strong></span> <span class='ocrx_word' id='word_1_711' title='bbox 2757 4489 3191 4545; x_wconf 88' lang='lat' dir='ltr'><strong>innumerabiles</strong></span> <span class='ocrx_word' id='word_1_712' title='bbox 3216 4530 3231 4553; x_wconf 93' lang='lat'><strong>,</strong></span> <span class='ocrx_word' id='word_1_713' title='bbox 3269 4489 3521 4560; x_wconf 89' lang='lat' dir='ltr'><strong>patribus</strong></span> <span class='ocrx_word' id='word_1_714' title='bbox 3560 4501 3621 4546; x_wconf 89' lang='lat' dir='ltr'><strong>et</strong></span> 
     </span>
    </p>
   </div>
   <div class='ocr_carea' id='block_1_92' title="bbox 383 4578 1939 4658">
    <p class='ocr_par' dir='ltr' id='par_1_92' title="bbox 383 4578 1939 4658">
     <span class='ocr_line' id='line_1_92' title="bbox 383 4578 1939 4658; baseline -0.001 -17"><span class='ocrx_word' id='word_1_715' title='bbox 383 4578 562 4653; x_wconf 79' lang='grc' dir='ltr'>πάσας</span> <span class='ocrx_word' id='word_1_716' title='bbox 588 4588 682 4651; x_wconf 82' lang='grc' dir='ltr'><strong>τὰς</strong></span> <span class='ocrx_word' id='word_1_717' title='bbox 702 4588 911 4658; x_wconf 79' lang='grc' dir='ltr'>ἡμέρας</span> <span class='ocrx_word' id='word_1_718' title='bbox 930 4585 1038 4649; x_wconf 75' lang='grc' dir='ltr'>’ἕως</span> <span class='ocrx_word' id='word_1_719' title='bbox 1048 4586 1146 4655; x_wconf 81' lang='grc' dir='ltr'>τῆς</span> <span class='ocrx_word' id='word_1_720' title='bbox 1165 4586 1479 4649; x_wconf 86' lang='grc' dir='ltr'>συντελείας</span> <span class='ocrx_word' id='word_1_721' title='bbox 1499 4585 1595 4639; x_wconf 86' lang='grc' dir='ltr'><strong>τοῦ</strong></span> <span class='ocrx_word' id='word_1_722' title='bbox 1627 4584 1843 4653; x_wconf 86' lang='grc' dir='ltr'>αἰῶνος,</span> <span class='ocrx_word' id='word_1_723' title='bbox 1877 4586 1939 4656; x_wconf 74' lang='grc' dir='ltr'><strong>μ’)</strong></span> 
     </span>
    </p>
   </div>
   <div class='ocr_carea' id='block_1_93' title="bbox 2043 4578 3619 4658">
    <p class='ocr_par' dir='ltr' id='par_1_93' title="bbox 2055 4582 3619 4652">
     <span class='ocr_line' id='line_1_93' title="bbox 2055 4582 3619 4652; baseline -0.001 -13"><span class='ocrx_word' id='word_1_724' title='bbox 2055 4585 2327 4640; x_wconf 84' lang='lat' dir='ltr'><strong>matribus</strong></span> <span class='ocrx_word' id='word_1_725' title='bbox 2351 4583 2582 4647; x_wconf 88' lang='lat' dir='ltr'><strong>relictis,</strong></span> <span class='ocrx_word' id='word_1_726' title='bbox 2607 4582 2763 4637; x_wconf 89' lang='lat' dir='ltr'><strong>illum</strong></span> <span class='ocrx_word' id='word_1_727' title='bbox 2792 4582 3130 4652; x_wconf 86' lang='lat' dir='ltr'><strong>sequentes?</strong></span> <span class='ocrx_word' id='word_1_728' title='bbox 3164 4582 3357 4637; x_wconf 89' lang='lat' dir='ltr'><strong>Nonne</strong></span> <span class='ocrx_word' id='word_1_729' title='bbox 3402 4583 3619 4652; x_wconf 84' lang='lat' dir='ltr'><strong>perspi-</strong></span> 
     </span>
    </p>
   </div>
   <div class='ocr_carea' id='block_1_94' title="bbox 388 4675 1951 4747">
    <p class='ocr_par' dir='ltr' id='par_1_94' title="bbox 388 4675 1951 4747">
     <span class='ocr_line' id='line_1_94' title="bbox 388 4675 1951 4747; baseline -0.001 -18"><span class='ocrx_word' id='word_1_730' title='bbox 388 4676 683 4747; x_wconf 84' lang='grc' dir='ltr'>συγχωρῶν</span> <span class='ocrx_word' id='word_1_731' title='bbox 718 4675 1131 4746; x_wconf 81' lang='grc' dir='ltr'>καταργηθῆναι</span> <span class='ocrx_word' id='word_1_732' title='bbox 1154 4675 1253 4745; x_wconf 82' lang='grc' dir='ltr'>τὴν</span> <span class='ocrx_word' id='word_1_733' title='bbox 1274 4675 1458 4730; x_wconf 87' lang='grc' dir='ltr'>πίστιν</span> <span class='ocrx_word' id='word_1_734' title='bbox 1501 4677 1692 4747; x_wconf 80' lang='grc' dir='ltr'><strong>ήμῶν;</strong></span> <span class='ocrx_word' id='word_1_735' title='bbox 1734 4677 1830 4740; x_wconf 87' lang='grc' dir='ltr'><strong>Τίς</strong></span> <span class='ocrx_word' id='word_1_736' title='bbox 1858 4675 1951 4729; x_wconf 74' lang='grc' dir='ltr'><strong>οὖν</strong></span> 
     </span>
    </p>
   </div>
   <div class='ocr_carea' id='block_1_95' title="bbox 368 4766 1953 4841">
    <p class='ocr_par' dir='ltr' id='par_1_95' title="bbox 368 4766 1953 4841">
     <span class='ocr_line' id='line_1_95' title="bbox 368 4766 1953 4841; baseline 0.002 -23"><span class='ocrx_word' id='word_1_737' title='bbox 368 4767 599 4838; x_wconf 74' lang='grc' dir='ltr'>βλέπων</span> <span class='ocrx_word' id='word_1_738' title='bbox 626 4766 692 4820; x_wconf 84' lang='grc' dir='ltr'>τὰ</span> <span class='ocrx_word' id='word_1_739' title='bbox 715 4768 939 4821; x_wconf 88' lang='grc' dir='ltr'>τοιαῦτα</span> <span class='ocrx_word' id='word_1_740' title='bbox 962 4768 1054 4820; x_wconf 79' lang='grc' dir='ltr'>καὶ</span> <span class='ocrx_word' id='word_1_741' title='bbox 1076 4767 1144 4821; x_wconf 86' lang='grc' dir='ltr'>τὰ</span> <span class='ocrx_word' id='word_1_742' title='bbox 1167 4766 1405 4821; x_wconf 89' lang='grc' dir='ltr'>τοσαῦτα</span> <span class='ocrx_word' id='word_1_743' title='bbox 1424 4769 1590 4822; x_wconf 83' lang='grc' dir='ltr'>αὑτοῦ</span> <span class='ocrx_word' id='word_1_744' title='bbox 1613 4769 1833 4841; x_wconf 80' lang='grc' dir='ltr'>ῥήματα</span> <span class='ocrx_word' id='word_1_745' title='bbox 1857 4768 1953 4822; x_wconf 78' lang='grc' dir='ltr'>καὶ</span> 
     </span>
    </p>
   </div>
   <div class='ocr_carea' id='block_1_96' title="bbox 388 4855 1950 4930">
    <p class='ocr_par' dir='ltr' id='par_1_96' title="bbox 388 4855 1950 4930">
     <span class='ocr_line' id='line_1_96' title="bbox 388 4855 1950 4930; baseline 0.002 -21"><span class='ocrx_word' id='word_1_746' title='bbox 388 4859 709 4928; x_wconf 83' lang='grc' dir='ltr'>πράγματα,</span> <span class='ocrx_word' id='word_1_747' title='bbox 741 4857 884 4929; x_wconf 76' lang='grc' dir='ltr'>ἅπερ</span> <span class='ocrx_word' id='word_1_748' title='bbox 912 4855 1019 4928; x_wconf 82' lang='grc' dir='ltr'><strong>πρὸ</strong></span> <span class='ocrx_word' id='word_1_749' title='bbox 1049 4857 1256 4927; x_wconf 85' lang='grc' dir='ltr'>χρόνων</span> <span class='ocrx_word' id='word_1_750' title='bbox 1298 4857 1633 4911; x_wconf 85' lang='grc' dir='ltr'>ὀκτακοσίων</span> <span class='ocrx_word' id='word_1_751' title='bbox 1662 4858 1696 4930; x_wconf 79' lang='grc' dir='ltr'>ἣ</span> <span class='ocrx_word' id='word_1_752' title='bbox 1727 4860 1822 4913; x_wconf 80' lang='grc' dir='ltr'><strong>καὶ</strong></span> <span class='ocrx_word' id='word_1_753' title='bbox 1848 4859 1950 4912; x_wconf 59' lang='lat'><strong><em>:7:-</em></strong></span> 
     </span>
    </p>
   </div>
   <div class='ocr_carea' id='block_1_97' title="bbox 388 4945 1954 5017">
    <p class='ocr_par' dir='ltr' id='par_1_97' title="bbox 388 4945 1954 5017">
     <span class='ocr_line' id='line_1_97' title="bbox 388 4945 1954 5017; baseline 0 -17"><span class='ocrx_word' id='word_1_754' title='bbox 388 4947 572 5001; x_wconf 85' lang='grc' dir='ltr'>έκεινα</span> <span class='ocrx_word' id='word_1_755' title='bbox 594 4947 877 5017; x_wconf 83' lang='grc' dir='ltr'>προεῖπεν,</span> <span class='ocrx_word' id='word_1_756' title='bbox 905 4946 1146 5017; x_wconf 85' lang='grc' dir='ltr'>σήμερον</span> <span class='ocrx_word' id='word_1_757' title='bbox 1178 4945 1274 5000; x_wconf 76' lang='grc' dir='ltr'><strong>καὶ</strong></span> <span class='ocrx_word' id='word_1_758' title='bbox 1301 4945 1424 5001; x_wconf 84' lang='grc' dir='ltr'>καθ’</span> <span class='ocrx_word' id='word_1_759' title='bbox 1449 4946 1663 5017; x_wconf 73' lang='grc' dir='ltr'>ἡμέραν</span> <span class='ocrx_word' id='word_1_760' title='bbox 1692 4946 1954 5016; x_wconf 78' lang='grc' dir='ltr'>γινόμενα</span> 
     </span>
    </p>
   </div>
   <div class='ocr_carea' id='block_1_98' title="bbox 388 5034 1953 5108">
    <p class='ocr_par' dir='ltr' id='par_1_98' title="bbox 388 5034 1953 5108">
     <span class='ocr_line' id='line_1_98' title="bbox 388 5034 1953 5108; baseline -0.001 -19"><span class='ocrx_word' id='word_1_761' title='bbox 388 5038 481 5090; x_wconf 76' lang='grc' dir='ltr'><strong>καὶ</strong></span> <span class='ocrx_word' id='word_1_762' title='bbox 518 5036 825 5107; x_wconf 82' lang='grc' dir='ltr'>λάμποντα,</span> <span class='ocrx_word' id='word_1_763' title='bbox 850 5036 1071 5090; x_wconf 85' lang='grc' dir='ltr'>δύναται</span> <span class='ocrx_word' id='word_1_764' title='bbox 1092 5036 1398 5107; x_wconf 84' lang='grc' dir='ltr'>ἀπιστῆσαι</span> <span class='ocrx_word' id='word_1_765' title='bbox 1427 5038 1459 5108; x_wconf 77' lang='grc' dir='ltr'>ἢ</span> <span class='ocrx_word' id='word_1_766' title='bbox 1500 5034 1953 5106; x_wconf 84' lang='grc' dir='ltr'>σκανδαλισθῆναι</span> 
     </span>
    </p>
   </div>
   <div class='ocr_carea' id='block_1_99' title="bbox 389 5125 1955 5198">
    <p class='ocr_par' dir='ltr' id='par_1_99' title="bbox 389 5125 1955 5198">
     <span class='ocr_line' id='line_1_99' title="bbox 389 5125 1955 5198; baseline 0.001 -21"><span class='ocrx_word' id='word_1_767' title='bbox 389 5128 467 5189; x_wconf 83' lang='grc' dir='ltr'><strong>είς</strong></span> <span class='ocrx_word' id='word_1_768' title='bbox 499 5127 699 5193; x_wconf 81' lang='lat' dir='ltr'><strong><em>66:6v;</em></strong></span> <span class='ocrx_word' id='word_1_769' title='bbox 734 5127 809 5197; x_wconf 83' lang='grc' dir='ltr'>μὴ</span> <span class='ocrx_word' id='word_1_770' title='bbox 845 5127 1074 5195; x_wconf 83' lang='grc' dir='ltr'>γένοιτο.</span> <span class='ocrx_word' id='word_1_771' title='bbox 1113 5127 1279 5179; x_wconf 80' lang='grc' dir='ltr'>Ὥστε</span> <span class='ocrx_word' id='word_1_772' title='bbox 1327 5125 1406 5198; x_wconf 81' lang='grc' dir='ltr'>τῷ</span> <span class='ocrx_word' id='word_1_773' title='bbox 1436 5128 1745 5198; x_wconf 84' lang='grc' dir='ltr'>βουλομένῳ</span> <span class='ocrx_word' id='word_1_774' title='bbox 1773 5126 1955 5180; x_wconf 75' lang='grc' dir='ltr'>ἐντεῦ-</span> 
     </span>
    </p>
   </div>
   <div class='ocr_carea' id='block_1_100' title="bbox 392 5215 1959 5289">
    <p class='ocr_par' dir='ltr' id='par_1_100' title="bbox 392 5215 1959 5289">
     <span class='ocr_line' id='line_1_100' title="bbox 392 5215 1959 5289; baseline 0.001 -22"><span class='ocrx_word' id='word_1_775' title='bbox 392 5216 484 5269; x_wconf 91' lang='grc' dir='ltr'><strong>θεν</strong></span> <span class='ocrx_word' id='word_1_776' title='bbox 512 5215 628 5268; x_wconf 75' lang='grc' dir='ltr'>ἐστι</span> <span class='ocrx_word' id='word_1_777' title='bbox 657 5216 874 5287; x_wconf 84' lang='grc' dir='ltr'>μαθεῖν,</span> <span class='ocrx_word' id='word_1_778' title='bbox 905 5217 988 5271; x_wconf 82' lang='lat'><strong>6::</strong></span> <span class='ocrx_word' id='word_1_779' title='bbox 1016 5219 1115 5289; x_wconf 83' lang='grc' dir='ltr'><strong>οὐχ</strong></span> <span class='ocrx_word' id='word_1_780' title='bbox 1144 5218 1382 5288; x_wconf 84' lang='grc' dir='ltr'>ὑπάρχει</span> <span class='ocrx_word' id='word_1_781' title='bbox 1432 5219 1598 5289; x_wconf 79' lang='grc' dir='ltr'>ἑτέρα</span> <span class='ocrx_word' id='word_1_782' title='bbox 1650 5218 1832 5279; x_wconf 84' lang='grc' dir='ltr'>πίστις</span> <span class='ocrx_word' id='word_1_783' title='bbox 1871 5217 1959 5270; x_wconf 82' lang='grc' dir='ltr'>εὐ-</span> 
     </span>
    </p>
   </div>
   <div class='ocr_carea' id='block_1_101' title="bbox 393 5306 1958 5380">
    <p class='ocr_par' dir='ltr' id='par_1_101' title="bbox 393 5306 1958 5380">
     <span class='ocr_line' id='line_1_101' title="bbox 393 5306 1958 5380; baseline 0.003 -23"><span class='ocrx_word' id='word_1_784' title='bbox 393 5306 691 5378; x_wconf 77' lang='grc' dir='ltr'>σεϐεστέρα</span> <span class='ocrx_word' id='word_1_785' title='bbox 722 5307 816 5359; x_wconf 73' lang='grc' dir='ltr'><strong>ἐπὶ</strong></span> <span class='ocrx_word' id='word_1_786' title='bbox 853 5308 951 5377; x_wconf 85' lang='grc' dir='ltr'>τῆς</span> <span class='ocrx_word' id='word_1_787' title='bbox 982 5309 1106 5378; x_wconf 79' lang='grc' dir='ltr'>γῆς,</span> <span class='ocrx_word' id='word_1_788' title='bbox 1135 5308 1309 5379; x_wconf 75' lang='grc' dir='ltr'>ἀλλ’ἢ</span> <span class='ocrx_word' id='word_1_789' title='bbox 1345 5308 1480 5379; x_wconf 89' lang='grc' dir='ltr'>μόνη</span> <span class='ocrx_word' id='word_1_790' title='bbox 1530 5310 1565 5380; x_wconf 77' lang='grc' dir='ltr'><strong>ἡ</strong></span> <span class='ocrx_word' id='word_1_791' title='bbox 1595 5310 1673 5373; x_wconf 88' lang='grc' dir='ltr'><strong>είς</strong></span> <span class='ocrx_word' id='word_1_792' title='bbox 1706 5308 1958 5380; x_wconf 83' lang='grc' dir='ltr'>Χριστόν.</span> 
     </span>
    </p>
   </div>
   <div class='ocr_carea' id='block_1_102' title="bbox 390 5394 1458 5467">
    <p class='ocr_par' dir='ltr' id='par_1_102' title="bbox 390 5394 1458 5467">
     <span class='ocr_line' id='line_1_102' title="bbox 390 5394 1458 5467; baseline 0 -19"><span class='ocrx_word' id='word_1_793' title='bbox 390 5394 551 5466; x_wconf 83' lang='grc' dir='ltr'>Δὺτῷ</span> <span class='ocrx_word' id='word_1_794' title='bbox 576 5396 611 5466; x_wconf 79' lang='grc' dir='ltr'>ὴ</span> <span class='ocrx_word' id='word_1_795' title='bbox 635 5395 760 5461; x_wconf 75' lang='grc' dir='ltr'>δόξα</span> <span class='ocrx_word' id='word_1_796' title='bbox 792 5395 887 5449; x_wconf 79' lang='grc' dir='ltr'><strong>καὶ</strong></span> <span class='ocrx_word' id='word_1_797' title='bbox 913 5396 974 5449; x_wconf 84' lang='grc' dir='ltr'><strong>τὸ</strong></span> <span class='ocrx_word' id='word_1_798' title='bbox 1002 5397 1220 5467; x_wconf 82' lang='grc' dir='ltr'>κράτος.</span> <span class='ocrx_word' id='word_1_799' title='bbox 1265 5397 1458 5467; x_wconf 74' lang='grc' dir='ltr'><strong>⁹Δμὴν.</strong></span> 
     </span>
    </p>
   </div>
   <div class='ocr_carea' id='block_1_103' title="bbox 2053 4672 3620 4745">
    <p class='ocr_par' dir='ltr' id='par_1_103' title="bbox 2053 4672 3620 4745">
     <span class='ocr_line' id='line_1_103' title="bbox 2053 4672 3620 4745; baseline -0.003 -14"><span class='ocrx_word' id='word_1_800' title='bbox 2053 4677 2233 4731; x_wconf 83' lang='lat' dir='ltr'><strong>cimus</strong></span> <span class='ocrx_word' id='word_1_801' title='bbox 2262 4685 2360 4730; x_wconf 86' lang='lat' dir='ltr'><strong>aut</strong></span> <span class='ocrx_word' id='word_1_802' title='bbox 2385 4675 2770 4745; x_wconf 83' lang='lat' dir='ltr'><strong>intelligimus,</strong></span> <span class='ocrx_word' id='word_1_803' title='bbox 2793 4672 2942 4744; x_wconf 89' lang='lat' dir='ltr'><strong>quod</strong></span> <span class='ocrx_word' id='word_1_804' title='bbox 2980 4672 3235 4729; x_wconf 87' lang='lat' dir='ltr'><strong>Christus</strong></span> <span class='ocrx_word' id='word_1_805' title='bbox 3284 4688 3412 4727; x_wconf 90' lang='lat' dir='ltr'><strong>cum</strong></span> <span class='ocrx_word' id='word_1_806' title='bbox 3457 4673 3620 4728; x_wconf 89' lang='lat' dir='ltr'><strong>nobis</strong></span> 
     </span>
    </p>
   </div>
   <div class='ocr_carea' id='block_1_104' title="bbox 2054 4764 3620 4837">
    <p class='ocr_par' dir='ltr' id='par_1_104' title="bbox 2054 4764 3620 4837">
     <span class='ocr_line' id='line_1_104' title="bbox 2054 4764 3620 4837; baseline -0.003 -15"><span class='ocrx_word' id='word_1_807' title='bbox 2054 4768 2126 4823; x_wconf 91' lang='lat' dir='ltr'><strong>sit</strong></span> <span class='ocrx_word' id='word_1_808' title='bbox 2151 4782 2323 4837; x_wconf 90' lang='lat' dir='ltr'><strong>usque</strong></span> <span class='ocrx_word' id='word_1_809' title='bbox 2352 4767 2420 4821; x_wconf 86' lang='lat' dir='ltr'><strong>ad</strong></span> <span class='ocrx_word' id='word_1_810' title='bbox 2447 4766 2979 4821; x_wconf 79' lang='lat' dir='ltr'><strong>consummatibnem</strong></span> <span class='ocrx_word' id='word_1_811' title='bbox 3007 4764 3215 4828; x_wconf 73' lang='lat' dir='ltr'><strong>saeculi,</strong></span> <span class='ocrx_word' id='word_1_812' title='bbox 3251 4779 3361 4818; x_wconf 90' lang='lat' dir='ltr'><strong>non</strong></span> <span class='ocrx_word' id='word_1_813' title='bbox 3387 4765 3620 4834; x_wconf 86' lang='lat' dir='ltr'><strong>permit-</strong></span> 
     </span>
    </p>
   </div>
   <div class='ocr_carea' id='block_1_105' title="bbox 2055 4853 3617 4925">
    <p class='ocr_par' dir='ltr' id='par_1_105' title="bbox 2055 4853 3617 4925">
     <span class='ocr_line' id='line_1_105' title="bbox 2055 4853 3617 4925; baseline -0.003 -12"><span class='ocrx_word' id='word_1_814' title='bbox 2055 4867 2175 4914; x_wconf 89' lang='lat' dir='ltr'><strong>tens</strong></span> <span class='ocrx_word' id='word_1_815' title='bbox 2202 4858 2366 4913; x_wconf 80' lang='lat' dir='ltr'><strong>ﬁdem</strong></span> <span class='ocrx_word' id='word_1_816' title='bbox 2394 4864 2639 4912; x_wconf 85' lang='lat' dir='ltr'><strong>nostram</strong></span> <span class='ocrx_word' id='word_1_817' title='bbox 2671 4855 2971 4912; x_wconf 81' lang='lat' dir='ltr'><strong>evacuari?</strong></span> <span class='ocrx_word' id='word_1_818' title='bbox 3006 4853 3142 4922; x_wconf 82' lang='lat' dir='ltr'><strong>Quis</strong></span> <span class='ocrx_word' id='word_1_819' title='bbox 3180 4864 3268 4909; x_wconf 88' lang='lat' dir='ltr'><strong>est</strong></span> <span class='ocrx_word' id='word_1_820' title='bbox 3301 4854 3471 4925; x_wconf 89' lang='lat' dir='ltr'><strong>igitur</strong></span> <span class='ocrx_word' id='word_1_821' title='bbox 3499 4855 3617 4924; x_wconf 89' lang='lat' dir='ltr'><strong>qui,</strong></span> 
     </span>
    </p>
   </div>
   <div class='ocr_carea' id='block_1_106' title="bbox 2057 4940 3622 5010">
    <p class='ocr_par' dir='ltr' id='par_1_106' title="bbox 2057 4940 3622 5010">
     <span class='ocr_line' id='line_1_106' title="bbox 2057 4940 3622 5010; baseline -0.002 -12"><span class='ocrx_word' id='word_1_822' title='bbox 2057 4944 2187 4998; x_wconf 86' lang='lat' dir='ltr'><strong>talia</strong></span> <span class='ocrx_word' id='word_1_823' title='bbox 2224 4952 2279 4999; x_wconf 89' lang='lat' dir='ltr'><strong>et</strong></span> <span class='ocrx_word' id='word_1_824' title='bbox 2328 4951 2481 4998; x_wconf 88' lang='lat' dir='ltr'><strong>tanta</strong></span> <span class='ocrx_word' id='word_1_825' title='bbox 2524 4957 2755 4997; x_wconf 88' lang='lat' dir='ltr'><strong>cernens</strong></span> <span class='ocrx_word' id='word_1_826' title='bbox 2787 4941 2857 4997; x_wconf 82' lang='lat' dir='ltr'><strong>ab</strong></span> <span class='ocrx_word' id='word_1_827' title='bbox 2890 4941 2985 4996; x_wconf 88' lang='lat' dir='ltr'><strong>illo</strong></span> <span class='ocrx_word' id='word_1_828' title='bbox 3006 4948 3134 4996; x_wconf 86' lang='lat' dir='ltr'><strong>ante</strong></span> <span class='ocrx_word' id='word_1_829' title='bbox 3159 4940 3504 5010; x_wconf 84' lang='lat' dir='ltr'><strong>octingentos</strong></span> <span class='ocrx_word' id='word_1_830' title='bbox 3534 4940 3622 4996; x_wconf 76' lang='lat' dir='ltr'><strong>vel</strong></span> 
     </span>
    </p>
   </div>
   <div class='ocr_carea' id='block_1_107' title="bbox 2056 5031 3625 5106">
    <p class='ocr_par' dir='ltr' id='par_1_107' title="bbox 2056 5031 3625 5106">
     <span class='ocr_line' id='line_1_107' title="bbox 2056 5031 3625 5106; baseline -0.003 -17"><span class='ocrx_word' id='word_1_831' title='bbox 2056 5036 2247 5106; x_wconf 86' lang='lat' dir='ltr'><strong>plures</strong></span> <span class='ocrx_word' id='word_1_832' title='bbox 2273 5048 2448 5088; x_wconf 89' lang='lat' dir='ltr'><strong>annos</strong></span> <span class='ocrx_word' id='word_1_833' title='bbox 2470 5032 2729 5103; x_wconf 66' lang='lat' dir='ltr'><strong>praedicta</strong></span> <span class='ocrx_word' id='word_1_834' title='bbox 2762 5032 2849 5087; x_wconf 90' lang='lat' dir='ltr'><strong>vel</strong></span> <span class='ocrx_word' id='word_1_835' title='bbox 2874 5039 3166 5101; x_wconf 65' lang='lat' dir='ltr'><strong>praecepta,</strong></span> <span class='ocrx_word' id='word_1_836' title='bbox 3195 5031 3440 5100; x_wconf 90' lang='lat' dir='ltr'><strong>quotidie</strong></span> <span class='ocrx_word' id='word_1_837' title='bbox 3474 5045 3625 5086; x_wconf 84' lang='lat' dir='ltr'><strong>nunc</strong></span> 
     </span>
    </p>
   </div>
   <div class='ocr_carea' id='block_1_108' title="bbox 2059 5122 3623 5193">
    <p class='ocr_par' dir='ltr' id='par_1_108' title="bbox 2059 5122 3623 5193">
     <span class='ocr_line' id='line_1_108' title="bbox 2059 5122 3623 5193; baseline -0.003 -12"><span class='ocrx_word' id='word_1_838' title='bbox 2059 5127 2128 5181; x_wconf 88' lang='lat' dir='ltr'><strong>ad</strong></span> <span class='ocrx_word' id='word_1_839' title='bbox 2172 5125 2431 5180; x_wconf 72' lang='lat' dir='ltr'><strong>effectum</strong></span> <span class='ocrx_word' id='word_1_840' title='bbox 2479 5140 2604 5181; x_wconf 93' lang='lat' dir='ltr'><strong>cum</strong></span> <span class='ocrx_word' id='word_1_841' title='bbox 2662 5123 3153 5193; x_wconf 78' lang='lat' dir='ltr'><strong>tantosplendore</strong></span> <span class='ocrx_word' id='word_1_842' title='bbox 3199 5122 3482 5193; x_wconf 86' lang='lat' dir='ltr'><strong>perducta,</strong></span> <span class='ocrx_word' id='word_1_843' title='bbox 3512 5138 3623 5177; x_wconf 88' lang='lat' dir='ltr'><strong>non</strong></span> 
     </span>
    </p>
   </div>
   <div class='ocr_carea' id='block_1_109' title="bbox 2057 5208 3626 5279">
    <p class='ocr_par' dir='ltr' id='par_1_109' title="bbox 2057 5208 3626 5279">
     <span class='ocr_line' id='line_1_109' title="bbox 2057 5208 3626 5279; baseline -0.004 -9"><span class='ocrx_word' id='word_1_844' title='bbox 2057 5214 2266 5273; x_wconf 87' lang='lat' dir='ltr'><strong>credat,</strong></span> <span class='ocrx_word' id='word_1_845' title='bbox 2287 5220 2382 5266; x_wconf 88' lang='lat' dir='ltr'><strong>aut</strong></span> <span class='ocrx_word' id='word_1_846' title='bbox 2405 5211 2810 5267; x_wconf 85' lang='lat' dir='ltr'><strong>scandalizetnr</strong></span> <span class='ocrx_word' id='word_1_847' title='bbox 2835 5211 2890 5265; x_wconf 91' lang='lat' dir='ltr'><strong>in</strong></span> <span class='ocrx_word' id='word_1_848' title='bbox 2917 5209 3084 5264; x_wconf 83' lang='lat' dir='ltr'><strong>eum?</strong></span> <span class='ocrx_word' id='word_1_849' title='bbox 3106 5208 3263 5264; x_wconf 85' lang='lat' dir='ltr'><strong>Absit</strong></span> <span class='ocrx_word' id='word_1_850' title='bbox 3278 5218 3338 5264; x_wconf 93' lang='lat' dir='ltr'><strong>ut</strong></span> <span class='ocrx_word' id='word_1_851' title='bbox 3358 5210 3479 5264; x_wconf 89' lang='lat' dir='ltr'><strong>talis</strong></span> <span class='ocrx_word' id='word_1_852' title='bbox 3499 5209 3626 5279; x_wconf 88' lang='lat' dir='ltr'><strong>quis</strong></span> 
     </span>
    </p>
   </div>
   <div class='ocr_carea' id='block_1_110' title="bbox 2056 5299 3626 5371">
    <p class='ocr_par' dir='ltr' id='par_1_110' title="bbox 2056 5299 3626 5371">
     <span class='ocr_line' id='line_1_110' title="bbox 2056 5299 3626 5371; baseline -0.002 -13"><span class='ocrx_word' id='word_1_853' title='bbox 2056 5303 2289 5359; x_wconf 85' lang='lat' dir='ltr'><strong>exsistat</strong></span> <span class='ocrx_word' id='word_1_854' title='bbox 2318 5303 2333 5356; x_wconf 84' lang='grc' dir='ltr'><strong>ι</strong></span> <span class='ocrx_word' id='word_1_855' title='bbox 2368 5302 2449 5356; x_wconf 81' lang='lat' dir='ltr'><strong>Ex</strong></span> <span class='ocrx_word' id='word_1_856' title='bbox 2502 5301 2588 5355; x_wconf 89' lang='lat' dir='ltr'><strong>his</strong></span> <span class='ocrx_word' id='word_1_857' title='bbox 2624 5300 2789 5371; x_wconf 83' lang='lat' dir='ltr'><strong>igitur</strong></span> <span class='ocrx_word' id='word_1_858' title='bbox 2837 5299 3037 5369; x_wconf 88' lang='lat' dir='ltr'><strong>cuique</strong></span> <span class='ocrx_word' id='word_1_859' title='bbox 3065 5300 3273 5355; x_wconf 88' lang='lat' dir='ltr'><strong>volenti</strong></span> <span class='ocrx_word' id='word_1_860' title='bbox 3310 5300 3626 5369; x_wconf 86' lang='lat' dir='ltr'><strong>perspicere</strong></span> 
     </span>
    </p>
   </div>
   <div class='ocr_carea' id='block_1_111' title="bbox 2059 5389 3626 5461">
    <p class='ocr_par' dir='ltr' id='par_1_111' title="bbox 2059 5389 3626 5461">
     <span class='ocr_line' id='line_1_111' title="bbox 2059 5389 3626 5461; baseline -0.004 -13"><span class='ocrx_word' id='word_1_861' title='bbox 2059 5394 2211 5458; x_wconf 85' lang='lat' dir='ltr'><strong>licet,</strong></span> <span class='ocrx_word' id='word_1_862' title='bbox 2251 5392 2458 5448; x_wconf 86' lang='lat' dir='ltr'><strong>nullam</strong></span> <span class='ocrx_word' id='word_1_863' title='bbox 2481 5391 2749 5446; x_wconf 78' lang='lat' dir='ltr'><strong>exsistere</strong></span> <span class='ocrx_word' id='word_1_864' title='bbox 2774 5406 2941 5459; x_wconf 91' lang='lat' dir='ltr'><strong>super</strong></span> <span class='ocrx_word' id='word_1_865' title='bbox 2968 5400 3193 5455; x_wconf 90' lang='lat' dir='ltr'><strong>terram,</strong></span> <span class='ocrx_word' id='word_1_866' title='bbox 3226 5389 3626 5461; x_wconf 89' lang='lat' dir='ltr'><strong>religiosiorem</strong></span> 
     </span>
    </p>
   </div>
   <div class='ocr_carea' id='block_1_112' title="bbox 2062 5476 3628 5551">
    <p class='ocr_par' dir='ltr' id='par_1_112' title="bbox 2062 5476 3628 5551">
     <span class='ocr_line' id='line_1_112' title="bbox 2062 5476 3628 5551; baseline -0.004 -15"><span class='ocrx_word' id='word_1_867' title='bbox 2062 5483 2249 5546; x_wconf 89' lang='lat' dir='ltr'><strong>ﬁdem,</strong></span> <span class='ocrx_word' id='word_1_868' title='bbox 2276 5490 2472 5551; x_wconf 70' lang='lat' dir='ltr'><strong>przeter</strong></span> <span class='ocrx_word' id='word_1_869' title='bbox 2495 5480 2664 5535; x_wconf 91' lang='lat' dir='ltr'><strong>solam</strong></span> <span class='ocrx_word' id='word_1_870' title='bbox 2705 5480 2868 5534; x_wconf 85' lang='lat' dir='ltr'><strong>tidem</strong></span> <span class='ocrx_word' id='word_1_871' title='bbox 2900 5480 2955 5533; x_wconf 92' lang='lat' dir='ltr'><strong>in</strong></span> <span class='ocrx_word' id='word_1_872' title='bbox 2981 5479 3286 5534; x_wconf 88' lang='lat' dir='ltr'><strong>Christum.</strong></span> <span class='ocrx_word' id='word_1_873' title='bbox 3321 5478 3429 5549; x_wconf 83' lang='lat' dir='ltr'><strong>ipsi</strong></span> <span class='ocrx_word' id='word_1_874' title='bbox 3453 5476 3628 5548; x_wconf 84' lang='lat' dir='ltr'><strong>gloria</strong></span> 
     </span>
    </p>
   </div>
   <div class='ocr_carea' id='block_1_113' title="bbox 2061 5572 2644 5649">
    <p class='ocr_par' dir='ltr' id='par_1_113' title="bbox 2061 5572 2644 5649">
     <span class='ocr_line' id='line_1_113' title="bbox 2061 5572 2644 5649; baseline -0.005 -20"><span class='ocrx_word' id='word_1_875' title='bbox 2061 5584 2117 5630; x_wconf 87' lang='lat' dir='ltr'><strong>et</strong></span> <span class='ocrx_word' id='word_1_876' title='bbox 2157 5581 2417 5649; x_wconf 85' lang='lat' dir='ltr'><strong>potestas.</strong></span> <span class='ocrx_word' id='word_1_877' title='bbox 2448 5572 2644 5627; x_wconf 88' lang='lat' dir='ltr'><strong>Amen.</strong></span> 
     </span>
    </p>
   </div>
   <div class='ocr_carea' id='block_1_114' title="bbox 475 5728 1939 5805">
    <p class='ocr_par' dir='ltr' id='par_1_114' title="bbox 475 5731 1937 5805">
     <span class='ocr_line' id='line_1_114' title="bbox 475 5731 1937 5805; baseline -0.006 -10"><span class='ocrx_word' id='word_1_878' title='bbox 475 5737 521 5772; x_wconf 83' lang='grc'><strong><em>⁸⁸</em></strong></span> <span class='ocrx_word' id='word_1_879' title='bbox 557 5739 747 5796; x_wconf 79' lang='lat' dir='ltr'><strong>Matth.</strong></span> <span class='ocrx_word' id='word_1_880' title='bbox 774 5754 886 5805; x_wconf 76' lang='lat' dir='ltr'><strong>XVI,</strong></span> <span class='ocrx_word' id='word_1_881' title='bbox 916 5739 1003 5794; x_wconf 76' lang='grc'><strong>18.</strong></span> <span class='ocrx_word' id='word_1_882' title='bbox 1079 5740 1122 5775; x_wconf 73' lang='grc'><strong>⁸⁷</strong></span> <span class='ocrx_word' id='word_1_883' title='bbox 1159 5737 1349 5792; x_wconf 80' lang='lat' dir='ltr'><strong>Matth.</strong></span> <span class='ocrx_word' id='word_1_884' title='bbox 1378 5750 1431 5802; x_wconf 71' lang='grc' dir='ltr'>χ,</span> <span class='ocrx_word' id='word_1_885' title='bbox 1466 5734 1556 5789; x_wconf 71' lang='grc'><strong>29..</strong></span> <span class='ocrx_word' id='word_1_886' title='bbox 1636 5733 1681 5765; x_wconf 79' lang='grc'><strong>⁸⁸</strong></span> <span class='ocrx_word' id='word_1_887' title='bbox 1711 5731 1846 5787; x_wconf 79' lang='lat' dir='ltr'><strong>ibid.</strong></span> <span class='ocrx_word' id='word_1_888' title='bbox 1876 5731 1937 5786; x_wconf 85' lang='lat' dir='ltr'><strong>l8</strong></span> 
     </span>
    </p>
   </div>
   <div class='ocr_carea' id='block_1_115' title="bbox 2043 5728 3309 5805">
    <p class='ocr_par' dir='ltr' id='par_1_115' title="bbox 2043 5728 3309 5800">
     <span class='ocr_line' id='line_1_115' title="bbox 2043 5728 3309 5800; baseline 0.002 -16"><span class='ocrx_word' id='word_1_889' title='bbox 2043 5731 2079 5762; x_wconf 82' lang='lat'><strong>&quot;</strong></span> <span class='ocrx_word' id='word_1_890' title='bbox 2115 5728 2303 5787; x_wconf 80' lang='lat' dir='ltr'><strong>Matth.</strong></span> <span class='ocrx_word' id='word_1_891' title='bbox 2331 5746 2383 5795; x_wconf 69' lang='grc' dir='ltr'><strong>κ,</strong></span> <span class='ocrx_word' id='word_1_892' title='bbox 2413 5732 2500 5787; x_wconf 79' lang='grc'><strong>57.</strong></span> <span class='ocrx_word' id='word_1_893' title='bbox 2581 5734 2624 5766; x_wconf 79' lang='grc' dir='ltr'><strong>⁸ο</strong></span> <span class='ocrx_word' id='word_1_894' title='bbox 2655 5733 2850 5792; x_wconf 77' lang='lat' dir='ltr'><strong>Matth.</strong></span> <span class='ocrx_word' id='word_1_895' title='bbox 2884 5750 3071 5800; x_wconf 77' lang='lat' dir='ltr'><strong>xxvm,</strong></span> <span class='ocrx_word' id='word_1_896' title='bbox 3109 5736 3193 5800; x_wconf 79' lang='grc'><strong>19,</strong></span> <span class='ocrx_word' id='word_1_897' title='bbox 3220 5732 3309 5788; x_wconf 72' lang='lat'><strong>20.</strong></span> 
     </span>
    </p>
   </div>
   <div class='ocr_carea' id='block_1_116' title="bbox 714 5940 1518 6003">
    <p class='ocr_par' dir='ltr' id='par_1_116' title="bbox 714 5940 1518 6003">
     <span class='ocr_line' id='line_1_116' title="bbox 714 5940 1518 6003; baseline 0.002 -2"><span class='ocrx_word' id='word_1_898' title='bbox 714 5942 978 6002; x_wconf 76' lang='lat' dir='ltr'><strong>PATROL.</strong></span> <span class='ocrx_word' id='word_1_899' title='bbox 1024 5942 1140 6001; x_wconf 84' lang='lat' dir='ltr'><strong>Gn.</strong></span> <span class='ocrx_word' id='word_1_900' title='bbox 1190 5940 1518 6003; x_wconf 62' lang='lat' dir='ltr'><strong>LXXXIX.</strong></span> 
     </span>
    </p>
   </div>
   <div class='ocr_carea' id='block_1_117' title="bbox 3155 5932 3233 5992">
    <p class='ocr_par' dir='ltr' id='par_1_117' title="bbox 3155 5932 3233 5992">
     <span class='ocr_line' id='line_1_117' title="bbox 3155 5932 3233 5992; baseline 0.026 -2"><span class='ocrx_word' id='word_1_901' title='bbox 3155 5932 3233 5992; x_wconf 82' lang='lat'><strong>39</strong></span> 
     </span>
    </p>
   </div>
  </div>
