4072 6558
507 468 638 534 1227

1695 471 1759 533 S.
1798 469 2193 531 ANASTASII
2233 465 2556 528 SINAITJE

3611 466 3741 533 l228

1200 837 1428 927 ΤΟΥ
1496 835 1875 924 ΑΥΤΟΥ
1948 834 2442 925 ΔΕΥΤΕΡΑ
2512 835 3072 925 ΕΡΩΤΗΣΙΣ.

2101 1026 2173 1042 —

1009 1172 1547 1269 EJUSDEM
1650 1171 2187 1265 SECUNDA
2283 1167 3106 1264 INTERROGATI
3126 1168 3243 1266 Ο.

572 1517 641 1572 Et
667 1513 850 1599 omnia
883 1513 1106 1585 quidem
1133 1513 1202 1570 de
1235 1514 1328 1570 illo
1359 1515 1645 1587 propheta),
1674 1513 2066 1586 pmdixerunt,

2240 1509 2351 1564 Καὶ
2366 1510 2475 1581 γὰρ
2497 1510 2713 1566 ἅπαντα
2730 1509 2800 1565 τὰ
2818 1508 2948 1582 περὶ
2966 1508 3132 1565 αὐτοῦ
3147 1508 3196 1564 οί
3213 1509 3492 1581 προφῆται
3512 1508 3751 1581 προεκήο

504 1623 600 1663 vos
634 1617 815 1662 autem
860 1623 972 1663 non
1007 1606 1309 1662 attenditis.
1357 1607 1414 1663 Si
1447 1623 1582 1663 vero
1626 1608 1815 1663 dicitis
1847 1624 1863 1662 :
1896 1606 2080 1674 Quare

500 1700 787 1772 prophetae
810 1698 879 1754 de
909 1707 1099 1755 vestro
1128 1697 1355 1755 Christo
1392 1699 1686 1769 loquentes
1737 1715 1847 1754 non
1891 1708 2079 1769 aperte

502 1800 561 1848 et
607 1793 752 1848 clare
809 1791 970 1847 nobis
1012 1791 1183 1847 locuti
1236 1793 1413 1847 sunt?
1459 1793 1530 1849 Ut
1576 1791 1832 1857 videatis,
1877 1791 2076 1855 Judaei,

503 1885 785 1941 Christum
815 1887 1030 1943 venisse
1057 1896 1113 1942 et
1160 1888 1323 1941 tinem
1362 1886 1691 1956 imposuisse
1725 1886 1830 1956 legi
1865 1893 1922 1939 et
1944 1885 2079 1955 legis

503 1973 994 2039 immolationibus,
1046 1982 1103 2030 et
1149 1974 1309 2030 vobis
1342 1974 1468 2029 dico
1512 1991 1527 2027 ς
1578 1973 1739 2038 Istos,
1788 1973 1833 2028 si
1873 1972 2079 2026 nudam

501 2081 619 2121 rem
650 2066 724 2120 ita
752 2066 922 2121 locuti
952 2074 1158 2131 essent,
1190 2065 1374 2120 statim
1415 2064 1744 2135 lapidabatis
1775 2077 2078 2133 eorumque

500 2158 677 2213 libros
702 2157 1051 2213 cremabatis.
1076 2157 1189 2213 Nos
1213 2157 1437 2213 demum
1466 2158 1522 2212 in
1564 2157 1669 2212 hoc
1700 2155 2031 2227 aspiciamus
2059 2172 2075 2222 ;

501 2247 669 2301 modo
690 2246 840 2301 enim
869 2260 935 2301 ex
969 2246 1172 2300 vestris
1199 2245 1487 2316 prephetis
1530 2260 1629 2300 vos
1669 2243 2076 2308 confundimus,

500 2338 687 2393 omnia
711 2354 833 2408 quae
872 2337 942 2393 de
973 2336 1195 2394 Christo
1237 2337 1499 2393 dixerunt
1543 2347 1837 2409 arguentes
1872 2347 1930 2392 et
1968 2350 2080 2406 pra)

499 2431 660 2486 vobis
704 2439 987 2502 ponentes.
1045 2429 1218 2485 David
1276 2430 1426 2486 enim
1484 2430 1620 2486 dicit
1664 2448 1679 2485 :
1727 2449 1746 2483 ι
1790 2427 2080 2485 lnclinavit

502 2524 674 2579 caelos
700 2532 757 2578 et
794 2521 1086 2578 descendit
1115 2523 1181 2578 “.
1225 2541 1243 2574 ι
1280 2523 1449 2578 lsaias
1480 2522 1615 2578 dicit
1647 2539 1661 2577 :
1697 2540 1716 2574 ι
1747 2523 1891 2578 Ecce
1922 2522 2078 2592 virgo

501 2615 779 2685 concipiet
809 2623 867 2670 et
898 2615 1079 2685 pariet
1102 2613 1297 2680 illium,
1347 2624 1404 2670 et
1433 2614 1710 2670 vocabunt
1737 2628 1936 2669 nomen
1960 2612 2080 2684 ejus

501 2705 822 2761 Emmanuel
850 2706 936 2772 ⁶¹;
978 2724 997 2758 ι
1051 2720 1121 2760 en
1171 2706 1293 2777 ejus
1336 2705 1617 2760 nativitas.
1672 2705 1876 2759 Iterum
1933 2703 2078 2759 idem

501 2796 773 2867 propheta
804 2795 940 2850 dicit
975 2812 989 2849 :
1034 2814 1053 2848 ι
1092 2796 1187 2851 llle
1213 2796 1360 2851 Deus
1388 2803 1595 2861 noster,
1619 2811 1729 2851 non
1751 2793 2080 2865 disceptabit

2183 1600 2375 1673 ρυξαν,
2398 1602 2515 1657 ἀλλ’
2539 1602 2697 1673 ὑμεῖς
2718 1602 2822 1656 οὐκ
2842 1601 3165 1673 ἐμϐλέπετε.
3182 1603 3245 1656 El
3261 1603 3316 1657 δὲ
3338 1603 3528 1673 λέγετε
3556 1602 3641 1656 ὃτι
3661 1602 3752 1656 ἐὰν

2176 1697 2225 1749 οί
2249 1695 2529 1766 προφῆται
2551 1694 2704 1767 ὑμῶν
2730 1693 2966 1768 Χριστοῦ
2995 1695 3269 1762 εἰπόντες,
3294 1695 3383 1750 διὰ
3403 1697 3457 1749 τί
3486 1694 3564 1766 μὴ
3598 1712 3754 1763 φανε-

2178 1787 2289 1859 ρῶς
2322 1786 2419 1841 καὶ
2451 1786 2749 1859 διαρρήδην
2797 1781 2952 1840 εἷπον
2999 1786 3167 1857 imis;
3230 1786 3353 1840 Ὀτι
3404 1785 3507 1840 ἵνα
3553 1785 3751 1856 εἰδῆτε,

2189 1878 2457 1943 Ἰουδαῖοι,
2486 1878 2567 1932 ὅτι
2611 1880 2640 1931 6
2680 1877 2915 1950 Χριστὸς
2972 1878 3156 1950 μέλλει
3202 1878 3379 1932 ὲλθεῖν
3419 1878 3515 1932 καὶ
3544 1878 3752 1930 παῦσαι

2175 1968 2269 2023 τὸν
2301 1971 2465 2040 νόμον
2498 1969 2716 2034 καὶτὰς
2762 1971 2956 2035 θυσίας
2985 1970 3080 2024 τοῦ
3124 1969 3297 2042 νόμου
3319 1985 3336 2002 ο
3361 1970 3457 2023 καὶ
3483 1969 3632 2038 λέγω
3671 1986 3751 2023 σοι

2177 2059 2260 2113 ὅτι
2287 2059 2339 2112 εί
2366 2055 2520 2113 εἶπον
2548 2060 2724 2125 οὕτως
2766 2060 2975 2132 γυμνὸν
3013 2060 3075 2115 τὸ
3108 2063 3364 2132 πρᾶγμα,
3401 2060 3609 2124 εὐθέως
3650 2060 3757 2114 ὲλι-

2178 2147 2373 2214 eum
2415 2148 2616 2215 αὐτοὺς
2650 2149 2746 2204 καὶ
2785 2149 2887 2214 τὰς
2937 2150 3152 2222 βίϐλους
3182 2150 3366 2205 αὐτῶν
3388 2150 3628 2205 ἑκαίετε.
3652 2152 3757 2204 Kal.

2176 2242 2340 2313 ἡμεῖς
2368 2240 2556 2296 λοιπὸν
2586 2243 2668 2305 είς
2699 2241 2860 2296 τοῦτο
2890 2244 3203 2315 βλεπόμεθα
3222 2259 3238 2277 ο
3264 2244 3391 2315 ἄρτι
3414 2243 3524 2318 γὰρ
3547 2244 3617 2297 ὲκ
3647 2242 3757 2296 τῶν

2178 2332 2474 2405 προφητῶν
2516 2334 2671 2405 ὑμῶν
2728 2335 2876 2405 ὑμᾶς
2914 2335 3376 2408 καταισχύνομεν,
3415 2336 3515 2391 ὅλα
3549 2336 3624 2390 τὰ
3661 2334 3755 2389 τοῦ

2176 2426 2417 2496 Χριστοῦ
2454 2424 2516 2490 ἐξ
2550 2425 2734 2481 αὐτῶν
2764 2426 2908 2497 ὑμᾶς
2939 2426 3257 2497 ἐλέγχοντες
3290 2427 3390 2481 καὶ
3428 2427 3743 2500 παριστῶν-

2177 2532 2292 2581 τες.
2330 2515 2391 2569 '0
2425 2515 2593 2570 Aa6l.6
2638 2515 2738 2588 μὲν
2778 2517 2890 2589 γὰρ
2934 2516 3120 2586 λέγει·
3164 2535 3183 2571 ι
3206 2518 3459 2572 Ἔκλινεν
3488 2518 3754 2589 οὐρανοὺς

2179 2609 2276 2663 καὶ
2307 2608 2540 2680 κατέϐη.
2571 2626 2591 2661 ι
2639 2608 2869 2671 Ἡσαΐας
2894 2608 3071 2677 λέγει’
3111 2627 3131 2661 ι
3168 2609 3301 2663 Ἰδοὺ
3328 2610 3362 2680 ἠ
3391 2610 3667 2681 παρθένος
3700 2612 3757 2662 ἐν

2179 2699 2380 2771 γαστρὶ
2401 2699 2533 2766 ἔξει,
2563 2699 2658 2753 καὶ
2680 2698 2894 2765 τέξεται
2916 2701 3070 2764 ὐίὸν,
3102 2700 3199 2757 καὶ
3228 2701 3517 2755 καλέσουσι
3544 2700 3608 2755 τὸ
3638 2702 3759 2755 δνο-

2186 2808 2265 2862 μα
2292 2790 2457 2846 αὑτοῦ
2498 2792 2851 2864 Ἐμμανουήλ
2869 2808 2884 2824 ο
2911 2810 2930 2843 ι
2960 2792 3069 2847 ἰδοὺ
3096 2793 3423 2865 ήγέννησις.
3454 2795 3564 2848 Καὶ
3592 2793 3758 2848 πάλιν

503 2888 643 2941 alius
676 2904 800 2942 cum
830 2887 959 2952 illo;
985 2896 1044 2942 et
1084 2897 1209 2958 post
1258 2888 1313 2943 in
1357 2894 1506 2942 terra
1555 2888 1709 2943 visus
1735 2899 1820 2944 est
1859 2898 1916 2943 et
1953 2902 2078 2943 cum

2181 2883 2209 2937 6
2236 2882 2401 2948 αὐτὸς
2430 2885 2717 2957 προφήτης
2757 2883 2945 2953 λέγει·
2990 2902 3010 2937 ι
3034 2879 3200 2949 οὗτος
3234 2887 3264 2939 6
3298 2885 3432 2949 Θεὸς
3484 2886 3668 2957 ήμῶν,
3696 2887 3757 2940 οὐ

505 2978 828 3033 hominibus
870 2990 1232 3035 conversatus
1271 2988 1356 3036 est
1380 2981 1464 3035 “z
1506 2998 1526 3033 ι
1557 2994 1627 3035 en
1655 2981 1776 3051 ejus
1813 2996 1939 3036 cum
1970 2980 2076 3035 ho-

505 3068 753 3123 minibus
778 3070 1147 3126 conversatio.
1172 3072 1283 3126 Nec
1305 3071 1570 3141 possibile
1597 3081 1715 3127 erat
1739 3072 1898 3126 aliter
1924 3071 2077 3126 illum

504 3160 574 3215 ab
614 3159 936 3214 hominibus
956 3160 1155 3223 videri,
1177 3160 1322 3216 nuda
1344 3162 1400 3215 in
1424 3161 1713 3216 divinitate
1737 3160 2076 3228 conversari,

506 3249 613 3305 nisi
649 3250 945 3304 humanam
979 3258 1233 3304 naturam
1284 3260 1340 3305 ct
1386 3266 1607 3306 carnem
1654 3250 1982 3321 sumpsisset
2023 3258 2081 3306 et

506 3342 796 3397 induisset.
837 3342 1052 3413 Moyses
1093 3356 1333 3413 quoque,
1375 3352 1661 3414 postquam
1707 3343 1935 3414 gloriam
1981 3343 2079 3399 Dei

508 3433 760 3498 vidisset,
788 3435 862 3489 ita
894 3442 955 3489 ut
982 3435 1278 3504 nequirent
1311 3433 1407 3487 filii
1437 3434 1600 3488 Israel
1631 3448 1859 3489 cernere
1882 3433 2078 3489 faciem

506 3527 628 3597 ejus
658 3526 925 3596 apertam,
956 3526 1063 3580 nisi
1084 3524 1268 3580 velum
1298 3525 1670 3595 imposuisset,
1702 3524 1839 3579 dixit
1864 3525 1929 3579 ad
1954 3526 2081 3580 illos

508 3618 659 3672 haec:
695 3635 714 3669 ι
760 3616 1089 3686 Prophetam
1114 3616 1170 3670 in
1200 3615 1358 3671 vobis
1386 3631 1613 3687 surgere
1629 3615 1793 3670 faciet
1816 3616 2082 3672 Dominus

507 3711 653 3765 Deus
685 3716 878 3764 noster
906 3723 938 3763 e
968 3706 1238 3763 fratribus
1282 3707 1483 3762 vestris
1521 3716 1779 3777 tanquam
1816 3721 1902 3761 me
1936 3705 2003 3761 “.
2054 3725 2074 3758 ι

507 3801 648 3867 Quid
676 3810 759 3855 est
788 3800 924 3854 illud
956 3809 1212 3859 tauquam
1240 3800 1360 3853 me?
1388 3799 1459 3855 Ut
1502 3799 1650 3854 enim
1692 3799 1891 3870 Moysis
1911 3798 2081 3853 facies

508 3894 680 3964 gloria
728 3889 1034 3945 illuminata
1082 3889 1302 3955 fuerat,
1357 3898 1414 3945 et
1459 3905 1583 3945 cum
1633 3890 1930 3960 nequirent
1981 3888 2079 3944 ﬁlii

508 3984 673 4037 lsrael
709 3983 959 4053 aspicere
994 3981 1221 4053 gloriam
1256 3983 1399 4053 ejus,
1421 3982 1580 4037 faciei
1616 3982 1798 4036 velum
1831 3981 2082 4052 impone-

507 4071 620 4133 bat,
669 4071 743 4124 ita
784 4069 986 4124 deinde
1034 4084 1159 4124 cum
1207 4071 1318 4125 illis
1367 4071 1836 4138 conversabatur;
1892 4072 1972 4126 sic
2024 4077 2082 4126 et

507 4163 763 4217 Christus
791 4162 889 4216 D'ei
922 4162 1094 4217 Filius
1121 4179 1224 4233 pro
1252 4162 1578 4218 indumento
1617 4164 1807 4218 habuit
1832 4163 2081 4232 corporis

509 4253 909 4320 habitaculum,
945 4253 1233 4308 occultans
1279 4268 1434 4308 suam
1463 4253 1830 4316 divinitatem,
1877 4262 1933 4309 et
1963 4269 2081 4308 me-

509 4346 633 4401 dius
659 4346 834 4399 factus
885 4345 1031 4400 inter
1050 4346 1222 4400 Deum
1252 4355 1310 4401 et
1337 4346 1619 4412 homines;
1658 4346 1929 4413 medians,
1964 4362 2084 4400 me-

508 4439 617 4491 lius
645 4452 810 4506 quam
834 4436 890 4490 in
914 4435 1121 4508 Moyse,
1148 4437 1402 4494 homines
1437 4453 1562 4492 cum
1594 4438 1727 4498 Deo,
1760 4439 1932 4492 Deum
1956 4454 2082 4494 cum

508 4525 848 4581 hominibus.
892 4525 1108 4580 Etenim
1156 4526 1350 4580 melior
1380 4533 1438 4580 et
1469 4526 1645 4596 major
1687 4533 1771 4581 est
1815 4526 2084 4581 Dominus

511 4634 711 4686 servo;
746 4619 960 4690 Moyses
991 4618 1143 4674 enim
1188 4633 1381 4675 servus
1403 4627 1545 4684 erat,
1589 4619 1844 4675 Christus
1874 4628 2081 4685 autem,

511 4717 572 4762 ut
597 4709 763 4772 Deus,
790 4708 1078 4763 Dominus.
1116 4706 1200 4763 Ob
1242 4705 1377 4777 quid
1423 4707 1612 4778 igitur,
1655 4716 1911 4775 tanquam
1943 4724 2025 4762 me
2054 4708 2080 4761 7

511 4797 593 4854 0b
616 4799 999 4855 indumentum
1023 4808 1080 4854 et
1101 4798 1525 4864 mediationem;
1554 4807 1612 4855 et
1634 4798 1802 4869 quod,
1828 4799 2079 4869 quisquis

511 4906 623 4946 non
652 4891 839 4946 audiet
868 4892 1019 4946 hunc
1043 4891 1392 4962 prophetam,
1416 4892 1876 4947 exterminabitur
1902 4894 2086 4949 anima

512 4984 631 5049 ejus
659 4998 691 5036 ι
739 4983 978 5052 populo;
1011 4990 1069 5037 et
1120 4982 1271 5054 quod
1316 4984 1422 5039 iste
1473 4992 1561 5038 est
1608 4984 1852 5039 liberans
1890 4984 2082 5052 lsrael,

516 5076 690 5128 factus
740 5074 909 5129 homo
959 5075 1247 5141 Dominus,
1281 5083 1339 5131 et
1378 5091 1507 5131 cum
1562 5076 1722 5132 nobis
1768 5077 2089 5135 hominibus

516 5174 898 5229 conversatus,
934 5181 1115 5236 neque
1146 5167 1311 5223 alius.

2178 2973 2567 3047 λογισθήσεται
2617 2976 2804 3048 ἕτερος
2839 2976 2979 3047 πρὸς
3030 2975 3190 3031 αὐτόν
3213 2992 3230 3008 ’
3259 2976 3354 3031 καὶ
3401 2979 3542 3048 μετὰ
3584 2977 3763 3033 ταῦτα

2179 3068 2272 3121 ἐπὶ
2310 3067 2416 3139 γῆς
2459 3067 2619 3141 ὤφθη
2651 3070 2744 3123 καί
2771 3069 2885 3132 τοῖς
2912 3067 3221 3140 ἀνθρώποις
3248 3071 3665 3143 συνανεστράιρη
3689 3086 3707 3102 ο
3731 3089 3752 3124 ι

2183 3158 2301 3213 ἰδοὺ
2323 3160 2461 3230 μετὰ
2499 3158 2610 3213 τῶν
2647 3159 2956 3231 ἀνθρώπων
3001 3161 3167 3215 αὐτοῦ
3195 3163 3640 3234 συναναστροφήι
3665 3162 3761 3218 καὶ

2179 3246 2279 3299 οὐκ
2307 3241 2376 3317 ἦν
2411 3246 2638 3302 δυνατὸν
2686 3247 2863 3313 ἄλλως
2912 3267 3031 3315 πως
3071 3250 3234 3306 αὐτὸν
3282 3254 3395 3317 τοῖς
3442 3252 3759 3325 ἀνθρώποις

2178 3336 2433 3407 ὀφθῆναι,
2458 3341 2642 3410 γυμνῇ
2681 3341 2750 3410 τῇ
2776 3338 2995 3411 θεότητι
3030 3341 3570 3414 συναναστραφῆναι,
3599 3346 3653 3398 εί
3684 3347 3759 3416 μή

2179 3434 2282 3502 τήν
2308 3429 2656 3503 ἀνθρωπείαν
2687 3431 2852 3502 φύσιν
2872 3433 2992 3503 [καὶ
3025 3434 3202 3505 σάρκα
3246 3434 3475 3506 ἐφόρεσε
3522 3436 3618 3489 καὶ
3670 3438 3758 3489 ἐν-

2179 3522 2425 3576 εδύσατο.
2468 3524 2578 3577 Καὶ
2598 3523 2627 3576 6
2672 3525 2915 3596 Μωῦσῆς
2941 3527 3080 3595 μετὰ
3107 3526 3167 3580 τὸ
3196 3527 3327 3581 ίδεῖν
3352 3530 3452 3599 τὴν
3481 3527 3642 3593 δόξαν
3663 3528 3759 3582 τοῦ

2180 3613 2339 3677 Θεοῦ,
2374 3613 2516 3667 ὥστε
2563 3615 2637 3687 μὴ
2665 3614 2927 3670 δύνασθαι
2962 3617 3089 3682 τοὺς
3113 3618 3260 3682 υἱοὺς
3302 3619 3520 3692 Ἰσραὴλ
3545 3622 3681 3695 ὁρᾷν
3700 3621 3761 3674 τὸ

2181 3711 2475 3782 πρόσωπον
2514 3712 2680 3767 αὑτοῦ
2708 3714 3253 3786 άνακεκαλυμμένον,
3281 3715 3330 3770 εί
3360 3715 3436 3789 μή
3478 3717 3760 3772 ἐπετίθετο

2179 3798 2243 3851 τὸ
2270 3798 2564 3871 κάλυμμα,
2609 3795 2733 3854 εἷπε
2786 3803 2924 3875 πρὸς
2959 3805 3159 3869 αὐτοὺς
3183 3803 3393 3869 οὕτως’
3429 3825 3448 3858 ι
3474 3807 3596 3860 Ὅτι
3626 3825 3759 3879 προο

2183 3888 2364 3958 φήτην
2398 3888 2534 3959 ὑμῖν
2578 3891 2877 3961 ἀναστήσει
2927 3892 3130 3965 Κύριος
3151 3895 3180 3947 6
3216 3894 3531 3967 Θεὸςήμῶν
3560 3898 3624 3949 ὲκ
3649 3897 3760 3951 τῶν

2180 3978 2424 4047 ἀδελφῶν
2462 3980 2615 4050 ὑμῶν
2665 3980 2741 4044 ὡς
2778 3984 2899 4052 ἐμέ.
2936 4002 2955 4037 ι
2999 3985 3066 4038 Τί
3113 3987 3229 4039 ἐστι
3266 3986 3351 4049 τὸ,
3396 4005 3415 4039 ι
3453 3988 3528 4051 ὡς
3553 3988 3698 4059 ὲμέ;
3734 4009 3751 4040 ι

2184 4070 2396 4143 Ὠσπερ
2442 4072 2550 4141 γὰρ
2589 4076 2653 4127 τὸ
2708 4076 3003 4146 πρόσωπον
3037 4078 3316 4143 Μωῦσέως
3349 4078 3632 4150 ἐδοξάσθη,
3666 4081 3760 4134 καὶ

2180 4162 2267 4217 διὰ
2290 4163 2351 4217 τὸ
2380 4164 2454 4235 μὴ
2483 4164 2745 4220 δύνασθαι
2772 4167 2901 4231 τοὺς
2925 4170 3075 4233 υἱοὺς
3116 4170 3335 4241 Ἰσραὴλ
3364 4172 3633 4237 άτενίζειν
3659 4174 3759 4243 τὴν

2181 4255 2339 4319 δόξαν
2365 4256 2552 4321 αὐτοῦ,
2578 4257 2747 4313 ἐτίθει
2777 4259 3041 4331 κάλυμμα
3087 4261 3165 4332 τῷ
3198 4262 3497 4336 προσώπῳ,
3534 4261 3634 4318 εἷθ’
3666 4265 3760 4319 οῦς

2180 4364 2290 4412 τως
2318 4347 2503 4411 αὐτοῖς
2525 4348 2753 4419 ὡμίλει’
2785 4351 2961 4415 οὕτως
2991 4353 3086 4406 καὶ
3113 4355 3141 4406 6
3180 4354 3415 4425 Χριστὸς
3444 4356 3475 4408 6
3505 4356 3634 4421 Υίὸς
3653 4358 3750 4410 τοῦ

2181 4439 2315 4493 Θεοῦ
2366 4441 2490 4495 ἀντὶ
2541 4442 2840 4514 περιϐολῆς
2897 4444 3026 4515 ἔσχε
3057 4444 3148 4499 τὸν
3177 4446 3306 4500 ναὸν
3332 4447 3427 4501 τοῦ
3480 4449 3756 4519 σώματος,

2183 4531 2446 4602 κρύπτων
2497 4531 2663 4588 αὑτοῦ
2706 4533 2807 4600 τήν
2860 4534 3121 4607 θεότητα,
3177 4540 3405 4611 μεσίτης
3467 4544 3758 4614 γενόμενος

2182 4622 2319 4676 Θεοῦ
2347 4624 2443 4677 καὶ
2484 4623 2789 4695 ἀνθρώπων
2810 4643 2823 4657 ·
2852 4628 2881 4680 6
2925 4629 3227 4696 μεσιτεύων
3267 4634 3571 4704 κρεῖττονῆ
3610 4635 3757 4706 παρὰ

2184 4712 2435 4778 Μωῦσεί,
2489 4712 2811 4783 ἀνθρώπους
2857 4715 2956 4784 μὲν
3003 4716 3142 4788 πρὸς
3195 4716 3347 4779 Θεὸν,
3384 4719 3596 4775 Θεὸνδὲ
3624 4724 3759 4794 πρὸς

2184 4802 2540 4874 ἀνθρώπους·
2577 4806 2674 4859 καὶ
2699 4806 2809 4876 γάρ
2838 4807 3107 4878 κρείττων
3134 4810 3231 4863 καὶ
3255 4810 3459 4880 μείζων
3487 4812 3754 4885 δεσπότης

2182 4899 2332 4968 παρὰ
2366 4896 2577 4952 δούλου.
2615 4897 2675 4950 '0
2702 4899 2813 4969 γὰρ
2841 4899 3085 4970 Μωῦσῆς
3110 4900 3298 4965 δοῦλος
3338 4902 3587 4974 ὑπῆρχεν
3608 4921 3626 4937 ο
3651 4907 3680 4959 6
3701 4906 3756 4960 δὲ

2184 4989 2440 5060 Χριστὸς,
2464 4990 2589 5044 καθ’
2614 4991 2642 5044 6
2660 4992 2816 5057 Θεὸς,
2844 4994 3122 5062 Δεσπότης
3146 5011 3161 5025 ’
3192 4997 3285 5049 καὶ
3306 4996 3393 5050 διὰ
3416 4997 3597 5061 τοῦτο,
3617 5018 3635 5050 ι
3674 5000 3756 5062 Ὠς

2184 5083 2308 5154 ἐμὲ,
2336 5103 2354 5136 ι
2398 5085 2488 5139 διὰ
2536 5087 2597 5138 τὸ
2652 5086 2857 5157 ἔνδυμα
2914 5089 3006 5142 καὶ
3037 5090 3138 5160 τὴν
3178 5093 3501 5160 μεσιτείανσ
3556 5095 3647 5146 καὶ
3676 5095 3755 5146 ὅτι

2185 5176 2334 5237 ὅστις
2366 5176 2467 5229 οὐκ
2507 5176 2731 5230 ἀκούσει
2753 5177 2850 5231 τοῦ
2875 5181 3156 5251 προφήτου
3185 5182 3416 5247 ἐκείνου,
3445 5183 3755 5255 ὲξολοθρευ-

515 5255 740 5324 θήσεται
771 5256 804 5324 ή
834 5255 985 5326 ψυχὴ
1015 5228 1179 5309 αὑτοῦ
1223 5258 1289 5309 ἐκ
1316 5254 1412 5310 τοῦ
1445 5256 1578 5310 λαοῦ
1594 5228 1781 5312 (αὑτοῦ
1800 5273 1815 5289 ⁸
1854 5260 1949 5313 καὶ
1999 5262 2082 5317 ὅτι
2120 5264 2285 5327 αὑτός
2522 5228 3756 5345 ολυτρρερεᾶ”τιέὶξῖιξρξιῆᾆ,ν’ό’ἒῖξξὲξιξ›ο

514 5351 697 5418 πήσας
736 5346 962 5418 Κύριος,
1013 5348 1106 5401 καὶ
1141 5350 1615 5420 συναναστραφεὶς
1650 5352 1783 5422 ἡμῖν
1823 5353 1938 5416 τοῖς
1995 5354 2327 5427 ἀνθρώποις,
2357 5358 2454 5410 καὶ
2485 5358 2586 5411 οὐκ
2611 5360 2792 5424 ἄλλος.

582 5442 695 5496 Deo
743 5438 1009 5495 Jeremias
1054 5438 1274 5493 locutus
1313 5448 1398 5494 est
1450 5440 1643 5497 dicens
1689 5460 1703 5496 :
1757 5460 1775 5493 ι
1802 5442 1941 5510 Quia
1998 5446 2091 5501 ille
2125 5456 2167 5509 ι)

480 5588 484 5592 .
512 5533 657 5589 Deus
685 5540 895 5596 noster,
913 5546 1020 5584 non
1050 5530 1383 5600 disceptabit
1410 5532 1550 5587 alter
1567 5548 1690 5588 cum
1716 5550 1807 5599 eo,
1832 5554 1850 5587 ι
1882 5545 1936 5592 et
1964 5554 2087 5599 quae

513 5639 844 5696 sequuntur.
892 5624 1165 5695 Propheta
1204 5639 1425 5694 quoque
1467 5625 1632 5681 Isaias
1683 5626 1818 5683 dicit
1853 5646 1867 5682 :
1913 5649 1932 5681 ι
1966 5630 2086 5685 Non

515 5720 764 5791 angelus,
786 5734 889 5777 nec
932 5717 1167 5789 legatus,
1212 5717 1309 5774 sed
1356 5718 1472 5789 ipse
1510 5718 1777 5775 Dominus
1820 5722 2007 5778 veniet
2034 5731 2090 5778 et

584 5878 626 5909 ⁶¹
661 5877 805 5934 Psal.
832 5893 965 5944 xvn,
999 5876 1085 5933 l0.
1161 5878 1204 5911 "
1237 5877 1337 5932 lsa.
1380 5892 1477 5942 vn,
1509 5876 1594 5932 Η.

2271 5449 2510 5503 Ἀνωθεν
2554 5448 2822 5522 Ἱερεμίας
2847 5453 3070 5524 εἴρηκεν
3125 5453 3324 5519 εἰπὼν,
3365 5457 3447 5509 ὅτι
3482 5475 3503 5507 ι
3540 5448 3700 5517 Οὗτος
3727 5457 3755 5505 6

2193 5538 2325 5604 Θεὸς
2350 5543 2530 5613 ήμῶν,
2548 5543 2609 5595 οὐ
2632 5544 3010 5616 λογισθήσεται
3028 5547 3213 5619 ἕτερος
3238 5548 3373 5618 πρὸς
3394 5551 3575 5613 αὑτὸν,
3621 5568 3638 5600 ι
3667 5552 3754 5602 καὶ

2192 5635 2261 5687 τὰ
2277 5634 2423 5702 ἑξῆς.
2444 5636 2592 5688 Καὶὸ
2609 5640 2894 5708 προφήτης
2909 5637 3135 5703 Ἡσαΐας
3149 5640 3317 5709 λέγει’
3340 5659 3359 5692 ι
3378 5642 3492 5695 Οὐκ
3510 5641 3752 5711 ἄγγελος,

2193 5724 2255 5779 οὐ
2274 5725 2377 5796 τιρὲ
2386 5726 2533 5791 σϐυς,
2550 5727 2839 5796 ἀλλ’,αὐτὸς
2855 5731 2885 5784 6
2899 5729 3121 5803 Κύριος,
3140 5731 3368 5803 ήξιικαὶ
3383 5731 3546 5787 σώσει
3559 5733 3748 5806 ἡμᾶς’»

1672 5878 1715 5909 ⁸³
1744 5877 1979 5932 Baruch.
2014 5894 2094 5944 ιιι,
2125 5880 2309 5936 36-38.
2385 5881 2432 5916 “
2466 5882 2624 5937 Deut.
2659 5899 2809 5949 svnt,
2836 5883 2922 5940 15.
