3820 6566
157 464 289 531 122)

1179 460 1632 527 DISPUTATIO
1666 459 2061 528 ADVERSUS
2099 466 2426 532 JUDEOS.

3283 469 3415 537 1230

155 584 242 637 καὶ
260 582 343 634 δτι
359 574 604 650 ἔμελλον
621 579 687 634 τὰ
707 580 835 651 ἔθνη
852 580 1142 635 πιστεῦσαι
1165 583 1258 634 καὶ
1270 579 1572 649 ἀποστῆναι
1591 576 1735 645 ὑμᾶς

1841 578 2072 636 salvabit
2123 597 2223 637 nos
2259 584 2352 648 ⁸ος
2403 604 2422 635 ε
2472 590 2528 638 et
2579 593 2773 654 gemes
2821 582 3134 640 crediturus
3183 599 3307 641 esse
3360 595 3418 642 et

152 674 274 735 τοὺς
295 671 605 736 Ἰουδαίους
637 673 724 726 διὰ
751 675 850 744 τὴν
885 673 1038 743 ὑμῶν
1059 673 1339 726 ἀπιστίαν.
1357 671 1416 725 ’0
1449 669 1737 741 προφήτης

165 760 320 832 Ὠσηὲ
365 761 549 829 λέγει’
589 779 606 812 ι
642 762 872 816 Καλέσω
891 763 983 816 τὸν
1013 763 1072 815 ού
1106 762 1234 814 λαόν
1259 761 1527 831 μου,>αόν
1551 777 1676 830 μου,
1713 778 1730 810 ι

153 855 315 922 ἡγουν
349 852 424 905 τὰ
463 853 847 907 πιστεύσαντα
895 856 976 917 είς
1019 853 1180 906 αὐτὸν
1202 853 1351 922 ἔθνη.
1379 850 1734 912 ΚαὶὸΔάϐἱδ,

153 943 386 1009 δεικνὺς,
418 944 508 996 ὅτι
539 945 573 996 6
604 944 734 1007 Θεὸς
755 945 844 998 διὰ
863 945 932 997 τὰ
958 943 1087 1014 ἔθνη
1116 943 1451 1014 σαρκοῦσθαι
1490 942 1735 1013 ἔμελλεν,

154 1031 324 1086 εἶπεν·
363 1053 384 1086 ε
439 1034 830 1088 Ἐϐασίλευσεν
851 1038 878 1089 6
921 1035 1054 1097 Θεὸς
1087 1037 1180 1088 ἐπὶ
1233 1035 1303 1088 τὰ
1333 1035 1482 1104 ἔθνη·
1517 1054 1535 1087 ι
1565 1034 1652 1087 διὰ
1683 1033 1737 1086 τί

154 1127 248 1180 οὐκ
271 1122 450 1192 εἶπεν,
468 1126 852 1180 Ἐϐασίλευσεν
871 1129 963 1180 ἐπὶ
991 1129 1116 1190 τοὺς
1146 1127 1432 1189 Ἰουδαίους
1451 1145 1467 1194 ;
1488 1127 1612 1180 Ὀτι
1638 1126 1737 1194 μὲν

154 1217 408 1288 βασιλεύς
437 1219 596 1270 εστιν
626 1221 654 1271 6
682 1217 813 1280 Θεὸς
860 1218 952 1271 ἐπὶ
996 1218 1206 1280 πάντας
1240 1255 1257 1281 ,
1303 1217 1462 1286 δῆλον
1503 1213 1589 1288 ἦν·
1621 1217 1735 1272 ἀλλ’

154 1309 248 1361 οὐκ
285 1303 354 1378 ἦν
390 1310 512 1371 τοῖς
543 1308 720 1362 ἔθνεσι
760 1307 865 1378 πρὸ
899 1308 995 1362 τοῦ
1017 1308 1304 1362 πιστεῦσαι
1329 1310 1387 1362 ὲν
1420 1307 1735 1376 επιγνώσει.

153 1405 238 1457 διὰ
256 1405 316 1458 τὸ
339 1405 451 1457 ὑπὸ
466 1405 576 1474 τῆς
593 1405 1030 1475 είδωλολατρείας
1057 1404 1383 1474 κατέχεσθαι
1403 1403 1617 1466 αὐτοὺς,
1643 1402 1737 1456 καὶ

157 1495 255 1548 ὑπὸ
280 1494 390 1547 τῶν
439 1495 715 1564 δαιμόνων
774 1495 1198 1564 δεσποζομένους
1233 1493 1570 1565 τυραννικῶς
1601 1509 1616 1523 ·
1650 1492 1738 1546 διὰ

157 1587 210 1639 δὲ
259 1587 357 1656 τῆς
419 1587 697 1656 ενσάρκου
754 1586 918 1639 αὑτοῦ
973 1585 1288 1655 οἰκονομίας
1363 1584 1737 1655 ἠλευθέρωσεν

159 1679 298 1747 ἡμᾶς
337 1678 451 1730 ἀπὸ
477 1678 590 1730 τῶν
629 1676 863 1731 εἰδώλων
890 1678 977 1732 διὰ
1005 1677 1099 1730 τοῦ
1133 1677 1263 1730 ἰδίου
1291 1678 1522 1747 αἵματος
1544 1676 1733 1739 αὐτοῦ,

159 1764 215 1822 οὗ
245 1769 464 1838 ἐξέχεεν
517 1769 615 1822 ἐπὶ
662 1768 756 1821 τοῦ
789 1769 1042 1837 σταυροῦ,
1107 1769 1201 1822 καὶ
1255 1767 1606 1821 ἐϐασίλευσεν
1658 1771 1736 1832 είς

163 1862 319 1930 ἡμᾶς,
351 1860 494 1914 διότι
535 1860 938 1930 ἐπιστεύσαμεν
972 1862 1051 1924 εἰς
1115 1860 1298 1915 αὐτόν.
1331 1860 1422 1913 Διὸ
1448 1860 1542 1913 καὶ
1575 1860 1736 1914 πάλιν

1843 686 2122 732 amoturas
2149 693 2246 732 vos
2276 678 2496 733 Judteos
2525 688 2753 748 propter
2776 687 3017 733 vestram
3057 679 3419 734 incredulita-

1844 778 1976 822 tem.
2001 770 2276 838 Propheta
2298 770 2438 824 Osee
2460 770 2597 824 dicit
2632 788 2645 823 :
2687 789 2706 822 ι
2751 771 2971 825 Vocabo
3011 787 3120 825 non
3151 772 3417 841 populum

1844 871 2048 921 meum,
2095 858 2358 927 populum
2413 873 2596 912 meum
2634 859 2701 923 “,
2744 877 2763 910 ι
2798 859 2851 913 id
2895 869 2981 914 est
3019 859 3311 914 credentes
3361 859 3416 913 in

1841 965 1968 1004 eum
2011 960 2222 1019 gentes.
2268 949 2439 1004 David
2482 950 2781 1005 ostendens
2826 951 2997 1005 Deum
3045 951 3194 1005 inter
3225 960 3418 1021 gentes

1845 1040 2243 1095 iucarnandum
2288 1056 2435 1103 esse,
2479 1040 2619 1094 dixit
2657 1058 2670 1094 :
2707 1058 2725 1091 ι
2768 1041 3035 1110 Regnavit
3057 1042 3203 1096 Deus
3251 1058 3419 1110 super

1843 1140 2034 1201 gentes
2049 1132 2127 1195 ‘7;
2161 1148 2179 1180 ι
2213 1145 2313 1184 cur
2341 1145 2452 1183 non
2470 1130 2609 1184 dixit
2632 1145 2644 1181 :
2672 1131 2940 1200 Regnavit
2963 1146 3130 1200 super
3154 1130 3420 1186 Iudaeos?

1843 1237 2028 1292 regem
2072 1237 2194 1277 esse
2242 1223 2416 1277 Deum
2477 1236 2644 1292 super
2709 1238 2920 1288 omnes,
2983 1224 3211 1278 evidens
3247 1232 3416 1289 erat;

1841 1313 1938 1367 sed
1972 1329 2080 1368 non
2111 1314 2311 1368 eratin
2343 1314 2620 1384 gentibus,
2646 1322 2941 1383 antequam
2967 1315 3282 1380 crederent,
3316 1331 3415 1370 co-

1842 1403 2029 1471 gnitus
2055 1443 2070 1464 ,
2125 1418 2324 1472 nempe
2369 1419 2491 1473 quae
2539 1405 2594 1458 in
2628 1403 2936 1459 idololatria
2966 1418 3322 1462 versarentur
3362 1417 3420 1462 et

1843 1495 2236 1550 daemoniorum
2267 1497 2553 1566 tyrannico
2574 1497 2983 1568 subjicerentur
3006 1499 3258 1568 imperio.
3291 1501 3417 1554 Ideo

1843 1602 1942 1656 per
1995 1603 2152 1642 suam
2199 1587 2635 1644 incarnationem
2686 1605 2787 1645 nos
2830 1591 3089 1645 liberavit
3121 1591 3190 1646 ab
3231 1592 3414 1658 idolis,

1842 1693 1941 1747 per
1960 1679 2243 1749 proprium
2264 1695 2425 1734 suum
2442 1681 2962 1752 sanguinem,quem
2987 1682 3128 1738 fudit
3152 1685 3205 1738 in
3229 1700 3414 1747 cruce,

1840 1780 1896 1825 et
1924 1773 2174 1842 regnavit
2209 1787 2378 1842 super
2418 1789 2540 1830 nos,
2580 1774 2708 1842 quia
2750 1773 3092 1830 credidimus
3134 1774 3188 1828 in
3237 1775 3413 1831 illum.

1845 1861 2078 1930 Propter
2124 1862 2272 1931 quod
2325 1871 2380 1917 et
2429 1863 2629 1917 iterum
2681 1864 2863 1919 dicit:
2901 1885 2918 1916 ε
2948 1865 3150 1920 Omnes
3201 1878 3414 1936 gentes,

162 1929 303 2020 λέγει
329 1969 344 1983 ·
376 1970 396 2004 ε
450 1953 644 2006 Πάντα
692 1929 981 2023 ἐθνηγόσα
1049 1951 1312 2023 ἐποίησας
1344 1987 1361 2014 ,
1391 1951 1586 2020 ἥξουσι
1643 1952 1735 2006 καὶ

1841 1929 2201 2021 quascunque
2235 1952 2434 2016 fecisti,
2470 1952 2695 2007 venient
2717 1963 2772 2008 et
2791 1954 3102 2009 adorabunt
3125 1929 3311 2010 coram
3339 1929 3413 2018 te,

163 2043 636 2113 προσκυνήσουσιν
665 2041 894 2096 ἐνώπιόν
927 2059 1045 2105 σου,
1082 2041 1254 2111 Κύριε
1284 2059 1303 2092 ι
1333 2056 1346 2070 ·
1377 2041 1491 2094 ὅσοι
1545 2041 1646 2110 μὲν
1679 2043 1738 2094 ὲν

164 2133 235 2202 τῷ
254 2133 346 2187 νῦν
371 2134 536 2187 αίῶνι
565 2133 935 2204 προσέλθωσιν
959 2133 1108 2205 αύτῷ
1131 2133 1220 2186 διὰ
1239 2131 1332 2187 τοῦ
1351 2131 1510 2201 ἁγίου
1543 2132 1739 2202 βαπτί-

165 2243 360 2296 σματος
390 2241 406 2256 ⁸
440 2225 699 2297 καθάπερ
722 2227 750 2280 6
783 2223 944 2287 αὐτὸς
969 2226 1251 2296 προφήτης
1279 2226 1411 2294 ἡμῖν
1441 2223 1737 2294 παρῄνεσε,

166 2318 328 2384 λέγων
355 2334 372 2349 ο
415 2336 434 2370 ι
476 2319 818 2388 Προσὲλθατε
854 2316 989 2386 πρὸς
1039 2317 1223 2382 αὑτὸν,
1276 2316 1371 2368 καὶ
1407 2316 1736 2385 φωτίσθητε.

167 2409 253 2461 καὶ
291 2409 364 2462 τὰ
415 2410 692 2481 πρόσωπα
731 2408 886 2478 ὖμῶν
934 2408 993 2461 ού
1031 2407 1106 2478 μὴ
1141 2407 1534 2478 καταισχυνθῇ.
1571 2425 1588 2459 ι
1628 2407 1738 2460 Καὶ

170 2505 316 2567 ἄλλος
343 2506 638 2577 προφήτης
663 2503 830 2571 λέγει’
873 2521 892 2554 ι
927 2501 1224 2564 Λούσασθε,
1248 2501 1481 2570 καθαροὶ
1499 2500 1735 2569 γίνεσθε,

168 2597 396 2666 ἀφέλητε
416 2597 520 2659 τὰς
545 2595 805 2666 πονηρίας
827 2593 856 2646 ὑ
865 2593 978 2663 μῶν
1000 2594 1106 2646 ἀπὸ
1129 2592 1238 2645 τῶν
1267 2591 1503 2662 καρδιῶν
1523 2592 1700 2660 ὑμῶν,
1715 2611 1732 2643 ι

172 2687 272 2738 Καὶ
324 2687 371 2738 εί
405 2685 584 2747 οὓτως
636 2683 786 2754 αὐτῷ
826 2681 1188 2753 προσίλθωσι,
1231 2681 1421 2751 μισθὸν
1475 2679 1735 2750 λήψονται

170 2777 260 2846 τῆς
281 2778 543 2842 πίστεως,
564 2775 624 2829 τὸ
637 2776 806 2846 χωρὶς
829 2774 1078 2846 λατρείας
1097 2772 1366 2842 νόμουδιὰ
1385 2773 1483 2841 τῆς
1506 2772 1738 2835 πίστεως

176 2868 400 2939 σωθῆναι
422 2885 435 2898 ·
469 2869 588 2921 ὅσοι
615 2868 672 2920 δὲ
690 2867 783 2920 νῦν
803 2866 876 2936 μὴ
908 2865 1205 2935 θελήσωσιν
1225 2861 1374 2933 αὐτῷ
1396 2863 1735 2930 προσελθεῖν,

173 2965 224 3010 ἐν
245 2960 318 3028 τῷ
344 2959 596 3029 μέλλοντι
622 2958 797 3023 αἰῶνι,
821 2959 917 3011 καὶ
951 2958 1026 3028 μὴ
1059 2955 1393 3026 βουλόμενοι,
1423 2953 1582 3007 αὑτὸν
1609 2953 1740 3023 μετ’

176 3050 424 3122 αἰσχύνης
441 3051 686 3121 μεγάλης
720 3049 814 3102 καὶ
837 3049 1003 3116 φόϐου
1025 3047 1118 3100 καὶ
1136 3046 1338 3118 τρόμου
1361 3045 1555 3099 πολλοῦ
1577 3061 1741 3115 προσ.

177 3142 472 3209 κυνήσουσιο
502 3138 688 3202 καθὼς
716 3141 744 3192 6
766 3137 1049 3208 προφήτης
1079 3133 1225 3189 εἷπε⁸
1259 3135 1506 3206 «Κύριε,
1536 3135 1738 3205 ὑψηλός

180 3245 262 3281 σου
287 3231 315 3281 6
364 3229 629 3301 βραχίων,
677 3229 769 3283 καὶ
791 3229 890 3282 οὐκ
921 3227 1149 3293 ἔδεισαν,
1179 3247 1197 3280 ι
1235 3228 1401 3300 ἤγουν
1458 3228 1554 3281 νῦν
1607 3228 1737 3300 ⁴ίιττί-
1763 3265 1809 3325 c

179 3335 385 3389 στησαν·
416 3340 434 3372 ι
462 3321 685 3390 γνόντες
715 3322 772 3374 δὲ
805 3321 1277 3391 αἰσχυνθήτωσανο
1307 3341 1327 3374 ι
1376 3323 1653 3376 τουτέστιν
1676 3324 1734 3376 ὲν

179 3410 247 3478 τῷ
261 3412 502 3479 μέλλοντι
535 3412 592 3464 ὃν
607 3411 700 3465 νῦν
725 3412 1030 3483 ἠπίστησαν
1056 3413 1311 3483 Χριστὸν,
1340 3414 1458 3466 τότε
1485 3413 1729 3481 γνώσον-

178 3519 260 3555 ται
291 3504 378 3555 καὶ
413 3503 892 3574 σίσχυνθήσονται.
927 3504 1021 3557 καὶ
1048 3503 1127 3575 τῷ
1156 3505 1406 3575 ἀσϐέστῳ
1440 3507 1574 3578 πυρὶ
1605 3506 1735 3577 παρ’

181 3595 328 3649 αὑτοῦ
344 3598 908 3668 παραπεμφθήσονται
932 3599 1164 3662 αίωνίως
1195 3597 1654 3669 κολαζόμεπιοότι
1673 3601 1737 3653 ὲκ

184 3687 306 3741 Σιὼν
345 3691 538 3760 ἔμελλε
563 3689 924 3760 φανεροῦσθαι
963 3693 990 3742 6
1011 3690 1266 3760 Χριστὸς,
1289 3694 1384 3744 καὶ
1410 3693 1493 3745 ὅτι
1511 3691 1736 3756 ὕψιστός

183 3780 303 3840 ἐστι,
330 3784 421 3835 καὶ
439 3781 604 3841 αὐτὸς
619 3782 718 3852 τὴν
740 3779 877 3833 Σιὼν
903 3780 1280 3850 ὲθεμελίωσεν.
1310 3781 1474 3838 Εἶπεν
1491 3787 1519 3838 6
1547 3786 1731 3848 Δαϐὶδ,

186 3888 206 3920 ι
241 3872 426 3943 Μήτηρ
455 3871 618 3936 Σιὼν,
662 3872 776 3940 ἐρεῖ
800 3871 1101 3942 ἄνθρωπος,
1123 3873 1218 3926 καὶ
1264 3873 1551 3945 ἄνθρωπος
1580 3877 1734 3942 εγενο

185 3960 304 4032 νήθη
326 3965 381 4015 ὲν
406 3965 677 4035 αὑτῇ,καὶ
708 3964 868 4027 αὐτὸς
901 3964 1260 4035 ἐθεμελίωσεν
1309 3966 1478 4036 αὐτὴν
1517 3967 1545 4020 6
1572 3966 1735 4036 ’Υψιο

188 4068 313 4117 στος.
350 4073 368 4106 ι

248 4139 360 4196 ὐτι
393 4144 451 4199 δὲ
505 4143 864 4216 βαπτισθῆναι
897 4143 954 4196 ὲν
999 4141 1077 4213 τῷ
1100 4141 1365 4216 Ἰορδάνῃ.
1402 4141 1493 4197 καὶ
1532 4160 1735 4215 μαρτυ-

189 4233 396 4304 ρηθῆναι
433 4236 597 4290 αὐτὸν
641 4235 845 4290 ἄνωθεν
874 4234 1024 4306 παρὰ
1049 4234 1142 4289 τοῦ
1190 4235 1325 4289 Θεοῦ
1357 4235 1453 4289 καὶ
1495 4237 1730 4306 Πατρὺς,

187 4313 310 4371 εἷπε·
350 4339 368 4374 ί
397 4323 554 4392 Φωνὴ
592 4321 794 4393 Κυρίου
836 4323 928 4376 ἐπὶ
958 4323 1185 4377 ὑδάτων·
1209 4327 1237 4378 6
1271 4324 1405 4388 Θεὸς
1428 4324 1528 4396 τῆς
1573 4325 1732 4398 δόξης

190 4405 475 4482 ἐϐρόντησε·
504 4410 705 4483 Κύριος
727 4410 818 4464 ἐπὶ
838 4411 1043 4465 ὑδάτων
1075 4410 1284 4465 πολλῶν
1313 4451 1328 4466 .
1366 4431 1386 4464 ι
1413 4413 1536 4467 Ὀτι
1574 4414 1632 4468 δὲ
1645 4415 1732 4469 διὰ

190 4499 267 4552 τοῦ
283 4502 428 4568 ἁγίου
452 4504 824 4574 βαπτίσματος
846 4502 1130 4574 συνέτριψε
1143 4504 1232 4558 τὸν
1253 4504 1496 4558 διάϐολον
1521 4508 1614 4560 καὶ
1633 4508 1731 4572 τὰς

191 4589 417 4661 δυνάμεις
437 4595 623 4659 αὑτοῦ,
639 4596 806 4666 λέγεις
832 4614 850 4647 ι
873 4596 1020 4649 Ἑκεί
1035 4595 1359 4666 συνέτριψας
1374 4597 1472 4660 τὰς
1489 4599 1730 4668 κεφαλὰς
1763 4619 1806 4675 D

192 4679 282 4732 τῶν
301 4684 599 4754 δρακόντων
628 4687 721 4740 ἰπὶ
751 4687 845 4740 τοῦ
888 4687 1080 4749 ὓδατος
1110 4705 1124 4718 ο
1157 4708 1175 4739 ι
1205 4690 1450 4743 τουτέστι
1484 4691 1592 4744 τῶν
1618 4692 1735 4745 δαι-

197 4771 369 4837 μόνων.
403 4779 739 4842 Συνέθλασας
771 4781 869 4850 τὴν
889 4779 1129 4848 κεφαλὴν
1155 4780 1248 4832 τοῦ
1274 4781 1584 4851 δράκοντος,
1611 4800 1734 4836 του-

193 4861 320 4916 τέστι
344 4869 430 4921 τοῦ
455 4870 726 4924 διαϐόλου.
744 4870 817 4921 Τὸ
840 4870 918 4935 δὲ,
950 4870 1180 4941 ποιητὴς
1208 4871 1456 4942 ούρανοῦ,
1487 4874 1583 4926 καὶ
1609 4875 1732 4943 γῆς.

195 4956 273 5005 καὶ
307 4958 594 5032 θαλάσσης,
619 4963 780 5025 αὐτός
807 4964 954 5015 ἐστιν
983 4965 1009 5016 ὁ
1031 4964 1282 5034 Χριστὸς,
1307 4965 1401 5016 xui.
1429 4965 1487 5017 ὲν
1523 4970 1588 5035 τῇ
1641 4966 1736 5019 θα-

196 5042 348 5121 λάσση
373 5055 739 5124 περιπατῆσαι
784 5056 944 5108 αὑτὸν
977 5055 1052 5118 ὼς
1108 5055 1199 5107 ἐπὶ
1231 5055 1456 5123 ἐδάφους
1480 5073 1496 5089 ’
1529 5057 1623 5110 καὶ
1653 5058 1733 5111 ὅτι

200 5135 345 5203 ἰάσεις
402 5145 599 5206 πολλὰς
641 5146 864 5215 ποιῆσαι
912 5148 969 5198 ὲν
1028 5145 1105 5215 τῷ
1149 5144 1283 5214 λαῷ,
1334 5148 1428 5200 καὶ
1478 5147 1559 5200 ὅτι
1593 5146 1734 5218 ὑπὲρ

200 5227 276 5278 τοῦ
335 5235 530 5306 κόσμου
590 5237 783 5307 ἔμελλε
840 5237 1068 5301 παθεῖν,
1101 5238 1133 5307 ἡ
1164 5236 1346 5307 βίϐλος
1393 5237 1512 5290 Ἰὼϐ
1563 5239 1733 5303 οὕτως

200 5312 320 5383 λέγει
344 5341 357 5356 ·
396 5347 412 5377 ι
450 5330 505 5380 '0
561 5329 795 5393 τανύσας
826 5331 914 5383 τὸν
949 5331 1174 5400 οὐρανὸν
1209 5330 1390 5399 μόνος,
1439 5331 1466 5382 6
1494 5348 1732 5401 περιπα-

203 5409 346 5478 τήσας
389 5421 477 5473 ιπι
511 5421 783 5492 θαλάσσης
810 5422 885 5485 ὡς
937 5423 1029 5474 tm
1060 5422 1311 5492 ἐδάφους.
1351 5440 1370 5474 ι
1410 5422 1566 5475 xm
1600 5439 1735 5490 προ-

204 5501 354 5574 φήτης
383 5510 541 5581 λέγει·
575 5532 593 5565 ι
643 5514 774 5567 Τότε
826 5513 1090 5582 ὀφθαλμοὶ
1118 5512 1332 5580 τυφλῶν
1388 5511 1735 5583 ἁνοιχθήσον-

205 5603 298 5660 ται,
336 5604 419 5656 καὶ
460 5605 629 5678 τρανὴ
666 5607 817 5659 ἔσται
866 5605 1086 5673 γλῶσσα
1155 5603 1457 5672 μογιλάλων
1487 5619 1499 5630 ·
1541 5603 1662 5656 τότε
1709 5605 1738 5656 6

265 5733 302 5767 ⁸⁸
335 5739 426 5814 lsa.
459 5759 603 5808 um,
632 5745 687 5801 9.
764 5744 810 5776 "
845 5746 980 5798 Osee
1014 5760 1054 5807 ι,
1075 5743 1128 5797 9.
1204 5742 1248 5773 "
1280 5743 1421 5797 Psal.
1450 5757 1593 5803 τινι,
1626 5741 1678 5797 9.

269 5802 471 5868 Malach.
532 5831 609 5868 ιιι.
663 5817 716 5868 5.
795 5817 840 5848 τ’
870 5813 1012 5868 Psal.
1049 5827 1259 5868 Lxxxvi.
1287 5811 1337 5867 5.
1451 5813 1495 5842 ⁷³
1519 5813 1662 5868 Psal.
1690 5827 1735 5866 χι

1841 5743 1980 5798 Psal.
2015 5759 2209 5806 uxxv,
2236 5741 2289 5796 9.

1841 5829 1875 5868 ι.
1907 5814 1958 5868 ὅ.
2071 5814 2116 5845 ⁷⁸
2150 5813 2288 5868 Psal.

1563 5827 1662 5868 sat.
1690 5827 1875 5878 xxvm,
1907 5827 1958 5868 ο.

211 5797 242 5832 ’⁸
269 5797 502 5882 Halach:
532 5797 609 5882 ιιι,
639 5797 716 5870 ’8.
795 5817 840 5848 τ’
870 5813 1012 5868 Psal.
1043 5797 1259 5877 txrxv»,
1287 5811 1337 5867 5.

210 5883 342 5945 xxxv,
371 5881 419 5938 δ,

1840 2043 2074 2098 Domine
2109 2042 2177 2108 ",
2216 2063 2234 2095 ι
2269 2053 2542 2113 quotquot
2576 2044 2631 2098 in
2683 2044 2789 2098 hoc
2819 2047 3074 2114 praesenti
3115 2045 3314 2100 saeculo
3345 2045 3414 2100 ad

1839 2133 1994 2187 illum
2042 2140 2316 2188 venerunt
2366 2148 2464 2202 per
2508 2144 2759 2188 sanctum
2798 2133 3117 2204 baptisma;
3161 2144 3220 2189 ut
3270 2133 3413 2190 idem

1837 2225 2106 2295 propheta
2141 2224 2302 2280 nobis
2339 2225 2610 2295 praedixit,
2642 2227 2867 2281 dicens:
2903 2246 2920 2277 ‹
2948 2227 3140 2282 Venite
3166 2227 3234 2282 ad
3263 2241 3413 2291 eum,

1836 2325 1894 2370 et
1935 2317 2343 2380 illuminamini,
2389 2325 2446 2372 et
2478 2318 2646 2373 facies
2674 2332 2873 2373 vestrae
2917 2335 3025 2372 non
3071 2318 3416 2374 confundan-

1839 2417 1930 2461 tur
1956 2409 2022 2460 ⁶⁹.
2069 2427 2085 2459 ι
2120 2408 2275 2463 Alius
2322 2424 2544 2478 quoque
2595 2410 2863 2480 propheta
2917 2405 3094 2464 dicit:
3136 2429 3154 2462 ι
3189 2409 3417 2464 Munda-

1840 2502 1996 2564 mini,
2021 2502 2142 2571 puri
2166 2503 2502 2565 ciliciamini,
2522 2502 2736 2557 auferte
2762 2501 3082 2571 iniquitates
3103 2516 3132 2555 a
3150 2500 3417 2556 cordibus

1840 2592 2036 2646 vestris
2068 2592 2134 2645 7°.
2167 2611 2186 2644 ι
2222 2592 2277 2648 Si
2340 2592 2408 2647 ad
2457 2593 2607 2646 illum
2666 2591 2740 2646 ita
2789 2592 3040 2654 veniunt,
3101 2591 3412 2646 mercedem

1841 2682 1968 2737 fidei
2007 2682 2282 2753 accipient
2313 2693 2374 2738 ut
2419 2684 2536 2738 sine
2566 2683 2704 2753 legis
2755 2682 3069 2738 ministerio
3113 2699 3213 2752 per
3251 2683 3412 2737 iidem

1839 2773 2139 2828 salventur.
2169 2774 2454 2843 Quotquot
2475 2784 2658 2829 autem
2688 2789 2839 2828 nunc
2870 2774 2937 2828 ad
2976 2774 3128 2826 illum
3159 2789 3272 2827 non
3312 2787 3413 2825 vo-

1839 2862 2049 2916 luerint
2073 2864 2284 2922 venire,
2310 2863 2366 2917 in
2395 2863 2583 2918 futuro
2616 2863 2817 2918 saecqu
2842 2878 2953 2916 non
2983 2862 3233 2916 volentes
3259 2861 3412 2914 illum

1841 2967 1967 3008 cum
1991 2955 2321 3010 confusione
2344 2972 2536 3026 magna
2565 2965 2621 3010 et
2655 2955 2850 3010 timore
2880 2964 2935 3009 et
2971 2963 3212 3009 tremore
3241 2955 3414 3008 multo

1839 3044 2190 3112 adorabunt;
2225 3055 2284 3100 ut
2326 3047 2594 3118 propheta
2655 3046 2794 3100 dixit
2827 3063 2840 3099 :
2881 3064 2898 3096 ι
2939 3044 3191 3110 Domine,
3242 3045 3413 3098 altum

1839 3145 1924 3191 est
1953 3136 2240 3192 brachium
2279 3145 2459 3200 tuum,
2488 3144 2546 3190 et
2578 3152 2684 3191 non
2730 3135 3036 3189 timuerunt
3059 3135 3128 3199 7‘,
3167 3153 3186 3186 ι
3223 3133 3274 3187 id
3301 3144 3408 3198 est,

1841 3245 1950 3283 non
1989 3245 2138 3285 nunc
2167 3229 2551 3295 crediderunt;
2587 3249 2604 3280 ι
2635 3239 3030 3299 cognoscentes
3056 3236 3239 3281 autem
3280 3242 3417 3280 con-

1845 3319 2167 3384 fundentur,
2208 3339 2225 3371 ι
2261 3321 2408 3389 quod
2436 3331 2544 3381 est.
2592 3320 2647 3374 in
2690 3319 2902 3382 futuro,
2941 3333 3103 3388 quem
3128 3332 3275 3372 nunc
3306 3332 3416 3371 non

1844 3410 2198 3466 crediderunt
2219 3409 2519 3474 Christum,
2551 3419 2681 3464 tunc
2705 3415 3040 3480 cognoscent
3083 3415 3138 3462 et
3185 3407 3416 3462 confun-

1845 3503 2072 3571 dentur,
2121 3513 2180 3558 et
2226 3503 2664 3574 iuexstinguibili
2717 3501 2828 3572 igni
2873 3501 2942 3554 ab
2989 3500 3082 3556 illo
3130 3499 3417 3554 tradentur

1842 3607 2110 3650 a'ternum
2160 3595 2464 3666 puniendi;
2515 3595 2642 3665 quia
2685 3609 2751 3648 ex
2795 3593 2925 3648 Sion
2976 3593 3208 3648 debebat
3243 3593 3418 3646 mani-

1845 3685 2028 3740 festari
2053 3686 2326 3746 Christus.
2362 3694 2418 3739 et
2437 3685 2568 3756 quia
2593 3685 2907 3740 Altissimus
2929 3694 3034 3746 est.
3061 3694 3116 3738 et
3146 3684 3260 3752 ipse
3285 3684 3414 3736 Sion

1843 3772 2115 3829 fundavit.
2156 3772 2303 3828 Dixit
2331 3772 2502 3828 David
2536 3789 2551 3827 :
2599 3791 2617 3824 ι
2652 3773 2824 3827 Mater
2848 3773 3002 3836 Sion,
3033 3773 3180 3828 dicet
3211 3773 3373 3826 homo
3397 3809 3415 3838 ,

1841 3874 1898 3919 et
1925 3866 2088 3920 homo
2109 3874 2274 3921 natus
2301 3874 2387 3921 est
2421 3866 2478 3921 in
2503 3881 2590 3931 ea,
2635 3875 2692 3921 et
2727 3866 2843 3936 ipse
2876 3865 3127 3920 fundavit
3162 3882 3279 3920 eam
3323 3865 3418 3921 Al-

1844 3959 2089 4014 tissimus
2117 3960 2184 4013 ".
2223 3975 2243 4009 ι

1909 4135 2064 4202 Quod
2095 4144 2278 4190 autem
2309 4132 2620 4206 baptizatus
2653 4132 2757 4188 fuit
2786 4133 2839 4188 in
2875 4131 3137 4197 Iordane,
3167 4142 3222 4188 et
3255 4133 3415 4188 testi-

1841 4225 2086 4279 monium
2130 4225 2207 4279 illi
2248 4224 2432 4278 datum
2478 4234 2563 4279 est
2602 4225 2655 4278 in
2698 4225 2851 4278 caelis
2895 4241 2924 4277 ει
2967 4223 3076 4277 Deo
3118 4232 3175 4277 et
3231 4222 3412 4286 l’atre.

1839 4321 1978 4376 dixit
2010 4338 2023 4374 :
2063 4340 2080 4372 ι
2109 4320 2218 4375 Vox
2255 4319 2468 4373 Domini
2497 4334 2663 4388 super
2690 4332 2858 4386 aquas
2896 4332 2912 4381 ;
2944 4315 3084 4370 Deus
3113 4315 3298 4386 gloria:
3330 4314 3415 4368 in-

1840 4412 2059 4478 tonuit;
2116 4411 2376 4465 Dominus
2429 4426 2594 4478 super
2631 4426 2800 4479 aquas
2862 4408 3151 4461 multas".
3186 4424 3203 4458 ι
3256 4405 3413 4472 Quod

1838 4511 2020 4556 autem
2047 4517 2144 4572 per
2175 4511 2424 4556 sanctum
2473 4517 2634 4555 suum
2677 4500 2948 4570 baptisma
2987 4495 3246 4553 contrivit
3290 4496 3412 4551 dia-

1839 4592 2023 4647 bolum
2072 4603 2127 4647 et
2162 4602 2457 4663 potestates
2509 4594 2647 4662 ejus,
2703 4592 2884 4646 dicit:
2940 4609 2957 4641 ι
2993 4591 3070 4644 11ιί
3117 4598 3412 4644 conterens

1835 4684 2011 4754 capita
2047 4684 2344 4738 draconum
2372 4684 2428 4738 in
2459 4683 2675 4752 aqua”,
2709 4701 2725 4733 ι
2757 4683 2808 4737 id
2841 4691 2946 4747 est,
2977 4680 3408 4744 daemoniorum;

1834 4784 2125 4830 conterens
2173 4783 2338 4845 caput
2389 4774 2668 4837 draconis,
2724 4773 2777 4827 id
2829 4782 2932 4835 est.
2990 4772 3215 4826 diaboli.
3270 4769 3410 4825 Illud

1833 4878 2050 4928 autem.
2101 4864 2333 4921 Creator
2381 4865 2504 4920 caeli
2541 4875 2596 4920 et
2630 4873 2789 4919 terra!
2837 4872 2893 4918 et
2927 4862 3114 4928 maris,
3172 4859 3289 4932 ipse
3325 4868 3413 4916 est

1831 4958 2101 5022 Christus,
2137 4957 2284 5028 quod
2308 4958 2362 5012 in
2394 4957 2530 5012 mari
2564 4957 2867 5012 ambulavit
2895 4966 2954 5011 ut
2989 4956 3044 5011 in
3071 4956 3408 5027 pavimento.

1832 5054 1978 5124 quod
2008 5055 2319 5109 curationes
2339 5054 2538 5108 multas
2560 5053 2688 5109 fecit
2713 5054 2767 5107 in
2795 5053 3018 5122 populo;
3042 5063 3098 5108 et
3117 5068 3216 5123 pro
3245 5037 3425 5106 mun-I

1832 5147 1901 5200 do
1934 5145 2127 5201 debuit
2157 5146 2290 5215 pati,
2320 5146 2461 5201 liber
2481 5146 2585 5200 Job
2615 5147 2688 5200 ita
2712 5145 2993 5216 loquitur:
3035 5165 3052 5198 ι
3083 5143 3187 5213 Qui
3208 5146 3409 5201 caelum

1835 5235 2069 5290 tetendit
2115 5236 2286 5293 solus.
2362 5235 2648 5289 ambulans
2702 5235 2757 5291 in
2818 5234 2956 5290 mari
3009 5242 3070 5289 ut
3151 5234 3208 5289 in
3253 5233 3411 5304 pavi-

1837 5336 2022 5380 mento
2043 5327 2128 5391 7';
2166 5345 2183 5377 ι
2216 5327 2486 5396 propheta
2519 5342 2739 5397 quoque
2768 5327 2905 5382 dicit
2937 5345 2951 5382 :
2989 5345 3008 5378 α
3057 5327 3212 5381 Tunc
3263 5321 3408 5380 oculi

1835 5433 2106 5473 caecorum
2129 5418 2466 5485 aperientur,
2487 5426 2543 5473 et
2567 5420 2745 5474 soluta
2761 5420 2870 5474 erit
2894 5419 3079 5491 lingua
3094 5428 3408 5484 mutorum;

1839 5518 1969 5564 tunc
2001 5508 2227 5563 claudus
2260 5519 2323 5563 ut
2350 5524 2550 5564 cervus
2576 5511 2734 5566 saliet
2758 5511 2824 5566 ".
2857 5529 2876 5563 ι
2913 5509 3070 5576 Quod
3097 5517 3284 5564 autem
3315 5507 3412 5562 deo

1838 5601 2002 5657 bebat
2031 5601 2296 5656 Dominus
2327 5611 2514 5658 noster
2539 5601 2698 5658 Jesus
2735 5602 2990 5658 Christus
3018 5601 3074 5655 in
3101 5599 3410 5655 Jerusalem

2403 5743 2448 5774 "
2478 5741 2622 5798 Psal.
2652 5755 2840 5799 χχχιιι.
2871 5741 2926 5796 6.
3035 5740 3082 5772 "
3105 5741 3211 5796 lsa.
3252 5755 3290 5804 ι,
3323 5738 3409 5797 16.

2071 5814 2116 5845 ⁷⁸
2150 5813 2288 5868 Psal.
2322 5827 2505 5879 tum,
2567 5813 2653 5868 l3.
2762 5811 2810 5845 "
2839 5811 2942 5868 Job
2971 5824 3042 5880 Ix,
3077 5809 3130 5865 8.
3233 5809 3280 5842 "
3302 5809 3408 5866 lsa.
