4072 6554
478 438 609 503 1331
1669 442 1734 502 S.
1774 439 2174 501 ANASTASII
2215 436 2543 499 SINAITAS
2688 450 2691 451 '
3604 439 3728 505 1232

472 558 690 631 ingredi
719 557 920 614 sedens
949 558 1005 612 in
1041 558 1195 628 pullo
1229 559 1368 613 asini
1401 557 1709 630 subjugalis
1735 560 1893 628 quasi
1935 573 2041 623 rex,

2160 555 2331 626 χωλὸς
2355 554 2434 619 ὡς
2480 552 2676 621 ἐλαφος
2727 550 2940 605 ἀλεῖται
2976 568 2996 602 ι
3028 589 3043 605 .
3079 551 3202 605 ’Ότι
3236 551 3296 605 δέ
3333 550 3504 607 ἐλθεῖν
3548 552 3726 624 Ipsus

464 651 739 721 propheta
764 650 1061 707 Zacharias
1080 651 1255 707 dicit:
1300 651 1554 706 «Exsulta
1576 651 1731 711 satis,
1761 650 1871 705 ﬁlia
1896 638 2041 716 Sion1

2148 650 2184 702 6
2213 646 2419 717 Κύριος
2451 644 2609 716 ήμῶν
2658 644 2867 715 Ἰησοῦς
2904 643 3141 716 Χριστὸς
3176 643 3274 698 τοῦ
3324 643 3516 699 παθεῖν
3548 646 3603 701 ἐν
3634 647 3729 701 Ἰε-

460 743 662 811 jubila,
691 742 802 797 ﬁlia
824 742 1129 797 Jerusalem
1158 759 1174 808 ;
1208 757 1337 797 ecce
1369 758 1463 797 rex
1513 750 1645 798 tuus
1689 742 1843 797 venit
1878 743 2041 812 justus

2154 739 2444 811 ρουσαλὴμ
2494 736 2862 807 καθεζόμενος
2906 737 3003 790 ἐπὶ
3061 736 3244 792 πώλου
3282 738 3411 792 ὖνου
3444 738 3729 807 ὑποζυγίου

464 845 522 889 et
565 836 846 900 salvator;
889 835 1006 903 ipse
1039 850 1252 904 pauper
1286 843 1346 889 et
1387 834 1695 889 ascendens
1730 848 1897 902 super
1922 832 2041 887 sub-

2148 831 2231 900 ὡς
2266 829 2521 902 βασιλεὺς
2577 826 2806 900 παρὼν,
2836 830 2866 882 6
2897 830 3187 901 προφήτης
3220 828 3501 899 Ζαχαρίας
3545 827 3687 895 λέγει
3712 844 3727 858 ·

458 927 701 997 jugalem
726 935 783 980 et
801 941 971 994 super
995 925 1208 994 pullum
1233 925 1299 978 ⁷⁷.
1325 943 1344 976 ι
1372 924 1527 991 Quod
1548 942 1579 979 a
1600 924 1821 988 vestnis,
1855 922 2041 978 Judaei

2166 943 2187 974 ι
2226 923 2398 994 Χαῖρε
2450 919 2677 992 σφόδρα,
2704 919 2948 989 θύγατερ
2982 919 3143 973 Σιών·
3179 920 3446 991 κήρυσσε,
3502 918 3731 989 θύγατερ

462 1019 652 1087 pueris
688 1038 708 1068 ι
746 1020 1002 1072 llosanna
1034 1036 1054 1069 ι
1088 1017 1384 1073 clamatum
1411 1027 1516 1084 est,
1548 1018 1662 1072 Deo
1699 1015 1837 1071 illud
1878 1014 2041 1084 inspi-

2176 1012 2538 1084 Ἰερουσαλήμ
2561 1028 2575 1043 ·
2598 1011 2709 1066 ίδοὺ
2735 1014 2763 1066 6
2787 1011 3042 1083 βασιλεύς
3058 1029 3153 1072 σου
3179 1014 3398 1083 ἔρχεται
3417 1011 3623 1073 δίκαιος
3641 1011 3730 1064 καὶ

462 1124 558 1164 ran
569 1120 640 1176 te,
659 1110 826 1164 David
844 1110 1281 1180 prophetizavit:
1309 1129 1328 1161 ι
1348 1110 1427 1166 Ex
1438 1126 1534 1165 ore
1554 1110 1846 1165 infantium
1860 1117 1921 1163 et
1945 1108 2041 1162 lac-

2164 1106 2376 1171 σώζων,
2406 1105 2571 1168 αὐτὸς
2604 1103 2784 1177 πραῢς
2809 1106 2904 1185 καὶ
2933 1103 3280 1175 ἐπιϐεϐηκὼς
3307 1105 3402 1158 ἐπὶ
3444 1104 3731 1171 ὑποζυγίου

462 1201 698 1257 tentiam
740 1202 1017 1272 perfecisti
1051 1203 1270 1257 laudem
1293 1203 1360 1256 ⁷⁸.
1385 1221 1403 1253 ι
1439 1202 1606 1257 lsaias
1622 1209 1807 1256 autem
1840 1218 1899 1255 τι
1928 1199 2041 1270 ipse

2161 1200 2258 1255 καὶ
2275 1198 2483 1253 πώλου.
2514 1215 2535 1250 ι
2570 1197 2695 1251 Ὀτι
2725 1196 2783 1250 δὲ
2808 1199 2903 1251 καὶ
2936 1196 3043 1251 ὑπὸ
3068 1196 3178 1250 τῶν
3204 1196 3413 1250 παίδων
3448 1195 3602 1264 ὑμῶν
3632 1193 3734 1247 τῶν

461 1291 809 1349 inﬁrmitates
838 1303 1059 1349 nostras
1086 1294 1220 1348 tulit
1254 1303 1312 1350 et
1358 1293 1651 1366 languores
1692 1292 1953 1363 portavit,
1991 1299 2041 1346 et

2172 1290 2439 1345 Ἰουδαίων
2460 1289 2541 1355 τὸ,
2571 1307 2589 1340 ι
2612 1288 2863 1354 Ὡσαννὰ,
2892 1307 2913 1342 ι
2941 1288 3278 1361 εὐφημίσθη,
3298 1287 3406 1342 ὑπὸ
3423 1287 3559 1341 Θεοῦ
3587 1286 3735 1339 τοῦτο

458 1399 561 1454 pro
593 1385 755 1441 nobis
784 1385 1126 1455 atiligitur".
1155 1405 1174 1438 ι

2155 1379 2520 1450 διδαχθέντες,
2540 1378 2749 1432 όΔαϐὶδ
2776 1378 3257 1450 προανεφώνησεν·
3280 1396 3303 1431 ι
3340 1376 3439 1432 Ἐκ
3478 1377 3732 1447 πόματος

458 1480 669 1551 νηπίων
730 1481 825 1534 καὶ
859 1479 1201 1551 θηλαζόντων
1246 1481 1563 1553 κατηρτίσω
1601 1478 1769 1537 αῐνον.
1799 1499 1818 1534 ι
1852 1480 1912 1534 '0
1976 1478 2036 1533 δὲ
2089 1473 2341 1538 Ἡσαΐας·
2374 1491 2394 1526 ι
2427 1472 2604 1537 Αὐτὸς
2645 1471 2746 1536 τὰς
2796 1471 3081 1537 ἀσθενείας
3122 1471 3281 1545 ήμῶν
3312 1466 3461 1544 ἦρε,
3501 1470 3599 1524 καὶ
3639 1468 3733 1531 τὰς

460 1573 651 1635 νόσους
678 1572 966 1639 ἐϐάστασε,
1004 1574 1100 1626 καὶ
1127 1574 1267 1645 ὑπὲρ
1293 1576 1452 1645 ήμῶν
1478 1575 1735 1629 ὀδυνᾶται
1755 1590 1771 1605 ·
1806 1593 1827 1627 ι

530 1663 724 1719 Nonne
753 1663 925 1729 vides,
957 1665 1218 1731 oJudaae,
1238 1641 1541 1735 iquvomodo
1566 1667 1885 1737 oportuerit
1933 1663 2041 1718 im-

2223 1649 2337 1721 Οὒχ
2366 1648 2537 1721 ὁρᾶς,
2572 1641 2623 1702 ὦ
2656 1647 2881 1703 Ἰουδαῖε
2905 1687 2923 1714 ,
2955 1647 3075 1713 πιῖις
3105 1648 3214 1704 ἔδει
3259 1649 3619 1724 πληρωθῆναι
3661 1656 3734 1718 εἰς

458 1756 598 1826 pleri
627 1756 682 1809 in
705 1756 858 1811 illum
886 1756 1091 1826 scripta
1110 1758 1549 1828 prophetarum?
1580 1760 1654 1815 De
1682 1759 1832 1814 illius
1851 1766 2039 1812 autem

2153 1742 2319 1798 αὐτὸν
2365 1742 2465 1805 τὰς
2519 1740 2741 1812 Γραφάς
2797 1739 2908 1795 τῶν
2966 1741 3301 1813 προφητῶν;
3334 1744 3474 1816 Περὶ
3508 1745 3622 1817 γὰρ
3646 1745 3734 1800 τοῦ

459 1849 799 1919 proditione,
820 1850 980 1920 cujus
1000 1859 1192 1905 auctor
1219 1850 1504 1908 fuitJudas
1524 1867 1669 1906 unus
1691 1867 1723 1907 e
1744 1850 2038 1907 duodecim

2151 1835 2503 1908 προδεδόσθαι
2536 1834 2700 1889 αὑτὸν
2730 1851 2803 1887 πα
2813 1835 2882 1905 ρὰ
2912 1833 3006 1887 τοῦ
3022 1834 3189 1889 Ἰούδα
3213 1836 3333 1900 ἐνὸς
3356 1836 3468 1891 τῶν
3492 1837 3732 1909 ιβ’μαθη-

459 1940 745 2009 discipulis
765 1942 905 2011 ejus,
939 1942 1181 2011 psalmus
1202 1942 1374 1998 dicit:
1423 1963 1443 1997 ι
1472 1945 1651 2009 Quare
1691 1944 2043 1999 fremuerunt

460 2040 678 2100 gentes,
704 2040 762 2086 et
792 2033 975 2102 populi
1008 2033 1257 2089 meditati
1309 2043 1439 2090 sunt
1461 2035 1644 2090 inania
1672 2034 1695 2089 ?
1728 2034 2039 2091 Astiterunt

460 2135 618 2192 reges
647 2130 826 2187 terrae,
844 2126 917 2177 ‘et
946 2123 1227 2193 principes
1254 2135 1636 2180 convenerunt
1665 2126 1721 2179 in
1753 2126 2030 2179 unumst»

460 2212 853 2269 Convenerunt
902 2215 1125 2285 quidem
1171 2233 1363 2273 revera
1403 2218 1459 2272 in
1512 2227 1763 2274 sanctum
1808 2234 2041 2289 puerum

458 2306 555 2361 Dei
587 2305 797 2373 Jesum,
832 2310 927 2377 qui
959 2317 1046 2365 est
1063 2308 1336 2375 Christus,
1360 2310 1605 2367 Herodes
1625 2312 1919 2366 etPoutius
1950 2312 2042 2366 Pi-

458 2398 605 2452 latus
640 2414 763 2454 cum
793 2400 1052 2468 gentibus
1080 2411 1136 2456 et
1155 2402 1375 2472 populis
1399 2403 1590 2458 lsrael.
1621 2402 1791 2457 David
1822 2417 2042 2473 quoque

458 2489 597 2544 dicit
626 2490 695 2546 de
722 2493 918 2547 eodem
949 2512 963 2547 :
1005 2512 1023 2545 ι
1053 2493 1339 2549 Foderunt
1369 2509 1564 2550 manus
1604 2510 1755 2549 meas
1778 2504 1836 2549 et
1874 2495 2041 2564 pedes

458 2598 631 2650 meos,
666 2594 720 2639 et
749 2585 1061 2641 diviserunt
1099 2587 1201 2641 sibi
1240 2589 1567 2641 vestimenta
1597 2602 1738 2651 mea,
1783 2596 1840 2642 et
1869 2602 2037 2657 super

460 2675 703 2731 tunicam
738 2693 916 2732 meam
948 2679 1221 2733 miserunt
1249 2688 1457 2734 sortem
1486 2696 1501 2745 ;
1545 2680 2040 2736 dinumeraverunt

458 2769 641 2822 omnia
673 2783 797 2823 ossa
828 2784 949 2823 mea
971 2770 1037 2823 ³⁸.
1072 2789 1091 2820 ι
1152 2770 1286 2826 Vide
1332 2772 1770 2836 eruciiixionem,
1809 2782 1865 2827 et
1903 2788 2043 2843 quo-

458 2860 622 2913 modo
666 2870 883 2914 acetum
933 2876 1056 2915 cum
1112 2860 1238 2915 felle
1288 2861 1365 2915 illi
1416 2863 1718 2917 bibendum
1754 2863 2041 2930 dederint;

461 2951 605 3005 idem
662 2950 831 3005 David
879 2952 1079 3005 iterum
1133 2952 1308 3008 dicit:
1368 2972 1386 3003 ι
1417 2953 1699 3009 Dederunt
1746 2955 1803 3009 in
1856 2970 2040 3010 escam

2144 1930 2257 1985 τῶν
2285 1929 2475 1994 αὐτοῦ,
2506 1929 2535 1983 6
2555 1928 2772 2000 ψαλμὸς
2794 1929 2963 1997 λέγει·
2994 1947 3013 1980 ι
3044 1930 3162 1983 Ἵνα
3182 1929 3239 1983 τί
3272 1929 3557 2001 ἐφρύαξαν
3590 1931 3732 2005 ἔθνη,

2142 2021 2242 2077 καὶ
2266 2021 2384 2076 λαοὶ
2411 2020 2747 2092 ἐμελέτησαν
2788 2020 2954 2074 καινά
2982 2034 2997 2084 ;
3027 2020 3380 2093 παρέστησαν
3406 2023 3458 2074 oi
3488 2021 3723 2092 βασιλεῖς

2142 2113 2249 2185 τῆς
2268 2112 2395 2184 γῆς,
2427 2112 2523 2167 καὶ
2548 2112 2600 2165 οί
2630 2113 2889 2183 ἄρχοντες
2918 2111 3269 2183 συνήχθησαν
3292 2113 3388 2167 ἐπὶ
3416 2114 3479 2166 τὸ
3514 2114 3647 2167 αὐτό
3671 2153 3686 2168 .
3712 2135 3729 2167 ι

2143 2204 2500 2276 Συνήχθησαν
2528 2204 2638 2275 γὰρ
2669 2205 2756 2256 ἐπ’
2771 2202 3033 2275 ἀληθείας
3058 2204 3153 2257 ἐπὶ
3175 2206 3265 2257 τὸν
3280 2204 3435 2275 ἆγιον
3456 2206 3632 2261 Παῖδα
3644 2204 3734 2259 τοῦ

2144 2295 2281 2350 Θεοῦ
2315 2294 2546 2364 Ἰησοῦν,
2573 2296 2631 2357 6;
2669 2298 2785 2349 ἐστι
2807 2294 3068 2366 Χριστὸς,
3108 2296 3354 2367 Ἡρώδης
3383 2314 3445 2352 τε
3479 2299 3578 2352 καὶ
3603 2298 3733 2352 Πόν-

2144 2402 2262 2451 τιος
2310 2388 2547 2452 Πιλᾶτος
2578 2388 2677 2441 σὺν
2703 2388 2885 2441 ἐθνεσι
2937 2390 3035 2441 καὶ
3077 2388 3228 2453 λαοῖς
3264 2388 3516 2461 Ἰσραήλ.
3558 2391 3670 2444 Καὶ
3707 2392 3736 2444 ό

2143 2478 2311 2534 Δαϐὶδ
2339 2479 2491 2549 λέγει
2524 2481 2653 2550 περὶ
2691 2479 2856 2534 αὐτοῦ
2888 2495 2903 2511 ·
2945 2499 2964 2533 ι
3001 2480 3244 2551 Ὠρυξαν
3282 2483 3477 2553 χεῖράς
3508 2499 3616 2552 μου
3638 2483 3734 2537 καὶ

2142 2570 2308 2634 πόδας
2346 2586 2472 2639 μου,
2503 2570 2598 2623 καὶ
2620 2569 3001 2640 διεμερίσαντο
3029 2571 3097 2624 τὰ
3127 2571 3319 2641 ἱμάτιά
3350 2587 3453 2641 μου
3499 2573 3733 2639 ἑαυτοῖς,

2143 2660 2240 2713 καὶ
2272 2661 2372 2712 ἐπὶ⁵
2390 2659 2485 2712 τὸν
2539 2659 2832 2729 ἱματισμόν
2870 2677 2972 2731 μου
3011 2659 3235 2714 ἔϐαλλον
3261 2660 3484 2731 κλῆρον·
3517 2662 3732 2733 ἐξηρίθσ

2144 2766 2327 2822 μησαν
2361 2750 2541 2804 πάντα
2588 2750 2657 2803 τὰ
2682 2749 2819 2804 ὀστᾶ.
2847 2767 2975 2821 μου.
3007 2770 3027 2801 ι
3058 2749 3189 2804 Ἰδοὺ
3222 2752 3315 2804 καὶ
3347 2750 3733 2821 ήσταύρωσις,

2142 2842 2237 2896 καὶ
2265 2844 2346 2895 ὅτι
2373 2842 2496 2907 ὅξος
2533 2840 2674 2913 μετὰ
2716 2841 2879 2912 χολῆς
2925 2841 3089 2896 αὐτὸν
3136 2842 3418 2897 ἐπότισαν.
3474 2842 3537 2896 '0
3576 2842 3734 2905 αὐτὸς

2141 2933 2305 2988 Δαϐὶδ
2369 2934 2532 2988 πάλιν
2574 2929 2765 2987 εἶπεν·
2791 2950 2813 2985 ι
2847 2934 3095 2988 Ἕδωκαν
3146 2937 3227 2996 είς
3273 2934 3338 2987 τὸ
3376 2933 3583 3005 βρῶμά
3636 2951 3735 3004 μου

459 3055 638 3095 meam
666 3040 759 3105 fel,
792 3048 849 3094 et
879 3042 933 3094 in
968 3042 1058 3095 siti
1093 3058 1214 3097 mea
1245 3052 1578 3113 potaverunt
1613 3061 1701 3100 me
1741 3054 1899 3101 aceto
1918 3046 1987 3100 θ’.
2013 3066 2033 3099 ι

2142 3024 2327 3097 χολήν,
2368 3030 2465 3079 καὶ
2494 3028 2577 3089 είς
2625 3028 2727 3097 τὴν
2760 3025 2919 3094 δίψαν
2978 3044 3081 3097 μου
3116 3026 3374 3081 ἐπότισόω
3405 3044 3475 3096 με
3532 3026 3674 3092 ὅξος.
3709 3045 3728 3079 ι

460 3132 602 3201 Ergo
621 3131 834 3187 mentiti
851 3141 980 3185 sunt
996 3134 1282 3202 prophetae
1315 3143 1371 3188 et
1392 3136 1569 3189 nostri
1599 3134 2038 3192 Christianorum

2139 3112 2289 3189 'Apa
2320 3116 2625 3188 ἐψεύσαντο
2674 3118 2725 3171 oi
2786 3117 3061 3189 προφῆται
3113 3118 3207 3171 καὶ
3235 3118 3287 3171 oi
3342 3118 3734 3187 εὐαγγελθισταὶ

459 3224 826 3293 evangelistam
888 3224 1088 3279 similia
1158 3224 1426 3291 dicentes,
1477 3227 1594 3282 haec
1643 3243 1866 3298 passum
1916 3244 2038 3287 esse

2142 3208 2302 3280 ήμῶν
2333 3210 2443 3264 τῶν
2473 3208 2845 3281 Χριστιανῶν,
2881 3209 2952 3261 τὰ
2988 3211 3079 3263 ίσα
3109 3208 3315 3263 τούτων
3352 3210 3623 3274 εἰπόντες,
3652 3210 3734 3263 ὅτι

459 3315 788 3370 Christum?
825 3315 881 3371 Si
923 3317 1099 3372 nostri
1146 3317 1496 3389 evangelista:
1534 3320 1747 3376 mentiti
1790 3330 1940 3387 sunt,
1986 3332 2043 3377 et

460 3406 743 3476 prOphetae
767 3408 934 3462 etiam
966 3406 1180 3463 mentiti
1228 3408 1428 3464 similia
1475 3409 1585 3465 illis
1631 3410 1902 3466 dicentes.
1951 3412 2043 3467 Vis

460 3501 651 3556 audire
683 3501 749 3555 de
776 3503 894 3572 ejus
936 3502 1268 3572 sepultura?
1306 3502 1577 3573 Propheta
1620 3502 1755 3558 dicit
1802 3504 1859 3558 in
1901 3505 2043 3559 libro

459 3593 839 3647 Psalmorum:
881 3610 899 3643 ι
924 3591 1233 3647 Posuerunt
1280 3607 1367 3646 me
1400 3592 1455 3646 in
1519 3592 1642 3646 lacu
1686 3592 1953 3656 inferiori,
1987 3593 2042 3646 in

463 3682 707 3737 tenebris
737 3692 793 3736 et
828 3683 883 3736 in
917 3683 1110 3737 umbra
1144 3684 1358 3749 mortis,
1386 3693 1442 3738 et
1483 3682 1665 3739 factus
1722 3698 1843 3738 sum
1899 3684 2044 3739 sicut

461 3776 623 3827 homo
654 3774 777 3828 sine
807 3774 1104 3845 adjutorio,
1154 3775 1297 3829 inter
1350 3784 1600 3829 mortuos
1647 3776 1788 3831 liber
1814 3776 1894 3842 ⁸³,
1932 3794 1951 3827 ι
1990 3776 2041 3830 id

458 3864 692 3918 estsine
740 3876 985 3933 peccato.
1030 3865 1135 3921 Job
1175 3882 1393 3936 quoque
1441 3867 1611 3921 dicit:
1652 3886 1671 3919 ι
1703 3866 2044 3938 Aperiuntur

462 3956 556 4009 tibi
589 3957 786 4011 timore
813 3965 985 4026 portae
1014 3958 1228 4023 mortis,
1262 3958 1517 4013 custodes
1542 3966 1725 4013 autem
1756 3966 2043 4028 portarum

460 4048 659 4101 inferni
687 4047 935 4102 videntes
962 4056 1016 4102 te
1046 4048 1407 4102 terrebuntur
1428 4048 1509 4113 ἰς
1548 4068 1566 4100 ι
1624 4057 1815 4118 aperte
1845 4049 2043 4103 adver-

459 4140 729 4196 sariorum
759 4140 1154 4196 daemoniorum
1178 4150 1481 4212 potestates
1508 4141 1890 4213 designantur,
1922 4159 2044 4213 qua:

460 4232 513 4283 in
542 4230 756 4283 inferno
783 4229 1053 4284 habitant.
1086 4230 1240 4297 Quod
1266 4232 1436 4285 multa
1461 4246 1695 4301 corpora
1721 4240 2041 4286 sanctorum

459 4322 553 4392 qui
586 4323 655 4377 ab
698 4323 855 4377 initio
879 4323 1069 4378 mundi
1105 4324 1463 4389 dormierant,
1494 4324 1747 4381 Christus
1792 4325 1848 4381 iu
1876 4342 2044 4383 cruce

460 4415 705 4485 pendens
731 4416 992 4469 excitavit
1022 4430 1053 4468 e
1079 4417 1337 4481 mortuis,
1374 4416 1665 4471 Psalmista
1695 4416 1874 4473 dixit:
1912 4418 2041 4486 «Qui

460 4507 647 4561 educit
679 4507 893 4561 vinctos
928 4505 983 4560 in
1014 4505 1335 4561 fortitudine
1361 4524 1376 4574 ;
1414 4507 1669 4562 similiter
1694 4508 1787 4578 qui
1812 4524 2042 4564 exacer-

2143 3303 2319 3356 ταῦτα
2338 3302 2542 3357 ἔπαθεν
2562 3304 2594 3355 6
2609 3301 2843 3373 Χριστός
2858 3318 2874 3370 ;
2890 3302 2987 3355 καὶ
3009 3303 3057 3354 εί
3087 3304 3135 3355 οί
3166 3302 3551 3371 εὐαγγελισταὶ
3579 3302 3733 3375 ήμῶν

2145 3395 2466 3464 ἐψεύσαντο,
2526 3396 2621 3449 καὶ
2664 3396 2712 3447 ot
2750 3394 3029 3465 προφῆται
3082 3394 3266 3451 λοιπὸν
3320 3394 3630 3465 ἐψεύσαντο
3666 3395 3732 3449 τὰ

2143 3489 2305 3558 ὅμοια
2360 3488 2565 3541 τούτων
2620 3487 2890 3551 εἰπόντες.
2940 3486 3130 3551 Θέλεις
3182 3485 3416 3542 ἀκοῦσαι
3468 3489 3568 3541 καὶ
3603 3488 3731 3559 περὶ

2143 3581 2243 3651 τῆς
2302 3580 2481 3651 ταφῆς
2526 3579 2692 3634 αι’)τοῦ
2726 3597 2742 3647 ;
2780 3580 2839 3634 Ὀ
2884 3582 3178 3652 Προφήτης
3239 3579 3388 3649 λέγει
3444 3582 3505 3635 ἐν
3569 3579 3733 3651 βίϐλῳ

2142 3671 2412 3742 Ψαλμῶν·
2445 3690 2464 3724 ι
2506 3671 2735 3726 Ἐθεντό
2794 3689 2860 3743 με
2920 3673 2980 3725 ἐν
3028 3672 3217 3745 λάκκῳ
3292 3674 3621 3745 κατωτάτῳ,
3675 3676 3732 3726 ἐν

2145 3766 2441 3828 σκοτεινοῖς
2477 3764 2571 3818 καὶ
2599 3767 2662 3817 ἐν
2704 3766 2832 3836 σκιᾷ
2860 3763 3115 3829 θανάτου,
3156 3766 3250 3819 καὶ
3281 3764 3555 3836 ἐγενήθην
3604 3766 3731 3819 ὡσεὶ

2143 3856 2429 3928 ἄνθρωπος
2444 3854 2766 3928 ἀϐοήθητος,
2783 3858 2843 3910 ἐν
2858 3859 3074 3926 νεκροῖς
3091 3855 3395 3927 ἐλεύθερος,
3408 3877 3427 3909 ι
3456 3858 3731 3911 τουτέστιν

2143 3950 2551 4020 ἀναμάρτητος.
2569 3948 2678 4003 Καὶ
2697 3950 2754 4002 ἐν
2771 3948 2850 4020 τῷ
2887 3948 3009 4002 Ἰὼϐ
3024 3948 3173 4011 λέγει
3195 3965 3209 3978 ·
3237 3966 3257 4001 ι
3282 3947 3624 4017 ’Δνοίγονταί
3652 3966 3730 4002 σοι

2146 4041 2296 4112 φόϐῳ
2348 4041 2516 4095 πύλαι
2560 4040 2814 4107 θανάτου,
2880 4040 3126 4113 πυλωροὶ
3175 4041 3233 4095 δὲ
3272 4041 3403 4113 ᾅδου
3441 4042 3643 4105 [δόντες
3673 4057 3729 4094 σε

2145 4133 2403 4205 ἔπτηξαν·
2460 4151 2480 4186 ι
2539 4132 2784 4205 δηλονότι
2840 4134 2898 4188 αί
2952 4134 3063 4188 τῶν
3141 4132 3402 4187 ἐναντίων
3457 4133 3729 4205 δαιμόνων

2090 4258 2097 4264 η
2144 4226 2405 4297 δυνάμεις
2422 4227 2477 4279 ai
2502 4225 2561 4280 ἐν
2584 4224 2666 4297 τῷ
2691 4225 2814 4299 ᾅδῃ.
2835 4226 2960 4280 Ὀτι
2981 4226 3038 4280 δὲ
3070 4225 3242 4281 πολλὰ
3259 4228 3490 4300 σώματα
3503 4228 3617 4280 τῶν
3642 4243 3730 4281 κε-

2145 4337 2227 4374 κοι
2238 4336 2312 4391 μη
2321 4320 2496 4390 μένων
2520 4320 2614 4374 ἀπ’
2630 4319 2827 4383 αἰῶνος
2846 4320 3021 4390 ἀγίων
3039 4321 3311 4386 όΧριστδς
3335 4323 3396 4377 ἐν
3413 4322 3493 4391 τῷ
3513 4321 3731 4391 σταυρῷ

2145 4413 2494 4484 κρεμάμενος
2554 4413 2780 4485 ήγειρεν
2803 4416 2869 4467 ἐκ
2914 4413 3026 4467 τῶν
3059 4415 3271 4488 νεκρῶν
3300 4456 3316 4481 ,
3350 4417 3380 4469 6
3425 4415 3729 4486 Ψαλμῳδὸς

2146 4501 2297 4560 εἶπεν
2326 4522 2372 4558 ἰ
2412 4506 2478 4560 Ὀ
2500 4504 2711 4574 ἐξάγων
2735 4506 3143 4579 πεπεδημένους
3169 4511 3227 4562 ἐν
3250 4508 3473 4579 ἀνδρείᾳ
3494 4524 3509 4540 ·
3533 4508 3731 4579 ὁμοίως

460 4597 571 4652 bati
610 4608 737 4653 sunt
789 4607 845 4653 et
904 4598 1153 4653 habitant
1185 4597 1240 4651 in
1299 4599 1571 4668 sepulcris
1592 4600 1657 4653 ⁸³.
1692 4618 1710 4651 ι
1753 4600 1859 4654 Sed
1887 4601 1955 4656 de
1980 4601 2041 4656 il-

2148 4598 2277 4663 τοὺς
2294 4598 2835 4670 παραπικραίνοντας
2854 4600 2981 4663 τοὺς
2998 4601 3385 4664 κατοικοῦντας
3405 4602 3464 4653 ἐν
3477 4601 3691 4668 τάφοις.
3705 4621 3721 4653 ι

460 4692 565 4745 lius
595 4690 851 4745 triduana
888 4691 1168 4762 sepultura
1222 4700 1279 4746 et
1321 4691 1733 4747 resurrectione
1780 4693 2046 4763 propheta

458 4782 597 4837 Osee
622 4784 702 4838 sic
734 4782 981 4853 loquitur
1010 4802 1025 4839 :
1059 4803 1077 4835 ι
1099 4782 1422 4851 Quaeramus
1458 4784 1771 4852 Dominum,
1801 4785 2047 4840 vivifica-

2150 4692 2316 4746 Ἀλλὰ
2342 4694 2439 4745 καὶ
2463 4693 2594 4760 περὶ
2618 4692 2719 4762 τῆς
2747 4691 3053 4765 τριημέρου
3082 4692 3246 4747 αὐτοῦ
3274 4696 3454 4765 ταφῆς
3501 4697 3601 4747 καὶ
3631 4693 3729 4763 τῆς

2148 4784 2501 4847 ἀναστάσεως
2524 4785 2553 4837 6
2583 4784 2874 4855 προφήτης
2897 4785 3059 4856 Ὠσηὲ
3081 4784 3229 4855 λέγει
3262 4786 3455 4851 οὕτως·
3488 4804 3508 4839 ι
3554 4787 3730 4857 Ζητή-

460 4875 540 4929 bit
566 4891 665 4930 nos
696 4886 821 4945 post
842 4877 980 4931 duos
1003 4876 1141 4943 dies,
1174 4886 1227 4932 et
1258 4878 1312 4932 in
1334 4877 1422 4932 die
1450 4878 1609 4933 tertia
1638 4893 1917 4949 resurgam
1940 4879 2038 4929 ⁸⁸.»

2150 4893 2334 4946 σωμεν
2358 4876 2450 4929 τὸν
2489 4874 2722 4948 Κύριον,
2755 4879 2853 4930 καὶ
2894 4876 3117 4946 ἁγιάσει
3151 4879 3302 4949 ἡμᾶς
3330 4878 3469 4948 μετά
3522 4879 3730 4948 ἡμέρας

459 4964 615 5031 Quod
645 4976 829 5020 autem
874 4966 1057 5020 anima
1094 4967 1215 5038 ejus
1259 4967 1316 5021 in
1364 4967 1581 5022 inferno
1625 4983 1735 5021 non
1785 4967 2041 5022 derelicta

2147 4969 2261 5034 δύο,
2286 4968 2382 5022 καὶ
2412 4971 2479 5040 τῇ
2524 4968 2685 5041 τρίτῃ
2717 4970 2901 5042 ήμέρᾳ
2930 4970 3333 5041 ἀναστήσομαι.
3382 4988 3402 5023 ι
3438 4970 3567 5023 Ὀτι
3595 4970 3651 5022 δὲ
3696 4969 3727 5037 ή

460 5067 566 5123 est,
600 5074 779 5128 neque
809 5074 940 5113 caro
973 5060 1093 5131 ejus
1116 5059 1256 5115 vidit
1286 5060 1725 5135 corruptionem,
1758 5050 2041 5115 David'di-

2147 5060 2296 5133 ψυχὴ
2346 5060 2510 5117 αὑτοῦ
2541 5062 2599 5114 ἐν
2632 5061 2736 5135 ᾅδῃ
2758 5063 2818 5115 οὐ
2860 5062 3286 5117 καταλέλειπται
3314 5104 3329 5129 ,
3356 5062 3481 5117 οὐδὲ
3512 5064 3546 5134 ή
3594 5061 3726 5132 σὰρξ

461 5144 577 5200 cit:
619 5165 637 5196 ι
667 5146 787 5201 Νοιι
815 5146 1167 5218 derelinques
1192 5133 1432 5204 animam
1483 5166 1660 5207 meam
1700 5150 1756 5204 in
1801 5150 2041 5215 interno,

2150 5153 2315 5208 αὑτοῦ
2352 5149 2460 5207 είδε
2501 5133 2813 5226 διαφθορὰν,
2846 5154 2875 5207 6
2900 5152 3065 5207 Aa6l6
3092 5153 3261 5223 λέγει·
3299 5171 3319 5205 ι
3348 5156 3463 5206 Οὐκ
3494 5133 3727 5220 ἐγκατα-

461 5254 641 5308 neque
660 5237 818 5294 dabis
837 5250 1085 5296 sanctum
1110 5249 1262 5298 tuum
1280 5243 1470 5298 videre
1488 5244 1903 5314 corruptionem
1921 5244 1988 5298 ⁸⁷.
2021 5263 2037 5296 ι

2153 5244 2359 5316 λείψεις
2386 5244 2486 5317 τὴν
2529 5245 2708 5316 ψυχήν
2746 5262 2849 5315 μου
2886 5244 2967 5308 είς
3017 5244 3174 5316 ᾅδην,
3239 5245 3361 5299 οὐδὲ
3409 5243 3605 5308 δώσεις
3642 5242 3728 5295 τὸν

460 5329 540 5385 Ne
569 5330 857 5387 arbitreris
890 5344 1069 5389 autem
1107 5335 1175 5391 de
1200 5352 1258 5391 se
1286 5336 1457 5392 David
1484 5337 1728 5393 locutum
1760 5353 1901 5401 esse,
1934 5353 2041 5392 non

2154 5340 2300 5393 ὅσιόν
2330 5356 2424 5392 σου
2454 5338 2580 5391 ίδεῐν
2599 5336 2918 5411 διαφθοράν.
2951 5357 2969 5390 ι
2994 5338 3087 5409 Μὴ
3119 5338 3349 5410 νομίσῃς
3393 5337 3450 5391 δέ
3476 5339 3560 5391 ὅτι
3605 5335 3726 5404 περὶ

461 5424 529 5479 de
557 5423 817 5495 Christo;
869 5427 1040 5484 David
1093 5428 1149 5484 in
1202 5445 1300 5485 sua
1344 5432 1702 5501 generatione
1747 5430 2041 5487 obsecutus

2154 5428 2350 5484 ἐαυτοῦ
2376 5422 2528 5482 εἶπεν
2551 5426 2777 5491 όΔαϐἱδ,
2805 5427 2901 5482 καὶ
2925 5428 2986 5481 οὐ
3013 5430 3143 5499 περὶ
3162 5428 3427 5501 Χριστοῦ·
3452 5431 3481 5482 6
3496 5429 3554 5483 δέ
3570 5425 3726 5481 Δαϐὶδ

464 5514 559 5570 Dei
590 5517 881 5574 voluntati.
914 5520 1175 5575 dormivit
1203 5530 1260 5575 et
1297 5522 1585 5591 appositus
1624 5534 1708 5578 est
1747 5522 1817 5577 ad
1862 5530 2041 5594 patres

2159 5524 2259 5595 μὲν
2300 5523 2367 5593 τῇ
2408 5520 2516 5592 ίδίᾳ
2543 5520 2707 5591 γενεᾷ
2735 5519 3090 5591 ὑπηρετήσας
3131 5523 3199 5593 τῇ
3238 5521 3333 5575 τοῦ
3380 5520 3516 5574 Θεοῦ
3547 5519 3722 5591 βουλῇ,

463 5622 613 5676 suos,
648 5618 704 5665 et
733 5612 870 5667 vidit
899 5613 1337 5685 corruptionem.
1372 5613 1494 5685 lpse
1517 5615 1683 5686 igitur
1708 5616 1861 5673 Deus
1876 5626 2043 5672 natu-

530 5743 579 5818 '_"
605 5744 836 5807 Zachar.
867 5766 940 5816 IX.
974 5749 1027 5818 8.
1052 5750 1105 5808 9.
1244 5750 1291 5783 ’⁸
1312 5750 1457 5807 Psal.
1498 5765 1614 5815 vm,
1642 5750 1696 5804 3.
1844 5751 1891 5784 ’³
1915 5750 2019 5807 Isa.
2050 5768 2167 5817 Llll,
2198 5752 2253 5818 4,
2285 5752 2338 5807 5.

465 5815 511 5917 ’ἐξ
720 5814 1031 5943 ιιιγὶῧζὲἓ.
1107 5822 1152 5856 ⁸³
1179 5821 1322 5878 Psal.
1379 5814 1614 5889 Lxxxvir,
1671 5822 1725 5889 7,
1756 5820 1807 5879 8.
1907 5821 1955 5854 “
1980 5823 2041 5879 Jo

586 5907 625 5941 at
648 5920 681 5941 ι.
716 5905 805 5943 XV.
888 5932 898 5943 .

2142 5814 2362 5887 sxxvm,
2398 5821 2483 5876 17.

612 5920 681 5941 ιιι.
719 5920 898 5957 λν,ιν.

2156 5615 2424 5686 ἐκοιμήθη
2453 5614 2545 5667 καὶ
2574 5611 2874 5684 προσετέθη
2927 5613 3064 5684 πρὸς
3092 5614 3218 5678 τοὺς
3259 5614 3507 5685 πατέρας
3547 5612 3720 5675 aurai},

2478 5747 2525 5780 ⁸⁸
2548 5744 2693 5804 Psal.
2724 5761 2784 5811 ιι,
2818 5746 2870 5811 1,
2900 5742 2967 5800 2.
3103 5746 3148 5779 ⁸⁸
3178 5746 3323 5803 Psal.
3358 5762 3469 5809 ut,
3504 5745 3724 5802 l7—l9.

2628 5817 2675 5849 "
2695 5816 2838 5873 Psal.
2869 5831 3037 5887 vau,
3068 5816 3121 5884 6,
3151 5818 3205 5873 7.
3316 5816 3366 5850 ⁸⁸
3395 5818 3537 5875 Osee
3567 5832 3636 5881 vt,
3668 5817 3725 5870 5..
