4072 6566
321 370 453 435 1233

1328 366 1782 429 DISPUTATIO
1818 367 2211 430 ADVERSUS
2246 367 2571 430 JUD£OS.

3334 365 3338 369 ’
3410 362 3544 425 1Ξ34

316 478 535 542 καὶοίδε
552 481 877 555 διαφθοράν·
897 480 1056 548 αὐτὸς
1078 481 1188 556 γὰρ
1208 483 1236 537 6
1256 481 1389 546 Θεὸς
1413 482 1511 553 τὴν
1538 481 1884 553 ἀνθρωπίνην

2005 498 2100 537 'am
2148 490 2440 537 humanam
2485 497 2649 552 quam
2699 481 2931 553 sumpsit
2972 477 3280 536 suscitavit.
3328 479 3394 534 Ει
3417 480 3544 533 alibi

317 574 496 642 φύσιν,
511 574 575 645 ἥν
588 572 1161 644 semensum“.
1178 574 1287 627 Kal
1297 571 1875 643 άλλαχοῦ,γέγραπται“

1983 573 2245 641 scripturn
2276 581 2360 627 est
2388 592 2401 626 :
2444 591 2463 624 ι
2489 573 2557 627 Et
2583 572 2685 627 erit
2719 572 2936 642 requies
2964 572 3083 642 ejus
3118 571 3285 642 gloria
3306 569 3385 635 ⁸⁸,
3420 588 3438 622 ι
3491 571 3544 623 id

323 686 342 718 ι
377 666 486 719 Kal
510 664 665 718 ἔσται
696 666 730 735 ή
759 664 1064 729 ἀνάπαυσις
1099 664 1288 728 αὐτοῦ,
1307 665 1463 734 τιμήο
1492 682 1512 715 ι
1543 663 1879 730 τουτέστινή

2005 674 2086 727 :st,
2110 666 2330 734 requies
2376 665 2709 736 sepulcrum,
2755 667 2925 736 gloria
2962 675 3143 720 autem
3189 663 3548 719 resurrectio-

318 755 414 827 μὲν
446 755 773 818 ἀνάπαυσις,
810 755 955 825 ταφή
981 769 999 786 σ
1029 756 1063 823 ἡ
1090 754 1147 807 δὲ
1168 756 1325 825 τιμὴ,
1357 754 1672 816 ἀνάστασις.

383 846 582 902 Λοιπὸν
609 846 693 910 τίς
721 845 898 899 ταῦτα
940 846 1155 900 ἀκούων
1184 846 1249 899 ὲκ
1295 845 1403 899 τῶν
1433 844 1730 916 προφητῶν
1754 844 1883 913 περὶ

1981 772 2107 811 nem
2142 756 2342 812 indicat

2051 846 2185 914 Quis
2235 849 2453 903 demum
2483 848 2599 903 haec
2626 848 2852 904 audiens
2880 865 2909 903 a
2956 848 3236 919 prophetis
3280 848 3347 925 de
3390 846 3552 902 Chri-

316 937 409 991 τοῦ
447 936 706 1008 Χριστοῦ,
736 937 835 1008 ούχ
862 936 1115 1007 ὁμολογεῖ
1140 937 1303 993 αὐτὸν
1333 936 1464 990 Θεὸν
1507 936 1760 1008 ἀληθινὸν
1792 935 1881 989 διὰ

2005 946 2070 993 ito
2098 939 2263 1002 dicta,
2302 954 2411 992 non
2455 939 2658 993 fatetur
2687 939 2833 994 hunc
2873 941 3041 995 Deum
3089 955 3212 995 vere
3245 940 3309 993 ad
3356 939 3549 997 mundi

313 1033 409 1102 τὴν
440 1030 537 1085 τοῦ
580 1030 789 1101 κόσμου
829 1031 1103 1101 σωτηρίαν
1134 1032 1632 1101 ινανθρωπήσαντα
1652 1069 1667 1096 ,
1691 1030 1884 1084 εἴδωλά

313 1142 374 1178 τε
402 1124 848 1194 καταργήσαντα,
881 1122 1071 1186 θυσίας
1098 1123 1373 1192 δαιμόνων
1394 1123 1879 1192 καταστρέψαντας

318 1215 427 1269 Ποῦ
483 1216 625 1270 εἰσιν
673 1216 730 1269 al
779 1214 959 1268 θυσίαι
1006 1214 1324 1283 Δίγύπτους
1373 1213 1475 1267 ποῦ
1515 1215 1571 1267 αἱ
1635 1218 1881 1283 μαντεῖαι

314 1305 593 1374 Μέμφεως
616 1322 632 1371 ;
659 1302 763 1357 ποῦ
798 1305 1096 1376 Σεϐήνυτος
1119 1306 1153 1374 ἡ
1199 1304 1293 1358 τὸν
1319 1303 1539 1374 Σίμωνα
1571 1302 1839 1373 σεϐομένη
1868 1320 1884 1369 ;

315 1394 421 1447 ποῦ
450 1393 711 1465 Νούφιςή
744 1390 1006 1449 τὸν-οἶνον
1039 1394 1420 1465 προσκυνοῦσα
1449 1412 1477 1461 ;ς
1504 1393 1608 1447 ποῦ
1641 1396 1748 1446 εἱσι
1787 1394 1885 1464 σή·-

319 1502 487 1557 μερον
516 1486 567 1539 οί
597 1485 689 1538 τὸν
731 1485 882 1556 ἥλιον
913 1485 1233 1557 σεϐόμενοι-;
1275 1485 1387 1539 ποῦ
1416 1485 1519 1550 τῆς
1569 1483 1887 1554 ’Δρτέμιδος

314 1579 343 1629 6
373 1576 498 1639 ναός
530 1592 545 1641 ;
578 1576 682 1629 ποῦ
712 1576 805 1629 τοῦ
854 1577 981 1631 ναοῦ
1017 1577 1256 1642 Κυζίκου
1303 1578 1359 1630 αἱ
1402 1580 1649 1647 μαντεῖαι
1695 1576 1886 1629 Ἀπόλ-

316 1664 487 1727 λωνος
510 1665 609 1720 καὶ
634 1666 852 1721 πάντων
885 1666 995 1719 τῶν
1024 1666 1332 1737 δαιμόνων;
1372 1666 1480 1720 Τοῦ
1510 1667 1618 1736 γὰρ
1649 1666 1886 1738 Χριστοῦ

317 1758 578 1824 φανέντος
626 1759 719 1811 καὶ
773 1758 1010 1829 σταυροῦ
1058 1761 1323 1828 παγέντος
1349 1800 1366 1825 ,
1396 1760 1426 1813 6
1454 1760 1584 1821 Θεὸς
1608 1758 1891 1829 πανταχοῦ

1987 1032 2222 1086 salutem
2251 1032 2529 1087 hominem
2552 1033 2754 1086 factum
2805 1046 2949 1095 esse,
3003 1033 3145 1087 idola
3194 1033 3543 1088 destruxisse.

1982 1120 2378 1174 dmmoniorum
2409 1120 2669 1175 sacriﬁcia
2701 1121 3049 1175 abolevisse?
3098 1120 3196 1177 Ubi
3224 1132 3351 1176 sunt
3394 1121 3549 1191 [Egy-

1988 1211 2066 1281 pti
2112 1211 2416 1266 sacriﬁcia?
2464 1210 2555 1266 ubi
2608 1211 2932 1281 Memphidis
2970 1213 3245 1267 oracula?
3300 1213 3401 1267 ubi
3456 1214 3551 1267 Se—

1987 1302 2184 1373 henyte
2212 1300 2489 1357 Simonem
2536 1302 2764 1358 colens?
2820 1302 2913 1357 ubi
2964 1302 3177 1372 Nuphis
3205 1303 3390 1359 vinum
3423 1307 3555 1357 ado-
3584 1306 3595 1314 ’

1989 1394 2162 1447 rans?
2191 1393 2282 1447 ubi
2329 1402 2460 1448 sunt
2507 1394 2667 1449 hodie
2719 1394 2849 1450 solis
2898 1394 3179 1450 cultores?
3226 1394 3315 1449 ubi
3370 1396 3554 1450 Dianae

1993 1484 2301 1553 templum?
2329 1484 2418 1539 ubi
2445 1483 2697 1555 Cyziceni
2727 1485 2911 1554 templi
2938 1485 3207 1555 Apollinis
3227 1494 3283 1541 et
3307 1488 3567 1540 omnium

1995 1574 2391 1630 daemoniorum
2437 1575 2702 1629 oracula?
2759 1574 2977 1630 Christo
3016 1576 3161 1629 enim
3211 1577 3555 1632 manifestato
3632 1592 3643 1601 “

1998 1674 2054 1721 et
2091 1666 2147 1719 in
2187 1679 2350 1719 cruce
2389 1665 2697 1734 pendente,
2750 1665 2893 1721 Deus
2944 1665 3148 1735 ubique
3194 1666 3451 1721 adorator
3502 1677 3557 1722 et

1990 1756 2342 1828 gleritlcatur.
2363 1757 2554 1811 Nonne
2576 1771 2673 1811 vos
2696 1757 3096 1826 pudet,Judaei,
3124 1773 3224 1813 nos
3248 1759 3560 1814 idololatras

317 1851 703 1917 προσκυνεῖται
769 1851 863 1902 κα)⁸
917 1850 1221 1916 δοξάζεται.
1258 1853 1371 1904 Καὶ
1411 1850 1886 1921 οὑκ-αἰσχύνεσθε,

2005 1857 2049 1904 :t
2075 1847 2236 1902 idolis
2260 1847 2632 1903 sacriﬁcantes
2663 1849 2904 1904 vocare?
2929 1850 3185 1903 Attamen
3215 1849 3411 1904 mirum
3447 1865 3557 1903 non

330 1939 595 2006 Ἰουδαῖοι,
623 1940 976 2003 είδωλοθύτας
1008 1942 1155 2011 ἡμᾶς
1188 1941 1283 1995 καὶ
1327 1942 1720 2013 είδωλολάτρας
1775 1943 1890 1993 ὀνο-

321 2030 617 2099 μάζοντεςς
650 2029 840 2101 Ὅμως
872 2033 1024 2087 οὐδὲν
1052 2033 1203 2099 ξένον
1226 2048 1241 2064 ·
1280 2035 1429 2086 πᾶσα
1462 2032 1571 2104 γὰρ
1620 2034 1795 2103 πόρνη
1822 2034 1906 2102 τῇ

319 2120 583 2192 ἐλευθέρᾳ
610 2124 827 2189 γυναικὶ
854 2123 913 2175 τὸ
948 2123 1077 2177 [διον
1099 2123 1268 2193 ὄνομα
1286 2124 1617 2195 περιτίθησι,
1652 2123 1907 2195 κράζουσ-

321 2225 393 2261 σα
433 2209 567 2277 αὐτῇ
597 2226 611 2240 ο
637 2210 1084 2280 Πεπορνευμένη.
1120 2211 1230 2263 Kal
1258 2210 1368 2281 γὰρ
1407 2211 1628 2264 Ἡσαΐου
1659 2212 1751 2264 καὶ
1790 2209 1905 2265 '13--

321 2297 517 2366 ρεμίου
560 2299 786 2352 καὶτῶν
816 2300 1025 2354 λοιπῶν
1050 2302 1369 2373 προφητῶν,
1399 2302 1461 2355 οὐ
1495 2302 1602 2372 μὴν
1627 2301 1765 2355 ἀλλὰ
1800 2300 1896 2355 καὶ

318 2388 488 2445 αὐτοῦ
514 2388 606 2443 τοῦ
632 2391 891 2461 Χριστοῦ,
910 2393 1011 2445 ούκ
1033 2393 1346 2461 ὲφείσασθε’
1371 2395 1465 2447 καὶ
1491 2394 1609 2456 πῶς
1629 2395 1761 2463 ἡμῖν
1782 2395 1907 2457 τοῖς.

319 2480 370 2533 Χ
377 2483 666 2550 ριστιανοῖς
681 2482 835 2552 ἔχετε
850 2483 1139 2552 φείσασθαι
1161 2501 1176 2550 ;
1195 2483 1335 2536 Ἀλλ’
1355 2484 1405 2536 εί
1429 2484 1520 2537 καὶ
1535 2484 1711 2553 εἴχετε
1738 2484 1895 2552 ὑμεῖς

319 2572 593 2637 ἐξουσίαν,
607 2574 697 2626 καὶ
717 2575 875 2643 ἡμεῖς
895 2576 1137 2645 σήμερον
1156 2573 1371 2643 ἔχομεν,
1387 2574 1488 2627 οὐκ
1500 2572 1565 2627 ἂν
1582 2573 1779 2627 ἐάσατε
1799 2572 1896 2625 ἕνα

320 2663 385 2729 ἑξ
417 2664 572 2734 ἡμῶν
600 2664 765 2733 μέσον
800 2664 951 2733 ὑμῶν
971 2665 1152 2735 ζῆσαι,
1179 2663 1429 2733 καθάπερ
1451 2665 1543 2718 καὶ
1572 2666 1731 2734 ἡμεῖς
1754 2663 1896 2732 ὑμᾶς

320 2754 653 2825 ἀνεχόμεθα.
691 2754 910 2826 Ἐπειδὴ
938 2754 994 2808 δὲ
1044 2755 1236 2808 εἴπατε
1263 2769 1276 2783 ·
1308 2755 1407 2807 Διὰ
1448 2754 1501 2806 τί
1534 2753 1634 2806 ούκ
1660 2749 1817 2805 εἶπαν
1846 2752 1895 2804 οἱ

324 2846 603 2916 προφῆται
634 2844 884 2914 φανερῶς
907 2845 1000 2897 καὶ
1022 2844 1214 2915 γυμνῷ
1237 2844 1316 2914 τῷ
1340 2842 1624 2913 πράγματι
1652 2842 1780 2912 περὶ
1800 2840 1895 2894 τοῦ

321 2937 566 3007 Χριστοῦ
597 2955 610 3001 ;
649 2936 839 3006 ὲρωτῶ
898 2936 1053 3006 κάγὼ
1093 2937 1235 3006 ὑμᾶς
1294 2934 1452 2987 τοῦτό
1498 2951 1561 3002 γε
1595 2950 1608 2963 ⁸
1647 2932 1770 2996 Πῶς
1796 2932 1907 2995 οὐκ,

323 3025 484 3080 εἷπον
513 3029 559 3080 ol
593 3028 871 3098 προφῆται
911 3026 1039 3097 περὶ
1065 3026 1158 3080 τοῦ
1192 3025 1430 3096 Χριστοῦ
1471 3025 1601 3094 ὑμῖν
1637 3026 1749 3087 τοῖς
1764 3024 1896 3077 ’1ου-

322 3120 519 3184 δαίοις,
544 3121 624 3173 ὅτι
660 3119 892 3172 Βλέπετε
913 3159 927 3183 ,
964 3117 1137 3172 ἐλθεῖν
1167 3117 1279 3187 ἔχει
1307 3116 1591 3187 ἄνθρωπος
1626 3114 1897 3184 καλούμε-

1994 1947 2098 1993 est.
2128 1936 2320 1992 Omnis
2359 1938 2504 1990 enim
2552 1937 2812 1991 meretrix
2858 1938 3089 1992 mulieri
3125 1938 3311 1993 libera:
3358 1953 3559 1991 nomen

1982 2025 2157 2083 subm
2209 2027 2459 2097 imponit,
2513 2028 2763 2082 vocitaus
2803 2028 2951 2081 illam
3002 2028 3385 2082 meretricem,
3424 2027 3559 2082 Nam

1993 2120 2162 2181 Isaiae,
2193 2118 2462 2184 Jcremiaa,
2489 2126 2551 2175 et
2574 2119 2798 2189 reliquis
2833 2118 3135 2190 prophetis,
3167 2120 3412 2189 adeoque
3456 2119 3559 2187 ipsi

1991 2210 2210 2266 Christo
2229 2224 2339 2263 non
2362 2210 2686 2279 pepercistis
2709 2227 2725 2277 ;
2756 2220 2817 2267 etv
2831 2210 3105 2281 quomodo
3124 2211 3291 2266 nobis
3303 2204 3565 2265 Christia-

1994 2310 2084 2365 nis
2115 2310 2342 2379 potestis
2396 2312 2660 2378 parcere?
2712 2313 2757 2367 si
2801 2329 2933 2368 vero
2979 2311 3257 2368 haberetis
3288 2313 3430 2367 hanc
3467 2326 3565 2382 po-

1996 2406 2267 2464 testatem,
2298 2413 2463 2467 quam
2489 2413 2591 2454 nos
2633 2399 2796 2455 hodie
2826 2401 3113 2467 habemus,
3147 2398 3270 2455 non’
3305 2400 3565 2456 sinerelis

1999 2503 2166 2542 unum
2194 2503 2263 2542 ex
2288 2488 2453 2543 nobis
2480 2487 2629 2542 inter
2656 2504 2753 2543 vos
2781 2490 2985 2555 vivere,
3024 2499 3084 2544 ut
3112 2496 3214 2544 nos
3240 2504 3338 2544 vos
3368 2489 3567 2543 tolera-

1999 2590 2141 2631 mus.
2171 2575 2309 2630 Cum
2337 2576 2488 2631 enim
2515 2576 2720 2638 dicitis,
2749 2592 2847 2632 cur
2878 2590 2989 2632 non
3038 2576 3211 2632 locuti
3236 2577 3361 2632 sint
3380 2583 3569 2646 aperte

1996 2677 2054 2722 et
2076 2668 2222 2723 node
2246 2667 2316 2723 de
2338 2666 2557 2723 Christo
2584 2668 2885 2738 prophetae,
2918 2673 3111 2738 quaaro?
3129 2676 3185 2723 et
3211 2680 3316 2739 ego
3334 2667 3567 2729 a‘vobis,

1997 2774 2096 2813 cur
2121 2773 2232 2812 non
2263 2758 2507 2815 dixerint
2527 2760 2809 2831 prophetae
2835 2760 2989 2815 vobis
3007 2759 3292 2816 Judmisde
3306 2758 3528 2815 Christo
3551 2774 3567 2811 :

1996 2847 2221 2915 Cavete,
2238 2849 2419 2905 veniet
2441 2850 2609 2905 homo
2629 2851 2934 2921 appellatus
2954 2850 3136 2916 Iesus,
3166 2864 3237 2905 ne
3258 2850 3572 2905 illi3credite

1998 2937 2129 3006 quia
2158 2938 2423 3007 impostor
2459 2940 2583 2995 est?
2612 2938 2727 2995 Sed
2759 2939 3042 2994 ita‘verum
3072 2954 3196 2995 esse
3218 2938 3495 2994 Christum
3517 2946 3573 2992 et

1996 3027 2194 3093 Deum,
2243 3043 2407 3098 quem
2465 3030 2749 3100 prophetae
2807 3030 3336 3100 pmnuntiaverunt,
3384 3031 3575 3085 nolen-

2002 3125 2083 3172 tes
2109 3118 2356 3185 credere,
2388 3119 2766 3190 impostorem,
2797 3136 2900 3177 nec
2927 3120 3208 3177 Christum
3224 3121 3503 3192 accipitis.

326 3228 419 3273 νος
466 3210 691 3281 Ἰησοῦς,
725 3208 1147 3281 μὴνπιστεύσατε
1197 3208 1345 3276 αύτῴ
1398 3207 1479 3260 ὅτι
1513 3206 1712 3268 πλάνος
1765 3208 1949 3273 aestv;
1991 3209 2105 3261 ἀλλ’
2165 3208 2339 3275 οὕτως
2397 3210 2490 3265 τὸν
2535 3211 2787 3283 ἀληθινὸν
2837 3211 3071 3283 Χριστὸν
3105 3213 3201 3267 καὶ
3236 3212 3390 3279 Θεὸν,
3417 3212 3491 3267 ὅνν
3527 3213 3577 3266 οι

325 3303 609 3375 προφῆται
658 3304 1057 3375 προεκήρυξαν,
1103 3302 1178 3375 μὴ
1229 3303 1551 3373 θελήσαντες
1584 3302 1885 3368 πιστεῦσαι,
1930 3303 2126 3360 πλάνον
2166 3309 2262 3362 καὶ
2288 3309 2351 3363 ού
2384 3307 2619 3379 Χριστὸν
2639 3307 2940 3379 ὲνδέχεσθε.

410 3395 471 3446 El
506 3393 561 3445 δὲ
584 3393 711 3466 εἴπῃ
733 3397 761 3446 6
806 3394 1078 3459 Ἰουδαῖος,
1103 3396 1185 3447 ὅτι
1223 3394 1349 3458 Πῶς
1382 3394 1475 3447 τοῦ
1507 3393 1643 3447 Θεοῦ
1685 3410 1901 3463 παραγ-

2076 3399 2174 3454 Sin
2204 3407 2387 3455 autem
2410 3400 2631 3456 Judaeus
2657 3400 2857 3455 dixerit
2886 3416 2900 3453 :
2933 3398 3257 3467 Quomodo,
3276 3414 3401 3455 cum
3420 3397 3578 3454 Deus

326 3484 612 3553 γείλαντος
652 3484 729 3553 μὴ
770 3488 1092 3554 προσκυνεῖν
1144 3485 1342 3555 ξύλαῆ
1399 3486 1547 3538 λίθον
1612 3484 1707 3537 καὶ⁵
1764 3484 1902 3554 ἔργα

329 3580 536 3650 χειρῶν
576 3579 899 3651 ἀνθρώπων,
940 3579 1057 3643 πῶς
1112 3581 1363 3649 ὑμεῖςηοίν
1394 3579 1713 3650 Χριστιανοὶ
1766 3578 1906 3633 αὐτὰ

330 3673 690 3742 προσκυνεῖτε
717 3671 811 3724 καὶ
839 3672 1086 3734 σέϐεσθε,
1121 3672 1402 3735 ποιοῦντες
1428 3672 1607 3727 αὐτῶν
1638 3671 1919 3741 σταυροὺς

330 3763 433 3815 καὶ
460 3762 707 3829 είκόνας;
740 3762 859 3815 είπὲ
899 3762 1079 3833 αύτῷ·
1111 3763 1250 3830 Λέγε
1286 3781 1373 3830 μοι
1404 3764 1498 3816 καὶ
1527 3763 1614 3826 σὺ,
1658 3762 1904 3826 Ἰουδαῖε,

331 3853 427 3905 διὰ
450 3852 503 3904 τί
538 3854 629 3905 καὶ
652 3854 715 3905 σὺ
747 3856 1068 3923 προσκυνεῖς
1096 3853 1156 3904 τὸ
1188 3852 1391 3921 βιϐλίον
1416 3853 1509 3906 τοῦ
1539 3854 1725 3922 νόμου,
1756 3854 1908 3907 ἐπει-

332 3944 403 4012 δὴ
444 3944 506 3996 ἐκ
534 3942 819 4010 δερμάτων
854 3944 1112 4012 τυγχάνει
1140 3943 1232 3995 καὶ
1271 3946 1326 3995 ὲν
1357 3944 1666 4014 ἀκαθαρσίᾳ
1711 3942 1909 4015 βεϐυρ-

336 4032 645 4100 σευμένον;
678 4033 764 4086 διὰ
820 4033 871 4085 τί
929 4034 984 4086 δὲ
1037 4034 1132 4087 καὶ
1160 4035 1189 4086 6
1232 4032 1427 4085 Ἰακὼϐ
1469 4034 1497 4085 ὁ
1560 4037 1925 4105 πατριάρχης.

337 4122 749 4192 προσεκύνησεν
772 4126 862 4176 ἐπὶ
892 4123 952 4176 τὸ
978 4124 1146 4194 ἄκρον
1174 4125 1271 4192 τῆς
1312 4123 1508 4194 ῥάϐδου
1532 4122 1626 4176 τοῦ
1664 4124 1861 4194 Ἰωσήφ
1890 4140 1908 4191 ;

337 4215 453 4266 Kal
482 4216 527 4266 εί
565 4215 661 4284 μὲν
688 4214 798 4284 ἔχει
829 4216 1023 4281 εἰπεῖν,
1053 4216 1133 4268 ὅτι
1158 4215 1276 4268 Κᾶν
1301 4214 1590 4284 προσκυνῶ
1612 4214 1706 4267 τοῦ
1742 4214 1909 4285 νόμου

333 4306 399 4357 τὸ
434 4304 655 4376 βιϐλίον,
691 4307 749 4358 ού
778 4306 875 4376 τὴν
909 4307 1069 4376 φύσιν
1106 4306 1215 4358 τῶν
1259 4305 1544 4376 δερμάτων
1592 4307 1910 4376 προσκυνῶ,

335 4400 479 4453 ἀλλὰ
508 4402 605 4469 τὴν
625 4400 850 4471 δύναμιν
879 4400 986 4453 τῶν
1012 4402 1274 4472 ῥημάτων
1302 4418 1315 4431 ·
1339 4403 1433 4455 καὶ
1450 4402 1479 4453 ὁ
1515 4399 1713 4454 Ἰακὼϐ
1741 4418 1913 4472 προσ-

336 4492 587 4560 κυνήσας
634 4492 733 4561 τὴν
792 4491 1004 4561 ῥάϐδον,
1040 4493 1098 4546 ού
1163 4493 1221 4544 τὸ
1271 4491 1425 4554 ξύλον
1478 4489 1911 4561 προσεκύνησεν,

337 4584 479 4635 ἀλλὰ
534 4584 623 4635 τὸν
653 4584 961 4653 κρατοῦντα
997 4584 1167 4652 αὐτὴν
1207 4583 1437 4653 Ίωσήφ’
1477 4584 1594 4637 εἰπὲ
1630 4573 1800 4652 αὐτῷ,
1830 4583 1913 4635 ὅτι

340 4675 534 4735 Οὕτως
586 4675 681 4727 καὶ
715 4677 873 4745 ἡμεῖς
903 4677 951 4728 οἱ
994 4675 1316 4745 Χριστιανοὶ
1355 4675 1789 4745 προσκυνοῦντες
1815 4672 1910 4727 τοῦ

2012 3492 2340 3561 praeceperit
2384 3507 2455 3547 ne
2511 3490 2815 3547 adorentur
2876 3490 3044 3562 ligna,
3092 3490 3251 3561 lapis,
3304 3499 3373 3545 ct.
3413 3505 3580 3560 opera

2016 3597 2274 3637 manuum
2302 3583 2605 3650 hominum,
2639 3597 2757 3647 vos,
2788 3581 3113 3646 Christiani,
3168 3582 3285 3637 haec
3333 3580 3585 3637 adoratis

2013 3682 2069 3729 et
2097 3673 2296 3739 colitis,
2322 3673 2584 3730 facientes
2627 3688 2695 3729 ex
2731 3672 2819 3728 his
2843 3686 3038 3728 cruces
3065 3680 3121 3727 et
3159 3670 3466 3742 imagines?
3495 3688 3581 3728 re-

2016 3766 2226 3836 sponde
2249 3765 2327 3820 illi
2353 3783 2367 3820 :
2400 3765 2499 3824 Dic
2527 3763 2662 3821 mihi
2684 3773 2740 3821 et
2765 3774 2845 3830 tu,
2877 3764 3085 3829 Judaee,
3112 3778 3283 3833 quare
3307 3774 3363 3820 tu
3385 3764 3585 3820 adoras

2017 3858 2151 3929 legis
2170 3858 2389 3924 librum,
2413 3872 2536 3914 cum
2553 3866 2585 3913 ο
2601 3858 2835 3928 pellibus
2854 3867 2910 3913 et
2925 3857 3222 3913 immundis
3241 3856 3408 3912 coriis
3432 3870 3585 3912 com-

2017 3961 2211 4021 pactus
2239 3950 2351 4006 sit?
2384 3965 2489 4005 cur
2516 3950 2689 4006 Jacob
2714 3950 3024 4019 patriarcha
3053 3948 3307 4004 adoravit
3331 3948 3388 4002 in
3427 3962 3581 4003 sum-

2019 4042 2209 4097 mitate
2232 4042 2399 4112 virgae
2423 4041 2670 4110 Ioseph”
2687 4040 2710 4093 ?
2730 4039 2885 4106 Quod
2911 4040 2956 4095 si
2987 4039 3231 4110 potuerit
3251 4038 3436 4094 dicere
3462 4058 3478 4093 :
3518 4040 3586 4093 Et

2020 4133 2065 4186 si
2105 4131 2274 4187 adoro
2298 4131 2434 4203 legis
2474 4130 2696 4194 librum,
2727 4145 2839 4185 non
2875 4139 3125 4185 naturam
3144 4130 3370 4200 pellium
3388 4128 3581 4193 adoro,

2020 4220 2116 4276 sed
2146 4220 2436 4276 verborum
2470 4221 2729 4275 virtutem
2753 4234 2769 4285 ;
2806 4232 2984 4288 neque
3005 4217 3175 4274 Jacob
3200 4216 3447 4274 adorans
3473 4217 3585 4272 vir-

2021 4327 2165 4381 gam,
2196 4312 2402 4382 lignum
2431 4310 2697 4374 adoravit,
2732 4309 2829 4365 sed
2854 4308 2947 4379 qui
2983 4322 3104 4364 eam
3143 4308 3461 4379 possidebat
3488 4308 3584 4364 Jo-

2022 4405 2196 4475 seph;
2232 4404 2322 4459 die
2350 4402 2428 4457 illi
2454 4420 2468 4456 :
2500 4402 2762 4458 Similiter
2793 4411 2848 4458 et
2885 4416 2984 4457 nos
3006 4400 3310 4457 Christiani
3338 4399 3581 4455 adoran-

2024 4506 2103 4551 tes
2124 4494 2332 4551 Christi
2381 4509 2621 4561 crucem,
2658 4509 2768 4550 non
2792 4493 2925 4575 ligni
2966 4502 3223 4549 naturam
3263 4490 3578 4555 adoramus,

2022 4587 2166 4657 quod
2190 4587 2354 4652 absit,
2380 4586 2475 4642 sed
2504 4585 2784 4643 Christum
2804 4585 2862 4641 in
2889 4600 2957 4641 eo
2986 4584 3336 4641 cruciﬁxum.
3372 4582 3578 4648 Quem-

2021 4676 2314 4731 admodum
2366 4684 2424 4731 et
2451 4690 2585 4743 vos,
2613 4675 2660 4731 si
2688 4674 3011 4731 inveneritis
3061 4673 3225 4729 hodie
3266 4675 3401 4728 duas
3426 4671 3584 4728 tabu-

341 4764 584 4835 Χριστοῦ
617 4766 865 4834 σταυρὸν,
902 4766 961 4819 ού
989 4767 1087 4836 τὴν
1120 4765 1283 4835 φύσιν
1333 4765 1429 4817 τοῦ
1476 4763 1630 4829 ξύλου
1677 4781 1902 4835 προσκυ-

2017 4770 2098 4825 las
2132 4780 2186 4824 et
2226 4769 2338 4824 duo
2369 4768 2669 4824 Cherubim
2709 4782 2896 4833 aurea,
2940 4782 3064 4837 quas
3101 4765 3491 4836 feeit-Moyses.
3524 4773 3583 4819 et

341 4856 567 4924 νοῦμεν,
601 4856 675 4926 μὴ
699 4857 940 4925 γένοιτοί
975 4856 1108 4909 ἀλλὰ
1139 4857 1370 4927 Χριστὸν
1392 4856 1481 4909 τὸν
1535 4854 1929 4927 σταυρωθέντα·

339 4948 405 4997 ὲν
433 4946 603 5016 αὐτῷ.
637 4948 745 4999 Kal
773 4946 961 5015 ὥσπερ
992 4948 1148 5017 ὑμεῖς
1178 4946 1271 4999 ἐὰν
1296 4946 1503 5017 ηῦρατε
1528 4946 1652 5016 άρτι
1681 4946 1777 5008 τὰς
1823 4944 1921 5019 δύο

341 5035 561 5097 πλάκας
590 5038 683 5089 καὶ
703 5038 770 5088 τὰ
798 5036 890 5089 δύο
911 5036 1191 5107 Χερουϐὶμ
1214 5036 1279 5089 τὰ
1304 5037 1502 5107 χρυσᾶ,
1530 5038 1671 5106 ἆπερ
1693 5035 1915 5105 ἐποίησε

340 5128 606 5196 Μωῡσῆς,
638 5128 733 5179 καὶ
764 5126 861 5198 τὴν
885 5128 1136 5191 κιϐωτὸν,
1166 5127 1657 5200 προσῘε]κυνήσατε
1691 5127 1755 5180 ἂν
1778 5125 1917 5179 αὐτὰ

336 5218 613 5287 τιμῶντες
657 5220 748 5275 τὸν
799 5220 1129 5284 ἐπιτάξαντα
1181 5219 1351 5274 ταῦτα
1376 5236 1391 5251 ο
1428 5218 1505 5288 τῷ
1538 5216 1686 5287 αύτῷ
1728 5217 1915 5286 τρόπῳ

342 5312 443 5363 καὶ
473 5312 654 5381 ἡμεῖς,
681 5312 779 5377 τὰς
812 5312 1028 5376 εἰκόνας
1058 5311 1514 5383 προσκυνοῦντες,
1549 5312 1610 5364 ού
1658 5310 1719 5363 τὸ
1762 5309 1917 5374 ξύλον

339 5402 782 5475 προσκυνοῦμεν,
818 5405 893 5475 μὴ
914 5404 1127 5473 γένοιτο
1156 5405 1168 5457 !
1199 5402 1335 5455 ἀλλὰ
1366 5402 1599 5474 Χριστὸν
1621 5401 1910 5471 τιμῶντες,

349 5495 445 5547 καὶ
481 5496 606 5556 τοὺς
649 5496 837 5564 ἁγίους
890 5497 1096 5551 αὐτοῦ’
1151 5496 1245 5548 καὶ
1295 5494 1417 5547 οὒτε
1469 5494 1529 5547 τὸ
1585 5494 1760 5561 ξύλον,
1793 5493 1915 5546 οὔτε

341 5591 449 5655 τὴν
495 5588 813 5657 ζωγραφίαν
862 5587 1274 5659 προσκυνοῦμεν
1306 5602 1321 5619 ⁸
1356 5586 1479 5641 ἐπεὶ
1513 5586 1771 5649 πολλάκις
1818 5585 1915 5647 τὰς

422 5738 467 5769 ’⁸
499 5738 643 5793 Psal.
679 5757 753 5804 xu,
794 5740 877 5795 10.
947 5743 990 5775 ⁸³
1023 5740 1188 5797 Hebr.
1225 5758 1298 5806 xu,
1328 5741 1418 5795 2|.

2016 4874 2223 4923 arcam,
2257 4856 2562 4913 adoraretis
2579 4870 2649 4910 ea
2667 4855 2911 4911 colentes
2935 4854 3089 4908 illum
3106 4852 3203 4922 qui
3219 4852 3339 4907 haec
3358 4851 3582 4906 manda-

2017 4951 2099 5004 vit
2131 4949 2248 5003 tieri
2272 4965 2288 5015 ;
2315 4948 2390 5002 ita
2429 4957 2484 5001 et
2516 4961 2621 5002 nos
2657 4960 2783 5001 cum
2826 4944 3442 5016 imaginesadoramus,
3471 4958 3583 4998 non

2017 5042 2312 5098 adoramus
2339 5037 2758 5110 lignum-,quod
2783 5036 2949 5102 absit,
2979 5036 3075 5092 sed
3117 5034 3401 5092 Christum
3442 5035 3583 5093 celi-

2020 5148 2143 5189 mus
2169 5141 2222 5187 et
2245 5137 2462 5187 sanctos
2484 5131 2605 5200 ejus
2626 5146 2657 5197 ;Δ
2680 5143 2859 5199 neque
2880 5128 3086 5198 lignum
3105 5142 3287 5199 neque
3310 5126 3582 5199 picturam

2020 5224 2330 5287 adoramus,
2344 5237 2469 5276 cum
2483 5219 2958 5291 smpiusimagines
2970 5217 3584 5288 vetustasabstergimus

2020 5320 2075 5368 et
2104 5323 2452 5375 renovamus,
2485 5316 2581 5362 aut
2608 5314 2982 5377 putrescentes
3001 5306 3395 5373 comburimus,
3423 5305 3585 5360 alias-

2020 5417 2127 5473 que
2181 5416 2353 5455 novas
2396 5398 2671 5473 facimus,
2702 5397 3075 5453 tantummodo
3108 5396 3179 5452 ad
3230 5397 3435 5453 bonam
3468 5410 3583 5451 me-

2020 5488 2253 5543 moriam
2292 5486 2639 5543 servandam.
2691 5484 2798 5541 Vos
2845 5493 3050 5548 autem,
3093 5484 3256 5541 dicite
3302 5483 3459 5547 mihi,
3484 5499 3583 5537 cur

2022 5580 2315 5652 imaginem
2366 5578 2872 5635 Nabuchodonosor
2901 5579 3171 5648 Babylone
3227 5572 3583 5633 adoravistis?
