4072 6524
546 330 682 395 1235
1727 332 1790 391 S.
1833 329 2230 390 ANASTASII
2271 328 2600 389 SINAlT/E
3657 333 3770 396 1236

519 459 576 506 et
599 447 712 502 illic
741 444 964 516 quidem
1007 442 1276 498 habentes
1316 442 1506 498 Daniel
1537 450 1592 497 et
1622 441 1760 498 alios
1801 440 2099 512 prophetas

2233 439 2416 505 ἰκόνας
2437 440 2666 494 παλαιου
2675 439 2841 507 μένας
2855 437 3229 511 ἀπαλείφομεν
3247 441 3341 496 καί
3363 442 3770 518 ἀνακαινίζομεν,

519 542 614 612 qui
649 554 747 594 vos
775 537 1082 594 docerent?
1112 537 1181 591 Et
1203 551 1305 607 ego
1333 535 1704 599 Christianus,
1730 549 1854 589 cum
1890 531 2096 587 Christi

2229 533 2237 600 ᾗ
2271 531 2367 584 καὶ
2440 529 2819 602 σαθρωθείσας
2859 530 3112 600 καίομεν,
3132 532 3229 584 καὶ
3263 533 3427 598 ἄλλας
3453 541 3774 609 καινουργίας

519 634 696 690 adoro
749 632 1062 702 imaginem,
1113 630 1291 684 dico:
1344 628 1531 684 Gloria
1586 628 1700 683 Deo
1746 635 2102 692 sanctorum;

2229 621 2501 693 τοιοῦμεν,
2527 623 2663 693 πρὸς
2694 623 3004 694 ὑπόμνησιν
3036 624 3250 694 ἀγαθὴν
3287 626 3466 694 μόνον.
3511 627 3686 700 Ὑμεῖς
3727 635 3776 688 δι

521 743 631 782 non
659 725 1038 782 dico:Gloria
1064 723 1212 791 ligno
1261 733 1356 776 aut
1398 722 1662 792 pictum;
1707 729 1766 772 tu
1821 733 1971 779 vero,
1999 717 2105 770 Na-

2229 715 2384 769 ;xsiv6
2409 733 2498 786 μοι
2521 715 2736 769 είπατε·
2769 716 2856 769 διὰ
2888 715 2942 769 τί
2969 717 3068 787 τὴν
3108 719 3291 771 εἰκόνα
3314 720 3412 790 τὴν
3443 721 3499 773 ὲν
3527 720 3776 780 Βαὸυλῶνι

526 817 954 874 buehodonosor
1009 814 1248 868 adorans
1275 813 1592 882 imaginem,
1624 810 1846 865 dicebas
1875 826 1888 863 :
1920 808 2106 863 Gloria

2229 805 2696 876 Ναϐουχοδονόσορ
2722 805 3260 878 προσ[ε]κυνήσατε;
3295 810 3470 863 καίτοι
3499 828 3560 878 γε
3589 815 3778 883 ἔχοντες

521 906 1049 962 Nabuchodonosor.
1113 905 1226 976 Ego
1273 919 1494 959 crucem
1547 902 1741 966 adoro,
1789 915 1894 956 nec
1941 899 2106 954 dico:

2229 899 2334 950 ἰκεῖ
2381 897 2475 950 τὸν
2519 897 2719 968 Δανιὴλ
2763 898 2858 950 καὶ
2890 897 3086 960 ἄλλους
3117 902 3407 970 προφήτας
3457 901 3779 969 διδάσκοντας

521 999 710 1055 Gloria
760 999 930 1070 ligno,
969 998 1118 1068 quod
1173 996 1356 1062 absit;
1394 1006 1451 1049 tu
1508 994 1743 1048 vitulum
1788 992 2011 1054 adoras,
2056 1000 2115 1046 et

2229 987 2368 1056 ΰμᾶς
2402 1004 2418 1052 ;
2456 989 2629 1056 Κάγὼ
2677 989 2777 1058 μὲν
2810 991 2838 1042 6
2879 990 3211 1060 Χριστιανὸς
3253 994 3574 1062 προσκυνῶν
3621 998 3781 1050 εἰκόνα

523 1093 704 1149 dicis:
741 1111 758 1145 ι
787 1092 852 1148 Ili
879 1101 1007 1147 sunt
1033 1091 1122 1145 dei
1171 1090 1272 1152 tui,
1316 1087 1504 1147 lsraél,
1557 1085 1652 1155 qui
1703 1084 2016 1139 eduxerunt
2062 1091 2114 1138 te

2229 1078 2304 1131 ποῦ
2334 1078 2597 1149 Χριστοῦ,
2635 1080 2802 1149 λέγων
2826 1081 2963 1145 Δόξα
2989 1085 3017 1135 ὁ
3038 1082 3172 1145 Θεὸς
3193 1083 3301 1137 τῶν
3325 1084 3518 1152 ἀγίων,
3551 1086 3608 1139 οὐ
3636 1087 3779 1156 λέγω,

521 1200 554 1240 e
606 1195 753 1240 terra
805 1183 1112 1255 Egypti”.
1144 1202 1161 1233 ›
1212 1179 1324 1236 Nos
1363 1177 1666 1235 Christiani
1717 1175 1908 1230 multis
1953 1174 2113 1231 anuis

2229 1169 2357 1234 Δόξα
2411 1170 2571 1237 ξύλου
2609 1171 2642 1239 ἢ
2686 1172 3011 1242 ζωγραφίας
3037 1189 3051 1203 ·
3083 1175 3148 1228 σὺ
3193 1175 3251 1228 δὲ
3296 1179 3673 1248 προσκυνήσας
3699 1179 3782 1249 τὴν

523 1271 728 1342 captivi
757 1281 813 1327 et
846 1272 1007 1326 malis
1031 1269 1238 1334 alllicti,
1263 1268 1435 1323 Deum
1459 1281 1570 1320 non
1592 1279 1882 1336 negamus.

2229 1261 2422 1326 εἰκόνα,
2453 1259 2636 1327 εῐπαςο
2663 1262 2802 1329 Δόξα
2830 1263 3304 1337 Ναϐουχοδονόσορ
3325 1283 3340 1296 ·
3383 1269 3496 1334 ἐγὼ
3518 1272 3784 1340 προσκυνῶ

521 1381 612 1418 τον
641 1366 896 1436 σταυρὸν,
922 1366 982 1419 οὑ
1034 1365 1200 1433 λέγω,
1233 1363 1370 1429 Δόξα
1408 1360 1567 1426 ξύλου
1589 1399 1605 1424 ,
1649 1359 1724 1428 μὴ
1765 1358 2016 1426 γένοιτοί
2065 1355 2131 1409 σὺ
2159 1355 2216 1409 δὲ
2249 1359 2578 1426 προσκυνεῖς
2633 1357 2734 1430 τὴν
2790 1357 3016 1428 μόσχον,
3067 1356 3247 1427 λέγεις
3272 1375 3287 1389 ·
3321 1378 3340 1411 ι
3377 1354 3536 1415 Οὗτοι
3591 1363 3635 1415 οί
3687 1364 3784 1422 θεοί

524 1473 642 1522 σου,
685 1458 922 1530 Ἰσραὴλ,
961 1458 1010 1511 οἰ
1038 1456 1399 1525 ἐξαγαγόντες
1429 1469 1488 1507 σε
1527 1453 1592 1505 ἐκ
1629 1451 1733 1521 γῆς
1770 1448 2048 1517 Αἰγύπτου
2073 1465 2088 1479 ο
2140 1467 2158 1500 ι
2192 1449 2356 1518 ἡμεῖς
2391 1447 2448 1503 δὲ
2477 1449 2528 1501 οἰ
2557 1448 2875 1520 Χριστιανοὶ
2901 1448 3431 1522 αίχμαλωτιζόμενοι
3498 1452 3661 1506 πολλὰ
3701 1457 3780 1527 ἐτη

526 1551 620 1606 καὶ
655 1550 1140 1617 καταπονούμενοι,
1179 1547 1272 1602 τὸν
1299 1547 1433 1600 Θεὸν
1461 1546 1563 1600 οὑκ
1591 1542 1924 1616 αρνούμεθα.

596 1642 652 1698 Si
685 1643 777 1712 qui
802 1641 1102 1697 Christiani
1129 1651 1506 1711 negaverunt,
1521 1653 1630 1693 non
1660 1646 1769 1691 tam
1787 1633 1943 1689 multi
1959 1649 2120 1704 quam

2297 1632 2363 1686 Εί
2417 1631 2474 1686 δὲ
2524 1633 2619 1687 καί
2675 1651 2820 1698 τινες
2876 1635 3200 1706 Χριστιανοὶ
3247 1636 3573 1707 ἠρνήσαντο,
3601 1637 3705 1691 ἀλλ’
3729 1641 3781 1692 oi

526 1751 628 1790 vos
655 1735 954 1806 Babylone,
989 1750 1098 1788 non
1135 1733 1358 1804 quidem
1403 1730 1646 1802 percussi
1687 1745 1790 1784 nec
1828 1725 2118 1790 excoriati,

529 1824 624 1880 sed
643 1839 796 1878 mero
816 1824 870 1878 in
892 1824 1063 1879 verbo
1081 1838 1273 1878 omnes
1293 1821 1610 1892 negastis,et
1629 1818 1920 1889 imaginem
1939 1817 2118 1873 homi-

529 1915 618 1970 nis
637 1914 932 1970 adorastis.
951 1914 1020 1968 Et
1042 1913 1146 1968 nisi
1166 1923 1278 1968 tres
1296 1913 1450 1982 pueri
1473 1911 1636 1966 ﬁdem
1657 1911 1887 1964 inDeum
1907 1925 2122 1964 servas-

532 2015 678 2070 sent,
705 2005 798 2059 ubi
823 2004 984 2058 [idem
1009 2003 1064 2058 in
1087 2005 1257 2058 Deum
1283 2003 1611 2057 servassetis
1631 2002 1654 2055 ?
1675 2009 1733 2056 et
1757 2009 1939 2055 tamen
1967 2009 2119 2056 tanta

530 2098 684 2169 signa
733 2095 996 2153 videratis
1049 2095 1106 2150 in
1165 2094 1316 2151 omni
1367 2094 1511 2156 loco,
1584 2093 1642 2148 in
1718 2091 1950 2162 Egypto
2014 2091 2118 2146 sub

531 2191 735 2260 Moyse,
760 2190 815 2246 in
843 2190 978 2244 mari
1006 2188 1214 2252 Rubro,
1239 2188 1294 2244 in
1318 2187 1562 2252 deserto,
1594 2185 1651 2240 in
1675 2185 1928 2240 columna
1953 2183 2116 2254 ignis,

532 2283 586 2342 in
609 2283 754 2337 nube
783 2281 1025 2344 luminis,
1074 2280 1130 2335 in
1172 2288 1358 2336 monte
1406 2278 1560 2334 Sina.
1606 2277 1749 2333 Num
1801 2277 1926 2331 talia
1974 2277 2119 2332 bona

535 2374 679 2428 Deus
718 2371 885 2427 alicui
924 2369 1198 2425 contulit?
1235 2368 1377 2422 Num
1413 2367 1558 2422 Deus
1596 2364 1762 2420 alicui
1803 2364 1878 2419 ita
1901 2364 2120 2419 locutus

533 2475 618 2520 est
651 2465 864 2536 legibus
893 2471 952 2518 et
989 2463 1138 2518 tubis
1178 2459 1464 2532 angelicis,
1508 2465 1568 2514 et
1627 2458 1796 2514 tantis
1831 2457 2120 2512 miraculis

533 2559 710 2628 legem
741 2555 904 2611 vobis
927 2554 1128 2619 ferens,
1165 2568 1364 2606 manna
1393 2565 1607 2614 rorans,
1641 2549 1943 2620 prophetas
1972 2547 2119 2602 inter

534 2666 634 2705 vos
660 2648 904 2712 mittens,
918 2655 1108 2718 gentes
1123 2646 1442 2716 subjugaus,
1456 2642 1794 2713 alienigenas
1807 2642 2116 2705 destruens,

537 2737 752 2793 tabulas
766 2737 1037 2807 praebens,
1063 2734 1482 2792 tabernaculum
1507 2741 1748 2788 vestrum
1773 2731 2115 2797 describens,

538 2831 758 2901 Moysen
788 2845 890 2886 ceu
919 2831 1151 2884 alterum
1185 2828 1380 2892 Deum,
1419 2834 1482 2881 ut
1520 2841 1649 2880 suas
1673 2825 1819 2879 vices
1847 2832 1990 2895 agat,
2021 2840 2120 2878 vo-

539 2925 624 2980 bis
653 2923 997 2993 prxﬁciens?
1030 2921 1074 2976 0
1102 2921 1272 2975 vestri
1296 2918 1482 2989 populi
1505 2917 1828 2973 caecitatem!
1865 2934 1896 2971 o
1919 2917 2116 2970 malam

540 3013 918 3070 voluntatem!
965 3029 1000 3067 ο
1045 2986 1322 3084 ingratum
1365 2986 1613 3064 animum
1666 3019 1724 3064 et
1749 3008 2117 3062 voluntariam
2144 2986 2187 3048 (ἶ

541 3107 975 3164 obscuritatem!
1017 3120 1184 3176 supra
1211 3105 1268 3160 in
1300 3111 1488 3158 monte
1526 3101 1738 3172 Moyses
1777 3100 1934 3156 vobis
1973 3100 2112 3171 peri-

541 3199 862 3263 clitabatur,
896 3214 996 3252 vos
1025 3197 1167 3251 infra
1194 3194 1432 3249 vitulum
1460 3192 1783 3264 ﬁngebatis;
1827 3207 1994 3262 supra
2032 3191 2122 3246 ille

544 3295 715 3347 Deum
745 3291 991 3362 rogabat,
1040 3299 1098 3344 et
1134 3287 1276 3344 infra
1308 3287 1480 3341 Deum
1510 3293 1566 3339 tu
1598 3284 1798 3338 iratum
1829 3283 2118 3349 reddebas,

541 3394 599 3439 ct
621 3385 857 3441 vitulum
892 3381 1190 3445 adorabas;
1219 3395 1416 3434 manna
1449 3377 1798 3438 comedebas,
1826 3387 1881 3431 et
1904 3377 2015 3430 Deo
2042 3376 2125 3430 in-

545 3479 811 3534 sultabas.
843 3477 988 3531 Dixit
1015 3475 1165 3529 enim
1190 3472 1362 3528 David
1387 3489 1402 3525 :
1444 3490 1464 3524 ι
1491 3471 1690 3526 Adhuc
1712 3486 1854 3525 esca:
1881 3478 2042 3524 erant
2067 3469 2122 3523 in

545 3585 644 3624 ore
671 3585 890 3631 eorum.
927 3576 984 3622 et
1023 3567 1103 3621 ira
1135 3565 1231 3620 Dei
1278 3563 1527 3618 ascendit
1571 3579 1738 3633 super
1776 3578 1875 3617 eos
1898 3564 1962 3616 οι.
1997 3581 2014 3612 ›
2063 3562 2126 3616 Ει

546 3661 616 3714 tle
644 3659 1138 3714 nobistristianis
1159 3656 1289 3727 quid
1313 3657 1502 3711 dicere
1519 3655 1773 3727 potestis,
1808 3670 1910 3709 nos
1928 3669 2125 3723 nempe

549 3750 749 3806 Filium
784 3751 880 3806 Dei
902 3750 1174 3805 adorare?
1203 3749 1311 3805 Sed
1341 3748 1671 3818 respondete
1699 3765 1711 3800 :
1739 3746 1851 3804 Cur
1898 3763 1996 3802 vos
2033 3762 2128 3800 ve-

547 3854 693 3900 stros
705 3842 843 3898 ﬁlios
853 3852 908 3897 et
920 3842 1145 3907 ﬁlias,ut
1163 3843 1402 3910 loqu-itur
1413 3841 1582 3897 David
1596 3885 1609 3907 ,
1629 3841 2009 3896 immolavistis
2027 3839 2130 3894 dae-

553 3935 754 3990 moniis
775 3935 1119 4005 Belphegor?
1141 3934 1272 4005 quid
1294 3936 1317 3988 ?
1340 3949 1436 3989 vos
1460 3949 1680 4005 semper
1702 3933 1863 3988 [idem
1886 3932 2128 3988 habetis?

552 4027 715 4083 absit.
746 4025 887 4082 Audi
911 4026 1150 4099 Moysen]
1175 4027 1449 4082 dicentem
1473 4026 1540 4081 ad
1564 4025 1825 4097 populum
1869 4025 1948 4098 (et
1997 4033 2131 4080 tunc

553 4121 777 4194 quidem
806 4120 860 4175 in
904 4121 1078 4177 Deum
1125 4121 1252 4191 pius
1297 4128 1418 4176 erat
1447 4121 1805 4177 Hebraeorum
1841 4120 2126 4190 pepulus),

553 4213 678 4268 audi
707 4211 842 4284 quid
865 4211 1013 4267 dicat
1034 4212 1273 4283 Moyses:
1323 4230 1342 4262 ‹
1369 4212 1662 4268 Generatio
1688 4227 1948 4282 perversa
1977 4219 2127 4274 sunt,

2226 1723 2472 1778 τοσοῦτοι
2501 1723 2579 1789 ὡς
2625 1725 2783 1796 ὑμεῖς
2827 1727 2896 1782 ὲν
2958 1725 3265 1790 Βαϐυλῶνι,
3301 1730 3439 1798 μήτε
3485 1730 3780 1799 τυφθέντες,

2227 1815 2368 1886 μήτε
2422 1816 2703 1887 δαρέντες,
2759 1818 2878 1872 ἀλλ’
2933 1819 3042 1873 ἀπὸ
3087 1821 3246 1890 ψιλοῦ
3293 1824 3543 1893 ῥήματος
3604 1826 3783 1890 πάντες

2223 1909 2562 1980 ἠρνήσασθε,
2607 1912 2705 1964 καὶ
2743 1911 2928 1966 εἰκόνα
2977 1915 3425 1986 προσεκυνήσατε
3468 1916 3743 1987 ἀνθρώπου
3767 1935 3781 1950 ·

2224 2000 2322 2053 καὶ
2351 2003 2401 2054 εἰ
2427 2003 2502 2072 μὴ
2537 2004 2587 2056 οἰ
2615 2004 2772 2075 τρεῖς
2806 2004 2998 2068 παῖδες
3032 2006 3202 2060 πιστά
3230 2007 3308 2076 τῷ
3343 2008 3466 2078 Θεῷ
3501 2008 3783 2077 ἐφύλαξαν,

2225 2092 2352 2157 ποῦ,
2388 2093 2514 2146 εἰπέ
2549 2112 2662 2164 μοι,
2689 2095 2859 2150 πιστά
2901 2097 3205 2166 ἐφυλάξατε
3236 2098 3315 2169 τῷ
3355 2098 3510 2169 Θεῷ;
3542 2099 3785 2170 καίτοιγε

2222 2183 2461 2239 τοσαῦτα
2489 2190 2695 2257 σημεῖα
2721 2188 3106 2260 θεωρήσαντες
3127 2192 3184 2242 ἐν
3210 2191 3374 2244 παντί
3399 2192 3554 2262 τόπῳ
3573 2232 3588 2256 ,
3620 2194 3672 2245 ὲν
3701 2196 3787 2245 Αί-

2221 2273 2416 2347 γύπτῳ
2441 2276 2548 2330 ὑπὸ
2572 2278 2872 2343 Μωὺσέως,
2899 2280 2959 2332 ὲν
2981 2282 3049 2352 τῇ
3087 2280 3327 2352 Ἐρυθρᾷ
3351 2281 3621 2354 θαλάσσῃ,
3654 2285 3707 2335 ὲν
3730 2286 3785 2354 τῇ

2220 2366 2432 2438 ἐρήμῳ,
2466 2369 2524 2423 ὲν
2559 2369 2736 2441 στύλῳ
2791 2370 2988 2442 πυρὸς,
3017 2372 3075 2425 έν
3133 2372 3330 2444 νεφέλῃ
3385 2372 3588 2440 φωτὸς,
3624 2377 3679 2428 ἐν
3719 2375 3789 2445 τῷ

2219 2462 2338 2533 ὄρει
2375 2463 2540 2516 Σινᾶ·
2581 2462 2711 2516 πότε
2738 2465 2767 2516 6
2798 2463 2930 2526 Θεὸς
2987 2465 3215 2518 τοιαῦτα
3259 2466 3445 2533 ἀγαθά
3482 2484 3588 2519 τινι
3621 2467 3789 2539 ἐποίη-

2225 2570 2316 2608 σεν
2351 2569 2366 2618 ;
2402 2554 2534 2607 πότε
2569 2554 2599 2606 6
2649 2554 2784 2618 Θεός
2827 2572 2936 2609 τινι
2993 2556 3258 2626 ἐλάλησεν
3293 2556 3471 2620 οὕτως
3505 2557 3590 2611 διά
3623 2559 3786 2626 νόμων

2222 2647 2316 2700 καὶ
2379 2645 2696 2715 σαλπίγγων
2735 2647 3080 2716 ἀγγελικῶν,
3126 2648 3222 2700 καὶ
3271 2649 3521 2718 σημείων
3549 2650 3789 2703 τοιούτων

2221 2738 2386 2807 νόμον
2415 2736 2591 2802 δώσας
2616 2738 2767 2810 ὑμῖν,
2807 2739 2983 2808 μάννα
3022 2739 3241 2810 βρέξας,
3274 2745 3565 2814 προφήτας
3597 2745 3650 2796 ὲν
3673 2745 3789 2812 ὑμῖν

2221 2831 2568 2894 ἀποστείλας,
2601 2831 2672 2886 τὰ
2723 2831 2850 2903 ἔθνη
2902 2833 3196 2899 ὑποτάξας,
3245 2835 3584 2903 ἀλλοφύλους
3633 2837 3791 2901 ἐξολο-

2224 2922 2481 2994 θρεύσας,
2509 2923 2609 2984 τὰς
2660 2923 2875 2987 πλάκας
2933 2925 3226 2990 έπιδώσας,
3265 2925 3363 2997 τὴν
3415 2929 3625 3000 σκηνὴν
3654 2927 3791 2998 ὑμῶν

2221 3015 2382 3079 αὑτὸς
2409 3015 2755 3080 διατυπώσας
2779 3057 2794 3077 ,
2818 3016 3060 3070 Μωῦσέα
3091 3016 3341 3088 δεύτερον
3386 3018 3512 3073 θεὸν
3555 3037 3794 3073 τυποποι-

2222 3107 2386 3162 οῦντα
2419 3108 2581 3161 αὑτὸν
2608 3107 2746 3178 πρὸς
2781 3109 2926 3178 ὑμᾶς
2977 3110 3371 3180 καταστήσας;
3417 3111 3486 3163 Ὢ
3538 3111 3635 3180 τῆς
3679 3112 3793 3164 πολ-

2223 3198 2323 3270 λῆς
2353 3199 2507 3270 ὑμῶν
2542 3199 2854 3271 πωρώσεως
2889 3202 2902 3253 l
2932 3198 2976 3253 ὣ
3001 3200 3102 3269 τῆς
3127 3202 3305 3268 κακῆς
3332 3200 3567 3273 γνώμης
3598 3204 3611 3256 !
3639 3201 3682 3255 ὣ
3705 3204 3794 3271 τῆς

2223 3291 2522 3361 ἀχαρίστου
2549 3290 2706 3360 ὑμῶν
2729 3290 3108 3362 προαιρέσεως
3145 3293 3236 3344 καὶ
3256 3292 3573 3346 ὲθελουσίου
3601 3291 3793 3361 τυφλώ-

2228 3383 2396 3445 σεωςί
2431 3383 2577 3435 Ἀνω
2601 3383 2659 3434 ὲν
2691 3382 2768 3452 τῷ
2793 3383 2909 3454 ὄρει
2941 3384 3185 3453 Μωῦσῆς
3215 3385 3355 3453 ὑπὲρ
3385 3386 3548 3455 ὑμῶν
3609 3386 3796 3456 ήγωνίυ

2228 3471 2372 3536 ζετο,
2399 3475 2493 3527 καὶ
2549 3475 2700 3528 κάτω
2739 3476 2899 3545 ὑμεῖς
2932 3476 3030 3546 τὴν
3063 3476 3264 3546 μόσχον
3314 3479 3614 3548 έχωνεύετε
3641 3497 3655 3512 ο
3692 3480 3793 3532 ἀνω

2228 3565 2435 3630 ἐκεῖνος
2490 3566 2585 3619 τὸν
2617 3567 2750 3620 Θεὸν
2777 3568 3100 3638 παρεκάλει,
3131 3569 3226 3622 καὶ
3255 3570 3406 3623 κάτω
3454 3573 3523 3624 σὺ
3556 3572 3644 3624 τὸν
3677 3571 3795 3624 Θεὸν

2229 3653 2604 3727 παρώργιζες,
2640 3657 2737 3709 καὶ
2761 3656 2853 3710 τὸν
2886 3657 3087 3728 μόσχον
3116 3657 3478 3728 προσεκύνεις
3505 3676 3522 3693 ο
3553 3660 3613 3712 τὸ
3637 3647 3795 3730 μάννα

2230 3747 2440 3819 ήσθιες,
2467 3749 2560 3801 καὶ
2599 3748 2692 3802 τὸν
2725 3748 2858 3802 Θεὸν
2891 3749 3190 3814 ώνείδιζες.
3221 3751 3386 3818 Λέγει
3409 3751 3524 3822 γάρ
3552 3753 3580 3804 6
3606 3752 3757 3805 Δασίδ
3783 3793 3794 3815 ,

2231 3840 2312 3892 ὃτι
2349 3858 2368 3891 ι
2403 3840 2524 3893 Ἔτι
2551 3840 2647 3909 τῆς
2676 3839 2932 3910 βρώσεως
2965 3840 3130 3911 οὔσης
3157 3842 3215 3894 ὲν
3240 3841 3318 3911 τῷ
3352 3844 3585 3913 στόματι
3611 3843 3794 3905 αὐτῶν,

2233 3930 2328 3983 καί
2356 3931 2494 4002 ὀργὴ
2540 3931 2636 3984 τοῦ
2680 3932 2815 3984 Θεοῦ
2863 3932 3034 4003 ἀνέϐη
3088 3933 3174 3986 ἐπ’
3204 3933 3420 3996 αὑτούς.
3454 3954 3471 3985 ι
3516 3936 3624 3987 Καὶ
3667 3938 3796 4006 ἡμᾶς

2231 4027 2358 4091 τοὺς
2418 4028 2780 4098 Χριστιανοὺς
2845 4029 2900 4082 τί
2957 4030 3117 4097 ὑμεῖς
3171 4031 3321 4100 ἔχετε
3368 4032 3572 4095 εἰπεῖν,
3599 4034 3676 4085 ὅτι
3719 4031 3797 4082 τὸν

2233 4117 2363 4170 Υίὸν
2409 4118 2505 4172 τοῦ
2558 4119 2695 4172 Θεοῦ
2733 4121 3150 4191 προσκυνοῦμεν
3176 4139 3190 4187 ;
3234 4121 3378 4175 Ἀλλ’
3406 4125 3618 4187 εἴπατε,
3646 4123 3728 4176 διὰ
3752 4121 3798 4174 τί

2237 4211 2392 4280 ὑμεῖς
2421 4212 2546 4275 τοὺς
2593 4212 2746 4275 υίοίις
2776 4212 2932 4282 ὑμῶν
2961 4215 3054 4266 καὶ
3090 4215 3188 4276 τὰς
3211 4214 3542 4285 θυγατέρας,
3566 4216 3636 4277 ὡς
3666 4215 3797 4282 λέγει

550 4316 606 4361 et
632 4321 740 4360 non
781 4313 867 4358 est
911 4304 1046 4358 ﬁdes
1074 4304 1127 4359 in
1163 4319 1229 4358 ea
1249 4306 1296 4337 ³³
1324 4343 1339 4367 ,
1379 4323 1397 4355 ι
1440 4311 1497 4358 et
1524 4319 1753 4358 rursus:
1792 4321 1809 4353 ι
1833 4303 2127 4358 Generatio

2237 4303 2427 4368 Δασὶδ,
2463 4303 2694 4358 ἐθύσατε
2725 4306 2841 4369 τοῖς
2896 4305 3217 4375 δαιμονίοις,
3248 4305 3326 4377 τῷ
3361 4306 3682 4375 Βεελφεγώρ
3711 4324 3722 4370 ;
3755 4303 3798 4355 τί

551 4413 717 4468 prava
737 4406 794 4451 et
818 4411 1102 4468 perversa,
1123 4398 1237 4452 haec
1261 4396 1449 4451 reddis
1468 4396 1700 4451 Domino
1722 4396 1801 4447 "1'
1829 4415 1846 4446 ι
1867 4395 1934 4450 Et
1957 4396 2132 4450 multa

551 4491 656 4545 alia
686 4489 1002 4545 testimonia
1041 4489 1109 4543 de
1142 4489 1302 4543 vobis
1343 4489 1484 4542 mala
1525 4497 1828 4542 occurrunt
1855 4487 1910 4542 in
1932 4489 2136 4542 vestris

549 4595 579 4632 a
614 4579 724 4632 Deo
749 4576 1060 4649 prophetiis
1087 4575 1332 4630 dicentia
1363 4594 1378 4629 :
1416 4595 1433 4625 ι
1459 4575 1629 4630 Filios
1669 4576 1818 4630 enim
1863 4575 2028 4647 genui
2075 4585 2134 4631 et

550 4671 808 4737 cxaltavi,
837 4670 941 4742 ipsi
967 4680 1152 4726 autem
1183 4677 1512 4742 spreverunt
1557 4684 1685 4735 me;
1729 4669 1829 4724 bos
1875 4669 2133 4740 cognovit

553 4779 925 4834 possessorem
955 4778 1137 4828 suum,
1169 4771 1227 4818 et
1274 4761 1461 4816 asinus
1495 4777 1740 4832 prmsepe
1784 4761 1992 4815 domini
2024 4761 2132 4828 sui,

553 4855 718 4912 Israel
749 4866 932 4910 autem
980 4863 1070 4910 me
1120 4869 1230 4908 non
1275 4853 1552 4924 cognovit,
1601 4861 1658 4907 et
1707 4853 1944 4923 populus
1975 4867 2133 4906 meus

554 4965 662 5004 non
689 4949 976 5004 intellexit.
1028 4949 1116 5003 Va:
1156 4947 1304 5019 genti
1349 4947 1665 5017 peecatrici,
1717 4947 1922 5017 populo
1968 4946 2132 5016 pleno

554 5039 798 5110 peccatis
815 5039 885 5093 “.
915 5058 935 5092 ι
978 5039 1048 5094 Ει
1067 5054 1261 5093 rursus
1294 5037 1439 5092 idem
1473 5038 1740 5108 propheta
1780 5037 1949 5116 lsaias
1974 5035 2135 5090 vobis

554 5131 729 5186 dicit:
765 5130 1004 5186 «Audite
1049 5130 1280 5185 verbum
1308 5128 1548 5193 Domini,
1594 5129 1796 5184 domus
1838 5127 2131 5192 Sodomae;

555 5221 822 5293 pereipite
846 5221 1022 5292 legem
1054 5221 1171 5285 Dei,
1198 5221 1398 5292 popule
1424 5219 1751 5275 Gomorrhze
1771 5219 1839 5272 ’⁸.
1874 5237 1892 5269 ι
1937 5217 2134 5272 Videte

555 5313 834 5387 quomodo
860 5313 1197 5377 Sodomitas,
1226 5324 1284 5368 et
1333 5313 1607 5372 inﬁdeles.
1643 5312 2020 5383 populumque
2043 5309 2140 5364 de-

559 5417 796 5465 mentem
826 5408 1049 5465 Judaeos
1079 5415 1240 5463 vocet
1280 5408 1448 5473 Deus,
1497 5417 1554 5462 et
1585 5405 1927 5469 idololatras,
1954 5414 2010 5458 et
2051 5402 2138 5457 in-

558 5511 761 5571 gratos,
806 5510 862 5556 et
891 5500 1304 5573 generationem
1349 5513 1574 5569 pravam
1621 5508 1680 5552 et
1706 5512 2045 5568 perversam,
2079 5505 2137 5550 et

560 5591 701 5650 illios
727 5592 1096 5664 castigandus.
1138 5589 1239 5645 «Et
1262 5588 1714 5644 sacriﬁcaverunt
1759 5586 2048 5643 daemoniis
2077 5595 2131 5640 et

2237 4398 2386 4468 γάρ;
2423 4397 2582 4466 ὑμεῖς
2607 4396 2745 4460 ὄλως
2780 4397 2964 4451 πίστιν
2991 4397 3145 4467 ἔχετε
3181 4413 3195 4463 ;
3228 4398 3301 4468 μὴ
3324 4397 3536 4465 γένοιτο
3569 4400 3581 4451 l
3618 4399 3799 4450 Ἀκουο

2239 4505 2330 4542 σον
2357 4489 2638 4551 Μωῦσέως
2661 4487 2913 4556 λέγοντος
2945 4489 3080 4558 πρὸς
3105 4489 3194 4541 τὸν
3218 4489 3347 4541 λαὸν
3371 4489 3577 4556 (καίτοι
3603 4506 3664 4556 γε
3692 4488 3798 4540 τότε

2237 4578 2497 4651 θεοσεϐὴς
2522 4575 2591 4649 ἦν
2609 4581 2638 4634 6
2667 4579 2796 4642 λαὸς
2825 4578 2935 4632 τῶν
2987 4579 3278 4650 Ἐϐραίων)
3304 4623 3316 4644 ,
3349 4579 3468 4632 ἀλλ’
3497 4581 3725 4638 ἄκουσον
3754 4576 3798 4628 τί

2233 4671 2384 4739 λέγει
2418 4673 2660 4744 Μωῦσῆς
2681 4685 2694 4700 ⁸
2736 4689 2754 4722 ι
2788 4671 2912 4724 Ὀτι
2941 4671 3108 4738 γενεά
3137 4670 3560 4741 ὲξεστραμμένη
3589 4661 3796 4737 εἰσίν,ᾖ

2234 4762 2337 4816 οὑκ
2369 4761 2487 4815 ἔστι
2517 4762 2703 4825 πίστις
2729 4761 2788 4814 ιν
2821 4761 2982 4832 αὐτῇ.
3016 4781 3035 4814 ›
3063 4761 3172 4816 Καὶ
3198 4761 3362 4815 πάλιν
3387 4779 3400 4792 ο
3440 4779 3458 4812 ι
3497 4760 3665 4814 Γενεὰ
3695 4776 3798 4812 σκο-

2235 4853 2326 4907 λιὰ
2356 4854 2452 4907 καὶ
2477 4852 2907 4923 διεστραμμένη,
2927 4851 3104 4907 ταῦτα
3127 4853 3317 4924 Κυρίῳ
3343 4853 3748 4915 ἁνταποδίδοτε;
3776 4869 3790 4899 ι

2237 4947 2352 5002 Καὶ
2409 4945 2568 5001 ἀλλαι
2628 4945 2819 5016 μυρίαι
2866 4945 3168 5016 μαρτυρίαι
3222 4947 3349 5016 περὶ
3397 4945 3554 5014 ὑμῶν
3584 4942 3795 5014 πονηραί

2237 5039 2372 5092 εἰσιν
2402 5039 2459 5091 ὲν
2491 5039 2615 5101 ταῖς
2644 5038 3011 5108 προφητείαις
3059 5036 3217 5108 ὑμῶν
3245 5038 3317 5090 ἐκ
3343 5037 3436 5090 τοῦ
3484 5038 3620 5091 Θεοῦ
3661 5039 3794 5108 εἰρη-

2219 5129 2420 5198 μέναι.
2456 5147 2475 5181 ‹
2514 5127 2679 5191 Υίοὺς
2718 5127 2827 5199 γὰρ
2850 5169 2865 5193 ,
2894 5129 3080 5198 φησὶν,
3137 5129 3408 5200 ἐγέννησα
3457 5131 3553 5182 καὶ
3606 5129 3793 5197 ﬁdem.

2240 5222 2396 5275 αὑτοί
2427 5221 2484 5274 δέ
2525 5239 2592 5292 με
2616 5221 2895 5292 ἠθέτησαν
2926 5237 2941 5252 ο
2977 5220 3118 5290 ἔγνω
3147 5221 3273 5290 βοῦς
3313 5221 3402 5273 τὸν
3431 5224 3760 5291 κτησάμενον
3779 5256 3792 5278 ,

2241 5314 2338 5367 καὶ
2381 5315 2501 5378 ὄνος
2523 5314 2621 5384 τήν
2671 5315 2880 5385 φάτνην
2918 5313 3013 5367 τοῦ
3059 5313 3253 5386 κυρίου
3288 5313 3477 5379 αὑτοῦ,
3517 5313 3721 5384 Ἰσραὴλ
3746 5310 3792 5363 δέ

2243 5423 2311 5475 με
2364 5407 2465 5460 οὑκ
2512 5406 2675 5474 ἔγνω,
2705 5406 2799 5459 καὶ
2828 5409 2856 5461 6
2883 5406 3012 5471 λαός
3051 5424 3155 5476 μου
3186 5407 3532 5477 οὑ.συνῆκεν.
3568 5401 3792 5460 06:11:8-

2239 5514 2331 5561 νος
2358 5497 2698 5568 ἁμαρτωλὸν,
2737 5497 2862 5560 λαὸς
2919 5499 3134 5569 πλήρης
3162 5497 3465 5566 ἁμαρτιῶν.
3493 5517 3511 5549 ι
3549 5498 3654 5552 Καὶ
3703 5493 3792 5547 πάο

2241 5587 2324 5639 λιν
2354 5588 2383 5640 ὁ
2410 5586 2572 5648 αὐτὸς
2598 5587 2886 5658 προφήτης
2922 5588 3151 5650 Ἡσαΐας
3183 5587 3321 5658 πρὸς
3353 5584 3500 5654 ὑμᾶς
3521 5605 3534 5619 ·
3565 5606 3584 5639 ι
3629 5580 3792 5639 Ἀκού-

626 5771 669 5803 ίο
703 5771 875 5833 Exod.
908 5788 1078 5838 xxxii,
1116 5774 1165 5830 4.
1243 5773 1281 5803 ⁹¹
1319 5769 1462 5828 Psal.
1496 5785 1694 5836 tum,
1727 5769 1815 5824 30.
1889 5771 1931 5802 ⁹²
1964 5769 2123 5824 Deut.

2231 5780 2327 5831 xtl,
2365 5763 2453 5820 20.
2531 5766 2577 5798 ”
2601 5764 2738 5822 ibid.
2773 5765 2825 5820 5.
2905 5765 2946 5798 ⁵⁸
2977 5767 3079 5822 lsa.
3117 5783 3152 5830 ι,
3179 5766 3235 5832 2,
3279 5766 3330 5821 ι.
3407 5769 3453 5800 ⁸³
3484 5763 3613 5821 ibid.
3650 5760 3726 5818 l0.
