4072 6514
344 259 478 322 1Ξ37

1361 261 1819 324 DISPUTATIO
1853 262 2252 324 ADVERSUS
2289 264 2618 326 JUDAEOS.

3457 257 3596 324 1238

337 388 464 424 σατε
487 372 643 438 λόγον
679 371 908 444 Κυρίου,
949 370 1094 436 οἶκος
1121 373 1390 444 Σοδόμωνο
1417 374 1712 445 προσέχετε
1738 371 1900 441 νόμον

2020 387 2112 425 non
2147 373 2278 438 Deo,
2307 382 2362 427 et
2393 375 2809 445 dereliquerunt
2835 375 3006 430 Deum
3042 374 3135 444 qui
3176 373 3309 429 fecit
3355 372 3500 439 illos,
3530 382 3586 428 et

336 460 492 520 Θεοῦ.
525 460 651 524 λαὸς
685 462 985 533 Γομόρρας.
1027 482 1044 515 ι
1088 463 1304 534 Ὁρᾶτε,
1335 465 1417 517 ὅτι
1461 466 1554 517 καὶ
1580 463 1897 532 Σοδομίτας.

2004 460 2186 514 aversi
2218 469 2347 514 sunt
2369 477 2398 515 a
2422 464 2536 517 Deo
2558 464 2653 532 qui
2681 464 2914 518 salvavit
2939 478 3034 518 eos
3052 462 3119 516 “.
3152 481 3169 512 ι

337 552 432 604 καὶ
462 550 744 616 ἀπίστους,
779 552 876 606 καὶ⁸
904 553 1032 607 λαὸν
1059 555 1243 625 μωρὸν
1271 558 1398 618 τοὺς
1439 555 1726 617 Ἰουδαίους
1757 552 1909 619 λέγει
1945 549 1974 602 6
1997 547 2154 616 Θεὸς,
2180 552 2276 605 καὶ
2335 553 2711 619 εἰδωλοθύτας,
2736 555 2831 608 καὶ
2886 554 3236 626 ἀχαρίστους,
3261 556 3354 608 καὶ
3385 553 3580 623 γενεὰν

336 643 578 713 πονηρὰν
620 644 714 698 καὶ
768 644 1227 718 διεστραμμένην,
1255 649 1350 702 καὶ
1398 647 1564 702 τέκνα
1600 644 1884 718 μωμητάς
1928 657 1946 692 ι
1989 641 2098 694 Kal.
2123 643 2320 697 ἔθυσαν
2347 645 2669 716 δαιμονίοις,
2733 648 2827 701 καὶ
2859 648 2920 700 οὐ
2976 647 3116 718 Θεῷ,
3162 648 3252 702 καὶ
3300 648 3583 717 ἐγκατέλι-

338 753 439 790 πον
472 736 604 790 Θεὸν
627 737 720 790 τὸν
747 739 1049 808 ποιήσαντα
1081 740 1299 806 αὐτοὺς,
1331 741 1424 793 καὶ
1456 741 1774 810 ἀπέστησαν
1798 735 1906 792 ἀπὸ
1944 732 2082 786 Θεοῦ
2121 736 2374 806 Σωτῆρος
2418 739 2614 792 αὐτῶν.
2654 759 2672 792 ι

420 827 834 896 Ἐρευνήσωμεν
885 824 976 882 οῦν
1008 829 1109 892 τὰς
1165 830 1388 900 Γραφὰς
1412 831 1617 893 λοιπὸν,
1654 831 1749 884 ὲάν
1788 827 1917 899 περὶ

339 917 501 970 ἄλλου
537 918 852 989 οίουδήποτε
897 919 1084 983 ἔθνους
1115 921 1355 976 τοσαῦτα
1385 925 1413 975 6
1448 923 1582 986 Θεὸς
1615 924 1915 992 κατήγγει-

339 1008 450 1064 λεν.
488 1011 596 1064 Καὶ
626 1013 736 1080 γὰρ
782 1013 840 1063 ὲν
881 1011 1275 1082 Ἱεροσολύμοις
1309 1016 1646 1084 πεντήκοντα
1673 1013 1766 1067 δύο
1820 1014 1914 1084 ἔτη

341 1101 634 1171 ἐποιήσατε
661 1102 881 1165 θύοντες
900 1105 957 1156 ὲν
979 1103 1057 1176 τῷ
1089 1104 1202 1175 ναῷ
1243 1105 1336 1158 τοῦ
1367 1106 1503 1159 Θεοῦ
1531 1110 1644 1170 τοῖς
1675 1106 1915 1169 εἰδώλοις

341 1189 432 1241 ἐπὶ
469 1190 732 1260 Μανασσῆ
767 1191 860 1244 τοῦ
886 1192 1148 1262 βασιλέως
1181 1196 1358 1264 ὑμῶν,
1388 1196 1798 1265 βεϐηλώσαντες
1821 1198 1914 1248 τὸν

341 1281 470 1336 ναὸν
501 1283 598 1336 κα)⁵
617 1285 715 1354 τὴν
742 1285 898 1338 πόλιν
932 1286 1028 1339 τοῦ
1050 1287 1182 1340 Θεοῦ
1207 1303 1224 1320 ⁸
1253 1289 1341 1342 διὰ
1364 1289 1522 1343 τοῦτο
1547 1291 1604 1344 έν
1633 1290 1910 1345 Βαϐυλῶνι

345 1376 440 1428 καὶ
466 1374 613 1443 άπαξ
643 1377 736 1430 καὶ
759 1377 842 1440 δὶς
872 1379 1192 1449 παρέδωκεν
1225 1382 1369 1451 ὑμᾶς
1395 1385 1423 1435 6
1445 1383 1579 1447 Θεὸς
1621 1387 1735 1447 τοῖς
1761 1383 1909 1437 Χαλ-

340 1464 512 1527 δαίοις
534 1468 613 1530 είς
639 1468 1017 1537 αἰχμαλωσίαν
1039 1486 1053 1500 ο
1086 1466 1206 1524 εἶτα
1232 1473 1395 1525 πάλιν
1428 1473 1574 1543 ὑμᾶς
1607 1474 1726 1544 μεθ’
1755 1475 1909 1526 έϐδο-

2087 826 2434 897 lnquiramus
2481 845 2612 900 ergo
2645 829 2983 898 Scripturas,
3013 845 3080 883 an
3116 829 3183 883 de
3216 829 3419 898 populo
3461 846 3597 899 quo-

2015 934 2234 989 cunque
2279 921 2388 975 alio
2435 922 2580 975 Deus
2629 930 2776 975 tanta
2824 920 3255 977 denuntiaverit.
3312 921 3591 990 Siquidem

2011 1011 2373 1083 Jerosolymis
2407 1013 2520 1066 duo
2551 1021 2603 1066 et
2657 1013 3055 1082 quinquaginta
3107 1015 3267 1067 annis
3316 1013 3596 1067 sacriﬁca-

2011 1101 2174 1157 vistis
2205 1102 2260 1156 in
2310 1102 2405 1157 Dei
2453 1103 2655 1172 templo
2687 1103 2850 1158 idolis
2897 1103 2999 1156 sub
3050 1102 3295 1156 Manasse
3340 1119 3468 1174 rege
3497 1120 3594 1174 ve-

2022 1199 2158 1252 stro,
2187 1191 2543 1259 profanantes
2567 1192 2760 1245 urbem
2795 1200 2852 1245 et
2877 1192 3140 1260 templum
3171 1192 3289 1246 Dei.
3321 1193 3401 1246 0b
3432 1210 3594 1263 quam

2021 1295 2240 1334 causam
2289 1280 2566 1351 Babylone
2622 1282 2791 1336 semel
2858 1289 2914 1334 et
2971 1281 3168 1335 iterum
3221 1284 3448 1338 tradidit
3500 1298 3597 1338 vos

2021 1376 2167 1430 Deus
2233 1375 2506 1430 Chaldzeis
2587 1375 2640 1428 in
2709 1375 3058 1430 servitutem.
3123 1366 3331 1429 Deinde
3402 1391 3596 1429 rursus

2019 1483 2117 1522 vos
2157 1483 2331 1523 annos
2359 1476 2483 1538 post
2521 1469 2863 1537 septuaginta
2905 1468 3207 1522 revocavit.
3239 1467 3397 1521 Modo
3433 1467 3599 1537 igitur

343 1558 589 1628 μήκοντα
805 1562 1190 1619 ἀνεκαλέσατο.
1230 1565 1390 1635 ’Ἄρτι
1421 1533 1514 1619 οῦν
1555 1533 1725 1621 τοῦτο
1771 1567 1911 1621 Θέλω

2020 1561 2165 1614 istud
2199 1561 2322 1615 volo
2347 1577 2380 1614 a
2414 1561 2574 1615 vobis
2602 1560 2838 1614 discere.
2879 1560 3010 1614 Post
3049 1567 3294 1612 vestrum
3321 1559 3596 1629 Babylone

345 1647 538 1716 μαθεῖν
560 1647 619 1714 ἐξ
649 1650 802 1718 ὑμῶν
825 1666 839 1680 ’
875 1653 1014 1722 μετὰ
1043 1653 1104 1707 τὸ
1133 1654 1376 1710 ἀνελθεῖν
1406 1657 1550 1726 ὑμᾶς
1579 1660 1642 1712 ὲκ
1667 1659 1765 1728 τῆς
1795 1659 1918 1712 Βα-

345 1738 601 1804 ϐυλῶνος,
619 1741 713 1794 καὶ
733 1743 1014 1812 κτισθῆναι
1044 1745 1110 1798 ἑκ
1138 1745 1388 1818 δευτέρου
1411 1748 1504 1800 τὸν
1529 1749 1654 1802 ναὸν
1680 1749 1708 1801 ύ
1717 1750 1830 1818 μῶν
1859 1751 1916 1804 ὲν

357 1832 765 1902 Ἱεροσολύμοις,
789 1838 880 1889 καὶ
907 1837 1050 1905 ὑμᾶς
1069 1840 1128 1892 έν
1141 1839 1288 1909 αὐτῷ
1314 1839 1393 1910 τῷ
1415 1841 1534 1912 Θεῷ
1548 1844 1916 1913 προσκυνοῦν-

343 1940 443 1984 τας
499 1925 680 1978 οὐκέτι
722 1929 832 1989 τοῖς
870 1927 1110 1992 εἰδώλοις
1139 1929 1371 1984 ἐθύσατε
1396 1947 1411 1961 ’
1444 1932 1605 1986 ποίαν
1640 1934 1915 2004 ἁμαρτίαν

341 2015 636 2086 ἐποιήσατε
661 2015 889 2071 ἐνώπιον
918 2019 1012 2072 τοῦ
1047 2019 1184 2074 Θεοῦ
1208 2037 1223 2084 ;
1252 2022 1336 2074 ὅτι
1368 2022 1476 2076 ἰδοὺ
1501 2024 1794 2079 ὀκτακόσια
1821 2027 1915 2080 καὶ

341 2107 568 2162 πλείονα
627 2107 722 2179 ἔτη
776 2110 835 2163 ὲν
888 2110 1036 2183 πάσῃ
1081 2113 1148 2182 τῇ
1181 2116 1250 2184 γῇ
1301 2115 1681 2185 διεσκόρπισεν
1709 2117 1854 2187 ὑμᾶς
1885 2118 1914 2170 ό

341 2198 500 2264 Θεὸς,
527 2200 622 2252 καὶ
651 2199 828 2269 ἤγαγε
859 2202 1015 2255 Τῖτον
1059 2205 1154 2256 καὶ
1193 2203 1608 2258 Οὐεσπασιανὸν
1631 2206 1738 2259 ἀπὸ
1783 2205 1916 2260 Ῥώ-

343 2307 474 2359 μης,
505 2291 600 2343 καὶ
633 2291 872 2359 ἔσφαξαν
903 2292 962 2358 ἐξ
991 2293 1145 2362 ὑμῶν
1181 2292 1284 2348 κᾶν
1325 2295 1520 2348 ἑκατὸν
1552 2297 1819 2367 μυριάδας
1856 2299 1915 2352 έν

354 2381 772 2455 Ἰεροσολύμοις,
812 2386 888 2440 ὡς
911 2386 1060 2456 λέγει
1089 2389 1118 2440 6
1148 2387 1410 2459 Ἰώσηπος
1430 2389 1458 2441 6
1487 2389 1642 2459 ὑμῶν
1677 2407 1916 2461 συγγρα-

340 2475 478 2541 φεὺς
528 2475 688 2544 μόνος
762 2476 938 2530 ταῦτα
1025 2479 1357 2549 ἐκθέμενοςο
1425 2480 1521 2534 καὶ
1591 2483 1916 2554 ἐνεπύρισαν

339 2569 435 2620 τὸν
487 2567 616 2620 ναὸν
667 2568 841 2640 ὑμῶν,
871 2571 963 2623 καὶ
986 2571 1292 2643 ήρήμωσαν
1325 2572 1387 2626 τὸ
1412 2574 1797 2644 θυσιαστήριον
1822 2579 1916 2630 καὶ

339 2660 412 2713 τὰ
462 2661 618 2729 ἅγια.
647 2663 740 2716 καὶ
769 2664 868 2732 τὴν
925 2664 1081 2717 πόλιν
1136 2665 1338 2730 πᾶσαν,
1376 2667 1471 2718 καὶ
1495 2666 1596 2736 τὴν
1629 2667 1790 2732 Σιὼν,
1817 2669 1912 2722 καὶ

338 2753 774 2822 ῂχμαλώτευσαν
800 2755 944 2826 ὑμᾶς
976 2771 991 2787 ⁸
1033 2757 1128 2810 καὶ
1161 2757 1284 2808 ἐστὲ
1324 2759 1384 2811 ὲν
1429 2758 1579 2830 πάσῃ
1609 2762 1676 2830 τῇ
1708 2763 1776 2829 γῇ
1809 2760 1918 2812 διε..

343 2843 653 2916 σπαρμένοι
683 2847 778 2900 καὶ
802 2847 1249 2918 παρανομοῦντες
1265 2849 1369 2911 ἕως
1392 2850 1492 2920 τῆς
1509 2853 1767 2921 σήμερον.
1800 2853 1910 2905 Καὶ
1937 2888 1981 2946 c

346 2935 456 2988 ἰδοὺ
480 2935 776 2990 ὀκτακόσια
807 2938 902 2991 καὶ
934 2938 1154 2992 πλείονα
1181 2937 1300 3008 ἔτη,
1329 2939 1405 3002 ὡς
1433 2940 1680 3010 εἴπομεν,
1711 2941 1772 2993 οὐ
1819 2941 1912 2994 θυ-

345 3028 684 3099 σιαστήριον,
715 3029 776 3083 ού
806 3029 1056 3093 κιϐωτὸν,
1087 3030 1148 3083 ού
1181 3032 1346 3084 τόπον
1368 3030 1462 3084 τοῦ
1492 3031 1682 3102 Πάσχα
1714 3032 1920 3102 φυλάτ-

344 3135 550 3182 τοντες.
581 3117 716 3174 Eine
766 3121 873 3193 γὰρ
898 3124 927 3176 6
960 3121 1092 3187 Θεὸς
1143 3123 1273 3193 ὑμῖν
1305 3139 1319 3153 ·
1352 3124 1618 3193 Μηδαμοῦ
1664 3127 1919 3196 ποιήσετε

345 3209 408 3261 τὸ
433 3209 645 3278 Πάσχα,
676 3211 724 3262 εἰ
758 3211 831 3282 μὴ
856 3213 914 3264 ὲν
943 3211 1302 3284 Ἰερουσαλήμ
1328 3229 1341 3243 ·
1369 3215 1502 3286 μηδὲ
1531 3217 1614 3280 είς
1645 3216 1920 3284 Αἴγυπτον

347 3299 609 3353 εἰσελθεῖν
629 3317 648 3334 θ
683 3301 792 3355 ἰδοὺ
826 3302 876 3354 οἰ
902 3304 1135 3374 πατέρες
1163 3305 1315 3374 ὑμῶν
1353 3307 1770 3376 άμαρτήσαντες
1816 3308 1923 3361 άπ-

347 3391 539 3446 έλαϐον
551 3393 802 3465 δεύτερον
814 3396 872 3448 ἐν
889 3395 1168 3450 Βαϐυλῶνι
1181 3398 1713 3467 αἰχμαλωτευθέντες
1729 3403 1792 3452 ὲκ
1805 3400 1924 3454 δευ-

345 3487 504 3557 τέρου
522 3486 616 3540 καὶ
639 3487 890 3560 δευτέρου
909 3488 1004 3542 τοῦ
1027 3488 1155 3543 ναοῦ
1172 3491 1575 3560 ἐρημωθέντος,
1592 3492 1688 3547 καὶ
1708 3492 1924 3547 διαλλα-

347 3579 509 3648 γῆναι
529 3577 727 3642 αὐτοὺς
761 3580 853 3633 τὸν
869 3579 1001 3633 Θεὸν
1031 3582 1128 3634 καλ⁸
1167 3581 1588 3653 οἰκοδομηθῆναι
1633 3585 1725 3637 τὸν
1759 3583 1920 3639 ναόν·

349 3671 509 3740 ὑμεῖς
529 3671 587 3725 δὲ
612 3672 772 3724 ποίαν
797 3673 1068 3744 ἁμαρτίαν
1098 3674 1417 3745 ἐποιήσατε,
1438 3676 1532 3729 καὶ
1549 3676 1803 3747 τοιαύτην
1828 3695 1925 3746 με·

344 3762 543 3834 γάλην,
570 3764 652 3817 δτι
679 3765 861 3818 οὐκέτι
876 3766 1096 3836 ἡγειρεν
1124 3767 1251 3835 ὑμῖν
1270 3767 1362 3819 τὸν
1383 3768 1509 3820 ναὸν
1524 3770 1551 3819 6
1569 3769 1721 3832 Θεὸς,
1738 3769 1924 3822 οὐκέτι

348 3857 625 3925 ἀνήγαγεν
653 3857 798 3926 ὑμᾶς
826 3859 890 3910 ἐκ
919 3857 1024 3912 τῶν
1054 3858 1263 3928 ἐχθρῶν
1286 3876 1301 3923 ;
1328 3855 1435 3930 ἆρα
1461 3858 1703 3923 εἰδώλοις
1725 3861 1924 3914 ἐθύσα-

349 3964 409 4000 τε
439 3949 636 4018 ὑμεῖς,
677 3950 754 4012 ῶς
795 3950 846 4001 οἰ
899 3952 1134 4021 πατέρες
1188 3951 1365 4022 ὑμῶν,
1402 3953 1530 4014 τοὺς
1589 3954 1735 4015 υἱοὺς
1773 3954 1925 4022 ὑμῶν

351 4039 447 4092 καὶ
509 4039 607 4101 τὰς
661 4039 1018 4110 θυγατέρας;
1075 4035 1188 4109 ἆρα
1249 4041 1417 4093 εἰκόνι
1476 4043 1924 4112 προσεκυνήσατε

349 4129 427 4193 ὡς
485 4131 729 4195 ἐκείνοις
788 4130 1073 4200 Οὐδαμῶς.
1122 4128 1272 4202 Ἆρα
1345 4133 1427 4193 εἰς
1491 4133 1582 4184 τὸν
1646 4131 1772 4185 ναὸν
1845 4131 1925 4184 εἷς

2017 1668 2351 1721 regressum,
2387 1661 2444 1706 et
2476 1653 2667 1721 templi
2690 1651 2859 1706 vestri
2894 1649 3375 1705 reaediticationem
3410 1650 3598 1704 Hiero-

2015 1749 2262 1818 solymis,
2294 1747 2471 1800 vosin
2517 1745 2610 1800 illo
2659 1745 2959 1800 adorantes
2987 1745 3120 1808 Deo,
3160 1759 3271 1797 non
3317 1743 3477 1797 idolis
3509 1760 3598 1796 sa-

2014 1839 2323 1893 criﬁcastis.
2344 1836 2516 1904 Quale
2535 1845 2823 1906 peccatum
2851 1836 3043 1906 egistis
3064 1851 3248 1889 coram
3275 1835 3388 1889 Deo
3409 1836 3430 1887 ?
3457 1835 3597 1888 Ecce

2013 1931 2162 1985 enim
2193 1930 2524 1999 octingentis
2555 1936 2611 1982 et
2650 1928 2890 1996 amplius
2930 1927 3090 1981 annis
3137 1927 3192 1980 in
3231 1942 3450 1980 onmem
3483 1935 3595 1978 ter-

2014 2039 2131 2076 ram
2153 2022 2417 2092 dispersit
2445 2037 2543 2075 vos
2571 2022 2741 2084 Deus,
2781 2029 2838 2076 et
2878 2020 3034 2075 duxit
3077 2018 3264 2072 Titum
3304 2026 3361 2072 et
3392 2018 3598 2087 Vespa-

2015 2115 2234 2169 sianum
2272 2115 2466 2176 Boma,
2509 2123 2565 2168 et
2608 2112 3031 2168 trucidaverunt
3060 2127 3127 2165 ex
3173 2111 3332 2164 vobis
3375 2118 3599 2165 centum

2012 2205 2286 2277 myriadas
2313 2205 2746 2277 Hierosolymis,
2791 2214 2850 2259 ut
2909 2204 3046 2258 dicit
3092 2203 3368 2272 Josephus
3405 2213 3600 2257 vestrae

2015 2298 2198 2369 gentis
2227 2297 2486 2367 scriptor,
2529 2296 2625 2366 qui
2673 2296 2825 2350 solus
2876 2295 2978 2350 ista
3013 2295 3288 2364 exposuit.
3339 2293 3597 2347 Vestrum

2017 2389 2284 2460 templum
2346 2387 2754 2448 incenderunt,
2810 2396 2863 2441 et
2913 2387 3240 2442 deleverunt
3305 2385 3476 2439 altare
3544 2391 3600 2438 et

2015 2491 2228 2546 sancta,
2257 2480 2452 2534 urbem
2485 2494 2705 2549 quoque
2752 2488 2807 2533 et
2857 2478 3012 2543 Sion,
3049 2486 3106 2532 et
3135 2492 3234 2530 vos
3280 2475 3334 2529 in
3362 2475 3601 2531 servitu-

2018 2583 2128 2628 tem
2159 2571 2606 2642 redegeruntget
2627 2571 2760 2625 estis
2793 2586 2892 2640 per
2919 2578 3089 2623 totam
3123 2578 3327 2624 terram
3360 2569 3597 2640 dispersi

2016 2675 2072 2720 et
2103 2664 2223 2719 sine
2262 2665 2381 2735 lege
2417 2679 2592 2733 usque
2637 2663 2840 2716 adhuc.
2893 2662 2959 2715 Et
3001 2677 3129 2716 ecce
3176 2661 3510 2732 octingentis
3545 2671 3602 2715 et

2017 2757 2252 2826 amplius
2282 2757 2464 2818 annis,
2519 2765 2579 2809 ut
2629 2755 2890 2818 diximus,
2940 2770 3120 2822 neque
3177 2754 3371 2817 altare,
3421 2770 3600 2824 neque

2016 2864 2225 2911 arcam,
2276 2863 2458 2918 neque
2509 2848 2687 2902 locum
2744 2846 2967 2900 Pascha?
3028 2847 3408 2910 conservatis;
3460 2846 3600 2900 dixit

2023 2940 2172 2994 enim
2206 2941 2353 2994 Deus
2382 2939 2577 2993 vobis:
2606 2938 2826 2992 Minime
2860 2937 3076 2991 facietis
3123 2937 3332 2992 Pascha
3386 2933 3494 2993 nisi
3545 2939 3599 2992 in

2024 3032 2370 3087 Hierusalem
2397 3049 2411 3096 ;
2440 3047 2620 3100 neque
2651 3031 2702 3084 in
2737 3029 3030 3100 Egyplum
3083 3029 3390 3098 regressuri
3420 3046 3434 3094 ;
3471 3045 3602 3085 ecce

2022 3133 2210 3195 patres
2250 3125 2444 3188 vestri,
2494 3139 2620 3178 cum
2675 3123 3074 3192 peccavissent,
3121 3123 3366 3176 secundo
3397 3123 3601 3192 captivi

2023 3217 2356 3288 Babylonem
2408 3215 2595 3280 ducti,
2636 3215 2880 3270 secundo
2926 3223 3138 3269 vastato
3187 3215 3417 3284 templo,
3462 3215 3604 3269 obli-

2023 3319 2266 3365 nuerunt
2289 3308 2534 3364 secundo
2565 3308 2622 3362 in
2651 3308 2880 3378 gratiam
2908 3307 3007 3361 Dei
3039 3306 3221 3361 redire
3245 3315 3302 3361 et
3333 3308 3603 3376 templum

2021 3399 2322 3464 aediﬁcari;
2376 3413 2475 3452 vos
2531 3398 2694 3467 quale
2757 3405 3044 3466 peccatum
3100 3396 3490 3462 commisistis,
3546 3407 3602 3452 et

2024 3498 2236 3546 tantum
2273 3489 2496 3560 quidem
2538 3497 2600 3543 ut
2649 3488 2791 3544 Deus
2838 3487 2998 3542 vobis
3043 3501 3153 3541 non
3206 3487 3603 3542 restauraverit

2024 3584 2316 3653 templum,
2346 3595 2524 3650 neque
2554 3595 2652 3634 vos
2685 3579 2754 3633 ab
2784 3578 3038 3633 hostibus
3078 3577 3404 3635 reduxerit?
3444 3578 3606 3633 idolis

2024 3677 2193 3747 igitur
2224 3674 2580 3730 sacriﬁcastis
2617 3688 2750 3736 vos,
2780 3681 2840 3726 ut
2869 3681 3055 3742 patres
3095 3671 3298 3735 vestri,
3334 3671 3477 3728 ﬁlios
3514 3687 3608 3726 ve-

2024 3777 2242 3822 stroset
2263 3764 2440 3820 ﬁlias?
2468 3765 2784 3834 imaginem,
2812 3772 2868 3816 ut
2895 3763 2995 3829 illi,
3021 3763 3332 3821 adorastis?
3360 3761 3601 3821 Minime.

2024 3859 2168 3929 Ergo
2203 3858 2258 3912 in
2311 3857 2520 3927 templo
2575 3856 2780 3909 idolum
2833 3856 3125 3920 statuistis,
3178 3865 3240 3910 ut
3287 3856 3606 3914 Mauasses?

2028 3949 2334 4020 praphetas
2358 3946 2682 4003 occidistis?
2727 3946 2977 3999 Minime.
3010 3945 3187 4014 Quam
3216 3946 3288 4000 ob
3318 3963 3538 4002 causam
3576 3965 3606 4001 a

2027 4043 2139 4097 Deo
2166 4043 2243 4096 ita
2275 4039 2535 4095 derelicti
2557 4038 2692 4093 estis
2714 4038 2736 4091 ?
2757 4037 2919 4094 Certe
2954 4038 3208 4107 quamvis
3243 4053 3350 4092 non
3383 4037 3604 4100 dicatis,

2026 4132 2240 4203 lapides
2268 4131 2625 4188 clamabunt:
2666 4129 2814 4200 quod
2856 4146 2922 4184 ex
2964 4147 3075 4200 quo
3107 4129 3391 4185 Christum
3427 4132 3608 4185 cruci-

349 4220 516 4274 δωλον
574 4223 863 4292 έστήσατε,
894 4222 968 4286 ὡς
1007 4223 1036 4275 6
1091 4223 1434 4293 Μανασσῆςς
1468 4219 1574 4295 ἆρα
1634 4226 1918 4295 προφήτας

2031 4225 2246 4289 ﬁxistis,
2271 4222 2522 4278 derelicti
2552 4222 2754 4276 fuistis.
2797 4222 2880 4277 0b
2929 4223 2980 4276 id
3035 4237 3210 4292 usque
3258 4222 3443 4276 adhuc
3470 4223 3606 4276 etin

349 4313 742 4379 ἀπεκτείνατε;
801 4314 1087 4384 Οὐδαμῶς.
1148 4315 1306 4378 Τίνος
1365 4316 1551 4369 ἕνεκεν
1612 4317 1718 4370 ὑπὸ
1786 4318 1922 4371 Θεοῦ

349 4405 522 4470 οὕτως
567 4406 1024 4477 ὲγκατελείιρθητε
1051 4424 1066 4473 ;
1106 4406 1380 4477 Ἀληθῶς,
1411 4408 1515 4461 κᾶν
1545 4409 1702 4478 ὑμεῖς
1735 4411 1810 4480 μὴ
1844 4410 1924 4462 εί·-

349 4514 511 4566 πητε,
534 4501 584 4550 οί
613 4498 748 4550 λίθοι
773 4499 1134 4566 κεκράξονται
1163 4515 1179 4530 ο
1211 4500 1295 4551 ὅτι
1337 4500 1429 4569 ἀφ’
1459 4493 1630 4571 οὗπερ
1663 4501 1755 4554 τὸν
1785 4503 1922 4572 Χρι-

351 4590 474 4643 στὸν
526 4588 931 4662 ἐσταυρώσατε,
975 4591 1432 4661 ὲγκατελείφθητε
1458 4607 1472 4620 ·
1503 4593 1590 4646 διά
1631 4593 1790 4646 τοῦτο
1827 4596 1924 4664 μέ-

349 4697 440 4750 χρι
471 4680 565 4734 καὶ
621 4679 717 4734 νῦν
745 4682 836 4735 καί
867 4683 946 4744 εἰς
971 4683 1062 4735 τὸν
1103 4681 1278 4734 αἰῶνα
1317 4683 1800 4752 έγκατελείφθητε,
1847 4685 1924 4738 δι-

349 4773 770 4846 εσκορπίσθητε,
787 4775 1166 4847 ἐγυμνώθητε;
1195 4777 1537 4847 άπεῤῥίφητε
1553 4777 1647 4830 τοῦ
1667 4779 1796 4831 ναοῦ
1825 4782 1920 4833 καὶ

345 4866 446 4936 τῆς
473 4866 629 4922 Σιών.
657 4868 720 4921 Οί
743 4867 852 4938 γὰρ
874 4868 1110 4939 πατέρες
1139 4868 1291 4938 ὑμῶν
1311 4870 1360 4923 oi
1393 4872 1916 4940 μοσχοποιήσαντες,

345 4959 396 5011 oi
427 4959 594 5012 πολλὰ
639 4961 1148 5031 παρανομήσαντες,
1189 4962 1284 5016 καὶ
1328 4964 1395 5032 τῇ
1423 4962 1594 5016 εἰκόνι
1625 4965 1690 5034 τῇ
1741 4967 1916 5035 χρυσῇ

347 5052 844 5120 προσκυνήσαντες,
876 5052 973 5107 καὶ
999 5053 1126 5116 τοὺς
1158 5052 1308 5115 υἱοὺς
1357 5053 1539 5108 αὐτῶν
1569 5054 1664 5106 καὶ
1693 5053 1790 5115 τὰς
1821 5053 1916 5107 θυο

343 5139 583 5209 γατέρας
609 5139 688 5210 τῷ
711 5141 943 5212 διαϐόλῳ
968 5142 1250 5208 θύσαντες,
1282 5143 1651 5215 ἑϐδομήκοντα
1692 5144 1786 5216 ἔτη
1822 5149 1918 5201 καὶ

345 5227 538 5280 ἑκατὸν
563 5230 621 5281 έν
649 5230 924 5285 Βαϐυλῶνι
955 5233 1214 5304 Περσίδος
1251 5235 1654 5301 παιδευθέντες,
1675 5242 1909 5316 ἀνεκλή-

2027 4326 2356 4387 perpetuum
2419 4313 2705 4378 derelicti,
2761 4313 3034 4383 dispersi,
3081 4315 3309 4378 nudati,
3365 4313 3526 4384 ejecti
3575 4330 3608 4367 e

2027 4407 2239 4476 templo
2257 4415 2311 4460 et
2340 4404 2474 4460 Sion
2518 4403 2838 4457 manebitis.
2873 4403 3062 4458 Patres
3094 4403 3242 4457 enim
3266 4402 3435 4456 vestri
3464 4401 3609 4456 vitu-

2025 4501 2138 4555 lum
2172 4499 2459 4568 ﬁngentes,
2497 4498 2553 4550 in
2605 4495 2794 4550 multis
2829 4496 3004 4566 legem
3041 4496 3330 4559 violantes,
3383 4509 3605 4551 auream

2028 4597 2324 4664 imaginem
2366 4593 2688 4656 adorantes,
2727 4591 2868 4646 ﬁlios
2918 4599 2974 4644 et
3022 4589 3162 4648 ﬁlias
3207 4604 3335 4644 suas
3380 4585 3604 4641 diabolo

2025 4689 2392 4751 immolantes,
2422 4695 2642 4739 centum
2686 4691 2742 4738 et
2770 4683 3118 4754 septuaginta
3154 4682 3313 4737 annis
3344 4681 3397 4733 in
3429 4678 3604 4748 Baby-

2022 4779 2148 4833 lone
2174 4775 2415 4831 Persidis
2435 4775 2640 4839 edocti,
2665 4773 2904 4827 revocati
2936 4783 3098 4839 sunt;
3118 4787 3217 4826 vos
3246 4771 3301 4824 in
3321 4770 3604 4824 Christum

2022 4877 2338 4941 peccantes,
2363 4882 2471 4920 non
2500 4865 2678 4918 solum
2708 4871 2928 4917 centum
2966 4871 3023 4918 et
3046 4860 3391 4932 septuaginta
3422 4861 3604 4926 annis,

2023 4961 2119 5018 sed
2141 4974 2316 5029 usque
2349 4957 2417 5012 ad
2437 4958 2970 5024 cmsummationem
2995 4953 3176 5010 seculi
3196 4953 3396 5023 abiecti
3425 4953 3606 5008 eritis.

2020 5057 2134 5112 Nos
2169 5063 2353 5108 autem
2390 5059 2582 5122 gentes
2619 5050 2715 5103 ﬁlii
2744 5048 2949 5104 Christi
2978 5047 3159 5102 vocati
3199 5062 3411 5111 sumus,
3436 5056 3492 5101 et
3526 5046 3604 5100 ili

2023 5149 2316 5211 servimus,
2343 5153 2400 5199 et
2432 5145 2588 5198 illum
2645 5140 3016 5213 gloriﬁcamus
3046 5153 3154 5191 una
3190 5153 3317 5192 cum
3348 5139 3512 5192 Patre
3551 5147 3605 5190 et

2022 5252 2210 5305 sancto
2239 5240 2362 5310 ejus
2391 5235 2602 5306 Spiritu
2639 5235 2692 5289 in
2733 5231 2929 5287 saecula
2958 5229 3309 5284 saculorum.
3334 5230 3532 5284 Amen.

351 5321 545 5388 θησαν.
597 5321 786 5392 Ὑμεῖς
815 5323 871 5377 δὲ
901 5326 948 5377 oi
1001 5327 1057 5377 έν
1087 5326 1309 5398 Χριστῷ
1352 5328 1804 5404 άμαρτήσαντες,
1843 5343 1940 5414 οὐχ
2009 5339 2381 5404 ἑϐδομήκοντα
2430 5331 2553 5384 οὐδὲ
2595 5326 2784 5380 ἑκατὸν
2825 5322 2921 5392 ἔτη
2972 5323 3128 5394 μόναν
3172 5321 3292 5414 ἀλλῖ
3333 5321 3457 5414 ἓως,
3507 5324 3605 5414 ﬁ“

353 5416 664 5480 συντελείας
717 5417 811 5471 τοῦ
865 5421 1061 5485 αἰῶνος
1114 5420 1460 5496 ἐξεϐλήθητε.
1543 5427 1736 5498 Ἦμεῖς
1787 5432 1843 5485 δὲ
1894 5412 1966 5488 τά
2003 5434 2152 5501 ἔθνη,
2189 5428 2296 5481 υἱοὶ
2325 5423 2564 5496 Χριστοῦ
2620 5418 2948 5489 ἑκλήθημεν,
3011 5416 3107 5470 καὶ
3157 5413 3304 5485 αὐτῷ
3352 5412 3603 5468 δουλεύοι

356 5528 476 5582 μεν,
513 5513 605 5566 καὶ
632 5513 781 5585 αὐτῷ
811 5513 1102 5586 δοξάζομεν
1124 5515 1240 5588 ἅμα
1274 5516 1351 5588 τῷ
1373 5521 1547 5592 [largi
1579 5524 1676 5576 σὺν
1704 5523 1780 5596 τῷ
1813 5526 1953 5597 ἁγίῳ
1982 5523 2147 5579 αὑτοῦ
2185 5520 2463 5590 [Ινεύματι
2493 5517 2572 5577 εἰς
2611 5514 2736 5575 τοὺς
2775 5509 2979 5574 αἰῶνας
3001 5508 3113 5562 τῶν
3151 5506 3386 5562 αίώνων.
3406 5507 3598 5576 Ἀμήν.

421 5607 466 5637 ’⁸
502 5607 711 5664 Baruch
743 5626 815 5673 ιν,
848 5611 901 5663 7.
