4072 6526
539 231 676 297 1239
1717 250 1778 310 S.
1819 252 2218 317 ANASTASII
2258 258 2582 319 SINAITZE

3641 274 3764 340 1210

1315 610 1544 698 ΤΟΥ
1616 611 1994 703 ΑΥΤΟΥ
2064 621 2395 708 ΤΡΙΤΗ
2468 624 3030 715 ΕΡΩΤΗΣΙΣ.

1094 945 1632 1039 EJUSDEM
1735 947 2178 1055 TERTIA
2252 949 2537 1041 INTE
2560 952 3215 1063 BROGATIO._

470 1213 477 1243 ί

592 1297 917 1355 Dicite‘mihi
936 1316 951 1353 :
968 1295 1220 1353 Messiam
1244 1310 1409 1365 quem
1432 1293 1765 1365 exspectatis
1779 1307 1877 1348 vos
1891 1292 2064 1349 .ludaai

2261 1293 2470 1350 Εἶπατὲ
2497 1312 2587 1366 μοι
2606 1311 2623 1326 '
2653 1296 2745 1350 τὸν
2776 1297 3103 1369 εἰλημμένον
3127 1300 3188 1356 δν
3213 1304 3502 1376 ἐκδέχεσθε
3533 1310 3693 1381 ὑμεῖς
3717 1315 3761 1366 oi

522 1392 649 1463 quis
681 1380 1056 1447 essedebet?
1089 1387 1312 1444 Judaeus
1358 1386 1534 1458 legem
1582 1385 1783 1457 Moysis
1831 1399 2064 1455 sequens

2208 1386 2452 1442 Ἰουδαῖοι
2495 1388 2549 1441 τί
2599 1387 2788 1458 μέλλει
2825 1385 2964 1445 εἶναι
2994 1407 3009 1458 ;
3053 1394 3304 1460 Ἰουδαῖος
3336 1393 3451 1468 ἄρα
3482 1380 3763 1465 ἐξακολου-

519 1501 591 1540 an
621 1482 971 1540 Christianus
1000 1496 1272 1551 spernens
1305 1487 1362 1534 et
1389 1478 1803 1549 transgrediens
1828 1478 2005 1549 legem
2036 1491 2064 1531 e

2195 1475 2305 1532 θῶν
2326 1477 2416 1533 τὸν
2443 1478 2617 1551 νόμον
2642 1481 2940 1548 Μωῦσέως,
2971 1483 3005 1555 ἢ
3039 1485 3369 1557 Χριστιανὸς
3402 1498 3759 1563 καταφρονῶν

519 1575 791 1633 sacriﬁcia
819 1573 1087 1630 abolens?
1110 1572 1225 1628 scio
1246 1572 1393 1627 enim
1424 1570 1582 1627 vobis
1609 1569 1908 1625 dicendum
1927 1583 2050 1624 esse

2192 1569 2292 1624 καὶ
2315 1570 2672 1641 παραϐαίνων
2687 1572 2780 1626 τὸν
2799 1574 2966 1644 νόμον
2985 1577 3081 1631 καὶ
3110 1570 3209 1641 τὰς
3230 1579 3421 1646 θυσίας
3440 1585 3724 1640 καταλύων
3742 1632 3756 1654 ,

517 1668 741 1729 Iudaeus
783 1675 869 1724 est
897 1682 964 1723 ex
998 1665 1223 1731 Judaais,
1256 1662 1401 1719 ﬁlius
1441 1661 1614 1718 David
1658 1661 1837 1733 patris
1890 1659 2063 1716 nostri

2192 1655 2326 1717 Οἶδα
2356 1662 2488 1734 γὰρ,
2527 1665 2702 1717 εἰπεῖν
2730 1663 2904 1736 ἔχετε,
2932 1668 3015 1721 ὅτι
3052 1668 3309 1735 Ἰουδαῖός
3336 1675 3485 1727 ἐστιν
3518 1674 3579 1741 ἐξ
3626 1678 3757 1732 'lou-

514 1764 690 1836 legem
741 1772 993 1821 servans,
1024 1755 1295 1812 sacriﬁcia
1341 1763 1679 1809 restauranso
1721 1762 1779 1808 et
1836 1759 2064 1807 nostrun

2187 1753 2357 1809 δαίων
2383 1757 2413 1809 6
2440 1755 2555 1819 υἱὸς
2579 1756 2745 1811 Δαϐὶδ
2764 1757 2861 1815 τοῦ
2894 1759 3107 1830 πατρὸς
3143 1762 3319 1833 ὑμῶν,
3344 1765 3637 1833 φυλάττων
3666 1770 3757 1824 τὸν

513 1872 709 1929 genus.
734 1856 911 1911 Dicite
934 1853 1072 1908 mihi
1092 1870 1105 1907 ε
1128 1848 1271 1918 Quo:
1303 1847 1433 1907 anni
1457 1855 1590 1903 sunt
1612 1862 1643 1901 a
1674 1846 1850 1917 prima
1872 1844 2064 1901 Iudaeo

2187 1844 2370 1916 νόμον,
2396 1846 2765 1913 ὰνακαινίζων
2789 1849 2890 1912 τὰς
2931 1850 3125 1915 θυσίας
3150 1855 3244 1908 καὶ
3272 1856 3336 1909 τὸ
3368 1858 3529 1931 γένος
3554 1859 3708 1929 ὑμῶν
3738 1874 3759 1897 ο

512 1965 636 2004 rum
661 1947 982 2019 captivitate
1002 1946 1105 2013 sub
1128 1943 1639 2000 Nabuchodonosor
1671 1938 1873 1999 Persa?
1898 1937 2064 1997 dicer:

2186 1937 2282 1991 καὶ
2310 1937 2432 1996 εἰπέ
2490 1956 2603 2009 μοι,
2657 1940 2813 1994 πόσοι
2858 1942 3043 2011 χρόνοι
3079 1945 3219 1997 είσὶν
3268 1946 3377 2000 ἀπὸ
3402 1949 3502 2018 τῆς
3536 1952 3758 2021 πρώτης

507 2048 776 2109 possunt:
801 2038 947 2093 Mille
974 2022 1184 2092 anniet
1221 2035 1490 2106 amplius;
1525 2044 1582 2091 et
1612 2035 1687 2090 ita
1719 2035 1943 2106 quidem
1976 2043 2059 2090 est

2182 2028 2564 2103 αίχμαλωσίας
2589 2028 2702 2083 τῶν
2737 2029 3013 2086 Ἰουδαίων
3036 2033 3130 2086 ἐπὶ
3150 2034 3589 2106 Ναϐουχοδονόσο
3598 2057 3630 2111 ρ
3664 2042 3753 2095 τοῦ

506 2132 578 2187 Et
610 2132 699 2187 his
739 2131 865 2187 dico
900 2147 914 2185 :
950 2128 1168 2194 Videte,
1202 2128 1350 2199 quod
1384 2127 1623 2194 dixistis,
1653 2128 1933 2184 Christum
1982 2144 2064 2183 ve-

2181 2122 2434 2194 Πέρσου;
2466 2118 2684 2194 ἔχουσιν
2724 2121 2901 2178 εἰπεῖν
2943 2123 3025 2178 ὅτι
3072 2124 3221 2196 χίλια
3255 2126 3349 2198 ἔτη
3397 2131 3494 2183 καὶ
3526 2132 3711 2185 πλεῖον
3737 2149 3752 2164 ο

504 2233 679 2280 strum
704 2223 801 2295 qui
846 2222 999 2297 venit
1044 2220 1294 2278 Judaeum
1333 2236 1477 2289 esse,
1509 2229 1567 2277 et
1611 2222 1768 2276 illum
1809 2220 2064 2277 sacriﬁci:

2180 2215 2274 2269 καὶ
2294 2212 2469 2279 οὕτως
2495 2216 2611 2287 ἔχει
2634 2227 2651 2248 ⁸
2687 2213 2783 2270 καὶ
2808 2213 2930 2267 εἰπὲ
2954 2215 3167 2279 αὐτοῖς’
3194 2216 3433 2273 Βλέπετε
3458 2221 3510 2273 τί
3539 2224 3752 2286 εἴπατε,

502 2314 739 2371 Mosaica
786 2329 1057 2371 renovare
1114 2321 1172 2370 et
1222 2313 1534 2379 immolare,
1589 2321 1645 2368 et
1686 2314 1932 2368 nondum
1982 2327 2064 2367 ve-

2176 2307 2258 2361 ὅτι
2284 2308 2314 2360 6
2334 2307 2628 2378 ἐρχόμενος
2655 2305 2890 2380 Χριστὸς
2921 2306 3075 2381 ὑμῶν
3108 2306 3361 2373 Ἰουδαῖός
3383 2313 3523 2378 ἐστι,
3549 2314 3646 2367 καί⁵
3673 2315 3751 2369 ὅτι

501 2405 673 2473 nisse,
723 2416 779 2461 et
806 2392 856 2460 ha
901 2403 1416 2460 Nabuchodonosor
1464 2403 1687 2475 quando
1732 2412 1853 2459 erat
1889 2404 2064 2461 Daniel

2174 2396 2273 2459 τὰς
2303 2395 2498 2461 θυσίας
2521 2391 2634 2461 τὰς’
2655 2399 2957 2463 Μωσαῖκὰς
2988 2398 3329 2468 ἀνακαινίζει
3364 2403 3457 2457 καὶ
3477 2402 3620 2467 θύει,
3657 2406 3751 2457 καὶ

501 2497 794 2570 Babylone,
828 2496 977 2553 mille
1027 2504 1085 2552 et
1125 2496 1362 2566 amplius
1407 2510 1584 2551 annos
1633 2494 1944 2563 efﬂuxisse;
1981 2510 2064 2550 ve-

2174 2487 2256 2541 δτι
2289 2488 2475 2558 ἀκμὴν
2503 2488 2602 2540 οὐκ
2625 2480 2777 2557 ἦλθε,
2811 2489 2908 2542 καὶ
2937 2490 3020 2543 δτι
3040 2491 3511 2566 Ναϐουχοδονόσορ
3546 2493 3639 2551 ὅτε
3686 2491 3752 2568 ἦν

501 2605 623 2645 rum
665 2588 910 2644 dixistis.
957 2587 1100 2643 Audi
1145 2602 1277 2659 ergo
1322 2597 1569 2656 attente;
1612 2597 1673 2644 et
1709 2589 1777 2654 si,
1820 2598 1880 2663 ut
1910 2588 2064 2654 dicis,

2175 2579 2377 2651 Δανιὴλ
2402 2581 2460 2633 ὲν
2509 2579 2813 2646 Βαϐυλῶνι,
2842 2581 2993 2651 χίλια
3023 2581 3118 2653 ἐτη
3144 2584 3251 2636 είσὶ
3281 2584 3314 2655 ἢ
3372 2586 3558 2641 πλεῖον
3594 2603 3611 2621 ο
3656 2590 3750 2642 καὶ

496 2681 717 2737 Judaaus
743 2689 828 2737 est
855 2680 949 2751 qui
990 2678 1145 2736 venit
1173 2649 1450 2744 Christus,
1484 2649 1567 2736 et,
1590 2649 1861 2737 sacrificia
1907 2649 2064 2736 debet

2175 2649 2436 2741 ἀλήθειαν
2464 2671 2676 2725 εἴπατε.
2708 2649 2979 2725 Ἄκουσον
2997 2649 3252 2744 οὖν’άρτι
3287 2649 3555 2747 νουνεχῶς
3586 2695 3601 2710 ο
3656 2681 3750 2733 καὶ

496 2771 694 2844 legalia
739 2771 1070 2837 instituere,
1127 2778 1185 2825 et
1235 2769 1481 2825 nondum
1557 2770 1738 2836 venit,
1795 2771 2072 2841 quomodo

496 2863 688 2919 Daniel
721 2863 997 2934 propheta
1024 2860 1161 2916 dicit
1197 2861 1256 2918 in
1303 2861 1419 2917 suis
1450 2860 1775 2927 visionibus,
1808 2871 2071 2932 tanquam

495 2953 567 3009 ab
605 2952 938 3024 archangelo
970 2938 1210 3007 Gabriel
1255 2952 1548 3008 ediscens:
1600 2972 1620 3005 ‹
1664 2953 1746 3009 Ad
1790 2940 2069 3009 Christum

494 3034 701 3113 ducem
742 3034 1117 3103 hcbdomades
1176 3061 1451 3102 annorum
1494 3048 1843 3118 septuaginta
1876 3047 2072 3103 abbre-

494 3141 658 3196 viatae
708 3130 840 3195 sunt
880 3122 1374 3208 super'populum
1419 3146 1576 3192 tuum
1603 3148 1660 3194 et
1684 3154 1851 3208 super
1875 3139 2069 3195 urbem

494 3239 768 3294 sanctam,
817 3239 881 3284 ut
930 3214 1276 3299 compleatur
1321 3239 1608 3299 peccatum
1626 3228 1694 3284 ’⁷.
1734 3248 1754 3282 ι
1793 3228 1862 3285 Et
1903 3231 2070 3301 paulo

493 3308 652 3394 post:
688 3340 706 3373 ι
745 3320 815 3378 Ut
844 3319 1098 3390 signetur
1126 3312 1271 3375 visio
1297 3329 1353 3375 et
1388 3320 1693 3391 prophetae,
1713 3330 1770 3377 et
1792 3330 2069 3392 ungantur

492 3423 681 3491 sancta
710 3421 1048 3477 sanctorum,
1086 3423 1143 3469 et
1182 3412 1408 3468 tollatur
1435 3413 1765 3469 sacrificium
1792 3423 1849 3469 et
1872 3413 2067 3469 obser-

491 3506 645 3563 vatio
682 3494 902 3578 legis“;
944 3524 962 3557 ι
997 3504 1289 3561 Ostendite
1332 3520 1463 3577 ergo
1498 3496 1649 3562 nunc
1677 3506 1859 3573 nobis,
1889 3508 2069 3579 qualis

489 3599 749 3658 Christus
792 3584 1278 3661 veneritusanctus
1326 3607 1644 3653 sanctorum
1697 3607 1898 3655 unctus
1944 3609 2068 3669 post

491 3691 845 3764 septuaginta
890 3675 1292 3755 hedemadas,
1326 3690 1380 3745 id
1417 3699 1523 3754 est,
1549 3691 1981 3762 quadringentos
2011 3700 2069 3746 et

490 3781 797 3853 nonaginta
819 3794 995 3836 annos
1024 3795 1054 3835 a
1087 3766 1301 3844 Daniel,
1333 3780 1429 3850 qui
1470 3780 1802 3837 sacriﬁcium
1835 3790 1893 3838 et
1927 3782 2067 3853 legis

491 3873 933 3929 observationem
949 3872 1297 3946 abrogaverit
1311 3874 1334 3926 ?
1347 3873 1574 3940 Quando
1586 3874 1864 3929 sublatum
1881 3883 1965 3930 est
1980 3858 2087 3929 sa-I

2172 2762 2285 2828 ἐὰν,
2319 2762 2398 2823 ὡς
2449 2762 2651 2832 λέγεις,
2667 2762 2921 2827 Ἰουδαῖός
2983 2765 3133 2818 ἐστιν
3174 2756 3222 2836 ὃς
3254 2767 3556 2837 ἐρχόμενος
3612 2772 3746 2841 Χρι-

2172 2852 2440 2916 στδς,καὶ
2474 2852 2664 2918 θυσίας
2716 2854 2901 2924 μέλλει
2953 2855 3188 2925 νομικὰς
3241 2858 3488 2927 ποιῆσαι,
3515 2861 3613 2913 καὶ
3666 2864 3747 2915 ὅτι

2170 2941 2355 3015 ἀκμὴν
2400 2944 2503 2998 οὐκ
2554 2941 2711 3016 ἦλθε,
2743 2945 2860 3010 πῶς
2886 2946 3083 3019 Δανιὴλ
3110 2949 3140 3001 6
3175 2950 3463 3021 προφήτης
3491 2951 3643 3019 λέγει
3692 2956 3747 3008 ὲν

2170 3037 2290 3098 ταῖς
2320 3034 2490 3089 αὑτοῦ
2514 3034 2787 3107 όράσεσιν,
2815 3036 2892 3100 ὡς
2919 3040 2948 3091 ὁ
2973 3039 3310 3111 ἀρχάγγελος
3342 3040 3583 3114 Γαϐριὴλ
3616 3062 3747 3098 suv-

2170 3127 2363 3190 ετίζων
2390 3126 2565 3192 οὕτως
2598 3144 2614 3160 ⁸
2652 3144 2689 3187 ιη
2714 3129 2861 3192 Ἕως
2885 3130 3123 3201 Χριστοῦ
3153 3133 3419 3203 ἡγεμόνος
3448 3134 3746 3205 ἑϐδομάδες

2168 3217 2306 3271 ὲτῶν
2332 3218 2706 3290 ἐϐδομήκοντα
2735 3220 3047 3291 συνετμήθη
3073 3223 3166 3283 ἐπὶ
3210 3223 3303 3276 τοῦ
3334 3223 3466 3278 λαοῦ
3503 3242 3598 3278 σου
3651 3230 3747 3280 καὶ

2168 3310 2263 3363 ἐπὶ
2290 3311 2391 3382 τὴν
2428 3310 2585 3365 πόλιν
2612 3312 2711 3383 τὴν
2739 3310 2902 3380 ἁγίαν
2947 3312 3042 3366 τοῦ
3096 3315 3515 3387 συντελεσθῆναι
3557 3319 3744 3390 ἁμαρ-

2166 3402 2311 3456 τίαν.
2357 3420 2376 3455 »
2415 3403 2526 3457 Καὶ
2559 3405 2678 3474 μετ’
2705 3403 2865 3473 ὀλίγα
2890 3420 2904 3435 ·
2948 3421 2970 3456 ι
3007 3406 3120 3459 Καὶ
3150 3406 3243 3460 τοῦ
3278 3409 3577 3479 σφραγίσαι
3612 3412 3745 3481 δρα-

2170 3513 2254 3549 σιν
2305 3495 2399 3550 καὶ
2435 3498 2744 3567 προφήτας,
2770 3498 2862 3550 καὶ
2900 3496 2996 3550 τοῦ
3037 3498 3222 3567 χρίσαι
3255 3501 3388 3568 ἅγια
3418 3501 3612 3569 ἁγίων,
3646 3503 3741 3556 τοῦ

2166 3589 2516 3659 καταργῆσαι
2583 3590 2686 3660 τὴν
2744 3589 2935 3645 θυσίαν
2999 3593 3094 3645 καὶ
3153 3591 3252 3664 τὴν
3334 3595 3575 3666 σπουδὴν
3641 3597 3743 3662 τὴν

2166 3677 2471 3748 νομικὴν.»
2498 3675 2722 3742 Δείξατε
2776 3677 2872 3731 οὖν
2914 3681 3047 3751 ἡμῖν
3096 3681 3259 3751 ἄρτι.
3300 3686 3453 3745 ποῖος
3504 3686 3743 3754 Χριστὸς

2164 3763 2297 3838 ἦλθε
2339 3769 2581 3839 χρισθεὶς
2610 3769 2767 3839 ἅγιος
2810 3770 2984 3838 ἁγίων
3034 3772 3174 3841 μετὰ
3219 3776 3319 3839 τὰς
3362 3776 3741 3847 ἐϐδομήκοντα

2166 3859 2469 3931 ἑϐδομάδας
2494 3899 2510 3924 ,
2540 3860 2792 3914 τουτέστι
2825 3863 2964 3932 μετὰ
3022 3866 3348 3934 τετρακόσια
3404 3868 3737 3938 ἐνενήκοντα

490 3964 757 4021 criﬁcium
771 3974 826 4019 et
838 3962 975 4035 legis
986 3962 1302 4018 observatio
1318 3964 1341 4017 Ἰ
1358 3962 1414 4017 Si
1441 3963 1606 4036 igitur
1619 3980 1726 4019 non
1749 3964 2060 4019 mentimini

2167 3949 2262 4021 ἔτη
2312 3950 2422 4005 ἀπὸ
2452 3950 2675 4022 Δανιὴλ,
2702 3953 3062 4022 καταργήσας
3108 3954 3206 4026 τὴν
3251 3955 3437 4012 θυσίαν
3497 3960 3594 4013 καὶ
3636 3961 3738 4029 τὴν

490 4057 741 4112 dicentes
768 4054 1018 4109 nondum
1055 4054 1274 4110 venisse
1314 4053 1615 4120 Christum,
1643 4056 1739 4111 sed
1766 4064 2061 4112 venturum

2165 4043 2442 4113 νομικήν;
2490 4043 2588 4097 καὶ
2637 4044 2769 4099 πότε
2818 4044 2962 4116 ήρθη
3031 4046 3067 4115 ή
3139 4047 3342 4120 σπουδὴ
3398 4051 3496 4103 καὶ
3550 4052 3585 4120 ή
3645 4051 3739 4103 Ou-

489 4134 940 4215 esse,ostendite
979 4145 1143 4201 nobis
1195 4145 1375 4216 qualis
1414 4144 1671 4202 Christus
1708 4147 1897 4221 venit,
1937 4158 2064 4218 post

489 4228 924 4309 quadringentos
947 4246 1003 4292 et
1026 4238 1323 4308 nonaginta
1350 4253 1523 4293 annos
1550 4254 1579 4293 a
1605 4238 1816 4304 Daniel,
1837 4228 2079 4296 sanctus

488 4317 854 4401 sanctorum?
886 4329 1108 4384 Nullum
1137 4337 1320 4383 autem
1356 4329 1523 4384 alium
1554 4329 1727 4386 habes
1763 4331 2061 4386 ostenden-

488 4425 618 4477 dum
654 4423 773 4477 haec
803 4416 1121 4486 facientem,
1154 4421 1263 4474 nisi
1300 4420 1485 4476 Jesum
1533 4416 1813 4476 Christum
1861 4422 2058 4478 Filium

489 4514 606 4571 Dei.
634 4515 704 4571 Et
733 4528 953 4569 rursum
976 4513 1045 4575 si,
1074 4529 1205 4569 vera
1233 4513 1546 4584 loquentes.
1578 4512 1762 4569 dicitis
1790 4514 2060 4570 sacrilicia

488 4603 702 4666 institti
751 4603 945 4675 legalia
991 4602 1197 4658 debere
1245 4603 1314 4658 ab
1354 4603 1449 4658 illo
1487 4604 1583 4674 qui
1629 4605 1780 4659 venit
1838 4605 2060 4660 Christo

486 4695 600 4749 Deo
646 4699 859 4757 nostro,
890 4690 1080 4746 Daniel
1109 4699 1300 4746 contra
1326 4686 1593 4746 mentitur
1625 4691 1814 4747 dicens
1839 4692 2060 4748 Christo

485 4786 747 4843 veniente
780 4772 1141 4853 auferendum
1175 4798 1299 4840 esse
1330 4783 1659 4839 sacriﬁcium
1700 4794 1756 4839 et
1792 4784 2058 4839 observa-

486 4864 807 4931 tionemXSi
833 4862 1127 4947 nos‘igit’ur
1156 4888 1403 4928 erramus
1423 4887 1626 4927 novum
1655 4872 1860 4929 Christi
1891 4882 2058 4929 testa-

487 4958 734 5023 mentum
772 4956 1140 5038 possidentes,
1171 4974 1226 5021 et
1269 4974 1453 5021 vester
1479 4964 1733 5020 Christus
1758 4965 1851 5035 qui
1884 4964 2054 5030 venit,

485 5046 646 5116 vetus
690 5067 1081 5129 testamentum
1131 5067 1187 5114 et
1226 5060 1400 5129 legem
1453 5058 1653 5131 Moysis
1695 5068 1946 5123 renovat,
1998 5068 2059 5114 ut

485 5152 694 5215 dicitis,
712 5150 807 5206 ubi
834 5149 1054 5206 demum
1082 5154 1383 5222 quaerimus
1409 5159 1798 5207 testamentum
1832 5151 2057 5208 illud‘de

485 5256 597 5312 quo
648 5236 789 5298 dixit
823 5242 968 5299 Deus
993 5260 1092 5313 per
1124 5244 1419 5298 Jercmiain
1464 5244 1826 5313 prophetam:
1867 5265 1882 5297 ι
1915 5245 2056 5301 Ecce

2166 4135 2256 4188 σία
2290 4134 2386 4188 τοῦ
2424 4136 2591 4205 νόμου
2620 4152 2635 4201 ;
2670 4137 2737 4191 El
2791 4136 2885 4191 οὖν
2906 4137 2966 4191 οὐ
3025 4136 3288 4207 ψεύδεσθε
3334 4139 3618 4208 λέγοντες,
3649 4142 3734 4194 ὅτι

2162 4224 2315 4279 οὓπω
2346 4221 2508 4297 ἦλθεν
2534 4229 2562 4280 6
2614 4226 2870 4297 Χριστὸς,
2901 4227 3040 4282 ἀλλὰ
3098 4229 3302 4299 μέλλει,
3334 4230 3546 4294 δείξατε
3598 4234 3734 4301 ήμίν

2163 4319 2322 4380 ποῖος
2344 4317 2581 4388 Χριστὸς
2606 4314 2739 4389 ἦλθε
2767 4318 2914 4388 μετὰ
2932 4321 3263 4390 τετρακόσια
3282 4322 3608 4392 ἐνενήκοντα
3636 4323 3729 4392 ἐτη

2161 4407 2256 4461 τοῦ
2281 4407 2489 4479 Δανιὴλ
2512 4407 2668 4477 ἅγιος
2690 4408 2896 4477 ἀγίωνς
2939 4409 3078 4462 Ἀλλ’
3107 4411 3209 4463 οὐκ
3234 4410 3391 4480 ἔχεις.
3413 4412 3575 4466 ἄλλον
3610 4414 3733 4465 τινὰ

2160 4498 2329 4566 δεῖξαι
2376 4498 2535 4552 τοῦτο
2593 4500 2916 4570 ποιήσαντα,
2944 4502 2994 4553 εί
3024 4502 3098 4572 μὴ
3137 4502 3343 4571 Ἰησοῦν
3368 4503 3602 4574 Χριστὸν
3641 4504 3732 4557 τὸν

2162 4588 2289 4643 Υίδν
2317 4588 2412 4642 τοῦ
2442 4586 2600 4643 Θεοῦ.
2632 4587 2746 4642 Καὶ
2768 4588 2953 4653 πάλιν,
2983 4591 3033 4645 εί
3063 4590 3621 4660 ἀληθεύοντεςλέγετε
3648 4594 3727 4645 ὅτι

2162 4678 2350 4741 θυσίας
2374 4678 2557 4748 μέλλει
2593 4680 2767 4732 ποιεῖν
2795 4680 3026 4750 νομικὰς
3057 4681 3087 4733 ὁ
3122 4683 3415 4752 ἐρχόμενος
3436 4683 3669 4755 Χριστὸς
3699 4687 3726 4737 ὁ

2159 4771 2293 4833 Θεὸς
2350 4768 2527 4840 ήμῶν,
2572 4768 2768 4843 λοιπὸν⁵
2806 4770 3009 4841 Δανιὴλ
3070 4771 3325 4841 ψεύδεται
3389 4775 3598 4841 λέγων,
3648 4776 3721 4830 ὅτι

2164 4860 2455 4932 «Χριστοῦ
2491 4860 2790 4932 ἐρχομένου
2829 4860 3135 4939 ἀρθήσεται
3159 4862 3321 4921 θυσία
3347 4865 3715 4933 καὶσπουδή.»

2158 4956 2271 5029 Kal.
2298 4956 2349 5007 εὶ
2405 4953 2527 5024 ἄρα,
2555 4955 2717 5024 ἡμεῖς
2750 4955 3309 5031 παρανομοῦμεντὴν
3361 4957 3490 5009 νέαν
3541 4957 3722 5027 διοιθή⁸

2158 5063 2261 5117 κήν
2280 5044 2377 5100 τοῦ
2407 5042 2645 5115 Χριστοῦ
2677 5044 3021 5115 κατέχοντες,
3053 5048 3148 5105 καὶ
3176 5046 3205 5098 6
3246 5046 3538 5121 ἐρχόμενος
3596 5046 3721 5111 Χρι-

2160 5137 2282 5199 στὸς
2306 5136 2458 5208 ὑμῶν
2480 5135 2578 5206 τὴν
2602 5135 2837 5209 παλαιὰν
2863 5136 2959 5193 καὶ
2990 5137 3089 5195 τὸν
3108 5138 3271 5206 νόμον
3291 5137 3571 5200 Μωῦσέως
3595 5137 3717 5190 ἀνα-

2157 5230 2411 5295 καινίζει,
2451 5229 2523 5291 ὡς
2549 5228 2738 5296 λέγετε
2760 5242 2774 5258 ο
2825 5228 2929 5299 ποῦ
2963 5228 3147 5287 λοιπὸν
3176 5228 3447 5300 ζητοῦμεν
3473 5230 3571 5299 τὴν
3615 5228 3719 5280 δια-

484 5336 603 5393 dics
623 5327 877 5405 veniunt,
910 5347 966 5389 et
994 5345 1231 5391 statuam
1259 5336 1449 5391 domui
1472 5337 1636 5391 lsrael
1666 5346 2054 5393 testamentum

2164 5323 2331 5393 θήκην
2388 5320 2605 5393 ἐκείνην
2635 5320 2753 5397 τὴν,
2789 5317 3011 5395 περὶῆς
3060 5317 3214 5377 εἶπεν
3238 5323 3265 5375 ὁ
3289 5316 3429 5383 Θεὸς
3453 5321 3519 5373 δι’
3569 5318 3715 5389 Ἰερεο

484 5442 708 5494 novum,
743 5442 857 5482 non
901 5428 1208 5482 secundum
1260 5437 1649 5483 testamentum
1704 5431 1851 5499 quod
1888 5432 2054 5486 statui

483 5519 965 5590 patribuseorum,
979 5521 1200 5591 quando
1220 5521 1383 5576 eduxi
1401 5537 1497 5577 eos
1511 5537 1542 5577 ε
1560 5533 1701 5577 terra
1714 5522 1929 5595 Egypti
1943 5527 1986 5559 ⁸⁸
2000 5526 2051 5579 Ῡι

554 5675 594 5707 θ’
617 5674 752 5730 Dan.
774 5690 848 5742 ιχ,
873 5674 961 5729 21.
1038 5677 1080 5708 9“
1102 5675 1239 5731 Ibid.
1319 5675 1577 5732 "Jerem.
1600 5695 1721 5745 xxx,
1753 5678 1942 5746 3|,52.

2164 5416 2285 5483 μίου
2323 5411 2739 5482 τοῢκπρρφήτου
2774 5428 2790 5444 ’
2827 5431 2846 5465 ι
2892 5413 3022 5487 Ἰδοὺ
3049 5413 3255 5483 ήμέραι
3304 5412 3587 5482 ἔρχονται,
3627 5409 3715 5463 καὶ

2157 5506 2483 5578 διαθήσομαι
2540 5505 2627 5579 τῷ
2678 5506 2813 5587 οίκῳ
2856 5503 3079 5577 Ἰσραὴλ
3097 5504 3363 5575 διαθήκην
3401 5502 3627 5573 καινὴν,
3657 5499 3715 5553 οὐ
