  <div class='ocr_page' id='page_1' title='image "/cluster/home/n/w/nwhite01/storage/ocr_20150623/89/hvd.32044010610574/628.png"; bbox 0 0 4072 6520; ppageno 0'>
   <div class='ocr_carea' id='block_1_1' title="bbox 263 274 393 343">
    <p class='ocr_par' dir='ltr' id='par_1_1' title="bbox 263 274 393 343">
     <span class='ocr_line' id='line_1_1' title="bbox 263 274 393 343; baseline 0.023 -3"><span class='ocrx_word' id='word_1_1' title='bbox 263 274 393 343; x_wconf 73' lang='grc'><strong>1241</strong></span> 
     </span>
    </p>
   </div>
   <div class='ocr_carea' id='block_1_2' title="bbox 1282 287 2542 355">
    <p class='ocr_par' dir='ltr' id='par_1_2' title="bbox 1282 287 2542 355">
     <span class='ocr_line' id='line_1_2' title="bbox 1282 287 2542 355; baseline 0.003 -7"><span class='ocrx_word' id='word_1_2' title='bbox 1282 287 1741 351; x_wconf 79' lang='lat' dir='ltr'><strong>DISPUTATIO</strong></span> <span class='ocrx_word' id='word_1_3' title='bbox 1777 289 2174 354; x_wconf 79' lang='lat' dir='ltr'><strong>ADVERSUS</strong></span> <span class='ocrx_word' id='word_1_4' title='bbox 2207 288 2542 355; x_wconf 62' lang='lat' dir='ltr'><strong>JUDAIOS.</strong></span> 
     </span>
    </p>
   </div>
   <div class='ocr_carea' id='block_1_3' title="bbox 3367 287 3515 377">
    <p class='ocr_par' dir='ltr' id='par_1_3' title="bbox 3367 287 3515 377">
     <span class='ocr_line' id='line_1_3' title="bbox 3367 287 3515 377; baseline 0.014 -24"><span class='ocrx_word' id='word_1_5' title='bbox 3367 287 3515 377; x_wconf 67' lang='lat'><strong>1242</strong></span> 
     </span>
    </p>
   </div>
   <div class='ocr_carea' id='block_1_4' title="bbox 260 385 1832 473">
    <p class='ocr_par' dir='ltr' id='par_1_4' title="bbox 260 385 1830 471">
     <span class='ocr_line' id='line_1_4' title="bbox 260 385 1830 471; baseline 0.008 -29"><span class='ocrx_word' id='word_1_6' title='bbox 260 385 525 461; x_wconf 68' lang='grc' dir='ltr'><strong>κατατίιῖν</strong></span> <span class='ocrx_word' id='word_1_7' title='bbox 559 388 823 463; x_wconf 75' lang='grc' dir='ltr'><strong>διαθήκην</strong></span> <span class='ocrx_word' id='word_1_8' title='bbox 846 392 920 464; x_wconf 67' lang='grc' dir='ltr'><strong>ἢν</strong></span> <span class='ocrx_word' id='word_1_9' title='bbox 962 392 1220 467; x_wconf 82' lang='grc' dir='ltr'><strong>διεθέμην</strong></span> <span class='ocrx_word' id='word_1_10' title='bbox 1263 400 1378 462; x_wconf 75' lang='grc' dir='ltr'><strong>τοῖς</strong></span> <span class='ocrx_word' id='word_1_11' title='bbox 1414 400 1691 471; x_wconf 77' lang='grc' dir='ltr'><strong>πατράσιν</strong></span> <span class='ocrx_word' id='word_1_12' title='bbox 1729 401 1830 454; x_wconf 63' lang='grc' dir='ltr'><strong>αὐσ</strong></span> 
     </span>
    </p>
   </div>
   <div class='ocr_carea' id='block_1_5' title="bbox 1929 385 3516 473">
    <p class='ocr_par' dir='ltr' id='par_1_5' title="bbox 1935 398 3516 473">
     <span class='ocr_line' id='line_1_5' title="bbox 1935 398 3516 473; baseline -0.002 -15"><span class='ocrx_word' id='word_1_13' title='bbox 1935 401 2154 458; x_wconf 89' lang='lat' dir='ltr'><strong>Etenim</strong></span> <span class='ocrx_word' id='word_1_14' title='bbox 2191 409 2490 472; x_wconf 75' lang='lat' dir='ltr'><strong>postquam</strong></span> <span class='ocrx_word' id='word_1_15' title='bbox 2531 399 2653 459; x_wconf 60' lang='lat' dir='ltr'><strong>illis;</strong></span> <span class='ocrx_word' id='word_1_16' title='bbox 2682 400 2859 473; x_wconf 68' lang='lat' dir='ltr'><strong>legem</strong></span> <span class='ocrx_word' id='word_1_17' title='bbox 2895 398 3163 465; x_wconf 74' lang='lat' dir='ltr'><strong>dedisset,</strong></span> <span class='ocrx_word' id='word_1_18' title='bbox 3194 399 3333 456; x_wconf 86' lang='lat' dir='ltr'><strong>dixit</strong></span> <span class='ocrx_word' id='word_1_19' title='bbox 3360 401 3516 458; x_wconf 85' lang='lat' dir='ltr'><strong>Deus.</strong></span> 
     </span>
    </p>
   </div>
   <div class='ocr_carea' id='block_1_6' title="bbox 250 477 1834 560">
    <p class='ocr_par' dir='ltr' id='par_1_6' title="bbox 250 477 1834 560">
     <span class='ocr_line' id='line_1_6' title="bbox 250 477 1834 560; baseline 0.006 -25"><span class='ocrx_word' id='word_1_20' title='bbox 250 477 383 543; x_wconf 76' lang='grc' dir='ltr'><strong>τῶν,</strong></span> <span class='ocrx_word' id='word_1_21' title='bbox 412 479 576 551; x_wconf 76' lang='grc' dir='ltr'><strong>ἡνίκα</strong></span> <span class='ocrx_word' id='word_1_22' title='bbox 631 481 901 553; x_wconf 65' lang='grc' dir='ltr'><strong>ἐξήγαγον</strong></span> <span class='ocrx_word' id='word_1_23' title='bbox 948 485 1149 547; x_wconf 81' lang='grc' dir='ltr'><strong>αὐτοὺς</strong></span> <span class='ocrx_word' id='word_1_24' title='bbox 1200 487 1267 541; x_wconf 83' lang='grc' dir='ltr'><strong>ὲκ</strong></span> <span class='ocrx_word' id='word_1_25' title='bbox 1310 489 1414 560; x_wconf 89' lang='grc' dir='ltr'><strong>γῆς</strong></span> <span class='ocrx_word' id='word_1_26' title='bbox 1440 490 1723 558; x_wconf 76' lang='grc' dir='ltr'><strong>Αἰγύπτου</strong></span> <span class='ocrx_word' id='word_1_27' title='bbox 1752 507 1769 557; x_wconf 86' lang='grc'>;</span> <span class='ocrx_word' id='word_1_28' title='bbox 1803 510 1834 543; x_wconf 74' lang='grc' dir='ltr'><strong>ι.</strong></span> 
     </span>
    </p>
   </div>
   <div class='ocr_carea' id='block_1_7' title="bbox 252 567 1836 647">
    <p class='ocr_par' dir='ltr' id='par_1_7' title="bbox 252 567 1836 647">
     <span class='ocr_line' id='line_1_7' title="bbox 252 567 1836 647; baseline 0.008 -27"><span class='ocrx_word' id='word_1_29' title='bbox 252 567 397 638; x_wconf 79' lang='grc' dir='ltr'><strong>μετά</strong></span> <span class='ocrx_word' id='word_1_30' title='bbox 452 567 564 640; x_wconf 81' lang='grc' dir='ltr'><strong>γὰρ</strong></span> <span class='ocrx_word' id='word_1_31' title='bbox 617 569 680 623; x_wconf 80' lang='grc' dir='ltr'><strong>τὸ</strong></span> <span class='ocrx_word' id='word_1_32' title='bbox 722 571 945 643; x_wconf 86' lang='grc' dir='ltr'><strong>δοθῆναι</strong></span> <span class='ocrx_word' id='word_1_33' title='bbox 1005 574 1191 639; x_wconf 83' lang='grc' dir='ltr'><strong>αὐτοῖς</strong></span> <span class='ocrx_word' id='word_1_34' title='bbox 1243 575 1336 630; x_wconf 81' lang='grc' dir='ltr'><strong>τὸν</strong></span> <span class='ocrx_word' id='word_1_35' title='bbox 1381 576 1581 647; x_wconf 90' lang='grc' dir='ltr'><strong>νόμον,</strong></span> <span class='ocrx_word' id='word_1_36' title='bbox 1620 576 1836 633; x_wconf 81' lang='grc' dir='ltr'><strong>εἰπενό</strong></span> 
     </span>
    </p>
   </div>
   <div class='ocr_carea' id='block_1_8' title="bbox 250 658 1835 740">
    <p class='ocr_par' dir='ltr' id='par_1_8' title="bbox 250 658 1835 740">
     <span class='ocr_line' id='line_1_8' title="bbox 250 658 1835 740; baseline 0.007 -28"><span class='ocrx_word' id='word_1_37' title='bbox 250 658 386 723; x_wconf 81' lang='grc' dir='ltr'><strong>Θεὸς</strong></span> <span class='ocrx_word' id='word_1_38' title='bbox 439 659 528 714; x_wconf 86' lang='grc' dir='ltr'><strong>διὰ</strong></span> <span class='ocrx_word' id='word_1_39' title='bbox 586 660 812 717; x_wconf 78' lang='grc' dir='ltr'><strong>Ἡσαΐου</strong></span> <span class='ocrx_word' id='word_1_40' title='bbox 861 665 959 718; x_wconf 73' lang='grc' dir='ltr'><strong>καὶ</strong></span> <span class='ocrx_word' id='word_1_41' title='bbox 1011 666 1257 737; x_wconf 84' lang='grc' dir='ltr'><strong>Μιχαίου</strong></span> <span class='ocrx_word' id='word_1_42' title='bbox 1310 667 1421 721; x_wconf 80' lang='grc' dir='ltr'><strong>τῶν</strong></span> <span class='ocrx_word' id='word_1_43' title='bbox 1487 668 1782 740; x_wconf 79' lang='grc' dir='ltr'><strong>προφητῶν</strong></span> <span class='ocrx_word' id='word_1_44' title='bbox 1814 686 1835 713; x_wconf 75' lang='grc' dir='ltr'><strong>ἰ</strong></span> 
     </span>
    </p>
   </div>
   <div class='ocr_carea' id='block_1_9' title="bbox 255 752 1832 831">
    <p class='ocr_par' dir='ltr' id='par_1_9' title="bbox 255 752 1832 831">
     <span class='ocr_line' id='line_1_9' title="bbox 255 752 1832 831; baseline 0.008 -30"><span class='ocrx_word' id='word_1_45' title='bbox 255 769 274 801; x_wconf 82' lang='grc' dir='ltr'><strong>ι</strong></span> <span class='ocrx_word' id='word_1_46' title='bbox 310 752 432 805; x_wconf 89' lang='grc' dir='ltr'><strong>Ὅτι</strong></span> <span class='ocrx_word' id='word_1_47' title='bbox 459 753 526 805; x_wconf 76' lang='grc' dir='ltr'><strong>ἐκ</strong></span> <span class='ocrx_word' id='word_1_48' title='bbox 564 752 703 809; x_wconf 85' lang='grc' dir='ltr'><strong>Σιὼν</strong></span> <span class='ocrx_word' id='word_1_49' title='bbox 732 754 1079 820; x_wconf 77' lang='grc' dir='ltr'><strong>ἐξελεύσεται</strong></span> <span class='ocrx_word' id='word_1_50' title='bbox 1100 759 1290 829; x_wconf 88' lang='grc' dir='ltr'><strong>νόμος,</strong></span> <span class='ocrx_word' id='word_1_51' title='bbox 1319 759 1413 813; x_wconf 80' lang='grc' dir='ltr'><strong>καὶ</strong></span> <span class='ocrx_word' id='word_1_52' title='bbox 1434 759 1593 829; x_wconf 82' lang='grc' dir='ltr'><strong>λόγος</strong></span> <span class='ocrx_word' id='word_1_53' title='bbox 1622 761 1832 831; x_wconf 78' lang='grc' dir='ltr'><strong>Κυρίου</strong></span> 
     </span>
    </p>
   </div>
   <div class='ocr_carea' id='block_1_10' title="bbox 250 840 1831 921">
    <p class='ocr_par' dir='ltr' id='par_1_10' title="bbox 250 840 1831 921">
     <span class='ocr_line' id='line_1_10' title="bbox 250 840 1831 921; baseline 0.008 -28"><span class='ocrx_word' id='word_1_54' title='bbox 250 840 311 906; x_wconf 71' lang='grc' dir='ltr'>ἐξ</span> <span class='ocrx_word' id='word_1_55' title='bbox 347 841 737 916; x_wconf 83' lang='grc' dir='ltr'><strong>Ἰερουσαλήμ·</strong></span> <span class='ocrx_word' id='word_1_56' title='bbox 783 846 973 903; x_wconf 75' lang='grc' dir='ltr'><strong>»ὥστε</strong></span> <span class='ocrx_word' id='word_1_57' title='bbox 1003 848 1099 903; x_wconf 87' lang='grc' dir='ltr'><strong>τοῦ</strong></span> <span class='ocrx_word' id='word_1_58' title='bbox 1123 849 1361 921; x_wconf 83' lang='grc' dir='ltr'><strong>Χριστοῦ</strong></span> <span class='ocrx_word' id='word_1_59' title='bbox 1390 850 1639 915; x_wconf 72' lang='grc' dir='ltr'><strong>ἐλθόντος</strong></span> <span class='ocrx_word' id='word_1_60' title='bbox 1668 852 1831 916; x_wconf 71' lang='grc' dir='ltr'><strong>αὐτὸς</strong></span> 
     </span>
    </p>
   </div>
   <div class='ocr_carea' id='block_1_11' title="bbox 248 933 1774 1014">
    <p class='ocr_par' dir='ltr' id='par_1_11' title="bbox 248 933 1774 1014">
     <span class='ocr_line' id='line_1_11' title="bbox 248 933 1774 1014; baseline 0.005 -25"><span class='ocrx_word' id='word_1_61' title='bbox 248 933 341 989; x_wconf 71' lang='grc' dir='ltr'><strong>τὸν</strong></span> <span class='ocrx_word' id='word_1_62' title='bbox 378 935 497 989; x_wconf 85' lang='grc' dir='ltr'><strong>νέον</strong></span> <span class='ocrx_word' id='word_1_63' title='bbox 521 936 689 1004; x_wconf 87' lang='grc' dir='ltr'><strong>νόμον</strong></span> <span class='ocrx_word' id='word_1_64' title='bbox 722 938 900 1009; x_wconf 80' lang='grc' dir='ltr'><strong>ῆγαγε</strong></span> <span class='ocrx_word' id='word_1_65' title='bbox 929 941 1029 1011; x_wconf 25' lang='grc' dir='ltr'>καὶ.</span> <span class='ocrx_word' id='word_1_66' title='bbox 1051 942 1147 996; x_wconf 82' lang='grc' dir='ltr'><strong>τὸν</strong></span> <span class='ocrx_word' id='word_1_67' title='bbox 1172 942 1402 997; x_wconf 82' lang='grc' dir='ltr'><strong>παλαιὸν</strong></span> <span class='ocrx_word' id='word_1_68' title='bbox 1431 942 1774 1014; x_wconf 74' lang='grc' dir='ltr'><strong>ἐπλήρωσεν.</strong></span> 
     </span>
    </p>
   </div>
   <div class='ocr_carea' id='block_1_12' title="bbox 276 1026 1835 1106">
    <p class='ocr_par' dir='ltr' id='par_1_12' title="bbox 276 1026 1835 1106">
     <span class='ocr_line' id='line_1_12' title="bbox 276 1026 1835 1106; baseline 0.007 -28"><span class='ocrx_word' id='word_1_69' title='bbox 276 1074 277 1077; x_wconf 46' lang='grc' dir='ltr'><strong>η</strong></span> <span class='ocrx_word' id='word_1_70' title='bbox 329 1026 395 1080; x_wconf 91' lang='lat'><strong>&#39;0</strong></span> <span class='ocrx_word' id='word_1_71' title='bbox 427 1027 741 1097; x_wconf 77' lang='grc' dir='ltr'><strong>ἰουδαῖοςο</strong></span> <span class='ocrx_word' id='word_1_72' title='bbox 779 1031 876 1094; x_wconf 81' lang='grc' dir='ltr'><strong>Εἰς</strong></span> <span class='ocrx_word' id='word_1_73' title='bbox 908 1032 1197 1103; x_wconf 73' lang='grc' dir='ltr'><strong>ἄνθρωπον</strong></span> <span class='ocrx_word' id='word_1_74' title='bbox 1229 1035 1707 1106; x_wconf 81' lang='grc' dir='ltr'><strong>πεφουρκισμένον</strong></span> <span class='ocrx_word' id='word_1_75' title='bbox 1735 1035 1835 1089; x_wconf 75' lang='grc' dir='ltr'><strong>καὶ</strong></span> 
     </span>
    </p>
   </div>
   <div class='ocr_carea' id='block_1_13' title="bbox 248 1117 1832 1193">
    <p class='ocr_par' dir='ltr' id='par_1_13' title="bbox 248 1117 1832 1193">
     <span class='ocr_line' id='line_1_13' title="bbox 248 1117 1832 1193; baseline 0.006 -22"><span class='ocrx_word' id='word_1_76' title='bbox 248 1117 542 1179; x_wconf 77' lang='grc' dir='ltr'><strong>κατάδικον</strong></span> <span class='ocrx_word' id='word_1_77' title='bbox 570 1119 845 1189; x_wconf 74' lang='grc' dir='ltr'><strong>ἐλπίζετε,</strong></span> <span class='ocrx_word' id='word_1_78' title='bbox 878 1124 931 1175; x_wconf 72' lang='lat' dir='ltr'><strong>oi</strong></span> <span class='ocrx_word' id='word_1_79' title='bbox 952 1124 1290 1192; x_wconf 82' lang='grc' dir='ltr'><strong>Χριστιανοί.</strong></span> <span class='ocrx_word' id='word_1_80' title='bbox 1328 1155 1400 1166; x_wconf 89' lang='grc'><strong><em>-</em></strong></span> <span class='ocrx_word' id='word_1_81' title='bbox 1450 1125 1514 1179; x_wconf 84' lang='lat'><strong>&#39;0</strong></span> <span class='ocrx_word' id='word_1_82' title='bbox 1558 1128 1832 1193; x_wconf 78' lang='grc' dir='ltr'><strong>Χριστιαο</strong></span> 
     </span>
    </p>
   </div>
   <div class='ocr_carea' id='block_1_14' title="bbox 245 1210 1831 1288">
    <p class='ocr_par' dir='ltr' id='par_1_14' title="bbox 245 1210 1831 1288">
     <span class='ocr_line' id='line_1_14' title="bbox 245 1210 1831 1288; baseline 0.004 -25"><span class='ocrx_word' id='word_1_83' title='bbox 245 1210 389 1276; x_wconf 63' lang='grc' dir='ltr'><strong>πός’</strong></span> <span class='ocrx_word' id='word_1_84' title='bbox 423 1210 630 1265; x_wconf 76' lang='grc' dir='ltr'><strong>Τίίὲστι</strong></span> <span class='ocrx_word' id='word_1_85' title='bbox 673 1212 1005 1287; x_wconf 78' lang='grc' dir='ltr'><strong>τιμιώτερον</strong></span> <span class='ocrx_word' id='word_1_86' title='bbox 1049 1216 1203 1287; x_wconf 89' lang='grc' dir='ltr'><strong>παρά</strong></span> <span class='ocrx_word' id='word_1_87' title='bbox 1247 1216 1329 1287; x_wconf 84' lang='grc' dir='ltr'><strong>τῷ</strong></span> <span class='ocrx_word' id='word_1_88' title='bbox 1366 1216 1507 1288; x_wconf 82' lang='grc' dir='ltr'>Θεῷ,</span> <span class='ocrx_word' id='word_1_89' title='bbox 1539 1216 1831 1287; x_wconf 78' lang='grc' dir='ltr'><strong>ἅνθρωπος</strong></span> 
     </span>
    </p>
   </div>
   <div class='ocr_carea' id='block_1_15' title="bbox 247 1300 1837 1380">
    <p class='ocr_par' dir='ltr' id='par_1_15' title="bbox 247 1300 1837 1380">
     <span class='ocr_line' id='line_1_15' title="bbox 247 1300 1837 1380; baseline 0.005 -27"><span class='ocrx_word' id='word_1_90' title='bbox 247 1300 282 1372; x_wconf 76' lang='grc' dir='ltr'>ἢ</span> <span class='ocrx_word' id='word_1_91' title='bbox 312 1301 436 1371; x_wconf 78' lang='grc' dir='ltr'><strong>ὄφις</strong></span> <span class='ocrx_word' id='word_1_92' title='bbox 475 1302 710 1373; x_wconf 79' lang='grc' dir='ltr'><strong>χαλκοῦς</strong></span> <span class='ocrx_word' id='word_1_93' title='bbox 739 1305 798 1358; x_wconf 76' lang='grc' dir='ltr'><strong>ὃν</strong></span> <span class='ocrx_word' id='word_1_94' title='bbox 842 1306 1000 1377; x_wconf 83' lang='grc' dir='ltr'>ὑμεῖς</span> <span class='ocrx_word' id='word_1_95' title='bbox 1040 1311 1401 1377; x_wconf 83' lang='grc' dir='ltr'><strong>προσκυνεῖτε</strong></span> <span class='ocrx_word' id='word_1_96' title='bbox 1442 1309 1837 1380; x_wconf 57' lang='grc' dir='ltr'><strong>κρεμάμενονξ</strong></span> 
     </span>
    </p>
   </div>
   <div class='ocr_carea' id='block_1_16' title="bbox 248 1392 1829 1475">
    <p class='ocr_par' dir='ltr' id='par_1_16' title="bbox 248 1392 1829 1475">
     <span class='ocr_line' id='line_1_16' title="bbox 248 1392 1829 1475; baseline 0.005 -30"><span class='ocrx_word' id='word_1_97' title='bbox 248 1392 399 1464; x_wconf 71' lang='grc' dir='ltr'><strong>Πλὴν</strong></span> <span class='ocrx_word' id='word_1_98' title='bbox 437 1394 671 1449; x_wconf 75' lang='grc' dir='ltr'><strong>ἄκουσον</strong></span> <span class='ocrx_word' id='word_1_99' title='bbox 719 1398 861 1465; x_wconf 87' lang='grc' dir='ltr'><strong>μετὰ</strong></span> <span class='ocrx_word' id='word_1_100' title='bbox 912 1399 1218 1462; x_wconf 80' lang='grc' dir='ltr'><strong>συνέσεωςο</strong></span> <span class='ocrx_word' id='word_1_101' title='bbox 1274 1400 1392 1454; x_wconf 85' lang='grc' dir='ltr'><strong>ἀλλ’</strong></span> <span class='ocrx_word' id='word_1_102' title='bbox 1435 1400 1587 1471; x_wconf 84' lang='grc' dir='ltr'><strong>ὅμως</strong></span> <span class='ocrx_word' id='word_1_103' title='bbox 1637 1400 1829 1475; x_wconf 65' lang='grc' dir='ltr'><strong>εἴπατέ</strong></span> 
     </span>
    </p>
   </div>
   <div class='ocr_carea' id='block_1_17' title="bbox 250 1487 1831 1562">
    <p class='ocr_par' dir='ltr' id='par_1_17' title="bbox 250 1487 1831 1562">
     <span class='ocr_line' id='line_1_17' title="bbox 250 1487 1831 1562; baseline 0.006 -24"><span class='ocrx_word' id='word_1_104' title='bbox 250 1503 384 1556; x_wconf 89' lang='grc' dir='ltr'><strong>μοι,</strong></span> <span class='ocrx_word' id='word_1_105' title='bbox 438 1487 794 1559; x_wconf 75' lang='grc' dir='ltr'><strong>ἐσταύρωσαν</strong></span> <span class='ocrx_word' id='word_1_106' title='bbox 862 1493 911 1547; x_wconf 81' lang='lat' dir='ltr'><strong>oi</strong></span> <span class='ocrx_word' id='word_1_107' title='bbox 985 1494 1222 1562; x_wconf 87' lang='grc' dir='ltr'><strong>πατέρες</strong></span> <span class='ocrx_word' id='word_1_108' title='bbox 1288 1492 1444 1562; x_wconf 84' lang='grc' dir='ltr'><strong>ὑμῶν</strong></span> <span class='ocrx_word' id='word_1_109' title='bbox 1503 1510 1627 1559; x_wconf 85' lang='grc' dir='ltr'><strong>τινα</strong></span> <span class='ocrx_word' id='word_1_110' title='bbox 1682 1493 1831 1562; x_wconf 83' lang='grc' dir='ltr'><strong>λεγό-</strong></span> 
     </span>
    </p>
   </div>
   <div class='ocr_carea' id='block_1_18' title="bbox 251 1576 1829 1654">
    <p class='ocr_par' dir='ltr' id='par_1_18' title="bbox 251 1576 1829 1654">
     <span class='ocr_line' id='line_1_18' title="bbox 251 1576 1829 1654; baseline 0.004 -24"><span class='ocrx_word' id='word_1_111' title='bbox 251 1594 414 1645; x_wconf 86' lang='grc' dir='ltr'><strong>μενον</strong></span> <span class='ocrx_word' id='word_1_112' title='bbox 458 1576 665 1649; x_wconf 81' lang='grc' dir='ltr'><strong>Ἰησοῦν</strong></span> <span class='ocrx_word' id='word_1_113' title='bbox 701 1581 975 1652; x_wconf 85' lang='grc' dir='ltr'><strong>Χριστόν;</strong></span> <span class='ocrx_word' id='word_1_114' title='bbox 1023 1584 1113 1637; x_wconf 74' lang='grc' dir='ltr'><strong>ναὶ</strong></span> <span class='ocrx_word' id='word_1_115' title='bbox 1161 1583 1195 1654; x_wconf 82' lang='grc' dir='ltr'>ἢ</span> <span class='ocrx_word' id='word_1_116' title='bbox 1245 1582 1343 1649; x_wconf 76' lang='grc' dir='ltr'><strong>οὓς</strong></span> <span class='ocrx_word' id='word_1_117' title='bbox 1400 1584 1497 1636; x_wconf 81' lang='grc' dir='ltr'><strong>καὶ</strong></span> <span class='ocrx_word' id='word_1_118' title='bbox 1540 1583 1629 1639; x_wconf 79' lang='grc' dir='ltr'><strong>διὰ</strong></span> <span class='ocrx_word' id='word_1_119' title='bbox 1669 1584 1829 1637; x_wconf 86' lang='grc' dir='ltr'><strong>ποίαν</strong></span> 
     </span>
    </p>
   </div>
   <div class='ocr_carea' id='block_1_19' title="bbox 250 1669 1827 1745">
    <p class='ocr_par' dir='ltr' id='par_1_19' title="bbox 250 1669 1827 1745">
     <span class='ocr_line' id='line_1_19' title="bbox 250 1669 1827 1745; baseline 0.003 -24"><span class='ocrx_word' id='word_1_120' title='bbox 250 1669 433 1723; x_wconf 90' lang='grc' dir='ltr'><strong>αἰτίαν</strong></span> <span class='ocrx_word' id='word_1_121' title='bbox 487 1671 875 1743; x_wconf 73' lang='grc' dir='ltr'><strong>ἐσταυρώσατε</strong></span> <span class='ocrx_word' id='word_1_122' title='bbox 920 1674 1125 1741; x_wconf 80' lang='grc' dir='ltr'><strong>αὐτόν;</strong></span> <span class='ocrx_word' id='word_1_123' title='bbox 1177 1675 1324 1733; x_wconf 56' lang='lat' dir='ltr'><strong>mox;</strong></span> <span class='ocrx_word' id='word_1_124' title='bbox 1376 1674 1692 1743; x_wconf 83' lang='grc' dir='ltr'><strong>παράνομος</strong></span> <span class='ocrx_word' id='word_1_125' title='bbox 1735 1669 1827 1745; x_wconf 80' lang='grc' dir='ltr'><strong>ἦν,</strong></span> 
     </span>
    </p>
   </div>
   <div class='ocr_carea' id='block_1_20' title="bbox 1933 487 3510 563">
    <p class='ocr_par' dir='ltr' id='par_1_20' title="bbox 1933 487 3510 563">
     <span class='ocr_line' id='line_1_20' title="bbox 1933 487 3510 563; baseline -0.004 -15"><span class='ocrx_word' id='word_1_126' title='bbox 1933 508 2034 563; x_wconf 87' lang='lat' dir='ltr'><strong>per</strong></span> <span class='ocrx_word' id='word_1_127' title='bbox 2060 492 2255 547; x_wconf 85' lang='lat' dir='ltr'><strong>Isaiam</strong></span> <span class='ocrx_word' id='word_1_128' title='bbox 2284 500 2342 546; x_wconf 91' lang='lat' dir='ltr'><strong>et</strong></span> <span class='ocrx_word' id='word_1_129' title='bbox 2367 490 2645 547; x_wconf 63' lang='lat' dir='ltr'><strong>lilichaaam</strong></span> <span class='ocrx_word' id='word_1_130' title='bbox 2672 489 3004 561; x_wconf 75' lang='lat' dir='ltr'><strong>prophetas:</strong></span> <span class='ocrx_word' id='word_1_131' title='bbox 3035 508 3054 542; x_wconf 83' lang='grc' dir='ltr'><strong>ι</strong></span> <span class='ocrx_word' id='word_1_132' title='bbox 3081 488 3160 543; x_wconf 76' lang='lat' dir='ltr'><strong>Ex</strong></span> <span class='ocrx_word' id='word_1_133' title='bbox 3183 487 3317 543; x_wconf 87' lang='lat' dir='ltr'><strong>Sion</strong></span> <span class='ocrx_word' id='word_1_134' title='bbox 3334 488 3510 543; x_wconf 83' lang='lat' dir='ltr'><strong>exibit</strong></span> 
     </span>
    </p>
   </div>
   <div class='ocr_carea' id='block_1_21' title="bbox 1934 580 3509 655">
    <p class='ocr_par' dir='ltr' id='par_1_21' title="bbox 1934 580 3509 655">
     <span class='ocr_line' id='line_1_21' title="bbox 1934 580 3509 655; baseline -0.003 -17"><span class='ocrx_word' id='word_1_135' title='bbox 1934 583 2042 649; x_wconf 77' lang='lat' dir='ltr'><strong>lex,</strong></span> <span class='ocrx_word' id='word_1_136' title='bbox 2104 591 2163 638; x_wconf 92' lang='lat' dir='ltr'><strong>et</strong></span> <span class='ocrx_word' id='word_1_137' title='bbox 2213 582 2447 655; x_wconf 79' lang='lat' dir='ltr'><strong>verbum</strong></span> <span class='ocrx_word' id='word_1_138' title='bbox 2514 582 2735 643; x_wconf 79' lang='lat' dir='ltr'><strong>Domini</strong></span> <span class='ocrx_word' id='word_1_139' title='bbox 2800 598 2868 636; x_wconf 78' lang='lat' dir='ltr'><strong>ex</strong></span> <span class='ocrx_word' id='word_1_140' title='bbox 2924 581 3296 643; x_wconf 80' lang='lat' dir='ltr'><strong>Jerusalem&#39;.</strong></span> <span class='ocrx_word' id='word_1_141' title='bbox 3342 598 3361 632; x_wconf 74' lang='grc' dir='ltr'><strong>ι</strong></span> <span class='ocrx_word' id='word_1_142' title='bbox 3426 580 3509 639; x_wconf 85' lang='lat' dir='ltr'><strong>Ita</strong></span> 
     </span>
    </p>
   </div>
   <div class='ocr_carea' id='block_1_22' title="bbox 1931 670 3507 743">
    <p class='ocr_par' dir='ltr' id='par_1_22' title="bbox 1931 670 3507 743">
     <span class='ocr_line' id='line_1_22' title="bbox 1931 670 3507 743; baseline -0.003 -14"><span class='ocrx_word' id='word_1_143' title='bbox 1931 672 2189 737; x_wconf 77' lang='lat' dir='ltr'><strong>Christus</strong></span> <span class='ocrx_word' id='word_1_144' title='bbox 2222 688 2350 729; x_wconf 88' lang='lat' dir='ltr'><strong>cum</strong></span> <span class='ocrx_word' id='word_1_145' title='bbox 2378 671 2552 739; x_wconf 85' lang='lat' dir='ltr'><strong>venit,</strong></span> <span class='ocrx_word' id='word_1_146' title='bbox 2575 687 2773 733; x_wconf 79' lang='lat' dir='ltr'><strong>novam</strong></span> <span class='ocrx_word' id='word_1_147' title='bbox 2807 672 2983 743; x_wconf 76' lang='lat' dir='ltr'><strong>legem</strong></span> <span class='ocrx_word' id='word_1_148' title='bbox 3011 670 3245 735; x_wconf 73' lang='lat' dir='ltr'><strong>adduxit</strong></span> <span class='ocrx_word' id='word_1_149' title='bbox 3270 676 3335 735; x_wconf 83' lang='lat' dir='ltr'><strong>et</strong></span> <span class='ocrx_word' id='word_1_150' title='bbox 3350 677 3507 725; x_wconf 85' lang='lat' dir='ltr'><strong>vete-</strong></span> 
     </span>
    </p>
   </div>
   <div class='ocr_carea' id='block_1_23' title="bbox 1933 763 2351 835">
    <p class='ocr_par' dir='ltr' id='par_1_23' title="bbox 1933 763 2351 835">
     <span class='ocr_line' id='line_1_23' title="bbox 1933 763 2351 835; baseline -0.002 -15"><span class='ocrx_word' id='word_1_151' title='bbox 1933 779 2049 820; x_wconf 78' lang='lat' dir='ltr'><strong>rem</strong></span> <span class='ocrx_word' id='word_1_152' title='bbox 2079 763 2351 835; x_wconf 80' lang='lat' dir='ltr'><strong>implevit.</strong></span> 
     </span>
    </p>
   </div>
   <div class='ocr_carea' id='block_1_24' title="bbox 2000 1014 3505 1099">
    <p class='ocr_par' dir='ltr' id='par_1_24' title="bbox 2000 1014 3505 1099">
     <span class='ocr_line' id='line_1_24' title="bbox 2000 1014 3505 1099; baseline -0.003 -26"><span class='ocrx_word' id='word_1_153' title='bbox 2000 1018 2237 1081; x_wconf 70' lang='lat' dir='ltr'><strong>Judwus.</strong></span> <span class='ocrx_word' id='word_1_154' title='bbox 2252 1017 2311 1072; x_wconf 88' lang='lat' dir='ltr'><strong>In</strong></span> <span class='ocrx_word' id='word_1_155' title='bbox 2334 1016 2613 1079; x_wconf 77' lang='lat' dir='ltr'><strong>hominem</strong></span> <span class='ocrx_word' id='word_1_156' title='bbox 2632 1014 3358 1099; x_wconf 67' lang='lat' dir='ltr'><strong>cruciﬁxumetdamnatum</strong></span> <span class='ocrx_word' id='word_1_157' title='bbox 3382 1029 3505 1084; x_wconf 87' lang='lat' dir='ltr'><strong>spe-</strong></span> 
     </span>
    </p>
   </div>
   <div class='ocr_carea' id='block_1_25' title="bbox 1931 1105 3509 1181">
    <p class='ocr_par' dir='ltr' id='par_1_25' title="bbox 1931 1105 3509 1181">
     <span class='ocr_line' id='line_1_25' title="bbox 1931 1105 3509 1181; baseline -0.004 -15"><span class='ocrx_word' id='word_1_158' title='bbox 1931 1111 2085 1181; x_wconf 80' lang='lat' dir='ltr'><strong>ratis,</strong></span> <span class='ocrx_word' id='word_1_159' title='bbox 2109 1109 2432 1166; x_wconf 82' lang='lat' dir='ltr'><strong>Christiani.</strong></span> <span class='ocrx_word' id='word_1_160' title='bbox 2463 1138 2535 1149; x_wconf 90' lang='lat'><strong><em>——</em></strong></span> <span class='ocrx_word' id='word_1_161' title='bbox 2565 1106 2918 1173; x_wconf 71' lang='lat' dir='ltr'><strong>Christianus.</strong></span> <span class='ocrx_word' id='word_1_162' title='bbox 2964 1106 3099 1174; x_wconf 86' lang='lat' dir='ltr'><strong>Quis</strong></span> <span class='ocrx_word' id='word_1_163' title='bbox 3124 1116 3211 1167; x_wconf 90' lang='lat' dir='ltr'><strong>est</strong></span> <span class='ocrx_word' id='word_1_164' title='bbox 3236 1105 3509 1161; x_wconf 79' lang='lat' dir='ltr'><strong>excellen-</strong></span> 
     </span>
    </p>
   </div>
   <div class='ocr_carea' id='block_1_26' title="bbox 1931 1201 3519 1272">
    <p class='ocr_par' dir='ltr' id='par_1_26' title="bbox 1931 1201 3519 1272">
     <span class='ocr_line' id='line_1_26' title="bbox 1931 1201 3519 1272; baseline -0.006 -14"><span class='ocrx_word' id='word_1_165' title='bbox 1931 1205 2041 1258; x_wconf 90' lang='lat' dir='ltr'><strong>tior</strong></span> <span class='ocrx_word' id='word_1_166' title='bbox 2064 1203 2211 1272; x_wconf 89' lang='lat' dir='ltr'><strong>apud</strong></span> <span class='ocrx_word' id='word_1_167' title='bbox 2235 1203 2429 1267; x_wconf 80' lang='lat' dir='ltr'><strong>Deum,</strong></span> <span class='ocrx_word' id='word_1_168' title='bbox 2458 1201 2625 1256; x_wconf 90' lang='lat' dir='ltr'><strong>homo</strong></span> <span class='ocrx_word' id='word_1_169' title='bbox 2653 1215 2723 1257; x_wconf 82' lang='lat' dir='ltr'><strong>an</strong></span> <span class='ocrx_word' id='word_1_170' title='bbox 2756 1213 2987 1269; x_wconf 87' lang='lat' dir='ltr'><strong>serpens</strong></span> <span class='ocrx_word' id='word_1_171' title='bbox 3012 1213 3190 1253; x_wconf 65' lang='lat' dir='ltr'><strong>:ereus</strong></span> <span class='ocrx_word' id='word_1_172' title='bbox 3214 1212 3377 1266; x_wconf 89' lang='lat' dir='ltr'><strong>quem</strong></span> <span class='ocrx_word' id='word_1_173' title='bbox 3408 1211 3519 1250; x_wconf 87' lang='lat' dir='ltr'><strong>vos.</strong></span> 
     </span>
    </p>
   </div>
   <div class='ocr_carea' id='block_1_27' title="bbox 1930 1288 3503 1364">
    <p class='ocr_par' dir='ltr' id='par_1_27' title="bbox 1930 1288 3503 1364">
     <span class='ocr_line' id='line_1_27' title="bbox 1930 1288 3503 1364; baseline -0.006 -14"><span class='ocrx_word' id='word_1_174' title='bbox 1930 1295 2177 1350; x_wconf 88' lang='lat' dir='ltr'><strong>adoratis</strong></span> <span class='ocrx_word' id='word_1_175' title='bbox 2202 1309 2531 1364; x_wconf 89' lang='lat' dir='ltr'><strong>suspensum</strong></span> <span class='ocrx_word' id='word_1_176' title='bbox 2552 1293 2575 1346; x_wconf 86' lang='lat'><strong>?</strong></span> <span class='ocrx_word' id='word_1_177' title='bbox 2595 1300 2836 1346; x_wconf 90' lang='lat' dir='ltr'><strong>attamen</strong></span> <span class='ocrx_word' id='word_1_178' title='bbox 2861 1290 2988 1345; x_wconf 91' lang='lat' dir='ltr'><strong>audi</strong></span> <span class='ocrx_word' id='word_1_179' title='bbox 3017 1305 3142 1344; x_wconf 93' lang='lat' dir='ltr'><strong>cum</strong></span> <span class='ocrx_word' id='word_1_180' title='bbox 3173 1288 3503 1344; x_wconf 89' lang='lat' dir='ltr'><strong>attentione.</strong></span> 
     </span>
    </p>
   </div>
   <div class='ocr_carea' id='block_1_28' title="bbox 1932 1379 3512 1451">
    <p class='ocr_par' dir='ltr' id='par_1_28' title="bbox 1932 1379 3512 1451">
     <span class='ocr_line' id='line_1_28' title="bbox 1932 1379 3512 1451; baseline -0.006 -11"><span class='ocrx_word' id='word_1_181' title='bbox 1932 1384 2041 1447; x_wconf 91' lang='lat' dir='ltr'><strong>Sed</strong></span> <span class='ocrx_word' id='word_1_182' title='bbox 2066 1384 2233 1449; x_wconf 83' lang='lat' dir='ltr'><strong>dicite</strong></span> <span class='ocrx_word' id='word_1_183' title='bbox 2267 1383 2440 1438; x_wconf 87' lang='lat' dir='ltr'><strong>mihi:</strong></span> <span class='ocrx_word' id='word_1_184' title='bbox 2474 1383 2871 1439; x_wconf 82' lang='lat' dir='ltr'><strong>crucitixerunt</strong></span> <span class='ocrx_word' id='word_1_185' title='bbox 2908 1389 3094 1451; x_wconf 82' lang='lat' dir='ltr'><strong>patres</strong></span> <span class='ocrx_word' id='word_1_186' title='bbox 3121 1379 3290 1435; x_wconf 84' lang='lat' dir='ltr'><strong>vestri</strong></span> <span class='ocrx_word' id='word_1_187' title='bbox 3316 1393 3512 1449; x_wconf 85' lang='lat' dir='ltr'><strong>quem-</strong></span> 
     </span>
    </p>
   </div>
   <div class='ocr_carea' id='block_1_29' title="bbox 1930 1466 3517 1544">
    <p class='ocr_par' dir='ltr' id='par_1_29' title="bbox 1930 1466 3517 1544">
     <span class='ocr_line' id='line_1_29' title="bbox 1930 1466 3517 1544; baseline -0.005 -15"><span class='ocrx_word' id='word_1_188' title='bbox 1930 1474 2056 1542; x_wconf 88' lang='lat' dir='ltr'><strong>dam</strong></span> <span class='ocrx_word' id='word_1_189' title='bbox 2084 1475 2420 1544; x_wconf 87' lang='lat' dir='ltr'><strong>appellatum</strong></span> <span class='ocrx_word' id='word_1_190' title='bbox 2459 1472 2646 1527; x_wconf 84' lang='lat' dir='ltr'><strong>Jesum</strong></span> <span class='ocrx_word' id='word_1_191' title='bbox 2688 1469 3015 1525; x_wconf 88' lang='lat' dir='ltr'><strong>Christum?</strong></span> <span class='ocrx_word' id='word_1_192' title='bbox 3050 1468 3126 1527; x_wconf 87' lang='lat' dir='ltr'><strong>ita</strong></span> <span class='ocrx_word' id='word_1_193' title='bbox 3152 1483 3221 1521; x_wconf 88' lang='lat' dir='ltr'><strong>an</strong></span> <span class='ocrx_word' id='word_1_194' title='bbox 3256 1468 3410 1521; x_wconf 88' lang='lat' dir='ltr'><strong>non?</strong></span> <span class='ocrx_word' id='word_1_195' title='bbox 3439 1466 3517 1528; x_wconf 77' lang='lat' dir='ltr'><strong>Et</strong></span> 
     </span>
    </p>
   </div>
   <div class='ocr_carea' id='block_1_30' title="bbox 1929 1557 3507 1637">
    <p class='ocr_par' dir='ltr' id='par_1_30' title="bbox 1929 1557 3507 1637">
     <span class='ocr_line' id='line_1_30' title="bbox 1929 1557 3507 1637; baseline -0.006 -17"><span class='ocrx_word' id='word_1_196' title='bbox 1929 1567 2150 1637; x_wconf 86' lang='lat' dir='ltr'><strong>qualem</strong></span> <span class='ocrx_word' id='word_1_197' title='bbox 2177 1564 2249 1621; x_wconf 87' lang='lat' dir='ltr'><strong>ob</strong></span> <span class='ocrx_word' id='word_1_198' title='bbox 2283 1579 2511 1629; x_wconf 81' lang='lat' dir='ltr'><strong>causam</strong></span> <span class='ocrx_word' id='word_1_199' title='bbox 2549 1560 2993 1621; x_wconf 75' lang='lat' dir='ltr'><strong>cruciﬁxerunt?</strong></span> <span class='ocrx_word' id='word_1_200' title='bbox 3019 1560 3097 1614; x_wconf 87' lang='lat' dir='ltr'><strong>Eo</strong></span> <span class='ocrx_word' id='word_1_201' title='bbox 3127 1558 3275 1637; x_wconf 88' lang='lat' dir='ltr'><strong>quod</strong></span> <span class='ocrx_word' id='word_1_202' title='bbox 3322 1557 3507 1628; x_wconf 78' lang='lat' dir='ltr'><strong>legum</strong></span> 
     </span>
    </p>
   </div>
   <div class='ocr_carea' id='block_1_31' title="bbox 1928 1634 3519 1724">
    <p class='ocr_par' dir='ltr' id='par_1_31' title="bbox 1928 1634 3519 1724">
     <span class='ocr_line' id='line_1_31' title="bbox 1928 1634 3519 1724; baseline -0.007 -15"><span class='ocrx_word' id='word_1_203' title='bbox 1928 1634 2165 1715; x_wconf 77' lang='lat' dir='ltr'><strong>violator</strong></span> <span class='ocrx_word' id='word_1_204' title='bbox 2187 1663 2327 1723; x_wconf 87' lang='lat' dir='ltr'><strong>erat,</strong></span> <span class='ocrx_word' id='word_1_205' title='bbox 2358 1663 2417 1709; x_wconf 91' lang='lat' dir='ltr'><strong>et</strong></span> <span class='ocrx_word' id='word_1_206' title='bbox 2447 1654 2623 1724; x_wconf 78' lang='lat' dir='ltr'><strong>legem</strong></span> <span class='ocrx_word' id='word_1_207' title='bbox 2670 1661 2727 1707; x_wconf 91' lang='lat' dir='ltr'><strong>et</strong></span> <span class='ocrx_word' id='word_1_208' title='bbox 2760 1650 3001 1706; x_wconf 89' lang='lat' dir='ltr'><strong>Sabhata</strong></span> <span class='ocrx_word' id='word_1_209' title='bbox 3032 1634 3400 1711; x_wconf 78' lang='lat' dir='ltr'><strong>abolebat.Et</strong></span> <span class='ocrx_word' id='word_1_210' title='bbox 3438 1644 3519 1699; x_wconf 65' lang='lat' dir='ltr'><strong>de,</strong></span> 
     </span>
    </p>
   </div>
   <div class='ocr_carea' id='block_1_32' title="bbox 249 1735 1832 1833">
    <p class='ocr_par' dir='ltr' id='par_1_32' title="bbox 249 1735 1829 1833">
     <span class='ocr_line' id='line_1_32' title="bbox 249 1735 1829 1833; baseline 0.004 -20"><span class='ocrx_word' id='word_1_211' title='bbox 249 1761 349 1813; x_wconf 76' lang='grc' dir='ltr'><strong>καὶ</strong></span> <span class='ocrx_word' id='word_1_212' title='bbox 394 1762 625 1821; x_wconf 82' lang='grc' dir='ltr'><strong>κατέλυε</strong></span> <span class='ocrx_word' id='word_1_213' title='bbox 660 1735 761 1816; x_wconf 64' lang='grc' dir='ltr'><strong>τὸν</strong></span> <span class='ocrx_word' id='word_1_214' title='bbox 800 1763 965 1833; x_wconf 91' lang='grc' dir='ltr'><strong>νόμον</strong></span> <span class='ocrx_word' id='word_1_215' title='bbox 1010 1735 1121 1819; x_wconf 52' lang='grc' dir='ltr'><strong>καί</strong></span> <span class='ocrx_word' id='word_1_216' title='bbox 1144 1765 1206 1820; x_wconf 76' lang='grc' dir='ltr'><strong>τὸ</strong></span> <span class='ocrx_word' id='word_1_217' title='bbox 1242 1735 1544 1823; x_wconf 74' lang='grc' dir='ltr'><strong>Σάὁόατον.</strong></span> <span class='ocrx_word' id='word_1_218' title='bbox 1593 1735 1710 1821; x_wconf 45' lang='grc' dir='ltr'><strong>’Καὶ</strong></span> 
     </span>
    </p>
   </div>
   <div class='ocr_carea' id='block_1_33' title="bbox 1929 1735 3509 1833">
    <p class='ocr_par' dir='ltr' id='par_1_33' title="bbox 1929 1735 3509 1818">
     <span class='ocr_line' id='line_1_33' title="bbox 1929 1735 3509 1818; baseline -0.009 -15"><span class='ocrx_word' id='word_1_219' title='bbox 1929 1763 2041 1817; x_wconf 89' lang='lat' dir='ltr'><strong>quo</strong></span> <span class='ocrx_word' id='word_1_220' title='bbox 2090 1744 2779 1818; x_wconf 62' lang='lat' dir='ltr'><strong>praedixerunt&#39;propbelze</strong></span> <span class='ocrx_word' id='word_1_221' title='bbox 2834 1750 3131 1796; x_wconf 85' lang='lat' dir='ltr'><strong>venturum</strong></span> <span class='ocrx_word' id='word_1_222' title='bbox 3180 1751 3301 1792; x_wconf 91' lang='lat' dir='ltr'><strong>esse</strong></span> <span class='ocrx_word' id='word_1_223' title='bbox 3348 1735 3509 1790; x_wconf 89' lang='lat' dir='ltr'><strong>illum</strong></span> 
     </span>
    </p>
   </div>
   <div class='ocr_carea' id='block_1_34' title="bbox 249 1856 1831 1929">
    <p class='ocr_par' dir='ltr' id='par_1_34' title="bbox 249 1856 1831 1929">
     <span class='ocr_line' id='line_1_34' title="bbox 249 1856 1831 1929; baseline 0.003 -22"><span class='ocrx_word' id='word_1_224' title='bbox 249 1856 402 1908; x_wconf 84' lang='grc' dir='ltr'><strong>ποῖον</strong></span> <span class='ocrx_word' id='word_1_225' title='bbox 437 1856 711 1927; x_wconf 71' lang='grc' dir='ltr'><strong>ἐκήρυξαν</strong></span> <span class='ocrx_word' id='word_1_226' title='bbox 740 1858 790 1910; x_wconf 89' lang='grc' dir='ltr'><strong>οἰ</strong></span> <span class='ocrx_word' id='word_1_227' title='bbox 822 1858 1098 1928; x_wconf 81' lang='grc' dir='ltr'><strong>προφῆται</strong></span> <span class='ocrx_word' id='word_1_228' title='bbox 1129 1857 1311 1913; x_wconf 65' lang='grc' dir='ltr'><strong>ἐλθεῖν</strong></span> <span class='ocrx_word' id='word_1_229' title='bbox 1340 1859 1426 1913; x_wconf 66' lang='grc' dir='ltr'><strong>ἀπ’</strong></span> <span class='ocrx_word' id='word_1_230' title='bbox 1454 1859 1699 1929; x_wconf 78' lang='grc' dir='ltr'><strong>ἐσχάτων</strong></span> <span class='ocrx_word' id='word_1_231' title='bbox 1720 1859 1831 1912; x_wconf 88' lang='grc' dir='ltr'><strong>τῶν</strong></span> 
     </span>
    </p>
   </div>
   <div class='ocr_carea' id='block_1_35' title="bbox 248 1943 1828 2018">
    <p class='ocr_par' dir='ltr' id='par_1_35' title="bbox 248 1943 1828 2018">
     <span class='ocr_line' id='line_1_35' title="bbox 248 1943 1828 2018; baseline -0.007 -8"><span class='ocrx_word' id='word_1_232' title='bbox 248 1943 493 2014; x_wconf 74' lang='grc' dir='ltr'><strong>ἡμερῶν,</strong></span> <span class='ocrx_word' id='word_1_233' title='bbox 528 1943 624 1998; x_wconf 75' lang='grc' dir='ltr'><strong>τοῦ</strong></span> <span class='ocrx_word' id='word_1_234' title='bbox 660 1943 934 2016; x_wconf 80' lang='grc' dir='ltr'><strong>πραθῆναι</strong></span> <span class='ocrx_word' id='word_1_235' title='bbox 955 1984 971 2006; x_wconf 84' lang='grc'><strong>.</strong></span> <span class='ocrx_word' id='word_1_236' title='bbox 1016 1947 1112 2001; x_wconf 78' lang='grc' dir='ltr'><strong>καὶ</strong></span> <span class='ocrx_word' id='word_1_237' title='bbox 1177 1947 1241 2000; x_wconf 78' lang='grc' dir='ltr'><strong>τὸ</strong></span> <span class='ocrx_word' id='word_1_238' title='bbox 1270 1947 1434 2001; x_wconf 88' lang='grc' dir='ltr'><strong>πόσου</strong></span> <span class='ocrx_word' id='word_1_239' title='bbox 1468 1946 1580 2018; x_wconf 74' lang='grc' dir='ltr'><strong>ἔχει</strong></span> <span class='ocrx_word' id='word_1_240' title='bbox 1610 1946 1828 2018; x_wconf 81' lang='grc' dir='ltr'><strong>πραθῆ-</strong></span> 
     </span>
    </p>
   </div>
   <div class='ocr_carea' id='block_1_36' title="bbox 248 2036 1829 2108">
    <p class='ocr_par' dir='ltr' id='par_1_36' title="bbox 248 2036 1829 2108">
     <span class='ocr_line' id='line_1_36' title="bbox 248 2036 1829 2108; baseline 0.002 -21"><span class='ocrx_word' id='word_1_241' title='bbox 248 2051 337 2087; x_wconf 86' lang='grc' dir='ltr'><strong>ναι</strong></span> <span class='ocrx_word' id='word_1_242' title='bbox 356 2074 371 2098; x_wconf 88' lang='grc'><strong>,</strong></span> <span class='ocrx_word' id='word_1_243' title='bbox 420 2036 513 2089; x_wconf 72' lang='grc' dir='ltr'><strong>καὶ</strong></span> <span class='ocrx_word' id='word_1_244' title='bbox 556 2036 638 2089; x_wconf 81' lang='grc' dir='ltr'><strong>ὅτι</strong></span> <span class='ocrx_word' id='word_1_245' title='bbox 680 2036 794 2106; x_wconf 71' lang='grc' dir='ltr'><strong>ἔχει</strong></span> <span class='ocrx_word' id='word_1_246' title='bbox 827 2037 1062 2107; x_wconf 80' lang='grc' dir='ltr'><strong>ἀχθῆναι</strong></span> <span class='ocrx_word' id='word_1_247' title='bbox 1090 2039 1170 2101; x_wconf 79' lang='grc' dir='ltr'><strong>εἰς</strong></span> <span class='ocrx_word' id='word_1_248' title='bbox 1201 2036 1431 2095; x_wconf 80' lang='grc' dir='ltr'><strong>θάνατον</strong></span> <span class='ocrx_word' id='word_1_249' title='bbox 1461 2038 1556 2091; x_wconf 74' lang='grc' dir='ltr'><strong>καὶ</strong></span> <span class='ocrx_word' id='word_1_250' title='bbox 1581 2037 1660 2107; x_wconf 81' lang='grc' dir='ltr'><strong>τῷ</strong></span> <span class='ocrx_word' id='word_1_251' title='bbox 1687 2036 1829 2108; x_wconf 79' lang='grc' dir='ltr'>ξύλῳ</span> 
     </span>
    </p>
   </div>
   <div class='ocr_carea' id='block_1_37' title="bbox 249 2127 1831 2203">
    <p class='ocr_par' dir='ltr' id='par_1_37' title="bbox 249 2127 1831 2203">
     <span class='ocr_line' id='line_1_37' title="bbox 249 2127 1831 2203; baseline 0.003 -24"><span class='ocrx_word' id='word_1_252' title='bbox 249 2127 403 2196; x_wconf 80' lang='grc' dir='ltr'><strong>ῆλοις</strong></span> <span class='ocrx_word' id='word_1_253' title='bbox 438 2130 627 2198; x_wconf 87' lang='grc' dir='ltr'><strong>χεῖρας</strong></span> <span class='ocrx_word' id='word_1_254' title='bbox 658 2129 755 2182; x_wconf 80' lang='grc' dir='ltr'><strong>καὶ</strong></span> <span class='ocrx_word' id='word_1_255' title='bbox 782 2131 948 2194; x_wconf 85' lang='grc' dir='ltr'><strong>πόδας</strong></span> <span class='ocrx_word' id='word_1_256' title='bbox 980 2131 1467 2203; x_wconf 82' lang='grc' dir='ltr'><strong>προσηλωθήσεται</strong></span> <span class='ocrx_word' id='word_1_257' title='bbox 1488 2170 1504 2195; x_wconf 93' lang='grc'><strong>,</strong></span> <span class='ocrx_word' id='word_1_258' title='bbox 1552 2132 1647 2185; x_wconf 74' lang='grc' dir='ltr'><strong>καὶ</strong></span> <span class='ocrx_word' id='word_1_259' title='bbox 1674 2132 1831 2195; x_wconf 76' lang='grc' dir='ltr'><strong>ὄξους</strong></span> 
     </span>
    </p>
   </div>
   <div class='ocr_carea' id='block_1_38' title="bbox 249 2219 1827 2295">
    <p class='ocr_par' dir='ltr' id='par_1_38' title="bbox 249 2219 1827 2295">
     <span class='ocr_line' id='line_1_38' title="bbox 249 2219 1827 2295; baseline -0.001 -20"><span class='ocrx_word' id='word_1_260' title='bbox 249 2220 346 2275; x_wconf 77' lang='grc' dir='ltr'><strong>καὶ</strong></span> <span class='ocrx_word' id='word_1_261' title='bbox 393 2219 560 2288; x_wconf 85' lang='grc' dir='ltr'><strong>χολῆς</strong></span> <span class='ocrx_word' id='word_1_262' title='bbox 605 2219 901 2287; x_wconf 70' lang='grc' dir='ltr'><strong>γεύσεται,</strong></span> <span class='ocrx_word' id='word_1_263' title='bbox 957 2222 1054 2275; x_wconf 77' lang='grc' dir='ltr'><strong>καὶ</strong></span> <span class='ocrx_word' id='word_1_264' title='bbox 1089 2223 1174 2276; x_wconf 87' lang='grc' dir='ltr'><strong>ὄτι</strong></span> <span class='ocrx_word' id='word_1_265' title='bbox 1213 2223 1379 2295; x_wconf 85' lang='grc' dir='ltr'><strong>λόγχῃ</strong></span> <span class='ocrx_word' id='word_1_266' title='bbox 1413 2222 1827 2293; x_wconf 89' lang='grc' dir='ltr'><strong>κεντηθήσεται,</strong></span> 
     </span>
    </p>
   </div>
   <div class='ocr_carea' id='block_1_39' title="bbox 248 2309 1835 2383">
    <p class='ocr_par' dir='ltr' id='par_1_39' title="bbox 248 2309 1835 2383">
     <span class='ocr_line' id='line_1_39' title="bbox 248 2309 1835 2383; baseline 0.004 -23"><span class='ocrx_word' id='word_1_267' title='bbox 248 2310 346 2361; x_wconf 77' lang='grc' dir='ltr'><strong>καὶ</strong></span> <span class='ocrx_word' id='word_1_268' title='bbox 390 2309 419 2361; x_wconf 85' lang='grc' dir='ltr'>ὁ</span> <span class='ocrx_word' id='word_1_269' title='bbox 465 2311 692 2380; x_wconf 82' lang='grc' dir='ltr'><strong>οὐρανὸς</strong></span> <span class='ocrx_word' id='word_1_270' title='bbox 738 2312 1198 2383; x_wconf 78' lang='grc' dir='ltr'><strong>σκοτισθήσεται;</strong></span> <span class='ocrx_word' id='word_1_271' title='bbox 1234 2315 1346 2367; x_wconf 74' lang='grc' dir='ltr'><strong>Καὶ</strong></span> <span class='ocrx_word' id='word_1_272' title='bbox 1373 2312 1629 2367; x_wconf 82' lang='grc' dir='ltr'><strong>ἀδύνατον</strong></span> <span class='ocrx_word' id='word_1_273' title='bbox 1653 2309 1720 2383; x_wconf 79' lang='grc' dir='ltr'><strong>ἦν</strong></span> <span class='ocrx_word' id='word_1_274' title='bbox 1754 2312 1835 2382; x_wconf 73' lang='grc' dir='ltr'><strong>μὴ</strong></span> 
     </span>
    </p>
   </div>
   <div class='ocr_carea' id='block_1_40' title="bbox 251 2400 1830 2475">
    <p class='ocr_par' dir='ltr' id='par_1_40' title="bbox 251 2400 1830 2475">
     <span class='ocr_line' id='line_1_40' title="bbox 251 2400 1830 2475; baseline -0.001 -19"><span class='ocrx_word' id='word_1_275' title='bbox 251 2400 612 2472; x_wconf 85' lang='grc' dir='ltr'><strong>πληρωθῆναι</strong></span> <span class='ocrx_word' id='word_1_276' title='bbox 664 2404 791 2466; x_wconf 80' lang='grc' dir='ltr'><strong>τοὺς</strong></span> <span class='ocrx_word' id='word_1_277' title='bbox 832 2404 1024 2472; x_wconf 87' lang='grc' dir='ltr'><strong>λόγους</strong></span> <span class='ocrx_word' id='word_1_278' title='bbox 1059 2404 1168 2459; x_wconf 86' lang='grc' dir='ltr'><strong>τῶν</strong></span> <span class='ocrx_word' id='word_1_279' title='bbox 1199 2403 1496 2475; x_wconf 83' lang='grc' dir='ltr'><strong>προφητῶν</strong></span> <span class='ocrx_word' id='word_1_280' title='bbox 1520 2419 1534 2434; x_wconf 89' lang='grc'><strong>·</strong></span> <span class='ocrx_word' id='word_1_281' title='bbox 1588 2403 1641 2456; x_wconf 88' lang='grc' dir='ltr'><strong>τί</strong></span> <span class='ocrx_word' id='word_1_282' title='bbox 1684 2403 1830 2470; x_wconf 80' lang='grc' dir='ltr'><strong>λέγει</strong></span> 
     </span>
    </p>
   </div>
   <div class='ocr_carea' id='block_1_41' title="bbox 245 2490 1825 2565">
    <p class='ocr_par' dir='ltr' id='par_1_41' title="bbox 245 2490 1825 2565">
     <span class='ocr_line' id='line_1_41' title="bbox 245 2490 1825 2565; baseline 0.004 -25"><span class='ocrx_word' id='word_1_283' title='bbox 245 2490 421 2543; x_wconf 86' lang='grc' dir='ltr'><strong>ταῦτα</strong></span> <span class='ocrx_word' id='word_1_284' title='bbox 467 2493 685 2553; x_wconf 85' lang='grc' dir='ltr'><strong>πάντα;</strong></span> <span class='ocrx_word' id='word_1_285' title='bbox 741 2494 832 2555; x_wconf 85' lang='grc' dir='ltr'><strong>Εἰς</strong></span> <span class='ocrx_word' id='word_1_286' title='bbox 875 2494 967 2546; x_wconf 83' lang='grc' dir='ltr'><strong>τὸν</strong></span> <span class='ocrx_word' id='word_1_287' title='bbox 1011 2494 1248 2565; x_wconf 77' lang='grc' dir='ltr'><strong>Χριστὸν</strong></span> <span class='ocrx_word' id='word_1_288' title='bbox 1279 2494 1437 2564; x_wconf 73' lang='grc' dir='ltr'><strong>ἡμῶν</strong></span> <span class='ocrx_word' id='word_1_289' title='bbox 1478 2494 1756 2556; x_wconf 83' lang='grc' dir='ltr'><strong>ἐγένοντο.</strong></span> <span class='ocrx_word' id='word_1_290' title='bbox 1791 2490 1825 2560; x_wconf 81' lang='grc' dir='ltr'><strong>ἢ</strong></span> 
     </span>
    </p>
   </div>
   <div class='ocr_carea' id='block_1_42' title="bbox 247 2583 1847 2655">
    <p class='ocr_par' dir='ltr' id='par_1_42' title="bbox 247 2583 1847 2655">
     <span class='ocr_line' id='line_1_42' title="bbox 247 2583 1847 2655; baseline 0.001 -21"><span class='ocrx_word' id='word_1_291' title='bbox 247 2583 329 2644; x_wconf 79' lang='grc' dir='ltr'><strong>εἰς</strong></span> <span class='ocrx_word' id='word_1_292' title='bbox 373 2583 462 2635; x_wconf 82' lang='grc' dir='ltr'><strong>τὸν</strong></span> <span class='ocrx_word' id='word_1_293' title='bbox 504 2583 838 2654; x_wconf 72' lang='grc' dir='ltr'><strong>εἰλημμένον</strong></span> <span class='ocrx_word' id='word_1_294' title='bbox 883 2585 1038 2655; x_wconf 82' lang='grc' dir='ltr'><strong>ὑμῶν</strong></span> <span class='ocrx_word' id='word_1_295' title='bbox 1091 2585 1347 2655; x_wconf 87' lang='grc' dir='ltr'><strong>μέλλουσι</strong></span> <span class='ocrx_word' id='word_1_296' title='bbox 1391 2585 1673 2653; x_wconf 86' lang='grc' dir='ltr'><strong>γίνεσθαι;</strong></span> <span class='ocrx_word' id='word_1_297' title='bbox 1720 2583 1847 2644; x_wconf 43' lang='grc' dir='ltr'><strong>Καὶ»,</strong></span> 
     </span>
    </p>
   </div>
   <div class='ocr_carea' id='block_1_43' title="bbox 251 2672 1842 2745">
    <p class='ocr_par' dir='ltr' id='par_1_43' title="bbox 251 2672 1842 2745">
     <span class='ocr_line' id='line_1_43' title="bbox 251 2672 1842 2745; baseline 0.001 -23"><span class='ocrx_word' id='word_1_298' title='bbox 251 2672 300 2723; x_wconf 88' lang='grc' dir='ltr'><strong>εἰ</strong></span> <span class='ocrx_word' id='word_1_299' title='bbox 338 2673 435 2742; x_wconf 82' lang='grc' dir='ltr'><strong>μὲν</strong></span> <span class='ocrx_word' id='word_1_300' title='bbox 486 2674 568 2738; x_wconf 91' lang='grc' dir='ltr'><strong>εἰς</strong></span> <span class='ocrx_word' id='word_1_301' title='bbox 598 2675 689 2727; x_wconf 78' lang='grc' dir='ltr'><strong>τὸν</strong></span> <span class='ocrx_word' id='word_1_302' title='bbox 718 2676 1054 2745; x_wconf 81' lang='grc' dir='ltr'><strong>εἰλημμένον</strong></span> <span class='ocrx_word' id='word_1_303' title='bbox 1088 2675 1248 2745; x_wconf 85' lang='grc' dir='ltr'><strong>ὑμῶν</strong></span> <span class='ocrx_word' id='word_1_304' title='bbox 1282 2675 1536 2745; x_wconf 85' lang='grc' dir='ltr'><strong>μέλλουσι</strong></span> <span class='ocrx_word' id='word_1_305' title='bbox 1562 2672 1842 2741; x_wconf 62' lang='grc' dir='ltr'><strong>γίνεσθαι,</strong></span> 
     </span>
    </p>
   </div>
   <div class='ocr_carea' id='block_1_44' title="bbox 252 2763 1830 2835">
    <p class='ocr_par' dir='ltr' id='par_1_44' title="bbox 252 2763 1830 2835">
     <span class='ocr_line' id='line_1_44' title="bbox 252 2763 1830 2835; baseline -0.001 -19"><span class='ocrx_word' id='word_1_306' title='bbox 252 2764 366 2818; x_wconf 84' lang='grc' dir='ltr'><strong>ἰδοὺ</strong></span> <span class='ocrx_word' id='word_1_307' title='bbox 417 2765 510 2819; x_wconf 77' lang='grc' dir='ltr'><strong>καὶ</strong></span> <span class='ocrx_word' id='word_1_308' title='bbox 555 2766 714 2835; x_wconf 78' lang='grc' dir='ltr'><strong>ὑμεῖς</strong></span> <span class='ocrx_word' id='word_1_309' title='bbox 760 2768 841 2829; x_wconf 87' lang='grc' dir='ltr'><strong>είς</strong></span> <span class='ocrx_word' id='word_1_310' title='bbox 884 2766 1173 2835; x_wconf 84' lang='grc' dir='ltr'><strong>ἄνθρωπον</strong></span> <span class='ocrx_word' id='word_1_311' title='bbox 1221 2766 1513 2819; x_wconf 80' lang='grc' dir='ltr'><strong>κατάδικον</strong></span> <span class='ocrx_word' id='word_1_312' title='bbox 1547 2763 1830 2826; x_wconf 53' lang='lat' dir='ltr'><strong>arrigere“</strong></span> 
     </span>
    </p>
   </div>
   <div class='ocr_carea' id='block_1_45' title="bbox 247 2851 1830 2925">
    <p class='ocr_par' dir='ltr' id='par_1_45' title="bbox 247 2851 1830 2925">
     <span class='ocr_line' id='line_1_45' title="bbox 247 2851 1830 2925; baseline -0.001 -19"><span class='ocrx_word' id='word_1_313' title='bbox 247 2854 299 2907; x_wconf 90' lang='grc' dir='ltr'><strong>εἰ</strong></span> <span class='ocrx_word' id='word_1_314' title='bbox 342 2854 400 2906; x_wconf 84' lang='grc' dir='ltr'><strong>δὲ</strong></span> <span class='ocrx_word' id='word_1_315' title='bbox 448 2856 529 2917; x_wconf 84' lang='grc' dir='ltr'><strong>εἰς</strong></span> <span class='ocrx_word' id='word_1_316' title='bbox 572 2855 664 2908; x_wconf 85' lang='grc' dir='ltr'><strong>τὸν</strong></span> <span class='ocrx_word' id='word_1_317' title='bbox 704 2855 938 2924; x_wconf 73' lang='grc' dir='ltr'><strong>Χριστὸν</strong></span> <span class='ocrx_word' id='word_1_318' title='bbox 974 2854 1135 2925; x_wconf 81' lang='grc' dir='ltr'><strong>ἡμῶν</strong></span> <span class='ocrx_word' id='word_1_319' title='bbox 1195 2855 1373 2913; x_wconf 86' lang='grc' dir='ltr'><strong>πάντα</strong></span> <span class='ocrx_word' id='word_1_320' title='bbox 1411 2851 1830 2922; x_wconf 83' lang='grc' dir='ltr'><strong>ἐπληρώθησαν,</strong></span> 
     </span>
    </p>
   </div>
   <div class='ocr_carea' id='block_1_46' title="bbox 250 2939 1830 3015">
    <p class='ocr_par' dir='ltr' id='par_1_46' title="bbox 250 2939 1830 3015">
     <span class='ocr_line' id='line_1_46' title="bbox 250 2939 1830 3015; baseline -0.003 -17"><span class='ocrx_word' id='word_1_321' title='bbox 250 2945 699 3013; x_wconf 85' lang='grc' dir='ltr'><strong>συγκαταθέντες.</strong></span> <span class='ocrx_word' id='word_1_322' title='bbox 740 2946 931 3011; x_wconf 73' lang='grc' dir='ltr'><strong>εἴπατε</strong></span> <span class='ocrx_word' id='word_1_323' title='bbox 985 2946 1084 3015; x_wconf 81' lang='grc' dir='ltr'><strong>τὴν</strong></span> <span class='ocrx_word' id='word_1_324' title='bbox 1135 2944 1440 3014; x_wconf 83' lang='grc' dir='ltr'><strong>ἀλήθειαν·</strong></span> <span class='ocrx_word' id='word_1_325' title='bbox 1496 2944 1547 2995; x_wconf 90' lang='grc' dir='ltr'><strong>εἰ</strong></span> <span class='ocrx_word' id='word_1_326' title='bbox 1594 2940 1651 2995; x_wconf 83' lang='grc' dir='ltr'><strong>δὲ</strong></span> <span class='ocrx_word' id='word_1_327' title='bbox 1705 2939 1830 2994; x_wconf 76' lang='grc' dir='ltr'><strong>οὔτε</strong></span> 
     </span>
    </p>
   </div>
   <div class='ocr_carea' id='block_1_47' title="bbox 1929 1820 3519 1902">
    <p class='ocr_par' dir='ltr' id='par_1_47' title="bbox 1929 1820 3519 1902">
     <span class='ocr_line' id='line_1_47' title="bbox 1929 1820 3519 1902; baseline -0.009 -7"><span class='ocrx_word' id='word_1_328' title='bbox 1929 1840 2201 1896; x_wconf 50' lang='grc' dir='ltr'><strong>οιιτοιιιίεν</strong></span> <span class='ocrx_word' id='word_1_329' title='bbox 2217 1838 2418 1895; x_wconf 89' lang='lat' dir='ltr'><strong>diebus</strong></span> <span class='ocrx_word' id='word_1_330' title='bbox 2444 1835 2820 1900; x_wconf 89' lang='lat' dir='ltr'><strong>vendendum,</strong></span> <span class='ocrx_word' id='word_1_331' title='bbox 2843 1820 2905 1888; x_wconf 30' lang='lat' dir='ltr'><strong>et.</strong></span> <span class='ocrx_word' id='word_1_332' title='bbox 2918 1832 3110 1902; x_wconf 89' lang='lat' dir='ltr'><strong>quanti</strong></span> <span class='ocrx_word' id='word_1_333' title='bbox 3130 1828 3519 1894; x_wconf 48' lang='lat' dir='ltr'><strong>vendendum,</strong></span> 
     </span>
    </p>
   </div>
   <div class='ocr_carea' id='block_1_48' title="bbox 1928 1924 3519 1995">
    <p class='ocr_par' dir='ltr' id='par_1_48' title="bbox 1928 1924 3519 1995">
     <span class='ocr_line' id='line_1_48' title="bbox 1928 1924 3519 1995; baseline -0.008 -6"><span class='ocrx_word' id='word_1_334' title='bbox 1928 1932 1997 1993; x_wconf 81' lang='lat' dir='ltr'><strong>ad</strong></span> <span class='ocrx_word' id='word_1_335' title='bbox 2031 1944 2267 1995; x_wconf 89' lang='lat' dir='ltr'><strong>mortem</strong></span> <span class='ocrx_word' id='word_1_336' title='bbox 2309 1932 2477 1986; x_wconf 89' lang='lat' dir='ltr'><strong>etiam</strong></span> <span class='ocrx_word' id='word_1_337' title='bbox 2507 1927 2848 1990; x_wconf 83' lang='lat' dir='ltr'><strong>ducendum,</strong></span> <span class='ocrx_word' id='word_1_338' title='bbox 2875 1934 2931 1982; x_wconf 90' lang='lat' dir='ltr'><strong>et</strong></span> <span class='ocrx_word' id='word_1_339' title='bbox 2960 1924 3194 1995; x_wconf 81' lang='lat' dir='ltr'><strong>inligno</strong></span> <span class='ocrx_word' id='word_1_340' title='bbox 3216 1936 3416 1989; x_wconf 85' lang='lat' dir='ltr'><strong>manus</strong></span> <span class='ocrx_word' id='word_1_341' title='bbox 3451 1931 3519 1977; x_wconf 84' lang='lat' dir='ltr'><strong>et.</strong></span> 
     </span>
    </p>
   </div>
   <div class='ocr_carea' id='block_1_49' title="bbox 1929 2021 3506 2097">
    <p class='ocr_par' dir='ltr' id='par_1_49' title="bbox 1929 2021 3506 2097">
     <span class='ocr_line' id='line_1_49' title="bbox 1929 2021 3506 2097; baseline -0.01 -13"><span class='ocrx_word' id='word_1_342' title='bbox 1929 2027 2100 2097; x_wconf 85' lang='lat' dir='ltr'><strong>pedes</strong></span> <span class='ocrx_word' id='word_1_343' title='bbox 2141 2027 2262 2096; x_wconf 88' lang='lat' dir='ltr'><strong>ejus</strong></span> <span class='ocrx_word' id='word_1_344' title='bbox 2284 2025 2455 2083; x_wconf 85' lang='lat' dir='ltr'><strong>clavis</strong></span> <span class='ocrx_word' id='word_1_345' title='bbox 2486 2021 2888 2092; x_wconf 80' lang='lat' dir='ltr'><strong>transﬁgendos</strong></span> <span class='ocrx_word' id='word_1_346' title='bbox 2915 2034 3058 2079; x_wconf 90' lang='lat' dir='ltr'><strong>esse,</strong></span> <span class='ocrx_word' id='word_1_347' title='bbox 3106 2026 3162 2073; x_wconf 90' lang='lat' dir='ltr'><strong>et</strong></span> <span class='ocrx_word' id='word_1_348' title='bbox 3194 2024 3416 2072; x_wconf 88' lang='lat' dir='ltr'><strong>acetum</strong></span> <span class='ocrx_word' id='word_1_349' title='bbox 3447 2025 3506 2069; x_wconf 88' lang='lat' dir='ltr'><strong>et</strong></span> 
     </span>
    </p>
   </div>
   <div class='ocr_carea' id='block_1_50' title="bbox 1928 2109 3521 2190">
    <p class='ocr_par' dir='ltr' id='par_1_50' title="bbox 1928 2109 3521 2190">
     <span class='ocr_line' id='line_1_50' title="bbox 1928 2109 3521 2190; baseline -0.01 -14"><span class='ocrx_word' id='word_1_350' title='bbox 1928 2121 2002 2176; x_wconf 92' lang='lat' dir='ltr'><strong>fel</strong></span> <span class='ocrx_word' id='word_1_351' title='bbox 2031 2126 2399 2190; x_wconf 78' lang='lat' dir='ltr'><strong>gustaturum,</strong></span> <span class='ocrx_word' id='word_1_352' title='bbox 2427 2124 2483 2170; x_wconf 89' lang='lat' dir='ltr'><strong>et</strong></span> <span class='ocrx_word' id='word_1_353' title='bbox 2513 2114 2701 2177; x_wconf 82' lang='lat' dir='ltr'><strong>lancea</strong></span> <span class='ocrx_word' id='word_1_354' title='bbox 2747 2109 3163 2182; x_wconf 87' lang='lat' dir='ltr'><strong>perforandum,</strong></span> <span class='ocrx_word' id='word_1_355' title='bbox 3194 2109 3521 2176; x_wconf 68' lang='lat' dir='ltr'><strong>coelumque</strong></span> 
     </span>
    </p>
   </div>
   <div class='ocr_carea' id='block_1_51' title="bbox 1930 2198 3507 2273">
    <p class='ocr_par' dir='ltr' id='par_1_51' title="bbox 1930 2198 3507 2273">
     <span class='ocr_line' id='line_1_51' title="bbox 1930 2198 3507 2273; baseline -0.01 -7"><span class='ocrx_word' id='word_1_356' title='bbox 1930 2211 2339 2267; x_wconf 87' lang='lat' dir='ltr'><strong>obscurandum</strong></span> <span class='ocrx_word' id='word_1_357' title='bbox 2371 2207 2531 2263; x_wconf 85' lang='lat' dir='ltr'><strong>esse?</strong></span> <span class='ocrx_word' id='word_1_358' title='bbox 2555 2219 2733 2273; x_wconf 89' lang='lat' dir='ltr'><strong>neque</strong></span> <span class='ocrx_word' id='word_1_359' title='bbox 2772 2201 3036 2272; x_wconf 85' lang='lat' dir='ltr'><strong>possibile</strong></span> <span class='ocrx_word' id='word_1_360' title='bbox 3079 2210 3225 2257; x_wconf 87' lang='lat' dir='ltr'><strong>esset</strong></span> <span class='ocrx_word' id='word_1_361' title='bbox 3258 2214 3368 2261; x_wconf 88' lang='lat' dir='ltr'><strong>non</strong></span> <span class='ocrx_word' id='word_1_362' title='bbox 3398 2198 3507 2261; x_wconf 89' lang='lat' dir='ltr'><strong>im-</strong></span> 
     </span>
    </p>
   </div>
   <div class='ocr_carea' id='block_1_52' title="bbox 1933 2286 3501 2372">
    <p class='ocr_par' dir='ltr' id='par_1_52' title="bbox 1933 2286 3501 2372">
     <span class='ocr_line' id='line_1_52' title="bbox 1933 2286 3501 2372; baseline -0.011 -15"><span class='ocrx_word' id='word_1_363' title='bbox 1933 2301 2071 2372; x_wconf 89' lang='lat' dir='ltr'><strong>pleri</strong></span> <span class='ocrx_word' id='word_1_364' title='bbox 2099 2300 2271 2355; x_wconf 88' lang='lat' dir='ltr'><strong>verba</strong></span> <span class='ocrx_word' id='word_1_365' title='bbox 2305 2298 2724 2368; x_wconf 86' lang='lat' dir='ltr'><strong>prophetarum.</strong></span> <span class='ocrx_word' id='word_1_366' title='bbox 2750 2293 2905 2359; x_wconf 85' lang='lat' dir='ltr'><strong>Quid.</strong></span> <span class='ocrx_word' id='word_1_367' title='bbox 2938 2291 3055 2351; x_wconf 67' lang='lat' dir='ltr'><strong>haec</strong></span> <span class='ocrx_word' id='word_1_368' title='bbox 3100 2288 3283 2345; x_wconf 87' lang='lat' dir='ltr'><strong>omnia</strong></span> <span class='ocrx_word' id='word_1_369' title='bbox 3331 2286 3501 2358; x_wconf 84' lang='lat' dir='ltr'><strong>signi-</strong></span> 
     </span>
    </p>
   </div>
   <div class='ocr_carea' id='block_1_53' title="bbox 1934 2374 3513 2455">
    <p class='ocr_par' dir='ltr' id='par_1_53' title="bbox 1934 2374 3513 2455">
     <span class='ocr_line' id='line_1_53' title="bbox 1934 2374 3513 2455; baseline -0.011 -12"><span class='ocrx_word' id='word_1_370' title='bbox 1934 2388 2133 2455; x_wconf 86' lang='lat' dir='ltr'><strong>ficant?</strong></span> <span class='ocrx_word' id='word_1_371' title='bbox 2160 2387 2217 2453; x_wconf 88' lang='lat' dir='ltr'><strong>in</strong></span> <span class='ocrx_word' id='word_1_372' title='bbox 2247 2382 2687 2449; x_wconf 89' lang='lat' dir='ltr'><strong>nostro.Christo</strong></span> <span class='ocrx_word' id='word_1_373' title='bbox 2717 2381 2861 2435; x_wconf 86' lang='lat' dir='ltr'><strong>facta</strong></span> <span class='ocrx_word' id='word_1_374' title='bbox 2886 2386 3035 2443; x_wconf 81' lang='lat' dir='ltr'><strong>sunt,</strong></span> <span class='ocrx_word' id='word_1_375' title='bbox 3076 2391 3215 2439; x_wconf 83' lang='lat' dir='ltr'><strong>num</strong></span> <span class='ocrx_word' id='word_1_376' title='bbox 3240 2374 3295 2439; x_wconf 84' lang='lat' dir='ltr'><strong>in</strong></span> <span class='ocrx_word' id='word_1_377' title='bbox 3319 2384 3513 2429; x_wconf 79' lang='lat' dir='ltr'><strong>vestro.</strong></span> 
     </span>
    </p>
   </div>
   <div class='ocr_carea' id='block_1_54' title="bbox 1930 2463 3515 2536">
    <p class='ocr_par' dir='ltr' id='par_1_54' title="bbox 1930 2463 3515 2536">
     <span class='ocr_line' id='line_1_54' title="bbox 1930 2463 3515 2536; baseline -0.012 0"><span class='ocrx_word' id='word_1_378' title='bbox 1930 2480 2125 2536; x_wconf 75' lang='lat' dir='ltr'><strong>Messia</strong></span> <span class='ocrx_word' id='word_1_379' title='bbox 2158 2477 2276 2533; x_wconf 83' lang='lat' dir='ltr'><strong>fieri</strong></span> <span class='ocrx_word' id='word_1_380' title='bbox 2307 2474 2555 2531; x_wconf 84' lang='lat' dir='ltr'><strong>debent?</strong></span> <span class='ocrx_word' id='word_1_381' title='bbox 2586 2481 2645 2528; x_wconf 88' lang='lat' dir='ltr'><strong>et</strong></span> <span class='ocrx_word' id='word_1_382' title='bbox 2663 2472 2709 2527; x_wconf 91' lang='lat' dir='ltr'><strong>si</strong></span> <span class='ocrx_word' id='word_1_383' title='bbox 2732 2472 2788 2526; x_wconf 90' lang='lat' dir='ltr'><strong>in</strong></span> <span class='ocrx_word' id='word_1_384' title='bbox 2827 2478 3013 2533; x_wconf 88' lang='lat' dir='ltr'><strong>vestro</strong></span> <span class='ocrx_word' id='word_1_385' title='bbox 3035 2467 3230 2533; x_wconf 81' lang='lat' dir='ltr'><strong>Messia</strong></span> <span class='ocrx_word' id='word_1_386' title='bbox 3260 2463 3378 2519; x_wconf 83' lang='lat' dir='ltr'><strong>ﬁeri</strong></span> <span class='ocrx_word' id='word_1_387' title='bbox 3404 2463 3515 2518; x_wconf 48' lang='grc' dir='ltr'><strong>ἀει</strong></span> 
     </span>
    </p>
   </div>
   <div class='ocr_carea' id='block_1_55' title="bbox 1930 2554 3504 2634">
    <p class='ocr_par' dir='ltr' id='par_1_55' title="bbox 1930 2554 3504 2634">
     <span class='ocr_line' id='line_1_55' title="bbox 1930 2554 3504 2634; baseline -0.012 -9"><span class='ocrx_word' id='word_1_388' title='bbox 1930 2571 2117 2634; x_wconf 89' lang='lat' dir='ltr'><strong>heant,</strong></span> <span class='ocrx_word' id='word_1_389' title='bbox 2140 2584 2269 2626; x_wconf 91' lang='lat' dir='ltr'><strong>ecce</strong></span> <span class='ocrx_word' id='word_1_390' title='bbox 2292 2576 2350 2623; x_wconf 89' lang='lat' dir='ltr'><strong>et</strong></span> <span class='ocrx_word' id='word_1_391' title='bbox 2377 2582 2478 2621; x_wconf 90' lang='lat' dir='ltr'><strong>vos</strong></span> <span class='ocrx_word' id='word_1_392' title='bbox 2503 2566 2573 2620; x_wconf 31' lang='lat' dir='ltr'><strong>in.</strong></span> <span class='ocrx_word' id='word_1_393' title='bbox 2591 2561 3222 2631; x_wconf 82' lang='lat' dir='ltr'><strong>hominemdamnatum</strong></span> <span class='ocrx_word' id='word_1_394' title='bbox 3248 2554 3504 2626; x_wconf 84' lang='lat' dir='ltr'><strong>speratis.</strong></span> 
     </span>
    </p>
   </div>
   <div class='ocr_carea' id='block_1_56' title="bbox 1933 2646 3511 2721">
    <p class='ocr_par' dir='ltr' id='par_1_56' title="bbox 1933 2646 3511 2721">
     <span class='ocr_line' id='line_1_56' title="bbox 1933 2646 3511 2721; baseline -0.011 -5"><span class='ocrx_word' id='word_1_395' title='bbox 1933 2662 1989 2717; x_wconf 88' lang='lat' dir='ltr'><strong>Si</strong></span> <span class='ocrx_word' id='word_1_396' title='bbox 2018 2661 2229 2715; x_wconf 82' lang='lat' dir='ltr'><strong>veroin</strong></span> <span class='ocrx_word' id='word_1_397' title='bbox 2254 2667 2443 2714; x_wconf 90' lang='lat' dir='ltr'><strong>nostro</strong></span> <span class='ocrx_word' id='word_1_398' title='bbox 2471 2657 2692 2713; x_wconf 86' lang='lat' dir='ltr'><strong>Christo</strong></span> <span class='ocrx_word' id='word_1_399' title='bbox 2723 2654 2905 2710; x_wconf 86' lang='lat' dir='ltr'><strong>omnia</strong></span> <span class='ocrx_word' id='word_1_400' title='bbox 2939 2651 3164 2721; x_wconf 89' lang='lat' dir='ltr'><strong>impleta</strong></span> <span class='ocrx_word' id='word_1_401' title='bbox 3201 2656 3353 2712; x_wconf 90' lang='lat' dir='ltr'><strong>sunt,</strong></span> <span class='ocrx_word' id='word_1_402' title='bbox 3374 2646 3511 2702; x_wconf 39' lang='lat' dir='ltr'><strong>sub!</strong></span> 
     </span>
    </p>
   </div>
   <div class='ocr_carea' id='block_1_57' title="bbox 1931 2742 3503 2809">
    <p class='ocr_par' dir='ltr' id='par_1_57' title="bbox 1931 2742 3503 2809">
     <span class='ocr_line' id='line_1_57' title="bbox 1931 2742 3503 2809; baseline -0.01 -1"><span class='ocrx_word' id='word_1_403' title='bbox 1931 2752 2214 2808; x_wconf 85' lang='lat' dir='ltr'><strong>mittentes</strong></span> <span class='ocrx_word' id='word_1_404' title='bbox 2245 2765 2342 2805; x_wconf 89' lang='lat' dir='ltr'><strong>vos</strong></span> <span class='ocrx_word' id='word_1_405' title='bbox 2376 2750 2660 2803; x_wconf 86' lang='lat' dir='ltr'><strong>veritatem</strong></span> <span class='ocrx_word' id='word_1_406' title='bbox 2686 2743 2971 2809; x_wconf 84' lang='lat' dir='ltr'><strong>fatemini;</strong></span> <span class='ocrx_word' id='word_1_407' title='bbox 2998 2742 3082 2799; x_wconf 90' lang='lat' dir='ltr'><strong>sin</strong></span> <span class='ocrx_word' id='word_1_408' title='bbox 3111 2747 3295 2794; x_wconf 88' lang='lat' dir='ltr'><strong>autem</strong></span> <span class='ocrx_word' id='word_1_409' title='bbox 3322 2750 3503 2806; x_wconf 77' lang='lat' dir='ltr'><strong>neque</strong></span> 
     </span>
    </p>
   </div>
   <div class='ocr_carea' id='block_1_58' title="bbox 1931 2834 3506 2911">
    <p class='ocr_par' dir='ltr' id='par_1_58' title="bbox 1931 2834 3506 2911">
     <span class='ocr_line' id='line_1_58' title="bbox 1931 2834 3506 2911; baseline -0.012 -8"><span class='ocrx_word' id='word_1_410' title='bbox 1931 2850 1989 2905; x_wconf 93' lang='lat' dir='ltr'><strong>in</strong></span> <span class='ocrx_word' id='word_1_411' title='bbox 2020 2856 2209 2909; x_wconf 86' lang='lat' dir='ltr'><strong>nostro</strong></span> <span class='ocrx_word' id='word_1_412' title='bbox 2242 2844 2486 2909; x_wconf 85' lang='lat' dir='ltr'><strong>Christo,</strong></span> <span class='ocrx_word' id='word_1_413' title='bbox 2529 2855 2709 2911; x_wconf 86' lang='lat' dir='ltr'><strong>neque</strong></span> <span class='ocrx_word' id='word_1_414' title='bbox 2766 2840 2821 2893; x_wconf 91' lang='lat' dir='ltr'><strong>in</strong></span> <span class='ocrx_word' id='word_1_415' title='bbox 2863 2847 3049 2892; x_wconf 89' lang='lat' dir='ltr'><strong>vestro</strong></span> <span class='ocrx_word' id='word_1_416' title='bbox 3107 2834 3323 2895; x_wconf 83' lang='lat' dir='ltr'><strong>Messia,</strong></span> <span class='ocrx_word' id='word_1_417' title='bbox 3374 2847 3506 2901; x_wconf 86' lang='lat' dir='ltr'><strong>pro-</strong></span> 
     </span>
    </p>
   </div>
   <div class='ocr_carea' id='block_1_59' title="bbox 1933 2923 3509 3013">
    <p class='ocr_par' dir='ltr' id='par_1_59' title="bbox 1933 2923 3509 3013">
     <span class='ocr_line' id='line_1_59' title="bbox 1933 2923 3509 3013; baseline -0.013 -15"><span class='ocrx_word' id='word_1_418' title='bbox 1933 2943 2116 3013; x_wconf 67' lang='lat' dir='ltr'><strong>pheta:</strong></span> <span class='ocrx_word' id='word_1_419' title='bbox 2168 2952 2359 2994; x_wconf 89' lang='lat' dir='ltr'><strong>omnes</strong></span> <span class='ocrx_word' id='word_1_420' title='bbox 2396 2934 2779 2999; x_wconf 88' lang='lat' dir='ltr'><strong>mentiuntur;</strong></span> <span class='ocrx_word' id='word_1_421' title='bbox 2809 2929 2954 3001; x_wconf 89' lang='lat' dir='ltr'><strong>quod</strong></span> <span class='ocrx_word' id='word_1_422' title='bbox 3009 2928 3054 2983; x_wconf 93' lang='lat' dir='ltr'><strong>si</strong></span> <span class='ocrx_word' id='word_1_423' title='bbox 3099 2924 3294 2980; x_wconf 89' lang='lat' dir='ltr'><strong>arctati</strong></span> <span class='ocrx_word' id='word_1_424' title='bbox 3336 2923 3509 2977; x_wconf 84' lang='lat' dir='ltr'><strong>invite</strong></span> 
     </span>
    </p>
   </div>
   <div class='ocr_carea' id='block_1_60' title="bbox 246 3013 1832 3108">
    <p class='ocr_par' dir='ltr' id='par_1_60' title="bbox 246 3013 1830 3108">
     <span class='ocr_line' id='line_1_60' title="bbox 246 3013 1830 3108; baseline -0.003 -19"><span class='ocrx_word' id='word_1_425' title='bbox 246 3039 330 3100; x_wconf 83' lang='grc' dir='ltr'><strong>εἰς</strong></span> <span class='ocrx_word' id='word_1_426' title='bbox 376 3036 466 3090; x_wconf 78' lang='grc' dir='ltr'><strong>τὸν</strong></span> <span class='ocrx_word' id='word_1_427' title='bbox 506 3036 775 3108; x_wconf 77' lang='grc' dir='ltr'><strong>ἡμέτερον</strong></span> <span class='ocrx_word' id='word_1_428' title='bbox 810 3013 1083 3104; x_wconf 79' lang='grc' dir='ltr'><strong>Χριστὸν,</strong></span> <span class='ocrx_word' id='word_1_429' title='bbox 1114 3013 1242 3088; x_wconf 71' lang='grc' dir='ltr'><strong>οὔτε</strong></span> <span class='ocrx_word' id='word_1_430' title='bbox 1276 3037 1358 3098; x_wconf 87' lang='grc' dir='ltr'><strong>είς</strong></span> <span class='ocrx_word' id='word_1_431' title='bbox 1383 3034 1476 3086; x_wconf 78' lang='grc' dir='ltr'><strong>τὸν</strong></span> <span class='ocrx_word' id='word_1_432' title='bbox 1500 3032 1830 3104; x_wconf 79' lang='grc' dir='ltr'><strong>εἰλημμένον</strong></span> 
     </span>
    </p>
   </div>
   <div class='ocr_carea' id='block_1_61' title="bbox 1929 3013 3512 3108">
    <p class='ocr_par' dir='ltr' id='par_1_61' title="bbox 1931 3013 3512 3091">
     <span class='ocr_line' id='line_1_61' title="bbox 1931 3013 3512 3091; baseline -0.015 0"><span class='ocrx_word' id='word_1_433' title='bbox 1931 3032 2182 3091; x_wconf 87' lang='lat' dir='ltr'><strong>fatemini</strong></span> <span class='ocrx_word' id='word_1_434' title='bbox 2213 3039 2469 3087; x_wconf 91' lang='lat' dir='ltr'><strong>nostrum</strong></span> <span class='ocrx_word' id='word_1_435' title='bbox 2496 3027 2778 3082; x_wconf 88' lang='lat' dir='ltr'><strong>Christum</strong></span> <span class='ocrx_word' id='word_1_436' title='bbox 2818 3022 3016 3091; x_wconf 81' lang='lat' dir='ltr'><strong>acerba</strong></span> <span class='ocrx_word' id='word_1_437' title='bbox 3044 3027 3222 3074; x_wconf 83' lang='lat' dir='ltr'><strong>morte</strong></span> <span class='ocrx_word' id='word_1_438' title='bbox 3251 3033 3281 3072; x_wconf 90' lang='lat' dir='ltr'><strong>a</strong></span> <span class='ocrx_word' id='word_1_439' title='bbox 3306 3013 3512 3069; x_wconf 84' lang='lat' dir='ltr'><strong>vestris</strong></span> 
     </span>
    </p>
   </div>
   <div class='ocr_carea' id='block_1_62' title="bbox 247 3079 1832 3199">
    <p class='ocr_par' dir='ltr' id='par_1_62' title="bbox 247 3079 1826 3199">
     <span class='ocr_line' id='line_1_62' title="bbox 247 3079 1824 3108; baseline -0.002 -1"><span class='ocrx_word' id='word_1_440' title='bbox 247 3079 328 3100; x_wconf 70' lang='grc' dir='ltr'><strong>--ν</strong></span> <span class='ocrx_word' id='word_1_441' title='bbox 385 3079 461 3090; x_wconf 71' lang='grc' dir='ltr'><strong>*ν’</strong></span> <span class='ocrx_word' id='word_1_442' title='bbox 512 3079 773 3108; x_wconf 68' lang='lat' dir='ltr'><strong>&#39;H&quot;&quot;&#39;I&quot;&quot;</strong></span> <span class='ocrx_word' id='word_1_443' title='bbox 810 3079 1044 3104; x_wconf 58' lang='grc' dir='ltr'><strong>κγ’-ην</strong></span> <span class='ocrx_word' id='word_1_444' title='bbox 1069 3079 1083 3101; x_wconf 74' lang='grc' dir='ltr'><strong>ν</strong></span> <span class='ocrx_word' id='word_1_445' title='bbox 1117 3079 1240 3088; x_wconf 69' lang='grc' dir='ltr'><strong><em>--ν-</em></strong></span> <span class='ocrx_word' id='word_1_446' title='bbox 1277 3079 1355 3098; x_wconf 65' lang='grc' dir='ltr'><strong>υτ</strong></span> <span class='ocrx_word' id='word_1_447' title='bbox 1394 3079 1469 3086; x_wconf 68' lang='grc' dir='ltr'><strong>νν-</strong></span> <span class='ocrx_word' id='word_1_448' title='bbox 1501 3079 1824 3104; x_wconf 71' lang='lat' dir='ltr'><strong>&#39;&quot;&quot;l:&quot;|&quot;&quot;&quot;</strong></span> 
     </span>
     <span class='ocr_line' id='line_1_63' title="bbox 247 3124 1826 3199; baseline -0.003 -17"><span class='ocrx_word' id='word_1_449' title='bbox 247 3128 426 3198; x_wconf 80' lang='grc' dir='ltr'><strong>ὑμῶν,</strong></span> <span class='ocrx_word' id='word_1_450' title='bbox 463 3130 680 3191; x_wconf 81' lang='grc' dir='ltr'><strong>πάντως</strong></span> <span class='ocrx_word' id='word_1_451' title='bbox 712 3130 761 3182; x_wconf 73' lang='grc' dir='ltr'><strong>οἱ</strong></span> <span class='ocrx_word' id='word_1_452' title='bbox 788 3128 1069 3199; x_wconf 78' lang='grc' dir='ltr'><strong>προφῆται</strong></span> <span class='ocrx_word' id='word_1_453' title='bbox 1099 3127 1413 3197; x_wconf 71' lang='grc' dir='ltr'><strong>ψεύδονταιτ</strong></span> <span class='ocrx_word' id='word_1_454' title='bbox 1449 3126 1498 3178; x_wconf 89' lang='grc' dir='ltr'><strong>εἰ</strong></span> <span class='ocrx_word' id='word_1_455' title='bbox 1522 3127 1591 3179; x_wconf 70' lang='grc' dir='ltr'><strong>δὲ</strong></span> <span class='ocrx_word' id='word_1_456' title='bbox 1611 3124 1826 3193; x_wconf 75' lang='grc' dir='ltr'><strong>στενού-</strong></span> 
     </span>
    </p>
   </div>
   <div class='ocr_carea' id='block_1_63' title="bbox 1929 3079 3505 3199">
    <p class='ocr_par' dir='ltr' id='par_1_63' title="bbox 1931 3106 3505 3197">
     <span class='ocr_line' id='line_1_64' title="bbox 1931 3106 3505 3197; baseline -0.013 -18"><span class='ocrx_word' id='word_1_457' title='bbox 1931 3125 2185 3197; x_wconf 84' lang='lat' dir='ltr'><strong>patrihus</strong></span> <span class='ocrx_word' id='word_1_458' title='bbox 2208 3137 2410 3181; x_wconf 58' lang='lat' dir='ltr'><strong>casum</strong></span> <span class='ocrx_word' id='word_1_459' title='bbox 2440 3135 2561 3176; x_wconf 86' lang='lat' dir='ltr'><strong>esse</strong></span> <span class='ocrx_word' id='word_1_460' title='bbox 2594 3125 2655 3185; x_wconf 84' lang='lat' dir='ltr'><strong>ut</strong></span> <span class='ocrx_word' id='word_1_461' title='bbox 2687 3115 3098 3179; x_wconf 76' lang='lat' dir='ltr'><strong>malefactorem</strong></span> <span class='ocrx_word' id='word_1_462' title='bbox 3130 3118 3187 3179; x_wconf 88' lang='lat' dir='ltr'><strong>et</strong></span> <span class='ocrx_word' id='word_1_463' title='bbox 3216 3108 3355 3180; x_wconf 82' lang='lat' dir='ltr'><strong>legis</strong></span> <span class='ocrx_word' id='word_1_464' title='bbox 3385 3106 3505 3161; x_wconf 86' lang='lat' dir='ltr'><strong>vio-</strong></span> 
     </span>
    </p>
   </div>
   <div class='ocr_carea' id='block_1_64' title="bbox 248 3216 1824 3291">
    <p class='ocr_par' dir='ltr' id='par_1_64' title="bbox 248 3216 1824 3291">
     <span class='ocr_line' id='line_1_65' title="bbox 248 3216 1824 3291; baseline -0.003 -18"><span class='ocrx_word' id='word_1_465' title='bbox 248 3238 405 3291; x_wconf 86' lang='grc' dir='ltr'><strong>μενοι</strong></span> <span class='ocrx_word' id='word_1_466' title='bbox 456 3221 680 3284; x_wconf 79' lang='grc' dir='ltr'><strong>ἄκοντες</strong></span> <span class='ocrx_word' id='word_1_467' title='bbox 738 3220 1054 3288; x_wconf 84' lang='grc' dir='ltr'><strong>ὁμολογεῖτε</strong></span> <span class='ocrx_word' id='word_1_468' title='bbox 1110 3221 1191 3273; x_wconf 83' lang='grc' dir='ltr'><strong>ὅτι</strong></span> <span class='ocrx_word' id='word_1_469' title='bbox 1243 3218 1339 3285; x_wconf 74' lang='grc' dir='ltr'><strong>τὸν</strong></span> <span class='ocrx_word' id='word_1_470' title='bbox 1382 3217 1619 3288; x_wconf 80' lang='grc' dir='ltr'><strong>Χριστὸν</strong></span> <span class='ocrx_word' id='word_1_471' title='bbox 1666 3216 1824 3287; x_wconf 75' lang='grc' dir='ltr'><strong>ἡμῶν</strong></span> 
     </span>
    </p>
   </div>
   <div class='ocr_carea' id='block_1_65' title="bbox 247 3308 1824 3382">
    <p class='ocr_par' dir='ltr' id='par_1_65' title="bbox 247 3308 1824 3382">
     <span class='ocr_line' id='line_1_66' title="bbox 247 3308 1824 3382; baseline -0.005 -15"><span class='ocrx_word' id='word_1_472' title='bbox 247 3313 407 3382; x_wconf 82' lang='grc' dir='ltr'><strong>κακῷ</strong></span> <span class='ocrx_word' id='word_1_473' title='bbox 430 3312 649 3382; x_wconf 83' lang='grc' dir='ltr'><strong>θανάτῳ</strong></span> <span class='ocrx_word' id='word_1_474' title='bbox 671 3314 720 3379; x_wconf 85' lang='grc' dir='ltr'><strong>οἰ</strong></span> <span class='ocrx_word' id='word_1_475' title='bbox 744 3313 980 3381; x_wconf 79' lang='grc' dir='ltr'><strong>πατέρες</strong></span> <span class='ocrx_word' id='word_1_476' title='bbox 1005 3312 1034 3364; x_wconf 85' lang='grc' dir='ltr'>ὑ</span> <span class='ocrx_word' id='word_1_477' title='bbox 1043 3311 1159 3381; x_wconf 89' lang='grc' dir='ltr'><strong>μῶν</strong></span> <span class='ocrx_word' id='word_1_478' title='bbox 1181 3310 1479 3379; x_wconf 67' lang='grc' dir='ltr'><strong>ἐφόνευσαν</strong></span> <span class='ocrx_word' id='word_1_479' title='bbox 1500 3309 1574 3372; x_wconf 85' lang='grc' dir='ltr'><strong>ὡς</strong></span> <span class='ocrx_word' id='word_1_480' title='bbox 1593 3308 1764 3361; x_wconf 89' lang='grc' dir='ltr'><strong>κακοῦ</strong></span> <span class='ocrx_word' id='word_1_481' title='bbox 1772 3324 1824 3378; x_wconf 82' lang='grc' dir='ltr'><strong>ρο</strong></span> 
     </span>
    </p>
   </div>
   <div class='ocr_carea' id='block_1_66' title="bbox 1928 3204 3509 3282">
    <p class='ocr_par' dir='ltr' id='par_1_66' title="bbox 1928 3204 3509 3282">
     <span class='ocr_line' id='line_1_67' title="bbox 1928 3204 3509 3282; baseline -0.014 -9"><span class='ocrx_word' id='word_1_482' title='bbox 1928 3220 2181 3282; x_wconf 87' lang='lat' dir='ltr'><strong>latorem,</strong></span> <span class='ocrx_word' id='word_1_483' title='bbox 2211 3215 2507 3271; x_wconf 79' lang='lat' dir='ltr'><strong>afferamus</strong></span> <span class='ocrx_word' id='word_1_484' title='bbox 2543 3209 2864 3280; x_wconf 84' lang='lat' dir='ltr'><strong>prophetas,</strong></span> <span class='ocrx_word' id='word_1_485' title='bbox 2887 3216 2943 3262; x_wconf 90' lang='lat' dir='ltr'><strong>et</strong></span> <span class='ocrx_word' id='word_1_486' title='bbox 2977 3204 3269 3269; x_wconf 82' lang='lat' dir='ltr'><strong>videamus</strong></span> <span class='ocrx_word' id='word_1_487' title='bbox 3289 3216 3359 3255; x_wconf 91' lang='lat' dir='ltr'><strong>an</strong></span> <span class='ocrx_word' id='word_1_488' title='bbox 3394 3213 3509 3253; x_wconf 87' lang='lat' dir='ltr'><strong>ma-</strong></span> 
     </span>
    </p>
   </div>
   <div class='ocr_carea' id='block_1_67' title="bbox 1928 3289 3247 3369">
    <p class='ocr_par' dir='ltr' id='par_1_67' title="bbox 1928 3289 3247 3369">
     <span class='ocr_line' id='line_1_68' title="bbox 1928 3289 3247 3369; baseline -0.011 -9"><span class='ocrx_word' id='word_1_489' title='bbox 1928 3306 2249 3363; x_wconf 85' lang='lat' dir='ltr'><strong>lefactorem</strong></span> <span class='ocrx_word' id='word_1_490' title='bbox 2284 3301 2529 3369; x_wconf 84' lang='lat' dir='ltr'><strong>dixerint</strong></span> <span class='ocrx_word' id='word_1_491' title='bbox 2560 3311 2727 3366; x_wconf 89' lang='lat' dir='ltr'><strong>quem</strong></span> <span class='ocrx_word' id='word_1_492' title='bbox 2750 3289 3247 3354; x_wconf 78' lang='lat' dir='ltr'><strong>voscrucit‘txistis.</strong></span> 
     </span>
    </p>
   </div>
   <div class='ocr_carea' id='block_1_68' title="bbox 247 3375 3510 3473">
    <p class='ocr_par' dir='ltr' id='par_1_68' title="bbox 247 3375 3510 3473">
     <span class='ocr_line' id='line_1_69' title="bbox 247 3375 3510 3473; baseline -0.008 -17"><span class='ocrx_word' id='word_1_493' title='bbox 247 3420 346 3471; x_wconf 89' lang='grc' dir='ltr'><strong>γον</strong></span> <span class='ocrx_word' id='word_1_494' title='bbox 378 3375 492 3457; x_wconf 49' lang='grc' dir='ltr'><strong>’τὸν</strong></span> <span class='ocrx_word' id='word_1_495' title='bbox 543 3375 649 3456; x_wconf 71' lang='grc' dir='ltr'><strong>καί.</strong></span> <span class='ocrx_word' id='word_1_496' title='bbox 686 3376 848 3473; x_wconf 74' lang='grc' dir='ltr'><strong>νόμον</strong></span> <span class='ocrx_word' id='word_1_497' title='bbox 888 3375 1279 3471; x_wconf 67' lang='grc' dir='ltr'><strong>⁷καταλύοντα,</strong></span> <span class='ocrx_word' id='word_1_498' title='bbox 1334 3402 1651 3471; x_wconf 80' lang='grc' dir='ltr'><strong>ὲνέγκωμεν</strong></span> <span class='ocrx_word' id='word_1_499' title='bbox 1702 3375 1828 3465; x_wconf 77' lang='grc' dir='ltr'><strong>τοῦς</strong></span> <span class='ocrx_word' id='word_1_500' title='bbox 1868 3400 2193 3470; x_wconf 79' lang='grc' dir='ltr'><strong>προφήτας,</strong></span> <span class='ocrx_word' id='word_1_501' title='bbox 2246 3394 2341 3459; x_wconf 76' lang='grc' dir='ltr'><strong>καὶ</strong></span> <span class='ocrx_word' id='word_1_502' title='bbox 2394 3393 2595 3461; x_wconf 77' lang='grc' dir='ltr'><strong>ἴδωμεν</strong></span> <span class='ocrx_word' id='word_1_503' title='bbox 2649 3389 2757 3455; x_wconf 27' lang='grc' dir='ltr'><strong>ὲάνη</strong></span> <span class='ocrx_word' id='word_1_504' title='bbox 2787 3385 3093 3455; x_wconf 78' lang='grc' dir='ltr'><strong>κακοῦργον</strong></span> <span class='ocrx_word' id='word_1_505' title='bbox 3153 3379 3354 3448; x_wconf 86' lang='grc' dir='ltr'><strong>λέγωσι</strong></span> <span class='ocrx_word' id='word_1_506' title='bbox 3415 3375 3510 3431; x_wconf 74' lang='grc' dir='ltr'><strong>τὸν</strong></span> 
     </span>
    </p>
   </div>
   <div class='ocr_carea' id='block_1_69' title="bbox 250 3495 1479 3566">
    <p class='ocr_par' dir='ltr' id='par_1_69' title="bbox 250 3495 1479 3566">
     <span class='ocr_line' id='line_1_70' title="bbox 250 3495 1479 3566; baseline 0.004 -18"><span class='ocrx_word' id='word_1_507' title='bbox 250 3496 341 3565; x_wconf 80' lang='grc' dir='ltr'><strong>ὑφ’</strong></span> <span class='ocrx_word' id='word_1_508' title='bbox 369 3495 523 3565; x_wconf 82' lang='grc' dir='ltr'><strong>ὑμῶν</strong></span> <span class='ocrx_word' id='word_1_509' title='bbox 551 3496 951 3566; x_wconf 82' lang='grc' dir='ltr'><strong>σταυρωθέντα.</strong></span> <span class='ocrx_word' id='word_1_510' title='bbox 1473 3531 1479 3537; x_wconf 88' lang='grc'><strong><em>-</em></strong></span> 
     </span>
    </p>
   </div>
   <div class='ocr_carea' id='block_1_70' title="bbox 322 3584 1827 3658">
    <p class='ocr_par' dir='ltr' id='par_1_70' title="bbox 322 3584 1827 3658">
     <span class='ocr_line' id='line_1_71' title="bbox 322 3584 1827 3658; baseline -0.001 -18"><span class='ocrx_word' id='word_1_511' title='bbox 322 3589 529 3641; x_wconf 82' lang='grc' dir='ltr'><strong>Εἴπατε</strong></span> <span class='ocrx_word' id='word_1_512' title='bbox 561 3588 621 3640; x_wconf 84' lang='grc' dir='ltr'><strong>δέ</strong></span> <span class='ocrx_word' id='word_1_513' title='bbox 660 3606 788 3658; x_wconf 88' lang='grc' dir='ltr'><strong>μοι,</strong></span> <span class='ocrx_word' id='word_1_514' title='bbox 838 3588 923 3652; x_wconf 88' lang='grc' dir='ltr'><strong>τίς</strong></span> <span class='ocrx_word' id='word_1_515' title='bbox 955 3588 1106 3641; x_wconf 77' lang='grc' dir='ltr'><strong>ἐστιν</strong></span> <span class='ocrx_word' id='word_1_516' title='bbox 1140 3588 1237 3641; x_wconf 77' lang='grc' dir='ltr'><strong>ἐπ).</strong></span> <span class='ocrx_word' id='word_1_517' title='bbox 1268 3586 1374 3657; x_wconf 85' lang='grc' dir='ltr'><strong>γῆς</strong></span> <span class='ocrx_word' id='word_1_518' title='bbox 1403 3584 1827 3657; x_wconf 82' lang='grc' dir='ltr'><strong>ἀναμάρτητος;</strong></span> 
     </span>
    </p>
   </div>
   <div class='ocr_carea' id='block_1_71' title="bbox 249 3678 1828 3751">
    <p class='ocr_par' dir='ltr' id='par_1_71' title="bbox 249 3678 1828 3751">
     <span class='ocr_line' id='line_1_72' title="bbox 249 3678 1828 3751; baseline -0.001 -21"><span class='ocrx_word' id='word_1_519' title='bbox 249 3681 366 3747; x_wconf 58' lang='grc' dir='ltr'><strong>καὶ,</strong></span> <span class='ocrx_word' id='word_1_520' title='bbox 400 3680 477 3743; x_wconf 75' lang='grc' dir='ltr'><strong>ῶς</strong></span> <span class='ocrx_word' id='word_1_521' title='bbox 504 3681 545 3750; x_wconf 71' lang='grc' dir='ltr'><strong>ή</strong></span> <span class='ocrx_word' id='word_1_522' title='bbox 571 3681 763 3751; x_wconf 79' lang='grc' dir='ltr'><strong>Γραφὴ</strong></span> <span class='ocrx_word' id='word_1_523' title='bbox 793 3679 963 3748; x_wconf 85' lang='grc' dir='ltr'><strong>λέγει,</strong></span> <span class='ocrx_word' id='word_1_524' title='bbox 1004 3681 1180 3742; x_wconf 79' lang='grc' dir='ltr'><strong>οὐδεὶς</strong></span> <span class='ocrx_word' id='word_1_525' title='bbox 1214 3679 1452 3749; x_wconf 79' lang='grc' dir='ltr'><strong>καθαρὸς</strong></span> <span class='ocrx_word' id='word_1_526' title='bbox 1486 3678 1598 3737; x_wconf 80' lang='grc' dir='ltr'><strong>ἀπὸ</strong></span> <span class='ocrx_word' id='word_1_527' title='bbox 1630 3678 1828 3747; x_wconf 79' lang='grc' dir='ltr'><strong>ῥύπου,</strong></span> 
     </span>
    </p>
   </div>
   <div class='ocr_carea' id='block_1_72' title="bbox 248 3773 1831 3847">
    <p class='ocr_par' dir='ltr' id='par_1_72' title="bbox 248 3773 1831 3847">
     <span class='ocr_line' id='line_1_73' title="bbox 248 3773 1831 3847; baseline -0.001 -21"><span class='ocrx_word' id='word_1_528' title='bbox 248 3775 359 3827; x_wconf 76' lang='grc' dir='ltr'><strong>οὐδ’</strong></span> <span class='ocrx_word' id='word_1_529' title='bbox 389 3774 456 3830; x_wconf 85' lang='grc' dir='ltr'><strong>ἂν</strong></span> <span class='ocrx_word' id='word_1_530' title='bbox 507 3774 635 3845; x_wconf 89' lang='grc' dir='ltr'><strong>μίαν</strong></span> <span class='ocrx_word' id='word_1_531' title='bbox 675 3776 892 3847; x_wconf 81' lang='grc' dir='ltr'><strong>ἡμέραν</strong></span> <span class='ocrx_word' id='word_1_532' title='bbox 942 3777 975 3845; x_wconf 85' lang='grc' dir='ltr'><strong>ή</strong></span> <span class='ocrx_word' id='word_1_533' title='bbox 1019 3774 1133 3844; x_wconf 78' lang='grc' dir='ltr'><strong>ζωὴ</strong></span> <span class='ocrx_word' id='word_1_534' title='bbox 1168 3774 1377 3839; x_wconf 78' lang='grc' dir='ltr'><strong>αὑτοῦ,</strong></span> <span class='ocrx_word' id='word_1_535' title='bbox 1429 3773 1522 3827; x_wconf 78' lang='grc' dir='ltr'><strong>καὶ</strong></span> <span class='ocrx_word' id='word_1_536' title='bbox 1560 3773 1716 3843; x_wconf 81' lang='grc' dir='ltr'><strong>δῆλον</strong></span> <span class='ocrx_word' id='word_1_537' title='bbox 1746 3773 1831 3825; x_wconf 86' lang='grc' dir='ltr'><strong>ὃτι</strong></span> 
     </span>
    </p>
   </div>
   <div class='ocr_carea' id='block_1_73' title="bbox 248 3862 1829 3936">
    <p class='ocr_par' dir='ltr' id='par_1_73' title="bbox 248 3862 1829 3936">
     <span class='ocr_line' id='line_1_74' title="bbox 248 3862 1829 3936; baseline -0.002 -18"><span class='ocrx_word' id='word_1_538' title='bbox 248 3866 425 3930; x_wconf 76' lang='grc' dir='ltr'><strong>οὐδεὶς</strong></span> <span class='ocrx_word' id='word_1_539' title='bbox 462 3868 511 3919; x_wconf 89' lang='grc' dir='ltr'><strong>εἰ</strong></span> <span class='ocrx_word' id='word_1_540' title='bbox 549 3867 708 3936; x_wconf 84' lang='grc' dir='ltr'><strong>μόνος</strong></span> <span class='ocrx_word' id='word_1_541' title='bbox 739 3870 767 3920; x_wconf 90' lang='grc' dir='ltr'><strong>ό</strong></span> <span class='ocrx_word' id='word_1_542' title='bbox 795 3866 949 3929; x_wconf 83' lang='grc' dir='ltr'><strong>Θεός.</strong></span> <span class='ocrx_word' id='word_1_543' title='bbox 998 3868 1106 3919; x_wconf 72' lang='grc' dir='ltr'><strong>Καὶ</strong></span> <span class='ocrx_word' id='word_1_544' title='bbox 1137 3866 1462 3933; x_wconf 80' lang='grc' dir='ltr'><strong>ἀκούσωμεν</strong></span> <span class='ocrx_word' id='word_1_545' title='bbox 1491 3863 1544 3917; x_wconf 89' lang='grc' dir='ltr'><strong>τί</strong></span> <span class='ocrx_word' id='word_1_546' title='bbox 1577 3863 1707 3933; x_wconf 54' lang='grc' dir='ltr'><strong>περὶ⁵</strong></span> <span class='ocrx_word' id='word_1_547' title='bbox 1734 3862 1829 3916; x_wconf 88' lang='grc' dir='ltr'><strong>τοῦ</strong></span> 
     </span>
    </p>
   </div>
   <div class='ocr_carea' id='block_1_74' title="bbox 251 3952 1831 4028">
    <p class='ocr_par' dir='ltr' id='par_1_74' title="bbox 251 3952 1831 4028">
     <span class='ocr_line' id='line_1_75' title="bbox 251 3952 1831 4028; baseline -0.003 -19"><span class='ocrx_word' id='word_1_548' title='bbox 251 3956 519 4020; x_wconf 89' lang='grc' dir='ltr'><strong>παθόντος</strong></span> <span class='ocrx_word' id='word_1_549' title='bbox 544 3956 787 4028; x_wconf 88' lang='grc' dir='ltr'><strong>Χριστοῦ</strong></span> <span class='ocrx_word' id='word_1_550' title='bbox 816 3956 975 4027; x_wconf 88' lang='grc' dir='ltr'><strong>ήμῶν</strong></span> <span class='ocrx_word' id='word_1_551' title='bbox 1006 3959 1035 4010; x_wconf 85' lang='grc' dir='ltr'><strong>ό</strong></span> <span class='ocrx_word' id='word_1_552' title='bbox 1068 3957 1294 4018; x_wconf 75' lang='grc' dir='ltr'><strong>Ἡσαΐας</strong></span> <span class='ocrx_word' id='word_1_553' title='bbox 1322 3954 1497 4022; x_wconf 70' lang='grc' dir='ltr'><strong>λέγει*</strong></span> <span class='ocrx_word' id='word_1_554' title='bbox 1541 3971 1559 4003; x_wconf 81' lang='grc' dir='ltr'><strong>ι</strong></span> <span class='ocrx_word' id='word_1_555' title='bbox 1583 3953 1669 4016; x_wconf 74' lang='grc' dir='ltr'><strong>Ὠς</strong></span> <span class='ocrx_word' id='word_1_556' title='bbox 1696 3952 1831 4023; x_wconf 83' lang='grc' dir='ltr'><strong>πρό-</strong></span> 
     </span>
    </p>
   </div>
   <div class='ocr_carea' id='block_1_75' title="bbox 250 4042 1829 4119">
    <p class='ocr_par' dir='ltr' id='par_1_75' title="bbox 250 4042 1829 4119">
     <span class='ocr_line' id='line_1_76' title="bbox 250 4042 1829 4119; baseline -0.003 -19"><span class='ocrx_word' id='word_1_557' title='bbox 250 4047 417 4101; x_wconf 72' lang='grc' dir='ltr'><strong>ϐατον</strong></span> <span class='ocrx_word' id='word_1_558' title='bbox 448 4049 541 4100; x_wconf 75' lang='grc' dir='ltr'><strong>ἐπὶ</strong></span> <span class='ocrx_word' id='word_1_559' title='bbox 571 4048 784 4119; x_wconf 83' lang='grc' dir='ltr'><strong>σφαγὴν</strong></span> <span class='ocrx_word' id='word_1_560' title='bbox 812 4047 986 4119; x_wconf 81' lang='grc' dir='ltr'><strong>ῆχθη.</strong></span> <span class='ocrx_word' id='word_1_561' title='bbox 1031 4048 1122 4101; x_wconf 73' lang='grc' dir='ltr'><strong>καὶ</strong></span> <span class='ocrx_word' id='word_1_562' title='bbox 1154 4045 1230 4108; x_wconf 85' lang='grc' dir='ltr'><strong>ὼς</strong></span> <span class='ocrx_word' id='word_1_563' title='bbox 1259 4045 1431 4114; x_wconf 83' lang='grc' dir='ltr'><strong>ἀμνὸς</strong></span> <span class='ocrx_word' id='word_1_564' title='bbox 1461 4045 1704 4107; x_wconf 73' lang='grc' dir='ltr'><strong>ἐναντίον</strong></span> <span class='ocrx_word' id='word_1_565' title='bbox 1732 4042 1829 4096; x_wconf 78' lang='grc' dir='ltr'><strong>τοῦ</strong></span> 
     </span>
    </p>
   </div>
   <div class='ocr_carea' id='block_1_76' title="bbox 249 4133 1849 4210">
    <p class='ocr_par' dir='ltr' id='par_1_76' title="bbox 249 4133 1849 4210">
     <span class='ocr_line' id='line_1_77' title="bbox 249 4133 1849 4210; baseline -0.002 -19"><span class='ocrx_word' id='word_1_566' title='bbox 249 4140 533 4210; x_wconf 82' lang='grc' dir='ltr'><strong>κείροντος</strong></span> <span class='ocrx_word' id='word_1_567' title='bbox 564 4139 728 4193; x_wconf 82' lang='grc' dir='ltr'><strong>αὑτὸν</strong></span> <span class='ocrx_word' id='word_1_568' title='bbox 756 4140 997 4208; x_wconf 75' lang='grc' dir='ltr'><strong>ἄφωνος·</strong></span> <span class='ocrx_word' id='word_1_569' title='bbox 1036 4138 1143 4192; x_wconf 78' lang='grc' dir='ltr'><strong>ἀπὸ</strong></span> <span class='ocrx_word' id='word_1_570' title='bbox 1174 4135 1553 4205; x_wconf 77' lang='grc' dir='ltr'><strong>τῶνάνομιῶν</strong></span> <span class='ocrx_word' id='word_1_571' title='bbox 1578 4133 1672 4201; x_wconf 83' lang='grc' dir='ltr'><strong>τοῦ</strong></span> <span class='ocrx_word' id='word_1_572' title='bbox 1697 4133 1849 4195; x_wconf 81' lang='grc' dir='ltr'><strong>λαοῦ¹</strong></span> 
     </span>
    </p>
   </div>
   <div class='ocr_carea' id='block_1_77' title="bbox 250 4227 1835 4301">
    <p class='ocr_par' dir='ltr' id='par_1_77' title="bbox 250 4227 1835 4301">
     <span class='ocr_line' id='line_1_78' title="bbox 250 4227 1835 4301; baseline -0.001 -19"><span class='ocrx_word' id='word_1_573' title='bbox 250 4247 357 4299; x_wconf 90' lang='grc' dir='ltr'><strong>μου</strong></span> <span class='ocrx_word' id='word_1_574' title='bbox 406 4230 547 4301; x_wconf 72' lang='grc' dir='ltr'><strong>ἤχθη</strong></span> <span class='ocrx_word' id='word_1_575' title='bbox 597 4230 678 4292; x_wconf 86' lang='grc' dir='ltr'><strong>εἰς</strong></span> <span class='ocrx_word' id='word_1_576' title='bbox 727 4230 956 4284; x_wconf 85' lang='grc' dir='ltr'><strong>θάνατον</strong></span> <span class='ocrx_word' id='word_1_577' title='bbox 980 4245 995 4261; x_wconf 85' lang='grc'>⁶</span> <span class='ocrx_word' id='word_1_578' title='bbox 1054 4230 1165 4283; x_wconf 57' lang='grc' dir='ltr'><strong>καὶη</strong></span> <span class='ocrx_word' id='word_1_579' title='bbox 1194 4228 1352 4281; x_wconf 81' lang='grc' dir='ltr'><strong>δώσω</strong></span> <span class='ocrx_word' id='word_1_580' title='bbox 1392 4228 1521 4289; x_wconf 80' lang='grc' dir='ltr'><strong>τοὺς</strong></span> <span class='ocrx_word' id='word_1_581' title='bbox 1559 4227 1835 4297; x_wconf 49' lang='grc' dir='ltr'><strong>πονηροὺς,</strong></span> 
     </span>
    </p>
   </div>
   <div class='ocr_carea' id='block_1_78' title="bbox 248 4316 1830 4393">
    <p class='ocr_par' dir='ltr' id='par_1_78' title="bbox 248 4316 1830 4393">
     <span class='ocr_line' id='line_1_79' title="bbox 248 4316 1830 4393; baseline -0.004 -18"><span class='ocrx_word' id='word_1_582' title='bbox 248 4322 374 4376; x_wconf 75' lang='grc' dir='ltr'><strong>ἀντὶ</strong></span> <span class='ocrx_word' id='word_1_583' title='bbox 406 4322 506 4392; x_wconf 86' lang='grc' dir='ltr'><strong>τῆς</strong></span> <span class='ocrx_word' id='word_1_584' title='bbox 534 4323 710 4393; x_wconf 84' lang='grc' dir='ltr'><strong>ταφῆς</strong></span> <span class='ocrx_word' id='word_1_585' title='bbox 738 4322 905 4375; x_wconf 79' lang='grc' dir='ltr'><strong>αὑτοῦ</strong></span> <span class='ocrx_word' id='word_1_586' title='bbox 926 4363 941 4387; x_wconf 91' lang='grc'><strong>,</strong></span> <span class='ocrx_word' id='word_1_587' title='bbox 993 4323 1085 4375; x_wconf 77' lang='grc' dir='ltr'><strong>καὶ</strong></span> <span class='ocrx_word' id='word_1_588' title='bbox 1113 4323 1239 4383; x_wconf 82' lang='grc' dir='ltr'><strong>τοὺς</strong></span> <span class='ocrx_word' id='word_1_589' title='bbox 1269 4319 1555 4380; x_wconf 86' lang='grc' dir='ltr'><strong>πλουσίους</strong></span> <span class='ocrx_word' id='word_1_590' title='bbox 1583 4318 1707 4371; x_wconf 72' lang='grc' dir='ltr'><strong>ἀντὶ</strong></span> <span class='ocrx_word' id='word_1_591' title='bbox 1732 4316 1830 4370; x_wconf 88' lang='grc' dir='ltr'><strong>τοῦ</strong></span> 
     </span>
    </p>
   </div>
   <div class='ocr_carea' id='block_1_79' title="bbox 249 4408 1830 4483">
    <p class='ocr_par' dir='ltr' id='par_1_79' title="bbox 249 4408 1830 4483">
     <span class='ocr_line' id='line_1_80' title="bbox 249 4408 1830 4483; baseline -0.004 -16"><span class='ocrx_word' id='word_1_592' title='bbox 249 4414 486 4467; x_wconf 83' lang='grc' dir='ltr'><strong>θανάτου</strong></span> <span class='ocrx_word' id='word_1_593' title='bbox 507 4429 522 4443; x_wconf 71' lang='grc' dir='ltr'><strong>ο</strong></span> <span class='ocrx_word' id='word_1_594' title='bbox 580 4414 661 4467; x_wconf 83' lang='grc' dir='ltr'><strong>ὅτι</strong></span> <span class='ocrx_word' id='word_1_595' title='bbox 710 4413 984 4483; x_wconf 84' lang='grc' dir='ltr'><strong>ἁμαρτίαν</strong></span> <span class='ocrx_word' id='word_1_596' title='bbox 1017 4414 1117 4466; x_wconf 81' lang='grc' dir='ltr'><strong>οὐκ</strong></span> <span class='ocrx_word' id='word_1_597' title='bbox 1146 4412 1400 4481; x_wconf 80' lang='grc' dir='ltr'><strong>ἐποίησεν</strong></span> <span class='ocrx_word' id='word_1_598' title='bbox 1421 4451 1435 4474; x_wconf 85' lang='grc'><strong>,</strong></span> <span class='ocrx_word' id='word_1_599' title='bbox 1476 4409 1597 4462; x_wconf 83' lang='grc' dir='ltr'><strong>οὐδὲ</strong></span> <span class='ocrx_word' id='word_1_600' title='bbox 1628 4408 1830 4478; x_wconf 82' lang='grc' dir='ltr'><strong>εὑρέθη</strong></span> 
     </span>
    </p>
   </div>
   <div class='ocr_carea' id='block_1_80' title="bbox 246 4500 1831 4576">
    <p class='ocr_par' dir='ltr' id='par_1_80' title="bbox 246 4500 1831 4576">
     <span class='ocr_line' id='line_1_81' title="bbox 246 4500 1831 4576; baseline -0.004 -16"><span class='ocrx_word' id='word_1_601' title='bbox 246 4507 397 4569; x_wconf 86' lang='grc' dir='ltr'><strong>δόλος</strong></span> <span class='ocrx_word' id='word_1_602' title='bbox 448 4510 506 4560; x_wconf 80' lang='grc' dir='ltr'><strong>ὲν</strong></span> <span class='ocrx_word' id='word_1_603' title='bbox 536 4506 613 4573; x_wconf 87' lang='grc' dir='ltr'>τῷ</span> <span class='ocrx_word' id='word_1_604' title='bbox 658 4507 884 4576; x_wconf 86' lang='grc' dir='ltr'><strong>στόματι</strong></span> <span class='ocrx_word' id='word_1_605' title='bbox 932 4506 1118 4558; x_wconf 87' lang='grc' dir='ltr'><strong>αὑτοῦ.</strong></span> <span class='ocrx_word' id='word_1_606' title='bbox 1155 4524 1173 4555; x_wconf 80' lang='grc' dir='ltr'><strong>ι</strong></span> <span class='ocrx_word' id='word_1_607' title='bbox 1199 4500 1349 4574; x_wconf 75' lang='grc' dir='ltr'><strong>τΑρα</strong></span> <span class='ocrx_word' id='word_1_608' title='bbox 1375 4503 1485 4561; x_wconf 76' lang='grc' dir='ltr'><strong>οὐκ,</strong></span> <span class='ocrx_word' id='word_1_609' title='bbox 1508 4500 1831 4571; x_wconf 79' lang='grc' dir='ltr'><strong>αἰσχύνεσθε</strong></span> 
     </span>
    </p>
   </div>
   <div class='ocr_carea' id='block_1_81' title="bbox 248 4593 1851 4668">
    <p class='ocr_par' dir='ltr' id='par_1_81' title="bbox 248 4593 1851 4668">
     <span class='ocr_line' id='line_1_82' title="bbox 248 4593 1851 4668; baseline -0.004 -17"><span class='ocrx_word' id='word_1_610' title='bbox 248 4598 474 4665; x_wconf 74' lang='grc' dir='ltr'><strong>λοιπόνς</strong></span> <span class='ocrx_word' id='word_1_611' title='bbox 516 4598 623 4652; x_wconf 83' lang='grc' dir='ltr'><strong>ἰδοὺ</strong></span> <span class='ocrx_word' id='word_1_612' title='bbox 646 4597 953 4666; x_wconf 82' lang='grc' dir='ltr'><strong>προφανῶς</strong></span> <span class='ocrx_word' id='word_1_613' title='bbox 983 4596 1407 4668; x_wconf 77' lang='grc' dir='ltr'><strong>ᾑσχημονήσατε</strong></span> <span class='ocrx_word' id='word_1_614' title='bbox 1430 4610 1446 4625; x_wconf 78' lang='grc' dir='ltr'><strong>ο</strong></span> <span class='ocrx_word' id='word_1_615' title='bbox 1497 4593 1851 4664; x_wconf 21' lang='grc' dir='ltr'><strong>είπατεγάρν</strong></span> 
     </span>
    </p>
   </div>
   <div class='ocr_carea' id='block_1_82' title="bbox 248 4684 1830 4759">
    <p class='ocr_par' dir='ltr' id='par_1_82' title="bbox 248 4684 1830 4759">
     <span class='ocr_line' id='line_1_83' title="bbox 248 4684 1830 4759; baseline -0.005 -14"><span class='ocrx_word' id='word_1_616' title='bbox 248 4691 340 4745; x_wconf 81' lang='grc' dir='ltr'><strong>ὅτι</strong></span> <span class='ocrx_word' id='word_1_617' title='bbox 390 4690 479 4743; x_wconf 83' lang='grc' dir='ltr'><strong>διὰ.</strong></span> <span class='ocrx_word' id='word_1_618' title='bbox 523 4690 585 4743; x_wconf 83' lang='grc' dir='ltr'><strong>τὸ</strong></span> <span class='ocrx_word' id='word_1_619' title='bbox 629 4692 970 4759; x_wconf 79' lang='grc' dir='ltr'><strong>παρανομεῖν</strong></span> <span class='ocrx_word' id='word_1_620' title='bbox 1016 4686 1402 4757; x_wconf 82' lang='grc' dir='ltr'><strong>ἐσταυρώσατε</strong></span> <span class='ocrx_word' id='word_1_621' title='bbox 1449 4686 1649 4751; x_wconf 70' lang='grc' dir='ltr'><strong>αὑτὸν,</strong></span> <span class='ocrx_word' id='word_1_622' title='bbox 1707 4686 1736 4737; x_wconf 91' lang='grc' dir='ltr'><strong>ό</strong></span> <span class='ocrx_word' id='word_1_623' title='bbox 1772 4684 1830 4737; x_wconf 79' lang='grc' dir='ltr'><strong>δὲ</strong></span> 
     </span>
    </p>
   </div>
   <div class='ocr_carea' id='block_1_83' title="bbox 250 4774 1831 4852">
    <p class='ocr_par' dir='ltr' id='par_1_83' title="bbox 250 4774 1831 4852">
     <span class='ocr_line' id='line_1_84' title="bbox 250 4774 1831 4852; baseline -0.005 -18"><span class='ocrx_word' id='word_1_624' title='bbox 250 4783 550 4852; x_wconf 83' lang='grc' dir='ltr'><strong>προφήτης.</strong></span> <span class='ocrx_word' id='word_1_625' title='bbox 573 4781 725 4849; x_wconf 87' lang='grc' dir='ltr'><strong>λέγει</strong></span> <span class='ocrx_word' id='word_1_626' title='bbox 753 4782 835 4835; x_wconf 79' lang='grc' dir='ltr'><strong>ὅτι</strong></span> <span class='ocrx_word' id='word_1_627' title='bbox 859 4779 1138 4850; x_wconf 80' lang='grc' dir='ltr'><strong>ἁμαρτίαν</strong></span> <span class='ocrx_word' id='word_1_628' title='bbox 1168 4778 1268 4832; x_wconf 82' lang='grc' dir='ltr'><strong>οὐκ</strong></span> <span class='ocrx_word' id='word_1_629' title='bbox 1294 4778 1539 4847; x_wconf 69' lang='grc' dir='ltr'><strong>ἑποίηρε.</strong></span> <span class='ocrx_word' id='word_1_630' title='bbox 1572 4776 1681 4841; x_wconf 69' lang='grc' dir='ltr'><strong>Καὶ</strong></span> <span class='ocrx_word' id='word_1_631' title='bbox 1708 4774 1831 4837; x_wconf 77' lang='grc' dir='ltr'><strong>ἐπεὶ</strong></span> 
     </span>
    </p>
   </div>
   <div class='ocr_carea' id='block_1_84' title="bbox 249 4865 1851 4942">
    <p class='ocr_par' dir='ltr' id='par_1_84' title="bbox 249 4865 1851 4942">
     <span class='ocr_line' id='line_1_85' title="bbox 249 4865 1851 4942; baseline -0.004 -18"><span class='ocrx_word' id='word_1_632' title='bbox 249 4872 427 4935; x_wconf 78' lang='grc' dir='ltr'><strong>οὐδεὶς</strong></span> <span class='ocrx_word' id='word_1_633' title='bbox 448 4872 830 4942; x_wconf 84' lang='grc' dir='ltr'><strong>ἀναμάρτητος</strong></span> <span class='ocrx_word' id='word_1_634' title='bbox 856 4872 906 4925; x_wconf 91' lang='grc' dir='ltr'><strong>εἰ</strong></span> <span class='ocrx_word' id='word_1_635' title='bbox 933 4870 1007 4939; x_wconf 82' lang='grc' dir='ltr'><strong>μὴ</strong></span> <span class='ocrx_word' id='word_1_636' title='bbox 1036 4869 1194 4938; x_wconf 85' lang='grc' dir='ltr'><strong>μόνος</strong></span> <span class='ocrx_word' id='word_1_637' title='bbox 1219 4870 1246 4921; x_wconf 84' lang='grc' dir='ltr'>ὁ</span> <span class='ocrx_word' id='word_1_638' title='bbox 1266 4868 1420 4937; x_wconf 78' lang='grc' dir='ltr'><strong>Θεὸς,</strong></span> <span class='ocrx_word' id='word_1_639' title='bbox 1448 4866 1605 4938; x_wconf 88' lang='grc' dir='ltr'><strong>δῆλον</strong></span> <span class='ocrx_word' id='word_1_640' title='bbox 1630 4867 1712 4933; x_wconf 71' lang='grc' dir='ltr'><strong>ὅτι</strong></span> <span class='ocrx_word' id='word_1_641' title='bbox 1730 4865 1851 4931; x_wconf 27' lang='grc' dir='ltr'><strong>,καὶζ</strong></span> 
     </span>
    </p>
   </div>
   <div class='ocr_carea' id='block_1_85' title="bbox 252 4953 1853 5029">
    <p class='ocr_par' dir='ltr' id='par_1_85' title="bbox 252 4953 1853 5029">
     <span class='ocr_line' id='line_1_86' title="bbox 252 4953 1853 5029; baseline -0.005 -17"><span class='ocrx_word' id='word_1_642' title='bbox 252 4960 389 5022; x_wconf 86' lang='grc' dir='ltr'><strong>Θεός</strong></span> <span class='ocrx_word' id='word_1_643' title='bbox 417 4962 561 5013; x_wconf 74' lang='grc' dir='ltr'><strong>ἐστιν</strong></span> <span class='ocrx_word' id='word_1_644' title='bbox 592 4959 844 5029; x_wconf 79' lang='grc' dir='ltr'><strong>ἀληθινὸς</strong></span> <span class='ocrx_word' id='word_1_645' title='bbox 870 4961 899 5012; x_wconf 86' lang='grc' dir='ltr'><strong>ό</strong></span> <span class='ocrx_word' id='word_1_646' title='bbox 926 4956 1256 5028; x_wconf 67' lang='grc' dir='ltr'><strong>παυρωθείς</strong></span> <span class='ocrx_word' id='word_1_647' title='bbox 1296 4955 1389 5026; x_wconf 61' lang='grc' dir='ltr'><strong>ὑφῗ</strong></span> <span class='ocrx_word' id='word_1_648' title='bbox 1421 4955 1577 5027; x_wconf 80' lang='grc' dir='ltr'><strong>ὑμῶν</strong></span> <span class='ocrx_word' id='word_1_649' title='bbox 1598 4972 1611 4985; x_wconf 89' lang='grc'><strong>·</strong></span> <span class='ocrx_word' id='word_1_650' title='bbox 1648 4953 1853 5027; x_wconf 56' lang='grc' dir='ltr'><strong>ἁμαρέ.</strong></span> 
     </span>
    </p>
   </div>
   <div class='ocr_carea' id='block_1_86' title="bbox 252 5048 1831 5123">
    <p class='ocr_par' dir='ltr' id='par_1_86' title="bbox 252 5048 1831 5123">
     <span class='ocr_line' id='line_1_87' title="bbox 252 5048 1831 5123; baseline -0.003 -18"><span class='ocrx_word' id='word_1_651' title='bbox 252 5052 378 5105; x_wconf 87' lang='grc' dir='ltr'><strong>τίαν</strong></span> <span class='ocrx_word' id='word_1_652' title='bbox 407 5053 516 5122; x_wconf 83' lang='grc' dir='ltr'><strong>γὰρ</strong></span> <span class='ocrx_word' id='word_1_653' title='bbox 546 5053 645 5106; x_wconf 79' lang='grc' dir='ltr'><strong>οὐκ</strong></span> <span class='ocrx_word' id='word_1_654' title='bbox 672 5052 949 5122; x_wconf 74' lang='grc' dir='ltr'><strong>ἐποίησεν,</strong></span> <span class='ocrx_word' id='word_1_655' title='bbox 982 5050 1103 5104; x_wconf 77' lang='grc' dir='ltr'><strong>οὐδὲ</strong></span> <span class='ocrx_word' id='word_1_656' title='bbox 1131 5048 1330 5120; x_wconf 80' lang='grc' dir='ltr'><strong>εὑρέθη</strong></span> <span class='ocrx_word' id='word_1_657' title='bbox 1358 5048 1505 5110; x_wconf 87' lang='grc' dir='ltr'><strong>δόλος</strong></span> <span class='ocrx_word' id='word_1_658' title='bbox 1524 5049 1589 5123; x_wconf 19' lang='grc' dir='ltr'><strong>(ἐν</strong></span> <span class='ocrx_word' id='word_1_659' title='bbox 1614 5048 1690 5117; x_wconf 83' lang='grc' dir='ltr'><strong>τῷ</strong></span> <span class='ocrx_word' id='word_1_660' title='bbox 1713 5048 1831 5101; x_wconf 87' lang='grc' dir='ltr'><strong>στό-</strong></span> 
     </span>
    </p>
   </div>
   <div class='ocr_carea' id='block_1_87' title="bbox 259 5140 1829 5215">
    <p class='ocr_par' dir='ltr' id='par_1_87' title="bbox 259 5140 1829 5215">
     <span class='ocr_line' id='line_1_88' title="bbox 259 5140 1829 5215; baseline -0.002 -19"><span class='ocrx_word' id='word_1_661' title='bbox 259 5160 394 5213; x_wconf 89' lang='grc' dir='ltr'><strong>ματι</strong></span> <span class='ocrx_word' id='word_1_662' title='bbox 440 5143 627 5200; x_wconf 81' lang='grc' dir='ltr'><strong>αὑτοῦ.</strong></span> <span class='ocrx_word' id='word_1_663' title='bbox 658 5145 887 5215; x_wconf 82' lang='grc' dir='ltr'><strong>Ἰδωμεν</strong></span> <span class='ocrx_word' id='word_1_664' title='bbox 919 5143 974 5196; x_wconf 78' lang='grc' dir='ltr'><strong>δὲ</strong></span> <span class='ocrx_word' id='word_1_665' title='bbox 1007 5142 1060 5195; x_wconf 84' lang='grc' dir='ltr'><strong>τί</strong></span> <span class='ocrx_word' id='word_1_666' title='bbox 1113 5143 1209 5195; x_wconf 74' lang='grc' dir='ltr'><strong>καὶ</strong></span> <span class='ocrx_word' id='word_1_667' title='bbox 1252 5142 1301 5195; x_wconf 86' lang='grc' dir='ltr'><strong>οἰ</strong></span> <span class='ocrx_word' id='word_1_668' title='bbox 1339 5140 1518 5207; x_wconf 63' lang='grc' dir='ltr'><strong>λοιποὶ</strong></span> <span class='ocrx_word' id='word_1_669' title='bbox 1553 5140 1829 5209; x_wconf 76' lang='grc' dir='ltr'><strong>προφῆται</strong></span> 
     </span>
    </p>
   </div>
   <div class='ocr_carea' id='block_1_88' title="bbox 257 5232 1829 5305">
    <p class='ocr_par' dir='ltr' id='par_1_88' title="bbox 257 5232 1829 5305">
     <span class='ocr_line' id='line_1_89' title="bbox 257 5232 1829 5305; baseline -0.005 -16"><span class='ocrx_word' id='word_1_670' title='bbox 257 5236 391 5305; x_wconf 70' lang='grc' dir='ltr'><strong>περ).</strong></span> <span class='ocrx_word' id='word_1_671' title='bbox 446 5235 540 5289; x_wconf 88' lang='grc' dir='ltr'><strong>τοῦ</strong></span> <span class='ocrx_word' id='word_1_672' title='bbox 590 5235 860 5299; x_wconf 85' lang='grc' dir='ltr'><strong>παθόντος</strong></span> <span class='ocrx_word' id='word_1_673' title='bbox 908 5233 1355 5305; x_wconf 54' lang='grc' dir='ltr'><strong>Χριστοῗδβίιμῶν¹</strong></span> <span class='ocrx_word' id='word_1_674' title='bbox 1386 5233 1675 5303; x_wconf 79' lang='grc' dir='ltr'><strong>λέγουσιν·</strong></span> <span class='ocrx_word' id='word_1_675' title='bbox 1734 5232 1829 5282; x_wconf 80' lang='grc' dir='ltr'><strong>ἐὰν</strong></span> 
     </span>
    </p>
   </div>
   <div class='ocr_carea' id='block_1_89' title="bbox 255 5312 1827 5398">
    <p class='ocr_par' dir='ltr' id='par_1_89' title="bbox 255 5312 1827 5398">
     <span class='ocr_line' id='line_1_90' title="bbox 255 5312 1827 5398; baseline -0.003 -21"><span class='ocrx_word' id='word_1_676' title='bbox 255 5324 337 5388; x_wconf 86' lang='grc' dir='ltr'><strong>ῶς</strong></span> <span class='ocrx_word' id='word_1_677' title='bbox 384 5325 716 5398; x_wconf 79' lang='grc' dir='ltr'><strong>κακοῦργον,</strong></span> <span class='ocrx_word' id='word_1_678' title='bbox 750 5326 783 5396; x_wconf 83' lang='grc' dir='ltr'>ἢ</span> <span class='ocrx_word' id='word_1_679' title='bbox 819 5326 913 5379; x_wconf 86' lang='grc' dir='ltr'><strong>ὲάν</strong></span> <span class='ocrx_word' id='word_1_680' title='bbox 943 5326 1017 5390; x_wconf 86' lang='grc' dir='ltr'><strong>ὡς</strong></span> <span class='ocrx_word' id='word_1_681' title='bbox 1050 5312 1443 5397; x_wconf 72' lang='grc' dir='ltr'><strong>Κύριοναῦτὸν</strong></span> <span class='ocrx_word' id='word_1_682' title='bbox 1468 5321 1791 5395; x_wconf 77' lang='grc' dir='ltr'><strong>ὁμολογοῦσι</strong></span> <span class='ocrx_word' id='word_1_683' title='bbox 1813 5337 1827 5351; x_wconf 68' lang='grc' dir='ltr'>θ</span> 
     </span>
    </p>
   </div>
   <div class='ocr_carea' id='block_1_90' title="bbox 256 5411 1832 5487">
    <p class='ocr_par' dir='ltr' id='par_1_90' title="bbox 256 5411 1832 5487">
     <span class='ocr_line' id='line_1_91' title="bbox 256 5411 1832 5487; baseline -0.003 -19"><span class='ocrx_word' id='word_1_684' title='bbox 256 5416 404 5485; x_wconf 80' lang='grc' dir='ltr'><strong>τάχα</strong></span> <span class='ocrx_word' id='word_1_685' title='bbox 428 5415 538 5487; x_wconf 74' lang='grc' dir='ltr'><strong>γὰρ</strong></span> <span class='ocrx_word' id='word_1_686' title='bbox 567 5417 631 5470; x_wconf 80' lang='grc' dir='ltr'><strong>τὸ</strong></span> <span class='ocrx_word' id='word_1_687' title='bbox 656 5417 862 5487; x_wconf 87' lang='grc' dir='ltr'><strong>πλῆθος</strong></span> <span class='ocrx_word' id='word_1_688' title='bbox 892 5417 1000 5471; x_wconf 88' lang='grc' dir='ltr'><strong>τῶν</strong></span> <span class='ocrx_word' id='word_1_689' title='bbox 1028 5416 1323 5487; x_wconf 87' lang='grc' dir='ltr'><strong>προφητῶν</strong></span> <span class='ocrx_word' id='word_1_690' title='bbox 1353 5412 1706 5484; x_wconf 78' lang='grc' dir='ltr'><strong>ὲντρέπεσθε,</strong></span> <span class='ocrx_word' id='word_1_691' title='bbox 1738 5411 1832 5464; x_wconf 82' lang='grc' dir='ltr'><strong>καὶ</strong></span> 
     </span>
    </p>
   </div>
   <div class='ocr_carea' id='block_1_91' title="bbox 259 5490 1831 5577">
    <p class='ocr_par' dir='ltr' id='par_1_91' title="bbox 259 5490 1831 5577">
     <span class='ocr_line' id='line_1_92' title="bbox 259 5490 1831 5577; baseline -0.001 -20"><span class='ocrx_word' id='word_1_692' title='bbox 259 5506 532 5577; x_wconf 81' lang='grc' dir='ltr'><strong>φιμοῦσθε</strong></span> <span class='ocrx_word' id='word_1_693' title='bbox 573 5506 760 5561; x_wconf 78' lang='grc' dir='ltr'><strong>λοιπὸν</strong></span> <span class='ocrx_word' id='word_1_694' title='bbox 792 5508 889 5562; x_wconf 88' lang='grc' dir='ltr'><strong>τοῦ</strong></span> <span class='ocrx_word' id='word_1_695' title='bbox 917 5508 1098 5577; x_wconf 88' lang='grc' dir='ltr'><strong>λέγειν</strong></span> <span class='ocrx_word' id='word_1_696' title='bbox 1130 5507 1273 5561; x_wconf 86' lang='grc' dir='ltr'><strong>κατά</strong></span> <span class='ocrx_word' id='word_1_697' title='bbox 1299 5504 1540 5575; x_wconf 86' lang='grc' dir='ltr'><strong>Χριστοῦ</strong></span> <span class='ocrx_word' id='word_1_698' title='bbox 1572 5503 1668 5557; x_wconf 80' lang='grc' dir='ltr'><strong>καὶ</strong></span> <span class='ocrx_word' id='word_1_699' title='bbox 1693 5490 1831 5573; x_wconf 83' lang='grc' dir='ltr'><strong>Χρι-</strong></span> 
     </span>
    </p>
   </div>
   <div class='ocr_carea' id='block_1_92' title="bbox 338 5676 1558 5749">
    <p class='ocr_par' dir='ltr' id='par_1_92' title="bbox 338 5676 1558 5749">
     <span class='ocr_line' id='line_1_93' title="bbox 338 5676 1558 5749; baseline -0.006 -12"><span class='ocrx_word' id='word_1_700' title='bbox 338 5682 355 5714; x_wconf 86' lang='grc'>¹</span> <span class='ocrx_word' id='word_1_701' title='bbox 388 5683 562 5749; x_wconf 78' lang='lat' dir='ltr'><strong>lsa.tr,</strong></span> <span class='ocrx_word' id='word_1_702' title='bbox 581 5682 637 5737; x_wconf 75' lang='lat'><strong>3.</strong></span> <span class='ocrx_word' id='word_1_703' title='bbox 711 5684 732 5715; x_wconf 82' lang='lat'>&#39;</span> <span class='ocrx_word' id='word_1_704' title='bbox 752 5682 852 5737; x_wconf 87' lang='lat' dir='ltr'><strong>Job</strong></span> <span class='ocrx_word' id='word_1_705' title='bbox 881 5698 985 5747; x_wconf 78' lang='lat' dir='ltr'><strong>xlv,</strong></span> <span class='ocrx_word' id='word_1_706' title='bbox 1008 5680 1058 5735; x_wconf 62' lang='grc' dir='ltr'><strong>εί.</strong></span> <span class='ocrx_word' id='word_1_707' title='bbox 1138 5680 1279 5735; x_wconf 78' lang='lat' dir='ltr'><strong>&#39;isa.</strong></span> <span class='ocrx_word' id='word_1_708' title='bbox 1304 5693 1414 5743; x_wconf 83' lang='lat' dir='ltr'><strong>Llll,</strong></span> <span class='ocrx_word' id='word_1_709' title='bbox 1434 5676 1487 5745; x_wconf 83' lang='grc'><strong>6,</strong></span> <span class='ocrx_word' id='word_1_710' title='bbox 1507 5677 1558 5730; x_wconf 88' lang='lat'><strong>7.</strong></span> 
     </span>
    </p>
   </div>
   <div class='ocr_carea' id='block_1_93' title="bbox 2001 3566 3508 3645">
    <p class='ocr_par' dir='ltr' id='par_1_93' title="bbox 2001 3566 3508 3645">
     <span class='ocr_line' id='line_1_94' title="bbox 2001 3566 3508 3645; baseline -0.012 -7"><span class='ocrx_word' id='word_1_711' title='bbox 2001 3583 2372 3640; x_wconf 81' lang='lat' dir='ltr'><strong>Dicitcautem</strong></span> <span class='ocrx_word' id='word_1_712' title='bbox 2399 3577 2562 3640; x_wconf 87' lang='lat' dir='ltr'><strong>mihi,</strong></span> <span class='ocrx_word' id='word_1_713' title='bbox 2588 3574 2716 3645; x_wconf 83' lang='lat' dir='ltr'><strong>quis</strong></span> <span class='ocrx_word' id='word_1_714' title='bbox 2732 3581 2818 3628; x_wconf 89' lang='lat' dir='ltr'><strong>est</strong></span> <span class='ocrx_word' id='word_1_715' title='bbox 2848 3572 2903 3637; x_wconf 87' lang='lat' dir='ltr'><strong>in</strong></span> <span class='ocrx_word' id='word_1_716' title='bbox 2932 3581 3079 3635; x_wconf 87' lang='lat' dir='ltr'><strong>terra</strong></span> <span class='ocrx_word' id='word_1_717' title='bbox 3100 3567 3224 3635; x_wconf 78' lang='lat' dir='ltr'><strong>sine</strong></span> <span class='ocrx_word' id='word_1_718' title='bbox 3240 3566 3508 3636; x_wconf 84' lang='lat' dir='ltr'><strong>peccato?</strong></span> 
     </span>
    </p>
   </div>
   <div class='ocr_carea' id='block_1_94' title="bbox 1928 3658 3505 3740">
    <p class='ocr_par' dir='ltr' id='par_1_94' title="bbox 1928 3658 3505 3740">
     <span class='ocr_line' id='line_1_95' title="bbox 1928 3658 3505 3740; baseline -0.012 -8"><span class='ocrx_word' id='word_1_719' title='bbox 1928 3685 2006 3740; x_wconf 90' lang='lat' dir='ltr'><strong>et,</strong></span> <span class='ocrx_word' id='word_1_720' title='bbox 2031 3684 2091 3730; x_wconf 91' lang='lat' dir='ltr'><strong>ut</strong></span> <span class='ocrx_word' id='word_1_721' title='bbox 2122 3673 2259 3727; x_wconf 91' lang='lat' dir='ltr'><strong>dicit</strong></span> <span class='ocrx_word' id='word_1_722' title='bbox 2297 3671 2607 3739; x_wconf 87' lang='lat' dir='ltr'><strong>Scriptura.</strong></span> <span class='ocrx_word' id='word_1_723' title='bbox 2640 3680 2804 3722; x_wconf 90' lang='lat' dir='ltr'><strong>nemo</strong></span> <span class='ocrx_word' id='word_1_724' title='bbox 2834 3677 3011 3733; x_wconf 90' lang='lat' dir='ltr'><strong>purus</strong></span> <span class='ocrx_word' id='word_1_725' title='bbox 3035 3659 3242 3729; x_wconf 87' lang='lat' dir='ltr'><strong>absque</strong></span> <span class='ocrx_word' id='word_1_726' title='bbox 3268 3658 3505 3723; x_wconf 83' lang='lat' dir='ltr'><strong>macula,</strong></span> 
     </span>
    </p>
   </div>
   <div class='ocr_carea' id='block_1_95' title="bbox 1930 3749 3506 3828">
    <p class='ocr_par' dir='ltr' id='par_1_95' title="bbox 1930 3749 3506 3828">
     <span class='ocr_line' id='line_1_96' title="bbox 1930 3749 3506 3828; baseline -0.013 -4"><span class='ocrx_word' id='word_1_727' title='bbox 1930 3767 2150 3824; x_wconf 81' lang='lat' dir='ltr'><strong>tametsi</strong></span> <span class='ocrx_word' id='word_1_728' title='bbox 2218 3764 2383 3819; x_wconf 91' lang='lat' dir='ltr'><strong>unius</strong></span> <span class='ocrx_word' id='word_1_729' title='bbox 2421 3761 2531 3817; x_wconf 89' lang='lat' dir='ltr'><strong>diei</strong></span> <span class='ocrx_word' id='word_1_730' title='bbox 2565 3759 2678 3815; x_wconf 83' lang='lat' dir='ltr'><strong>vita</strong></span> <span class='ocrx_word' id='word_1_731' title='bbox 2723 3759 2846 3828; x_wconf 90' lang='lat' dir='ltr'><strong>ejus</strong></span> <span class='ocrx_word' id='word_1_732' title='bbox 2890 3755 2983 3820; x_wconf 89' lang='lat' dir='ltr'><strong>sit,</strong></span> <span class='ocrx_word' id='word_1_733' title='bbox 3022 3768 3185 3808; x_wconf 87' lang='lat' dir='ltr'><strong>nemo</strong></span> <span class='ocrx_word' id='word_1_734' title='bbox 3223 3759 3372 3808; x_wconf 89' lang='lat' dir='ltr'><strong>certe</strong></span> <span class='ocrx_word' id='word_1_735' title='bbox 3402 3749 3506 3809; x_wconf 86' lang='lat' dir='ltr'><strong>nisi</strong></span> 
     </span>
    </p>
   </div>
   <div class='ocr_carea' id='block_1_96' title="bbox 1930 3842 3510 3916">
    <p class='ocr_par' dir='ltr' id='par_1_96' title="bbox 1930 3842 3510 3916">
     <span class='ocr_line' id='line_1_97' title="bbox 1930 3842 3510 3916; baseline -0.011 -1"><span class='ocrx_word' id='word_1_736' title='bbox 1930 3861 2080 3915; x_wconf 88' lang='lat' dir='ltr'><strong>solus</strong></span> <span class='ocrx_word' id='word_1_737' title='bbox 2105 3858 2247 3913; x_wconf 88' lang='lat' dir='ltr'><strong>Deus</strong></span> <span class='ocrx_word' id='word_1_738' title='bbox 2263 3858 2307 3909; x_wconf 81' lang='lat'><strong>&#39;.</strong></span> <span class='ocrx_word' id='word_1_739' title='bbox 2324 3856 2631 3911; x_wconf 87' lang='lat' dir='ltr'><strong>Audiamus</strong></span> <span class='ocrx_word' id='word_1_740' title='bbox 2650 3864 2801 3907; x_wconf 87' lang='lat' dir='ltr'><strong>nunc</strong></span> <span class='ocrx_word' id='word_1_741' title='bbox 2820 3846 2952 3916; x_wconf 86' lang='lat' dir='ltr'><strong>quid</strong></span> <span class='ocrx_word' id='word_1_742' title='bbox 2975 3845 3044 3901; x_wconf 88' lang='lat' dir='ltr'><strong>de</strong></span> <span class='ocrx_word' id='word_1_743' title='bbox 3070 3854 3264 3899; x_wconf 88' lang='lat' dir='ltr'><strong>nostro</strong></span> <span class='ocrx_word' id='word_1_744' title='bbox 3278 3842 3510 3898; x_wconf 89' lang='lat' dir='ltr'><strong>Christo</strong></span> 
     </span>
    </p>
   </div>
   <div class='ocr_carea' id='block_1_97' title="bbox 1929 3929 3508 4016">
    <p class='ocr_par' dir='ltr' id='par_1_97' title="bbox 1929 3929 3508 4016">
     <span class='ocr_line' id='line_1_98' title="bbox 1929 3929 3508 4016; baseline -0.01 -17"><span class='ocrx_word' id='word_1_745' title='bbox 1929 3945 2173 4016; x_wconf 89' lang='lat' dir='ltr'><strong>patiente</strong></span> <span class='ocrx_word' id='word_1_746' title='bbox 2205 3942 2375 4007; x_wconf 76' lang='lat' dir='ltr'><strong>Isaias</strong></span> <span class='ocrx_word' id='word_1_747' title='bbox 2403 3941 2591 4001; x_wconf 89' lang='lat' dir='ltr'><strong>dicat:</strong></span> <span class='ocrx_word' id='word_1_748' title='bbox 2636 3954 2655 3988; x_wconf 82' lang='grc' dir='ltr'><strong>ι</strong></span> <span class='ocrx_word' id='word_1_749' title='bbox 2695 3936 2985 4002; x_wconf 87' lang='lat' dir='ltr'><strong>Tanquam</strong></span> <span class='ocrx_word' id='word_1_750' title='bbox 3016 3931 3135 3985; x_wconf 87' lang='lat' dir='ltr'><strong>ovis</strong></span> <span class='ocrx_word' id='word_1_751' title='bbox 3167 3929 3236 3995; x_wconf 87' lang='lat' dir='ltr'><strong>ad</strong></span> <span class='ocrx_word' id='word_1_752' title='bbox 3269 3930 3508 3985; x_wconf 72' lang='lat' dir='ltr'><strong>occisio~</strong></span> 
     </span>
    </p>
   </div>
   <div class='ocr_carea' id='block_1_98' title="bbox 1930 4021 3515 4101">
    <p class='ocr_par' dir='ltr' id='par_1_98' title="bbox 1930 4021 3515 4101">
     <span class='ocr_line' id='line_1_99' title="bbox 1930 4021 3515 4101; baseline -0.01 -9"><span class='ocrx_word' id='word_1_753' title='bbox 1930 4054 2056 4099; x_wconf 79' lang='lat' dir='ltr'><strong>nem</strong></span> <span class='ocrx_word' id='word_1_754' title='bbox 2079 4037 2280 4091; x_wconf 90' lang='lat' dir='ltr'><strong>ductus</strong></span> <span class='ocrx_word' id='word_1_755' title='bbox 2314 4040 2419 4096; x_wconf 82' lang='lat' dir='ltr'><strong>est,</strong></span> <span class='ocrx_word' id='word_1_756' title='bbox 2436 4042 2505 4101; x_wconf 85' lang='lat' dir='ltr'><strong>et</strong></span> <span class='ocrx_word' id='word_1_757' title='bbox 2529 4038 2790 4097; x_wconf 84' lang='lat' dir='ltr'><strong>tanquam</strong></span> <span class='ocrx_word' id='word_1_758' title='bbox 2827 4038 3002 4094; x_wconf 77' lang='lat' dir='ltr'><strong>agnus</strong></span> <span class='ocrx_word' id='word_1_759' title='bbox 3023 4037 3214 4089; x_wconf 89' lang='lat' dir='ltr'><strong>coram</strong></span> <span class='ocrx_word' id='word_1_760' title='bbox 3233 4021 3515 4090; x_wconf 83' lang='lat' dir='ltr'><strong>tondente</strong></span> 
     </span>
    </p>
   </div>
   <div class='ocr_carea' id='block_1_99' title="bbox 1930 4112 3515 4192">
    <p class='ocr_par' dir='ltr' id='par_1_99' title="bbox 1930 4112 3515 4192">
     <span class='ocr_line' id='line_1_100' title="bbox 1930 4112 3515 4192; baseline -0.013 -8"><span class='ocrx_word' id='word_1_761' title='bbox 1930 4144 1990 4183; x_wconf 91' lang='lat' dir='ltr'><strong>se</strong></span> <span class='ocrx_word' id='word_1_762' title='bbox 2017 4129 2435 4187; x_wconf 86' lang='lat' dir='ltr'><strong>obmutescens;</strong></span> <span class='ocrx_word' id='word_1_763' title='bbox 2461 4130 2689 4192; x_wconf 90' lang='lat' dir='ltr'><strong>propter</strong></span> <span class='ocrx_word' id='word_1_764' title='bbox 2709 4127 2929 4187; x_wconf 88' lang='lat' dir='ltr'><strong>peccata</strong></span> <span class='ocrx_word' id='word_1_765' title='bbox 2956 4113 3143 4183; x_wconf 90' lang='lat' dir='ltr'><strong>populi</strong></span> <span class='ocrx_word' id='word_1_766' title='bbox 3170 4112 3277 4166; x_wconf 88' lang='lat' dir='ltr'><strong>mei</strong></span> <span class='ocrx_word' id='word_1_767' title='bbox 3310 4112 3515 4179; x_wconf 84' lang='lat' dir='ltr'><strong>ductus</strong></span> 
     </span>
    </p>
   </div>
   <div class='ocr_carea' id='block_1_100' title="bbox 1930 4202 3506 4283">
    <p class='ocr_par' dir='ltr' id='par_1_100' title="bbox 1930 4202 3506 4283">
     <span class='ocr_line' id='line_1_101' title="bbox 1930 4202 3506 4283; baseline -0.012 -9"><span class='ocrx_word' id='word_1_768' title='bbox 1930 4218 2406 4283; x_wconf 61' lang='lat' dir='ltr'><strong>estad-mortem;</strong></span> <span class='ocrx_word' id='word_1_769' title='bbox 2448 4220 2504 4267; x_wconf 91' lang='lat' dir='ltr'><strong>et</strong></span> <span class='ocrx_word' id='word_1_770' title='bbox 2520 4209 2676 4277; x_wconf 81' lang='lat' dir='ltr'><strong>dabo</strong></span> <span class='ocrx_word' id='word_1_771' title='bbox 2695 4207 3039 4277; x_wconf 80' lang='lat' dir='ltr'><strong>,itnpiospro.</strong></span> <span class='ocrx_word' id='word_1_772' title='bbox 3058 4202 3343 4273; x_wconf 87' lang='lat' dir='ltr'><strong>sepultura</strong></span> <span class='ocrx_word' id='word_1_773' title='bbox 3367 4202 3506 4270; x_wconf 88' lang='lat' dir='ltr'><strong>ejus.</strong></span> 
     </span>
    </p>
   </div>
   <div class='ocr_carea' id='block_1_101' title="bbox 1931 4292 3512 4375">
    <p class='ocr_par' dir='ltr' id='par_1_101' title="bbox 1931 4292 3512 4375">
     <span class='ocr_line' id='line_1_102' title="bbox 1931 4292 3512 4375; baseline -0.013 -9"><span class='ocrx_word' id='word_1_774' title='bbox 1931 4319 1989 4366; x_wconf 90' lang='lat' dir='ltr'><strong>et</strong></span> <span class='ocrx_word' id='word_1_775' title='bbox 2017 4308 2220 4364; x_wconf 91' lang='lat' dir='ltr'><strong>divites</strong></span> <span class='ocrx_word' id='word_1_776' title='bbox 2245 4320 2345 4375; x_wconf 90' lang='lat' dir='ltr'><strong>pro</strong></span> <span class='ocrx_word' id='word_1_777' title='bbox 2367 4311 2547 4357; x_wconf 87' lang='lat' dir='ltr'><strong>morte</strong></span> <span class='ocrx_word' id='word_1_778' title='bbox 2573 4301 2730 4371; x_wconf 74' lang='lat' dir='ltr'><strong>ejus;</strong></span> <span class='ocrx_word' id='word_1_779' title='bbox 2753 4312 2819 4361; x_wconf 90' lang='lat' dir='ltr'><strong>eo</strong></span> <span class='ocrx_word' id='word_1_780' title='bbox 2844 4295 2991 4366; x_wconf 85' lang='lat' dir='ltr'><strong>quod</strong></span> <span class='ocrx_word' id='word_1_781' title='bbox 3023 4292 3373 4362; x_wconf 84' lang='lat' dir='ltr'><strong>iniquitatem</strong></span> <span class='ocrx_word' id='word_1_782' title='bbox 3399 4307 3512 4346; x_wconf 86' lang='lat' dir='ltr'><strong>non</strong></span> 
     </span>
    </p>
   </div>
   <div class='ocr_carea' id='block_1_102' title="bbox 1864 4383 3502 4467">
    <p class='ocr_par' dir='ltr' id='par_1_102' title="bbox 1864 4383 3502 4467">
     <span class='ocr_line' id='line_1_103' title="bbox 1864 4383 3502 4467; baseline -0.016 -9"><span class='ocrx_word' id='word_1_783' title='bbox 1864 4394 1908 4452; x_wconf 81' lang='grc' dir='ltr'><strong>Ι)</strong></span> <span class='ocrx_word' id='word_1_784' title='bbox 1933 4401 2148 4462; x_wconf 84' lang='lat' dir='ltr'><strong>fecerit,</strong></span> <span class='ocrx_word' id='word_1_785' title='bbox 2178 4413 2359 4467; x_wconf 85' lang='lat' dir='ltr'><strong>neque</strong></span> <span class='ocrx_word' id='word_1_786' title='bbox 2393 4396 2655 4463; x_wconf 85' lang='lat' dir='ltr'><strong>inventus</strong></span> <span class='ocrx_word' id='word_1_787' title='bbox 2705 4391 2779 4461; x_wconf 85' lang='lat' dir='ltr'><strong>sit</strong></span> <span class='ocrx_word' id='word_1_788' title='bbox 2812 4388 2972 4447; x_wconf 83' lang='lat' dir='ltr'><strong>dolus</strong></span> <span class='ocrx_word' id='word_1_789' title='bbox 3020 4388 3081 4455; x_wconf 24' lang='lat' dir='ltr'><strong>in.</strong></span> <span class='ocrx_word' id='word_1_790' title='bbox 3133 4400 3228 4439; x_wconf 89' lang='lat' dir='ltr'><strong>ore</strong></span> <span class='ocrx_word' id='word_1_791' title='bbox 3262 4383 3433 4454; x_wconf 57' lang='lat' dir='ltr'><strong>ejus”.</strong></span> <span class='ocrx_word' id='word_1_792' title='bbox 3485 4403 3502 4432; x_wconf 74' lang='grc' dir='ltr'><strong>ι</strong></span> 
     </span>
    </p>
   </div>
   <div class='ocr_carea' id='block_1_103' title="bbox 1932 4477 3509 4565">
    <p class='ocr_par' dir='ltr' id='par_1_103' title="bbox 1932 4477 3509 4565">
     <span class='ocr_line' id='line_1_104' title="bbox 1932 4477 3509 4565; baseline -0.015 -15"><span class='ocrx_word' id='word_1_793' title='bbox 1932 4495 2075 4565; x_wconf 76' lang='lat' dir='ltr'><strong>Ergo</strong></span> <span class='ocrx_word' id='word_1_794' title='bbox 2103 4506 2297 4561; x_wconf 19' lang='lat' dir='ltr'><strong>nonne,</strong></span> <span class='ocrx_word' id='word_1_795' title='bbox 2316 4487 2536 4557; x_wconf 87' lang='lat' dir='ltr'><strong>tandem</strong></span> <span class='ocrx_word' id='word_1_796' title='bbox 2576 4499 2693 4555; x_wconf 37' lang='lat' dir='ltr'><strong>vos,</strong></span> <span class='ocrx_word' id='word_1_797' title='bbox 2721 4481 2933 4553; x_wconf 83' lang='lat' dir='ltr'><strong>pudet?</strong></span> <span class='ocrx_word' id='word_1_798' title='bbox 2968 4495 3038 4543; x_wconf 90' lang='lat' dir='ltr'><strong>en</strong></span> <span class='ocrx_word' id='word_1_799' title='bbox 3072 4477 3361 4533; x_wconf 87' lang='lat' dir='ltr'><strong>manifeste</strong></span> <span class='ocrx_word' id='word_1_800' title='bbox 3386 4492 3509 4545; x_wconf 89' lang='lat' dir='ltr'><strong>per-</strong></span> 
     </span>
    </p>
   </div>
   <div class='ocr_carea' id='block_1_104' title="bbox 1931 4564 3514 4653">
    <p class='ocr_par' dir='ltr' id='par_1_104' title="bbox 1931 4564 3514 4653">
     <span class='ocr_line' id='line_1_105' title="bbox 1931 4564 3514 4653; baseline -0.015 -13"><span class='ocrx_word' id='word_1_801' title='bbox 1931 4564 2131 4653; x_wconf 57' lang='lat' dir='ltr'><strong>sonant</strong></span> <span class='ocrx_word' id='word_1_802' title='bbox 2191 4580 2331 4650; x_wconf 86' lang='lat' dir='ltr'><strong>male</strong></span> <span class='ocrx_word' id='word_1_803' title='bbox 2393 4577 2574 4650; x_wconf 79' lang='lat' dir='ltr'><strong>agitis.</strong></span> <span class='ocrx_word' id='word_1_804' title='bbox 2656 4574 2841 4641; x_wconf 82' lang='lat' dir='ltr'><strong>Dicite</strong></span> <span class='ocrx_word' id='word_1_805' title='bbox 2892 4569 3042 4631; x_wconf 84' lang='lat' dir='ltr'><strong>enim</strong></span> <span class='ocrx_word' id='word_1_806' title='bbox 3098 4582 3199 4623; x_wconf 90' lang='lat' dir='ltr'><strong>vos</strong></span> <span class='ocrx_word' id='word_1_807' title='bbox 3270 4564 3514 4639; x_wconf 79' lang='lat' dir='ltr'><strong>utlegis</strong></span> 
     </span>
    </p>
   </div>
   <div class='ocr_carea' id='block_1_105' title="bbox 1935 4929 3509 5020">
    <p class='ocr_par' dir='ltr' id='par_1_105' title="bbox 1935 4929 3509 5020">
     <span class='ocr_line' id='line_1_106' title="bbox 1935 4929 3509 5020; baseline -0.019 -12"><span class='ocrx_word' id='word_1_808' title='bbox 1935 4929 2057 5007; x_wconf 86' lang='lat' dir='ltr'><strong>esse</strong></span> <span class='ocrx_word' id='word_1_809' title='bbox 2083 4964 2248 5020; x_wconf 89' lang='lat' dir='ltr'><strong>quem</strong></span> <span class='ocrx_word' id='word_1_810' title='bbox 2274 4961 2379 5001; x_wconf 84' lang='lat' dir='ltr'><strong>vos</strong></span> <span class='ocrx_word' id='word_1_811' title='bbox 2404 4940 2792 5013; x_wconf 78' lang='lat' dir='ltr'><strong>cruciﬁxistis;</strong></span> <span class='ocrx_word' id='word_1_812' title='bbox 2825 4935 3176 5004; x_wconf 86' lang='lat' dir='ltr'><strong>iniquitatem</strong></span> <span class='ocrx_word' id='word_1_813' title='bbox 3204 4929 3351 4991; x_wconf 84' lang='lat' dir='ltr'><strong>enim</strong></span> <span class='ocrx_word' id='word_1_814' title='bbox 3399 4943 3509 4979; x_wconf 91' lang='lat' dir='ltr'><strong>non</strong></span> 
     </span>
    </p>
   </div>
   <div class='ocr_carea' id='block_1_106' title="bbox 1935 5015 3508 5108">
    <p class='ocr_par' dir='ltr' id='par_1_106' title="bbox 1935 5015 3508 5108">
     <span class='ocr_line' id='line_1_107' title="bbox 1935 5015 3508 5108; baseline -0.02 -10"><span class='ocrx_word' id='word_1_815' title='bbox 1935 5015 2299 5108; x_wconf 46' lang='lat' dir='ltr'><strong>fecit,-neque</strong></span> <span class='ocrx_word' id='word_1_816' title='bbox 2322 5034 2590 5089; x_wconf 84' lang='lat' dir='ltr'><strong>inventus</strong></span> <span class='ocrx_word' id='word_1_817' title='bbox 2628 5036 2713 5099; x_wconf 83' lang='lat' dir='ltr'><strong>est</strong></span> <span class='ocrx_word' id='word_1_818' title='bbox 2741 5027 2901 5082; x_wconf 85' lang='lat' dir='ltr'><strong>dolus</strong></span> <span class='ocrx_word' id='word_1_819' title='bbox 2933 5024 2987 5078; x_wconf 92' lang='lat' dir='ltr'><strong>in</strong></span> <span class='ocrx_word' id='word_1_820' title='bbox 3018 5037 3113 5076; x_wconf 88' lang='lat' dir='ltr'><strong>ore</strong></span> <span class='ocrx_word' id='word_1_821' title='bbox 3143 5021 3282 5097; x_wconf 85' lang='lat' dir='ltr'><strong>ejus.</strong></span> <span class='ocrx_word' id='word_1_822' title='bbox 3305 5015 3508 5108; x_wconf 3' lang='lat' dir='ltr'><strong>pVidea-</strong></span> 
     </span>
    </p>
   </div>
   <div class='ocr_carea' id='block_1_107' title="bbox 1936 5106 3509 5196">
    <p class='ocr_par' dir='ltr' id='par_1_107' title="bbox 1936 5106 3509 5196">
     <span class='ocr_line' id='line_1_108' title="bbox 1936 5106 3509 5196; baseline -0.017 -11"><span class='ocrx_word' id='word_1_823' title='bbox 1936 5146 2061 5187; x_wconf 89' lang='lat' dir='ltr'><strong>mus</strong></span> <span class='ocrx_word' id='word_1_824' title='bbox 2104 5106 2291 5184; x_wconf 83' lang='lat' dir='ltr'><strong>autem</strong></span> <span class='ocrx_word' id='word_1_825' title='bbox 2340 5124 2473 5196; x_wconf 90' lang='lat' dir='ltr'><strong>quid</strong></span> <span class='ocrx_word' id='word_1_826' title='bbox 2527 5114 3145 5192; x_wconf 49' lang='lat' dir='ltr'><strong>praetereaprophetar</strong></span> <span class='ocrx_word' id='word_1_827' title='bbox 3176 5111 3243 5169; x_wconf 87' lang='lat' dir='ltr'><strong>de</strong></span> <span class='ocrx_word' id='word_1_828' title='bbox 3290 5106 3509 5163; x_wconf 89' lang='lat' dir='ltr'><strong>Christo</strong></span> 
     </span>
    </p>
   </div>
   <div class='ocr_carea' id='block_1_108' title="bbox 1935 5198 3509 5293">
    <p class='ocr_par' dir='ltr' id='par_1_108' title="bbox 1935 5198 3509 5293">
     <span class='ocr_line' id='line_1_109' title="bbox 1935 5198 3509 5293; baseline -0.018 -16"><span class='ocrx_word' id='word_1_829' title='bbox 1935 5231 2124 5293; x_wconf 86' lang='lat' dir='ltr'><strong>nostro</strong></span> <span class='ocrx_word' id='word_1_830' title='bbox 2174 5232 2337 5293; x_wconf 87' lang='lat' dir='ltr'><strong>passo</strong></span> <span class='ocrx_word' id='word_1_831' title='bbox 2379 5215 2604 5278; x_wconf 88' lang='lat' dir='ltr'><strong>dicant;</strong></span> <span class='ocrx_word' id='word_1_832' title='bbox 2656 5217 3143 5275; x_wconf 6' lang='lat' dir='ltr'><strong>utrumqtanquam</strong></span> <span class='ocrx_word' id='word_1_833' title='bbox 3190 5198 3509 5255; x_wconf 86' lang='lat' dir='ltr'><strong>malefacto-</strong></span> 
     </span>
    </p>
   </div>
   <div class='ocr_carea' id='block_1_109' title="bbox 1937 5286 3507 5381">
    <p class='ocr_par' dir='ltr' id='par_1_109' title="bbox 1937 5286 3507 5381">
     <span class='ocr_line' id='line_1_110' title="bbox 1937 5286 3507 5381; baseline -0.018 -12"><span class='ocrx_word' id='word_1_834' title='bbox 1937 5290 2075 5377; x_wconf 84' lang='lat' dir='ltr'><strong>rem,</strong></span> <span class='ocrx_word' id='word_1_835' title='bbox 2103 5286 2459 5381; x_wconf 42' lang='lat' dir='ltr'><strong>an—tanquam</strong></span> <span class='ocrx_word' id='word_1_836' title='bbox 2484 5303 2779 5363; x_wconf 88' lang='lat' dir='ltr'><strong>Dominum</strong></span> <span class='ocrx_word' id='word_1_837' title='bbox 2829 5291 3313 5379; x_wconf 75' lang='lat' dir='ltr'><strong>indicantillum?</strong></span> <span class='ocrx_word' id='word_1_838' title='bbox 3354 5286 3507 5341; x_wconf 88' lang='lat' dir='ltr'><strong>brevi</strong></span> 
     </span>
    </p>
   </div>
   <div class='ocr_carea' id='block_1_110' title="bbox 1933 5382 3508 5469">
    <p class='ocr_par' dir='ltr' id='par_1_110' title="bbox 1933 5382 3508 5469">
     <span class='ocr_line' id='line_1_111' title="bbox 1933 5382 3508 5469; baseline -0.019 -9"><span class='ocrx_word' id='word_1_839' title='bbox 1933 5406 2081 5460; x_wconf 91' lang='lat' dir='ltr'><strong>enim</strong></span> <span class='ocrx_word' id='word_1_840' title='bbox 2112 5400 2468 5458; x_wconf 88' lang='lat' dir='ltr'><strong>multitudine</strong></span> <span class='ocrx_word' id='word_1_841' title='bbox 2488 5396 2884 5469; x_wconf 85' lang='lat' dir='ltr'><strong>prophetarum</strong></span> <span class='ocrx_word' id='word_1_842' title='bbox 2911 5382 3291 5448; x_wconf 84' lang='lat' dir='ltr'><strong>movebimini,</strong></span> <span class='ocrx_word' id='word_1_843' title='bbox 3310 5388 3508 5447; x_wconf 85' lang='lat' dir='ltr'><strong>ettan-</strong></span> 
     </span>
    </p>
   </div>
   <div class='ocr_carea' id='block_1_111' title="bbox 1936 5471 3505 5564">
    <p class='ocr_par' dir='ltr' id='par_1_111' title="bbox 1936 5471 3505 5564">
     <span class='ocr_line' id='line_1_112' title="bbox 1936 5471 3505 5564; baseline -0.018 -12"><span class='ocrx_word' id='word_1_844' title='bbox 1936 5497 2059 5553; x_wconf 91' lang='lat' dir='ltr'><strong>dem</strong></span> <span class='ocrx_word' id='word_1_845' title='bbox 2110 5509 2208 5549; x_wconf 85' lang='lat' dir='ltr'><strong>vos</strong></span> <span class='ocrx_word' id='word_1_846' title='bbox 2254 5491 2484 5564; x_wconf 87' lang='lat' dir='ltr'><strong>pudebit</strong></span> <span class='ocrx_word' id='word_1_847' title='bbox 2518 5495 2706 5559; x_wconf 81' lang='lat' dir='ltr'><strong>contra</strong></span> <span class='ocrx_word' id='word_1_848' title='bbox 2743 5482 3022 5539; x_wconf 89' lang='lat' dir='ltr'><strong>Christum</strong></span> <span class='ocrx_word' id='word_1_849' title='bbox 3061 5487 3118 5534; x_wconf 92' lang='lat' dir='ltr'><strong>et</strong></span> <span class='ocrx_word' id='word_1_850' title='bbox 3161 5471 3505 5531; x_wconf 87' lang='lat' dir='ltr'><strong>Christianos</strong></span> 
     </span>
    </p>
   </div>
  </div>
