4072 6524
590 280 726 344 1283
1746 281 1807 341 S.
1849 277 2136 340 ANASTA

2242 275 2246 334 ἶ
2287 273 2615 335 ΞΙΝΑΙΤᾹῖι
3711 264 3842 328 1214

584 390 760 458 loqui.
795 390 937 444 Ecce
975 389 1127 444 enim
1170 387 1411 458 qualiter
1451 385 1521 442 de
1565 385 1772 442 Christi
1823 386 2138 442 venditione

2273 383 2507 436 στιανῶν
2525 398 2540 413 ο
2600 379 2710 435 ίδοὺ
2740 380 2852 451 γάρ
2882 376 3145 444 ὡσαύτως
3176 377 3310 436 περὶ
3339 379 3441 448 τῆς
3469 377 3724 448 πράσεως
3746 375 3840 430 τοῦ

584 490 640 534 at
670 482 894 551 triginta
919 489 1304 550 argenteorum
1330 481 1454 546 ejus
1473 478 1837 532 aestimatione
1867 478 2138 531 Zacharia:

2265 474 2507 546 Χριστοῦ
2563 473 2660 526 καὶ
2705 474 2815 525 τῶν
2860 473 3156 544 τριάκοντα
3202 472 3488 544 ἀργυρίων
3535 470 3634 540 τῆς
3675 471 3844 538 τιμῆς

584 581 642 628 et
673 574 945 628 Jeremias
1000 571 1285 641 prophetae
1345 571 1690 639 loquuntur:
1746 589 1763 620 ι
1816 570 1884 624 Et
1936 584 2164 638 accepe-

586 672 717 716 runt
766 663 987 732 triginta
1041 669 1300 729 argentea
1357 660 1596 729 pretium
1651 658 1945 728 appretiati
1996 673 2160 728 quem

584 754 1036 822 appretiaverunt
1066 751 1165 804 lilii
1197 752 1386 816 Israel,
1412 762 1472 806 et
1495 750 1766 805 dederunt
1789 765 1854 804 ea
1879 750 1936 804 in
1969 764 2160 819 agrum

586 844 736 915 ﬁguli
767 844 824 898 in
855 844 1190 912 sepulturam
1221 842 1695 912 peregrinorum‘.
1732 860 1750 893 ι
1790 840 1945 906 Quod
1977 849 2160 896 autem

585 937 780 992 falsum
819 937 1198 990 testimonium
1224 935 1498 990 dederunt
1523 935 1590 989 de
1627 934 1722 988 illo
1748 933 1922 988 Judaei
1953 933 2010 986 in
2035 948 2160 1002 pas-

584 1027 758 1081 sionis
782 1035 1049 1094 tempore,
1079 1026 1321 1095 psalmus
1346 1025 1482 1079 dicit
1507 1043 1520 1078 :
1562 1043 1580 1076 ι
1618 1025 1971 1094 lnsurgentes
1995 1024 2049 1077 in
2073 1039 2160 1078 me

585 1127 753 1171 testes
783 1117 982 1186 iniqui,
1023 1132 1144 1186 quae
1199 1117 1525 1186 ignorabant
1574 1114 1990 1185 interrogabant
2036 1129 2157 1182 me;

583 1207 966 1262 retribuerunt
991 1206 1125 1259 mihi
1154 1207 1295 1259 mala
1322 1220 1423 1274 pro
1449 1203 1666 1258 bonis“.
1700 1221 1719 1255 ›

650 1386 719 1439 Et
753 1385 903 1456 quod
947 1387 1094 1440 ultro
1141 1384 1256 1439 haec
1295 1383 1470 1438 voluit
1509 1380 1646 1452 pati,
1673 1396 1784 1435 non
1817 1380 2008 1446 invite,
2033 1395 2161 1450 pro-

582 1480 744 1547 pheta
791 1477 928 1531 dicit
976 1493 989 1529 :
1051 1495 1068 1526 ι
1104 1475 1340 1545 Tergum
1399 1488 1582 1528 meum
1629 1472 1758 1526 dedi
1815 1472 1870 1526 in
1921 1470 2155 1542 ﬂagella,

578 1578 634 1621 ct
689 1568 937 1622 maxillas
997 1581 1146 1620 meas
1201 1566 1255 1618 in
1310 1564 1527 1633 alapas;
1584 1563 1752 1617 facies
1801 1571 1984 1617 autem
2036 1577 2155 1615 mea

579 1675 687 1712 non
733 1674 924 1712 aversa
969 1665 1055 1711 est
1085 1655 1151 1709 ad
1196 1655 1494 1724 opprobria
1527 1662 1838 1736 sputorum,
1874 1662 1929 1707 et
1977 1652 2154 1722 sputis

2263 565 2426 618 αὑτοῦ
2462 565 2736 636 Ζαχαρίας
2768 565 2862 617 καὶ
2895 564 3160 635 Ἱερεμίας
3195 566 3244 616 οἱ
3281 564 3559 633 προφῆται
3595 561 3838 630 λέγουσι’

2269 673 2288 707 ι
2323 655 2434 708 Καὶ
2466 655 2665 709 ἔλαϐον
2711 655 2783 709 τὰ
2809 655 3107 726 τριάκοντα
3132 656 3374 728 ἀργύρια
3410 657 3512 726 τὴν
3543 655 3709 724 τιμὴν
3744 653 3841 706 τοῦ

2261 745 2632 816 τετιμημένου
2685 746 2744 799 ὃν
2789 747 3121 817 ἐτιμήσαντο
3176 747 3286 800 ἀπὸ
3315 746 3447 799 υἱῶν
3473 745 3709 816 Ἰσραὴλ,
3744 746 3842 796 καὶ

2261 840 2472 893 ἔδωκαν
2501 842 2644 895 αύτά
2678 844 2760 906 είς
2785 842 2880 896 τὸν
2906 843 3078 914 ἀγρὸν
3111 841 3208 896 τοῦ
3235 843 3527 915 κεραμέως
3557 845 3637 905 εἰς
3661 844 3841 910 ταφὴν

2259 932 2373 993 τοῖς
2402 931 2592 997 ξένοις.
2627 950 2646 984 ι
2696 933 2820 986 Ὀτι
2845 932 2901 985 δὲ
2928 934 3026 987 καὶ
3058 933 3536 1005 ψευδομαρτυρίαν
3573 932 3840 985 δεδώκασι

2260 1022 2382 1073 κατ’
2428 1021 2597 1074 αὑτοῦ
2649 1023 2702 1074 οἱ
2741 1022 2990 1076 Ἰουδαῖοι
3039 1024 3098 1075 ὲν
3141 1023 3220 1094 τῷ
3256 1023 3440 1094 καιρῷ
3476 1023 3572 1075 τοῦ
3607 1022 3836 1085 πάθους,

2259 1111 2289 1164 6
2311 1111 2528 1181 ψαλμὸς
2569 1112 2742 1181 λέγει’
2773 1132 2791 1165 ι
2828 1115 3186 1178 ’Λναστάντες
3215 1133 3304 1185 μοι
3335 1114 3612 1186 μάρτυρες
3635 1115 3834 1178 ἄδικοι,

2258 1201 2296 1256 ἃ.
2341 1203 2441 1256 οὐκ
2484 1203 2782 1268 ἐγίνωσκον
2819 1203 3050 1274 ⁴ἠρώτων
3095 1220 3196 1277 με’
3250 1205 3691 1260 άνταπεδίδωσάν
3743 1223 3836 1277 μοι

2260 1300 2475 1370 πονηρὰ
2508 1300 2630 1354 ἀντὶ
2655 1300 2897 1368 ἀγαθῶν.
2933 1319 2952 1353 ι

2330 1393 2440 1445 Καὶ
2473 1393 2556 1445 ὄτι
2592 1393 2860 1457 ἑκουσίως
2895 1392 3072 1448 ταῦτα
3099 1394 3356 1464 ἠνέσχετο
3383 1394 3576 1448 παθεῖν
3611 1395 3706 1448 καὶ
3732 1396 3834 1448 οὒκ

2257 1483 2557 1549 ἀκουσίως,
2588 1488 2616 1539 6
2637 1487 2922 1557 προφήτης
2948 1486 3127 1554 λέγει·
3159 1507 3176 1539 ι
3201 1487 3304 1540 Τὸν
3324 1487 3492 1542 νῶτον
3525 1504 3628 1558 μου
3655 1488 3834 1542 ἔδωκα

2257 1577 2336 1638 είς
2368 1576 2664 1645 μάστιγας,
2699 1578 2793 1630 καὶ
2819 1578 2920 1642 τὰς
2949 1579 3204 1646 σιαγόνας
3232 1596 3334 1648 μου
3365 1581 3447 1642 είς
3471 1580 3794 1649 ῥαπίσματα
3812 1598 3828 1610 ο

2255 1666 2316 1719 τὸ
2353 1668 2411 1721 δὲ
2451 1669 2744 1739 πρόσωπόν
2785 1687 2886 1740 μου
2930 1671 3030 1722 οὑκ
3065 1671 3392 1740 ἀπεστράφη
3429 1669 3539 1723 ἀπὸ
3565 1671 3832 1740 αίσχύνης

578 1751 874 1808 immundis
912 1755 1286 1817 conspuerunt
1324 1763 1410 1801 me
1440 1748 1481 1799 ‘.
1514 1765 1532 1797 ι
1570 1747 1645 1800 De
1697 1746 1901 1814 spineze
1932 1759 2138 1798 corona

2253 1730 2706 1827 ἐμπτυσμάτων,
2759 1730 2855 1812 καὶ
2899 1730 3258 1830 ἔμπτύσμασί
3289 1730 3510 1831 μιαροῖς
3534 1730 3716 1815 αὐτῶν

575 1842 930 1907 ἰιηιιοεὶῑίοηε
968 1840 1236 1895 Jeremias
1286 1838 1465 1892 dicit:
1505 1856 1522 1888 ‹
1560 1835 1743 1906 Spinis
1798 1836 2149 1906 iniquitatum

574 1949 799 1988 suarum
852 1939 1262 1987 coronaverunt
1295 1945 1402 1984 me.
1444 1949 1460 1981 ι
1503 1929 1571 1983 Et
1618 1929 1762 1998 quod
1819 1927 2148 1999 principium

572 2032 774 2077 nostrae
815 2021 1029 2085 salutis,
1080 2021 1133 2074 id
1179 2028 1283 2083 est,
1343 2034 1564 2072 crucem
1611 2019 1848 2088 propriis
1902 2018 2148 2072 humeris

569 2115 808 2185 portavit
833 2114 925 2183 qui
964 2113 1018 2167 in
1046 2113 1134 2166 illa
1157 2113 1401 2166 elevatus
1425 2120 1531 2174 est,
1564 2111 1731 2164 Isaias
1763 2110 1895 2165 dicit
1924 2129 1938 2164 :
1968 2130 1986 2162 ι
2013 2111 2147 2164 Par-

567 2207 727 2260 vnlus
754 2214 917 2259 natus
943 2213 1028 2258 est
1060 2203 1239 2265 nobis,
1279 2202 1426 2256 illius
1453 2201 1615 2255 datus
1660 2210 1744 2255 est
1776 2201 1960 2266 nobis,
1985 2203 2146 2272 cujus

566 2297 910 2366 principatus
934 2295 988 2349 in
1012 2294 1262 2349 humeris
1291 2293 1412 2363 ejus
1448 2293 1491 2359 ⁷,
1523 2311 1540 2344 ι
1583 2293 1636 2346 id
1675 2301 1779 2356 est,
1803 2309 1958 2347 crux.
1986 2292 2144 2360 Quod

565 2390 710 2444 Deus
768 2397 826 2443 et
875 2389 972 2442 rex
1031 2395 1158 2441 ante
1218 2387 1416 2441 smeula
1477 2395 1594 2439 erat
1643 2385 1916 2450 Christus,
1977 2393 2032 2440 et
2086 2386 2143 2440 in

565 2479 745 2532 medio
784 2487 945 2532 terra:
993 2476 1239 2548 cruciﬁgi
1299 2477 1537 2531 debebat
1575 2476 1643 2531 ad
1696 2477 1927 2532 salutem
1979 2477 2143 2547 hujus

564 2569 778 2627 mundi.
830 2567 1001 2622 David
1036 2568 1170 2622 dicit
1208 2586 1221 2622 :
1271 2587 1289 2619 ι
1330 2569 1474 2623 Deus
1519 2583 1617 2623 rex
1660 2578 1851 2623 noster
1881 2577 2006 2624 ante
2039 2584 2142 2623 sae-

561 2659 685 2712 cula
740 2668 1002 2728 Operatus
1061 2667 1146 2713 est
1204 2659 1439 2714 salutem
1494 2658 1550 2713 in
1594 2659 1777 2713 medio
1826 2667 1989 2715 terra:
2036 2660 2079 2714 ⁸.
2116 2679 2135 2712 ι

562 2750 630 2804 Et
666 2749 813 2818 quod
858 2749 1253 2806 transﬁxerunt
1305 2766 1504 2805 manus
1548 2751 1668 2820 ejus
1718 2759 1775 2806 et
1832 2751 2019 2820 pedes,
2059 2751 2138 2806 si-

561 2841 768 2894 militer
807 2840 1103 2895 Zacharias
1131 2841 1267 2896 dicit
1303 2859 1316 2894 :
1348 2861 1366 2892 ι
1407 2842 1579 2912 Plaga:
1609 2857 1803 2896 eorum
1855 2842 1910 2896 in
1955 2843 2138 2898 medio

561 2946 822 2983 manuum
849 2946 1120 2995 mearum,
1173 2939 1228 2987 et
1260 2931 1409 2986 dicet
1452 2950 1464 2985 :
1521 2933 1616 2987 His
1648 2934 1897 3004 plagatus
1929 2948 2049 2988 sum
2080 2935 2135 2989 in

560 3020 724 3073 domo
754 3020 937 3076 dilecti
981 3022 1089 3076 mei
1128 3024 1172 3078 ’.
1203 3041 1221 3073 ι
1257 3023 1390 3078 Vide
1431 3024 1707 3093 quomodo
1753 3025 1836 3079 vel
1879 3035 2000 3096 post
2036 3027 2135 3083 hos

560 3110 840 3166 cruciatus
884 3111 1114 3168 dilectos
1169 3128 1268 3168 vos
1299 3123 1475 3179 vocet,
1514 3125 1570 3170 ct
1605 3131 1710 3169 non
1745 3119 2133 3175 convertimini

559 3200 627 3255 ad
681 3201 868 3255 illum!
902 3218 1031 3257 vere
1054 3203 1252 3274 ingrati
1282 3205 1436 3260 estis.
1467 3206 1544 3260 De
1578 3207 1766 3262 lancea
1795 3225 1900 3277 qua
1927 3213 2132 3267 mortui

561 3290 895 3356 perforatum
938 3301 1020 3345 est
1051 3302 1300 3347 sanctum
1331 3295 1452 3363 ejus
1476 3295 1638 3360 latus,
1682 3313 1713 3351 e
1747 3313 1858 3366 quo
1893 3301 2133 3356 manavit

559 3383 785 3450 sanguis
808 3391 864 3437 et
889 3399 1048 3453 aqua,
1078 3384 1344 3453 pr0pheta
1372 3385 1666 3441 Zacharias
1695 3388 1834 3442 dixit
1863 3407 1876 3443 :
1917 3410 1936 3442 ι
1967 3391 2130 3464 Aspi-

559 3469 709 3524 cient
761 3471 817 3524 in
866 3488 954 3526 me
1005 3487 1170 3541 quem
1203 3474 1597 3530 transﬁxerunt
1647 3478 1712 3544 ⁸ο,
1749 3497 1766 3528 ι
1827 3489 1884 3534 et
1920 3481 2131 3553 Moyses

558 3561 703 3616 clare
735 3561 876 3616 idem
915 3563 1246 3634 signiﬁcavit
1295 3581 1395 3636 per
1419 3567 1649 3621 arduam
1682 3579 1917 3638 petram,
1942 3589 1972 3627 e
1999 3589 2128 3642 qua,

557 3653 708 3722 virga
753 3654 846 3708 illo
873 3657 1239 3724 percutiente,
1274 3660 1511 3713 manavit
1533 3675 1674 3729 aqua
1702 3660 1755 3714 in
1793 3663 1958 3718 vitam
1995 3673 2131 3721 tern-

558 3742 798 3810 poralem
823 3745 1008 3813 pepuli
1040 3753 1172 3801 tunc
1215 3748 1533 3803 exsistentis
1557 3766 1571 3815 ;
1597 3750 1677 3804 sic
1718 3751 2126 3821 immaculatum

547 3847 761 3900 .corpus
806 3833 1009 3889 Christi
1059 3846 1115 3891 et
1151 3838 1249 3892 Dei
1285 3849 1563 3894 mortumn
1598 3852 1789 3898 sancto
1826 3860 1927 3900 suo
1954 3847 2126 3904 latere

557 3924 700 3979 fudit
751 3927 936 3982 statim
967 3931 1285 4000 sanguinem
1319 3940 1376 3986 et
1401 3949 1595 4002 aquam
1631 3935 1699 3989 ad
1740 3937 1972 3993 salutem
2001 3955 2128 3996 cre-

556 4013 806 4070 dentium
829 4017 903 4085 jin
933 4019 1098 4073 vitam
1133 4031 1392 4076 mternam
1424 4022 1481 4076 in
1517 4024 1656 4094 ipso,
1685 4035 1740 4081 et
1771 4043 1882 4084 non
1913 4038 2125 4103 tempo-

557 4105 748 4160 ralem.

2250 1847 2492 1902 έπτυσάν
2511 1866 2600 1918 με.
2632 1867 2650 1901 ι
2685 1851 2818 1920 Περὶ
2833 1851 2890 1906 δὲ
2903 1852 2999 1905 τοῦ
3031 1851 3090 1916 ἐξ
3110 1851 3364 1906 ἀκανθῶν
3390 1853 3656 1920 στέφανον
3677 1855 3834 1924 φορέ-

2251 1955 2363 2003 σαι,
2389 1941 2418 1992 6
2451 1941 2725 2011 Ἱερεμίας
2749 1942 2929 2011 λέγει·
2966 1963 2986 1996 ι
3016 1944 3148 2006 Ταῖς
3169 1944 3434 2008 ἀκάνθαις
3458 1946 3566 1999 τῶν
3587 1947 3834 2016 ἀνομιῶν

2248 2026 2430 2080 αὐτῶν
2453 2027 2686 2098 ἐστεψάν
2714 2047 2804 2100 με.
2820 2050 2838 2084 ι
2872 2032 2986 2086 Kal.
3013 2033 3094 2086 ὅτι
3117 2033 3217 2104 τὴν
3239 2034 3414 2105 ἀρχὴν
3434 2036 3534 2104 τῆς
3554 2036 3832 2106 σωτηρίας

2247 2117 2443 2186 ἡμῶν,
2479 2122 2740 2174 τουτέστι
2792 2122 2884 2176 τὸν
2927 2124 3181 2194 σταυρὸν,
3227 2127 3286 2178 ὲν
3328 2129 3443 2188 τοῖς
3477 2126 3626 2190 ίδίοις
3657 2128 3831 2196 ὤμοις

2246 2210 2547 2276 ἐϐάσταζεν
2594 2216 2622 2266 6
2669 2215 2909 2284 ὑψωθεὶς
2957 2217 3015 2271 ἐν
3051 2215 3223 2286 αὐτῷ,
3267 2216 3494 2282 Ἡσαΐας
3524 2218 3708 2286 λέγει,
3747 2221 3830 2272 ὅτι

2253 2318 2272 2352 ι
2314 2301 2530 2356 Παιδίον
2574 2305 2841 2376 ἐγεννήθη
2893 2308 3056 2377 ἡμῖν,
3107 2307 3222 2371 υίὸς
3247 2310 3343 2362 καὶ
3379 2308 3538 2380 ἐδόθη
3575 2311 3730 2379 ἡμῖν,
3766 2305 3827 2363 οὗ

2243 2395 2276 2462 ἡ
2309 2394 2449 2463 ἀρχὴ
2482 2394 2575 2448 ἐπὶ
2604 2397 2700 2449 τοῦ
2728 2396 2886 2467 ὤμου
2912 2398 3077 2452 αὑτοῦ
3109 2418 3128 2452 ι
3152 2439 3168 2464 ,
3196 2400 3480 2452 τουτέστιν
3511 2400 3540 2451 6
3571 2401 3823 2470 σταυρός.

2245 2485 2368 2539 ὀτι
2417 2487 2553 2551 Θεὸς
2599 2489 2695 2542 καὶ
2734 2490 2994 2560 βασιλεὺς
3027 2492 3134 2563 πρὸ
3165 2493 3379 2546 αἰώνων
3409 2488 3477 2563 ἦν
3510 2492 3538 2545 6
3565 2489 3822 2562 Χριστὸς,

2241 2579 2340 2632 καὶ
2374 2578 2432 2633 ὲν
2463 2580 2614 2651 μέσῳ
2640 2581 2744 2651 γῆς
2776 2583 3142 2654 σταυροῦσθαι
3165 2585 3328 2638 αὐτὸν
3351 2584 3541 2655 ἔμελλε
3565 2586 3702 2654 πρὸς
3726 2602 3827 2638 σω-

2239 2670 2438 2740 τηρίαν
2491 2672 2656 2725 αὑτοῦ
2706 2673 2939 2743 κόσμου,
2989 2676 3019 2728 6
3062 2675 3226 2729 Δαϐὶδ
3261 2676 3441 2743 λέγει’
3480 2693 3498 2727 ι
3525 2676 3582 2728 '0
3609 2676 3664 2727 δὲ
3691 2676 3822 2738 Θεὸς

2242 2761 2498 2830 βασιλεὺς
2556 2763 2714 2834 ἡμῶν
2775 2765 3104 2835 προαιώνιος
3179 2767 3480 2839 εἰργάσατο
3544 2768 3821 2837 σωτηρίαν

2239 2855 2298 2907 ὲν
2329 2854 2482 2925 μέσῳ
2512 2855 2613 2926 τῆς
2639 2856 2768 2926 γῆς.
2797 2875 2817 2909 ι
2859 2858 2970 2912 Καὶ
3007 2860 3089 2912 ὅτι
3119 2861 3486 2931 προσήλωσαν
3517 2861 3686 2915 αὑτοῦ
3709 2865 3827 2933 χεῖ-

2239 2963 2339 3017 ρας
2393 2947 2490 3000 καὶ
2541 2949 2744 3012 πόδας,
2799 2949 2938 3020 όμοῦ
3005 2952 3281 3023 Ζαχαρίας
3326 2953 3505 3022 λέγει,
3557 2954 3640 3006 ὅτι
3703 2973 3724 3006 σ
3757 2957 3825 3008 Αἱ

2238 3036 2444 3108 πληγα),
2471 3039 2652 3092 αὐτῶν
2681 3040 2785 3094 ἁνά
2813 3040 2980 3111 μέσον
3007 3044 3116 3095 τῶν
3144 3043 3343 3116 χειρῶν
3391 3061 3522 3114 μου·
3556 3043 3650 3097 καὶ
3678 3046 3819 3115 ὲρεῖ,

2239 3128 2305 3192 ἀς
2349 3130 2596 3202 ἐπλήγην
2645 3134 2703 3186 ὲν
2747 3132 2825 3204 τῷ
2866 3134 3001 3206 οἴκῳ
3045 3134 3139 3188 τοῦ
3187 3135 3476 3207 ἀγαπητοῦ
3521 3155 3678 3206 μου.»
3714 3137 3823 3190 Ἴδε

2239 3219 2360 3284 πῶς
2392 3222 2485 3274 καὶ
2517 3223 2659 3293 μετά
2691 3224 2760 3278 τά
2789 3226 3090 3296 παθήματα
3117 3226 3289 3280 ταῦτα
3318 3227 3640 3296 ἀγαπητοὺς
3671 3229 3823 3297 ὑμᾶς

2237 3312 2413 3379 καλεῖ,
2448 3315 2542 3367 καὶ
2572 3315 2672 3368 οὐκ
2699 3318 3064 3388 ἐπιστρέφετε
3098 3319 3236 3388 πρὸς
3262 3319 3454 3373 αύτόνί
3485 3320 3656 3383 ὅντως
3679 3321 3820 3389 axe-

2241 3420 2413 3474 ριστοι
2443 3404 2623 3475 ὑμεῖς.
2660 3408 2798 3478 Περὶ
2823 3408 2882 3462 δὲ
2916 3409 3012 3462 τοῦ
3042 3410 3275 3464 θανόντα
3301 3411 3466 3464 αὐτὸν
3494 3411 3668 3483 λόγχῃ
3692 3429 3819 3465 κεν-

2235 3494 2465 3565 τηθῆναι
2517 3498 2616 3566 τὴν
2667 3498 2830 3566 ἁγίαν
2873 3500 3038 3554 αὑτοῦ
3085 3501 3327 3572 πλευρὰν
3371 3503 3466 3555 καὶ
3511 3501 3703 3573 βλύσαι
3756 3504 3818 3567 ἐξ

2235 3585 2407 3654 αὐτῆς
2440 3581 2578 3656 αἷμα
2608 3589 2703 3642 καὶ
2730 3589 2905 3659 ὕδωρ,
2940 3594 2969 3644 6
2999 3595 3286 3664 προφήτης
3312 3595 3595 3665 Ζαχαρίας
3621 3589 3775 3647 εἶπεν
3798 3610 3813 3623 ·

2239 3694 2259 3728 ι
2306 3677 2720 3748 Ἐπιϐλέψονται
2765 3683 2905 3754 πρός
2937 3700 3004 3754 με
3037 3687 3120 3748 είς
3144 3685 3204 3737 ὃν
3231 3686 3612 3758 ἐξεκέντησαν.
3641 3706 3660 3739 ›
3704 3689 3817 3742 Καὶ

2233 3767 2263 3819 6
2284 3769 2526 3839 Μωῦσῆς
2565 3772 2756 3840 σαφῶς
2783 3774 2988 3844 ταύτην
3015 3778 3382 3848 προεικονίζει
3413 3778 3500 3832 διὰ
3527 3780 3627 3848 τῆς
3647 3780 3814 3850 ἀκρο-

2231 3857 2401 3926 τόμου
2447 3860 2694 3930 πέτρας,
2753 3859 2818 3933 ἦς
2869 3865 2960 3918 διὰ
3001 3868 3103 3936 τῆς
3147 3868 3343 3939 ῥάϐδου
3378 3869 3542 3922 αὐτοῦ
3579 3870 3808 3937 πλήξας,

2231 3948 2456 4002 ἔϐλυσεν
2487 3950 2633 4022 ὕδωρ
2667 3952 2805 4022 πρὸς
2833 3957 3110 4027 σωτηρίαν
3136 3959 3230 4014 τοῦ
3258 3960 3387 4013 λαοῦ
3407 3977 3422 3993 ο
3476 3963 3508 4031 ἡ
3545 3961 3602 4013 δὲ
3635 3965 3810 4030 πέτρα

2229 4037 2300 4111 ἦν
2327 4042 2612 4107 είκονικῶς
2643 4047 2672 4098 6
2695 4047 2934 4115 Χριστός
2953 4066 2966 4079 ·
3001 4049 3078 4113 ὡς
3102 4052 3211 4122 γάρ
3239 4053 3270 4121 ὴ
3298 4054 3606 4122 άκρότομος
3633 4055 3808 4123 πέτρα

2231 4131 2436 4203 ἄψυχος
2458 4175 2475 4200 ,
2530 4131 2666 4188 οὖσα
2702 4139 2799 4190 καὶ
2830 4139 3158 4210 ἀναίσθητος
3207 4145 3536 4213 κρουσθεῖσα
3572 4146 3674 4198 ὑπὸ
3703 4146 3807 4213 τῆς

555 4196 1774 4306 ξάσδουυΜωιξσέἒφςξῦθὺςἔδλιξσενμῠδωρεῑς-
1822 4212 1969 4306 rem
2022 4196 2375 4294 πρόσκαιρονί
2421 4196 2500 4297 τῷ
2528 4227 2649 4280 τότε
2711 4228 2860 4299 λαῷ,
2916 4196 3061 4285 οὕτω
3102 4196 3196 4289 καὶ
3236 4196 3300 4287 σὲδ
3339 4196 3803 4306 ἄχραντονσῶμά

552 4289 788 4397 Χριστοῦ
835 4291 932 4397 τοῦ
974 4293 1111 4397 ῗεοῦ
1157 4297 1431 4397 νεκρωθὲν
1459 4301 1525 4369 τῇ
1553 4301 1686 4397 άᾉγίᾳ
1716 4302 1879 4356 αὑτοῦ
1906 4307 2116 4378 πλευρᾷ
2156 4289 2316 4377 εὐθύς
2345 4289 2572 4369 ἔϐλυσεν
2596 4314 2733 4388 αἷμα
2763 4289 2858 4373 καί
2883 4319 3024 4394 ὕδωρ
3053 4324 3188 4397 πρὸς
3214 4289 3490 4396 σωτηρίαν
3533 4289 3659 4380 τῶν
3715 4289 3801 4380 ἑτι.

552 4384 853 4438 στευόντων
886 4387 967 4450 είς
995 4386 1140 4459 ζωὴν
1169 4391 1387 4445 αἰώνιον
1424 4394 1504 4456 είς
1537 4395 1700 4448 αὐτὸν
1733 4398 1829 4450 καὶ
1858 4399 1919 4451 ού
1948 4402 2305 4478 πρόσκαιρον.

619 4476 940 4585 Rursusque
963 4479 1107 4535 idem
1138 4484 1404 4553 propheta
1429 4486 1639 4557 Moyses
1665 4488 1800 4544 dicit
1827 4490 1896 4547 de
1917 4492 2122 4550 Christi

2298 4502 2408 4554 Καὶ
2441 4503 2609 4558 πάλιν
2655 4507 2684 4559 6
2713 4505 2875 4570 αὐτὸς
2907 4510 3192 4580 προφήτης
3217 4511 3456 4580 Μωῦσῆς
3487 4511 3634 4579 λέγει
3669 4513 3794 4585 περὶ

548 4567 906 4624 cruciﬁxione
969 4581 1028 4626 et
1085 4583 1269 4628 vestra
1348 4575 1734 4635 incredulitate
1786 4599 1800 4635 :

1872 4601 1890 4634 ι
1938 4583 2119 4640 Vitam
2216 4591 2316 4664 τὴν
2337 4593 2432 4647 τοῦ
2464 4596 2704 4658 Χριστοῦ
2743 4599 3052 4670 σταύρωσιν
3071 4602 3166 4654 καὶ
3193 4602 3292 4673 τὴν
3321 4603 3475 4673 ὑμῶν
3503 4605 3786 4670 ἀπιστίαν,

547 4668 783 4713 vestram
810 4661 1067 4718 videbitis
1092 4666 1445 4734 pendentem,
1478 4679 1534 4724 et
1583 4687 1694 4726 non
1745 4674 1984 4730 credetis
2010 4677 2074 4732 “.
2098 4697 2116 4730 ι

2242 4661 2304 4735 ἱτι
2330 4701 2348 4734 ι
2365 4684 2602 4754 Ὄψεσθε
2626 4687 2730 4759 τὴν
2751 4661 2896 4760 ζωὴν
2927 4691 3082 4761 ὑμῶν
3111 4661 3467 4765 κρεμαμένην
3486 4735 3500 4758 ν
3523 4698 3695 4749 καὶού
3721 4661 3786 4769 μῦ

547 4749 686 4804 Ecce
717 4750 807 4805 hic
829 4752 997 4807 vitam
1020 4765 1278 4810 aeternam
1310 4767 1469 4813 vocat
1500 4760 1554 4813 in
1587 4761 1736 4831 ligno
1764 4765 2118 4832 pendentem.

543 4839 623 4894 Ne
655 4840 808 4897 dicas
832 4842 986 4898 illum
1014 4844 1082 4900 de
1105 4857 1359 4916 serpente
1383 4865 1536 4904 aeneo
1560 4851 1665 4906 hoc
1691 4852 1935 4908 locutum
1967 4871 2118 4923 esse;

541 4944 667 4983 nam
702 4932 759 4986 in
810 4944 1124 5004 serpentem
1168 4937 1548 5002 crediderunt,
1591 4942 1646 4996 in
1696 4943 1865 4998 vitam
1910 4955 2113 5013 autem,

2221 4774 2543 4830 πιστεύσετε
2569 4793 2584 4810 ο
2611 4797 2632 4831 ι
2668 4781 2780 4835 ίδοὺ
2816 4782 2910 4836 καί
2929 4777 3087 4847 οὗτος
3114 4784 3259 4855 ζωὴν
3289 4787 3507 4839 αἰώνιον
3535 4790 3784 4858 ὀνομάζει

2217 4867 2310 4921 τὸν
2343 4867 2436 4921 ἐπὶ
2472 4867 2631 4934 ξύλου
2665 4873 3065 4943 κρεμασθέντα.
3107 4879 3217 4931 Καὶ
3253 4877 3328 4948 μὴ
3359 4879 3518 4949 εῖπῃς
3551 4881 3636 4932 ὅτι
3667 4883 3782 4950 περὶ

2213 4960 2306 5013 τοῦ
2341 4961 2518 5030 ὄφεως
2547 4963 2641 5017 τοῦ
2670 4966 2871 5036 χαλκοῦ
2906 4962 3029 5022 εἷπε
3053 4968 3210 5022 τοῦτο
3233 4987 3246 5000 ·
3286 4971 3366 5032 είς
3410 4971 3497 5024 τὸν
3521 4972 3650 5038 ὅφιν
3682 4973 3779 5040 γὰρ

540 5034 663 5088 qua:
688 5030 771 5075 est
791 5022 1066 5092 Christus,
1098 5028 1239 5083 dixit
1264 5046 1363 5085 vos
1390 5047 1498 5085 non
1528 5034 1859 5090 credituros.
1897 5038 2111 5094 Etenim

2246 5022 2561 5119 πίστευσαν,
2608 5022 2701 5118 εἰς
2719 5055 2775 5109 δὲ
2803 5055 2903 5127 τὴν
2929 5056 3096 5128 ζωὴν,
3134 5022 3382 5111 τουτέστι

538 5124 782 5172 nostram
837 5123 1280 5181 maledictionem
1326 5129 1383 5183 in
1431 5146 1593 5199 quam
1639 5147 1738 5202 per
1787 5139 2113 5203 prmvarica-

538 5205 742 5260 tionem
767 5219 823 5264 et
849 5211 1280 5272 inobedientiam
1322 5219 1710 5288 incideramus,
1747 5224 1837 5279 hic
1863 5229 2106 5293 sustulit,

536 5303 593 5348 ut
640 5298 907 5368 scriptum
959 5315 1044 5360 est
1082 5324 1095 5360 :
1140 5326 1158 5359 ι
1198 5310 1518 5368 Maledictus
1574 5317 1668 5385 qui
1717 5319 1919 5387 pendet
1950 5322 2004 5376 in
2036 5323 2108 5378 li-

531 5396 639 5450 8110
686 5386 770 5450 ¹¹ς
818 5408 837 5441 ι
875 5400 933 5448 et
984 5397 1338 5450 maledictum
1385 5413 1612 5450 nmnmr
1652 5421 1754 5450 nnc
1801 5409 1974 5450 far-inc
2023 5423 2103 5450 ρει

609 5617 875 5702 ξμῳωτ.
898 5640 970 5686 ιι,
1011 5625 1097 5702 ἓξ.
1131 5627 1217 5702 15.
1272 5631 1315 5702 γ’
1342 5631 1483 5688 Psal.
1518 5650 1698 5698 xxxiv,
1735 5638 1816 5692 12.
1894 5639 1914 5670 ⁶
1945 5639 2046 5693 isa.
2080 5655 2128 5702 L,

2289 5644 2307 5675 ⁷
2339 5644 2440 5698 lsa.
2467 5661 2538 5702 ix.
2571 5647 2624 5702 6.

2211 5139 2366 5197 εἶπεν
2407 5145 2492 5198 ὅτι
2521 5147 2581 5199 ού
2619 5148 2694 5219 μὴ
2729 5148 3080 5203 πιστεύσετε·
3110 5151 3204 5203 καὶ
3236 5151 3344 5221 γὰρ
3383 5152 3482 5221 τὴν
3509 5153 3777 5222 ἡμετέραν

2208 5236 2347 5307 ἀρὰν
2381 5237 2448 5306 ἢν
2474 5238 2562 5291 διὰ
2591 5243 2690 5310 τῆς
2713 5241 3081 5311 παραϐάσεως
3107 5245 3202 5297 καὶ
3227 5246 3513 5315 παρακοῆς
3541 5247 3774 5297 ἐπεσπα-

1170 5327 1518 5408 .malemcms
1574 5327 1668 5385 qui
1717 5327 1919 5387 pendet
1950 5327 2004 5376 in
2036 5327 2108 5378 li-
2210 5327 2446 5396 σάμεθα,
2484 5329 2647 5393 αὐτὸς
2664 5332 2911 5400 ἀνέλαϐε,
2944 5335 3128 5399 καθὼς
3157 5336 3485 5404 γέγραπται,
3512 5337 3769 5389 ὲπικατάο

818 5408 837 5441 ι
875 5400 933 5448 et
984 5397 1338 5454 maledictum
1384 5413 1612 5475 propter
1652 5421 1754 5462 nos
1799 5409 1975 5466 factus
2023 5423 2106 5469 est

2243 5436 2370 5485 ατος
2421 5423 2450 5475 6
2495 5423 2838 5494 κρεμάμενος
2889 5397 2981 5479 ἐπὶ
3027 5397 3360 5492 ξύλουονκαὶ
3389 5397 3608 5498 κατάρα
3639 5427 3766 5495 ὑπὲρ

2697 5648 2884 5703 'Psal.
2923 5665 3102 5713 mm,
3140 5650 3217 5704 ιε.
3261 5650 3530 5708 ’Zuchar.
3569 5669 3677 5716 nu,
3701 5651 3748 5706 6.

545 5687 587 5720 ⁸ο
628 5689 853 5747 Zachar.
895 5710 992 5764 ιιι,
1039 5697 1118 5752 10.
1190 5698 1226 5731 ¹’
1268 5687 1653 5770 Βειιιζαιιινιιι,
1685 5687 1816 5762 δεῖ
1852 5711 1894 5742 ¹¹

2242 5756 2245 5771 ,
2662 5687 2759 5780 tu:
