4072 6514
257 297 393 362 1245

1258 307 1713 372 DISPUTATIO
1749 314 2150 377 ADVERSUS
2187 319 2519 384 ΠΗ)ῆίΟᾶ

3373 325 3511 390 1246

253 411 409 482 ήμῶν
456 408 683 480 γέγονεν
716 413 744 466 6
775 412 1163 486 ἀναμάρτητος
1193 457 1207 482 ,
1265 419 1353 473 ῖνα
1398 421 1643 493 κατάρας
1680 424 1828 493 ἡμᾶς

1951 427 2025 496 ιιιὶ
2055 428 2176 485 sine
2225 441 2452 500 peccato
2495 439 2638 497 erat,
2686 440 2748 487 ut
2780 432 3070 489 maledicta
3119 442 3306 488 nostra
3333 435 3512 490 solve-

252 501 618 576 ἐλευθερώσῃ,
643 506 738 558 καὶ
765 505 908 577 ζωὴν
929 505 1145 560 αἰώνιον
1165 510 1460 581 χαρίσηται
1476 517 1586 575 τοῖς
1606 514 1830 568 πιστεύ-

253 613 403 649 ουσιν
436 597 516 660 εἰς
545 597 730 651 αὐτόν.
761 598 970 670 Ὠσπερ
1000 601 1108 671 γάρ
1145 603 1304 672 ὑμεῖς
1333 604 1385 656 οι
1423 603 1666 659 Ἰουδαῖοι
1697 608 1822 659 ὲπι-

258 685 515 739 στεύσατε
563 687 642 758 τῷ
673 688 792 756 ὄφει
825 688 902 758 τῷ
931 691 1119 760 χαλκῷ
1157 694 1490 764 κρεμαμένῳ
1525 695 1619 747 ἐπὶ
1647 695 1827 761 ξύλου,

254 779 733 848 ἑπικατηραμένου
779 779 930 844 δντος
977 783 1085 835 ἀπὸ
1133 784 1334 847 παντὸς
1368 787 1558 855 θηρίου
1622 779 1833 850 οῦτινος

255 869 419 922 εἰκὼν
450 872 682 940 παρεῖχε
711 873 825 933 τοῖς
851 873 1137 942 προγόνοις
1166 875 1320 945 ὑμῶν
1341 891 1353 904 ·
1407 875 1483 938 ὡς
1512 877 1618 945 γάρ
1651 878 1679 929 6
1710 877 1833 946 ὄφις

253 961 282 1011 6
330 959 405 1030 μὴ
445 959 657 1013 δάκνων
687 960 830 1031 ὑπὲρ
859 962 967 1014 τῶν
993 963 1300 1018 δακνόντων
1331 966 1506 1033 ὄφεων
1538 967 1683 1038 ζωὴν
1709 967 1834 1036 ἔφε-

259 1067 386 1121 ρεν,
443 1051 586 1104 οὕτω
636 1054 732 1106 καὶ
783 1053 813 1105 6
858 1054 1091 1122 Χριστὸς
1144 1057 1528 1127 ἀναμάρτητος
1577 1058 1653 1111 ὢν
1693 1059 1834 1128 ὑπὲρ

255 1141 604 1212 ἁμαρτωλῶν
634 1142 994 1213 κρεμασθεὶς,
1024 1145 1167 1216 ζωὴν
1197 1146 1276 1216 τῷ
1301 1147 1491 1219 κόσμῳ
1516 1149 1833 1220 ἒχαρίσατο.

259 1232 372 1287 Καὶ
418 1234 548 1304 περὶ
594 1233 690 1286 τοῦ
731 1235 995 1288 σκοτάσαι
1042 1235 1139 1307 τὴν
1172 1238 1388 1309 ἡμέραν
1421 1240 1640 1310 ἐκείνην
1669 1257 1836 1294 σταυ-

261 1327 526 1396 ρουμένου
560 1327 831 1398 Χριστοῦ,
881 1328 979 1382 καὶ
1013 1331 1196 1400 φωνὴν
1227 1331 1391 1384 αὐτοῦ
1420 1332 1675 1401 ἀφιέντος
1708 1334 1837 1386 ὅταν

257 1415 616 1479 ἐξέπνευσεν,
670 1419 762 1469 καὶ
802 1417 1082 1487 σεισθῆναι
1129 1419 1218 1472 τὸν
1261 1421 1489 1491 οὐρανὸν
1528 1423 1622 1475 καὶ
1657 1425 1837 1477 πᾶσαν

255 1507 357 1576 τὴν
382 1506 486 1575 γῆν
513 1506 602 1560 διὰ
627 1505 724 1578 τὴν
750 1507 957 1578 τόλμαν
977 1509 1185 1582 ταύτην
1209 1510 1320 1564 τῶν
1342 1511 1637 1575 Ἰουδαίων,
1656 1515 1684 1566 6
1705 1530 1838 1583 1:po-

257 1600 438 1670 φήτης
465 1598 624 1670 Ὠσηὲ
649 1599 799 1668 λέγει
821 1616 836 1631 ⁸
881 1619 899 1652 ι
930 1602 1120 1666 Ἥλιος
1151 1603 1246 1655 καὶ
1275 1604 1307 1673 η
1341 1604 1538 1674 σελήνη
1568 1605 1838 1658 συσκοτά-

259 1707 416 1744 σουσι
438 1732 452 1756 ,
490 1692 586 1745 καὶ
617 1692 668 1744 oi
697 1692 923 1761 ἀστέρες
955 1693 1016 1746 οὐ
1047 1693 1276 1747 δώσουσι
1304 1693 1366 1747 τὸ
1395 1693 1598 1763 φέγγος
1626 1695 1835 1748 αὐτῶνθ

258 1779 290 1831 6
318 1778 375 1832 δὲ
407 1779 610 1850 Κύριος
640 1781 702 1834 ἐκ
730 1780 868 1834 Σιὼν
898 1781 1302 1851 ἀνακράξεται,
1356 1783 1452 1838 καὶ
1490 1784 1838 1856 σεισθήσεται

256 1876 288 1928 6
318 1872 544 1942 οὐρανὸς
572 1873 664 1926 καὶ
689 1874 721 1944 ἠ
749 1873 841 1944 γῆ.
882 1892 901 1926 1

335 1963 443 2016 Καὶ
467 1963 496 2015 6
519 1963 680 2018 Δαϐὶδ
700 1962 869 2032 λέγει’
908 1983 926 2016 ι
971 1963 1180 2017 Ἔδωκε
1210 1963 1398 2034 φωνὴν
1418 1965 1584 2019 αὑτοῦ
1616 1965 1644 2019 6
1673 1965 1842 2036 ’Υψιι

261 2072 409 2119 στος,
445 2053 708 2125 ἐσαλεύθη
739 2056 774 2126 ἡ
806 2055 897 2124 γῆ.
931 2073 949 2105 1
993 2055 1123 2109 Ἰδοὺ
1154 2056 1250 2110 καὶ
1277 2057 1431 2110 αὐτοὶ
1473 2058 1678 2128 Κύριον
1722 2058 1840 2128 ῦψι·

262 2165 390 2201 στον
449 2146 540 2201 τὸν
583 2147 1000 2218 ἐσταυρωμένον
1037 2147 1386 2218 ὀνομάζουσι.
1417 2149 1530 2203 Καὶ
1568 2149 1843 2220 Ζαχαρίας

256 2241 288 2293 6
321 2242 604 2313 προφήτης
631 2241 816 2310 λέγει’
859 2259 878 2292 ι
913 2240 1023 2295 Καὶ
1049 2240 1174 2312 ἥξει
1230 2240 1437 2314 Κύριος
1467 2242 1494 2294 6
1531 2241 1665 2305 Θεὸς
1695 2282 1710 2307 ,
1747 2244 1842 2295 καὶ⁸

259 2333 467 2397 πάντες
492 2335 542 2387 οῖ
566 2333 709 2402 ἆγιοι
753 2334 867 2402 μετ’
896 2332 1082 2387 αὐτοῦ·
1127 2332 1224 2408 καὶ
1255 2335 1313 2387 έν
1343 2337 1408 2406 τῇ
1440 2336 1622 2406 ἡμέρᾳ
1659 2334 1846 2408 ἐκείνῃ

259 2428 366 2482 οὐκ
398 2426 548 2480 ἔσται
583 2425 718 2496 φῷς,
758 2426 852 2480 καὶ
878 2425 976 2496 οὐχ
1015 2426 1219 2498 ήμέρᾶ,
1255 2421 1534 2498 animus,
1579 2428 1675 2481 καὶ
1710 2427 1846 2498 πρὸς

260 2521 502 2592 ἑσπέραν
554 2520 707 2574 ἔσται
759 2518 897 2588 φῶς,
928 2520 1023 2572 καὶ
1051 2521 1238 2591 ἡμέρα
1267 2520 1454 2588 ἐκείνη
1503 2518 1722 2591 γνωστὴ
1767 2518 1845 2590 τῷ

265 2612 479 2682 Κυρίῳ.
523 2628 543 2664 1
595 2611 725 2665 Ἀπὸ
767 2611 877 2682 γὰρ
907 2609 1056 2682 ὥρας
1083 2611 1250 2681 ἕκτης
1277 2611 1381 2674 ἕως
1422 2609 1572 2678 ὧρας
1618 2611 1845 2680 ἐννάτης

264 2700 457 2762 σκότος
489 2699 709 2767 ἐγένετο
741 2701 834 2755 ἐπὶ
867 2701 1048 2754 πᾶσαν
1097 2699 1195 2771 τὴν
1255 2700 1370 2770 γῆν.
1419 2700 1550 2752 Ἰδοὺ
1603 2701 1697 2752 καὶ
1741 2698 1845 2752 Ζα-

264 2790 463 2860 χαρίας
504 2790 707 2862 Κύριον
744 2791 838 2845 καὶ
873 2791 1005 2842 Θεὸν
1031 2791 1122 2843 τὸν
1152 2789 1537 2860 σταυρωθέντα
1566 2791 1843 2862 ὠνόμασε.

265 2883 383 2936 Καὶ
427 2883 521 2936 ὲάν
563 2882 662 2951 μὲν
703 2883 893 2953 εῖπητε
931 2882 1012 2936 ὅτι
1052 2881 1224 2935 ταῦτα
1255 2883 1386 2953 περ)⁵
1427 2881 1522 2935 τοῦ
1575 2882 1846 2952 εἰλημμέ-

266 2988 366 3024 νο)
427 2969 579 3040 ὑμῶν
640 2970 919 3038 λέγουσιν’
989 2971 1120 3025 Ἰδοὺ
1175 2971 1362 3025 λοιπὸν
1415 2972 1511 3024 καὶ
1558 2971 1715 3042 ὑμεῖς
1767 2973 1848 3037 εἰς

267 3061 556 3132 ἄνθρωπον
634 3063 897 3132 μέλλοντα
958 3061 1346 3133 σταυρωθῆναι
1410 3063 1486 3126 ὡς
1556 3064 1847 3118 κατάδικον

1952 3071 2094 3126 alius
2119 3071 2213 3140 qui
2247 3069 2547 3140 praedictus
2580 3078 2664 3125 est
2709 3085 2738 3124 a
2784 3069 3096 3138 prophetis,
3128 3067 3231 3122 nisi
3267 3066 3534 3122 Dominus

267 3154 550 3218 ὲλπίζετε’
609 3154 721 3207 ἀλλ’
765 3154 865 3207 οὐκ
928 3154 1074 3209 ἔστιν
1123 3154 1283 3218 ἄλλος
1325 3156 1354 3208 6
1409 3155 1846 3226 προφητευθεὶς,

271 3251 322 3304 εί
371 3251 444 3321 μὴ
475 3251 502 3302 6
537 3247 736 3319 Κύριος
780 3249 939 3319 ἡμῶν
981 3249 1190 3320 Ἰησοῦς
1233 3249 1468 3320 Χριστὸς
1516 3252 1545 3303 6
1579 3249 1707 3312 Υἱὸς
1754 3248 1852 3301 τοῦ

270 3343 434 3403 Θεοῦ,
461 3343 490 3394 6
519 3343 582 3394 ὲκ
611 3343 720 3395 τῶν
741 3342 985 3413 οὐρανῶν
1016 3340 1312 3406 κατελθὼν,
1345 3342 1432 3394 καὶ
1467 3343 1766 3414 σαρκωθεὶς
1787 3343 1852 3396 ἐκ

276 3433 596 3504 Ιινεύματος
635 3434 789 3502 ἁγίου
828 3435 892 3486 ὲκ
923 3434 1022 3504 τῆς
1069 3433 1430 3504 ἀειπαρθένου
1484 3435 1726 3506 Μαρίας,
1761 3436 1854 3488 καὶ

273 3524 453 3582 ταῦτα
493 3523 680 3579 παθὼν
720 3524 808 3577 διὰ
850 3524 951 3594 τὴν
984 3525 1077 3577 τοῦ
1125 3524 1334 3595 κόσμου
1371 3527 1664 3596 σωτηρίαν,
1720 3525 1855 3580 καθ-

277 3615 387 3675 ἀπε
397 3633 428 3686 ρ
459 3613 892 3686 προηγγείλαντο
912 3631 975 3668 πε
986 3615 1040 3686 pi.
1059 3615 1222 3669 αὐτοῦ
1247 3618 1298 3669 οἱ
1319 3620 1617 3688 προφῆται,
1642 3619 1717 3683 ὡς
1740 3620 1857 3674 δια-

276 3708 564 3777 λεχθέντες
588 3707 686 3770 τάς
714 3707 844 3777 περὶ
883 3707 1121 3778 Χριστοῦ
1160 3707 1469 3778 μαρτυρίας
1497 3725 1557 3762 τε
1595 3711 1690 3762 καὶ
1722 3727 1851 3779 προσ

281 3799 513 3873 φητείας
541 3797 720 3853 αὐτῶν
758 3798 1177 3869 παρηγάγομεν.
1226 3800 1336 3852 Καὶ
1372 3801 1502 3869 περὶ
1528 3799 1623 3854 τοῦ
1652 3801 1857 3868 ἀναλη-

280 3891 486 3960 ιρθῆναι
514 3888 674 3944 αὑτὸν
705 3890 764 3942 ἀν
786 3890 899 3952 τοῖς
919 3889 1169 3960 οὐρανοῖς
1195 3889 1292 3942 καὶ
1328 3888 1550 3943 καθίσαι
1575 3891 1639 3942 ὲκ
1667 3889 1858 3952 δεξιῶν

285 3981 379 4036 τοῦ
412 3979 570 4046 Θεοῦ,
603 3980 697 4034 καὶ
739 3979 874 4051 πρὸς
908 3979 1189 4050 Ζαχαρίαν
1211 3975 1388 4032 εἶπενο
1438 3997 1458 4032 ι
1506 3980 1593 4032 Ἐν
1625 3982 1690 4049 τῇ
1721 3979 1861 4049 ἡμέε-

285 4091 360 4146 pq.
393 4072 578 4144 ἐκείνῃ
605 4073 890 4144 στήσονται
919 4073 968 4124 οἱ
999 4070 1160 4134 πόδες
1181 4071 1387 4142 Κυρίου
1419 4071 1499 4135 εἰς
1519 4070 1580 4124 τὸ
1605 4070 1729 4141 ὅρος
1752 4069 1861 4123 τῶν

283 4164 488 4220 ἐλαιῶν
515 4165 576 4216 τὸ
605 4163 892 4218 κατέναντι
935 4161 1288 4233 Ἰερουσαλὴμ
1336 4162 1476 4216 κατὰ
1523 4161 1806 4223 ἀνατολάς.
1835 4177 1856 4211 1

285 4259 400 4311 Καὶ
441 4256 743 4326 Ψαλμῳὸὸς
790 4254 962 4322 λέγει’
995 4271 1013 4305 ι
1056 4252 1262 4323 Ἑπέϐη
1296 4254 1390 4306 ἐπὶ
1422 4253 1728 4323 Χερουϐὶμ,
1769 4253 1862 4306 καὶ

285 4349 568 4420 ὲπετάσθη
608 4348 700 4403 ἐπὶ
740 4345 1025 4418 πτερύγων
1059 4347 1296 4416 ἀνέμωνο
1321 4346 1415 4399 καὶ
1447 4346 1618 4417 ἀνέϐη
1647 4346 1780 4411 Θεὸς
1806 4348 1864 4399 ὲν

1932 526 2037 581 ret,
2091 527 2148 572 et
2188 520 2357 574 vitam
2406 529 2672 576 aeternam
2726 523 3022 594 largiretur
3075 524 3431 578 credentibus
3460 528 3513 579 in

1929 625 2080 665 eum.
2125 611 2197 666 Ut
2254 613 2424 678 enim,
2483 630 2583 669 vos
2627 615 2827 680 Judaﬁ,
2891 615 3210 670 credidistis
3270 617 3512 685 serpenti

1931 716 2083 755 aeneo
2136 703 2398 771 pendenti
2434 704 2486 757 in
2518 705 2688 775 ligno,
2745 707 2838 775 qui
2888 707 3217 762 maledictus
3253 725 3366 778 pra:
3395 724 3512 760 om-

1936 791 2101 845 nibus
2131 793 2351 847 caeteris
2397 794 2593 848 bestiis
2623 797 2840 865 signum
2871 798 3150 866 przebebat
3188 799 3388 852 vestris
3419 815 3482 867 pa

1933 882 2132 947 tribus,
2166 891 2355 952 utpote
2398 899 2507 938 non
2547 885 2808 940 mordens
2843 886 2934 940 hic
2963 903 3191 956 serpens
3225 903 3336 957 prae
3369 903 3510 938 mor-

1934 973 2195 1029 dentibus
2237 976 2588 1045 serpentibus
2626 977 2792 1030 vitam
2824 979 3123 1040 alferebat,
3166 981 3239 1032 ita
3271 988 3322 1032 et
3354 978 3511 1032 Chri-

1935 1077 2074 1131 stus,
2131 1083 2256 1122 eum
2311 1068 2428 1122 sine
2485 1078 2711 1138 peccato
2765 1077 2932 1128 esset,
2989 1085 3089 1139 pro
3134 1071 3517 1139 peccatoribus

1935 1174 2257 1227 suspensus,
2314 1159 2484 1213 vitam
2541 1159 2748 1212 mundo
2783 1160 3011 1228 largitus
3063 1168 3169 1214 est.
3234 1162 3301 1214 Et
3341 1162 3408 1214 de
3433 1169 3513 1213 te-

1936 1250 2126 1304 nebris
2172 1249 2281 1304 diei
2330 1251 2493 1304 istius
2527 1251 2582 1304 in
2613 1267 2724 1320 quo
2770 1252 3069 1305 cruciﬁxus
3105 1261 3189 1306 est
3240 1252 3510 1307 Christus.

1936 1352 1992 1396 et
2033 1342 2102 1396 de
2141 1357 2277 1396 voce
2329 1357 2493 1410 quam
2543 1342 2731 1396 emisit
2782 1343 2912 1396 dum
2965 1343 3293 1412 exspiraret,
3345 1353 3396 1398 et
3451 1344 3517 1397 de

1938 1443 2179 1488 tremore
2224 1434 2349 1488 caeli
2403 1442 2459 1487 et
2516 1442 2676 1488 terra:
2727 1435 2896 1488 totius
2950 1444 3177 1503 propter
3235 1434 3376 1488 hanc
3425 1435 3519 1489 Ju-

1937 1525 2181 1579 dagorum
2220 1525 2528 1589 audaciam,
2565 1525 2831 1594 propheta
2887 1525 3028 1580 Osee
3062 1525 3240 1581 dicit;
3280 1545 3297 1577 ι
3332 1526 3419 1580 Sol
3463 1538 3520 1581 et

1927 1611 2069 1671 luna
2115 1616 2590 1680 obscurabuntur,
2635 1626 2690 1671 et
2731 1617 2905 1670 stellze
2949 1633 3060 1671 non
3098 1618 3306 1671 dabunt
3335 1619 3520 1672 lumen

1940 1723 2128 1772 suum;
2176 1708 2444 1762 Dominus
2487 1717 2672 1762 autem
2712 1723 2776 1761 ex
2811 1706 2943 1762 Sion
2991 1708 3268 1774 clamabit,
3313 1717 3368 1763 et
3400 1725 3520 1764 mo-

1939 1797 2161 1853 vebitur
2205 1797 2408 1851 ccelum
2462 1804 2520 1850 et
2573 1805 2719 1850 terra
2755 1796 2817 1849 “.
2860 1813 2880 1847 1

2011 1976 2183 2033 David
2231 1992 2455 2047 quoque
2486 1976 2625 2033 dicit
2661 1995 2676 2032 :
2717 1996 2735 2030 ι
2767 1977 2928 2032 Dedit
2954 1993 3145 2031 vocem
3180 1991 3334 2030 suam
3359 1974 3527 2031 Altis-

1941 2070 2138 2134 simus,
2170 2079 2440 2125 commota
2477 2077 2561 2125 est
2588 2079 2732 2124 terra
2765 2071 2806 2102 “
2836 2089 2853 2121 1
2891 2070 2969 2124 En
3001 2078 3057 2124 et
3097 2069 3199 2139 ipsi
3228 2068 3523 2122 Dominum

1944 2163 2273 2218 altissimum
2317 2163 2466 2216 hunc
2499 2161 2825 2216 crucifixum
2867 2170 3090 2215 vocant.
3134 2161 3202 2214 Et
3231 2159 3528 2213 Zacharias

1945 2251 2218 2321 propheta
2254 2250 2388 2306 dicit
2417 2267 2430 2304 :
2461 2271 2478 2303 ι
2517 2250 2714 2306 Veniet
2750 2251 3015 2304 Dominus
3049 2251 3219 2312 Deus,
3255 2258 3310 2302 et
3333 2264 3527 2302 omnes

1946 2343 2121 2398 sancti
2170 2358 2295 2397 cum
2339 2358 2440 2410 eo;
2469 2342 2606 2397 etin
2639 2340 2728 2396 die
2777 2342 2872 2396 illa
2920 2358 3030 2396 non
3083 2341 3189 2395 erit
3227 2340 3439 2403 lumen,
3471 2349 3528 2394 et

1945 2448 2057 2486 non
2112 2431 2221 2487 erit
2270 2431 2390 2486 dies
2442 2448 2622 2500 neque
2681 2447 2811 2494 nox,
2869 2440 2927 2486 et
2973 2433 3040 2487 ad
3076 2447 3362 2501 vesperam
3420 2431 3529 2486 erit

1947 2525 2156 2589 lumen,
2212 2531 2267 2578 et
2307 2523 2428 2577 dies
2475 2523 2566 2576 illa
2618 2533 2747 2579 nota
2788 2525 3019 2578 Domino
3067 2525 3131 2578 ".
3172 2543 3190 2576 1
3258 2524 3340 2579 Ab
3388 2524 3528 2577 hora

1947 2615 2096 2671 enim
2143 2622 2293 2670 sexta
2335 2614 2401 2668 ad
2457 2613 2650 2668 horam
2684 2630 2884 2668 nonam
2928 2615 3170 2670 tenebrae
3216 2616 3370 2670 facta:
3402 2622 3530 2667 sunt

1949 2708 2004 2762 in
2039 2707 2351 2762 universam
2373 2713 2597 2761 terram.
2628 2706 2928 2762 Zacharias
2955 2709 3245 2762 Dominum
3274 2717 3327 2762 et
3355 2708 3527 2761 Deum

1949 2798 2275 2855 cruciﬁxum
2305 2798 2621 2868 appellavit.
2647 2797 2803 2865 Quod
2824 2799 2869 2854 si
2897 2799 3084 2854 dicitis
3108 2801 3224 2855 haec
3248 2799 3315 2854 de
3341 2808 3532 2853 vestro

1951 2887 2146 2943 Messia
2192 2887 2324 2950 dici,
2365 2902 2495 2942 ecce
2541 2887 2764 2943 demum
2800 2896 2980 2943 etvos
3006 2888 3060 2942 in
3093 2888 3369 2942 hominem
3398 2904 3531 2942 cru—

1953 2979 2284 3050 ciﬁgendum
2333 2988 2395 3034 ut
2434 2979 2842 3035 malefactorem
2875 2980 3135 3050 speratis.
3169 2979 3273 3034 Sed
3303 2995 3411 3032 non
3447 2987 3534 3034 est

1952 3171 2142 3217 noster
2182 3162 2345 3216 Iesus
2390 3160 2645 3216 Christus
2704 3161 2879 3215 Filius
2927 3160 3049 3224 Dei,
3098 3159 3193 3227 qui
3249 3157 3535 3214 descendit

1951 3256 2019 3308 de
2058 3253 2236 3316 cmiis,
2281 3260 2338 3308 et
2389 3252 2706 3306 incarnatus
2747 3260 2833 3306 est
2870 3251 2938 3305 de
2997 3250 3206 3321 Spiritu
3252 3259 3440 3305 sancto
3465 3265 3536 3305 ex

1952 3345 2120 3400 Maria
2166 3345 2413 3415 Virgine,
2449 3351 2505 3397 et
2550 3343 2668 3397 haec
2715 3356 2910 3411 passus
2948 3350 3032 3396 est
3081 3350 3308 3411 prepter
3342 3340 3533 3395 mundi

1952 3439 2215 3502 salutem,
2272 3446 2332 3491 ut
2391 3435 2898 3507 praenuntiaverant
2951 3434 3018 3488 de
3080 3435 3175 3489 illo
3229 3435 3533 3505 prophetae,

1954 3530 2031 3585 uti
2090 3530 2425 3584 disserentes
2481 3527 2791 3582 testimonia
2852 3527 2921 3581 de
2986 3527 3208 3581 Christo
3281 3535 3338 3581 et
3405 3543 3536 3596 pro-

1954 3622 2170 3694 phetias
2213 3621 2590 3692 produximus.
2626 3621 2694 3674 Et
2725 3619 2793 3674 de
2843 3619 2992 3674 illius
3036 3619 3088 3673 in
3131 3619 3305 3674 caalos
3339 3635 3534 3673 ascen-

1956 3713 2112 3768 sione
2169 3719 2227 3766 et
2269 3713 2515 3766 sessione
2581 3709 2649 3764 ad
2697 3709 2980 3764 dexteram
3031 3711 3152 3774 Dei,
3208 3727 3238 3764 a
3272 3711 3536 3765 Zacharia

1957 3803 2163 3858 dicitur
2195 3820 2208 3856 ε
2241 3821 2259 3854 ι
2295 3803 2352 3856 1η
2383 3802 2472 3855 illa
2497 3800 2585 3856 die
2609 3800 2834 3855 stabunt
2859 3801 3026 3870 pedes
3049 3800 3265 3854 Domini
3295 3801 3347 3854 in
3377 3817 3538 3854 mon-

1959 3903 2068 3950 tem
2096 3893 2374 3949 Olivarum
2402 3893 2667 3947 adversus
2695 3892 2996 3946 Jerusalem
3015 3891 3080 3945 ad
3109 3890 3390 3946 Orientem
3424 3891 3488 3945 “.
3513 3911 3532 3944 1

1959 3986 2029 4042 Et
2063 3985 2349 4040 Psalmista
2383 3984 2518 4038 dicit
2552 4001 2565 4037 :
2606 4001 2624 4034 ι
2649 3983 2914 4038 Ascendit
2953 3999 3119 4054 super
3147 3983 3448 4038 Cherubim
3483 3992 3538 4037 et

1960 4075 2168 4130 volavit
2220 4089 2388 4144 super
2429 4088 2640 4143 pennas
2668 4081 2994 4137 ventorum;
3032 4080 3087 4127 et
3125 4071 3372 4126 ascendit
3397 4072 3541 4126 Deus

1963 4166 2019 4221 in
2055 4181 2190 4221 voce
2237 4165 2383 4219 tuba:
2418 4164 2483 4218 ".
2525 4182 2544 4214 1
2591 4163 2696 4218 Et:
2749 4181 2766 4213 ι
2796 4163 2944 4217 Dixit
2993 4161 3258 4217 Dominus
3308 4160 3540 4215 Domino

1963 4271 2086 4311 meo
2118 4273 2132 4309 :
2175 4254 2316 4310 Sede
2349 4269 2380 4308 a
2428 4252 2638 4308 dextris
2671 4251 2810 4306 meis
2858 4251 2923 4319 “,
2956 4271 2974 4304 1
3008 4259 3064 4307 et
3096 4251 3241 4320 quod
3269 4251 3538 4320 sequitur.

1965 4345 2122 4412 Quod
2152 4353 2337 4400 autem
2371 4341 2622 4399 ascendit
2647 4342 2783 4413 quid
2812 4351 2916 4410 est,
2946 4327 3054 4398 nisi
3083 4341 3230 4412 quod
3260 4339 3543 4397 descendit

288 4439 612 4510 ἀλαλαγμῷ·
627 4458 645 4490 1
669 4439 813 4496 καίί
840 4434 1005 4494 Εἶπεν
1026 4438 1053 4492 6
1077 4437 1276 4507 Κύριος
1289 4437 1366 4507 τῷ
1387 4437 1577 4509 Κυρίῳ
1595 4454 1695 4508 μου
1715 4453 1730 4468 ο
1751 4438 1865 4493 Κά-
1891 4427 1942 4486 Ι)
1969 4439 2163 4509 prius?

288 4532 388 4586 οου
415 4533 480 4584 ὲκ
495 4531 680 4595 δεξιῶν
699 4548 823 4600 μου,
850 4548 868 4580 1
901 4529 1070 4583 καὶ-τὰ
1095 4529 1335 4599 ἑξῆς.;Τὸ
1353 4529 1411 4580 δὲ
1435 4528 1604 4600 ἀνέϐη
1623 4529 1676 4581 τί
1693 4531 1861 4595 ἐστιν,

289 4626 339 4677 εξ
382 4623 455 4691 μὴ
487 4623 567 4675 ὃτι
598 4620 802 4690 κατέϐη
832 4620 1127 4690 πρότερον;

371 4712 560 4782 Ὅμως
585 4711 680 4764 σὺν
711 4711 846 4763 πᾶσι
875 4710 985 4775 τοῖς
1009 4707 1271 4778 ῥηθεῖσιν,
1303 4705 1363 4758 οὐ
1389 4706 1695 4778 προφήτας,
1729 4705 1865 4760 ἀλλά

294 4805 392 4858 καὶ
446 4803 730 4872 μάρτυρας
786 4799 915 4871 ὑμῖν
963 4797 1138 4860 ἄλλως
1187 4795 1638 4866 προϐαλλόμεθα,
1668 4797 1866 4859 οἵτινες

299 4890 794 4963 παρηκολούθησαν
823 4891 923 4959 τὴν
956 4889 1047 4942 τοῦ
1087 4886 1325 4958 Χριστοῦ
1372 4887 1633 4958 ἔνσαρκον
1664 4905 1872 4959 παρου-

299 4985 445 5040 σίαν.
482 4984 593 5038 Καὶ
619 4982 730 5054 γὰρ
771 4984 866 5036 καὶ
897 4985 1058 5053 ἡμεῖς
1099 4982 1242 5051 ἅπερ
1280 4981 1546 5052 μέλλομεν
1577 4981 1779 5049 λέγειν,
1814 4980 1875 5036 ἑν

286 5056 695 5144 ’ὑπομνήμασιν
751 5073 923 5144 ἔχετε·
967 5073 1015 5127 οἱ
1054 5071 1165 5141 γὰρ
1207 5071 1441 5142 πατέρες
1472 5072 1625 5142 ὑμῶν
1657 5073 1709 5127 οι
1745 5071 1875 5126 τότε

299 5165 421 5218 λίαν
447 5163 794 5234 ἡττηθέντες,
829 5162 926 5216 καὶ
962 5164 1061 5231 τὴν
1103 5159 1272 5234 ἧτταν
1313 5163 1394 5225 εἰς
1432 5164 1587 5232 νίκην
1619 5162 1875 5234 ἀνίκητον

299 5257 750 5326 ἀνακαλούμενοι,
774 5255 1063 5310 ἐκέλευσαν
1090 5254 1290 5324 μηδένα
1315 5255 1423 5306 τῶν
1439 5255 1708 5308 Ἰουδαίων
1738 5273 1875 5309 κατ-

301 5352 451 5420 έχειν
505 5349 646 5403 αὐτὰ
677 5347 970 5418 ἐγγράφως
1013 5345 1082 5398 τὰ
1126 5346 1274 5414 παρά
1317 5344 1410 5398 τοῦ
1459 5346 1695 5416 Χριστοῦ
1736 5363 1878 5418 πρα-

303 5441 456 5504 κτέα,
487 5441 520 5512 ἢ
563 5439 700 5503 ὅλως
746 5439 928 5508 ζητεῖν
957 5436 989 5508 ἢ
1019 5435 1439 5505 ἀναγινώσκειν,
1485 5436 1571 5489 ἵνα
1604 5436 1741 5513 μὴμὴ
1784 5455 1877 5507 φι-

303 5534 528 5587 λοπονία
577 5535 690 5593 τοῖς
731 5531 945 5593 πολλοῖς
977 5527 1178 5598 γνῶσιν
1225 5529 1500 5602 παράσχῃ
1531 5527 1645 5583 ἀλλ’
1677 5528 1876 5583 εἰδόσιν

380 5646 421 5676 ’⁸
459 5645 574 5701 Joel
615 5662 672 5712 ιι,
719 5645 800 5700 l0.

301 5731 408 5776 cu.
456 5717 503 5771 i.

913 5644 956 5677 "
996 5643 1136 5700 Psal.
1177 5659 1318 5700 XCVI.
1358 5644 1409 5698 t.

1526 5645 1570 5678 "
1607 5643 1832 5698 Zachar.
1875 5661 1980 5707 xlv,
2015 5644 2065 5698 5.

2041 4715 2245 4770 Verum
2273 4713 2340 4768 ad
2386 4713 2502 4770 hare
2533 4729 2658 4784 qua;
2686 4712 2947 4775 diximus,
2974 4729 3081 4766 non
3109 4710 3426 4782 prophetas,
3450 4708 3545 4764 sed

1972 4804 2110 4859 alios
2129 4805 2286 4860 vobis
2307 4814 2476 4859 testes
2499 4803 2852 4874 proferimus,
2881 4805 2976 4874 qui
2995 4803 3166 4858 secuti
3192 4812 3320 4857 sunt
3344 4801 3544 4857 Christi

1973 4894 2267 4950 adventum
2307 4897 2363 4948 in
2413 4910 2598 4949 carne.
2653 4895 2873 4949 Etenim
2923 4910 3044 4962 quae
3096 4909 3198 4947 nos
3235 4893 3419 4947 dicere
3450 4892 3545 4945 de-

1974 4988 2190 5049 bemus,
2217 4987 2271 5040 in
2293 4986 2702 5040 commentariis
2728 4986 2972 5051 habetis;
2993 4993 3180 5055 patres
3205 4985 3352 5038 enim
3380 4983 3548 5038 vestri

1975 5085 2108 5132 tunc
2153 5078 2384 5131 omnino
2424 5077 2709 5146 prostrati,
2761 5077 2855 5131 sed
2905 5077 3115 5131 cladem
3152 5076 3206 5129 in
3259 5074 3548 5127 victoriam

1978 5167 2240 5222 invictam
2294 5175 2508 5220 mutare
2557 5169 2866 5236 cupientes,
2913 5169 3194 5239 jusserunt
3235 5166 3548 5221 Judaeorum

1975 5259 2252 5313 neminem
2305 5258 2622 5328 conscripta
2672 5259 2875 5313 habere
2932 5275 2960 5312 a
2999 5259 3219 5313 Christo
3252 5267 3426 5328 gesta,
3458 5266 3551 5310 aut

1977 5350 2202 5404 omnino
2248 5364 2496 5419 quaerere
2530 5350 2617 5404 vel
2667 5350 2868 5419 legere,
2923 5365 2991 5402 ne
3040 5348 3323 5418 diligentia
3363 5347 3552 5400 multis

1976 5440 2228 5495 notitiam
2259 5440 2502 5494 aﬂ‘erret.
2528 5440 2730 5495 Verum
2772 5439 3075 5494 scientibus
3115 5438 3271 5491 vobis
3318 5437 3436 5492 haec
3465 5436 3552 5490 di-

1977 5532 2172 5599 cimus,
2215 5532 2465 5603 quamvis
2510 5532 2788 5587 occultare
2827 5531 3116 5584 veritatem
3150 5527 3219 5582 de
3255 5542 3407 5582 more
3455 5541 3553 5580 co-

2185 5648 2228 5679 "
2268 5646 2401 5704 ibid.
2441 5645 2486 5698 l.
2599 5645 2640 5677 ’⁷
2682 5645 2722 5699 ll
2777 5644 2907 5714 Reg.
2950 5658 3079 5705 xm,
3138 5641 3220 5694 il.
3330 5639 3371 5670 "
3413 5637 3553 5693 l‘sal.
