4072 6566
537 315 671 379 1217

1734 321 1795 382 S.
1837 321 2241 383 ANASTASII
2278 322 2609 386 SINAIT/B

3673 321 3807 390 1Ξ48

529 425 758 498 gamini.
808 426 1004 487 Nonne
1033 445 1073 486 ο
1104 429 1332 487 Perside
1361 430 1421 487 in
1449 431 1806 491 Palaestinam;
1826 434 2116 491 devenisse

2218 437 2348 507 ύμῖν
2389 435 2560 490 ταῦτα
2605 435 2859 507 λέγομεν,
2892 434 3002 490 κᾶν
3023 434 3249 507 κρύϐειν
3275 433 3377 507 τὴν
3402 435 3667 507 ἀλήθειαν
3700 440 3809 492 ὑπὸ

530 514 715 591 Magos
758 520 1049 578 audivistis
1076 521 1267 585 divino
1294 523 1469 579 stellae
1504 524 1734 583 oraculo
1767 525 1986 590 ductos,
2018 526 2114 596 qui

528 610 811 669 Christum
836 614 1134 671 adorantes
1163 616 1308 672 dona
1352 616 1735 687 protulerunt?
1759 632 1885 672 cum
1911 617 2116 688 quibus

534 702 701 757 vestri
746 704 1101 759 sacerdotum
1132 706 1416 777 principes
1457 708 1527 763 ab
1563 708 1781 767 Herode
1816 718 1948 764 tunc
1983 726 2114 780 rege

532 793 857 865 interrogati
884 814 897 849 :
931 796 1131 863 Dicite,
1166 798 1260 853 ubi
1293 796 1547 856 Christus
1574 800 1859 857 nascitur?
1881 816 2111 870 respon~

533 882 770 940 derunt:
804 885 865 940 in
898 885 1181 943 Bethleem
1205 888 1429 944 civitate
1465 888 1688 955 Iudaeae,
1735 898 1797 943 ut
1827 890 2114 960 prophetae

531 978 753 1047 dicunt;
805 981 882 1037 ita
935 990 998 1035 ut
1053 980 1322 1047 Herodes,
1378 981 1587 1039 invidia
1626 981 1907 1037 nascentis
1942 981 2111 1052 regis,

531 1080 744 1127 tantum
801 1088 1103 1143 puerorum
1157 1073 1494 1128 occisionem
1560 1072 1809 1143 jusserit.
1870 1073 2113 1128 Joannes

532 1162 776 1233 Baptista
817 1179 1003 1220 nonne
1046 1180 1115 1220 ex
1151 1164 1356 1221 Iudaeis
1392 1164 1605 1218 oritur?
1658 1164 1726 1219 ad
1780 1180 1946 1233 quem
1978 1175 2113 1220 tunc

532 1255 807 1310 miserunt
847 1255 1019 1311 vestri
1054 1265 1240 1326 patres
1284 1256 1690 1325 interrogantes
1745 1265 1935 1311 utrum
1968 1268 2115 1312 esset

531 1344 805 1413 Christus,
832 1357 889 1403 et
912 1348 1053 1403 dixit
1080 1365 1094 1402 :
1127 1365 1146 1399 ι
1180 1348 1300 1403 Non
1324 1363 1447 1402 sum
1467 1362 1602 1417 ego;
1643 1368 1661 1399 ι
1692 1348 1786 1401 sed
1817 1349 2117 1404 ostendens

534 1435 643 1491 illis
673 1435 956 1493 Christum
995 1437 1134 1492 dixit
1161 1454 1176 1491 :
1214 1455 1235 1488 (
1262 1436 1364 1492 Hic
1400 1445 1485 1491 est
1513 1452 1688 1505 agnus
1720 1437 1817 1492 Dei
1850 1439 1946 1507 qui
1974 1438 2117 1493 tollit

533 1535 823 1597 peceatum
858 1528 1053 1582 mundi
1099 1529 1164 1582 ι’.
1198 1546 1218 1579 ι

2222 528 2324 597 τῆς
2349 528 2641 597 συνηθείας
2670 527 3070 596 ἀναγκάζεσθε·
3114 528 3241 592 τοὺς
3268 528 3377 581 ἀπὸ
3416 527 3516 598 τῆς
3546 530 3809 600 Περσίδος

2224 617 2318 670 ἐπὶ
2348 618 2447 686 τὴν
2484 617 2850 689 Παλαιστίνην
2877 618 3224 690 περάσαντας
3255 618 3478 688 Μάγους
3502 620 3603 671 οὐκ
3644 621 3810 686 ἡκού-

2224 724 2354 761 σατε
2377 708 2442 761 ἐκ
2468 707 2620 771 θείας
2649 710 3003 780 χρησμῳδίας
3034 712 3173 780 μετά
3210 710 3441 780 ἀστέρος
3479 712 3807 779 ἀγομένους,

2221 799 2273 853 οἶ
2321 798 2401 869 τῷ
2448 799 2668 871 Χριστῷ
2709 802 3186 872 προσκυνήσαντες
3227 801 3375 873 δῶρα
3420 804 3804 874 προήγαγοη

2227 890 2349 962 μεθ’
2379 887 2455 947 ὧν
2507 892 2559 945 οἱ
2602 892 2723 945 τότε
2770 892 2927 964 ὑμῶν
2961 894 3239 965 ἀρχιερεῖς
3292 892 3371 963 τῷ
3427 894 3550 945 τότε
3597 893 3811 962 βασιλεῖ

2235 981 2451 1054 Ἡρώδῃ
2476 982 2853 1052 συντυχόντες,
2885 980 3030 1037 εἴπεο
3060 982 3170 1037 Ποῦ
3209 985 3238 1036 6
3262 982 3498 1053 Χριστὸς
3523 986 3807 1050 γεννᾶταιο

2202 1073 2317 1127 καὶ
2336 1068 2490 1127 εἶπον
2520 1076 2699 1146 αὐτῷ·
2725 1073 3086 1145 ἘννΒηθλεέμ
3112 1075 3179 1145 τῇ
3207 1073 3362 1126 πόλει
3394 1073 3494 1142 τῆς
3525 1072 3807 1137 Ἰουδαίας,

2222 1163 2405 1227 καθὼς
2432 1166 2484 1218 οἱ
2506 1168 2784 1239 προφῆται
2810 1166 3063 1233 λέγουσιν
3086 1181 3100 1195 ·
3137 1164 3213 1221 ὡς
3234 1164 3326 1216 καὶ
3359 1163 3681 1232 ζηλώσαντα
3716 1165 3809 1217 τὸν

2234 1254 2486 1326 Ἡρώδην
2538 1255 2635 1327 τὴν
2675 1259 3012 1326 ἀναφυεῖσαν
3062 1254 3364 1326 βασιλείαν,
3401 1252 3502 1325 τὴν
3536 1253 3810 1322 τοσαύτην

2223 1347 2625 1419 παιδοσφαγίαν
2682 1348 3038 1421 ποιήσασθαι.
3112 1347 3370 1417 Ἰωάννης
3416 1348 3446 1399 6
3496 1348 3811 1419 Βαπτιο-ιὴς

2222 1440 2325 1494 οὐκ
2368 1441 2426 1508 ἐξ
2468 1442 2737 1496 Ἰουδαίων
2775 1441 3109 1509 κατάγεται;
3155 1438 3295 1510 πρὸς
3352 1437 3412 1490 ὃν
3455 1438 3811 1493 ἀπέσταλκαν

2222 1531 2346 1586 τότε
2373 1535 2423 1586 οί
2452 1533 2689 1604 πατέρες
2713 1531 2868 1603 ὑμῶν
2894 1530 3205 1603 ἐρωτῶντες
3225 1532 3273 1584 εί
3303 1528 3468 1592 αὐτὸς
3494 1530 3523 1582 6
3550 1529 3810 1598 Χριστὸς,

533 1621 627 1677 καὶ
662 1617 835 1677 εἶπεν·
874 1642 895 1675 ι
928 1624 1043 1677 Ούκ
1071 1624 1190 1694 είμὶ
1220 1621 1349 1692 ἐγώο
1375 1641 1394 1674 ι
1430 1622 1568 1681 ἀλλὰ
1599 1622 1781 1690 δείξας
1808 1624 1997 1688 αὐτοῖς
2022 1624 2115 1677 τὸν
2148 1624 2383 1696 Χριστὸν
2414 1626 2568 1678 εἶπεν
2594 1639 2611 1655 ⁸
2644 1643 2663 1677 ι
2718 1619 2900 1689 Οὗτός⁴
2952 1624 3100 1677 ἐστιν
3153 1623 3184 1675 6
3230 1621 3403 1693 ἀμνὸς
3477 1618 3572 1673 τοῦ
3613 1619 3748 1673 Θεοῦ
3779 1622 3811 1674 6

533 1716 707 1787 αἴρων
737 1717 834 1787 τὴν
868 1717 1144 1786 ἁμαρτίαν
1174 1716 1268 1769 τοῦ
1298 1717 1528 1785 κόσμου.
1564 1737 1584 1771 ι

604 1806 877 1863 Praeterea
904 1807 1236 1863 Nicodemus
1285 1809 1544 1880 princeps
1576 1820 1784 1875 vester,
1819 1818 1877 1866 et
1909 1811 2112 1866 Natha-

2289 1808 2495 1863 Λοιπὸν
2529 1809 2843 1880 Νικόδημος
2871 1811 2899 1863 6
2932 1808 3117 1880 ἄρχων
3140 1807 3319 1879 ὑμῶν,
3354 1809 3450 1862 καὶ
3489 1806 3809 1877 Ναθαναὴλν

534 1899 678 1963 nael,
711 1907 766 1953 et
792 1898 995 1968 Joseph
1037 1899 1106 1953 ab
1131 1899 1483 1961 Arimathaza,
1519 1909 1575 1956 et
1611 1901 1769 1957 Bizes
1787 1912 1845 1957 et
1880 1904 2115 1957 Alexan-

533 1990 652 2056 der,
685 1990 781 2060 qui
829 2005 956 2044 cum
1010 1990 1130 2059 ipso
1155 1991 1522 2047 comederunt
1550 1993 1613 2046 in
1637 1994 1845 2063 nuptiis
1875 1993 2116 2050 Simonis

533 2081 765 2149 Galilaai,
817 2097 943 2137 cum
986 2096 1186 2150 aquam
1234 2084 1290 2136 in
1324 2083 1515 2138 vinum
1557 2085 1821 2151 mutavit;
1867 2085 2118 2143 seniores

532 2177 627 2245 qui
676 2185 735 2230 ut
773 2176 934 2247 legati
971 2193 1007 2232 av
1045 2176 1377 2233 centurione
1411 2176 1563 2231 missi
1589 2187 1721 2231 sunt
1748 2188 1975 2249 propter
1996 2181 2118 2251 ejus

533 2267 707 2322 lilium
754 2268 1107 2339 deprecaturi
1162 2286 1265 2341 pro
1320 2270 1479 2325 istius
1539 2272 1752 2334 salute;
1784 2272 1994 2343 Dignus
2033 2282 2117 2329 est

531 2361 701 2427 enim,
751 2360 1031 2427 dicebant,
1068 2364 1162 2434 qui
1193 2364 1299 2420 hoc
1326 2365 1627 2434 prastabit,
1658 2382 1782 2420 nam
1811 2378 1957 2423 amat
1984 2383 2118 2437 gen-

535 2463 668 2519 tem,
720 2463 777 2509 et
838 2471 1168 2527 synagogam
1217 2457 1336 2527 ipse
1386 2457 1683 2513 zedilicavit
1736 2460 1926 2526 nobis;
1984 2462 2115 2517 item

534 2544 717 2614 regius
765 2544 867 2599 iste
920 2548 1218 2615 proconsul
1274 2547 1448 2602 frater
1493 2549 1627 2605 Jairi
1677 2551 2113 2623 archisynagogi,

532 2636 692 2705 cujus
745 2635 922 2690 lilium
969 2652 1164 2692 sanum
1236 2638 1388 2704 fecit,
1450 2640 1613 2696 istius
1657 2659 1880 2713 quoque
1934 2644 2117 2699 Jairus

534 2725 706 2779 frater
766 2726 1097 2796 deprecatus
1146 2728 1325 2794 illum,
1379 2731 1476 2800 qui
1530 2730 1699 2786 ﬁliam
1754 2733 2040 2788 suscitavit
2085 2751 2116 2788 e

534 2818 804 2884 mortuis;
861 2818 1099 2889 Caipbas
1155 2829 1289 2877 tunc
1337 2833 1521 2879 vester
1561 2840 1810 2880 summus
1864 2826 2117 2881 Pontifex

532 2906 630 2977 qui
683 2909 1021 2964 consulebat.
1042 2912 1527 2967 unumhominem
1558 2914 1722 2981 mori,
1753 2932 1837 2970 ne-
1860 2915 2116 2970 universa

532 3013 671 3066 gens
722 3000 963 3069 periret;
997 3002 1156 3072 pueri
1188 3003 1357 3058 vestri
1411 3006 1715 3060 clamantes
1752 3023 1766 3060 :
1807 3025 1823 3057 δ
1859 3007 2116 3061 Hosanna

534 3087 674 3144 Filio
721 3089 915 3155 David,
954 3091 1302 3157 benedictus,
1336 3095 1430 3164 qui
1484 3097 1649 3151 venit
1671 3098 1725 3151 in
1755 3099 1976 3153 nomine
2004 3099 2112 3152 Do-

2218 1905 2312 1958 καὶ
2346 1904 2543 1976 Ἰωσὴφ
2563 1907 2590 1957 6
2620 1905 2717 1957 ἀπ’
2750 1903 3095 1975 Ἀριμαθίας,
3122 1903 3227 1956 καὶ·
3254 1902 3420 1972 Βιζῆς
3460 1902 3556 1955 καὶ
3582 1900 3813 1966 δ’Λλέξ-

2223 1996 2440 2068 ανδρος,
2483 1995 2533 2048 οἳ
2589 1995 2686 2049 καὶ
2720 1995 3024 2064 συνέφαγον
3053 1992 3203 2062 αὐτῷ
3233 1994 3290 2045 ἐν
3328 1992 3406 2063 τῷ
3435 1993 3602 2063 γάμῳ
3628 1993 3814 2063 Σίμωο

2218 2105 2308 2152 νος
2344 2087 2438 2142 τοῦ
2465 2088 2772 2153 Γαλιλαίου,
2801 2089 2857 2140 ἐν
2887 2080 2930 2156 ᾧ
2973 2086 3066 2140 καὶ
3098 2086 3158 2139 τὸ
3189 2084 3338 2157 ὕδωρ
3372 2088 3451 2149 εἰς
3486 2081 3632 2138 οἶνον
3677 2101 3813 2155 μετ-

2218 2180 2434 2235 έδαλεν.
2504 2182 2568 2234 Oi
2599 2178 2962 2252 πρεσϐύτεροι
3009 2179 3060 2232 οἱ
3107 2179 3201 2232 ἐπὶ
3248 2178 3551 2250 πρεσϐείαν
3590 2177 3681 2231 διὰ
3715 2180 3813 2232 τὸν

2218 2274 2385 2327 παῖδα
2414 2273 2509 2326 τοῦ
2544 2272 2945 2344 ἑκατοντάρχου
2985 2269 3273 2325 ὑπἀὐτοῦ
3324 2270 3621 2333 σταλέντες
3648 2269 3813 2323 σκυλ-

2217 2364 2374 2435 λῆναι
2403 2363 2567 2417 αὐτὸν
2582 2364 2670 2418 διὰ
2691 2364 2789 2435 τὴν
2814 2363 3091 2435 σωτηρίαν
3112 2361 3296 2426 αὐτοῦ,
3327 2362 3513 2427 ’Ἄξιος
3530 2363 3641 2433 γάρ
3668 2362 3810 2423 ἐστι,

2219 2453 2405 2523 φησὶν,
2442 2452 2471 2505 ὃ
2522 2451 2751 2523 παρέξει
2804 2451 3000 2515 τοῦτο,
3030 2451 3222 2520 ἀγαπᾷ
3256 2449 3369 2521 γάρ
3408 2451 3469 2502 τὸ
3512 2450 3667 2514 ἔθνος
3714 2451 3812 2502 καὶ

2216 2544 2315 2616 τὴν
2344 2543 2664 2615 συναγωγὴν
2690 2543 2852 2608 αὐτὸς
2880 2542 3230 2615 ᾠκοδόμησεν
3259 2542 3408 2611 ὑμῖν.
3441 2542 3812 2613 Ὀβασιλικδς

2216 2635 2246 2687 6
2283 2635 2593 2698 ἀνθύπατος
2631 2635 2660 2686 6
2690 2633 2918 2703 ἀδελφὸς
2957 2632 3187 2703 Ἰαείρου
3227 2631 3322 2685 τοῦ
3347 2632 3810 2701 ἀρχισυναγώγου

2217 2720 2277 2780 οῦ
2306 2726 2399 2779 τὸν
2428 2725 2547 2778 υἱὸν
2578 2724 2705 2795 ὑγιῆ
2741 2724 2989 2794 ἐποίησε,
3019 2725 3048 2777 6
3084 2726 3274 2777 τούτου
3306 2723 3538 2791 ἀδελφὸς
3580 2724 3811 2790 Ἰάειρος

2218 2815 2609 2886 παρακαλέσας
2646 2814 2809 2868 αὐτὸν
2866 2815 2961 2869 καὶ
3003 2814 3104 2886 τὴν
3156 2813 3435 2885 θυγατέρα
3486 2814 3714 2886 ἤγειρεν
3746 2815 3812 2871 ἐκ

2219 2908 2450 2977 νεκρῶν·
2492 2908 2753 2975 Καϊάφας
2782 2908 2809 2960 6
2833 2907 2954 2960 τότε
2994 2907 3288 2978 ἀρχιερεὺς
3323 2906 3478 2976 ὑμῶν
3506 2909 3535 2960 6
3567 2892 3813 2976 συμϐου-

2217 2997 2418 3062 λεύσας
2465 2998 2562 3051 ἕνα
2612 2998 2902 3069 ἄνθρωπον
2955 2997 3249 3051 ἀποθανεῖν
3306 2997 3402 3050 καὶ
3450 2996 3527 3067 μὴ
3580 2998 3705 3051 ὅλον
3749 2999 3811 3050 τδ

2219 3088 2369 3152 ἔθνος
2403 3089 2720 3144 ἀπολέσθαι.
2754 3090 2817 3141 Οἱ
2849 3087 3039 3151 παῖδες
3067 3087 3222 3157 ὑμῶν
3251 3088 3300 3139 oi
3328 3088 3451 3140 τότε
3482 3087 3810 3159 βοήσαντες,

536 3176 693 3243 mini,
740 3195 834 3234 rex
867 3180 1037 3237 Israel
1062 3183 1140 3248 '°;
1177 3202 1194 3235 ι
1234 3156 1405 3239 Iudas
1435 3186 1747 3256 discipulus
1786 3189 2113 3244 cui-statuta

2226 3197 2245 3229 ι
2282 3179 2513 3233 Ὡσαννά
2531 3179 2615 3250 τῷ
2643 3179 2746 3247 υἱῷ
2764 3178 2949 3244 Δαὸὶδ,
2978 3156 3345 3249 εὐλογημένος
3376 3178 3405 3230 6
3424 3156 3723 3249 ἐρχόμενος
3754 3181 3811 3231 ἐν

451 3267 455 3273 ’
533 3278 665 3323 sunt
720 3272 946 3343 triginta
992 3286 1259 3344 argentea!
1304 3286 1377 3331 uti
1418 3277 1572 3332 illum
1622 3280 1791 3336 vobis
1835 3282 2125 3349 traderet;-

536 3360 741 3418 milites
781 3364 986 3433 quibus
1029 3365 1264 3421 dedistis
1304 3383 1582 3433 nummos,
1625 3379 1689 3424 ut
1741 3371 1993 3429 dicerent
2018 3390 2113 3429 ve-

536 3455 682 3509 nisse
703 3454 1008 3525 discipulos
1038 3458 1197 3513 illius.
1222 3469 1389 3514 nocte
1421 3471 1479 3516 et
1507 3463 1702 3519 tulisse
1743 3465 1917 3532 illum,
1954 3467 2116 3523 nobis

534 3545 986 3616 dormientibus;
1031 3549 1307 3620 Iosephus
1351 3554 1591 3623 scriptor
1628 3565 1834 3615 vester.
1885 3559 1981 3628 qui
2047 3560 2116 3614 de

532 3636 755 3695 Christo
803 3638 962 3703 dixit,
993 3641 1175 3697 virum
1198 3644 1406 3714 justum
1438 3655 1497 3701 et
1534 3647 1739 3701 bonum
1772 3649 1955 3705 divina
1987 3667 2115 3722 gra-

538 3730 612 3789 tia
650 3731 986 3787 declaratum
1021 3749 1166 3799 esse,
1217 3736 1388 3806 signis
1415 3747 1471 3792 et
1501 3740 1786 3797 miraculis
1817 3743 1870 3797 in
1914 3745 2115 3800 multos

537 3820 999 3876 benefacientem.
1027 3822 1218 3893 Cujus,
1245 3827 1550 3882 secundum
1586 3831 1933 3900 prophetam,
1975 3833 2116 3887 divi-

536 3921 728 3967 serunt
751 3913 1077 3969 vestimenta
1103 3924 1169 3970 et.
1187 3924 1393 3973 sortem
1418 3921 1719 3977 miserunt?
1742 3926 1899 3995 cujus
1921 3942 2114 3981 manus

535 4008 593 4055 et
633 4000 803 4070 pedes
847 4002 1138 4058 foderunt?
1188 4004 1361 4071 Quem
1417 4019 1573 4064 aceto
1627 4020 1685 4067 et
1724 4013 1851 4069 felle
1886 4025 2114 4084 potave-

536 4100 667 4155 runt
720 4094 776 4149 in
835 4094 925 4149 siti
977 4096 1127 4152 illius
1172 4099 1243 4156 de
1290 4116 1455 4157 cruce
1507 4104 1839 4173 pendentis?

604 4359 682 4413 De
715 4375 831 4428 quo
852 4359 991 4416 dixit
1016 4361 1230 4432 Moyses
1264 4380 1277 4417 :
1316 4381 1335 4414 ι
1373 4364 1644 4421 Videbitis
1673 4367 2112 4424 vitantvestram

535 4461 661 4504 ante
693 4460 905 4506 vestros
937 4455 1130 4508 oculos
1160 4455 1516 4523 pendentem,
1547 4467 1603 4512 et
1640 4476 1751 4513 non
1785 4463 2062 4516 credetis?
2088 4483 2119 4517 ι.

536 4542 671 4596 Nam
709 4543 751 4596 si
785 4543 1087 4599 crederetis
1108 4546 1297 4617 Moysi,
1328 4549 1634 4605 crederetis
1661 4552 1829 4607 etiam
1858 4553 2105 4610 Christo.

2218 3271 2442 3341 ὀνόματι
2470 3270 2679 3343 Κυρίου
2719 3270 2973 3341 βασιλεὺς
3006 3269 3101 3323 τοῦ
3149 3269 3424 3341 Ἰσραήλ.»
3472 3270 3530 3325 '0
3557 3270 3810 3340 μαθητὴς

2230 3363 2431 3427 Ἰούδας
2471 3364 2535 3427 ὃς
2560 3365 2830 3434 ἐστήσατο
2870 3362 3168 3435 τριάκοντα
3214 3364 3458 3434 ἀργύρια
3499 3363 3587 3415 ῐνα
3643 3362 3808 3415 αὐτὸν

2216 3455 2535 3527 παραδώσει
2566 3454 2716 3526 ὑμίν.
2751 3456 2813 3508 Οί
2849 3454 3180 3525 στρατιῶται
3214 3448 3297 3517 οἷς
3323 3455 3564 3507 ἐδώκατε
3596 3456 3667 3508 τὰ
3698 3456 3808 3524 ἀρ·-

2216 3547 2383 3617 γύρια
2414 3546 2557 3599 ὥστε
2601 3548 2777 3599 εἰπεῖν
2803 3547 2885 3599 ὅτι
2921 3546 2985 3599 Oi
3018 3545 3262 3615 μαθηταὶ
3299 3545 3464 3598 αὐτοῦ
3494 3545 3690 3605 νυκτὸς
3715 3546 3806 3598 ἐλ-

2218 3638 2401 3702 θόντες
2436 3637 2672 3708 ἔκλεψαν
2713 3638 2876 3691 αὐτὸν
2904 3636 3064 3708 ἡμῶν
3111 3638 3495 3709 κοιμωμένων.
3540 3636 3809 3707 Ἰώσηπος

2216 3732 2245 3784 6
2283 3728 2639 3800 συγγραφεὺς
2679 3728 2835 3800 ὑμῶν
2856 3728 2917 3792 ὃς
2944 3728 3137 3798 εἴρηκε
3170 3728 3296 3798 περὶ
3332 3727 3574 3799 Χριστοῦ
3606 3727 3803 3794 λέγων,

2216 3823 2412 3894 ἀνδρὸς
2450 3823 2661 3877 δικαίου
2716 3821 2811 3875 καὶ
2860 3820 3070 3889 ἀγαθοῦ
3103 3822 3167 3874 ἐκ
3208 3822 3361 3885 θείας
3407 3821 3633 3893 χάριτος
3674 3820 3805 3872 ἀνα-

2214 3915 2539 3985 δειχθέντος,
2572 3913 2822 3985 σημείοις
2854 3913 2950 3964 καὶ
2977 3912 3203 3982 τέρασιν
3223 3910 3643 3982 εὐεργετοῦντος
3673 3910 3805 3963 πολ-

2215 4006 2359 4070 λούς.
2384 4005 2714 4069 Τίνος-κατά
2740 4005 2835 4057 τὸν
2864 4006 3153 4076 προφήτην
3181 4004 3560 4074 διεμερίσαντο
3584 4004 3650 4055 τά
3677 4003 3805 4072 ίμάο

2214 4119 2304 4156 τια
2330 4103 2424 4155 καὶ
2453 4100 2643 4154 ἔϐαλον
2673 4100 2907 4171 κλῆρον;
2937 4100 3085 4163 τίνος
3117 4102 3305 4172 χεῖρας
3336 4099 3432 4152 καὶ
3462 4098 3632 4161 πόδας
3660 4098 3805 4167 ὤρυ-

2217 4194 2314 4260 ξαν
2330 4212 2345 4260 ;
2360 4195 2477 4248 τίνα
2504 4194 2625 4261 ὅξος
2648 4194 2744 4247 καὶ
2760 4192 2919 4265 χολὴν
2938 4193 3091 4246 ἐπότι
3102 4210 3200 4248 σαν
3225 4194 3303 4258 είς
3327 4194 3425 4263 τὴν
3446 4191 3608 4262 δίψαν
3636 4188 3802 4245 αὑτοῦ

2215 4288 2308 4340 ἐπὶ
2339 4286 2577 4358 σταυροῦ
2611 4286 2959 4357 κρεμαμένου
2981 4302 2995 4351 ;

2286 4378 2420 4449 Περὶ
2447 4378 2590 4442 τίνος
2616 4371 2812 4429 δὲέίπε
2834 4376 3079 4446 Μωῦσῆς
3100 4377 3183 4431 ὅτι
3212 4395 3231 4429 t
3256 4376 3493 4447 Ὀψεσθε
3528 4376 3627 4449 τὴν
3656 4376 3800 4447 ζωὴν

2218 4469 2370 4541 ὑμῶν
2402 4468 2757 4540 κρεμαμένην
2808 4468 3071 4522 ἀπέναντι
3121 4468 3229 4522 τῶν
3283 4468 3586 4539 ὀφθαλμῶν
3611 4469 3788 4539 ὑμῶν,

2216 4561 2309 4615 καὶ
2337 4561 2396 4613 ού
2430 4560 2504 4631 μὴ
2535 4558 2889 4624 πιστεύσετε;
2926 4578 2944 4611 ι
2975 4558 3117 4613 ὥστε
3148 4560 3536 4613 εἱέπιστεύετε
3563 4562 3792 4631 Μωῦσῇ,

538 4632 761 4695 Verum,
815 4633 960 4687 sicut
1013 4650 1123 4688 non
1180 4637 1478 4692 voluerunt
1512 4639 1588 4694 illi
1636 4642 1961 4698 obedientes
1990 4644 2110 4700 ﬁeri

2217 4650 2529 4703 Ιἐπιστεύετε
2564 4647 2630 4701 ἂν
2667 4648 2764 4702 καὶ⁵
2802 4647 2881 4719 τῷ
2908 4648 3150 4719 Χριστῷ·
3184 4649 3299 4703 ἀλλ’
3330 4649 3521 4719 ὥσπερ
3544 4653 3647 4704 οὐκ
3676 4650 3797 4719 ὴθέ-

535 4732 718 4792 patres
742 4724 930 4788 vestri,
956 4725 1051 4781 sed
1084 4728 1405 4796 repulerunt
1425 4741 1481 4785 et
1500 4735 1752 4789 conversi
1785 4744 1917 4791 sunt
1943 4738 2112 4793 corde

2217 4745 2377 4809 λησαν
2400 4737 2550 4807 αύτῴ
2574 4737 2806 4807 ὑπήκοοι
2837 4737 3091 4805 γενέσθαι
3120 4739 3171 4791 οἱ
3198 4740 3433 4809 πατέρες
3457 4741 3482 4792 ’Ξ
3495 4740 3637 4811 μῶν,
3664 4739 3795 4794 ἀλλά

533 4832 635 4869 suo
678 4817 735 4870 in
760 4816 1075 4888 Egyptum,
1112 4819 1361 4877 dicentes
1394 4823 1613 4880 Aaron:
1654 4826 1762 4881 Fac
1796 4828 1958 4883 nobis
1979 4829 2112 4885 deos

2217 4829 2501 4884 ἀπώσαντο
2530 4827 2627 4882 καὶ
2655 4829 3090 4901 ἀπεστράφησαν
3141 4831 3227 4901 τῇ
3265 4831 3465 4901 καρδίᾳ
3498 4830 3683 4883 αὐτῶν
3719 4834 3795 4894 εις

533 4908 627 4977 qui
658 4910 973 4979 praecedant
996 4928 1129 4974 nos;
1160 4913 1328 4985 Moysi
1356 4916 1508 4971 enim
1544 4918 1635 4973 isti
1662 4919 1757 4987 qui
1792 4920 1983 4975 eduxit
2010 4936 2119 4977 nos

533 5016 564 5055 e
607 5008 750 5055 terra
795 5001 1032 5073 lEgypti,
1061 5007 1335 5061 nescimus
1364 5008 1497 5078 quid
1546 5010 1846 5078 acciderit;
1872 5021 1928 5068 et
1967 5014 2114 5070 fece-

534 5102 664 5145 runt
691 5094 924 5147 vitulum
974 5095 1031 5149 in
1070 5096 1268 5153 diebus
1321 5099 1433 5154 illis
1472 5110 1526 5154 et
1553 5100 1905 5158 adduxerunt
1936 5105 2111 5159 sacri-

534 5182 655 5236 ﬁcia
697 5182 863 5247 idolo,
900 5196 957 5241 et
1002 5189 1166 5244 laetati
1220 5198 1352 5245 sunt
1408 5191 1463 5245 in
1520 5194 1786 5262 operibus
1844 5211 2108 5251 manuum

532 5288 777 5329 suarum.
827 5275 958 5333 Illos
1000 5288 1185 5335 autem
1231 5282 1400 5337 vertit
1447 5283 1596 5341 Deus
1626 5293 1686 5339 et
1731 5285 1959 5340 tradidit
1987 5287 2109 5343 illos

534 5371 592 5417 ut
629 5365 903 5423 servirent
945 5371 1157 5428 militia:
1211 5375 1337 5431 οωιί
1387 5376 1470 5441 ²¹;
1508 5383 1569 5430 ιιι
1610 5378 1876 5448 scriptum
1911 5389 1997 5435 est
2051 5380 2107 5435 in

531 5453 678 5509 libro
701 5455 1101 5527 Prophetarum
1132 5481 1147 5515 :
1186 5483 1203 5513 ε
1238 5464 1359 5519 Νοη
1388 5465 1794 5523 immolationes
1826 5477 1883 5523 et
1937 5470 2109 5524 sacri-

532 5544 656 5604 ticia
685 5550 965 5608 obtulistis
992 5554 1127 5609 mihi
1172 5556 1335 5612 annis
1358 5558 1724 5630 quadraginta
1772 5561 1828 5618 in
1863 5561 2104 5628 deserto,

2210 4923 2504 4992 Αἴγυπτον,
2540 4919 2788 4984 εἰπόντες
2814 4921 2893 4991 τῷ
2927 4921 3155 4994 Ἀαρὼν,
3192 4923 3428 4991 Ποίησον
3464 4925 3599 4993 ἡμῖν
3642 4924 3789 4986 θεοὺς

2212 5013 2261 5067 οἳ
2310 5010 2783 5083 προπορεύσονται
2836 5011 2997 5082 ἡμῶν
3020 5029 3033 5042 ·
3086 5012 3114 5063 6
3144 5012 3253 5083 γάρ
3286 5014 3525 5083 Miami;
3555 5006 3711 5076 οὗτος
3736 5012 3789 5075 ὃς

2208 5105 2479 5175 ἐξήγαγεν
2506 5104 2650 5174 ἡμᾶς
2674 5103 2743 5155 ἐκ-
2768 5103 2873 5172 γῆς
2900 5101 3200 5170 Αἰγύπτου,
3223 5103 3322 5155 ούκ
3350 5102 3571 5172 οἰδαμεν
3608 5104 3664 5155 τε
3700 5103 3785 5171 γέο

2208 5213 2365 5265 γονεν
2414 5194 2583 5266 αὐτῷ·
2642 5192 2734 5247 καὶ
2794 5192 3231 5263 ἐμοσχοποίησαν
3292 5195 3350 5245 ἐν
3407 5194 3529 5256 ταῖς
3556 5193 3786 5262 ἡμέραις

2209 5287 2470 5349 ἐκείναις,
2515 5284 2611 5337 καὶ
2652 5284 2927 5353 ἀνήγαγον
2955 5282 3148 5337 θυσίαν
3182 5282 3260 5353 τῷ
3302 5282 3528 5354 εἰδώλῳ,
3562 5284 3657 5335 καὶ
3704 5282 3786 5335 εύ-

2216 5378 2504 5450 φραίνοντο
2537 5378 2593 5429 ἐν
2614 5377 2725 5438 τοῖς
2746 5376 2927 5445 ἔργοις
2958 5376 3062 5429 τῶν
3089 5375 3289 5446 χειρῶν
3312 5376 3519 5429 αὐτῶνθ
3555 5374 3782 5444 ἔστρεψε

2212 5468 2271 5521 δὲ
2302 5470 2331 5521 6
2359 5468 2491 5530 Θεὸς
2511 5466 2606 5519 καὶ
2644 5467 2965 5535 παρέδωκεν
2994 5466 3189 5529 αὐτοὺς
3220 5466 3503 5537 λατρεύειν
3524 5469 3590 5534 τῇ
3625 5482 3783 5535 στρα-

2212 5561 2305 5632 τιᾷ
2331 5559 2426 5614 τοῦ
2450 5557 2701 5630 ούρανοῦ·
2734 5554 2915 5617 καθὼς
2948 5559 3258 5628 γέγραπται
3294 5562 3352 5613 ἐν
3381 5563 3449 5629 τῇ
3481 5559 3650 5629 βίϐλῳ
3677 5557 3782 5610 τῶν

601 5726 642 5758 ⁸⁸
679 5728 835 5785 Joan.
880 5747 916 5795 ι,
960 5730 1047 5785 29.
1131 5734 1172 5763 ³ο
1214 5732 1403 5787 Matth.
1446 5750 1553 5801 ml,
1595 5735 1648 5790 9.
1726 5736 1769 5767 ’ί
1805 5736 2006 5791 Jercm.
2043 5751 2157 5801 vut,
2196 5737 2251 5792 2.
