4072 6524
236 463 371 525 Ῑὲἰθ

1239 457 1694 520 DISPUTATIO
1731 458 2124 522 ADVERSUS
2160 462 2487 524 JUDJEOS.

3334 474 3470 540 127.0

231 572 531 647 προφητῶν
558 587 573 602 ·
624 570 759 640 ιΜὴ
792 570 1007 639 σφαγὰς
1040 570 1134 624 καὶ
1180 570 1371 633 θυσίας
1395 569 1792 641 προσηνέγκατί

1906 571 2103 627 domus
2150 571 2337 635 Israel,
2370 583 2426 629 et
2468 574 2755 645 recepistis
2784 576 3197 634 tabernaculum
3231 580 3467 647 Moloeh,

230 683 325 737 μοι
376 662 473 733 ἔτη
497 662 906 732 τεσσαράκοντα
930 663 989 715 ἐν
1023 663 1089 732 τῇ
1120 662 1336 730 ἐρήμῳ,
1365 655 1515 723 οἶκος
1558 660 1796 731 Ἰσραήλ,

229 754 327 808 καὶ
350 750 646 806 ἀνελάϐετε
676 751 778 821 τὴν
805 750 1008 822 σκηνὴν
1037 752 1132 803 τοῦ
1153 750 1358 819 Μυλδχ,
1386 749 1485 802 καὶ
1502 749 1571 803 τὸ
1603 750 1801 819 ἄστρον

229 845 325 899 τοῦ
361 843 484 898 θεοῦ
534 842 688 913 ὑμῶν
737 841 955 910 Ῥεφάν,
985 841 1112 905 τοὺς
1141 840 1343 905 τύπους
1381 841 1474 905 οὒς
1511 843 1801 914 ἐποιήσατε

232 938 561 1007 προσκυνεῖν
576 934 779 996 αὐτοῖς·
809 952 828 985 ι
851 933 947 987 καὶ
962 933 1222 1005 μετοικιῶ
1244 934 1388 1003 ὑμᾶς
1414 935 1669 988 ἐπέκεινα
1696 935 1801 988 Βα-

231 1025 471 1087 ϐυλῶνος
492 1025 574 1086 εἰς
613 1022 820 1093 σκηνὴν
848 1020 944 1075 τοῦ
985 1022 1311 1093 μαρτυρίου.
1342 1023 1410 1093 ἣν
1440 1026 1553 1087 τοῖς
1590 1025 1801 1095 πατρά-

232 1132 319 1168 σιν
350 1114 505 1183 ὺμῶν
534 1114 593 1166 ἐν
623 1115 691 1183 τῇ
726 1113 941 1185 ἐρήμῳ,
969 1111 1152 1176 καθὼς
1174 1111 1457 1176 διετάξατο
1483 1114 1700 1168 όλαλῶν
1722 1114 1802 1185 τῷ

229 1206 438 1273 Mulieri}
484 1202 709 1272 ποιῆσαι
759 1203 931 1273 αὐτὴν
958 1202 1105 1256 κατά
1128 1202 1219 1254 τὸν
1249 1202 1420 1256 τύπον
1450 1203 1510 1256 ὃν
1545 1204 1798 1275 ἑωράκει·

228 1292 299 1362 ἢν
346 1293 441 1346 καὶ
490 1292 782 1361 εἰσήγαγον
838 1290 1208 1361 διαδεξάμενοι
1264 1293 1315 1345 oi
1366 1292 1601 1363 πατέρες
1644 1293 1801 1364 ὑμῶν

230 1386 375 1453 μετὰ
392 1408 397 1413 -
417 1383 591 1455 Ἰησοῦ
626 1384 684 1436 ἐν
707 1385 775 1454 τῇ
803 1382 1129 1452 κατασχέσει
1157 1381 1265 1435 τῶν
1302 1381 1472 1436 ἐθνῶν
1501 1378 1576 1437 ὧν
1601 1382 1801 1449 ἐξωσεν

228 1478 256 1527 ὁ
281 1474 414 1537 Θεδς
448 1474 556 1527 ἀπὸ
605 1472 898 1546 προσώπου
929 1473 1038 1527 τῶν
1086 1473 1338 1545 πατέρων
1377 1474 1529 1546 ὑμῶν
1557 1475 1661 1539 ἕως
1692 1475 1800 1529 τῶν

229 1563 454 1634 ήμερῶν
485 1563 669 1627 Δασὶδ,
704 1544 911 1633 ὃξεῦρε
942 1563 1101 1634 χάριν
1126 1565 1358 1618 ἐνώπιον
1399 1544 1491 1616 τοῦ
1520 1563 1675 1630 Θεοῦ,
1705 1564 1800 1618 καὶ

228 1656 472 1726 ᾐτήσατο
508 1655 688 1725 εὑρεῖν
736 1655 1000 1726 σκήνωμα
1031 1654 1110 1725 τῷ
1150 1655 1268 1726 Θεῷ
1304 1654 1513 1710 Ἰακώϐ·
1548 1653 1801 1726 Σολομὼν

229 1748 285 1799 δέ
319 1745 668 1817 ᾠκοδόμησεν
696 1744 874 1815 ἐαυτῷ
908 1742 1076 1799 οἰκονο
1115 1746 1231 1799 ἀλλ’
1254 1747 1353 1816 οὐχ
1393 1748 1421 1800 6
1450 1745 1711 1816 ’Υψιστος
1741 1748 1799 1802 ἐν

229 1838 633 1909 χειροποιήτοις
658 1838 804 1900 ναοῖς
825 1838 1092 1900 κατοικεῖ,
1127 1837 1308 1901 καθὼς
1336 1838 1367 1890 6
1397 1840 1681 1911 προφήτης
1708 1838 1797 1893 λέ-

228 1945 337 1995 γει·
371 1946 390 1980 ι
448 1928 505 1980 '0
548 1927 775 1999 οὐρανός
830 1943 922 1998 μοι
977 1927 1187 1998 θρόνος,
1236 1931 1270 2001 ή
1300 1929 1357 1983 δὲ
1392 1931 1463 2002 γῆ
1505 1931 1793 1985 ὑποπόδιον

226 2017 340 2072 τῶν
391 2015 569 2069 ποδῶν
623 2033 749 2086 μου.
790 2034 907 2068 ›-
944 2034 963 2067 ι
1000 2016 1159 2069 Ποῖον
1211 2014 1361 2070 οἰκον
1411 2018 1794 2090 οἰκοδομήσετέ

230 2124 349 2175 μοι⁴
385 2106 532 2175 λέγει
570 2106 791 2178 Κύριος,
847 2105 881 2174 ἢ
926 2105 1011 2169 τίς
1047 2106 1214 2171 τόπος
1254 2106 1355 2176 τῆς
1399 2109 1794 2175 καταπαύσεώς

230 2212 370 2265 μους
402 2196 523 2265 οὐχί
570 2196 604 2265 ή
657 2196 778 2265 χείρ
825 2211 927 2264 μου
962 2194 1185 2265 ἐποίησε
1217 2194 1392 2248 ταῦτα
1440 2196 1646 2261 πάντα;
1671 2216 1691 2249 ι
1724 2229 1794 2240 -

230 2306 248 2336 ι
286 2283 363 2338 Ὠ
408 2285 670 2351 Ἰουδαῖοι,
702 2284 1166 2357 σκληροτράχηλοι
1208 2286 1298 2339 καὶ
1330 2286 1692 2357 ἀπερίτμητοι
1724 2292 1792 2361 τῇ

225 2377 430 2448 καρδίᾳ
469 2378 564 2430 καὶ
608 2380 720 2441 τοῖς
752 2377 913 2443 ὠσὶν,
950 2378 1109 2447 ὑμεῖς
1151 2378 1238 2431 ἀεὶ
1281 2378 1359 2448 τῷ
1392 2379 1670 2450 Πνεύματι
1715 2380 1794 2450 τῷ

227 2469 370 2539 ἁγίῳ
405 2469 778 2532 ἀντιπίπτετε,
833 2468 909 2532 ὡς
960 2468 1053 2520 καὶ
1107 2468 1156 2520 οἰ
1200 2467 1435 2542 πατέρες
1470 2468 1641 2540 ὑμῶν·
1699 2471 1794 2524 καὶ

224 2558 558 2611 ἀπέκτειναν
577 2560 704 2622 τοὺς
734 2557 1309 2629 προκαταγγείλαντας
1347 2560 1475 2630 περὶ
1503 2560 1604 2631 τῆς
1637 2559 1792 2614 ἐλεύ-

226 2666 371 2714 σεως
400 2650 495 2703 τοῦ
536 2650 768 2703 δικαίου⁶
799 2651 861 2703 ού
907 2653 1088 2720 φονεῖς
1112 2652 1204 2704 καὶ
1228 2651 1481 2723 προδόται
1508 2653 1796 2721 γεγόνασιν

223 2742 273 2793 οί
304 2742 366 2794 ἐν
398 2741 753 2814 Ἰερουσαλὴμ
780 2743 1013 2813 πατέρες
1046 2742 1234 2814 ὑμῶν;
1268 2763 1287 2797 ι
1320 2742 1475 2798 Θῦτω
1499 2746 1594 2798 καὶ
1614 2747 1793 2817 ὑμεῖς,

223 2833 273 2886 οί
313 2834 540 2887 ἐκείνων
592 2833 781 2898 παῖδες
827 2833 1053 2902 τούτους
1096 2836 1427 2907 μιμούμενοι
1465 2834 1568 2900 τὰς
1609 2837 1794 2905 φωνάς

1899 670 1955 717 et
1996 672 2202 716 astrum
2257 663 2353 717 Dei
2402 665 2570 718 vestri
2624 665 2877 735 Rephan,
2913 667 3179 739 imagines
3209 684 3347 739 quas
3387 674 3469 728 fe-

1899 750 2054 807 cist-is
2090 752 2155 806 ad
2203 752 2541 807 adorandum
2572 757 2636 808 ”.
2670 774 2688 806 ι
2718 756 2785 810 Ει
2820 757 3146 812 transferam
3181 773 3279 814 vos
3325 761 3470 817 ultra

1899 846 2225 918 Babylonem
2278 846 2332 901 in
2369 847 2782 903 tabernaculum
2820 851 3117 906 testimonii
3163 852 3231 917 ³³,
3264 872 3283 903 ι
3320 854 3469 923 quod

1900 938 1955 992 in
2004 938 2224 992 deserto
2248 938 2498 1007 patribus
2526 940 2749 1003 vestris,
2776 939 2918 995 sicut
2951 942 3230 997 mandavit
3259 943 3469 1015 Moyses

1898 1029 2132 1099 loquens
2183 1030 2299 1085 ﬁeri
2350 1031 2654 1086 secundum
2686 1034 2993 1103 exemplum
3030 1034 3177 1103 quod
3222 1036 3466 1101 viderat;

1899 1120 2046 1190 quod
2094 1131 2376 1191 acceptum
2433 1120 2863 1176 introduxerunt
2911 1130 3096 1192 patres
3134 1124 3304 1179 vestri
3342 1141 3466 1180 eum
3502 1122 3515 1134 “

1898 1210 2029 1265 Jesu
2078 1211 2133 1265 in
2188 1212 2552 1282 occupatione
2594 1212 2839 1281 gentium
2891 1226 3027 1281 quas
3076 1215 3286 1283 expulit
3322 1214 3469 1272 Deus

1899 1316 1931 1355 a
1975 1312 2271 1371 conspectu
2334 1312 2549 1372 patrum
2578 1311 2887 1358 vestrorum
2920 1318 3093 1372 usque
3122 1305 3189 1358 ad
3222 1305 3338 1360 dies
3369 1307 3469 1360 Da-

1898 1392 2013 1457 vid,
2044 1394 2140 1462 qui
2159 1394 2373 1447 invenit
2392 1394 2620 1464 gratiam
2646 1409 2833 1449 coram
2890 1395 3026 1462 Deo,
3080 1405 3137 1451 et
3168 1399 3469 1467 postulavit

1897 1491 1962 1538 ut
2001 1484 2307 1563 respiceret
2358 1486 2773 1541 tabernaculum
2806 1488 2918 1541 Deo
2960 1488 3151 1543 Jacob.
3208 1488 3466 1545 Salomon

1899 1585 2083 1632 autem
2129 1576 2422 1632 aediﬁcavit
2471 1577 2580 1632 sibi
2608 1577 2871 1648 domum};
2918 1579 3012 1632 sed
3058 1578 3372 1635 Altissimus
3407 1580 3465 1634 in

1898 1667 2122 1736 templis
2180 1666 2510 1723 man-uinctis
2558 1684 2669 1723 non
2722 1668 2953 1734 habitat,
3005 1670 3152 1724 sicut
3200 1671 3467 1741 propheta

1898 1758 2034 1813 dicit
2065 1774 2080 1811 :
2117 1775 2136 1807 ι
2164 1757 2374 1813 leum
2402 1759 2539 1813 mihi
2572 1759 2829 1825 thronus,
2859 1770 3007 1815 terra
3048 1770 3232 1816 autem
3259 1762 3469 1816 scabel-

1897 1850 2009 1905 lum
2037 1850 2239 1919 pedum
2276 1865 2525 1905 meorum
2549 1852 2617 1905 ν’.
2648 1872 2666 1905 ι
2688 1882 2759 1893 -
2782 1871 2800 1903 ι
2820 1851 3049 1919 Qualem
3074 1850 3298 1908 domum
3328 1853 3466 1907 mihi

1894 1937 2258 2006 :ediﬂcabitis,
2314 1940 2454 1997 dicit
2505 1942 2790 2008 Dominus,
2846 1952 2940 1998 aut
2992 1944 3115 2015 quis
3160 1945 3267 2000 erit
3312 1944 3466 2000 locus

1896 2030 2221 2088 moratiouis
2276 2032 2453 2087 mete?
2495 2033 2687 2089 Nonne
2737 2048 2932 2089 manus
2990 2050 3109 2090 mea
3169 2035 3301 2091 fecit
3350 2035 3466 2091 haec

1894 2122 2081 2178 omnia
2103 2123 2151 2158 ’⁵
2171 2123 2224 2177 is
2244 2154 2313 2165 --
2339 2142 2359 2175 ι
2382 2122 2427 2179 0
2454 2122 2627 2179 Judaei
2651 2124 2803 2179 dune
2825 2126 3056 2181 cervicis
3080 2133 3138 2180 et
3168 2125 3465 2182 incircum-

1896 2212 1997 2267 cisi
2045 2212 2213 2269 corde
2241 2223 2298 2269 et
2346 2214 2610 2281 auribus,
2640 2229 2739 2269 vos
2766 2228 2986 2285 semper
3011 2214 3244 2285 Spiritui
3273 2226 3467 2273 sancto

1894 2301 2175 2366 resistitis,
2216 2305 2379 2359 sicuti
2427 2313 2612 2374 patres
2642 2306 2840 2371 vestri;
2885 2315 2941 2360 et
2971 2306 3295 2361 occiderunt
3322 2322 3462 2376 praao

1895 2389 2215 2444 nuntiantes
2259 2391 2327 2445 de
2374 2393 2615 2447 adventu
2647 2393 2807 2463 justi.
2846 2392 3035 2448 Nonne
3082 2393 3465 2449 interfectores

1893 2488 1951 2532 et
1998 2480 2310 2548 proditores
2350 2483 2477 2537 facti
2529 2493 2661 2539 sunt
2712 2484 2768 2537 in
2805 2484 3107 2539 Jerusalem
3158 2492 3343 2554 patres
3366 2498 3465 2538 ve-

1894 2568 1994 2623 stri
2026 2570 2101 2623 “1'
2130 2588 2149 2622 ι
2184 2571 2262 2626 Ita
2289 2581 2347 2626 et
2382 2587 2481 2628 vos
2530 2588 2723 2629 eorum
2758 2572 2881 2636 tllii,
2903 2588 3000 2629 eos
3048 2573 3330 2629 imitantes
3366 2588 3466 2627 vo-

1894 2673 1988 2715 ces
2011 2661 2404 2731 prophetarum
2438 2678 2548 2718 non
2576 2664 2890 2732 credentes,
2919 2665 3197 2721 Christum
3212 2665 3469 2721 odientes

1892 2753 2249 2820 permanetis,
2282 2756 2379 2823 qui
2430 2756 2730 2826 accepistis
2756 2756 2934 2829 legem
2962 2758 3018 2825 in
3045 2757 3463 2829 dispositionem

1893 2842 2214 2914 angelorum
2263 2852 2319 2898 et
2362 2859 2473 2900 non
2526 2847 2869 2904 custodistis.

221 2926 337 2982 τῶν
366 2927 661 2999 προφητῶν
709 2930 1090 2999 ἀπιστοῦντες,
1126 2932 1472 3004 μισόχριστοι
1506 2930 1815 3005 διαμένετε,
1848 2938 2047 3005 οῖτινες
2074 2940 2299 2997 ἐλάϐετε
2330 2942 2423 2997 τὸν
2446 2941 2613 3014 νόμον
2670 2946 2752 3010 εἰς
2783 2943 3052 3014 διαταγὰς
3078 2944 3351 3015 ἀγγέλων,
3371 2947 3467 3001 καὶ

220 3017 325 3070 οὐκ
357 3016 682 3086 ἐφυλάξατε.

289 3112 458 3182 Λέγει
482 3113 541 3167 δὲ
572 3115 632 3168 τὸ
659 3112 884 3186 Πνεῦμα
929 3117 989 3168 τὸ
1028 3115 1183 3183 ἅγιον
1214 3115 1303 3170 διὰ
1335 3117 1603 3189 στόματος
1629 3120 1792 3175 Δασὶδ

1966 3122 2108 3180 Dicit
2143 3132 2327 3179 autem
2369 3122 2612 3194 Spiritus
2639 3128 2865 3177 sanctus
2902 3136 2999 3191 per
3033 3135 3096 3175 os
3144 3122 3313 3177 David
3343 3138 3466 3194 pro-

218 3203 317 3257 τοῦ
356 3206 655 3275 προφήτου’
689 3225 707 3258 ι
727 3206 977 3278 Σήμερον
1004 3206 1099 3260 ἐὰν
1118 3207 1218 3277 τῆς
1234 3208 1417 3280 φωνῆς
1440 3210 1605 3265 αὐτοῦ
1626 3211 1791 3266 ἀκού-

220 3314 378 3370 σητε,
420 3299 496 3367 μὴ
548 3297 886 3368 σκληρύνητε
923 3296 1021 3362 τὰς
1058 3298 1286 3368 καρδίας
1317 3299 1469 3369 ὑμῶν
1512 3300 1590 3364 ὡς
1618 3302 1678 3355 ἐν
1712 3301 1795 3373 τῷ

218 3388 679 3461 παραπικρασμῷ
720 3390 861 3444 κατά
895 3389 992 3460 τὴν
1022 3390 1237 3461 ἡμέραν
1264 3390 1359 3443 τοῦ
1395 3392 1707 3463 πειρασμοῦ
1735 3397 1792 3447 ἐν

215 3482 281 3548 τῇ
332 3480 546 3551 ἐρήμῳ.
574 3476 635 3535 οὗ
678 3481 977 3551 ἐπείρασαν
1010 3499 1076 3552 με
1108 3482 1158 3534 οἰ
1200 3480 1434 3551 πατέρες
1462 3482 1637 3554 ὑμῶν,
1674 3484 1791 3538 ἐδο-

216 3572 467 3642 κίμασάν
513 3589 579 3643 με
628 3573 723 3627 καὶ
766 3569 906 3627 εἶδον
935 3572 1006 3626 τὰ
1043 3571 1180 3644 ἔργα
1225 3589 1351 3643 μουο
1381 3575 1791 3646 τεσσαράκοντα

214 3663 311 3735 ἐτη
336 3663 691 3733 προσώχθισα
715 3665 780 3733 τῇ
804 3664 965 3733 γενεᾷ
986 3662 1188 3733 ἐκείνῃ,
1210 3664 1304 3716 καὶ
1321 3659 1452 3718 εἶπα
1475 3682 1488 3696 ·
1505 3666 1619 3718 Ἀεὶ
1650 3665 1791 3720 πλα-

217 3753 423 3806 νῶνται
468 3756 530 3823 τῇ
569 3753 786 3824 καρδίᾳο
819 3752 975 3805 αὐτοὶ
1006 3751 1063 3805 δὲ
1090 3752 1190 3806 οὐκ
1223 3751 1470 3822 ἔγνωσαν
1508 3756 1608 3821 τὰς
1638 3757 1790 3821 ὁδούς

218 3860 345 3913 μου·
373 3843 448 3905 ὡς
472 3842 662 3912 ὤμοσα
690 3844 747 3896 ἐν
774 3845 839 3914 τῇ
865 3843 1000 3914 ὀργῇ
1036 3860 1157 3913 μου,
1188 3843 1252 3897 Εἰ
1284 3844 1678 3900 εἰσελεύσονται
1711 3849 1790 3911 εἰς

213 3937 315 4007 τὴν
350 3933 697 3988 κατάπαυσίν
723 3950 848 4006 μου·
874 3954 894 3988 ι
930 3934 1045 3989 ἀλλ’
1073 3936 1134 3990 ού
1170 3936 1371 4001 πάντες
1403 3938 1452 3990 οἰ
1487 3936 1790 4003 ἐξελθόντες

213 4028 311 4080 ἀπ’
335 4027 619 4095 Αἰγύπτου
642 4028 910 4098 εἰσῆλθον·
939 4028 1358 4101 παρεπίκραναν
1398 4030 1507 4101 γὰρ
1534 4032 1583 4085 οί
1608 4048 1789 4102 παρα-

216 4117 517 4182 κούσαντες
566 4118 664 4171 καὶ
714 4118 1140 4188 ἀπιστήσαντες’
1179 4120 1293 4170 τίσι
1343 4116 1401 4171 δὲ
1452 4118 1788 4193 προσώχθισε

212 4209 626 4278 τεσσαράκοντα
656 4208 770 4280 ἐτη,
805 4209 853 4261 εἰ
894 4207 968 4280 μὴ
1001 4210 1113 4272 τοῖς
1141 4207 1493 4281 ἀμαρτήσασι
1529 4209 1624 4263 καὶ
1654 4228 1790 4282 παρ-

213 4299 518 4354 ἀκούσασιν
538 4340 555 4366 ,
586 4293 662 4352 ὧν
702 4299 770 4350 τὰ
800 4298 951 4351 κῶλα
990 4298 1184 4353 ἔπεσον
1229 4299 1287 4351 ἐν
1324 4301 1393 4370 τῇ
1425 4300 1649 4371 ἐρήμῳ;
1680 4303 1788 4354 τίσι

212 4393 271 4445 δέ
308 4390 498 4461 ὤμοσε
540 4390 616 4461 μή
646 4390 906 4443 εἰσελθεῖν
928 4390 1007 4454 εἰς
1033 4389 1132 4460 τὴν
1155 4390 1499 4451 κατάπαυσιν
1524 4392 1710 4457 αὑτοῦ,
1738 4395 1787 4446 εἰ

217 4483 293 4554 μή
332 4484 448 4545 τοῖς
498 4482 844 4552 ἀπιθήσασι;
878 4481 989 4534 Καὶ
1019 4479 1288 4551 βλέπομεν
1326 4480 1408 4535 ὅτι
1456 4483 1561 4536 οὐκ
1589 4484 1784 4554 ἠδυνή-

215 4576 392 4645 θησαν
419 4572 680 4627 εἰσελθεῖν
734 4572 802 4625 δι⁹
838 4571 1096 4626 ἀπιστίαν
1117 4612 1132 4637 ,
1164 4570 1305 4642 πλὴν
1337 4572 1521 4627 Χαλέὁ
1550 4574 1642 4629 τοῦ
1688 4576 1788 4628 Ἰε-

214 4666 393 4737 φωνὴ.
427 4666 519 4719 καὶ
554 4664 728 4733 Ἰησοῦ
759 4664 854 4718 τοῦ
886 4656 1063 4735 Ναυῆί
1103 4663 1381 4730 ἑξακόσιαι
1421 4665 1787 4739 διεφθάρησαν

213 4756 477 4825 χιλιάδες,
509 4755 713 4817 ταύτας
739 4755 847 4823 γὰρ
871 4754 970 4816 τὰς
996 4752 1246 4823 χιλιάδας
1280 4749 1435 4807 εἶπεν
1468 4755 1787 4828 ἐξεληλυθό-

212 4865 310 4909 τας
358 4845 418 4909 ἐξ
457 4846 754 4914 Αἰγύπτουο
781 4844 875 4897 τοῦ
901 4844 1010 4914 γὰρ
1036 4844 1172 4898 Θεοῦ
1198 4848 1682 4917 παρεγγυήσαντος
1706 4851 1784 4912 εἰς

218 4937 318 5005 τήν
380 4936 795 5006 ἐπηγγελμένην
840 4937 1050 5005 ἀπᾶραι
1096 4936 1221 5006 γῆν,
1267 4938 1520 4991 ἀντεῖπον
1564 4940 1784 5006 ἐκεῖνοι,

220 5024 652 5096 προσαλλόμενοι
684 5025 776 5079 τὸν
814 5025 976 5095 φόϐον
1020 5025 1113 5079 καὶ
1140 5026 1200 5079 τὸ
1226 5026 1454 5096 μέγεθος
1485 5030 1591 5081 τῶν
1625 5028 1783 5083 πολε-

220 5115 363 5183 μίων
382 5129 399 5144 ⁸
431 5108 491 5169 οῦ
533 5115 597 5186 δή
627 5118 786 5185 χάριν
832 5117 861 5168 6
906 5117 1015 5169 τῶν
1045 5116 1181 5168 ὅλων
1208 5115 1340 5178 Θεὸς
1368 5118 1609 5182 ἅπαντας
1645 5122 1796 5174 κατὰ.

217 5205 389 5275 μέρος
418 5204 475 5256 ἐν
499 5208 563 5275 τῇ
600 5206 793 5275 ἐρήμῳ
816 5205 1219 5270 κατανάλωσεν,
1250 5206 1379 5270 τοὺς
1409 5208 1631 5262 ἐκείνων
1664 5212 1791 5262 παῖ-

214 5296 313 5357 δας
340 5295 456 5348 ἀντ’
479 5295 704 5349 ἐκείνων
736 5297 1053 5367 εἰσήγαγεν,
1078 5298 1245 5367 ήγουν
1270 5299 1399 5363 τοὺς
1437 5300 1569 5372 περὶ
1606 5300 1785 5354 Χαλέϐ

213 5384 312 5438 τοῦ
356 5386 620 5454 Ἰεχωνίου
653 5387 749 5439 καί⁹
793 5387 967 5457 Ἰησοῦ
994 5386 1089 5441 τοῦ
1115 5389 1273 5461 Ναυῆ
1295 5392 1493 5455 αὐτοὺς
1514 5395 1786 5447 κατέπαυ-

218 5494 335 5529 σεν·
366 5478 463 5530 καὶ
501 5479 550 5530 εί
589 5477 719 5548 περὶ
743 5478 841 5547 τῆς
876 5476 979 5547 γῆς
1008 5478 1180 5548 αὐτῆς
1204 5483 1551 5536 κατάπαυσιν
1588 5485 1616 5536 6
1646 5501 1781 5555 προ-

218 5571 399 5637 φήτης
448 5568 636 5639 εἴρηκε
689 5567 886 5621 Δαὸίδο
931 5569 1011 5631 εἰς
1038 5569 1255 5641 ἐκείνην
1294 5572 1403 5642 γάρ
1445 5570 1650 5644 Ἰησοῦς
1687 5572 1785 5627 αύ-

295 5752 341 5781 "
378 5749 542 5808 Amos
578 5768 634 5822 ν,
670 5755 760 5811 26.
838 5758 881 5790 υ
922 5756 1055 5813 ibid.

225 5834 342 5881 van,
384 5822 466 5877 ll.

1170 5757 1217 5788 “
1255 5754 1397 5812 Psal.
1441 5768 1582 5819 var,
1625 5752 1676 5807 1.

1818 4453 1861 4508 D

1785 5752 1830 5783 ”
1870 5750 1975 5809 lsa.
2019 5765 2159 5829 txvl,
2198 5751 2251 5805 l.
2328 5751 2374 5784 "
2421 5752 2543 5809 Aet.
2586 5764 2679 5815 vu,
2718 5746 2807 5810 5i,
2848 5743 2938 5802 5‘3.

1892 3216 2071 3286 phetae
2100 3232 2114 3266 :
2149 3234 2181 3283 ι⁷
2201 3214 2375 3270 Hodie
2405 3217 2451 3270 si
2480 3228 2673 3269 vocem
2703 3213 2825 3285 ejus
2850 3212 3156 3279 audieritis,
3186 3229 3258 3269 ne
3288 3214 3468 3270 obdu-

1893 3317 2011 3363 rate
2049 3307 2217 3364 corda
2237 3315 2419 3362 vestra
2448 3308 2591 3362 sicut
2625 3306 2681 3361 in
2705 3305 3130 3362 exacerbatione
3164 3306 3466 3361 secundum

1892 3398 2039 3454 diem
2086 3399 2407 3454 tentationis
2448 3399 2504 3453 in
2552 3399 2798 3464 deserto,
2852 3396 2908 3452 in
2953 3412 3066 3467 quo
3119 3404 3465 3454 tentaverunt

1894 3506 1979 3543 me
2017 3500 2205 3560 patres
2255 3489 2449 3554 vestri,
2489 3488 2861 3559 probaverunt
2912 3496 2971 3543 et
3014 3488 3272 3543 viderunt
3298 3504 3466 3559 opera

1892 3596 2033 3635 mea.
2082 3577 2454 3649 Quadraginta
2497 3578 2655 3633 annis
2688 3576 2936 3631 infensus
2980 3574 3062 3631 {ui
3119 3576 3463 3645 generatioui

1892 3671 2045 3735 huic.
2078 3680 2133 3725 et
2181 3668 2293 3723 dixi
2329 3686 2343 3721 :
2378 3666 2607 3737 Semper
2632 3665 3038 3731 errantcorde;
3071 3663 3173 3735 ipsi
3198 3680 3329 3720 vero
3354 3680 3463 3721 non

1890 3770 2264 3832 cognoverunt
2304 3760 2423 3815 vias
2467 3774 2645 3825 meas;
2691 3757 2837 3813 sicut
2883 3756 3065 3828 juravi
3105 3755 3163 3810 in
3192 3755 3272 3810 ira
3302 3771 3461 3811 mea:

1890 3852 1946 3907 Si
1977 3852 2284 3907 introibunt
2312 3851 2367 3905 in
2388 3850 2633 3920 requiem
2654 3863 2832 3904 meam
2861 3848 2925 3902 ³⁷.
2962 3865 2982 3898 ι
3012 3846 3117 3901 Sed
3142 3862 3253 3902 non
3272 3862 3466 3902 omnes

1887 3943 2096 4013 egressi
2150 3958 2221 3998 ex
2268 3941 2503 4013 Egypto
2556 3940 2933 4003 introierunt;
2995 3936 3465 3992 exaeerbavcrunt

1887 4034 2036 4089 enim
2063 4048 2174 4088 non
2212 4032 2505 4087 audientes
2532 4044 2713 4100 neque
2749 4028 3061 4084 credentes.
3108 4027 3321 4093 Quibus
3362 4041 3467 4081 au-

1892 4134 1999 4180 tem
2053 4122 2301 4179 infensus
2329 4123 2433 4177 fuit
2463 4119 2822 4191 quadraginta
2856 4116 3037 4181 annis,
3084 4115 3189 4169 nisi
3224 4130 3465 4185 peccau-

1890 4216 2041 4270 tibus
2072 4223 2129 4271 et
2166 4228 2278 4268 non
2334 4210 2708 4275 audientibus,
2757 4223 2995 4280 quorum
3031 4206 3278 4262 membra
3321 4205 3471 4260 ceci-

1888 4306 2093 4363 derunt
2127 4305 2182 4360 in
2229 4302 2486 4358 deserto?
2528 4303 2740 4370 Quibus
2782 4310 2967 4357 autem
2993 4298 3201 4372 iuravit
3244 4314 3355 4354 non
3381 4298 3469 4352 in-

1892 4392 2142 4449 troituris
2177 4392 2231 4446 in
2270 4390 2522 4461 requiem
2569 4406 2747 4457 suam,
2776 4388 2881 4445 nisi
2926 4404 3035 4443 non
3070 4386 3470 4443 credentibus?

1888 4486 1955 4539 Et
1991 4484 2241 4538 videmus
2264 4482 2363 4537 bos
2395 4497 2503 4537 non
2529 4483 2776 4552 potuisse
2805 4481 2877 4536 ob
2902 4477 3343 4535 incredulitatem
3376 4477 3464 4531 in-

1886 4575 2077 4640 troire,
2102 4582 2303 4645 praeter
2321 4571 2487 4628 Caleb
2516 4572 2692 4628 liliqu
2713 4572 2983 4642 Jephone,
3028 4579 3085 4625 et
3117 4569 3247 4624 Jesu
3282 4569 3456 4622 tilium

1886 4665 2056 4721 Nave.
2111 4664 2380 4719 Sexcenta
2433 4664 2607 4718 millia
2665 4663 3017 4729 interierunt,
3052 4660 3279 4714 totidem
3315 4658 3462 4713 enim

1884 4756 2056 4810 millia
2114 4755 2251 4810 dicit
2297 4754 2582 4825 Scriptura
2648 4768 2867 4824 egressa
2921 4768 2985 4807 ex
3048 4749 3302 4819 A‘Zgypto.
3348 4748 3464 4803 Deo

1889 4844 2036 4899 enim
2084 4843 2419 4898 concedente
2476 4851 2537 4896 ut
2575 4842 2631 4895 in
2679 4841 3006 4910 promissam
3047 4839 3191 4893 irent
3241 4844 3463 4900 terram,

1891 4933 2343 4988 contradixerunt
2382 4932 2484 4997 illi,
2519 4947 2634 5001 prie
2667 4945 2725 4986 se
2762 4929 3002 4985 ferentes
3032 4937 3239 4983 metum
3276 4936 3331 4981 et
3371 4940 3463 4979 ro-

1890 5025 1997 5080 bur
2027 5024 2288 5079 hostium.
2316 5022 2486 5089 Quam
2519 5022 2590 5076 ob
2624 5037 2847 5093 causam
2891 5019 3063 5074 totius
3102 5016 3293 5071 mundi
3320 5017 3465 5071 Deus

1891 5130 2082 5171 omnes
2130 5114 2378 5185 singulos
2404 5114 2458 5168 in
2509 5114 2727 5168 deserto
2771 5111 3069 5174 destruxit,
3105 5109 3247 5163 ﬁlios
3272 5123 3461 5163 eorum

1891 5222 1992 5276 pro
2040 5204 2150 5259 illis
2200 5203 2525 5267 introduxit,
2578 5204 2794 5258 scilicet
2826 5218 2924 5273 per
2966 5199 3131 5256 Caleb
3168 5198 3338 5255 lilium
3370 5198 3462 5253 Je-

1889 5298 2073 5368 phone
2116 5303 2173 5350 et
2210 5295 2336 5351 Jesu
2390 5294 2561 5349 lilium
2616 5295 2762 5349 Nave
2793 5294 2880 5349 his
2914 5292 3158 5363 requiem
3195 5290 3366 5345 dedit.
3397 5289 3463 5342 Et

1890 5386 1958 5441 de
2001 5393 2150 5439 terra
2201 5382 2301 5437 ista
2352 5382 2596 5452 requiem
2647 5381 2786 5436 dixit
2822 5381 3097 5451 propheta
3141 5376 3346 5443 David;
3407 5377 3461 5430 in

1888 5491 2007 5531 eam
2029 5476 2176 5530 enim
2206 5473 2334 5529 Jesu
2366 5473 2488 5527 illos
2517 5472 2761 5541 requiem
2784 5470 3059 5541 perduxit.
3089 5469 3146 5524 lu
3165 5469 3255 5524 illa
3276 5475 3459 5521 autem

1888 5576 2011 5623 erat
2060 5566 2227 5620 etiam
2258 5564 2480 5620 divinus
2510 5563 2782 5633 interpres
2820 5561 3012 5629 David,
3047 5575 3172 5617 eum
3221 5559 3336 5613 haec
3383 5557 3466 5610 lo—

3046 5741 3092 5775 "
3132 5738 3273 5796 Psal.
3320 5752 3467 5803 xcn',
