4072 6560
590 459 722 526 1251
1785 446 1847 508 S.
1888 440 2288 505 ANASTASII
2328 435 2660 502 SINAITIE
3697 434 3823 498 1252

586 587 754 630 cutus
810 567 1089 626 nuntiavit
1124 561 1372 635 requiem
1419 576 1436 616 :
1475 577 1493 613 ι
1522 557 1696 615 Hodie
1734 557 1779 613 si
1808 570 2001 612 vocem
2052 554 2172 626 ejus

2293 550 2402 614 τοὺς
2432 549 2799 604 κατέπαυσεν·
2835 546 2895 601 ἐν
2920 547 3059 620 αὐτῇ
3094 548 3150 602 δέ
3178 542 3249 620 ἦν
3275 546 3368 609 καὶ
3385 546 3536 610 θεῖος
3559 545 3719 599 Δαϐὶδ
3743 549 3823 601 ὅτε

587 663 898 728 audieritis,
936 679 956 713 ι
1016 667 1075 715 et
1125 671 1248 727 qua:
1290 660 1621 724 sequuntur.

2293 643 2442 697 ςαῦτα
2486 640 2728 713 εἰρηκὼς
2767 641 3134 712 ἐπηγγείλατο
3180 641 3278 712 τὴν
3328 639 3708 694 κατάπαυσινο
3750 639 3825 702 το,

2275 751 2294 786 ε
2322 733 2568 804 Σήμερον
2604 733 2701 786 ἐὰν
2719 730 2819 802 τῆς
2845 730 3030 802 φωνῆς
3053 731 3218 786 αὑτοῦ
3264 729 3537 802 ἀκούσητε
3559 770 3576 796 ,
3598 747 3619 783 ι
3653 729 3742 784 καὶ
3767 728 3828 783 τὰ

2268 826 2414 895 ἑξῆς.

2343 936 2488 1006 ’Ἄρα
2508 933 2600 988 οῦν
2620 933 2974 988 ἀπολείπεται
2988 932 3073 987 ἒτε
3083 949 3174 1005 ρος
3193 931 3563 1003 σαϐϐατισμὸς
3577 931 3669 986 καὶ
3684 930 3830 1001 ἐτέρα

2270 1026 2637 1089 κατάπαυσις,
2656 1025 2777 1096 ήτις
2803 1025 2953 1078 ἐστὶν
2970 1026 3051 1088 είς
3065 1024 3301 1094 Χριστὸν
3330 1023 3536 1087 πίστις,
3555 1022 3732 1086 καθὼς
3748 1022 3829 1075 u-

2270 1134 2358 1185 γει
2388 1114 2590 1186 Κύριος
2608 1110 2974 1185 διὰῚερεμίου
3001 1112 3093 1166 τοῦ
3111 1112 3410 1184 προφήτου·
3442 1129 3462 1164 ε
3483 1111 3615 1164 Ἰδοὺ
3642 1111 3829 1183 ήμέραι

2271 1209 2518 1281 ἔρχονται
2549 1206 2642 1260 καὶ
2671 1206 2993 1275 διαθήσομαι
3050 1203 3129 1275 τῷ
3176 1204 3310 1274 οίκῳ
3373 1200 3591 1275 Ἰσραὴλ
3626 1204 3717 1256 καὶ
3760 1202 3830 1273 τῷ

2271 1302 2405 1371 οἴκῳ
2437 1298 2605 1352 Ἰούδα
2632 1297 2896 1368 διαθήκην
2925 1299 3173 1366 καινήν”ι
3202 1296 3261 1349 ἐν
3299 1294 3376 1366 τῷ
3402 1294 3589 1363 λέγειν
3621 1294 3824 1365 καινήν,

2274 1390 2626 1445 πεπαλαίωκε
2642 1390 2740 1459 τὴν
2768 1387 3011 1460 πρώτην
3034 1405 3053 1439 ι
3070 1387 3151 1445 Οὐ,
3174 1386 3318 1441 κατὰ
3341 1386 3444 1458 τὴν
3478 1385 3736 1455 διαθήκην
3768 1386 3827 1456 ήν

2274 1482 2531 1554 διεθέμην
2553 1484 2669 1547 τοῖς
2698 1481 2975 1553 πατράσιν
3002 1479 3181 1534 αὐτῶν
3216 1480 3274 1533 ἐν
3309 1478 3500 1550 ήμέρᾳ
3526 1475 3829 1547 ἐπιλαϐομέ-

660 939 802 1011 Ergo
834 932 1169 1004 relinquitur
1193 930 1337 986 alter
1374 927 1741 989 sabbatismus
1766 934 1822 982 et
1862 925 2036 982 altera
2073 938 2169 979 re-

593 1033 771 1102 quies,
820 1043 943 1100 qua
979 1034 1064 1082 est
1106 1027 1160 1081 in
1222 1023 1504 1081 Christum
1535 1022 1693 1088 ﬁdes,
1722 1021 1865 1076 sicut
1896 1018 2034 1075 dicit
2066 1019 2173 1073 Do-

562 1144 565 1147 λ
595 1125 777 1178 minus
820 1138 918 1192 per
947 1120 1245 1176 Jeremiam
1282 1117 1607 1188 prophetam
1639 1131 1655 1169 :
1695 1132 1713 1166 ι
1747 1113 1889 1168 Ecce
1922 1110 2045 1165 dies
2072 1124 2170 1163 ve-

595 1216 781 1278 niunt,
821 1221 878 1268 et
929 1222 1167 1267 statuam
1224 1208 1412 1263 domui
1468 1205 1637 1260 Israel
1678 1210 1736 1259 et
1784 1200 1970 1258 domui
2031 1197 2173 1255 Juda

598 1312 989 1360 testamentum
1049 1314 1251 1354 novum
1311 1297 1378 1352 ’⁸.
1416 1315 1434 1348 ι
1475 1295 1719 1350 Dicendo
1767 1306 1994 1355 novum,
2032 1288 2175 1345 anti-

599 1396 791 1466 quavit
831 1393 1068 1464 primum
1119 1410 1134 1447 :
1193 1390 1358 1445 «Non
1402 1387 1708 1443 secundum
1783 1393 2174 1441 testamentum

600 1485 745 1555 quod
783 1482 946 1538 statui
985 1480 1238 1550 patribus
1267 1494 1460 1533 eorum
1494 1477 1549 1531 in
1579 1476 1668 1531 die
1693 1490 1805 1545 quo
1833 1472 2174 1544 apprehendi

602 1591 823 1630 manum
860 1575 979 1644 ejus
1007 1584 1066 1628 ut
1093 1576 1388 1627 educerem
1411 1584 1509 1625 eos
1536 1584 1568 1623 e
1596 1577 1744 1622 terra
1771 1565 2010 1637 Egypti,
2036 1579 2179 1635 quo-

2293 1592 2368 1630 μου
2400 1593 2502 1648 μου
2535 1576 2633 1647 τῆς
2660 1573 2842 1646 χειρὸς
2887 1572 3053 1626 αὐτοῦ
3080 1569 3369 1641 ἐξαγαγεῖν
3417 1571 3615 1634 αὐτοὺς
3648 1571 3709 1625 ἐκ
3734 1571 3828 1639 γῆς

603 1665 750 1718 niam
774 1664 877 1734 ipsi
904 1678 1014 1717 non
1038 1664 1494 1729 exspectaverunt
1531 1662 1919 1712 testamentum
1952 1667 2175 1718 meum;

2293 1667 2584 1736 ὶίγὺπτου,
2640 1666 2725 1719 ὅτι
2769 1664 2923 1718 αὐτοὶ
2965 1664 3067 1717 οὐκ
3116 1662 3405 1733 ἐνέμειναν
3445 1661 3548 1730 τὴν
3578 1660 3829 1733 διαθήκην

604 1766 662 1811 et
695 1771 796 1826 ego
829 1752 1045 1825 neglexi
1077 1767 1194 1815 eos,
1238 1750 1375 1806 dicit
1405 1749 1691 1811 Dominus,
1725 1746 1855 1816 quia
1900 1744 2048 1799 istud
2095 1751 2181 1799 est

2293 1774 2406 1828 μουυ
2427 1758 2520 1811 καὶ
2547 1756 2659 1825 ἐγὼ
2691 1755 2942 1827 ἠμέλησα
2972 1754 3194 1820 αὐτοὺς,
3226 1754 3362 1824 φησὶ
3390 1750 3620 1823 Κύριος,
3645 1753 3722 1806 δτι
3743 1753 3829 1807 αὖ.

607 1853 998 1903 testamentum
1020 1843 1167 1913 quod
1186 1851 1423 1897 statuam
1446 1838 1633 1894 domui
1656 1837 1845 1901 Israel,
1870 1835 2008 1890 dans
2034 1836 2179 1905 leges

2293 1867 2349 1919 τη
2386 1851 2420 1922 ή
2454 1847 2686 1921 διαθήκη
2721 1847 2790 1919 ήν
2817 1845 3146 1918 διαθήσομαι
3181 1844 3261 1917 τῷ
3300 1844 3442 1914 οῐκῳ
3490 1843 3737 1916 Ἰσραὴλ,
3760 1845 3830 1898 δι-

607 1954 758 1994 meas
787 1939 841 1992 in
873 1944 1111 1990 mentem
1152 1950 1364 1994 eorum,
1392 1940 1451 1987 et
1478 1932 1534 1985 in
1562 1928 1728 1984 corde
1755 1942 1949 1982 eorum
1984 1926 2181 1981 inscri-

2293 1918 2418 2004 Βοῦς
2442 1918 2640 2011 νόμους
2679 1918 2780 2010 μου
2830 1939 2910 2002 εἰς
2949 1937 3049 2009 τὴν
3090 1936 3329 1992 διάνοιαν
3363 1935 3547 1991 αὐτῶν
3571 1975 3587 2001 ,
3619 1937 3707 1991 καὶ
3752 1934 3833 1989 ἐπὶ

607 2033 732 2087 bam
764 2048 879 2095 eas,
907 2040 961 2085 et
997 2046 1095 2085 ero
1130 2028 1213 2083 eis
1261 2027 1315 2081 in
1359 2027 1556 2090 Deum,
1597 2032 1654 2079 et
1687 2022 1794 2093 ipsi
1849 2027 2013 2077 erunt
2050 2019 2183 2074 mihi

2293 2031 2510 2105 καρδίαν
2537 2031 2718 2086 αὐτῶν
2745 2030 3037 2103 ἐεπιγράψω
3065 2026 3281 2094 αὑτοῦςο
3318 2030 3414 2085 καὶ
3450 2029 3643 2101 ἔσομαι
3670 2028 3834 2093 αὐτοῖς

611 2124 667 2179 in
696 2123 958 2193 papulum
985 2123 1052 2176 ”.
1091 2139 1108 2169 ι
1133 2150 1200 2159 -
1227 2139 1245 2170 ι
1274 2119 1445 2190 Igitur
1473 2116 1610 2172 ﬁdes
1637 2131 1705 2171 ex
1720 2114 1932 2178 auditu,
1965 2112 2187 2167 auditus

2293 2126 2365 2187 είς
2394 2124 2547 2187 Θεὸν,
2578 2122 2675 2177 καὶ
2698 2123 2850 2187 αἰετοὶ
2876 2122 3093 2175 ἔσονταί
3121 2136 3209 2191 μοι
3248 2122 3328 2186 είς
3348 2120 3501 2177 λαόν.
3533 2141 3553 2175 ι
3580 2152 3649 2163 -
3667 2139 3685 2173 ι
3710 2121 3835 2193 Ἀρσ.

608 2224 789 2269 autem
840 2229 939 2283 per
970 2212 1198 2266 verbum
1232 2210 1331 2264 Dei
1358 2209 1422 2273 ³⁸,
1458 2226 1477 2261 ι
1517 2215 1738 2277 oportet
1772 2204 1919 2261 enim
1947 2204 2185 2274 primum

2293 2213 2377 2268 [οῦν
2403 2216 2436 2284 ἡ
2470 2214 2651 2276 πίστις
2675 2211 2734 2278 ἐξ
2765 2215 2955 2284 ἀκοῆς,
2982 2214 3016 2283 ἡ
3040 2211 3085 2266 δ’
3116 2212 3253 2284 ἀκοὴ
3280 2212 3369 2266 διὰ
3392 2213 3641 2284 ῥήματος
3660 2210 3829 2265 Θεοῦ-ι

612 2304 825 2368 audire,
873 2301 1071 2358 deinde
1126 2303 1183 2355 in
1234 2310 1416 2356 mente
1455 2308 1512 2353 et
1556 2296 1723 2353 corde
1784 2296 2036 2366 accipere
2088 2294 2186 2349 Dei

2293 2305 2368 2360 δεῖ
2388 2305 2497 2376 γὰρ
2551 2305 2768 2375 πρῶτον
2800 2306 3055 2370 ἀκοῦσαι,
3084 2301 3205 2360 εἶτα
3230 2307 3287 2359 ἐν
3325 2292 3540 2376 διανοίᾳ
3577 2304 3669 2358 καὶ
3696 2300 3749 2358 ἐν
3775 2304 3833 2376 τῇ

611 2396 779 2451 verba
807 2404 863 2450 et
903 2394 1168 2459 credere;
1197 2393 1340 2447 sicut
1383 2410 1401 2443 ι
1431 2390 1705 2446 Abraham
1744 2388 2105 2444 crediditDeo
2132 2394 2190 2441 et

2293 2399 2484 2468 καρδίᾳ⁸
2527 2396 2785 2462 δέξασθαι
2829 2397 2924 2451 τοῦ
2958 2397 3093 2451 Θεοῦ
3147 2398 3370 2469 ῥήματα
3399 2396 3502 2451 καὶ
3548 2394 3834 2449 πιστεῦσαιο

614 2494 928 2555 reputatum
978 2484 1053 2537 illi
1087 2484 1141 2538 in
1169 2482 1437 2554 justitiam
1467 2482 1535 2537 ⁹¹.
1589 2498 1732 2532 ι-ε
1762 2478 2028 2544 Quoniam
2077 2492 2188 2531 non

2293 2488 2537 2559 καθάπερ
2564 2490 2656 2543 καί
2676 2506 2692 2521 ο
2729 2507 2748 2541 ι
2796 2488 3032 2561 Αϐραάμ
3052 2488 3341 2543 ἐπίστευσε
3368 2489 3449 2560 τῷ
3481 2488 3620 2559 Θεῷ,
3638 2489 3723 2542 καὶ
3741 2487 3836 2542 ἐλο·

611 2576 1003 2649 justiﬁcabitur
1033 2590 1101 2630 ex
1150 2574 1413 2643 operibus
1460 2572 1596 2643 legis
1645 2569 1827 2626 omnis
1872 2584 2002 2624 caro
2034 2569 2096 2622 ".
2163 2586 2183 2620 ι

2293 2580 2450 2653 γίσθη
2481 2579 2629 2652 αὐτῷ
2650 2581 2728 2646 είς
2755 2580 3121 2651 δικαιοσύνην.
3150 2600 3170 2634 ι
3202 2610 3275 2622 --
3308 2600 3327 2634 ε
3367 2580 3517 2635 Διότι
3548 2582 3608 2634 οὐ
3642 2581 3837 2634 δικαιω-

612 2697 685 2709 -—
712 2689 729 2721 ‹
754 2668 1082 2737 Quicunque
1137 2665 1283 2721 enim
1317 2681 1386 2720 ex
1415 2664 1679 2735 Operibus
1726 2663 1863 2733 legis
1904 2670 2052 2726 sunt,
2088 2660 2192 2715 sub

2293 2672 2514 2745 θήσεται
2563 2675 2621 2740 ἐξ
2672 2673 2849 2744 ἔργων
2897 2672 3060 2744 νόμου
3101 2674 3251 2727 πάσα
3294 2671 3453 2744 σάρξ.
3496 2690 3516 2726 ι
3550 2702 3617 2713 --
3650 2689 3668 2724 ι
3703 2672 3835 2725 Ὅσοι

614 2758 909 2813 maledicto
942 2766 1106 2822 sunt;
1139 2755 1406 2825 scriptum
1429 2762 1515 2809 est
1548 2754 1694 2808 enim
1717 2769 1730 2805 :
1753 2752 2075 2808 Maledictus
2098 2752 2191 2822 qui

2293 2765 2400 2835 γὰρ
2424 2763 2484 2829 ἐξ
2508 2763 2685 2835 ἔργων
2713 2764 2877 2836 νόμου
2907 2764 3065 2828 εἰσὶν,
3096 2764 3201 2817 ὑπὸ
3229 2764 3479 2835 κατάραν
3504 2762 3628 2816 εἰσί·
3656 2766 3836 2833 γέγραο

617 2863 728 2901 non
762 2853 1046 2916 permanet
1070 2844 1124 2898 in
1152 2843 1411 2898 omnibus
1435 2858 1558 2913 quae
1586 2841 1790 2912 scripta
1812 2849 1940 2895 sunt
1968 2840 2025 2894 in
2046 2840 2193 2895 libro

2293 2872 2424 2910 πται
2446 2856 2575 2928 γάρ·
2606 2855 3035 2928 Ἐπικατάρατος
3053 2855 3111 2920 θς
3133 2855 3233 2909 οὐκ
3252 2855 3484 2928 ἐμμένει
3516 2857 3574 2908 ἐν
3600 2855 3726 2908 πᾶσι
3742 2855 3839 2916 τοῖς

618 2940 760 3011 legis
800 2940 867 2994 ad
918 2938 1230 2994 faciendum
1277 2953 1342 2991 ea
1394 2937 1458 2992 ³³.
1492 2955 1511 2990 ι
1564 2936 1852 2991 Neminem
1892 2943 2075 2991 autem
2137 2935 2194 2990 in

2293 2942 2701 3020 γεγραμμένοις
2734 2950 2793 3002 ἐν
2829 2948 2909 3020 τῷ
2952 2948 3142 3020 βιϐλίῳ
3166 2946 3261 3003 τοῦ
3310 2946 3480 3019 νόμου
3510 2947 3605 3001 τοῦ
3639 2946 3838 3016 ποιῆσαι

620 3030 743 3100 lege
771 3027 1062 3099 justiﬁcari
1106 3025 1251 3097 apud
1290 3025 1485 3090 Deum,
1535 3024 1888 3096 perspicuum
1923 3033 2027 3087 est,
2065 3027 2193 3095 quia

2293 3040 2450 3093 αὑτά·
2490 3058 2508 3091 ι
2544 3041 2626 3094 ὅτι
2656 3040 2711 3093 δέ
2743 3042 2802 3094 ἐν
2852 3040 3002 3113 νόμῳ
3045 3040 3221 3106 οὐδεὶς
3243 3040 3547 3095 δικαιοῦται
3588 3038 3731 3109 παρὰ
3771 3035 3839 3108 τῷ

615 3122 799 3192 justus
845 3134 910 3174 ex
958 3118 1065 3173 ﬁde
1100 3117 1248 3171 vivet
1280 3116 1325 3148 “
1374 3116 1431 3171 in
1488 3115 1649 3186 ipsis;
1688 3114 1963 3168 Abraham
2007 3124 2195 3170 autem

2294 3124 2432 3195 Θεῷ,
2464 3124 2622 3195 δῆλον
2654 3127 2738 3180 ὅτι
2766 3128 2795 3181 ὁ
2827 3126 3034 3193 δίκαιος
3060 3129 3128 3182 ἐκ
3153 3128 3391 3193 πίστεως
3424 3126 3649 3201 ζήσεται
3672 3130 3725 3182 ἐν
3756 3128 3839 3181 αὖ·

619 3210 857 3268 credidit
910 3211 1022 3264 Deo
1064 3216 1120 3263 et
1174 3216 1488 3277 reputatum
1551 3216 1634 3260 est
1677 3205 1757 3259 illi
1801 3204 1858 3259 in
1896 3205 2186 3276 justitiam.

2297 3219 2428 3280 τοῖςο
2455 3219 2483 3270 ὁ
2503 3216 2561 3271 δέ
2607 3217 2856 3289 Ἀϐραάμ
2895 3220 3182 3275 ἐπίστευσε
3219 3220 3298 3292 τῷ
3341 3220 3464 3292 Θεῷ
3495 3222 3590 3275 καὶ
3614 3218 3837 3291 ἐλογίσθη

620 3302 934 3359 Ρηενίἀειιε
966 3300 1256 3370 Scriptura
1282 3316 1349 3355 ex
1396 3299 1501 3354 ﬁde
1545 3298 1974 3371 justiﬁcaturum
2000 3309 2190 3371 gentes

2296 3307 2444 3379 αὑτῷ
2467 3309 2548 3373 είς
2570 3308 2937 3381 δικαιοσύνηνο
2969 3311 3260 3382 προϊδοῦσα
3299 3310 3358 3364 δέ
3387 3314 3421 3382 ή
3463 3312 3650 3383 Γραφὴ
3674 3313 3750 3365 ὃτι
3782 3312 3839 3364 ἐκ

622 3395 814 3459 Deum,
868 3392 1258 3465 praenuntiavit
1296 3392 1549 3446 Abrahm.
2297 3400 2533 3464 πίστεως
2560 3402 2760 3456 δικαιοῖ
2785 3403 2856 3458 τά
2873 3401 2999 3477 ἔθνη
3027 3404 3055 3457 δ
3079 3402 3236 3469 Θεὸς,
3263 3401 3754 3476 προευηγγελίσατο
3772 3401 3837 3474 τῷ

2308 3492 2580 3566 Ἀϐραάμ.

692 3603 913 3660 Noscite
952 3619 1083 3676 ergo
1121 3602 1226 3659 hos
1274 3603 1367 3674 qui
1418 3618 1486 3659 ex
1524 3603 1631 3659 ﬁde
1679 3613 1830 3671 sunt,
1877 3619 2002 3661 esse
2051 3604 2194 3662 ﬁlios

629 3696 877 3751 Abrahae.
902 3715 919 3747 ι
946 3694 1181 3751 Abrahae
1192 3704 1374 3751 autem
1396 3695 1557 3753 dicta:
1572 3705 1701 3752 sunt
1726 3697 2117 3769 promissiones
2139 3704 2197 3753 et

626 3788 822 3841 semini
848 3787 994 3857 ejus;
1016 3802 1128 3841 non
1169 3787 1305 3842 dicit
1337 3804 1351 3841 :
1378 3787 1437 3841 in
1458 3787 1760 3844 seminibus
1787 3789 1943 3858 quasi
1974 3790 2029 3844 in
2054 3790 2197 3845 mul-

628 3878 719 3940 tis,
764 3876 860 3931 sed
892 3877 1048 3944 quasi
1083 3876 1137 3930 in
1168 3893 1300 3943 uno,
1332 3877 1391 3932 In
1419 3878 1627 3934 semine
1660 3886 1775 3934 tuo.
1799 3878 1915 3935 Hoc
1936 3889 2022 3936 est
2046 3880 2197 3937 enim

633 3975 1018 4022 testamentum
1040 3975 1166 4021 ante
1190 3967 1572 4022 conﬁrmatum
1603 3983 1634 4023 a
1658 3969 1771 4024 Deo
1796 3969 1853 4024 in
1880 3969 2195 4037 Christum;

628 4062 715 4115 lex
744 4076 867 4131 qua:
902 4068 1025 4130 post
1051 4070 1328 4116 trecentos
1358 4061 1581 4133 triginta
1604 4077 1779 4118 annos
1803 4062 1943 4118 facta
1974 4070 2055 4119 est
2085 4079 2198 4119 non

629 4160 791 4208 nocet
810 4162 870 4207 ut
885 4153 1177 4223 abrogetur
1195 4154 1486 4223 promissio
1502 4154 1588 4208 ³⁶’.
1610 4172 1630 4207 ι
1653 4153 1721 4210 Ει
1738 4162 1900 4210 vetns
1917 4154 2198 4227 Scriptura

633 4250 1018 4299 testamentum
1066 4242 1163 4297 Dei
1213 4250 1373 4297 vocat
1428 4241 1573 4297 hanc
1624 4258 1745 4313 quae
1791 4243 1861 4299 ad
1922 4245 2197 4300 Abraham

629 4336 771 4389 facta
814 4342 899 4389 est
947 4333 1276 4404 promissio;
1325 4333 1581 4403 promisit
1620 4344 1803 4389 autem
1861 4351 1961 4405 per
2010 4352 2198 4392 semen

629 4429 861 4483 Abrahae
913 4425 1321 4481 benedicendas
1374 4440 1496 4481 esse
1540 4436 1730 4497 gentes
1788 4429 1958 4483 totius
2008 4428 2200 4485 mundi

632 4522 757 4586 Dei;
792 4521 899 4573 hoc
950 4534 1082 4573 vero
1114 4534 1300 4574 semen
1353 4519 1470 4589 ipse
1518 4530 1603 4576 est
1633 4520 1900 4577 Dominus
1926 4521 2197 4579 Christus.

2366 3605 2671 3660 Γινώσκετε
2706 3605 2798 3660 οῦν
2832 3604 2942 3678 ἄρα
2971 3607 3053 3660 ὅτι
3083 3605 3133 3660 ei
3154 3606 3218 3660 ἐκ
3243 3602 3507 3671 πίστεως,
3541 3598 3680 3661 οὗτοί
3717 3604 3836 3658 εἰσιν

2294 3696 2404 3750 υἱοὶ
2441 3695 2711 3769 Ἀϐραάμο
2741 3695 2821 3768 τῷ
2846 3696 2904 3751 δέ
2943 3695 3197 3767 Ἁϐραάμ
3218 3694 3527 3767 ἐρρέθησαν
3555 3696 3608 3749 αἱ
3632 3696 3837 3762 ἐπαγγεο

2295 3789 2407 3844 λίαι
2436 3789 2531 3844 καὶ
2544 3788 2622 3861 τῷ
2652 3788 2927 3859 σπέρματι
2953 3786 3138 3842 αὐτοῦ·
3166 3787 3228 3840 οὐ
3252 3787 3420 3855 λέγει,
3437 3787 3531 3839 Ἐν
3559 3787 3663 3848 τοῖς
3685 3785 3836 3853 σπέρ-

2300 3895 2487 3950 μασιν,
2511 3877 2585 3942 ὡς
2600 3878 2693 3931 ἐπὶ
2706 3876 2936 3944 πολλῶν,
2958 3877 3074 3931 ἀλλ’
3103 3875 3179 3941 ὡς
3198 3878 3286 3945 ἐφ’
3311 3876 3449 3941 ἐνὸς,
3484 3875 3663 3947 Ἐντῷ
3687 3876 3833 3945 σπέρ-

2303 3969 2433 4043 ματί
2484 3985 2600 4023 σουο
2631 3967 2791 4022 τοῦτο
2833 3968 2943 4039 γάρ
2987 3970 3104 4022 ἐστι
3131 3966 3365 4039 διαθήκη
3397 3965 3834 4039 προκεκυρωμένη

2300 4060 2405 4115 ὑπὸ
2436 4058 2531 4114 τοῦ
2560 4059 2693 4115 Θεοῦ
2726 4059 2808 4123 είς
2834 4057 3092 4131 Χριστὸν,
3120 4058 3149 4111 ὁ
3183 4058 3324 4130 μετὰ
3349 4058 3673 4129 τετρακόσια
3700 4057 3835 4129 τριά-

2300 4168 2465 4207 κοντα
2505 4151 2599 4223 ἐτη
2629 4149 2872 4221 γεγονὼς
2916 4150 3080 4222 νόμος
3102 4150 3205 4205 οὐκ
3241 4150 3439 4221 ἀκυροῖ
3466 4150 3551 4214 εἰς
3576 4149 3636 4203 τὸ
3656 4164 3837 4217 καταρο

2301 4244 2465 4315 γῆσαι
2493 4243 2591 4316 τήν
2619 4243 2971 4312 ἐπαγγελίαν⁸
3008 4243 3102 4297 καὶ
3123 4242 3158 4313 ή
3187 4241 3395 4297 παλαιὰ
3438 4240 3650 4315 Γραφήι
3669 4237 3835 4308 διαθή-

2302 4353 2405 4407 κην
2427 4333 2522 4388 τοῦ
2550 4333 2684 4388 Θεοῦ
2714 4334 2869 4389 καλεῖ
2900 4332 2998 4405 τήν
3029 4333 3162 4406 πρὸς
3200 4333 3294 4389 τὸν
3349 4333 3605 4405 ’Δϐραὰμ
3630 4347 3835 4401 γεγενη-

2305 4425 2475 4498 μένην
2504 4426 2872 4496 ἐπαγγελίαν·
2921 4425 3286 4497 ἐπηγγείλατο
3321 4425 3379 4479 δέ
3420 4425 3514 4480 διὰ
3558 4423 3835 4493 σπέρματος

2299 4518 2396 4572 τοῦ
2449 4518 2703 4591 Ἀϐραὰμ
2745 4518 2988 4586 εὐλογεῖν
3033 4517 3103 4571 τά
3149 4517 3280 4588 ἔθνη
3325 4518 3356 4571 ὁ
3388 4516 3516 4589 ,τῶν
3549 4515 3681 4570 ὅλων
3704 4513 3832 4574 Θεός·

631 4611 734 4665 Per
808 4609 965 4664 illum
1041 4609 1188 4664 enim
1267 4607 1475 4663 exitum
1561 4610 1860 4680 promissio
1939 4612 2195 4669 obtinuit.

2303 4610 2460 4666 τοῦτο
2484 4610 2541 4664 δέ
2572 4610 2634 4665 τὸ
2674 4610 2898 4681 σπέρμα
2943 4609 3107 4674 αὐτός
3169 4610 3320 4664 ἐστιν
3354 4611 3384 4664 ὁ
3429 4608 3700 4678 Δεσπότης
3723 4606 3838 4674 Χριο

628 4701 762 4756 Nam
795 4700 842 4755 si
867 4716 934 4754 ex
962 4700 1081 4771 lege
1109 4708 1194 4754 est
1220 4700 1531 4767 haereditas,
1563 4716 1675 4756 non
1717 4710 1803 4757 est
1847 4719 1914 4758 ex
1957 4704 2201 4774 promis-

630 4794 823 4857 sione;
857 4792 1092 4847 Abrahze
1134 4802 1319 4847 autem
1368 4809 1468 4863 per
1510 4795 1933 4864 promissionem
1976 4795 2203 4853 donavit

632 4885 776 4939 Deus
801 4900 1011 4939 semen.
1033 4883 1177 4950 Quid
1202 4884 1371 4954 ergo?
1396 4884 1484 4939 lex
1506 4884 2009 4955 transgressionum
2035 4901 2201 4942 causa

631 4982 836 5028 statuta
872 4983 980 5038 est,
1012 4975 1320 5044 usquedum
1370 4975 1587 5029 veniret
1634 4989 1824 5030 semen
1871 4968 2019 5045 quod
2070 4991 2203 5046 pro-

632 5066 860 5119 missum
886 5075 1025 5131 erat,
1056 5065 1124 5120 ad
1162 5066 1459 5122 utilitatem
1498 5074 1704 5121 statuta
1736 5075 1822 5121 est
1857 5066 1946 5121 lex
1986 5067 2206 5137 generis

634 5156 819 5226 hujus,
846 5172 914 5212 ex
942 5172 1053 5227 quo
1082 5172 1268 5212 semen
1294 5157 1430 5212 illud
1454 5157 1693 5212 debebat
1731 5159 2037 5214 secundum
2079 5176 2206 5216 car-

635 5262 761 5301 nem
800 5246 993 5313 exire;
1040 5255 1243 5303 statuta
1281 5257 1366 5303 est
1402 5258 1585 5304 autem
1628 5250 1838 5320 angelis
1886 5252 2209 5307 ministran-

636 5341 806 5405 tibus,
850 5349 908 5396 et
960 5339 1125 5410 hujus
1170 5339 1511 5394 institutioni
1556 5340 1741 5412 Moyse
1776 5340 2075 5397 serviente.
2111 5341 2207 5397 Sin

635 5438 820 5485 autem
879 5428 1102 5484 Iudaeus
1162 5428 1378 5483 vocaris
1438 5434 1495 5482 et
1555 5442 1881 5498 perseveras
1936 5428 1993 5483 in
2063 5429 2206 5500 lege,

635 5520 791 5590 quasi
835 5520 889 5575 in
935 5519 1057 5590 lege
1094 5518 1356 5591 glorians,
1398 5534 1499 5589 per
1542 5519 2037 5589 transgressionem
2076 5519 2211 5591 legis

638 5612 809 5666 Deum
847 5609 1177 5677 inhonoras;
1262 5607 1617 5665 circumcisio
1662 5611 1812 5664 enim
1861 5609 2112 5680 prodest,
2162 5609 2209 5666 si

2308 4699 2451 4760 στόςο
2480 4697 2546 4750 δι’
2585 4696 2749 4751 αὑτοῦ
2778 4697 2888 4769 γάρ
2919 4698 3093 4772 πέρας
3132 4699 3167 4770 ή
3215 4698 3512 4769 ὑπόσχεσις
3555 4697 3758 4753 ἐλαϐεν⁸
3795 4695 3834 4747 εἱ

2305 4788 2415 4859 γὰρ
2460 4788 2525 4841 ὲκ
2570 4788 2736 4860 νόμου
2764 4789 2800 4861 ἠ
2832 4788 3188 4861 κληρονομία,
3226 4791 3327 4844 οὐκ
3356 4789 3506 4843 ἐστιν
3531 4789 3591 4854 ἐξ
3636 4790 3837 4853 ἐπαγγε-

2305 4878 2446 4941 λίαςο
2498 4878 2577 4949 τῷ
2616 4879 2673 4933 δέ
2724 4880 2974 4952 Ἁϐραάμ
3007 4879 3076 4934 δι’
3122 4881 3459 4950 ἐπαγγελίας
3490 4881 3783 4952 κεχάρισται
3814 4877 3836 4930 ὁ

2308 4970 2442 5034 Θεὸς
2478 4969 2540 5025 τδ
2574 4971 2817 5043 σπέρμα.
2842 4971 2907 5023 Τί
2935 4970 3058 5037 οῦν;
3100 4974 3129 5026 ὁ
3162 4973 3324 5044 νόμος
3353 4971 3463 5026 τῶν
3508 4968 3837 5043 παραϐάσεων

2312 5060 2472 5132 χάριν
2504 5061 2829 5132 προσετέθη,
2856 5061 3017 5133 ἄχρις
3049 5054 3110 5115 οὗ
3143 5058 3276 5131 ἦλθε
3308 5063 3369 5116 τὸ
3395 5064 3613 5135 σπέρμα
3640 5062 3667 5115 δ
3694 5059 3838 5130 ἐπήγ-

2312 5152 2521 5219 γελται,
2566 5152 2647 5214 είς
2693 5151 3015 5220 ἐπιμέλειαν
3051 5153 3211 5223 ἐτέθη
3258 5156 3286 5208 ὁ
3334 5154 3498 5223 νόμος
3540 5152 3632 5207 τοῦ
3660 5151 3836 5221 γένους.

2316 5244 2376 5310 ἐξ
2406 5239 2467 5298 οῦ
2509 5245 2569 5298 τὸ
2619 5244 2843 5316 σπέρμα
2875 5246 3101 5315 ἔμελλεν
3134 5249 3312 5301 ἐκεῖνο
3355 5247 3496 5301 κατὰ
3529 5247 3698 5317 σάρκα
3736 5242 3839 5313 βλα-

2316 5338 2552 5391 στάνειν·
2597 5337 2757 5407 ἐτέθη
2799 5338 2856 5391 δέ
2893 5339 3140 5408 ἀγγέλων
3185 5339 3639 5411 ὑπουργούντων,
3675 5335 3757 5389 καὶ
3788 5332 3839 5401 τῇ

2314 5428 2504 5483 τούτου
2531 5428 2676 5481 θέσει
2699 5430 2980 5494 Μωῦσέως
3012 5431 3407 5496 διακονοῦντος.
3440 5432 3502 5485 Ei
3534 5429 3591 5484 δέ
3627 5426 3842 5484 Ἰουδαῖος

2314 5517 2570 5590 ὀνομάζει
2598 5519 2695 5573 καὶ
2726 5521 3053 5593 ἐπαναπαύῃ
3084 5521 3162 5593 τῷ
3194 5522 3367 5593 νόμῳ,
3400 5522 3473 5585 ὼς
3499 5526 3555 5576 ἐν
3577 5519 3714 5589 νόμῳ
3736 5530 3843 5569 καυ-

2315 5609 2536 5680 κᾶσθαιν
2560 5609 2647 5664 διὰ
2664 5610 2764 5681 τῆς
2779 5611 3139 5682 παραϐάσεως
3151 5612 3244 5666 τοῦ
3261 5614 3426 5684 νόμου
3439 5613 3526 5665 τὸν
3537 5610 3660 5663 Θεὸν
3674 5603 3839 5673 ἀτιμά-

710 5787 754 5819 "
786 5784 990 5842 Jercm.
1031 5801 1177 5849 xxxi,
1218 5786 1305 5854 3|.
1374 5785 1419 5817 ”
1460 5782 1597 5839 ibid.
1640 5781 1727 5849 32,
1770 5785 1859 5840 55.
1938 5784 1983 5816 ³⁶
2026 5781 2181 5839 Rom.

2320 5782 2406 5839 l7.
2484 5783 2527 5816 ³¹
2567 5781 2708 5842 Gen.
2752 5801 2840 5853 xv,
2883 5785 3134 5853 6;Rom.
3178 5802 3248 5854 tv,
3278 5787 3344 5843 ὅ,
3423 5787 3467 5819 ³¹
3501 5768 3667 5841 Calat.
3702 5793 3736 5843 ι,
3770 5772 3839 5832 l6.

638 5854 686 5890 ³³
720 5857 895 5913 Galat.
925 5872 983 5919 tt,
1028 5855 1114 5910 10.
1191 5855 1234 5887 ³⁵
1266 5853 1440 5913 Galat.
1469 5870 1545 5919 tn,
1589 5854 1674 5910 ll.
1738 5856 1804 5888 δν
1833 5854 1966 5909 ibid.
2003 5856 2091 5918 l6,
2122 5854 2210 5909 l7.
