4072 6570
330 458 464 522 1253

1341 459 1796 521 DISPUTATIO
1830 459 2227 520 ADVERSUS
2266 461 2594 521 JUDIEOS.

3460 425 3598 536 πεδί

322 575 460 639 ξεις·
483 571 757 645 περιτομὴ
777 571 876 646 μὲν
888 572 1108 644 ὠφελεῖ.
1134 573 1229 628 ἐὰν
1249 579 1412 646 νόμον
1432 575 1716 648 πράσσειςο
1740 575 1836 628 ἐὰν
1855 575 1891 627 δὲ

2014 574 2192 646 legem
2235 575 2657 643 observaveris;
2695 576 2741 632 si
2772 593 2905 633 vero
2934 587 3311 652 transgressor
3341 583 3477 655 legis
3513 603 3594 654 es,

323 666 658 738 παραϐάτης
697 668 867 736 νόμου
924 665 1014 744 ᾗς,
1054 671 1087 741 ἡ
1120 669 1395 740 περιτομή
1444 687 1538 722 σου
1579 669 1891 741 ἁκροϐυστίι

2017 667 2373 722 circumcisio
2405 675 2498 721 tua
2519 670 2851 738 praeputium
2877 670 3018 726 facta
3043 683 3167 739 est;
3201 674 3343 730 sicut
3379 676 3456 730 ait
3504 677 3598 732 ,Ιο-
3626 682 3630 685 ’

321 757 533 824 γέγονε,
561 755 706 810 καθά
736 774 902 829 φησιν
937 758 1239 828 Ἱερεμίας,
1270 760 1351 811 ὅτι
1386 777 1404 811 ι
1433 759 1618 813 Πάντα
1671 760 1742 812 τὰ
1787 759 1912 830 ἔθνη

322 851 672 921 ἀπερίτμητα
709 853 773 922 τῇ
808 851 994 921 σαρκὶ,
1031 853 1059 905 ὀ
1093 853 1149 905 δέ
1183 848 1330 915 οἶκος
1363 851 1578 924 Ἰσραὴλ
1601 852 1913 923 ἀπερίτμη-

320 958 408 1005 τος
420 944 487 1012 τῇ
503 942 712 1012 καρδία
742 960 865 994 ι-σ
887 943 1296 1014 Περιτμηθῆναι
1311 942 1390 1014 τῷ
1403 942 1521 1014 Θεῷ
1537 943 1632 998 καὶ
1646 960 1913 1015 περιτμη-

321 1032 482 1103 θῆναι
494 1032 596 1103 τὴν
628 1033 994 1104 ἀκροϐυστίαν
1005 1033 1104 1104 τῆς
1118 1031 1539 1104 καρδίαςύμῶν.
1553 1032 1784 1085 ι-«Διά
1800 1031 1911 1102 γὰρ

319 1123 485 1194 νόμου
519 1123 819 1192 ἐπίγνωσις
845 1124 1137 1195 ἁμαρτίας·
1174 1123 1268 1178 νῦν
1297 1125 1407 1194 γὰρ
1431 1123 1746 1194 δικαιοσύνη
1772 1123 1908 1178 Θεοῦ

320 1216 705 1286 πεφανέρωται
734 1216 1164 1287 μαρτυρουμένη
1193 1215 1298 1269 ὑπὸ
1331 1215 1496 1287 νόμου
1523 1217 1616 1270 καὶ
1640 1216 1748 1269 τῶν
1776 1233 1909 1287 προ·

320 1307 529 1375 φητῶν·
562 1306 882 1376 δικαιοσύνη
915 1307 971 1360 δὲ
1010 1307 1146 1360 Θεοῦ
1179 1307 1268 1360 διὰ
1301 1308 1537 1372 πίστεως
1563 1307 1738 1378 Ἰησοῦ
1767 1309 1904 1378 Χρι-

319 1399 447 1454 στοῦ
483 1401 565 1464 είς
616 1402 828 1464 πάντας
867 1401 961 1454 καὶ
995 1402 1089 1454 ἐπὶ
1123 1402 1337 1464 πάντας
1363 1401 1490 1464 τοὺς
1529 1401 1900 1466 πιστεύοντας,

314 1491 678 1564 δικαιούμεθα
705 1493 914 1565 δωρεὰν
940 1496 1007 1565 τῇ
1041 1494 1210 1547 αύτοῦ
1235 1493 1420 1565 χάριτι
1448 1494 1540 1548 διὰ
1568 1496 1666 1566 τῆς
1694 1493 1902 1548 ἀπολυ-

318 1583 573 1655 τρώσεως
603 1583 704 1655 τῆς
738 1586 797 1638 ἐν
834 1585 1060 1657 Χριστῷ
1100 1584 1299 1656 Ἰησοῦ.
1346 1604 1364 1638 ι

392 1732 781 1804 «Λογιζόμεθα
828 1731 921 1788 οὖν
952 1731 1136 1786 πίστει
1187 1732 1536 1787 δικαιοῦσθαι
1599 1732 1900 1802 ἄνθρωπον

321 1827 493 1896 χωρῖς
535 1825 714 1896 ἔργων
745 1824 937 1896 νόμου.
963 1844 981 1878 ι
1021 1825 1120 1892 Τί;
1161 1843 1180 1877 ‹
1226 1826 1499 1880 Ἰουδαίων
1540 1827 1568 1878 ὁ
1613 1826 1745 1889 Θεὸς
1804 1827 1899 1896 μό-

2015 758 2256 815 remias:
2281 780 2298 812 ε
2329 759 2533 817 Omnes
2550 772 2745 832 gentes
2765 762 3165 820 incircumcisaa
3189 781 3377 831 carne,
3401 767 3600 825 domus

2013 865 2151 905 vero
2173 851 2338 906 Israel
2364 852 2752 908 incircumcisa
2773 854 2943 909 corde
2960 856 3025 908 ³⁵.
3058 874 3076 908 ›
3103 887 3174 896 —
3209 876 3226 908 ι
3261 857 3596 914 Circumcidi

2012 941 2125 996 Deo
2163 949 2219 996 et
2259 942 2588 998 circumcidi
2639 943 2695 998 in
2737 946 3012 1015 praeputio
3064 947 3248 1003 cordis
3275 951 3446 1004 vestri
3471 951 3536 1007 ³⁸.
3571 970 3590 1003 ι

2007 1061 2081 1072 -
2112 1051 2130 1083 ‹
2163 1033 2268 1088 Per
2302 1033 2480 1103 legem
2526 1033 2674 1088 enim
2723 1035 2972 1104 cognitio
3018 1038 3268 1105 peccati;
3313 1054 3464 1094 nunc
3499 1041 3594 1111 ju-

2010 1121 2161 1178 stitia
2199 1125 2294 1179 Dei
2330 1125 2680 1180 manifestata
2710 1135 2794 1181 est
2826 1127 3119 1182 testiﬁcata
3155 1146 3186 1183 a
3232 1130 3352 1200 lege
3384 1140 3439 1185 et
3467 1148 3595 1202 pro-

2007 1213 2230 1286 phetis;
2274 1217 2493 1287 justitia
2541 1226 2726 1272 autem
2775 1219 2870 1273 Dei
2908 1235 3006 1288 per
3040 1221 3201 1275 ﬁdem
3232 1221 3358 1276 Jesu
3384 1223 3590 1279 Christi

2007 1305 2065 1359 in
2101 1320 2294 1361 omnes
2329 1316 2386 1361 et
2415 1322 2584 1377 super
2620 1322 2812 1362 omnes
2857 1308 3187 1374 credentes;
3218 1311 3591 1381 justiﬁcamur

2005 1397 2176 1465 gratis
2214 1397 2334 1468 ejus
2385 1399 2563 1469 gratia
2618 1414 2719 1467 per
2769 1398 3211 1470 redemptionem
3262 1401 3320 1456 in
3367 1403 3590 1460 Christo

2002 1486 2134 1542 Jesu
2154 1489 2217 1543 ³’.
2259 1508 2278 1541 ι

2082 1738 2101 1772 ι
2161 1720 2516 1776 Arbitramur
2571 1738 2706 1794 ergo
2775 1721 2883 1780 ﬁde
2948 1720 3243 1796 justiﬁcari
3304 1725 3585 1784 hominem

2000 1813 2212 1883 absque
2269 1814 2534 1883 operibus
2593 1816 2728 1886 legis
2752 1816 2817 1869 ³⁸.
2877 1835 2895 1867 ι
2953 1817 3140 1883 Quid?
3195 1835 3214 1870 ι
3267 1819 3582 1875 Iudaeorum

323 1935 433 1980 νον,
465 1918 587 1987 ούχὶ
630 1917 724 1970 καὶ
755 1918 965 1985 ἐθνῶν;
997 1919 1085 1971 ναὶ
1115 1919 1210 1973 καὶ
1258 1918 1427 1972 ἐθνῶν
1447 1934 1462 1949 ’
1494 1918 1728 1989 ἐπείπερ
1752 1914 1834 1982 εἷς
1865 1919 1891 1971 ὁ

2001 1912 2216 1958 tantum
2275 1905 2417 1959 Deus
2473 1913 2579 1970 est,
2629 1922 2739 1960 non
2788 1906 2955 1962 etiam
3003 1908 3292 1979 gentium?
3329 1921 3481 1966 certe
3526 1922 3584 1968 et

318 2007 450 2071 Feb;
485 2007 543 2071 ὃς
573 2007 856 2062 δικαιώσει
895 2009 1202 2081 περιτομὴν
1237 2011 1301 2064 ἐκ
1335 2011 1573 2074 πίστεως
1600 2012 1692 2064 καὶ
1727 2011 1895 2082 ἀκρο-

316 2100 540 2152 ευστίαν
590 2100 679 2153 διὰ
725 2100 1000 2165 πίστεως·
1032 2102 1110 2164 ὡς
1152 2102 1319 2173 νόμον
1363 2103 1456 2156 οὖν
1507 2102 1896 2174 καταργοῦμεν

313 2189 403 2244 διὰ
434 2191 533 2260 τῆς
565 2192 806 2256 πίστεως
832 2208 848 2258 ;
873 2190 948 2262 μὴ
973 2191 1206 2259 γένοιτο,
1227 2191 1362 2245 ἀλλὰ
1391 2192 1556 2262 νόμον
1587 2191 1842 2260 ἱστῶμεν.
1871 2208 1889 2242 ι

310 2313 381 2322 -
416 2301 435 2334 ι
461 2281 527 2334 Τί
553 2282 659 2353 γὰρ
693 2283 728 2353 ἡ
761 2283 954 2355 Γραφῆ
983 2282 1133 2352 λέγει
1157 2299 1172 2348 ;
1213 2283 1538 2337 Ἐπίστευσε
1563 2283 1620 2336 δὲ
1645 2282 1898 2354 Ἀϐραὰμ

310 2372 390 2444 τῷ
421 2371 561 2442 Θεῷ,
594 2374 691 2426 κα)⁸
720 2373 977 2444 ἐλογίσθη
1004 2374 1152 2446 αὐτῷ
1179 2376 1258 2438 είς
1289 2374 1658 2444 δικαιοσύνην.
1683 2393 1702 2426 ι
1733 2375 1895 2440 Λέγει

310 2467 423 2540 γὰρ
466 2466 495 2518 ὁ
534 2464 700 2518 Δαϐίδ
727 2482 743 2499 ·
773 2484 792 2518 t
813 2467 1092 2537 Μακάριοι
1135 2460 1211 2520 ῶν
1253 2467 1534 2538 ἀφέθησαν
1564 2467 1620 2519 αἱ
1649 2465 1892 2535 ἀνομίαι,

313 2560 413 2609 καὶ
459 2552 533 2609 ὦ)
593 2556 1069 2627 ἀπεκαλύφθησαν
1121 2559 1178 2612 αί
1231 2558 1544 2630 ἁμαρτίαιο
1623 2556 1894 2626 μακάριος

317 2649 481 2722 ἀνὴρ,
520 2642 565 2718 ᾧ
601 2649 664 2704 ού
711 2649 788 2722 μὴ
833 2651 1122 2720 λογίσηται
1172 2651 1378 2723 Κύριος
1432 2651 1728 2724 ἁμαρτίαν.
1769 2668 1788 2702 ι
1823 2677 1892 2689 -

320 2757 341 2791 ε
379 2739 438 2790 '0
469 2747 656 2810 νόμος,
695 2741 851 2811 φησὶ,
894 2745 1008 2805 τοῖς
1051 2744 1428 2814 ἁμαρτάνουσι
1475 2743 1576 2814 τὴν
1621 2743 1894 2814 τιμωρίαν

311 2830 510 2898 ἐπάγει
535 2846 550 2861 ·
590 2849 610 2884 ι
638 2831 741 2884 όδὲ
773 2833 1059 2903 προφήτης
1098 2831 1396 2904 μακαρίζει
1422 2834 1547 2896 τοὺς
1576 2833 1685 2885 τῶν
1714 2833 1884 2904 ἁμαρ-

309 2922 578 2990 τημάτων
613 2921 942 2993 δεξαμένους
972 2925 1072 2994 τὴν
1100 2925 1326 2993 ἄφεσινο
1358 2926 1387 2977 ό
1421 2925 1770 2994 μακαρισμὸς
1801 2922 1894 2976 οῦν

309 3006 465 3074 οὗτος
505 3014 600 3064 ἐπὶ
641 3013 738 3083 τῆν
787 3016 1094 3087 περιτομὴν
1138 3016 1170 3086 ἢ
1218 3015 1313 3069 ἐπὶ
1344 3017 1443 3088 τὴν
1487 3015 1890 3086 άκροϐυστίαν;

311 3104 548 3174 λέγομεν
578 3105 661 3158 ὅτι
691 3091 963 3176 ’ἐλογίσθη
1008 3107 1086 3177 τῷ
1127 3106 1381 3178 Ἀϐραὰμ
1421 3109 1454 3179 ἡ
1489 3108 1676 3170 πίστις
1705 3107 1786 3170 είς
1814 3106 1896 3159 δι-

313 3193 628 3264 καιοσύνηδ·
651 3195 768 3259 πῶς
797 3192 890 3249 οὖν
911 3197 1185 3268 ἐλογίσθη,
1216 3198 1274 3250 ἐν
1300 3200 1570 3269 περιτομῇ
1601 3197 1737 3262 δντι,
1767 3197 1800 3267 ἢ
1833 3199 1892 3250 ἐν

1997 1996 2282 2066 gentium;
2315 1995 2576 2064 quoniam
2609 2013 2754 2052 unus
2803 1999 2951 2053 Deus
2991 2000 3085 2068 qui
3113 2000 3439 2070 justiﬁcabit
3470 2003 3584 2056 cir-

1997 2087 2392 2142 cumcisionem
2449 2103 2516 2142 ex
2570 2088 2677 2143 ﬁde
2727 2098 2783 2143 et
2845 2091 3178 2160 praeputium
3234 2108 3334 2163 per
3391 2094 3578 2149 ﬁdem.

1997 2175 2196 2246 Legem
2222 2191 2355 2246 ergo
2385 2174 2729 2231 destruimus
2749 2193 2849 2247 per
2877 2177 3079 2232 ﬁdem?
3101 2180 3264 2245 absit,
3284 2181 3379 2237 sed
3403 2183 3579 2253 legem

1997 2268 2295 2322 statuimus
2316 2269 2383 2321 ³⁹.
2420 2285 2439 2319 ι
2491 2297 2563 2308 ——
2614 2287 2633 2320 ι
2666 2268 2810 2335 Quid
2860 2271 3010 2325 enim
3065 2270 3351 2343 Scriptura
3402 2275 3581 2330 dicit?

1995 2359 2248 2415 Credidit
2301 2361 2582 2416 Abraham
2630 2362 2744 2417 Deo
2795 2371 2851 2418 et
2901 2373 3217 2434 reputatum
3269 2375 3356 2422 est
3397 2367 3476 2423 illi
3521 2369 3576 2424 in

1990 2451 2264 2522 justitiam
2281 2454 2362 2519 ⁸ος
2401 2473 2420 2506 ι
2455 2453 2592 2510 dicit
2634 2455 2785 2509 enim
2837 2456 3051 2511 David:
3097 2477 3116 2509 ‹
3155 2459 3307 2514 Beati
3340 2477 3575 2532 quorum

1995 2543 2241 2600 remissae
2284 2555 2416 2601 sunt
2469 2545 2820 2617 iniquitates,
2864 2559 2921 2604 et
2960 2563 3201 2620 quorum
3250 2560 3393 2607 tecta
3447 2565 3576 2609 sunt

1995 2636 2480 2705 peccata;beatus
2525 2640 2633 2706 vir,
2676 2639 2766 2696 cui
2815 2654 2926 2696 non
2975 2639 3271 2712 imputabit
3307 2643 3575 2703 Dominus

1994 2741 2281 2800 peccatum
2302 2733 2369 2788 δ’.
2401 2754 2419 2787 ι
2449 2765 2520 2775 —
2549 2755 2568 2788 ι
2593 2736 2723 2804 Lex,
2750 2737 2952 2808 inquit,
2983 2742 3344 2810 peccantibus
3363 2743 3577 2813 suppli-

1994 2823 2140 2878 cium
2171 2825 2364 2894 aﬁ'ert;
2404 2847 2421 2879 ι
2469 2829 2747 2899 Propheta
2803 2840 2986 2886 autem
3046 2831 3238 2887 beatos
3291 2832 3430 2889 dicit
3478 2836 3572 2905 qui

1993 2924 2348 2986 peccatorum
2395 2931 2730 2991 receperunt
2776 2925 3182 2981 remissionem.
3230 2925 3356 2981 Haec
3404 2916 3574 2998 igitur

1995 3008 2282 3065 beatitudo
2335 3013 2392 3067 in
2442 3013 2920 3071 circumcisionem
2969 3032 3038 3072 an
3102 3017 3158 3072 in
3205 3019 3574 3088 praeputium?

1994 3097 2240 3155 Dicimus
2256 3101 2492 3157 Abrahze
2512 3112 2821 3173 reputatam
2849 3120 2969 3160 esse
3001 3104 3164 3158 ﬁdem
3190 3106 3244 3160 in
3264 3107 3568 3176 justitiam;

1994 3192 2273 3262 quomodo
2302 3208 2436 3264 ergo
2461 3203 2718 3266 reputata
2744 3205 2850 3260 est,
2884 3197 2940 3250 in
2975 3196 3398 3255 circumcisione
3415 3217 3482 3255 an
3515 3201 3570 3256 in

312 3289 650 3361 ἀκροϐυστία
677 3306 692 3355 ;
718 3289 877 3359 δῆλον
900 3289 1000 3343 οὐκ
1029 3291 1087 3344 ἐν
1107 3293 1402 3362 περιτομῇ,
1433 3290 1548 3344 ἀλλ’
1570 3292 1627 3344 ἐν
1649 3289 1891 3360 ἀκροϐυ-

1995 3285 2300 3354 praeputio?
2325 3285 2566 3341 Evidens
2611 3296 2714 3350 est,
2750 3303 2861 3342 non
2895 3288 2951 3343 in
2991 3289 3435 3356 circumcisione,
3473 3293 3570 3348 sed

314 3384 438 3453 στία
461 3397 475 3411 ·
498 3383 593 3434 καὶ
618 3383 846 3451 σημεῖον
879 3380 1039 3433 ἔλαϐε
1070 3381 1375 3452 περιτομῆς
1395 3379 1665 3450 σφραγίδα
1688 3380 1786 3448 τῆς
1813 3380 1894 3432 δι·

312 3471 605 3544 καιοσύνης
631 3474 731 3543 τῆς
763 3471 1002 3537 πίστεως
1038 3473 1142 3542 τῆς
1177 3474 1234 3526 ἐν
1260 3475 1325 3544 τῇ
1344 3472 1683 3544 ἀκροϐυστία
1711 3472 1791 3534 εἰς
1829 3471 1892 3524 τὸ

311 3560 452 3618 εἶναι
476 3565 638 3618 αὑτὸν
662 3565 878 3635 πατέρα
900 3565 1122 3619 πάντων
1141 3563 1250 3616 τῶν
1271 3565 1632 3618 πιστευόντων
1650 3561 1716 3615 δι’
1730 3563 1895 3636 ἀκρο-

312 3657 560 3721 ϐυστίας,
593 3658 674 3721 εἰς
706 3657 766 3711 τὸ
791 3657 1111 3727 λογισθῆναι
1138 3658 1232 3710 καὶ
1263 3657 1449 3721 αὐτοῖς
1483 3657 1582 3726 τὴν
1612 3654 1891 3710 δικαιοσύ-

311 3764 444 3818 νην·
475 3750 577 3803 καὶ
608 3749 823 3820 πατέρα
853 3749 1164 3819 περιτομῆς
1198 3749 1258 3800 ού
1294 3751 1409 3811 τοῖς
1464 3749 1528 3801 ἐκ
1583 3748 1891 3817 περιτομῆς

313 3841 496 3908 μόνον,
529 3840 666 3894 ἀλλὰ
709 3841 806 3894 καὶ
845 3844 957 3904 τοῖς
989 3839 1261 3909 στοιχοῦσι
1295 3843 1409 3902 τοῖς
1458 3840 1629 3910 ἴχνεσι
1665 3838 1766 3909 τῆς
1795 3836 1889 3889 πί-

311 3948 505 4000 στεως,
556 3936 668 3995 τοῖς
728 3934 788 3985 ἐν
830 3937 896 4003 τῇ
951 3933 1288 4004 ἀκροϐυστίᾳ
1331 3931 1427 3984 τοῦ
1476 3931 1683 4002 πατρὸς
1730 3929 1887 4001 ὑμῶν

321 4027 572 4097 Ἀϐραάμ
589 4045 601 4059 ’
622 4029 682 4081 ού
701 4027 813 4099 γὰρ
828 4027 916 4081 διὰ
933 4027 1098 4098 νόμου
1119 4027 1154 4097 ὴ
1180 4024 1482 4094 ἐπαγγελία
1502 4023 1581 4095 τῷ
1610 4021 1882 4094 Ἀϐραὰμ,

305 4121 340 4192 ἢ
374 4122 451 4193 τῷ
487 4123 765 4192 σπέρματι
795 4121 991 4184 αὑτοῦ,
1022 4121 1082 4174 τὺ
1119 4118 1456 4190 κληρονόμος
1482 4112 1618 4171 εἶναι
1649 4117 1880 4187 κόσμου,

305 4211 446 4265 ἀλλὰ
477 4213 824 4285 δικαιοσύνης
847 4213 1086 4276 πίστεως
1105 4228 1118 4243 ⁸
1148 4212 1177 4265 ὁ
1205 4212 1316 4284 γὰρ
1354 4212 1517 4280 νόμος
1541 4207 1710 4280 ὀργὴν
1746 4225 1884 4261 κατ-

305 4305 635 4375 εργάζεται·
671 4304 792 4366 ἐθος
839 4305 949 4376 γὰρ
993 4303 1072 4373 τῷ
1106 4303 1255 4374 νόμῳ
1320 4301 1574 4366 κολάζειν
1621 4300 1746 4361 τοὺς
1777 4316 1884 4351 πα-

303 4394 668 4462 ραϐαίνοντας
690 4411 704 4425 °
736 4389 798 4448 οῦ
827 4396 935 4466 γὰρ
964 4395 1066 4447 ούκ
1110 4393 1227 4446 ἔστι
1257 4393 1442 4462 νόμος,
1469 4391 1590 4445 ούδέ
1622 4390 1879 4462 παράϐα-

303 4502 421 4548 σις’
453 4486 540 4540 διὰ
569 4488 726 4540 τοῦτο
754 4490 816 4540 ἐκ
848 4488 1106 4549 πίστεως,
1136 4485 1226 4538 ἵνα
1250 4485 1393 4538 κατὰ
1421 4483 1582 4554 χάριν
1613 4478 1670 4558 ᾗ,
1702 4483 1783 4542 είς
1817 4480 1877 4534 τὸ

1997 3379 2052 3433 in
2078 3381 2372 3449 praeputio.
2414 3381 2482 3436 Et
2516 3382 2733 3452 signum
2772 3383 2980 3452 recepit
3025 3382 3468 3440 circumcisionis
3497 3383 3573 3440 si-

1995 3473 2289 3542 gnaculum
2319 3473 2550 3544 iustitia:
2599 3474 2724 3530 ﬁdei
2754 3491 2875 3544 qua:
2905 3484 3024 3531 erat
3066 3476 3123 3530 in
3180 3477 3474 3547 prazputio,
3509 3486 3569 3532 ut

1992 3571 2141 3617 esset
2178 3573 2339 3633 pater
2385 3565 2630 3619 omnium
2683 3566 3028 3623 credentium
3079 3583 3147 3622 ex
3182 3569 3475 3638 praeputio,
3510 3582 3569 3624 ut

1993 3663 2282 3723 repuletur
2328 3665 2387 3712 et
2426 3657 2509 3712 eis
2562 3657 2617 3712 in
2655 3657 2949 3729 justitiam,
2985 3667 3042 3713 et
3070 3667 3228 3729 pater
3273 3661 3567 3717 circumci-

1991 3743 2163 3800 sionis
2193 3762 2303 3801 non
2333 3747 2420 3803 his
2447 3748 2541 3818 qui
2575 3757 2705 3803 sunt
2749 3764 2818 3803 ex
2865 3750 3291 3805 circumcisione
3327 3761 3562 3819 tantum,

1990 3837 2085 3891 Sed
2113 3838 2280 3893 etiam
2312 3839 2400 3895 his
2426 3842 2518 3911 qui
2551 3849 2861 3911 sequuntur
2893 3841 3121 3912 vestigia
3153 3842 3304 3907 ﬁdei,
3345 3845 3399 3898 in
3423 3862 3563 3916 prte-

1985 3931 2143 3997 putio
2201 3934 2372 4002 patris
2417 3935 2586 3989 vestri
2629 3935 2885 3990 Abrahm.
2921 3936 3040 3990 Non
3073 3937 3221 3992 enim
3251 3953 3351 4008 per
3385 3940 3562 4011 legem

1985 4020 2281 4090 promissio
2303 4023 2535 4080 Abrahae
2574 4034 2669 4079 aut
2719 4026 2917 4080 semini
2964 4027 3105 4095 ejus,
3136 4027 3408 4082 ha-redem
3441 4045 3561 4086 esse

1985 4114 2200 4180 mundi,
2227 4115 2326 4170 sed
2364 4132 2467 4186 per
2486 4117 2759 4187 justitiam
2785 4116 2909 4172 ﬁdei
2934 4134 2948 4183 ;
2974 4117 3058 4172 lex
3092 4118 3240 4172 enim
3268 4118 3405 4172 iram
3431 4136 3560 4189 ope-

1985 4215 2159 4274 ratur,
2186 4222 2384 4279 nempe
2409 4224 2528 4263 mos
2555 4217 2642 4263 est
2679 4209 2814 4279 legis
2863 4209 3058 4278 punire
3098 4217 3555 4281 transgressores.

1983 4298 2090 4354 Ubi
2115 4302 2263 4354 enim
2303 4316 2414 4356 non
2459 4310 2542 4356 est
2586 4303 2694 4365 lex.
2739 4319 2848 4356 non
2893 4313 2976 4357 est
3011 4303 3405 4373 transgressio;
3435 4303 3557 4359 ideo

1981 4406 2046 4445 ex
2081 4391 2210 4456 ﬁde,
2242 4402 2303 4447 ut
2328 4393 2629 4448 secundum
2669 4395 2897 4466 gratiam
2945 4395 3038 4452 sit.
3087 4403 3146 4449 ut
3199 4393 3357 4449 ﬁeret
3401 4396 3554 4452 ﬁrma

1983 4484 2280 4553 promissio
2319 4485 2470 4540 omni
2503 4487 2722 4552 semini,
2760 4502 2869 4540 non
2923 4486 3099 4541 solum
3145 4487 3291 4557 quod
3330 4503 3397 4542 ex
3437 4488 3554 4560 lege

303 4571 442 4630 εἶναι
468 4577 691 4647 βεϐαίαν
714 4579 812 4648 τὴν
839 4578 1175 4646 ἐπαγγελίαν
1205 4577 1369 4629 παντὶ
1384 4575 1462 4645 τῷ
1494 4575 1790 4645 σπέρματι,
1812 4574 1872 4626 ού

1993 4584 2083 4639 ast,
2139 4575 2236 4630 sed
2282 4575 2428 4645 quod
2468 4587 2555 4631 est
2599 4592 2668 4631 ex
2699 4575 2805 4630 ﬁde
2844 4575 3098 4640 Abrahae,
3128 4577 3221 4646 qui
3263 4587 3348 4632 est
3397 4585 3552 4647 pater

299 4665 380 4736 τῷ
398 4667 461 4719 ἐκ
482 4667 644 4737 νόμου
677 4667 855 4737 μόνον,
879 4667 1016 4720 ἀλλὰ
1033 4667 1126 4719 καὶ
1155 4665 1234 4736 τῷ
1264 4666 1328 4718 ἐκ
1348 4663 1581 4727 πίστεως
1599 4663 1868 4735 Ἀϐραὰμ,

299 4760 358 4820 ὃς
383 4761 498 4811 ἐστι
539 4760 727 4829 πατὴρ
755 4758 975 4812 πάντων
1008 4758 1187 4828 ἡμῶν,
1219 4754 1404 4819 καθὼς
1422 4756 1754 4827 γέγραπται,
1789 4755 1871 4808 ὃτι

299 4849 521 4921 Πατέρα
575 4849 788 4901 πολλῶν
827 4849 994 4902 ἐθνῶν
1033 4848 1254 4902 τέθεικά
1314 4863 1407 4904 σε·
1463 4846 1750 4900 κατέναντι
1810 4837 1871 4898 οῦ

297 4943 587 4996 ἐπίστευσε
623 4940 760 4994 Θεοῦ
802 4940 897 4993 τοῦ
939 4939 1330 5004 ζωοποιοῦντος
1355 4939 1482 5001 τοὺς
1521 4938 1748 5008 νεκροὺς
1778 4937 1873 4989 καὶ

297 5033 593 5098 λαλοῦντος
624 5034 692 5087 τὰ
730 5034 804 5105 μὴ
834 5033 964 5086 δντα
991 5033 1066 5095 ὠς
1097 5032 1226 5086 ὅντα
1249 5048 1262 5061 ·
1291 5030 1352 5092 ὃς
1383 5031 1514 5100 παρ’
1540 5029 1753 5092 ἐλπίδα,
1785 5030 1871 5081 ἐπ’

1979 4665 2224 4719 omnium
2252 4673 2526 4730 nostrum,
2548 4667 2692 4722 sicut
2718 4669 2984 4737 scriptum
3026 4677 3111 4722 est
3135 4685 3149 4723 :
3174 4669 3387 4722 Patrem
3414 4671 3554 4724 mul-

1981 4761 2162 4809 tarum
2204 4757 2449 4825 gentium
2475 4758 2632 4826 posui
2667 4767 2756 4823 te;
2803 4769 3091 4828 propterea
3139 4757 3284 4828 quod
3313 4759 3552 4814 credidit

1981 4845 2154 4900 Deum
2186 4847 2278 4915 qui
2309 4847 2548 4902 viviﬁcat
2585 4855 2832 4902 mortuos
2873 4857 2928 4902 et
2972 4857 3136 4902 vocat
3184 4865 3246 4903 ea
3289 4865 3410 4919 quae
3438 4866 3548 4904 non

1982 4947 2111 4994 sunt
2146 4948 2405 5009 tanquam
2444 4940 2593 5006 sint;
2633 4940 2724 5010 qui
2756 4949 2948 4995 contra
2994 4956 3170 5010 spem,
3209 4941 3264 4994 in
3300 4957 3394 5011 spe
3432 4959 3549 4999 cre-

1978 5028 2139 5092 didit,
2172 5036 2233 5082 ut
2260 5028 2414 5083 ﬁeret
2443 5035 2598 5097 pater
2624 5029 2919 5082 multarum
2943 5029 3211 5098 gentium,
3244 5031 3544 5086 secundum

296 5125 473 5178 ἐλπίδι
518 5126 863 5187 ἐπίστευσεν,
904 5125 982 5187 εἰς
1031 5123 1092 5177 τὺ
1134 5121 1388 5191 γενέσθαι
1440 5120 1603 5175 αὑτὸν
1654 5121 1869 5190 πατέρα

1993 5122 2125 5190 ιιιοᾶ
2159 5121 2365 5175 dictum
2401 5130 2521 5176 est:
2567 5121 2658 5175 Sic
2683 5123 2792 5175 erit
2817 5129 2874 5176 ct
2908 5121 3102 5192 semini
3139 5133 3272 5184 tuo;
3303 5123 3397 5192 qui
3436 5141 3543 5177 non

295 5215 511 5267 πολλῶν
558 5215 752 5278 ἐθνῶν,
787 5213 1008 5268 κατὰτὸ
1042 5211 1356 5283 εἰρημένον,
1385 5209 1573 5274 Οὕτως
1605 5210 1757 5264 ἔσται
1791 5209 1866 5280 τῷ

1995 5211 2282 5265 nﬁrmatus
2330 5211 2385 5265 in
2435 5211 2560 5273 ﬁde,
2593 5227 2704 5264 non
2738 5211 3109 5266 consideravit
3143 5228 3344 5282 corpus
3383 5227 3542 5267 suum

297 5305 576 5375 σπέρματί
618 5321 743 5358 σοῦ’
790 5306 886 5358 καὶ
928 5305 1002 5374 μὴ
1061 5303 1369 5373 ἀσθενήσας
1416 5304 1483 5371 τῇ
1545 5299 1744 5362 πίστει,
1805 5301 1865 5352 ού

1993 5318 2073 5355 am
2120 5313 2453 5365 emortuum,
2479 5310 2702 5356 centum
2730 5303 2839 5372 jam
2879 5318 3053 5356 annos
3075 5312 3255 5368 natus,
3278 5312 3332 5358 et
3363 5321 3541 5358 emor-

293 5397 593 5466 κατενόησε
638 5399 702 5449 τδ
751 5395 918 5449 αὑτοῦ
952 5395 1112 5466 σῶμα
1141 5394 1243 5465 ήδη
1271 5392 1704 5463 νενεκρωμένον,
1737 5393 1867 5445 ἐκα-

1969 5401 2116 5447 tuam
2139 5393 2354 5447 vulvam
2376 5393 2554 5460 Sane;
2580 5394 2632 5448 in
2661 5395 3081 5463 promissionem
3107 5406 3286 5450 autem
3308 5397 3404 5451 Dei
3431 5414 3539 5452 non

290 5486 590 5556 τονταέτης
640 5503 745 5539 που
798 5485 1103 5556 τυγχάνων,
1151 5485 1248 5538 καὶ
1297 5482 1397 5554 τὴν
1439 5485 1707 5554 νέκρωσιν
1763 5483 1866 5555 τῆς

1993 5484 2238 5538 iaesitavit
2281 5482 2604 5549 difﬁdentia,
2649 5485 2744 5540 sed
2774 5486 3114 5542 confortatus
3144 5497 3227 5542 est
3262 5489 3366 5543 ﬁde
3404 5489 3541 5544 dans

295 5576 514 5649 μήτρας
546 5575 791 5650 Σάρρας·
821 5577 902 5639 είς
934 5575 991 5628 δέ
1022 5575 1121 5647 τὴν
1148 5573 1486 5643 ἐπαγγελίαν
1514 5573 1608 5627 τοῦ
1637 5572 1772 5626 Θεοῦ
1799 5574 1860 5626 ού

1993 5575 2197 5635 :loriam
2242 5575 2377 5639 Deo,
2430 5575 2753 5646 plenissime
2796 5579 2977 5634 sciens
3024 5581 3152 5650 quia
3197 5597 3538 5651 quzecunque

366 5803 409 5834 ⁸³
443 5802 644 5857 Jerem.
676 5815 749 5862 Ix,
788 5799 878 5855 26.
954 5798 998 5830 “
1036 5797 1236 5853 Jerem.
1277 5813 1349 5861 iv,
1395 5795 1450 5851 «ί.
1527 5797 1567 5828 ’τ
1600 5796 1755 5852 Rom.
1788 5812 1866 5862 ιιι,
1905 5794 2094 5851 20-22.

291 5871 340 5907 ιι
375 5844 523 5928 Ρεῖιῖξ
537 5844 867 5937 Tini-l3.

2205 5799 2250 5831 ⁸⁵
2273 5797 2412 5853 Ibid.
2436 5795 2526 5855 28.
2639 5802 2682 5834 ”
2707 5799 2844 5856 Ibid.
2864 5801 3057 5857 29-51.
3137 5804 3180 5834 ⁸⁸³
3205 5805 3360 5860 Rom.
3388 5803 3533 5863 Iv.5.
