4072 6582
580 482 720 548 1255

1786 473 1847 536 S.
1889 470 2289 537 ANASTASII
2323 469 2651 533 ΞῙΝΛΙΤιΕ

3688 469 3814 536 1256

573 589 833 663 promisit
881 595 1079 657 potens
1106 594 1190 641 est
1237 592 1294 640 et
1334 583 1550 653 facere;
1578 584 1710 641 ideo
1739 592 1798 641 et
1834 594 2150 656 reputatum

2267 585 2501 655 Ξιεκρίθη
2546 585 2613 655 τῇ
2659 584 2909 657 ἀπιστίᾳ,
2951 585 3068 640 ἀλλ’
3111 586 3496 658 ἐνεδυναμώθη
3531 589 3598 659 τῇ
3643 590 3815 643 πίστει

576 689 663 738 est
689 679 771 736 illi
813 680 869 734 in
892 678 1165 749 justitiam
1184 678 1253 732 δ’.
1280 690 1305 730 ἰ

653 976 673 1008 ι
696 955 815 1009 Νοη
838 950 1309 1020 autemscriptum
1340 958 1427 1007 est
1450 960 1663 1006 tantum
1688 959 1915 1022 propter
1949 953 2150 1022 ipsum,

577 1046 707 1117 quia
726 1052 1041 1113 reputatum
1056 1050 1141 1096 est
1158 1041 1208 1095 ei
1228 1042 1284 1094 in
1298 1042 1591 1111 justitiam,
1608 1038 1703 1096 sed
1717 1052 1770 1095 et
1791 1050 2018 1112 propter
2030 1058 2150 1105 nos,

578 1138 780 1209 quibus
825 1136 1176 1205 reputabitur
1214 1134 1575 1188 credentibus
1608 1134 1665 1187 in
1690 1149 1816 1188 eum
1851 1135 1945 1204 qui
1975 1135 2155 1189 susci-

578 1228 714 1281 tavit
753 1227 940 1281 Jesum
991 1223 1273 1279 Christum
1321 1224 1614 1278 Dominum
1658 1235 1907 1279 nostrum
1940 1241 1971 1280 a
2009 1222 2155 1279 inor-

580 1318 770 1374 tuis“.
808 1336 828 1370 ι
874 1344 944 1357 --
977 1336 994 1368 ι
1031 1316 1151 1371 Non
1179 1317 1326 1371 enim
1373 1330 1565 1373 omnes
1597 1318 1690 1387 qui
1725 1332 1791 1372 ex
1822 1319 1989 1373 Israel
2028 1325 2158 1373 sunt

584 1422 775 1463 semen
799 1407 1051 1467 Abrahae,
1080 1406 1176 1461 sed
1208 1406 1437 1461 virtutis
1459 1408 1658 1476 quaerit
1688 1408 1834 1463 Deus
1874 1409 2157 1479 cognatio-

578 1514 727 1565 nem,
758 1513 937 1567 neque
968 1496 1098 1566 quia
1144 1506 1275 1551 sunt
1319 1512 1508 1551 semen
1537 1498 1775 1552 Abrahae
1794 1538 1809 1562 ,
1838 1510 2031 1554 omnes
2060 1498 2157 1554 ﬁlii

577 1591 701 1654 Dei,
731 1589 826 1643 sed
857 1589 912 1641 in
948 1588 1101 1641 lsaac
1134 1586 1427 1641 vocabitur
1466 1587 1568 1641 tibi
1593 1602 1779 1643 semen
1809 1606 1823 1653 ;
1856 1588 1910 1642 id
1940 1598 2026 1644 est
2046 1604 2157 1643 non

580 1680 681 1736 ﬁlii
726 1678 929 1742 carnis,
962 1678 1019 1731 hi
1070 1677 1169 1732 ﬁlii
1218 1687 1349 1732 sunt
1376 1678 1496 1743 Dei,
1524 1679 1618 1733 sed
1652 1679 1750 1734 ﬁlii
1778 1681 2160 1750 promissionis

580 1780 907 1841 reputantur
937 1770 994 1825 in
1024 1784 1212 1824 semen
1228 1769 1293 1821 “.
1328 1788 1346 1819 ι
1385 1769 1535 1824 δοται
1564 1768 1707 1825 ﬁlios
1745 1778 1903 1825 vocat
1934 1771 2030 1841 qui
2067 1787 2159 1826 se-

2252 674 2378 738 δοὺς
2408 674 2565 741 δόξαν
2597 673 2675 744 τῷ
2698 673 2822 745 Θεῷ
2842 691 2855 704 ⁸
2889 675 2983 728 καὶ
3012 676 3446 747 πληροφορηθεὶς
3477 679 3560 732 ὅτι
3592 678 3619 732 ὃ
3651 680 3815 749 ἐπήγ-

2251 767 2443 836 γελται
2468 766 2690 830 δυνατός
2727 767 2844 820 ἐστι
2885 768 2982 820 καὶ
3012 769 3239 838 ποιῆσαι
3260 784 3273 799 ·
3308 770 3390 823 διὸ
3436 771 3533 824 καὶ
3577 772 3814 845 ἐλογίσθη

2252 858 2401 929 αύτῷ
2431 860 2510 920 είς
2541 856 2913 927 δικαιοσύνην.
2930 876 2949 909 ι

2329 969 2348 1002 ι
2376 952 2491 1003 οὐκ
2540 951 2757 1021 ἐγράφη
2813 952 2869 1004 δὲ
2921 952 3002 1014 είς
3048 950 3210 1005 αὑτὸν
3246 951 3427 1021 μόνον,
3452 956 3534 1007 ὅτι
3580 955 3816 1028 ἐλογίσθη

2253 1043 2402 1113 αύτῷ
2431 1044 2512 1105 είς
2543 1040 2916 1112 δικαιοσύνην,
2944 1043 3082 1096 ἀλλὰ
3104 1044 3197 1096 καὶ
3229 1044 3295 1096 δι’
3343 1047 3509 1115 ἡμᾶς.
3535 1040 3616 1109 οἷς
3649 1048 3818 1116 μέλλει

2252 1130 2567 1200 λογίζεσθαι
2600 1133 2715 1194 τοῖς
2767 1130 3119 1185 πιστεύουσιν
3162 1133 3255 1185 ἐπὶ
3295 1134 3388 1186 τὸν
3425 1135 3710 1205 ἐγείραντα
3738 1138 3819 1190 τὸν

2256 1223 2465 1297 Κύριον
2496 1225 2656 1296 ἡμῶν
2694 1225 2906 1294 Ἰησοῦν
2936 1224 3171 1294 Χριστὸν
3206 1227 3269 1278 ἐκ
3297 1226 3527 1296 νεκρῶν.
3571 1245 3590 1278 ι
3615 1257 3683 1269 -
3703 1246 3719 1278 ι
3748 1230 3815 1282 Οὗ

2254 1320 2365 1391 γὰρ
2410 1318 2611 1382 πάντες
2657 1318 2708 1371 οί
2743 1317 2803 1384 ἐξ
2850 1318 3068 1389 Ἰσραὴλ
3116 1319 3337 1389 σπέρμα
3385 1318 3662 1388 Ἀϐραὰμ,
3692 1319 3812 1373 ἀλλὰ

2255 1412 2353 1481 τῆς
2382 1411 2587 1481 ἀρετῆς
2617 1410 2872 1480 ἐπιζητεῖ
2908 1410 3006 1481 τὴν
3044 1412 3365 1478 συγγένειαν
3387 1424 3402 1439 ο
3437 1410 3550 1462 οὐδ’
3595 1410 3675 1463 ὅτι
3727 1412 3819 1463 είσὶ

2258 1504 2479 1573 σπέρμα
2512 1503 2785 1573 Ἀϐραὰμ.
2820 1502 3020 1565 πάντες
3046 1502 3215 1555 τέκνα
3232 1500 3388 1563 Θεοῦ,
3422 1500 3541 1554 ἀλλ’
3572 1502 3629 1554 ἐν
3656 1502 3821 1554 Ἰσαὰκ

2257 1592 2588 1663 κληθήσεταί
2632 1610 2715 1645 σοι
2752 1593 2998 1662 σπέρμα,
3032 1592 3337 1655 τουτέστιν,
3365 1591 3427 1645 οὐ
3452 1590 3524 1644 τὰ
3554 1592 3715 1645 τέκνα
3736 1594 3820 1663 τῆς

2259 1686 2481 1756 σαρκὸς,
2514 1685 2691 1739 ταῦτα
2736 1686 2903 1737 τέκνα
2937 1684 3029 1737 τοῦ
3081 1685 3237 1749 Θεοῦ,
3274 1684 3412 1738 ἀλλὰ
3453 1686 3521 1738 τὰ
3550 1684 3710 1738 τέκνα
3736 1686 3822 1755 τῆς

2259 1776 2594 1845 ἐπαγγελίας
2619 1776 2892 1843 λογίζεται
2916 1778 2996 1838 είς
3018 1775 3260 1845 σπέρμα.
3293 1796 3311 1827 ι
3343 1775 3566 1846 Σάρῥας
3592 1776 3649 1828 δὲ
3676 1778 3821 1829 τέκνα

579 1861 827 1917 cundum
855 1869 1065 1915 natura:
1109 1859 1363 1914 ordinem
1413 1862 1529 1915 nati
1577 1872 1726 1926 sunt,
1772 1864 2160 1932 promissionis

2267 1870 2416 1923 καλεῖ
2442 1870 2510 1922 τὰ
2540 1868 2683 1921 κατὰ
2713 1867 2811 1939 τὴν
2844 1867 2945 1936 τῆς
2993 1868 3208 1936 φύσεως
3250 1866 3581 1921 ἀκολουθίαν
3615 1884 3823 1938 γεγενη⁴

579 1965 788 2018 autem,
831 1953 928 2022 qui
957 1951 1263 2007 secundum
1290 1952 1525 2022 gratiam
1556 1953 1683 2008 ﬁdei
1709 1954 1824 2008 dati
1850 1965 2000 2009 sunt.
2023 1956 2159 2010 Pro-

2267 1962 2433 2033 μέναο
2470 1934 2805 2028 ἐπαγγελίας
2833 1934 2910 2022 δὲ,
2942 1934 3015 2013 τὰῖ
3036 1959 3179 2012 κατὰ
3224 1962 3388 2029 χάριν
3445 1934 3824 2029 παρεσχημένα

580 2046 858 2101 missionis
889 2045 1039 2100 enim
1077 2044 1311 2098 verbum
1361 2044 1468 2098 hoc
1511 2052 1638 2098 est:
1684 2063 1703 2095 ι
1748 2046 2011 2101 Revertar
2053 2047 2161 2103 hoc

578 2139 776 2195 eodem
809 2146 1080 2206 tempore,
1109 2144 1166 2190 et
1203 2136 1312 2191 erit
1337 2136 1486 2191 Sane
1517 2136 1665 2192 ﬁlius
1684 2138 1729 2169 "
1752 2154 1769 2203 ;
1795 2157 1813 2189 ι
1832 2148 2027 2193 natura
2048 2155 2162 2194 ne-

578 2237 761 2301 gante,
803 2244 901 2298 per
955 2227 1206 2282 divinum
1259 2228 1611 2299 privilegium
1654 2228 1806 2284 visus
1851 2239 1936 2286 est
1982 2239 2160 2300 pater.

578 2321 691 2377 Cur
746 2334 877 2391 ergo
931 2318 1208 2391 gloriaris,
1239 2333 1273 2372 o
1304 2318 1517 2384 Judae,
1557 2320 1713 2389 quasi
1768 2321 1920 2376 solus
1972 2337 2162 2378 semen

578 2413 811 2468 Abrahae
856 2411 1187 2482 appelleris?
1218 2426 1346 2467 nam
1409 2419 1467 2466 et
1520 2412 1717 2468 Ismael
1774 2414 2008 2469 Abrahae
2044 2423 2163 2470 erat

581 2504 730 2559 ﬁlius
757 2513 814 2559 et
846 2503 1271 2575 primogenitus.
1303 2503 1460 2569 Quod
1491 2505 1537 2559 si
1568 2506 1855 2563 existimas
1905 2506 2072 2561 istum
2105 2513 2163 2561 ut

582 2596 949 2652 semiservum
998 2597 1237 2667 ejectum
1276 2612 1397 2651 esse
1429 2612 1460 2651 a
1492 2599 1854 2668 cognatione;
1898 2599 1994 2654 sed
2023 2598 2165 2653 Scri-

582 2696 759 2757 ptura:
797 2703 917 2743 mos
946 2697 1032 2743 est
1061 2704 1129 2743 ex
1158 2689 1411 2758 patribus
1437 2697 1494 2743 et
1519 2705 1632 2744 non
1664 2706 1731 2745 ex
1755 2692 2026 2746 matribus
2066 2707 2161 2762 ge-

580 2776 890 2851 nealogiam
941 2788 1149 2843 texere,
1200 2788 1257 2834 et
1298 2780 1392 2849 qui
1434 2796 1501 2834 ex
1547 2780 1793 2835 Chetura
1841 2783 1955 2835 nati
2012 2791 2162 2848 sunt,

580 2888 708 2927 cum
735 2880 883 2927 esset
912 2871 1112 2933 libera,
1151 2886 1343 2926 semen
1375 2872 1613 2927 Abrahae
1643 2888 1754 2927 non
1780 2874 2161 2943 appellantur;

581 2976 639 3021 et
662 2965 955 3019 duodecim
1000 2963 1144 3019 ﬁlios
1171 2964 1339 3019 Jacob
1373 2980 1404 3019 e
1447 2968 1617 3020 variis
1662 2966 1931 3021 matribus
1971 2967 2109 3031 nati,
2133 2983 2165 3022 e

583 3058 791 3129 quibus
816 3065 1059 3127 quatuor
1077 3057 1389 3125 semiservi,
1428 3067 1485 3112 et
1514 3058 1760 3113 universi
1787 3069 1969 3113 tamen
1999 3060 2164 3115 Israel

583 3149 810 3204 nomine
862 3149 1022 3218 potiti
1068 3159 1219 3211 sunt,
1253 3149 1482 3205 minime
1521 3166 1589 3205 ex
1628 3160 1864 3205 matrum
1896 3150 2165 3206 servitute

2259 2056 2360 2122 τῆς
2374 2051 2613 2115 πίστεως
2636 2068 2650 2082 ο
2675 2051 3008 2119 ἐπαγγελίας
3030 2052 3137 2122 γὰρ
3159 2052 3188 2103 6
3222 2051 3409 2119 καιρὸς
3436 2045 3614 2115 οὗτος,
3640 2069 3657 2102 ι
3685 2051 3825 2104 Κατὰ

2260 2142 2353 2196 τὸν
2396 2142 2589 2213 καιρὸν
2625 2142 2815 2195 τοῦτον
2860 2141 3179 2211 ἐλεύσομαι,
3226 2142 3319 2195 καί⁸
3364 2142 3524 2194 ἔσται
3556 2142 3624 2210 τῇ
3656 2141 3824 2212 Σὰῥρᾳ

2262 2234 2399 2297 υἱός.
2433 2253 2451 2284 ι
2502 2233 2613 2296 Τῆς
2653 2232 2869 2301 φύσεως
2916 2232 3286 2303 ἀπειρηκυίας
3316 2232 3458 2285 κατὰ
3502 2231 3659 2284 Θείαν
3686 2232 3822 2299 φιλο·

2261 2326 2450 2396 τιμίαν
2487 2324 2779 2395 ἀπεφάνθη
2814 2325 3025 2395 πατήρ.
3061 2325 3162 2378 Διὰ
3196 2325 3249 2377 τί
3274 2323 3369 2377 οὖν
3398 2323 3582 2376 τοίνυν
3609 2321 3823 2392 μεγαλο·

2264 2418 2504 2489 φρονεῖς,
2569 2409 2613 2468 ὧ
2660 2417 2900 2480 Ἰουδαῖε,
2936 2417 3013 2478 ὡς
3069 2416 3227 2485 μόνος
3290 2415 3518 2484 σπέρμα
3596 2412 3824 2485 Ἀϐραὰμ

2265 2508 2839 2579 προσαγορευόμενος;
2873 2507 2969 2561 καὶ
2995 2509 3025 2561 6
3072 2506 3297 2577 Ἰσμαὴλ
3334 2506 3429 2561 τοῦ
3482 2505 3732 2576 Ἀϐραὰμ
3764 2500 3822 2575 ἦν

2264 2600 2379 2664 υίὸς
2440 2600 2535 2654 καὶ
2574 2600 2942 2671 πρωτότοκος.
2997 2599 3061 2651 Εί
3115 2597 3173 2650 δὲ
3219 2598 3460 2668 νομίζεις
3519 2599 3722 2651 ἐκεῖνον
3759 2597 3823 2659 ὼς

2266 2694 2557 2766 ὴμίδουλον
2584 2692 2951 2761 ἐκϐεϐλῆσθαι
2981 2691 3079 2759 τῆς
3120 2689 3461 2758 συγγενείας,
3490 2689 3612 2741 ἀλλ’
3643 2690 3704 2741 ἐκ
3731 2704 3820 2740 πα.

2263 2789 2436 2859 τέρων
2468 2787 2565 2840 καὶ
2589 2786 2688 2839 οὐκ
2718 2787 2781 2838 ἐκ
2805 2786 3059 2856 μητέρων
3085 2783 3424 2852 γενεαλογεῖν
3456 2782 3581 2845 ἔθος
3607 2785 3670 2852 τῇ
3698 2782 3825 2851 Γρα-

2267 2883 2363 2950 φῇ,
2400 2881 2493 2933 καὶ
2521 2881 2569 2932 oi
2604 2880 2670 2931 ἐκ
2708 2879 2809 2946 τῆς
2854 2875 3135 2945 Χετούρας
3169 2874 3554 2944 γεγενημένοι,
3587 2871 3824 2942 ἐλευθέρα

2268 2972 2374 3041 γὰρ
2405 2968 2569 3039 αὕτη,
2605 2968 2741 3022 ἀλλὰ
2772 2967 2992 3038 σπέρμα
3038 2965 3289 3036 Ἀϐραὰμ
3358 2962 3436 3034 μὴ
3476 2964 3823 3033 καλούμενον

2267 3061 2360 3115 καὶ
2394 3062 2519 3125 τοὺς
2557 3059 2621 3131 ιβ’
2657 3059 2857 3122 παῖδας
2899 3057 2995 3111 τοῦ
3034 3054 3228 3110 Ἰακὼϐ
3255 3059 3319 3109 ἐκ
3354 3056 3632 3126 διαφόρων
3666 3052 3823 3123 μητέ-

2271 3169 2382 3223 ρων
2421 3151 2841 3222 γεγενημένους,
2879 3150 2975 3203 καὶ
3018 3150 3146 3212 τοὺς
3183 3148 3456 3217 τέσσαρας
3486 3146 3821 3216 ὴμιδούλους.

585 3241 848 3297 damnum
872 3241 1040 3311 passi.
1081 3259 1100 3292 ι
1139 3241 1260 3296 Non
1283 3242 1580 3307 solumilli,
1613 3243 1709 3298 sed
1748 3251 1805 3297 et
1837 3243 2084 3298 Rebecca
2099 3258 2165 3298 ex

2272 3244 2367 3295 καὶ
2392 3241 2548 3305 ὅλους
2590 3238 2810 3312 Ἰσραὴλ
2835 3240 3297 3312 χρηματίζοντας,
3329 3238 3424 3291 καὶ
3454 3237 3628 3307 μηδὲν
3653 3237 3715 3289 ἐκ
3737 3235 3826 3303 τῆς

588 3348 699 3389 uno
717 3333 1011 3389 concubitu
1033 3333 1184 3388 Isaac
1208 3335 1382 3403 patris
1410 3335 1583 3389 nostri
1607 3335 1850 3401 habens;
1875 3352 2000 3390 cum
2021 3336 2167 3390 enim

586 3425 834 3481 nondum
865 3426 980 3480 nati
1011 3436 1199 3480 essent
1245 3441 1348 3479 nec
1387 3426 1598 3496 aliquid
1628 3428 1871 3497 egissent
1902 3426 2031 3481 boni
2076 3434 2173 3480 aut

588 3517 742 3584 mali,
803 3525 865 3571 ut
920 3517 1227 3572 secundum
1288 3517 1617 3573 electionem
1671 3518 2017 3587 prepositum
2072 3518 2169 3573 Dei

587 3619 860 3674 maneret,
899 3625 1009 3664 non
1040 3626 1106 3664 ex
1132 3610 1399 3679 operibus
1431 3610 1528 3665 sed
1572 3626 1640 3664 ex
1674 3616 1925 3674 vocante,
1961 3606 2170 3663 dictum

588 3710 675 3757 est
703 3702 755 3756 ei
781 3718 794 3755 :
824 3702 995 3772 Major
1022 3701 1229 3756 serviet
1266 3702 1551 3757 minori“.
1584 3722 1603 3754 ι

660 3967 802 4024 Num
840 3968 1145 4033 existimas,
1181 3983 1214 4021 ο
1241 3968 1450 4034 Judzee,
1485 3980 1712 4041 propter
1751 3972 1939 4028 Seram
1978 3972 2172 4043 prtela-

590 4070 706 4115 tum
752 4060 922 4115 fuisse
955 4059 1107 4114 lsaac
1142 4059 1360 4113 Ismaeli
1393 4069 1449 4115 et
1477 4062 1563 4116 his
1592 4063 1685 4132 qui
1712 4080 1742 4118 e
1774 4064 2015 4119 Chetura
2055 4058 2171 4119 nati

591 4158 721 4205 sunt
751 4149 986 4204 Abrahae
1012 4148 1147 4202 ﬁlii?
1175 4148 1315 4214 Quid
1364 4150 1573 4206 dixeris
1626 4152 1694 4207 de
1748 4154 2030 4209 Rebecca?
2072 4155 2172 4211 Hic

590 4243 741 4297 enim
779 4256 887 4294 una
918 4250 1118 4304 mater,
1142 4256 1285 4295 unus
1309 4252 1629 4311 conceptus,
1654 4246 1870 4313 gemelli
1896 4257 2023 4301 sunt
2050 4248 2169 4302 ﬁlii.

592 4330 651 4385 ld
679 4329 827 4384 enim
863 4327 1093 4393 indicat,
1127 4344 1192 4383 ex
1241 4344 1352 4383 uno
1407 4332 1705 4385 concubitu
1748 4333 1978 4401 habens,
2032 4338 2173 4394 hanc

590 4421 787 4477 eodem
815 4428 1063 4489 tempore
1086 4429 1386 4490 utrumque
1405 4424 1746 4492 concepisse.
1772 4425 1925 4480 Alter
1946 4429 2170 4496 quidem

592 4512 706 4566 Deo
735 4511 991 4575 dilectus,
1031 4511 1170 4565 alter
1225 4520 1411 4566 autem
1458 4512 1658 4568 divina:
1696 4532 1844 4572 cura:
1891 4519 2147 4589 indignus

2270 3335 2380 3389 τῶν
2440 3336 2691 3405 μητέρων
2743 3333 3197 3404 παραϐλαϐέντας
3251 3330 3528 3393 δουλείας⁶
3570 3330 3631 3383 ού
3682 3329 3823 3399 μόνον

2271 3426 2327 3479 δέ
2370 3419 2537 3488 οὗτοι,
2590 3423 2727 3477 ἀλλὰ
2768 3423 2866 3475 καὶ
2908 3421 3176 3475 Ῥεϐέκκα
3204 3420 3264 3485 ἐξ
3291 3420 3409 3484 ἐνὸς
3433 3421 3625 3490 κοίτην
3652 3420 3825 3489 ἔχουσα

2285 3517 2471 3571 Ἰσαὰκ
2510 3516 2604 3569 τοῦ
2647 3516 2852 3586 πατρὸς
2889 3515 3046 3585 ἡμῶν
3071 3530 3084 3543 ·
3122 3514 3290 3585 μήπω
3334 3514 3445 3583 γὰρ
3476 3513 3826 3583 γεννηθέντων

2271 3609 2450 3663 αὐτῶν
2497 3608 2630 3678 μηδὲ
2689 3607 3015 3678 πραξάντων
3060 3624 3112 3660 τι
3160 3605 3421 3675 ἁγαθὸνῆ
3458 3607 3664 3659 κακόν·
3691 3606 3825 3673 ἶναὴ

2272 3700 2392 3753 κατ’
2422 3700 2649 3768 ἐκλογὴν
2689 3699 2948 3768 πρόθεσις
2962 3697 3057 3750 τοῦ
3089 3697 3223 3751 Θεοῦ
3255 3696 3412 3767 μείνῃ
3440 3698 3547 3750 οὐκ
3572 3697 3629 3762 ἐξ
3649 3695 3823 3766 ἔργων,

2270 3792 2387 3848 ἀλλ’
2414 3793 2480 3845 ἐκ
2518 3792 2614 3844 τοῦ
2649 3789 2959 3852 καλοῦντος·
2990 3789 3190 3859 ἐρρέθη
3221 3789 3277 3842 δὲ
3306 3790 3468 3859 αὐτῇ,
3512 3807 3532 3839 ι
3573 3788 3629 3841 Ὀ
3647 3786 3825 3857 μείζων

2270 3879 2550 3938 δουλεύσει
2582 3876 2661 3950 τῷ
2697 3881 2967 3935 ἐλάσσονι.
3006 3899 3024 3931 ι

2347 3975 2418 4027 Ἦ
2446 3972 2705 4044 νομίζεις,
2737 3966 2781 4024 ὧ
2822 3971 3066 4035 Ἰουδαίε,
3099 3970 3190 4025 διὰ
3214 3970 3313 4041 τὴν
3329 3970 3552 4042 Σάρραν
3575 3985 3824 4039 προτιμη-

2273 4066 2432 4138 θῆναι
2452 4067 2543 4119 τὸν
2580 4063 2765 4117 Ἰσαὰκ
2780 4060 2874 4116 τοῦ
2908 4063 3131 4134 ’ῐσμαὴλ
3158 4063 3251 4116 καὶ
3272 4063 3379 4116 τῶν
3405 4062 3516 4116 ἀπὸ
3536 4058 3824 4132 τῆςΧετού-

2277 4175 2374 4229 ρας
2395 4156 2750 4227 γεννωμένων
2770 4153 2976 4206 παίδων
2997 4152 3076 4223 τῷ
3092 4146 3341 4223 Ἀϐραάμ
3357 4168 3371 4217 ;
3389 4152 3439 4205 τί
3462 4150 3695 4222 ἃνεῖπῃς
3712 4147 3823 4220 περὶ

2271 4249 2372 4319 τῆς
2390 4244 2719 4310 Ῥεϐέκκαςς
2749 4243 2985 4300 ἐνταῦθα
3004 4244 3115 4316 γὰρ
3143 4244 3237 4298 καὶ
3267 4244 3363 4313 μία
3399 4244 3608 4314 μήτηρ,
3628 4243 3715 4295 καὶ
3734 4240 3821 4311 μία

2274 4339 2556 4412 σύλληψις,
2587 4338 2800 4408 δίδυμοι
2828 4336 2938 4407 γὰρ
2968 4337 3016 4389 οί
3046 4335 3269 4398 παῖδες’
3298 4333 3460 4387 τοῦτο
3501 4332 3612 4403 γάρ
3636 4335 3741 4385 ἐστι
3768 4332 3821 4383 τὺ

2272 4431 2333 4495 ἐξ
2362 4430 2478 4493 ἐνὸς
2510 4428 2699 4497 κοίτην
2749 4426 2972 4497 ἔχουσα,
3004 4424 3128 4479 κατ’
3165 4424 3326 4478 αὑτὸν
3372 4423 3464 4477 τὸν
3516 4424 3701 4495 καιρὸν
3736 4424 3821 4490 ἀμ·

2274 4524 2534 4594 φοτέρους
2580 4520 2873 4574 συνέλαϐεν
2894 4534 2907 4547 ·
2944 4514 3060 4571 ἀλλ’
3086 4519 3114 4571 6
3143 4512 3242 4589 μὲν
3296 4516 3574 4587 θεοφιλὴς,
3608 4516 3635 4569 6
3659 4516 3713 4569 δὲ
3735 4513 3819 4582 τῆς

590 4604 781 4673 Neque
807 4602 1318 4672 esxpectavitDeus
1369 4603 1652 4658 actionum
1705 4610 2165 4678 experimentum,

2276 4613 2425 4675 θείας
2482 4611 2811 4680 κηδεμονίας
2868 4609 3122 4674 ιίινάξιος⁸
3180 4606 3275 4661 καὶ
3331 4609 3431 4661 οὐκ
3472 4609 3541 4661 ἂν
3578 4605 3818 4676 ἔμεινενὸ

593 4693 692 4750 sed
729 4693 948 4748 illorum
989 4691 1359 4748 diﬁ‘erentiam
1397 4695 1673 4763 prmdixit.
1705 4698 1961 4753 Pnedixit
1985 4710 2170 4756 autem

594 4783 943 4855 prospiciens
1004 4783 1296 4853 utriusque
1357 4784 1815 4856 dispositionem;
1862 4806 1971 4843 non
2021 4792 2169 4845 enim

596 4876 799 4947 injusta
833 4885 917 4929 est
950 4875 1173 4941 electio,
1199 4876 1293 4930 sed
1324 4878 1594 4949 cujusque
1644 4880 1883 4937 hominis
1932 4881 2169 4953 disposi-

599 4966 805 5020 tionem
844 4966 1134 5031 comitaris,
1182 4976 1243 5020 ut
1281 4967 1547 5037 scriptum
1579 4979 1699 5024 est:
1733 4989 1752 5021 ‹
1780 4971 1950 5027 Jacob
1981 4973 2171 5041 dilexi,

596 5053 739 5112 Esau
778 5067 959 5112 autem
1008 5057 1136 5111 odio
1188 5058 1460 5127 habui";
1520 5080 1538 5112 ι
1597 5062 1743 5131 quod
1796 5065 1943 5119 enim
1993 5082 2024 5121 a
2062 5068 2174 5122 Deo

594 5148 826 5204 Abrahae
882 5149 1094 5203 dictum
1154 5162 1276 5205 est:
1346 5171 1362 5203 ι
1420 5152 1480 5206 In
1530 5153 1682 5208 Isaac
1736 5156 2027 5210 vocabitur
2074 5158 2174 5213 tibi

595 5255 786 5294 semen
806 5240 871 5305 ⁸⁸,
913 5260 930 5291 ι
985 5241 1226 5296 ostendit
1271 5243 1496 5298 minime
1544 5260 1715 5314 genus
1771 5246 2176 5305 benedictionis

598 5331 875 5403 particeps
894 5347 1014 5387 esse
1035 5351 1049 5399 ;
1081 5350 1205 5388 nam
1222 5348 1473 5389 naturam
1495 5352 1608 5390 non
1631 5339 2049 5406 attenditDeus,
2076 5343 2172 5398 sed

600 5424 761 5480 ﬁdem
783 5425 1137 5493 etvirtutem,
1162 5428 1305 5483 sicut
1328 5430 1382 5482 in
1407 5428 1545 5484 Osee
1566 5430 1736 5485 dicit:
1771 5450 1790 5483 ι
1816 5434 2033 5490 Vocabo
2062 5452 2174 5491 non

600 5518 861 5587 populum
910 5536 1117 5585 meum,
1144 5523 1408 5591 populum
1440 5536 1647 5590 meum,
1674 5533 1729 5578 et
1751 5542 1861 5580 non
1894 5527 2172 5597 dilectam,

598 5610 887 5679 dilectam;
930 5624 987 5669 et
1018 5614 1126 5669 erit
1155 5613 1209 5667 in
1239 5614 1361 5669 loco
1385 5614 1480 5669 ubi
1505 5616 1768 5674 inventus
1797 5628 1881 5674 est
1920 5620 2053 5689 ipsis
2079 5637 2178 5691 po-

670 5809 715 5841 "
745 5807 1187 5886 [ἶρηιονι-νμθ-ἓθ.
1264 5809 1468 5886 ‘fjbid.
1498 5814 1589 5875 25,
1622 5812 1713 5871 2-4.
1792 5816 1835 5848 ⁸⁸
1866 5817 2026 5873 Rom.
2063 5834 2135 5884 Ix.
2177 5821 2289 5876 6‘8.
2370 5820 2413 5853 “
2446 5818 2582 5875 Gen.
2610 5835 2762 5886 xvm,
2808 5816 2892 5871 l0.

602 5894 726 5945 xxv,
749 5880 838 5933 25.
915 5880 961 5911 ⁸⁸
991 5879 1123 5934 Gen
1154 5880 1369 5945 xx1,l2.

2275 4704 2407 4763 Θεὸς
2459 4703 2568 4756 τῶν
2626 4702 2968 4773 πραγμάτων
3025 4702 3127 4771 τὴν
3184 4700 3401 4769 πεῖραν,
3456 4698 3574 4751 ἁλλ’
3618 4698 3680 4750 ἐκ
3727 4693 3817 4747 τῶν

2276 4795 2661 4865 πυῖσκομένων
2716 4791 2816 4865 τὴν
2877 4792 3084 4847 τούτων
3106 4792 3367 4862 διαφορὰν
3400 4790 3815 4862 προηγόρευσεν·

2280 4886 2655 4957 προηγόρευσε
2684 4885 2741 4939 δέ
2782 4884 2883 4956 τὴν
2929 4885 3162 4939 ἑκάστου
3217 4885 3477 4955 πρόθεσιν
3510 4880 3812 4951 προμηθῶν·

2280 4976 2340 5029 οὑ
2368 4975 2478 5045 γὰρ
2512 4975 2699 5039 ἄδικος
2735 4976 2769 5046 ἡ
2801 4976 3022 5043 ἐκλογὴ,
3053 4974 3192 5028 ἀλλὰ
3233 4976 3298 5045 τῇ
3333 4972 3590 5043 προθέσει
3618 4967 3716 5023 τῶν
3739 4969 3811 5022 ἀν-

2281 5067 2516 5140 θρώπων
2575 5068 2949 5139 συμϐαίνουσα
2978 5106 2993 5130 ,
3050 5066 3230 5130 καθὼς
3290 5067 3625 5136 γέγραπται,
3690 5079 3707 5112 ι
3733 5057 3816 5111 Τὸν

2292 5158 2486 5213 Ἰακὼϐ
2517 5159 2804 5229 ἠγάπησα,
2850 5159 2943 5213 τὸν
2980 5158 3036 5212 δὲ
3075 5158 3244 5212 Ἠσαῦ
3282 5160 3546 5229 ἐμίσησα,
3592 5177 3612 5209 ι
3643 5155 3709 5208 Τὸ
3728 5153 3815 5221 γὰρ

2280 5250 2384 5303 ὑπὸ
2411 5249 2505 5303 τοῦ
2523 5249 2659 5303 Θεοῦ
2690 5250 2826 5320 πρὸς
2859 5249 2951 5303 τὸν
2988 5249 3240 5319 Ἀϐραὰμ
3264 5249 3573 5318 εἰρημένον,
3598 5247 3716 5299 ὃτιρι
3744 5242 3815 5293 Ἐν

2293 5341 2479 5395 Ἰσαὰκ
2512 5341 2844 5412 κληθήσεταί
2874 5356 2958 5394 σοι
2995 5340 3239 5411 σπέρμα,
3263 5359 3283 5393 ι
3320 5338 3593 5393 δείκνυσιν
3620 5338 3688 5398 ὡς
3717 5331 3814 5386 οὐδὲ

2277 5434 2340 5488 τὸ
2382 5433 2479 5487 τοῦ
2526 5436 2717 5503 γένους
2764 5433 2913 5488 ἆπαν
2955 5434 3055 5504 τῆς
3090 5434 3341 5501 εὐλογίας
3382 5421 3811 5502 μετειληφώςοώ

2278 5523 2388 5596 γὰρ
2412 5528 2479 5596 τῇ
2512 5527 2675 5594 φύσει
2700 5524 2961 5596 προσέχει
2990 5525 3018 5577 6
3039 5523 3193 5589 Θεὸς,
3222 5523 3360 5577 ἀλλὰ
3384 5522 3565 5576 πίστιν
3593 5522 3681 5575 καὶ
3708 5517 3815 5586 ἀρε·-

2281 5619 2378 5690 τὴν
2426 5621 2697 5690 ἐπιζητεῖ,
2733 5622 2811 5682 ὡς
2849 5618 2944 5671 καὶ
2972 5618 3030 5671 ἐν
3062 5616 3141 5687 τῷ
3175 5616 3335 5687 Ὠσηὲ
3362 5616 3544 5687 λέγει’
3575 5635 3594 5668 ι
3618 5609 3809 5668 Καλέσω

2996 5813 3043 5845 ⁸⁸
3073 5812 3233 5867 Rom.
3268 5826 3346 5878 ιχ,
3376 5809 3558 5867 10-15.
3632 5805 3672 5841 δ’
3692 5805 3803 5862 Gen.
