  <div class='ocr_page' id='page_1' title='image "/cluster/home/n/w/nwhite01/storage/ocr_20150623/89/hvd.32044010610574/636.png"; bbox 0 0 4072 6562; ppageno 0'>
   <div class='ocr_carea' id='block_1_1' title="bbox 307 369 442 436">
    <p class='ocr_par' dir='ltr' id='par_1_1' title="bbox 307 369 442 436">
     <span class='ocr_line' id='line_1_1' title="bbox 307 369 442 436; baseline -0.03 1"><span class='ocrx_word' id='word_1_1' title='bbox 307 369 442 436; x_wconf 70' lang='lat'><strong>1257</strong></span> 
     </span>
    </p>
   </div>
   <div class='ocr_carea' id='block_1_2' title="bbox 1333 353 2601 432">
    <p class='ocr_par' dir='ltr' id='par_1_2' title="bbox 1333 353 2601 432">
     <span class='ocr_line' id='line_1_2' title="bbox 1333 353 2601 432; baseline -0.005 -1"><span class='ocrx_word' id='word_1_2' title='bbox 1333 357 1793 432; x_wconf 83' lang='lat' dir='ltr'><strong>DISPUTATIO</strong></span> <span class='ocrx_word' id='word_1_3' title='bbox 1832 353 2232 430; x_wconf 85' lang='lat' dir='ltr'><strong>ADVERSUS</strong></span> <span class='ocrx_word' id='word_1_4' title='bbox 2270 365 2601 428; x_wconf 56' lang='lat' dir='ltr'><strong>JUDIEOS.</strong></span> 
     </span>
    </p>
   </div>
   <div class='ocr_carea' id='block_1_3' title="bbox 3371 363 3598 434">
    <p class='ocr_par' dir='ltr' id='par_1_3' title="bbox 3371 363 3598 434">
     <span class='ocr_line' id='line_1_3' title="bbox 3371 363 3598 434; baseline 0.022 -5"><span class='ocrx_word' id='word_1_5' title='bbox 3371 363 3375 368; x_wconf 80' lang='grc'><em>’</em></span> <span class='ocrx_word' id='word_1_6' title='bbox 3458 363 3598 434; x_wconf 77' lang='grc'><strong>1258</strong></span> 
     </span>
    </p>
   </div>
   <div class='ocr_carea' id='block_1_4' title="bbox 300 459 1913 557">
    <p class='ocr_par' dir='ltr' id='par_1_4' title="bbox 300 459 1904 557">
     <span class='ocr_line' id='line_1_4' title="bbox 300 459 1904 557; baseline -0.004 -17"><span class='ocrx_word' id='word_1_7' title='bbox 300 483 394 540; x_wconf 68' lang='grc' dir='ltr'><strong>τὸν</strong></span> <span class='ocrx_word' id='word_1_8' title='bbox 414 482 491 540; x_wconf 73' lang='grc' dir='ltr'><strong>Οὐ</strong></span> <span class='ocrx_word' id='word_1_9' title='bbox 521 459 649 539; x_wconf 79' lang='grc' dir='ltr'>λαόν</span> <span class='ocrx_word' id='word_1_10' title='bbox 677 501 801 555; x_wconf 87' lang='grc' dir='ltr'>μου,</span> <span class='ocrx_word' id='word_1_11' title='bbox 821 481 964 537; x_wconf 80' lang='grc' dir='ltr'>Λαόν</span> <span class='ocrx_word' id='word_1_12' title='bbox 987 500 1120 554; x_wconf 87' lang='grc' dir='ltr'>μου·</span> <span class='ocrx_word' id='word_1_13' title='bbox 1141 485 1237 538; x_wconf 70' lang='grc' dir='ltr'>καὶ</span> <span class='ocrx_word' id='word_1_14' title='bbox 1265 484 1363 556; x_wconf 84' lang='grc' dir='ltr'>τὴν</span> <span class='ocrx_word' id='word_1_15' title='bbox 1387 485 1502 538; x_wconf 84' lang='grc' dir='ltr'>Οὐκ</span> <span class='ocrx_word' id='word_1_16' title='bbox 1517 481 1904 557; x_wconf 67' lang='grc' dir='ltr'><strong>ἠγαπημένην,</strong></span> 
     </span>
    </p>
   </div>
   <div class='ocr_carea' id='block_1_5' title="bbox 2019 459 3596 557">
    <p class='ocr_par' dir='ltr' id='par_1_5' title="bbox 2019 480 3596 554">
     <span class='ocr_line' id='line_1_5' title="bbox 2019 480 3596 554; baseline 0.005 -20"><span class='ocrx_word' id='word_1_17' title='bbox 2019 481 2174 550; x_wconf 91' lang='lat' dir='ltr'><strong>pulus</strong></span> <span class='ocrx_word' id='word_1_18' title='bbox 2187 494 2363 548; x_wconf 91' lang='lat' dir='ltr'><strong>meus,</strong></span> <span class='ocrx_word' id='word_1_19' title='bbox 2389 496 2512 547; x_wconf 90' lang='lat' dir='ltr'><strong>nos,</strong></span> <span class='ocrx_word' id='word_1_20' title='bbox 2534 481 2638 552; x_wconf 84' lang='lat' dir='ltr'><strong>ipsi</strong></span> <span class='ocrx_word' id='word_1_21' title='bbox 2654 481 3002 538; x_wconf 83' lang='lat' dir='ltr'><strong>vocabuntur</strong></span> <span class='ocrx_word' id='word_1_22' title='bbox 3021 480 3120 537; x_wconf 87' lang='lat' dir='ltr'><strong>ﬁlii</strong></span> <span class='ocrx_word' id='word_1_23' title='bbox 3144 483 3242 538; x_wconf 87' lang='lat' dir='ltr'><strong>Dei</strong></span> <span class='ocrx_word' id='word_1_24' title='bbox 3257 482 3496 542; x_wconf 83' lang='lat' dir='ltr'><strong>viventis</strong></span> <span class='ocrx_word' id='word_1_25' title='bbox 3513 488 3559 521; x_wconf 71' lang='grc' dir='ltr'>δ’</span> <span class='ocrx_word' id='word_1_26' title='bbox 3581 499 3596 554; x_wconf 87' lang='lat'><strong>;</strong></span> 
     </span>
    </p>
   </div>
   <div class='ocr_carea' id='block_1_6' title="bbox 305 569 1903 650">
    <p class='ocr_par' dir='ltr' id='par_1_6' title="bbox 305 569 1903 650">
     <span class='ocr_line' id='line_1_6' title="bbox 305 569 1903 650; baseline -0.003 -18"><span class='ocrx_word' id='word_1_27' title='bbox 305 576 699 649; x_wconf 83' lang='grc' dir='ltr'>Ἠγαπημένην</span> <span class='ocrx_word' id='word_1_28' title='bbox 724 591 736 606; x_wconf 87' lang='grc'><strong>·</strong></span> <span class='ocrx_word' id='word_1_29' title='bbox 757 577 852 629; x_wconf 77' lang='grc' dir='ltr'><strong>καὶ</strong></span> <span class='ocrx_word' id='word_1_30' title='bbox 871 575 1024 630; x_wconf 80' lang='grc' dir='ltr'>ἐσται</span> <span class='ocrx_word' id='word_1_31' title='bbox 1067 577 1128 629; x_wconf 82' lang='grc' dir='ltr'><strong>ἐν</strong></span> <span class='ocrx_word' id='word_1_32' title='bbox 1155 575 1232 648; x_wconf 82' lang='grc' dir='ltr'>τῷ</span> <span class='ocrx_word' id='word_1_33' title='bbox 1250 576 1399 649; x_wconf 85' lang='grc' dir='ltr'>τόπῳ</span> <span class='ocrx_word' id='word_1_34' title='bbox 1412 569 1698 650; x_wconf 31' lang='grc' dir='ltr'>οῦθὲρῤέθη</span> <span class='ocrx_word' id='word_1_35' title='bbox 1720 574 1903 636; x_wconf 83' lang='grc' dir='ltr'>αὐτοῖς</span> 
     </span>
    </p>
   </div>
   <div class='ocr_carea' id='block_1_7' title="bbox 305 663 1905 739">
    <p class='ocr_par' dir='ltr' id='par_1_7' title="bbox 305 663 1905 739">
     <span class='ocr_line' id='line_1_7' title="bbox 305 663 1905 739; baseline -0.003 -16"><span class='ocrx_word' id='word_1_36' title='bbox 305 669 381 723; x_wconf 85' lang='grc' dir='ltr'><strong>Οὐ</strong></span> <span class='ocrx_word' id='word_1_37' title='bbox 411 669 538 731; x_wconf 87' lang='grc' dir='ltr'>λαός</span> <span class='ocrx_word' id='word_1_38' title='bbox 559 683 684 737; x_wconf 89' lang='grc' dir='ltr'>μου,</span> <span class='ocrx_word' id='word_1_39' title='bbox 709 667 888 736; x_wconf 80' lang='grc' dir='ltr'>ὑμεῖς,</span> <span class='ocrx_word' id='word_1_40' title='bbox 914 668 1069 723; x_wconf 77' lang='grc' dir='ltr'>αὐτοὶ</span> <span class='ocrx_word' id='word_1_41' title='bbox 1099 666 1462 739; x_wconf 81' lang='grc' dir='ltr'><strong>κληθήσονται</strong></span> <span class='ocrx_word' id='word_1_42' title='bbox 1483 666 1591 720; x_wconf 76' lang='grc' dir='ltr'>υίοὶ</span> <span class='ocrx_word' id='word_1_43' title='bbox 1607 664 1744 720; x_wconf 90' lang='grc' dir='ltr'>Θεοῦ</span> <span class='ocrx_word' id='word_1_44' title='bbox 1765 663 1905 730; x_wconf 80' lang='grc' dir='ltr'><strong>ζῶν-</strong></span> 
     </span>
    </p>
   </div>
   <div class='ocr_carea' id='block_1_8' title="bbox 301 758 1902 832">
    <p class='ocr_par' dir='ltr' id='par_1_8' title="bbox 301 758 1902 832">
     <span class='ocr_line' id='line_1_8' title="bbox 301 758 1902 832; baseline -0.002 -16"><span class='ocrx_word' id='word_1_45' title='bbox 301 775 424 824; x_wconf 82' lang='grc' dir='ltr'>τος·</span> <span class='ocrx_word' id='word_1_46' title='bbox 458 759 594 814; x_wconf 83' lang='grc' dir='ltr'><strong>διότι</strong></span> <span class='ocrx_word' id='word_1_47' title='bbox 620 759 690 814; x_wconf 84' lang='grc' dir='ltr'>τὰ</span> <span class='ocrx_word' id='word_1_48' title='bbox 715 759 846 831; x_wconf 75' lang='grc' dir='ltr'>ἔθνη</span> <span class='ocrx_word' id='word_1_49' title='bbox 899 761 970 814; x_wconf 81' lang='grc' dir='ltr'>τὰ</span> <span class='ocrx_word' id='word_1_50' title='bbox 1029 761 1103 832; x_wconf 82' lang='grc' dir='ltr'>μὴ</span> <span class='ocrx_word' id='word_1_51' title='bbox 1134 760 1480 830; x_wconf 80' lang='grc' dir='ltr'><strong>γινώσκοντα</strong></span> <span class='ocrx_word' id='word_1_52' title='bbox 1513 758 1902 829; x_wconf 85' lang='grc' dir='ltr'>δικαιοσύνην,</span> 
     </span>
    </p>
   </div>
   <div class='ocr_carea' id='block_1_9' title="bbox 302 847 1904 922">
    <p class='ocr_par' dir='ltr' id='par_1_9' title="bbox 302 847 1904 922">
     <span class='ocr_line' id='line_1_9' title="bbox 302 847 1904 922; baseline -0.001 -18"><span class='ocrx_word' id='word_1_53' title='bbox 302 847 607 904; x_wconf 84' lang='grc' dir='ltr'>κατέλαϐον</span> <span class='ocrx_word' id='word_1_54' title='bbox 627 848 980 922; x_wconf 86' lang='grc' dir='ltr'>δικαιοσύνην</span> <span class='ocrx_word' id='word_1_55' title='bbox 1002 868 1015 882; x_wconf 91' lang='grc'><strong>·</strong></span> <span class='ocrx_word' id='word_1_56' title='bbox 1045 870 1063 904; x_wconf 80' lang='grc' dir='ltr'><strong>ι</strong></span> <span class='ocrx_word' id='word_1_57' title='bbox 1090 849 1446 920; x_wconf 85' lang='grc' dir='ltr'>δικαιοσύνην</span> <span class='ocrx_word' id='word_1_58' title='bbox 1469 849 1527 904; x_wconf 82' lang='grc' dir='ltr'><strong>δὲ</strong></span> <span class='ocrx_word' id='word_1_59' title='bbox 1544 849 1694 917; x_wconf 81' lang='grc' dir='ltr'>λέγει</span> <span class='ocrx_word' id='word_1_60' title='bbox 1714 849 1813 920; x_wconf 83' lang='grc' dir='ltr'>τὴν</span> <span class='ocrx_word' id='word_1_61' title='bbox 1839 849 1904 902; x_wconf 83' lang='grc' dir='ltr'>ὲκ</span> 
     </span>
    </p>
   </div>
   <div class='ocr_carea' id='block_1_10' title="bbox 301 940 1901 1013">
    <p class='ocr_par' dir='ltr' id='par_1_10' title="bbox 301 940 1901 1013">
     <span class='ocr_line' id='line_1_10' title="bbox 301 940 1901 1013; baseline -0.001 -17"><span class='ocrx_word' id='word_1_62' title='bbox 301 941 562 1006; x_wconf 84' lang='grc' dir='ltr'>πίστεως.</span> <span class='ocrx_word' id='word_1_63' title='bbox 604 940 824 1013; x_wconf 82' lang='grc' dir='ltr'>Ἰσραὴλ</span> <span class='ocrx_word' id='word_1_64' title='bbox 862 942 921 996; x_wconf 76' lang='grc' dir='ltr'>δὲ</span> <span class='ocrx_word' id='word_1_65' title='bbox 963 942 1180 997; x_wconf 82' lang='grc' dir='ltr'>διώκων</span> <span class='ocrx_word' id='word_1_66' title='bbox 1215 943 1379 1013; x_wconf 86' lang='grc' dir='ltr'>νόμον</span> <span class='ocrx_word' id='word_1_67' title='bbox 1435 941 1574 1006; x_wconf 80' lang='grc' dir='ltr'>ἰδίας</span> <span class='ocrx_word' id='word_1_68' title='bbox 1620 940 1901 996; x_wconf 86' lang='grc' dir='ltr'>δικαιοσύ-</span> 
     </span>
    </p>
   </div>
   <div class='ocr_carea' id='block_1_11' title="bbox 301 1034 1904 1108">
    <p class='ocr_par' dir='ltr' id='par_1_11' title="bbox 301 1034 1904 1108">
     <span class='ocr_line' id='line_1_11' title="bbox 301 1034 1904 1108; baseline -0.002 -17"><span class='ocrx_word' id='word_1_69' title='bbox 301 1054 420 1108; x_wconf 86' lang='grc' dir='ltr'>νης,</span> <span class='ocrx_word' id='word_1_70' title='bbox 465 1034 816 1107; x_wconf 88' lang='grc' dir='ltr'>δικαιοσύνην</span> <span class='ocrx_word' id='word_1_71' title='bbox 862 1036 1261 1107; x_wconf 81' lang='grc' dir='ltr'>ούκέιρθασεν.</span> <span class='ocrx_word' id='word_1_72' title='bbox 1296 1036 1395 1090; x_wconf 79' lang='grc' dir='ltr'>Διά</span> <span class='ocrx_word' id='word_1_73' title='bbox 1421 1036 1504 1104; x_wconf 76' lang='grc' dir='ltr'><strong>τίς</strong></span> <span class='ocrx_word' id='word_1_74' title='bbox 1535 1035 1681 1090; x_wconf 84' lang='grc' dir='ltr'>Διὸτι</span> <span class='ocrx_word' id='word_1_75' title='bbox 1709 1035 1812 1089; x_wconf 79' lang='grc' dir='ltr'><strong>οὐκ</strong></span> <span class='ocrx_word' id='word_1_76' title='bbox 1837 1037 1904 1090; x_wconf 81' lang='grc' dir='ltr'>ὲκ</span> 
     </span>
    </p>
   </div>
   <div class='ocr_carea' id='block_1_12' title="bbox 303 1127 1906 1201">
    <p class='ocr_par' dir='ltr' id='par_1_12' title="bbox 303 1127 1906 1201">
     <span class='ocr_line' id='line_1_12' title="bbox 303 1127 1906 1201; baseline -0.002 -17"><span class='ocrx_word' id='word_1_77' title='bbox 303 1129 566 1194; x_wconf 83' lang='grc' dir='ltr'>πίστεως,</span> <span class='ocrx_word' id='word_1_78' title='bbox 593 1127 710 1182; x_wconf 84' lang='grc' dir='ltr'>ἀλλ’</span> <span class='ocrx_word' id='word_1_79' title='bbox 740 1127 802 1195; x_wconf 76' lang='grc' dir='ltr'><strong>ἐξ</strong></span> <span class='ocrx_word' id='word_1_80' title='bbox 828 1128 1010 1201; x_wconf 81' lang='grc' dir='ltr'>έργων</span> <span class='ocrx_word' id='word_1_81' title='bbox 1052 1129 1220 1200; x_wconf 90' lang='grc' dir='ltr'>νόμου</span> <span class='ocrx_word' id='word_1_82' title='bbox 1243 1144 1256 1159; x_wconf 89' lang='grc'><strong>·</strong></span> <span class='ocrx_word' id='word_1_83' title='bbox 1291 1129 1553 1199; x_wconf 81' lang='grc' dir='ltr'><strong>ἐνόμισαν</strong></span> <span class='ocrx_word' id='word_1_84' title='bbox 1587 1127 1701 1201; x_wconf 87' lang='grc' dir='ltr'><strong>γὰρ</strong></span> <span class='ocrx_word' id='word_1_85' title='bbox 1740 1129 1906 1199; x_wconf 80' lang='grc' dir='ltr'>ἐπαρ-</span> 
     </span>
    </p>
   </div>
   <div class='ocr_carea' id='block_1_13' title="bbox 303 1217 1905 1290">
    <p class='ocr_par' dir='ltr' id='par_1_13' title="bbox 303 1217 1905 1290">
     <span class='ocr_line' id='line_1_13' title="bbox 303 1217 1905 1290; baseline 0 -17"><span class='ocrx_word' id='word_1_86' title='bbox 303 1222 421 1274; x_wconf 85' lang='grc' dir='ltr'>κεῖν</span> <span class='ocrx_word' id='word_1_87' title='bbox 467 1218 652 1282; x_wconf 79' lang='grc' dir='ltr'>αὐτοῖς</span> <span class='ocrx_word' id='word_1_88' title='bbox 696 1217 794 1290; x_wconf 83' lang='grc' dir='ltr'><strong>τὴν</strong></span> <span class='ocrx_word' id='word_1_89' title='bbox 840 1219 986 1274; x_wconf 83' lang='grc' dir='ltr'>κατὰ</span> <span class='ocrx_word' id='word_1_90' title='bbox 1027 1219 1193 1288; x_wconf 85' lang='grc' dir='ltr'>νόμον</span> <span class='ocrx_word' id='word_1_91' title='bbox 1231 1220 1516 1274; x_wconf 77' lang='grc' dir='ltr'>πολιτείαν</span> <span class='ocrx_word' id='word_1_92' title='bbox 1573 1221 1655 1284; x_wconf 86' lang='grc' dir='ltr'>εἰς</span> <span class='ocrx_word' id='word_1_93' title='bbox 1709 1219 1905 1289; x_wconf 82' lang='grc' dir='ltr'>κτῆσιν</span> 
     </span>
    </p>
   </div>
   <div class='ocr_carea' id='block_1_14' title="bbox 302 1305 1904 1385">
    <p class='ocr_par' dir='ltr' id='par_1_14' title="bbox 302 1305 1904 1385">
     <span class='ocr_line' id='line_1_14' title="bbox 302 1305 1904 1385; baseline -0.002 -17"><span class='ocrx_word' id='word_1_94' title='bbox 302 1312 675 1384; x_wconf 82' lang='grc' dir='ltr'>δικαιοσύνης,</span> <span class='ocrx_word' id='word_1_95' title='bbox 704 1312 801 1366; x_wconf 73' lang='grc' dir='ltr'>καὶ</span> <span class='ocrx_word' id='word_1_96' title='bbox 829 1314 1068 1377; x_wconf 88' lang='grc' dir='ltr'>πίστεως</span> <span class='ocrx_word' id='word_1_97' title='bbox 1091 1314 1512 1385; x_wconf 77' lang='grc' dir='ltr'><strong>κατεφρόνησαν</strong></span> <span class='ocrx_word' id='word_1_98' title='bbox 1529 1329 1542 1344; x_wconf 92' lang='grc'><strong>·</strong></span> <span class='ocrx_word' id='word_1_99' title='bbox 1563 1305 1626 1366; x_wconf 84' lang='grc' dir='ltr'><strong>οῦ</strong></span> <span class='ocrx_word' id='word_1_100' title='bbox 1657 1313 1721 1384; x_wconf 84' lang='grc' dir='ltr'>δὴ</span> <span class='ocrx_word' id='word_1_101' title='bbox 1743 1313 1904 1383; x_wconf 82' lang='grc' dir='ltr'>χάριν</span> 
     </span>
    </p>
   </div>
   <div class='ocr_carea' id='block_1_15' title="bbox 303 1402 1900 1474">
    <p class='ocr_par' dir='ltr' id='par_1_15' title="bbox 303 1402 1900 1474">
     <span class='ocr_line' id='line_1_15' title="bbox 303 1402 1900 1474; baseline -0.001 -16"><span class='ocrx_word' id='word_1_102' title='bbox 303 1403 399 1458; x_wconf 76' lang='grc' dir='ltr'><strong>καὶ</strong></span> <span class='ocrx_word' id='word_1_103' title='bbox 437 1403 547 1457; x_wconf 90' lang='grc' dir='ltr'><strong>τῶν</strong></span> <span class='ocrx_word' id='word_1_104' title='bbox 574 1403 675 1472; x_wconf 76' lang='grc' dir='ltr'>τῆς</span> <span class='ocrx_word' id='word_1_105' title='bbox 711 1402 950 1467; x_wconf 84' lang='grc' dir='ltr'>πίστεως</span> <span class='ocrx_word' id='word_1_106' title='bbox 978 1403 1038 1456; x_wconf 81' lang='grc' dir='ltr'><strong>οὐ</strong></span> <span class='ocrx_word' id='word_1_107' title='bbox 1074 1404 1339 1474; x_wconf 84' lang='grc' dir='ltr'><strong>μετέσχον</strong></span> <span class='ocrx_word' id='word_1_108' title='bbox 1385 1403 1636 1474; x_wconf 75' lang='grc' dir='ltr'>δωρεῶνο</span> <span class='ocrx_word' id='word_1_109' title='bbox 1679 1405 1900 1474; x_wconf 71' lang='grc' dir='ltr'>«Προσ-</span> 
     </span>
    </p>
   </div>
   <div class='ocr_carea' id='block_1_16' title="bbox 307 1493 1906 1566">
    <p class='ocr_par' dir='ltr' id='par_1_16' title="bbox 307 1493 1906 1566">
     <span class='ocr_line' id='line_1_16' title="bbox 307 1493 1906 1566; baseline 0.001 -19"><span class='ocrx_word' id='word_1_110' title='bbox 307 1493 512 1564; x_wconf 72' lang='grc' dir='ltr'>έκοψαν</span> <span class='ocrx_word' id='word_1_111' title='bbox 539 1493 648 1565; x_wconf 83' lang='grc' dir='ltr'><strong>γὰρ</strong></span> <span class='ocrx_word' id='word_1_112' title='bbox 676 1493 755 1565; x_wconf 84' lang='grc' dir='ltr'>τῷ</span> <span class='ocrx_word' id='word_1_113' title='bbox 803 1493 935 1565; x_wconf 87' lang='grc' dir='ltr'>λίθῳ</span> <span class='ocrx_word' id='word_1_114' title='bbox 976 1494 1068 1548; x_wconf 89' lang='grc' dir='ltr'><strong>τοῦ</strong></span> <span class='ocrx_word' id='word_1_115' title='bbox 1096 1494 1548 1566; x_wconf 83' lang='grc' dir='ltr'>προσκόμματος,</span> <span class='ocrx_word' id='word_1_116' title='bbox 1591 1495 1774 1557; x_wconf 87' lang='grc' dir='ltr'>καθὼς</span> <span class='ocrx_word' id='word_1_117' title='bbox 1812 1496 1906 1563; x_wconf 85' lang='grc' dir='ltr'>γέ-</span> 
     </span>
    </p>
   </div>
   <div class='ocr_carea' id='block_1_17' title="bbox 307 1587 1906 1662">
    <p class='ocr_par' dir='ltr' id='par_1_17' title="bbox 307 1587 1906 1662">
     <span class='ocr_line' id='line_1_17' title="bbox 307 1587 1906 1662; baseline 0.003 -21"><span class='ocrx_word' id='word_1_118' title='bbox 307 1604 587 1659; x_wconf 84' lang='grc' dir='ltr'>γραπται·</span> <span class='ocrx_word' id='word_1_119' title='bbox 626 1587 759 1642; x_wconf 81' lang='grc' dir='ltr'>Ἰδοὺ</span> <span class='ocrx_word' id='word_1_120' title='bbox 793 1588 986 1659; x_wconf 87' lang='grc' dir='ltr'>τίθημι</span> <span class='ocrx_word' id='word_1_121' title='bbox 1029 1590 1089 1642; x_wconf 78' lang='grc' dir='ltr'><strong>ὲν</strong></span> <span class='ocrx_word' id='word_1_122' title='bbox 1122 1588 1261 1642; x_wconf 84' lang='grc' dir='ltr'>Σιὼν</span> <span class='ocrx_word' id='word_1_123' title='bbox 1290 1589 1436 1643; x_wconf 91' lang='grc' dir='ltr'>λίθον</span> <span class='ocrx_word' id='word_1_124' title='bbox 1477 1589 1906 1662; x_wconf 79' lang='grc' dir='ltr'><strong>προσκόμματος</strong></span> 
     </span>
    </p>
   </div>
   <div class='ocr_carea' id='block_1_18' title="bbox 309 1679 1905 1750">
    <p class='ocr_par' dir='ltr' id='par_1_18' title="bbox 309 1679 1905 1750">
     <span class='ocr_line' id='line_1_18' title="bbox 309 1679 1905 1750; baseline 0.001 -16"><span class='ocrx_word' id='word_1_125' title='bbox 309 1682 408 1734; x_wconf 71' lang='grc' dir='ltr'>καὶ</span> <span class='ocrx_word' id='word_1_126' title='bbox 436 1679 644 1750; x_wconf 83' lang='grc' dir='ltr'>πέτραν</span> <span class='ocrx_word' id='word_1_127' title='bbox 674 1679 998 1747; x_wconf 82' lang='grc' dir='ltr'>σκανδάλου,</span> <span class='ocrx_word' id='word_1_128' title='bbox 1040 1681 1138 1736; x_wconf 72' lang='grc' dir='ltr'><strong>καὶ</strong></span> <span class='ocrx_word' id='word_1_129' title='bbox 1163 1682 1272 1745; x_wconf 78' lang='grc' dir='ltr'>πᾶς</span> <span class='ocrx_word' id='word_1_130' title='bbox 1318 1683 1347 1735; x_wconf 98' lang='lat'><strong>6</strong></span> <span class='ocrx_word' id='word_1_131' title='bbox 1380 1680 1657 1736; x_wconf 82' lang='grc' dir='ltr'><strong>πιστεύων</strong></span> <span class='ocrx_word' id='word_1_132' title='bbox 1688 1684 1776 1737; x_wconf 80' lang='grc' dir='ltr'><strong>ἐπ’</strong></span> <span class='ocrx_word' id='word_1_133' title='bbox 1801 1682 1905 1735; x_wconf 86' lang='grc' dir='ltr'>αύ-</span> 
     </span>
    </p>
   </div>
   <div class='ocr_carea' id='block_1_19' title="bbox 309 1774 1906 1847">
    <p class='ocr_par' dir='ltr' id='par_1_19' title="bbox 309 1774 1906 1847">
     <span class='ocr_line' id='line_1_19' title="bbox 309 1774 1906 1847; baseline 0.002 -20"><span class='ocrx_word' id='word_1_134' title='bbox 309 1775 406 1829; x_wconf 81' lang='grc' dir='ltr'>τὸν</span> <span class='ocrx_word' id='word_1_135' title='bbox 443 1775 504 1828; x_wconf 81' lang='grc' dir='ltr'>οὐ</span> <span class='ocrx_word' id='word_1_136' title='bbox 559 1775 1119 1847; x_wconf 80' lang='grc' dir='ltr'>καταισχυνθήσεται.</span> <span class='ocrx_word' id='word_1_137' title='bbox 1188 1796 1205 1828; x_wconf 75' lang='grc' dir='ltr'><strong>ι</strong></span> <span class='ocrx_word' id='word_1_138' title='bbox 1250 1776 1618 1847; x_wconf 87' lang='grc' dir='ltr'>Προσπταίειν</span> <span class='ocrx_word' id='word_1_139' title='bbox 1650 1774 1906 1832; x_wconf 73' lang='grc' dir='ltr'>εἰώθασιν</span> 
     </span>
    </p>
   </div>
   <div class='ocr_carea' id='block_1_20' title="bbox 2003 573 3623 648">
    <p class='ocr_par' dir='ltr' id='par_1_20' title="bbox 2003 573 3623 648">
     <span class='ocr_line' id='line_1_20' title="bbox 2003 573 3623 648; baseline 0.005 -21"><span class='ocrx_word' id='word_1_140' title='bbox 2003 573 2134 643; x_wconf 87' lang='lat' dir='ltr'><strong>quia</strong></span> <span class='ocrx_word' id='word_1_141' title='bbox 2169 583 2362 644; x_wconf 87' lang='lat' dir='ltr'><strong>gentes</strong></span> <span class='ocrx_word' id='word_1_142' title='bbox 2382 589 2496 629; x_wconf 91' lang='lat' dir='ltr'><strong>non</strong></span> <span class='ocrx_word' id='word_1_143' title='bbox 2519 584 2918 647; x_wconf 73' lang='lat' dir='ltr'><strong>cognoscentes</strong></span> <span class='ocrx_word' id='word_1_144' title='bbox 2945 575 3239 648; x_wconf 77' lang='lat' dir='ltr'><strong>justitiam,</strong></span> <span class='ocrx_word' id='word_1_145' title='bbox 3275 578 3623 648; x_wconf 82' lang='lat' dir='ltr'><strong>apprehen—&#39;</strong></span> 
     </span>
    </p>
   </div>
   <div class='ocr_carea' id='block_1_21' title="bbox 2004 663 3600 738">
    <p class='ocr_par' dir='ltr' id='par_1_21' title="bbox 2004 663 3600 738">
     <span class='ocr_line' id='line_1_21' title="bbox 2004 663 3600 738; baseline 0.004 -20"><span class='ocrx_word' id='word_1_146' title='bbox 2004 664 2211 720; x_wconf 89' lang='lat' dir='ltr'><strong>derunt</strong></span> <span class='ocrx_word' id='word_1_147' title='bbox 2235 663 2508 734; x_wconf 82' lang='lat' dir='ltr'><strong>justitiam</strong></span> <span class='ocrx_word' id='word_1_148' title='bbox 2530 665 2578 698; x_wconf 78' lang='grc' dir='ltr'><strong>⁵ο</strong></span> <span class='ocrx_word' id='word_1_149' title='bbox 2603 681 2618 732; x_wconf 91' lang='grc'>;</span> <span class='ocrx_word' id='word_1_150' title='bbox 2656 684 2676 718; x_wconf 76' lang='grc' dir='ltr'><strong>ι</strong></span> <span class='ocrx_word' id='word_1_151' title='bbox 2711 665 2982 738; x_wconf 74' lang='lat' dir='ltr'><strong>justitiam</strong></span> <span class='ocrx_word' id='word_1_152' title='bbox 3009 675 3194 722; x_wconf 88' lang='lat' dir='ltr'><strong>autem</strong></span> <span class='ocrx_word' id='word_1_153' title='bbox 3221 666 3358 723; x_wconf 81' lang='lat' dir='ltr'><strong>dicit</strong></span> <span class='ocrx_word' id='word_1_154' title='bbox 3381 679 3505 738; x_wconf 72' lang='lat' dir='ltr'><strong>qua:</strong></span> <span class='ocrx_word' id='word_1_155' title='bbox 3532 684 3600 724; x_wconf 79' lang='lat' dir='ltr'><strong>ex</strong></span> 
     </span>
    </p>
   </div>
   <div class='ocr_carea' id='block_1_22' title="bbox 2007 755 3602 833">
    <p class='ocr_par' dir='ltr' id='par_1_22' title="bbox 2007 755 3602 833">
     <span class='ocr_line' id='line_1_22' title="bbox 2007 755 3602 833; baseline 0.002 -21"><span class='ocrx_word' id='word_1_156' title='bbox 2007 755 2116 812; x_wconf 87' lang='lat' dir='ltr'><strong>ﬁde</strong></span> <span class='ocrx_word' id='word_1_157' title='bbox 2152 765 2257 812; x_wconf 90' lang='lat' dir='ltr'><strong>est.</strong></span> <span class='ocrx_word' id='word_1_158' title='bbox 2306 756 2476 812; x_wconf 83' lang='lat' dir='ltr'><strong>Israel</strong></span> <span class='ocrx_word' id='word_1_159' title='bbox 2524 773 2681 823; x_wconf 91' lang='lat' dir='ltr'><strong>vero,</strong></span> <span class='ocrx_word' id='word_1_160' title='bbox 2717 757 2980 814; x_wconf 83' lang='lat' dir='ltr'><strong>sectanda</strong></span> <span class='ocrx_word' id='word_1_161' title='bbox 3012 757 3189 830; x_wconf 82' lang='lat' dir='ltr'><strong>legem</strong></span> <span class='ocrx_word' id='word_1_162' title='bbox 3223 760 3464 830; x_wconf 67' lang='lat' dir='ltr'><strong>propriae</strong></span> <span class='ocrx_word' id='word_1_163' title='bbox 3509 760 3602 833; x_wconf 37' lang='lat' dir='ltr'><strong>jus</strong></span> 
     </span>
    </p>
   </div>
   <div class='ocr_carea' id='block_1_23' title="bbox 2007 849 3604 923">
    <p class='ocr_par' dir='ltr' id='par_1_23' title="bbox 2007 849 3604 923">
     <span class='ocr_line' id='line_1_23' title="bbox 2007 849 3604 923; baseline 0.001 -17"><span class='ocrx_word' id='word_1_164' title='bbox 2007 850 2194 913; x_wconf 72' lang='lat' dir='ltr'><strong>stitite.</strong></span> <span class='ocrx_word' id='word_1_165' title='bbox 2228 850 2296 906; x_wconf 87' lang='lat' dir='ltr'><strong>ad</strong></span> <span class='ocrx_word' id='word_1_166' title='bbox 2323 849 2598 923; x_wconf 86' lang='lat' dir='ltr'><strong>justitiam</strong></span> <span class='ocrx_word' id='word_1_167' title='bbox 2640 866 2753 906; x_wconf 91' lang='lat' dir='ltr'><strong>non</strong></span> <span class='ocrx_word' id='word_1_168' title='bbox 2783 852 3055 922; x_wconf 88' lang='lat' dir='ltr'><strong>pervenit.</strong></span> <span class='ocrx_word' id='word_1_169' title='bbox 3085 851 3310 918; x_wconf 90' lang='lat' dir='ltr'><strong>Quare?</strong></span> <span class='ocrx_word' id='word_1_170' title='bbox 3331 850 3464 923; x_wconf 85' lang='lat' dir='ltr'><strong>quia</strong></span> <span class='ocrx_word' id='word_1_171' title='bbox 3491 866 3604 907; x_wconf 92' lang='lat' dir='ltr'><strong>non</strong></span> 
     </span>
    </p>
   </div>
   <div class='ocr_carea' id='block_1_24' title="bbox 2004 942 3609 1014">
    <p class='ocr_par' dir='ltr' id='par_1_24' title="bbox 2004 942 3609 1014">
     <span class='ocr_line' id='line_1_24' title="bbox 2004 942 3609 1014; baseline -0.001 -14"><span class='ocrx_word' id='word_1_172' title='bbox 2004 959 2073 1000; x_wconf 81' lang='lat' dir='ltr'><strong>ex</strong></span> <span class='ocrx_word' id='word_1_173' title='bbox 2102 944 2232 1011; x_wconf 91' lang='lat' dir='ltr'><strong>ﬁde,</strong></span> <span class='ocrx_word' id='word_1_174' title='bbox 2271 944 2366 1000; x_wconf 90' lang='lat' dir='ltr'><strong>sed</strong></span> <span class='ocrx_word' id='word_1_175' title='bbox 2427 959 2495 998; x_wconf 85' lang='lat' dir='ltr'><strong>ex</strong></span> <span class='ocrx_word' id='word_1_176' title='bbox 2558 943 2826 1013; x_wconf 88' lang='lat' dir='ltr'><strong>operibus</strong></span> <span class='ocrx_word' id='word_1_177' title='bbox 2901 942 3058 1014; x_wconf 91' lang='lat' dir='ltr'><strong>legis.</strong></span> <span class='ocrx_word' id='word_1_178' title='bbox 3134 943 3609 1001; x_wconf 75' lang='lat' dir='ltr'><strong>Existimaverunt</strong></span> 
     </span>
    </p>
   </div>
   <div class='ocr_carea' id='block_1_25' title="bbox 2005 1035 3605 1112">
    <p class='ocr_par' dir='ltr' id='par_1_25' title="bbox 2005 1035 3605 1112">
     <span class='ocr_line' id='line_1_25' title="bbox 2005 1035 3605 1112; baseline 0.001 -21"><span class='ocrx_word' id='word_1_179' title='bbox 2005 1038 2154 1093; x_wconf 90' lang='lat' dir='ltr'><strong>enim</strong></span> <span class='ocrx_word' id='word_1_180' title='bbox 2219 1035 2473 1093; x_wconf 80' lang='lat' dir='ltr'><strong>sufﬁcere</strong></span> <span class='ocrx_word' id='word_1_181' title='bbox 2534 1036 2662 1102; x_wconf 88' lang='lat' dir='ltr'><strong>sibi,</strong></span> <span class='ocrx_word' id='word_1_182' title='bbox 2713 1050 2838 1106; x_wconf 75' lang='lat' dir='ltr'><strong>qua:</strong></span> <span class='ocrx_word' id='word_1_183' title='bbox 2883 1037 3191 1092; x_wconf 89' lang='lat' dir='ltr'><strong>secundum</strong></span> <span class='ocrx_word' id='word_1_184' title='bbox 3240 1037 3418 1112; x_wconf 91' lang='lat' dir='ltr'><strong>legem</strong></span> <span class='ocrx_word' id='word_1_185' title='bbox 3462 1046 3605 1101; x_wconf 86' lang='lat' dir='ltr'><strong>erat.</strong></span> 
     </span>
    </p>
   </div>
   <div class='ocr_carea' id='block_1_26' title="bbox 2005 1123 3609 1202">
    <p class='ocr_par' dir='ltr' id='par_1_26' title="bbox 2005 1123 3609 1202">
     <span class='ocr_line' id='line_1_26' title="bbox 2005 1123 3609 1202; baseline -0.001 -17"><span class='ocrx_word' id='word_1_186' title='bbox 2005 1123 2134 1186; x_wconf 69' lang='lat' dir='ltr'><strong>vitae</strong></span> <span class='ocrx_word' id='word_1_187' title='bbox 2174 1128 2642 1186; x_wconf 81' lang='lat' dir='ltr'><strong>consuetudinem</strong></span> <span class='ocrx_word' id='word_1_188' title='bbox 2674 1127 2744 1184; x_wconf 88' lang='lat' dir='ltr'><strong>ad</strong></span> <span class='ocrx_word' id='word_1_189' title='bbox 2773 1129 3199 1200; x_wconf 87' lang='lat' dir='ltr'><strong>comparandam</strong></span> <span class='ocrx_word' id='word_1_190' title='bbox 3230 1131 3522 1202; x_wconf 88' lang='lat' dir='ltr'><strong>justitiam,</strong></span> <span class='ocrx_word' id='word_1_191' title='bbox 3551 1140 3609 1186; x_wconf 85' lang='lat' dir='ltr'><strong>et</strong></span> 
     </span>
    </p>
   </div>
   <div class='ocr_carea' id='block_1_27' title="bbox 2008 1220 3610 1292">
    <p class='ocr_par' dir='ltr' id='par_1_27' title="bbox 2008 1220 3610 1292">
     <span class='ocr_line' id='line_1_27' title="bbox 2008 1220 3610 1292; baseline 0.001 -14"><span class='ocrx_word' id='word_1_192' title='bbox 2008 1222 2172 1278; x_wconf 90' lang='lat' dir='ltr'><strong>ﬁdem</strong></span> <span class='ocrx_word' id='word_1_193' title='bbox 2198 1229 2679 1292; x_wconf 89' lang='lat' dir='ltr'><strong>contempserunt.</strong></span> <span class='ocrx_word' id='word_1_194' title='bbox 2727 1220 3102 1289; x_wconf 85' lang='lat' dir='ltr'><strong>Quamobrem</strong></span> <span class='ocrx_word' id='word_1_195' title='bbox 3155 1223 3283 1279; x_wconf 90' lang='lat' dir='ltr'><strong>ﬁdei</strong></span> <span class='ocrx_word' id='word_1_196' title='bbox 3333 1224 3610 1280; x_wconf 87' lang='lat' dir='ltr'><strong>donorum</strong></span> 
     </span>
    </p>
   </div>
   <div class='ocr_carea' id='block_1_28' title="bbox 2007 1314 3610 1386">
    <p class='ocr_par' dir='ltr' id='par_1_28' title="bbox 2007 1314 3610 1386">
     <span class='ocr_line' id='line_1_28' title="bbox 2007 1314 3610 1386; baseline 0.002 -16"><span class='ocrx_word' id='word_1_197' title='bbox 2007 1331 2120 1370; x_wconf 90' lang='lat' dir='ltr'><strong>non</strong></span> <span class='ocrx_word' id='word_1_198' title='bbox 2146 1314 2374 1371; x_wconf 89' lang='lat' dir='ltr'><strong>fuerunt</strong></span> <span class='ocrx_word' id='word_1_199' title='bbox 2409 1314 2747 1386; x_wconf 85' lang='lat' dir='ltr'><strong>participes;</strong></span> <span class='ocrx_word' id='word_1_200' title='bbox 2780 1334 2799 1367; x_wconf 80' lang='grc' dir='ltr'><strong>ι</strong></span> <span class='ocrx_word' id='word_1_201' title='bbox 2837 1314 3205 1371; x_wconf 75' lang='lat' dir='ltr'><strong>Oﬁenderunt</strong></span> <span class='ocrx_word' id='word_1_202' title='bbox 3243 1317 3396 1372; x_wconf 92' lang='lat' dir='ltr'><strong>enim</strong></span> <span class='ocrx_word' id='word_1_203' title='bbox 3438 1317 3495 1373; x_wconf 93' lang='lat' dir='ltr'><strong>in</strong></span> <span class='ocrx_word' id='word_1_204' title='bbox 3530 1317 3610 1373; x_wconf 90' lang='lat' dir='ltr'><strong>la-</strong></span> 
     </span>
    </p>
   </div>
   <div class='ocr_carea' id='block_1_29' title="bbox 2008 1408 3609 1482">
    <p class='ocr_par' dir='ltr' id='par_1_29' title="bbox 2008 1408 3609 1482">
     <span class='ocr_line' id='line_1_29' title="bbox 2008 1408 3609 1482; baseline 0.001 -19"><span class='ocrx_word' id='word_1_205' title='bbox 2008 1408 2191 1478; x_wconf 90' lang='lat' dir='ltr'><strong>pidem</strong></span> <span class='ocrx_word' id='word_1_206' title='bbox 2229 1408 2578 1473; x_wconf 82' lang='lat' dir='ltr'><strong>oﬂ‘ensionis,</strong></span> <span class='ocrx_word' id='word_1_207' title='bbox 2621 1414 2684 1462; x_wconf 90' lang='lat' dir='ltr'><strong>ut</strong></span> <span class='ocrx_word' id='word_1_208' title='bbox 2727 1408 2995 1479; x_wconf 84' lang='lat' dir='ltr'><strong>scriptum</strong></span> <span class='ocrx_word' id='word_1_209' title='bbox 3027 1418 3150 1464; x_wconf 81' lang='lat' dir='ltr'><strong>est:</strong></span> <span class='ocrx_word' id='word_1_210' title='bbox 3192 1409 3336 1466; x_wconf 87' lang='lat' dir='ltr'><strong>Ecce</strong></span> <span class='ocrx_word' id='word_1_211' title='bbox 3373 1426 3521 1482; x_wconf 92' lang='lat' dir='ltr'><strong>pono</strong></span> <span class='ocrx_word' id='word_1_212' title='bbox 3552 1411 3609 1466; x_wconf 86' lang='lat' dir='ltr'><strong>in</strong></span> 
     </span>
    </p>
   </div>
   <div class='ocr_carea' id='block_1_30' title="bbox 2008 1499 3612 1571">
    <p class='ocr_par' dir='ltr' id='par_1_30' title="bbox 2008 1499 3612 1571">
     <span class='ocr_line' id='line_1_30' title="bbox 2008 1499 3612 1571; baseline 0.001 -16"><span class='ocrx_word' id='word_1_213' title='bbox 2008 1500 2143 1555; x_wconf 86' lang='lat' dir='ltr'><strong>Sion</strong></span> <span class='ocrx_word' id='word_1_214' title='bbox 2188 1501 2428 1571; x_wconf 85' lang='lat' dir='ltr'><strong>lapidem</strong></span> <span class='ocrx_word' id='word_1_215' title='bbox 2483 1499 2814 1556; x_wconf 80' lang='lat' dir='ltr'><strong>offensionis</strong></span> <span class='ocrx_word' id='word_1_216' title='bbox 2871 1507 2931 1555; x_wconf 91' lang='lat' dir='ltr'><strong>et</strong></span> <span class='ocrx_word' id='word_1_217' title='bbox 2979 1506 3194 1570; x_wconf 86' lang='lat' dir='ltr'><strong>petram</strong></span> <span class='ocrx_word' id='word_1_218' title='bbox 3241 1502 3513 1568; x_wconf 85' lang='lat' dir='ltr'><strong>scandali,</strong></span> <span class='ocrx_word' id='word_1_219' title='bbox 3556 1515 3612 1557; x_wconf 86' lang='lat' dir='ltr'><strong>et</strong></span> 
     </span>
    </p>
   </div>
   <div class='ocr_carea' id='block_1_31' title="bbox 2007 1591 3613 1664">
    <p class='ocr_par' dir='ltr' id='par_1_31' title="bbox 2007 1591 3613 1664">
     <span class='ocr_line' id='line_1_31' title="bbox 2007 1591 3613 1664; baseline 0.001 -16"><span class='ocrx_word' id='word_1_220' title='bbox 2007 1595 2190 1649; x_wconf 89' lang='lat' dir='ltr'><strong>omnis</strong></span> <span class='ocrx_word' id='word_1_221' title='bbox 2212 1594 2306 1664; x_wconf 90' lang='lat' dir='ltr'><strong>qui</strong></span> <span class='ocrx_word' id='word_1_222' title='bbox 2343 1592 2522 1650; x_wconf 87' lang='lat' dir='ltr'><strong>credit</strong></span> <span class='ocrx_word' id='word_1_223' title='bbox 2564 1593 2621 1648; x_wconf 92' lang='lat' dir='ltr'><strong>in</strong></span> <span class='ocrx_word' id='word_1_224' title='bbox 2656 1608 2783 1648; x_wconf 87' lang='lat' dir='ltr'><strong>eum</strong></span> <span class='ocrx_word' id='word_1_225' title='bbox 2820 1607 2932 1648; x_wconf 91' lang='lat' dir='ltr'><strong>non</strong></span> <span class='ocrx_word' id='word_1_226' title='bbox 2969 1591 3344 1649; x_wconf 81' lang='lat' dir='ltr'><strong>confundetur</strong></span> <span class='ocrx_word' id='word_1_227' title='bbox 3363 1593 3431 1649; x_wconf 74' lang='lat'><strong>&quot;.</strong></span> <span class='ocrx_word' id='word_1_228' title='bbox 3467 1615 3484 1647; x_wconf 82' lang='grc' dir='ltr'><strong>ι</strong></span> <span class='ocrx_word' id='word_1_229' title='bbox 3519 1594 3613 1650; x_wconf 82' lang='lat' dir='ltr'><strong>Of-</strong></span> 
     </span>
    </p>
   </div>
   <div class='ocr_carea' id='block_1_32' title="bbox 2008 1685 3609 1758">
    <p class='ocr_par' dir='ltr' id='par_1_32' title="bbox 2008 1685 3609 1758">
     <span class='ocr_line' id='line_1_32' title="bbox 2008 1685 3609 1758; baseline 0 -18"><span class='ocrx_word' id='word_1_230' title='bbox 2008 1685 2234 1742; x_wconf 87' lang='lat' dir='ltr'><strong>fendere</strong></span> <span class='ocrx_word' id='word_1_231' title='bbox 2275 1686 2457 1741; x_wconf 86' lang='lat' dir='ltr'><strong>solent</strong></span> <span class='ocrx_word' id='word_1_232' title='bbox 2502 1686 2598 1756; x_wconf 91' lang='lat' dir='ltr'><strong>qui</strong></span> <span class='ocrx_word' id='word_1_233' title='bbox 2625 1685 2891 1742; x_wconf 88' lang='lat' dir='ltr'><strong>aliorsum</strong></span> <span class='ocrx_word' id='word_1_234' title='bbox 2925 1699 3152 1742; x_wconf 86' lang='lat' dir='ltr'><strong>sensum</strong></span> <span class='ocrx_word' id='word_1_235' title='bbox 3195 1685 3609 1758; x_wconf 89' lang='lat' dir='ltr'><strong>Scripturarum</strong></span> 
     </span>
    </p>
   </div>
   <div class='ocr_carea' id='block_1_33' title="bbox 2009 1777 3612 1850">
    <p class='ocr_par' dir='ltr' id='par_1_33' title="bbox 2009 1777 3612 1850">
     <span class='ocr_line' id='line_1_33' title="bbox 2009 1777 3612 1850; baseline 0.002 -18"><span class='ocrx_word' id='word_1_236' title='bbox 2009 1778 2459 1849; x_wconf 83' lang='lat' dir='ltr'><strong>propheticarum</strong></span> <span class='ocrx_word' id='word_1_237' title='bbox 2501 1777 2804 1848; x_wconf 89' lang='lat' dir='ltr'><strong>accipiunt,</strong></span> <span class='ocrx_word' id='word_1_238' title='bbox 2851 1785 2909 1834; x_wconf 87' lang='lat' dir='ltr'><strong>et</strong></span> <span class='ocrx_word' id='word_1_239' title='bbox 2957 1777 3013 1833; x_wconf 94' lang='lat' dir='ltr'><strong>in</strong></span> <span class='ocrx_word' id='word_1_240' title='bbox 3071 1779 3159 1833; x_wconf 88' lang='lat' dir='ltr'><strong>via</strong></span> <span class='ocrx_word' id='word_1_241' title='bbox 3217 1779 3477 1850; x_wconf 79' lang='lat' dir='ltr'><strong>progredi</strong></span> <span class='ocrx_word' id='word_1_242' title='bbox 3509 1795 3612 1836; x_wconf 48' lang='lat' dir='ltr'><strong>no-</strong></span> 
     </span>
    </p>
   </div>
   <div class='ocr_carea' id='block_1_34' title="bbox 309 1840 1913 1944">
    <p class='ocr_par' dir='ltr' id='par_1_34' title="bbox 309 1840 1906 1942">
     <span class='ocr_line' id='line_1_34' title="bbox 309 1840 1906 1942; baseline 0 -20"><span class='ocrx_word' id='word_1_243' title='bbox 309 1869 360 1922; x_wconf 82' lang='lat' dir='ltr'><strong>oi</strong></span> <span class='ocrx_word' id='word_1_244' title='bbox 393 1866 630 1939; x_wconf 83' lang='grc' dir='ltr'>ἑτέρωσε</span> <span class='ocrx_word' id='word_1_245' title='bbox 669 1840 1055 1939; x_wconf 36' lang='grc' dir='ltr'>τῆν’-διάνοιαν</span> <span class='ocrx_word' id='word_1_246' title='bbox 1094 1869 1206 1922; x_wconf 91' lang='grc' dir='ltr'><strong>τῶν</strong></span> <span class='ocrx_word' id='word_1_247' title='bbox 1243 1840 1481 1941; x_wconf 81' lang='grc' dir='ltr'>Γραφῶν</span> <span class='ocrx_word' id='word_1_248' title='bbox 1525 1868 1635 1922; x_wconf 86' lang='grc' dir='ltr'><strong>τῶν</strong></span> <span class='ocrx_word' id='word_1_249' title='bbox 1687 1885 1906 1942; x_wconf 85' lang='grc' dir='ltr'>προφη-</span> 
     </span>
    </p>
   </div>
   <div class='ocr_carea' id='block_1_35' title="bbox 2019 1840 3616 1944">
    <p class='ocr_par' dir='ltr' id='par_1_35' title="bbox 2019 1840 3616 1944">
     <span class='ocr_line' id='line_1_35' title="bbox 2019 1840 3616 1944; baseline -0.001 -18"><span class='ocrx_word' id='word_1_250' title='bbox 2019 1840 2159 1927; x_wconf 76' lang='lat' dir='ltr'><strong>lunt.</strong></span> <span class='ocrx_word' id='word_1_251' title='bbox 2191 1869 2331 1926; x_wconf 88' lang='lat' dir='ltr'><strong>Illud</strong></span> <span class='ocrx_word' id='word_1_252' title='bbox 2355 1870 2569 1941; x_wconf 76' lang='lat' dir='ltr'><strong>experti</strong></span> <span class='ocrx_word' id='word_1_253' title='bbox 2595 1840 2727 1926; x_wconf 74' lang='lat' dir='ltr'><strong>sunt</strong></span> <span class='ocrx_word' id='word_1_254' title='bbox 2751 1840 2965 1940; x_wconf 79' lang='lat' dir='ltr'><strong>Judaei;</strong></span> <span class='ocrx_word' id='word_1_255' title='bbox 3000 1882 3126 1926; x_wconf 88' lang='lat' dir='ltr'><strong>nam</strong></span> <span class='ocrx_word' id='word_1_256' title='bbox 3153 1840 3450 1944; x_wconf 74' lang='lat' dir='ltr'><strong>superﬁuis</strong></span> <span class='ocrx_word' id='word_1_257' title='bbox 3477 1873 3616 1943; x_wconf 81' lang='lat' dir='ltr'><strong>legis</strong></span> 
     </span>
    </p>
   </div>
   <div class='ocr_carea' id='block_1_36' title="bbox 309 1953 1911 2032">
    <p class='ocr_par' dir='ltr' id='par_1_36' title="bbox 309 1953 1911 2032">
     <span class='ocr_line' id='line_1_36' title="bbox 309 1953 1911 2032; baseline 0 -18"><span class='ocrx_word' id='word_1_258' title='bbox 309 1961 478 2015; x_wconf 86' lang='grc' dir='ltr'>τειῶν</span> <span class='ocrx_word' id='word_1_259' title='bbox 522 1961 742 2032; x_wconf 74' lang='grc' dir='ltr'>ἔχοντες</span> <span class='ocrx_word' id='word_1_260' title='bbox 777 1963 870 2016; x_wconf 82' lang='grc' dir='ltr'><strong>καὶ</strong></span> <span class='ocrx_word' id='word_1_261' title='bbox 901 1962 1001 2032; x_wconf 76' lang='grc' dir='ltr'>τὴν</span> <span class='ocrx_word' id='word_1_262' title='bbox 1031 1961 1154 2016; x_wconf 83' lang='grc' dir='ltr'>ὁδὸν</span> <span class='ocrx_word' id='word_1_263' title='bbox 1203 1961 1538 2030; x_wconf 88' lang='grc' dir='ltr'>προκόπτειν</span> <span class='ocrx_word' id='word_1_264' title='bbox 1564 1961 1666 2016; x_wconf 85' lang='grc' dir='ltr'><strong>οὐκ</strong></span> <span class='ocrx_word' id='word_1_265' title='bbox 1697 1953 1911 2016; x_wconf 76' lang='grc' dir='ltr'>ἐθέλον-</span> 
     </span>
    </p>
   </div>
   <div class='ocr_carea' id='block_1_37' title="bbox 2015 1962 3614 2035">
    <p class='ocr_par' dir='ltr' id='par_1_37' title="bbox 2015 1962 3614 2035">
     <span class='ocr_line' id='line_1_37' title="bbox 2015 1962 3614 2035; baseline -0.001 -19"><span class='ocrx_word' id='word_1_266' title='bbox 2015 1973 2298 2027; x_wconf 87' lang='lat' dir='ltr'><strong>vacantes,</strong></span> <span class='ocrx_word' id='word_1_267' title='bbox 2322 1963 2418 2032; x_wconf 91' lang='lat' dir='ltr'><strong>qui</strong></span> <span class='ocrx_word' id='word_1_268' title='bbox 2450 1977 2481 2016; x_wconf 84' lang='lat' dir='ltr'><strong>a</strong></span> <span class='ocrx_word' id='word_1_269' title='bbox 2505 1962 2798 2034; x_wconf 89' lang='lat' dir='ltr'><strong>prophetis</strong></span> <span class='ocrx_word' id='word_1_270' title='bbox 2827 1962 3127 2032; x_wconf 62' lang='lat' dir='ltr'><strong>praedictus</strong></span> <span class='ocrx_word' id='word_1_271' title='bbox 3147 1962 3350 2028; x_wconf 81' lang='lat' dir='ltr'><strong>fuerat,</strong></span> <span class='ocrx_word' id='word_1_272' title='bbox 3374 1963 3614 2035; x_wconf 86' lang='lat' dir='ltr'><strong>lapidem</strong></span> 
     </span>
    </p>
   </div>
   <div class='ocr_carea' id='block_1_38' title="bbox 313 2054 1913 2127">
    <p class='ocr_par' dir='ltr' id='par_1_38' title="bbox 313 2054 1909 2127">
     <span class='ocr_line' id='line_1_38' title="bbox 313 2054 1909 2127; baseline 0 -19"><span class='ocrx_word' id='word_1_273' title='bbox 313 2069 405 2119; x_wconf 74' lang='grc' dir='ltr'><strong>⁴ιες</strong></span> <span class='ocrx_word' id='word_1_274' title='bbox 427 2071 442 2084; x_wconf 83' lang='grc'><em>’</em></span> <span class='ocrx_word' id='word_1_275' title='bbox 483 2055 643 2110; x_wconf 88' lang='grc' dir='ltr'>τοῦτο</span> <span class='ocrx_word' id='word_1_276' title='bbox 663 2054 999 2109; x_wconf 81' lang='grc' dir='ltr'>πεπόνθασιν</span> <span class='ocrx_word' id='word_1_277' title='bbox 1021 2057 1070 2109; x_wconf 89' lang='grc' dir='ltr'>οἱ</span> <span class='ocrx_word' id='word_1_278' title='bbox 1116 2055 1365 2110; x_wconf 83' lang='grc' dir='ltr'>Ἰουδαῖοι</span> <span class='ocrx_word' id='word_1_279' title='bbox 1391 2068 1405 2085; x_wconf 69' lang='grc' dir='ltr'><strong>ο</strong></span> <span class='ocrx_word' id='word_1_280' title='bbox 1434 2055 1566 2127; x_wconf 78' lang='grc' dir='ltr'>περὶ</span> <span class='ocrx_word' id='word_1_281' title='bbox 1595 2055 1706 2126; x_wconf 83' lang='grc' dir='ltr'>γὰρ</span> <span class='ocrx_word' id='word_1_282' title='bbox 1734 2055 1798 2127; x_wconf 84' lang='grc' dir='ltr'>δὴ</span> <span class='ocrx_word' id='word_1_283' title='bbox 1840 2057 1909 2110; x_wconf 85' lang='grc' dir='ltr'>τὰ</span> 
     </span>
    </p>
   </div>
   <div class='ocr_carea' id='block_1_39' title="bbox 2019 2054 3619 2127">
    <p class='ocr_par' dir='ltr' id='par_1_39' title="bbox 2019 2055 3619 2127">
     <span class='ocr_line' id='line_1_39' title="bbox 2019 2055 3619 2127; baseline 0 -17"><span class='ocrx_word' id='word_1_284' title='bbox 2019 2056 2206 2111; x_wconf 88' lang='lat' dir='ltr'><strong>videre</strong></span> <span class='ocrx_word' id='word_1_285' title='bbox 2238 2055 2573 2123; x_wconf 88' lang='lat' dir='ltr'><strong>noluerunt;</strong></span> <span class='ocrx_word' id='word_1_286' title='bbox 2606 2069 2928 2127; x_wconf 87' lang='lat' dir='ltr'><strong>quanquam</strong></span> <span class='ocrx_word' id='word_1_287' title='bbox 2957 2064 3150 2125; x_wconf 84' lang='lat' dir='ltr'><strong>aperte</strong></span> <span class='ocrx_word' id='word_1_288' title='bbox 3194 2057 3480 2112; x_wconf 88' lang='lat' dir='ltr'><strong>vaticinati</strong></span> <span class='ocrx_word' id='word_1_289' title='bbox 3505 2057 3619 2112; x_wconf 89' lang='lat' dir='ltr'><strong>sint</strong></span> 
     </span>
    </p>
   </div>
   <div class='ocr_carea' id='block_1_40' title="bbox 314 2145 1913 2218">
    <p class='ocr_par' dir='ltr' id='par_1_40' title="bbox 314 2145 1908 2218">
     <span class='ocr_line' id='line_1_40' title="bbox 314 2145 1908 2218; baseline 0.003 -20"><span class='ocrx_word' id='word_1_290' title='bbox 314 2145 550 2218; x_wconf 80' lang='grc' dir='ltr'>περιττὰ</span> <span class='ocrx_word' id='word_1_291' title='bbox 592 2146 688 2200; x_wconf 88' lang='grc' dir='ltr'><strong>τοῦ</strong></span> <span class='ocrx_word' id='word_1_292' title='bbox 722 2147 890 2217; x_wconf 85' lang='grc' dir='ltr'>νόμου</span> <span class='ocrx_word' id='word_1_293' title='bbox 921 2146 1164 2217; x_wconf 74' lang='grc' dir='ltr'>ἔχοντες,</span> <span class='ocrx_word' id='word_1_294' title='bbox 1197 2145 1292 2200; x_wconf 74' lang='grc' dir='ltr'>τὸν</span> <span class='ocrx_word' id='word_1_295' title='bbox 1320 2147 1431 2202; x_wconf 81' lang='grc' dir='ltr'>ὑπὸ</span> <span class='ocrx_word' id='word_1_296' title='bbox 1456 2146 1570 2200; x_wconf 90' lang='grc' dir='ltr'><strong>τῶν</strong></span> <span class='ocrx_word' id='word_1_297' title='bbox 1604 2147 1908 2218; x_wconf 79' lang='grc' dir='ltr'>προφητῶν</span> 
     </span>
    </p>
   </div>
   <div class='ocr_carea' id='block_1_41' title="bbox 2019 2145 3620 2218">
    <p class='ocr_par' dir='ltr' id='par_1_41' title="bbox 2019 2147 3620 2218">
     <span class='ocr_line' id='line_1_41' title="bbox 2019 2147 3620 2218; baseline 0.002 -17"><span class='ocrx_word' id='word_1_298' title='bbox 2019 2147 2309 2218; x_wconf 67' lang='lat' dir='ltr'><strong>prophetae</strong></span> <span class='ocrx_word' id='word_1_299' title='bbox 2353 2147 2504 2203; x_wconf 89' lang='lat' dir='ltr'><strong>hunc</strong></span> <span class='ocrx_word' id='word_1_300' title='bbox 2539 2147 2635 2218; x_wconf 88' lang='lat' dir='ltr'><strong>qui</strong></span> <span class='ocrx_word' id='word_1_301' title='bbox 2668 2148 2790 2203; x_wconf 90' lang='lat' dir='ltr'><strong>istis</strong></span> <span class='ocrx_word' id='word_1_302' title='bbox 2834 2147 3110 2212; x_wconf 88' lang='lat' dir='ltr'><strong>crederet,</strong></span> <span class='ocrx_word' id='word_1_303' title='bbox 3149 2149 3387 2204; x_wconf 79' lang='lat' dir='ltr'><strong>maxima</strong></span> <span class='ocrx_word' id='word_1_304' title='bbox 3425 2164 3620 2204; x_wconf 87' lang='lat' dir='ltr'><strong>conse-</strong></span> 
     </span>
    </p>
   </div>
   <div class='ocr_carea' id='block_1_42' title="bbox 314 2237 1913 2312">
    <p class='ocr_par' dir='ltr' id='par_1_42' title="bbox 314 2237 1913 2312">
     <span class='ocr_line' id='line_1_42' title="bbox 314 2237 1913 2312; baseline -0.002 -19"><span class='ocrx_word' id='word_1_305' title='bbox 314 2237 841 2312; x_wconf 79' lang='grc' dir='ltr'>προσαγορευθέντα</span> <span class='ocrx_word' id='word_1_306' title='bbox 889 2237 1036 2293; x_wconf 82' lang='grc' dir='ltr'>λίθον</span> <span class='ocrx_word' id='word_1_307' title='bbox 1093 2238 1222 2292; x_wconf 74' lang='grc' dir='ltr'>ἰδεῖν</span> <span class='ocrx_word' id='word_1_308' title='bbox 1255 2239 1357 2292; x_wconf 79' lang='grc' dir='ltr'>οὐκ</span> <span class='ocrx_word' id='word_1_309' title='bbox 1393 2237 1660 2308; x_wconf 86' lang='grc' dir='ltr'>ὲθέλησαν</span> <span class='ocrx_word' id='word_1_310' title='bbox 1683 2254 1696 2268; x_wconf 76' lang='grc' dir='ltr'><strong>ο</strong></span> <span class='ocrx_word' id='word_1_311' title='bbox 1734 2238 1913 2292; x_wconf 88' lang='grc' dir='ltr'>καίτοι</span> 
     </span>
    </p>
   </div>
   <div class='ocr_carea' id='block_1_43' title="bbox 2019 2237 3620 2312">
    <p class='ocr_par' dir='ltr' id='par_1_43' title="bbox 2022 2238 3620 2308">
     <span class='ocr_line' id='line_1_43' title="bbox 2022 2238 3620 2308; baseline 0.001 -14"><span class='ocrx_word' id='word_1_312' title='bbox 2022 2243 2283 2294; x_wconf 82' lang='lat' dir='ltr'><strong>cuturum</strong></span> <span class='ocrx_word' id='word_1_313' title='bbox 2323 2254 2446 2294; x_wconf 89' lang='lat' dir='ltr'><strong>esse</strong></span> <span class='ocrx_word' id='word_1_314' title='bbox 2471 2238 2637 2294; x_wconf 92' lang='lat' dir='ltr'><strong>bona.</strong></span> <span class='ocrx_word' id='word_1_315' title='bbox 2677 2258 2697 2291; x_wconf 74' lang='grc' dir='ltr'><strong>ι</strong></span> <span class='ocrx_word' id='word_1_316' title='bbox 2726 2238 2921 2296; x_wconf 80' lang='lat' dir='ltr'><strong>Zeliim</strong></span> <span class='ocrx_word' id='word_1_317' title='bbox 2943 2239 3091 2296; x_wconf 90' lang='lat' dir='ltr'><strong>enim</strong></span> <span class='ocrx_word' id='word_1_318' title='bbox 3125 2239 3226 2296; x_wconf 88' lang='lat' dir='ltr'><strong>Dei</strong></span> <span class='ocrx_word' id='word_1_319' title='bbox 3252 2241 3483 2308; x_wconf 87' lang='lat' dir='ltr'><strong>habent,</strong></span> <span class='ocrx_word' id='word_1_320' title='bbox 3508 2257 3620 2296; x_wconf 89' lang='lat' dir='ltr'><strong>non</strong></span> 
     </span>
    </p>
   </div>
   <div class='ocr_carea' id='block_1_44' title="bbox 314 2330 1913 2403">
    <p class='ocr_par' dir='ltr' id='par_1_44' title="bbox 314 2330 1913 2403">
     <span class='ocr_line' id='line_1_44' title="bbox 314 2330 1913 2403; baseline -0.003 -15"><span class='ocrx_word' id='word_1_321' title='bbox 314 2331 504 2402; x_wconf 80' lang='grc' dir='ltr'>σαφῶς</span> <span class='ocrx_word' id='word_1_322' title='bbox 559 2332 610 2384; x_wconf 76' lang='grc' dir='ltr'>οἱ</span> <span class='ocrx_word' id='word_1_323' title='bbox 649 2331 926 2403; x_wconf 84' lang='grc' dir='ltr'>προφῆται</span> <span class='ocrx_word' id='word_1_324' title='bbox 993 2331 1427 2403; x_wconf 76' lang='grc' dir='ltr'>προεθέσπισαν,</span> <span class='ocrx_word' id='word_1_325' title='bbox 1481 2330 1557 2395; x_wconf 80' lang='grc' dir='ltr'>ὡς</span> <span class='ocrx_word' id='word_1_326' title='bbox 1619 2332 1649 2385; x_wconf 90' lang='lat'><strong>6</strong></span> <span class='ocrx_word' id='word_1_327' title='bbox 1705 2330 1913 2394; x_wconf 80' lang='grc' dir='ltr'>τούτοις</span> 
     </span>
    </p>
   </div>
   <div class='ocr_carea' id='block_1_45' title="bbox 2019 2330 3622 2403">
    <p class='ocr_par' dir='ltr' id='par_1_45' title="bbox 2024 2330 3622 2392">
     <span class='ocr_line' id='line_1_45' title="bbox 2024 2330 3622 2392; baseline 0.004 -6"><span class='ocrx_word' id='word_1_328' title='bbox 2024 2339 2210 2386; x_wconf 84' lang='lat' dir='ltr'><strong>autem</strong></span> <span class='ocrx_word' id='word_1_329' title='bbox 2268 2330 2576 2387; x_wconf 82' lang='lat' dir='ltr'><strong>secundum</strong></span> <span class='ocrx_word' id='word_1_330' title='bbox 2641 2331 2952 2387; x_wconf 86' lang='lat' dir='ltr'><strong>scientiam.</strong></span> <span class='ocrx_word' id='word_1_331' title='bbox 2986 2331 3312 2389; x_wconf 88' lang='lat' dir='ltr'><strong>Nescientes</strong></span> <span class='ocrx_word' id='word_1_332' title='bbox 3341 2334 3490 2390; x_wconf 92' lang='lat' dir='ltr'><strong>enim</strong></span> <span class='ocrx_word' id='word_1_333' title='bbox 3522 2334 3622 2392; x_wconf 91' lang='lat' dir='ltr'><strong>Dei</strong></span> 
     </span>
    </p>
   </div>
   <div class='ocr_carea' id='block_1_46' title="bbox 313 2422 1913 2496">
    <p class='ocr_par' dir='ltr' id='par_1_46' title="bbox 313 2422 1910 2496">
     <span class='ocr_line' id='line_1_46' title="bbox 313 2422 1910 2496; baseline -0.003 -15"><span class='ocrx_word' id='word_1_334' title='bbox 313 2423 612 2492; x_wconf 76' lang='grc' dir='ltr'>πιστεύων,</span> <span class='ocrx_word' id='word_1_335' title='bbox 654 2424 934 2496; x_wconf 74' lang='grc' dir='ltr'>μεγίστων</span> <span class='ocrx_word' id='word_1_336' title='bbox 965 2424 1222 2490; x_wconf 83' lang='grc' dir='ltr'>τεύξεται</span> <span class='ocrx_word' id='word_1_337' title='bbox 1246 2423 1469 2493; x_wconf 84' lang='grc' dir='ltr'>ἀγαθῶν</span> <span class='ocrx_word' id='word_1_338' title='bbox 1493 2438 1508 2453; x_wconf 91' lang='grc'><strong>·</strong></span> <span class='ocrx_word' id='word_1_339' title='bbox 1543 2441 1564 2476; x_wconf 74' lang='grc' dir='ltr'><strong>ι</strong></span> <span class='ocrx_word' id='word_1_340' title='bbox 1591 2422 1768 2494; x_wconf 83' lang='grc' dir='ltr'>Ζῆλον</span> <span class='ocrx_word' id='word_1_341' title='bbox 1798 2423 1910 2495; x_wconf 91' lang='grc' dir='ltr'><strong>γάρ</strong></span> 
     </span>
    </p>
   </div>
   <div class='ocr_carea' id='block_1_47' title="bbox 2019 2422 3622 2496">
    <p class='ocr_par' dir='ltr' id='par_1_47' title="bbox 2021 2422 3622 2494">
     <span class='ocr_line' id='line_1_47' title="bbox 2021 2422 3622 2494; baseline 0.005 -18"><span class='ocrx_word' id='word_1_342' title='bbox 2021 2422 2315 2492; x_wconf 78' lang='lat' dir='ltr'><strong>justitiam,</strong></span> <span class='ocrx_word' id='word_1_343' title='bbox 2369 2431 2427 2476; x_wconf 89' lang='lat' dir='ltr'><strong>et</strong></span> <span class='ocrx_word' id='word_1_344' title='bbox 2462 2438 2616 2478; x_wconf 90' lang='lat' dir='ltr'><strong>suam</strong></span> <span class='ocrx_word' id='word_1_345' title='bbox 2669 2423 2942 2494; x_wconf 90' lang='lat' dir='ltr'><strong>justitiam</strong></span> <span class='ocrx_word' id='word_1_346' title='bbox 2999 2434 3310 2494; x_wconf 81' lang='lat' dir='ltr'><strong>quaerentes</strong></span> <span class='ocrx_word' id='word_1_347' title='bbox 3355 2433 3622 2494; x_wconf 82' lang='lat' dir='ltr'><strong>statuere,</strong></span> 
     </span>
    </p>
   </div>
   <div class='ocr_carea' id='block_1_48' title="bbox 311 2514 1913 2593">
    <p class='ocr_par' dir='ltr' id='par_1_48' title="bbox 311 2514 1913 2588">
     <span class='ocr_line' id='line_1_48' title="bbox 311 2514 1913 2588; baseline -0.002 -16"><span class='ocrx_word' id='word_1_348' title='bbox 311 2517 453 2572; x_wconf 75' lang='grc' dir='ltr'>θεοῦ</span> <span class='ocrx_word' id='word_1_349' title='bbox 510 2517 748 2588; x_wconf 77' lang='grc' dir='ltr'>ἔχουσιν,</span> <span class='ocrx_word' id='word_1_350' title='bbox 777 2514 892 2570; x_wconf 77' lang='grc' dir='ltr'>ἀλλ’</span> <span class='ocrx_word' id='word_1_351' title='bbox 929 2516 991 2570; x_wconf 84' lang='grc' dir='ltr'><strong>οὐ</strong></span> <span class='ocrx_word' id='word_1_352' title='bbox 1037 2517 1160 2573; x_wconf 84' lang='grc' dir='ltr'>κατ’</span> <span class='ocrx_word' id='word_1_353' title='bbox 1204 2516 1506 2585; x_wconf 72' lang='grc' dir='ltr'>ἐπίγνωσιν</span> <span class='ocrx_word' id='word_1_354' title='bbox 1532 2533 1548 2548; x_wconf 80' lang='grc'><em>’</em></span> <span class='ocrx_word' id='word_1_355' title='bbox 1591 2515 1913 2584; x_wconf 82' lang='grc' dir='ltr'>ἀγνοοῦντες</span> 
     </span>
    </p>
   </div>
   <div class='ocr_carea' id='block_1_49' title="bbox 2019 2514 3628 2593">
    <p class='ocr_par' dir='ltr' id='par_1_49' title="bbox 2023 2514 3628 2593">
     <span class='ocr_line' id='line_1_49' title="bbox 2023 2514 3628 2593; baseline 0.004 -24"><span class='ocrx_word' id='word_1_356' title='bbox 2023 2514 2252 2585; x_wconf 68' lang='lat' dir='ltr'><strong>justitia:</strong></span> <span class='ocrx_word' id='word_1_357' title='bbox 2303 2516 2400 2570; x_wconf 88' lang='lat' dir='ltr'><strong>Dei</strong></span> <span class='ocrx_word' id='word_1_358' title='bbox 2454 2532 2563 2570; x_wconf 88' lang='lat' dir='ltr'><strong>non</strong></span> <span class='ocrx_word' id='word_1_359' title='bbox 2616 2515 3012 2588; x_wconf 89' lang='lat' dir='ltr'><strong>subjiciuntur.</strong></span> <span class='ocrx_word' id='word_1_360' title='bbox 3070 2518 3221 2574; x_wconf 85' lang='lat' dir='ltr'><strong>Finis</strong></span> <span class='ocrx_word' id='word_1_361' title='bbox 3278 2520 3429 2575; x_wconf 91' lang='lat' dir='ltr'><strong>enim</strong></span> <span class='ocrx_word' id='word_1_362' title='bbox 3486 2519 3628 2593; x_wconf 82' lang='lat' dir='ltr'><strong>legis</strong></span> 
     </span>
    </p>
   </div>
   <div class='ocr_carea' id='block_1_50' title="bbox 311 2607 1913 2683">
    <p class='ocr_par' dir='ltr' id='par_1_50' title="bbox 311 2607 1909 2683">
     <span class='ocr_line' id='line_1_50' title="bbox 311 2607 1909 2683; baseline -0.004 -17"><span class='ocrx_word' id='word_1_363' title='bbox 311 2611 428 2683; x_wconf 82' lang='grc' dir='ltr'><strong>γὰρ</strong></span> <span class='ocrx_word' id='word_1_364' title='bbox 459 2611 561 2681; x_wconf 82' lang='grc' dir='ltr'>τὴν</span> <span class='ocrx_word' id='word_1_365' title='bbox 589 2609 684 2664; x_wconf 87' lang='grc' dir='ltr'><strong>τοῦ</strong></span> <span class='ocrx_word' id='word_1_366' title='bbox 719 2609 856 2664; x_wconf 83' lang='grc' dir='ltr'>Θεοῦ</span> <span class='ocrx_word' id='word_1_367' title='bbox 884 2609 1258 2680; x_wconf 86' lang='grc' dir='ltr'>δικαιοσύνην,</span> <span class='ocrx_word' id='word_1_368' title='bbox 1284 2609 1380 2663; x_wconf 77' lang='grc' dir='ltr'>καὶ</span> <span class='ocrx_word' id='word_1_369' title='bbox 1409 2609 1508 2682; x_wconf 81' lang='grc' dir='ltr'><strong>τὴν</strong></span> <span class='ocrx_word' id='word_1_370' title='bbox 1545 2608 1682 2662; x_wconf 82' lang='grc' dir='ltr'>ίδίαν</span> <span class='ocrx_word' id='word_1_371' title='bbox 1703 2607 1909 2661; x_wconf 87' lang='grc' dir='ltr'>δικαιο-</span> 
     </span>
    </p>
   </div>
   <div class='ocr_carea' id='block_1_51' title="bbox 2019 2607 3628 2683">
    <p class='ocr_par' dir='ltr' id='par_1_51' title="bbox 2026 2607 3628 2680">
     <span class='ocr_line' id='line_1_51' title="bbox 2026 2607 3628 2680; baseline 0.004 -16"><span class='ocrx_word' id='word_1_372' title='bbox 2026 2607 2293 2664; x_wconf 88' lang='lat' dir='ltr'><strong>Christus</strong></span> <span class='ocrx_word' id='word_1_373' title='bbox 2320 2609 2372 2662; x_wconf 92' lang='lat' dir='ltr'><strong>in</strong></span> <span class='ocrx_word' id='word_1_374' title='bbox 2399 2609 2668 2680; x_wconf 88' lang='lat' dir='ltr'><strong>justitiam</strong></span> <span class='ocrx_word' id='word_1_375' title='bbox 2713 2611 2862 2666; x_wconf 88' lang='lat' dir='ltr'><strong>omni</strong></span> <span class='ocrx_word' id='word_1_376' title='bbox 2911 2610 3160 2667; x_wconf 84' lang='lat' dir='ltr'><strong>credenti</strong></span> <span class='ocrx_word' id='word_1_377' title='bbox 3177 2609 3265 2678; x_wconf 69' lang='grc' dir='ltr'>δίς</span> <span class='ocrx_word' id='word_1_378' title='bbox 3300 2631 3320 2665; x_wconf 77' lang='grc' dir='ltr'><strong>ι</strong></span> <span class='ocrx_word' id='word_1_379' title='bbox 3354 2613 3442 2670; x_wconf 84' lang='lat' dir='ltr'><strong>lex</strong></span> <span class='ocrx_word' id='word_1_380' title='bbox 3476 2614 3628 2670; x_wconf 89' lang='lat' dir='ltr'><strong>enim</strong></span> 
     </span>
    </p>
   </div>
   <div class='ocr_carea' id='block_1_52' title="bbox 316 2697 1913 2776">
    <p class='ocr_par' dir='ltr' id='par_1_52' title="bbox 316 2698 1913 2776">
     <span class='ocr_line' id='line_1_52' title="bbox 316 2698 1913 2776; baseline -0.003 -18"><span class='ocrx_word' id='word_1_381' title='bbox 316 2704 491 2776; x_wconf 86' lang='grc' dir='ltr'>σύνην</span> <span class='ocrx_word' id='word_1_382' title='bbox 543 2701 840 2774; x_wconf 84' lang='grc' dir='ltr'>ζητοῦντες</span> <span class='ocrx_word' id='word_1_383' title='bbox 886 2704 1104 2773; x_wconf 82' lang='grc' dir='ltr'>στῆσαι,</span> <span class='ocrx_word' id='word_1_384' title='bbox 1156 2706 1224 2774; x_wconf 81' lang='grc' dir='ltr'><strong>τῇ</strong></span> <span class='ocrx_word' id='word_1_385' title='bbox 1275 2703 1594 2774; x_wconf 79' lang='grc' dir='ltr'>δικαιοσύνῃ</span> <span class='ocrx_word' id='word_1_386' title='bbox 1644 2699 1740 2754; x_wconf 85' lang='grc' dir='ltr'><strong>τοῦ</strong></span> <span class='ocrx_word' id='word_1_387' title='bbox 1785 2698 1913 2754; x_wconf 74' lang='grc' dir='ltr'>Θεοῦ</span> 
     </span>
    </p>
   </div>
   <div class='ocr_carea' id='block_1_53' title="bbox 2019 2697 3628 2776">
    <p class='ocr_par' dir='ltr' id='par_1_53' title="bbox 2032 2699 3628 2771">
     <span class='ocr_line' id='line_1_53' title="bbox 2032 2699 3628 2771; baseline 0.004 -17"><span class='ocrx_word' id='word_1_388' title='bbox 2032 2713 2134 2755; x_wconf 90' lang='lat' dir='ltr'><strong>nos</strong></span> <span class='ocrx_word' id='word_1_389' title='bbox 2164 2713 2381 2764; x_wconf 89' lang='lat' dir='ltr'><strong>omnes,</strong></span> <span class='ocrx_word' id='word_1_390' title='bbox 2413 2699 2628 2755; x_wconf 91' lang='lat' dir='ltr'><strong>scilicet</strong></span> <span class='ocrx_word' id='word_1_391' title='bbox 2655 2715 2878 2756; x_wconf 90' lang='lat' dir='ltr'><strong>omnem</strong></span> <span class='ocrx_word' id='word_1_392' title='bbox 2906 2701 3207 2758; x_wconf 90' lang='lat' dir='ltr'><strong>humanam</strong></span> <span class='ocrx_word' id='word_1_393' title='bbox 3239 2713 3494 2760; x_wconf 86' lang='lat' dir='ltr'><strong>naturam</strong></span> <span class='ocrx_word' id='word_1_394' title='bbox 3514 2745 3529 2771; x_wconf 87' lang='lat'><strong>,</strong></span> <span class='ocrx_word' id='word_1_395' title='bbox 3559 2704 3628 2761; x_wconf 88' lang='lat' dir='ltr'><strong>ad</strong></span> 
     </span>
    </p>
   </div>
   <div class='ocr_carea' id='block_1_54' title="bbox 312 2783 1913 2869">
    <p class='ocr_par' dir='ltr' id='par_1_54' title="bbox 312 2792 1913 2869">
     <span class='ocr_line' id='line_1_54' title="bbox 312 2792 1913 2869; baseline -0.004 -18"><span class='ocrx_word' id='word_1_396' title='bbox 312 2799 419 2869; x_wconf 77' lang='grc' dir='ltr'>οὐχ</span> <span class='ocrx_word' id='word_1_397' title='bbox 464 2796 902 2852; x_wconf 77' lang='grc' dir='ltr'>ὑποτάσσονταιο</span> <span class='ocrx_word' id='word_1_398' title='bbox 933 2815 951 2850; x_wconf 74' lang='grc' dir='ltr'><strong>ι</strong></span> <span class='ocrx_word' id='word_1_399' title='bbox 997 2796 1156 2860; x_wconf 86' lang='grc' dir='ltr'>τέλος</span> <span class='ocrx_word' id='word_1_400' title='bbox 1203 2797 1314 2866; x_wconf 87' lang='grc' dir='ltr'><strong>γὰρ</strong></span> <span class='ocrx_word' id='word_1_401' title='bbox 1361 2796 1527 2865; x_wconf 86' lang='grc' dir='ltr'>νόμου</span> <span class='ocrx_word' id='word_1_402' title='bbox 1573 2793 1815 2864; x_wconf 79' lang='grc' dir='ltr'>Χριστὸς</span> <span class='ocrx_word' id='word_1_403' title='bbox 1843 2792 1913 2855; x_wconf 84' lang='grc' dir='ltr'><strong>είς</strong></span> 
     </span>
    </p>
   </div>
   <div class='ocr_carea' id='block_1_55' title="bbox 2019 2783 3428 2869">
    <p class='ocr_par' dir='ltr' id='par_1_55' title="bbox 2034 2783 3428 2850">
     <span class='ocr_line' id='line_1_55' title="bbox 2034 2783 3428 2850; baseline 0.004 -3"><span class='ocrx_word' id='word_1_404' title='bbox 2034 2792 2334 2849; x_wconf 89' lang='lat' dir='ltr'><strong>Dominum</strong></span> <span class='ocrx_word' id='word_1_405' title='bbox 2357 2791 2642 2849; x_wconf 86' lang='lat' dir='ltr'><strong>Christum</strong></span> <span class='ocrx_word' id='word_1_406' title='bbox 2672 2793 2964 2850; x_wconf 80' lang='lat' dir='ltr'><strong>conduxit.</strong></span> <span class='ocrx_word' id='word_1_407' title='bbox 3421 2783 3428 2792; x_wconf 67' lang='grc'><strong>’</strong></span> 
     </span>
    </p>
   </div>
   <div class='ocr_carea' id='block_1_56' title="bbox 313 2889 3628 2968">
    <p class='ocr_par' dir='ltr' id='par_1_56' title="bbox 313 2889 3628 2968">
     <span class='ocr_line' id='line_1_56' title="bbox 313 2889 3628 2968; baseline 0.001 -21"><span class='ocrx_word' id='word_1_408' title='bbox 313 2890 673 2963; x_wconf 73' lang='grc' dir='ltr'>δικαιοσύνην</span> <span class='ocrx_word' id='word_1_409' title='bbox 703 2893 866 2947; x_wconf 74' lang='grc' dir='ltr'>παντὶ</span> <span class='ocrx_word' id='word_1_410' title='bbox 891 2891 970 2964; x_wconf 81' lang='grc' dir='ltr'>τῷ</span> <span class='ocrx_word' id='word_1_411' title='bbox 1001 2891 1350 2946; x_wconf 75' lang='grc' dir='ltr'>πιστεύοντιο</span> <span class='ocrx_word' id='word_1_412' title='bbox 1384 2893 1412 2944; x_wconf 85' lang='grc' dir='ltr'><strong>ό</strong></span> <span class='ocrx_word' id='word_1_413' title='bbox 1451 2891 1560 2962; x_wconf 85' lang='grc' dir='ltr'><strong>γὰρ</strong></span> <span class='ocrx_word' id='word_1_414' title='bbox 1594 2890 1756 2960; x_wconf 88' lang='grc' dir='ltr'>νόμος</span> <span class='ocrx_word' id='word_1_415' title='bbox 1816 2889 2025 2949; x_wconf 80' lang='grc' dir='ltr'>πάντας</span> <span class='ocrx_word' id='word_1_416' title='bbox 2062 2889 2234 2959; x_wconf 80' lang='grc' dir='ltr'>ἡμᾶς,</span> <span class='ocrx_word' id='word_1_417' title='bbox 2265 2889 2436 2960; x_wconf 73' lang='grc' dir='ltr'>ἤγουν</span> <span class='ocrx_word' id='word_1_418' title='bbox 2479 2891 2662 2944; x_wconf 80' lang='grc' dir='ltr'>πᾶσαν</span> <span class='ocrx_word' id='word_1_419' title='bbox 2726 2890 2891 2960; x_wconf 79' lang='grc' dir='ltr'>φύσιν</span> <span class='ocrx_word' id='word_1_420' title='bbox 2939 2891 3268 2966; x_wconf 79' lang='grc' dir='ltr'>ἀνθρώπων,</span> <span class='ocrx_word' id='word_1_421' title='bbox 3329 2896 3468 2968; x_wconf 78' lang='grc' dir='ltr'>πρὸς</span> <span class='ocrx_word' id='word_1_422' title='bbox 3530 2895 3628 2950; x_wconf 80' lang='grc' dir='ltr'>τὸν</span> 
     </span>
    </p>
   </div>
   <div class='ocr_carea' id='block_1_57' title="bbox 315 2989 1254 3061">
    <p class='ocr_par' dir='ltr' id='par_1_57' title="bbox 315 2989 1254 3061">
     <span class='ocr_line' id='line_1_57' title="bbox 315 2989 1254 3061; baseline -0.003 -17"><span class='ocrx_word' id='word_1_423' title='bbox 315 2991 603 3060; x_wconf 83' lang='grc' dir='ltr'>Δεσπότην</span> <span class='ocrx_word' id='word_1_424' title='bbox 633 2989 870 3061; x_wconf 85' lang='grc' dir='ltr'>Χριστὸν</span> <span class='ocrx_word' id='word_1_425' title='bbox 895 2989 1254 3060; x_wconf 81' lang='grc' dir='ltr'>ὲποδήγησεν.</span> 
     </span>
    </p>
   </div>
   <div class='ocr_carea' id='block_1_58' title="bbox 392 3078 1921 3154">
    <p class='ocr_par' dir='ltr' id='par_1_58' title="bbox 392 3078 1921 3154">
     <span class='ocr_line' id='line_1_58' title="bbox 392 3078 1921 3154; baseline -0.004 -17"><span class='ocrx_word' id='word_1_426' title='bbox 392 3083 500 3137; x_wconf 80' lang='grc' dir='ltr'>Τὸν</span> <span class='ocrx_word' id='word_1_427' title='bbox 546 3081 643 3136; x_wconf 88' lang='grc' dir='ltr'><strong>τοῦ</strong></span> <span class='ocrx_word' id='word_1_428' title='bbox 695 3083 862 3154; x_wconf 85' lang='grc' dir='ltr'>νόμου</span> <span class='ocrx_word' id='word_1_429' title='bbox 930 3081 1111 3135; x_wconf 83' lang='grc' dir='ltr'>τοίνυν</span> <span class='ocrx_word' id='word_1_430' title='bbox 1191 3081 1396 3150; x_wconf 77' lang='grc' dir='ltr'>πληροῖ</span> <span class='ocrx_word' id='word_1_431' title='bbox 1463 3078 1667 3136; x_wconf 77' lang='grc' dir='ltr'>σκοπὸν</span> <span class='ocrx_word' id='word_1_432' title='bbox 1741 3080 1770 3132; x_wconf 88' lang='lat'><strong>6</strong></span> <span class='ocrx_word' id='word_1_433' title='bbox 1829 3089 1921 3133; x_wconf 85' lang='grc' dir='ltr'>πι-</span> 
     </span>
    </p>
   </div>
   <div class='ocr_carea' id='block_1_59' title="bbox 2100 3077 3630 3152">
    <p class='ocr_par' dir='ltr' id='par_1_59' title="bbox 2100 3077 3630 3152">
     <span class='ocr_line' id='line_1_59' title="bbox 2100 3077 3630 3152; baseline 0.006 -19"><span class='ocrx_word' id='word_1_434' title='bbox 2100 3078 2262 3148; x_wconf 88' lang='lat' dir='ltr'><strong>Legis</strong></span> <span class='ocrx_word' id='word_1_435' title='bbox 2288 3077 2454 3135; x_wconf 84' lang='lat' dir='ltr'><strong>ﬁnem</strong></span> <span class='ocrx_word' id='word_1_436' title='bbox 2487 3079 2683 3151; x_wconf 90' lang='lat' dir='ltr'><strong>implet</strong></span> <span class='ocrx_word' id='word_1_437' title='bbox 2721 3081 2817 3151; x_wconf 90' lang='lat' dir='ltr'><strong>qui</strong></span> <span class='ocrx_word' id='word_1_438' title='bbox 2851 3077 3033 3138; x_wconf 90' lang='lat' dir='ltr'><strong>credit</strong></span> <span class='ocrx_word' id='word_1_439' title='bbox 3069 3081 3338 3140; x_wconf 85' lang='lat' dir='ltr'><strong>Salvatori</strong></span> <span class='ocrx_word' id='word_1_440' title='bbox 3371 3083 3630 3152; x_wconf 77' lang='lat' dir='ltr'><strong>Christo;</strong></span> 
     </span>
    </p>
   </div>
   <div class='ocr_carea' id='block_1_60' title="bbox 319 3157 1913 3248">
    <p class='ocr_par' dir='ltr' id='par_1_60' title="bbox 319 3172 1913 3246">
     <span class='ocr_line' id='line_1_60' title="bbox 319 3172 1913 3246; baseline -0.004 -16"><span class='ocrx_word' id='word_1_441' title='bbox 319 3175 535 3230; x_wconf 80' lang='grc' dir='ltr'>στεύων</span> <span class='ocrx_word' id='word_1_442' title='bbox 589 3172 670 3244; x_wconf 85' lang='grc' dir='ltr'>τῷ</span> <span class='ocrx_word' id='word_1_443' title='bbox 715 3174 932 3246; x_wconf 80' lang='grc' dir='ltr'>Σωτῆρι</span> <span class='ocrx_word' id='word_1_444' title='bbox 975 3173 1239 3244; x_wconf 85' lang='grc' dir='ltr'>Χριστῷ·</span> <span class='ocrx_word' id='word_1_445' title='bbox 1286 3173 1426 3226; x_wconf 84' lang='grc' dir='ltr'>διότι</span> <span class='ocrx_word' id='word_1_446' title='bbox 1467 3173 1716 3244; x_wconf 79' lang='grc' dir='ltr'>περιέχει</span> <span class='ocrx_word' id='word_1_447' title='bbox 1762 3173 1820 3225; x_wconf 79' lang='grc' dir='ltr'><strong>έν</strong></span> <span class='ocrx_word' id='word_1_448' title='bbox 1853 3173 1913 3243; x_wconf 70' lang='grc' dir='ltr'>τῇ</span> 
     </span>
    </p>
   </div>
   <div class='ocr_carea' id='block_1_61' title="bbox 2019 3157 3629 3248">
    <p class='ocr_par' dir='ltr' id='par_1_61' title="bbox 2028 3171 3629 3248">
     <span class='ocr_line' id='line_1_61' title="bbox 2028 3171 3629 3248; baseline 0.006 -22"><span class='ocrx_word' id='word_1_449' title='bbox 2028 3171 2155 3227; x_wconf 88' lang='lat' dir='ltr'><strong>ideo</strong></span> <span class='ocrx_word' id='word_1_450' title='bbox 2185 3171 2469 3227; x_wconf 88' lang='lat' dir='ltr'><strong>invenitur</strong></span> <span class='ocrx_word' id='word_1_451' title='bbox 2524 3172 2581 3226; x_wconf 91' lang='lat' dir='ltr'><strong>in</strong></span> <span class='ocrx_word' id='word_1_452' title='bbox 2618 3172 2943 3244; x_wconf 87' lang='lat' dir='ltr'><strong>Scriptura:</strong></span> <span class='ocrx_word' id='word_1_453' title='bbox 2977 3192 2996 3226; x_wconf 79' lang='grc' dir='ltr'><strong>ι</strong></span> <span class='ocrx_word' id='word_1_454' title='bbox 3028 3175 3172 3232; x_wconf 90' lang='lat' dir='ltr'><strong>Ecce</strong></span> <span class='ocrx_word' id='word_1_455' title='bbox 3200 3192 3347 3248; x_wconf 92' lang='lat' dir='ltr'><strong>pono</strong></span> <span class='ocrx_word' id='word_1_456' title='bbox 3392 3178 3451 3234; x_wconf 90' lang='lat' dir='ltr'><strong>in</strong></span> <span class='ocrx_word' id='word_1_457' title='bbox 3494 3178 3629 3236; x_wconf 90' lang='lat' dir='ltr'><strong>Sion</strong></span> 
     </span>
    </p>
   </div>
   <div class='ocr_carea' id='block_1_62' title="bbox 319 3265 1921 3341">
    <p class='ocr_par' dir='ltr' id='par_1_62' title="bbox 319 3265 1921 3341">
     <span class='ocr_line' id='line_1_62' title="bbox 319 3265 1921 3341; baseline -0.003 -19"><span class='ocrx_word' id='word_1_458' title='bbox 319 3269 521 3341; x_wconf 80' lang='grc' dir='ltr'>Γραφῇ</span> <span class='ocrx_word' id='word_1_459' title='bbox 543 3285 558 3299; x_wconf 78' lang='grc' dir='ltr'><strong>ο</strong></span> <span class='ocrx_word' id='word_1_460' title='bbox 589 3287 606 3320; x_wconf 79' lang='grc' dir='ltr'><strong>ι</strong></span> <span class='ocrx_word' id='word_1_461' title='bbox 648 3267 779 3322; x_wconf 80' lang='grc' dir='ltr'>Ἰδοὺ</span> <span class='ocrx_word' id='word_1_462' title='bbox 800 3267 989 3337; x_wconf 82' lang='grc' dir='ltr'>τίθημι</span> <span class='ocrx_word' id='word_1_463' title='bbox 1008 3268 1062 3320; x_wconf 76' lang='grc' dir='ltr'><strong>ὲν</strong></span> <span class='ocrx_word' id='word_1_464' title='bbox 1075 3265 1214 3319; x_wconf 84' lang='grc' dir='ltr'>Σιὼν</span> <span class='ocrx_word' id='word_1_465' title='bbox 1227 3265 1376 3321; x_wconf 85' lang='grc' dir='ltr'>λίθον</span> <span class='ocrx_word' id='word_1_466' title='bbox 1393 3267 1806 3338; x_wconf 83' lang='grc' dir='ltr'>ἀκρογωνιαῖον,</span> <span class='ocrx_word' id='word_1_467' title='bbox 1832 3267 1921 3318; x_wconf 72' lang='grc' dir='ltr'><strong>ὲκο</strong></span> 
     </span>
    </p>
   </div>
   <div class='ocr_carea' id='block_1_63' title="bbox 320 3359 1923 3431">
    <p class='ocr_par' dir='ltr' id='par_1_63' title="bbox 320 3359 1923 3431">
     <span class='ocr_line' id='line_1_63' title="bbox 320 3359 1923 3431; baseline -0.002 -16"><span class='ocrx_word' id='word_1_468' title='bbox 320 3362 537 3424; x_wconf 83' lang='grc' dir='ltr'>λεκτὸν,</span> <span class='ocrx_word' id='word_1_469' title='bbox 558 3359 795 3431; x_wconf 77' lang='grc' dir='ltr'>ἔντιμον,</span> <span class='ocrx_word' id='word_1_470' title='bbox 829 3359 925 3413; x_wconf 74' lang='grc' dir='ltr'><strong>καὶ</strong></span> <span class='ocrx_word' id='word_1_471' title='bbox 940 3361 968 3412; x_wconf 88' lang='lat'><strong>6</strong></span> <span class='ocrx_word' id='word_1_472' title='bbox 987 3359 1259 3413; x_wconf 88' lang='grc' dir='ltr'>πιστεύων</span> <span class='ocrx_word' id='word_1_473' title='bbox 1278 3362 1355 3423; x_wconf 80' lang='grc' dir='ltr'><strong>εἰς</strong></span> <span class='ocrx_word' id='word_1_474' title='bbox 1372 3359 1534 3414; x_wconf 82' lang='grc' dir='ltr'>αὑτὸν</span> <span class='ocrx_word' id='word_1_475' title='bbox 1559 3359 1620 3413; x_wconf 84' lang='grc' dir='ltr'><strong>οὐ</strong></span> <span class='ocrx_word' id='word_1_476' title='bbox 1642 3359 1716 3430; x_wconf 84' lang='grc' dir='ltr'>μὴ</span> <span class='ocrx_word' id='word_1_477' title='bbox 1732 3375 1923 3412; x_wconf 88' lang='grc' dir='ltr'>καται-</span> 
     </span>
    </p>
   </div>
   <div class='ocr_carea' id='block_1_64' title="bbox 323 3449 1926 3526">
    <p class='ocr_par' dir='ltr' id='par_1_64' title="bbox 323 3449 1926 3526">
     <span class='ocr_line' id='line_1_64' title="bbox 323 3449 1926 3526; baseline -0.004 -19"><span class='ocrx_word' id='word_1_478' title='bbox 323 3453 560 3526; x_wconf 68' lang='grc' dir='ltr'>σχυνθῇδ</span> <span class='ocrx_word' id='word_1_479' title='bbox 579 3473 598 3506; x_wconf 79' lang='grc' dir='ltr'><strong>ι</strong></span> <span class='ocrx_word' id='word_1_480' title='bbox 618 3453 778 3523; x_wconf 85' lang='grc' dir='ltr'>Ἡμῖν</span> <span class='ocrx_word' id='word_1_481' title='bbox 797 3451 890 3506; x_wconf 75' lang='grc' dir='ltr'><strong>οὖν</strong></span> <span class='ocrx_word' id='word_1_482' title='bbox 904 3454 938 3523; x_wconf 85' lang='grc' dir='ltr'><strong>ή</strong></span> <span class='ocrx_word' id='word_1_483' title='bbox 955 3453 1088 3523; x_wconf 79' lang='grc' dir='ltr'>τιμὴ</span> <span class='ocrx_word' id='word_1_484' title='bbox 1109 3453 1220 3515; x_wconf 84' lang='grc' dir='ltr'>τοῖς</span> <span class='ocrx_word' id='word_1_485' title='bbox 1241 3453 1610 3514; x_wconf 84' lang='grc' dir='ltr'>πιστεύουσιν,</span> <span class='ocrx_word' id='word_1_486' title='bbox 1640 3449 1926 3504; x_wconf 78' lang='grc' dir='ltr'>ἀπειθοῦσι</span> 
     </span>
    </p>
   </div>
   <div class='ocr_carea' id='block_1_65' title="bbox 321 3537 1926 3614">
    <p class='ocr_par' dir='ltr' id='par_1_65' title="bbox 321 3537 1926 3614">
     <span class='ocr_line' id='line_1_65' title="bbox 321 3537 1926 3614; baseline -0.004 -14"><span class='ocrx_word' id='word_1_487' title='bbox 321 3545 388 3600; x_wconf 81' lang='grc' dir='ltr'>δὲ</span> <span class='ocrx_word' id='word_1_488' title='bbox 425 3544 577 3598; x_wconf 86' lang='grc' dir='ltr'>λίθον</span> <span class='ocrx_word' id='word_1_489' title='bbox 631 3544 691 3598; x_wconf 79' lang='grc' dir='ltr'>όν</span> <span class='ocrx_word' id='word_1_490' title='bbox 729 3543 1147 3614; x_wconf 81' lang='grc' dir='ltr'>ἀπεδοκίμασαν</span> <span class='ocrx_word' id='word_1_491' title='bbox 1191 3547 1239 3597; x_wconf 79' lang='grc' dir='ltr'>οἱ</span> <span class='ocrx_word' id='word_1_492' title='bbox 1292 3543 1728 3614; x_wconf 80' lang='grc' dir='ltr'>οἰκοδομοῦντες,</span> <span class='ocrx_word' id='word_1_493' title='bbox 1772 3537 1926 3606; x_wconf 72' lang='grc' dir='ltr'>οὗτος</span> 
     </span>
    </p>
   </div>
   <div class='ocr_carea' id='block_1_66' title="bbox 326 3636 1927 3708">
    <p class='ocr_par' dir='ltr' id='par_1_66' title="bbox 326 3636 1927 3708">
     <span class='ocr_line' id='line_1_66' title="bbox 326 3636 1927 3708; baseline -0.002 -16"><span class='ocrx_word' id='word_1_494' title='bbox 326 3637 571 3707; x_wconf 77' lang='grc' dir='ltr'>ἐγενήθη</span> <span class='ocrx_word' id='word_1_495' title='bbox 607 3638 690 3702; x_wconf 87' lang='grc' dir='ltr'><strong>είς</strong></span> <span class='ocrx_word' id='word_1_496' title='bbox 728 3636 970 3708; x_wconf 76' lang='grc' dir='ltr'>κεφαλὴν</span> <span class='ocrx_word' id='word_1_497' title='bbox 1004 3636 1208 3704; x_wconf 84' lang='grc' dir='ltr'>γωνίας</span> <span class='ocrx_word' id='word_1_498' title='bbox 1251 3639 1346 3691; x_wconf 74' lang='grc' dir='ltr'><strong>καὶ</strong></span> <span class='ocrx_word' id='word_1_499' title='bbox 1377 3636 1522 3690; x_wconf 87' lang='grc' dir='ltr'>λίθον</span> <span class='ocrx_word' id='word_1_500' title='bbox 1563 3636 1927 3708; x_wconf 84' lang='grc' dir='ltr'>προσκόμμα-</span> 
     </span>
    </p>
   </div>
   <div class='ocr_carea' id='block_1_67' title="bbox 327 3722 1933 3801">
    <p class='ocr_par' dir='ltr' id='par_1_67' title="bbox 327 3722 1933 3801">
     <span class='ocr_line' id='line_1_67' title="bbox 327 3722 1933 3801; baseline -0.002 -18"><span class='ocrx_word' id='word_1_501' title='bbox 327 3747 426 3793; x_wconf 82' lang='grc' dir='ltr'><strong>τος</strong></span> <span class='ocrx_word' id='word_1_502' title='bbox 456 3729 552 3784; x_wconf 80' lang='grc' dir='ltr'>καὶ</span> <span class='ocrx_word' id='word_1_503' title='bbox 583 3729 791 3800; x_wconf 86' lang='grc' dir='ltr'>πέτραν</span> <span class='ocrx_word' id='word_1_504' title='bbox 821 3729 1144 3791; x_wconf 77' lang='grc' dir='ltr'>σκανδάλου.</span> <span class='ocrx_word' id='word_1_505' title='bbox 1172 3722 1238 3783; x_wconf 71' lang='grc' dir='ltr'><strong>οῖ’</strong></span> <span class='ocrx_word' id='word_1_506' title='bbox 1258 3729 1636 3801; x_wconf 83' lang='grc' dir='ltr'>προκόπτουσι</span> <span class='ocrx_word' id='word_1_507' title='bbox 1667 3727 1746 3799; x_wconf 81' lang='grc' dir='ltr'>τῷ</span> <span class='ocrx_word' id='word_1_508' title='bbox 1774 3727 1933 3798; x_wconf 82' lang='grc' dir='ltr'>Λόγῳ</span> 
     </span>
    </p>
   </div>
   <div class='ocr_carea' id='block_1_68' title="bbox 330 3821 1936 3894">
    <p class='ocr_par' dir='ltr' id='par_1_68' title="bbox 330 3821 1936 3894">
     <span class='ocr_line' id='line_1_68' title="bbox 330 3821 1936 3894; baseline -0.002 -17"><span class='ocrx_word' id='word_1_509' title='bbox 330 3822 695 3886; x_wconf 78' lang='grc' dir='ltr'>ἀπειθοῦντες</span> <span class='ocrx_word' id='word_1_510' title='bbox 719 3823 800 3886; x_wconf 86' lang='grc' dir='ltr'><strong>είς</strong></span> <span class='ocrx_word' id='word_1_511' title='bbox 845 3821 906 3876; x_wconf 84' lang='grc' dir='ltr'><strong>ὃν</strong></span> <span class='ocrx_word' id='word_1_512' title='bbox 945 3823 1043 3876; x_wconf 80' lang='grc' dir='ltr'><strong>καὶ</strong></span> <span class='ocrx_word' id='word_1_513' title='bbox 1092 3821 1361 3892; x_wconf 75' lang='grc' dir='ltr'>ἐτέθησαν</span> <span class='ocrx_word' id='word_1_514' title='bbox 1381 3837 1397 3855; x_wconf 72' lang='grc' dir='ltr'><strong><em>ο</em></strong></span> <span class='ocrx_word' id='word_1_515' title='bbox 1427 3841 1446 3872; x_wconf 74' lang='grc' dir='ltr'><strong>ι</strong></span> <span class='ocrx_word' id='word_1_516' title='bbox 1481 3823 1647 3894; x_wconf 78' lang='grc' dir='ltr'>ἡμεῖς</span> <span class='ocrx_word' id='word_1_517' title='bbox 1685 3821 1742 3874; x_wconf 80' lang='grc' dir='ltr'>δὲ</span> <span class='ocrx_word' id='word_1_518' title='bbox 1766 3822 1816 3875; x_wconf 85' lang='lat' dir='ltr'><strong>oi</strong></span> <span class='ocrx_word' id='word_1_519' title='bbox 1846 3839 1936 3874; x_wconf 85' lang='grc' dir='ltr'>πι-</span> 
     </span>
    </p>
   </div>
   <div class='ocr_carea' id='block_1_69' title="bbox 334 3913 1939 3986">
    <p class='ocr_par' dir='ltr' id='par_1_69' title="bbox 334 3913 1939 3986">
     <span class='ocr_line' id='line_1_69' title="bbox 334 3913 1939 3986; baseline -0.003 -16"><span class='ocrx_word' id='word_1_520' title='bbox 334 3915 627 3981; x_wconf 84' lang='grc' dir='ltr'>στεύοντες</span> <span class='ocrx_word' id='word_1_521' title='bbox 659 3918 754 3970; x_wconf 75' lang='grc' dir='ltr'>καὶ</span> <span class='ocrx_word' id='word_1_522' title='bbox 780 3914 1197 3986; x_wconf 79' lang='grc' dir='ltr'>βαπτισθέντες,</span> <span class='ocrx_word' id='word_1_523' title='bbox 1233 3915 1440 3980; x_wconf 83' lang='grc' dir='ltr'>ιΓένος</span> <span class='ocrx_word' id='word_1_524' title='bbox 1473 3914 1750 3978; x_wconf 74' lang='grc' dir='ltr'>ἐκλεκτὸν,</span> <span class='ocrx_word' id='word_1_525' title='bbox 1783 3913 1939 3984; x_wconf 82' lang='grc' dir='ltr'>βασί-</span> 
     </span>
    </p>
   </div>
   <div class='ocr_carea' id='block_1_70' title="bbox 2024 3261 3632 3344">
    <p class='ocr_par' dir='ltr' id='par_1_70' title="bbox 2024 3261 3632 3344">
     <span class='ocr_line' id='line_1_70' title="bbox 2024 3261 3632 3344; baseline 0.006 -25"><span class='ocrx_word' id='word_1_526' title='bbox 2024 3261 2267 3334; x_wconf 86' lang='lat' dir='ltr'><strong>lapidem</strong></span> <span class='ocrx_word' id='word_1_527' title='bbox 2303 3264 2646 3334; x_wconf 76' lang='lat' dir='ltr'><strong>angularem,</strong></span> <span class='ocrx_word' id='word_1_528' title='bbox 2701 3263 2968 3332; x_wconf 89' lang='lat' dir='ltr'><strong>electum,</strong></span> <span class='ocrx_word' id='word_1_529' title='bbox 3029 3266 3384 3335; x_wconf 86' lang='lat' dir='ltr'><strong>honoratum,</strong></span> <span class='ocrx_word' id='word_1_530' title='bbox 3429 3279 3487 3326; x_wconf 85' lang='lat' dir='ltr'><strong>et</strong></span> <span class='ocrx_word' id='word_1_531' title='bbox 3537 3271 3632 3344; x_wconf 88' lang='lat' dir='ltr'><strong>qui</strong></span> 
     </span>
    </p>
   </div>
   <div class='ocr_carea' id='block_1_71' title="bbox 2027 3354 3635 3432">
    <p class='ocr_par' dir='ltr' id='par_1_71' title="bbox 2027 3354 3635 3432">
     <span class='ocr_line' id='line_1_71' title="bbox 2027 3354 3635 3432; baseline 0.006 -23"><span class='ocrx_word' id='word_1_532' title='bbox 2027 3354 2208 3411; x_wconf 89' lang='lat' dir='ltr'><strong>credit</strong></span> <span class='ocrx_word' id='word_1_533' title='bbox 2238 3355 2296 3409; x_wconf 92' lang='lat' dir='ltr'><strong>in</strong></span> <span class='ocrx_word' id='word_1_534' title='bbox 2328 3371 2454 3411; x_wconf 91' lang='lat' dir='ltr'><strong>eum</strong></span> <span class='ocrx_word' id='word_1_535' title='bbox 2484 3371 2598 3410; x_wconf 90' lang='lat' dir='ltr'><strong>non</strong></span> <span class='ocrx_word' id='word_1_536' title='bbox 2663 3355 3067 3412; x_wconf 76' lang='lat' dir='ltr'><strong>confundetur.</strong></span> <span class='ocrx_word' id='word_1_537' title='bbox 3122 3357 3298 3414; x_wconf 87' lang='lat' dir='ltr'><strong>Nobis</strong></span> <span class='ocrx_word' id='word_1_538' title='bbox 3328 3361 3500 3432; x_wconf 85' lang='lat' dir='ltr'><strong>igitur</strong></span> <span class='ocrx_word' id='word_1_539' title='bbox 3529 3364 3635 3419; x_wconf 88' lang='lat' dir='ltr'><strong>ho-</strong></span> 
     </span>
    </p>
   </div>
   <div class='ocr_carea' id='block_1_72' title="bbox 2028 3446 3632 3523">
    <p class='ocr_par' dir='ltr' id='par_1_72' title="bbox 2028 3446 3632 3523">
     <span class='ocr_line' id='line_1_72' title="bbox 2028 3446 3632 3523; baseline 0.004 -21"><span class='ocrx_word' id='word_1_540' title='bbox 2028 3463 2134 3505; x_wconf 87' lang='lat' dir='ltr'><strong>nor</strong></span> <span class='ocrx_word' id='word_1_541' title='bbox 2169 3447 2569 3514; x_wconf 90' lang='lat' dir='ltr'><strong>credentibus;</strong></span> <span class='ocrx_word' id='word_1_542' title='bbox 2603 3463 2714 3502; x_wconf 92' lang='lat' dir='ltr'><strong>non</strong></span> <span class='ocrx_word' id='word_1_543' title='bbox 2747 3446 3108 3503; x_wconf 89' lang='lat' dir='ltr'><strong>credentibus</strong></span> <span class='ocrx_word' id='word_1_544' title='bbox 3156 3458 3342 3506; x_wconf 88' lang='lat' dir='ltr'><strong>autem</strong></span> <span class='ocrx_word' id='word_1_545' title='bbox 3392 3451 3632 3523; x_wconf 86' lang='lat' dir='ltr'><strong>lapidem</strong></span> 
     </span>
    </p>
   </div>
   <div class='ocr_carea' id='block_1_73' title="bbox 2033 3539 3636 3617">
    <p class='ocr_par' dir='ltr' id='par_1_73' title="bbox 2033 3539 3636 3617">
     <span class='ocr_line' id='line_1_73' title="bbox 2033 3539 3636 3617; baseline 0.004 -21"><span class='ocrx_word' id='word_1_546' title='bbox 2033 3557 2199 3612; x_wconf 87' lang='lat' dir='ltr'><strong>quem</strong></span> <span class='ocrx_word' id='word_1_547' title='bbox 2225 3540 2670 3612; x_wconf 82' lang='lat' dir='ltr'><strong>reprobaverunt</strong></span> <span class='ocrx_word' id='word_1_548' title='bbox 2695 3539 3058 3606; x_wconf 79' lang='lat' dir='ltr'><strong>aediﬁcantes,</strong></span> <span class='ocrx_word' id='word_1_549' title='bbox 3083 3541 3176 3598; x_wconf 86' lang='lat' dir='ltr'><strong>hic</strong></span> <span class='ocrx_word' id='word_1_550' title='bbox 3191 3542 3372 3599; x_wconf 85' lang='lat' dir='ltr'><strong>factus</strong></span> <span class='ocrx_word' id='word_1_551' title='bbox 3393 3544 3448 3599; x_wconf 91' lang='lat' dir='ltr'><strong>in</strong></span> <span class='ocrx_word' id='word_1_552' title='bbox 3470 3554 3636 3617; x_wconf 89' lang='lat' dir='ltr'><strong>caput</strong></span> 
     </span>
    </p>
   </div>
   <div class='ocr_carea' id='block_1_74' title="bbox 2035 3633 3638 3706">
    <p class='ocr_par' dir='ltr' id='par_1_74' title="bbox 2035 3633 3638 3706">
     <span class='ocr_line' id='line_1_74' title="bbox 2035 3633 3638 3706; baseline 0.003 -16"><span class='ocrx_word' id='word_1_553' title='bbox 2035 3634 2245 3705; x_wconf 84' lang='lat' dir='ltr'><strong>anguli,</strong></span> <span class='ocrx_word' id='word_1_554' title='bbox 2276 3643 2331 3687; x_wconf 88' lang='lat' dir='ltr'><strong>et</strong></span> <span class='ocrx_word' id='word_1_555' title='bbox 2362 3634 2501 3704; x_wconf 88' lang='lat' dir='ltr'><strong>lapis</strong></span> <span class='ocrx_word' id='word_1_556' title='bbox 2541 3633 2868 3689; x_wconf 72' lang='lat' dir='ltr'><strong>offensionis</strong></span> <span class='ocrx_word' id='word_1_557' title='bbox 2922 3642 2979 3690; x_wconf 93' lang='lat' dir='ltr'><strong>et</strong></span> <span class='ocrx_word' id='word_1_558' title='bbox 3033 3645 3191 3706; x_wconf 84' lang='lat' dir='ltr'><strong>petra</strong></span> <span class='ocrx_word' id='word_1_559' title='bbox 3244 3637 3514 3706; x_wconf 89' lang='lat' dir='ltr'><strong>scandali,</strong></span> <span class='ocrx_word' id='word_1_560' title='bbox 3550 3639 3638 3696; x_wconf 86' lang='lat' dir='ltr'><strong>his</strong></span> 
     </span>
    </p>
   </div>
   <div class='ocr_carea' id='block_1_75' title="bbox 2038 3727 3637 3808">
    <p class='ocr_par' dir='ltr' id='par_1_75' title="bbox 2038 3727 3637 3808">
     <span class='ocr_line' id='line_1_75' title="bbox 2038 3727 3637 3808; baseline 0.002 -22"><span class='ocrx_word' id='word_1_561' title='bbox 2038 3731 2135 3801; x_wconf 89' lang='lat' dir='ltr'><strong>qui</strong></span> <span class='ocrx_word' id='word_1_562' title='bbox 2165 3727 2459 3786; x_wconf 81' lang='lat' dir='ltr'><strong>offendunt</strong></span> <span class='ocrx_word' id='word_1_563' title='bbox 2487 3728 2669 3785; x_wconf 78' lang='lat' dir='ltr'><strong>Verbo</strong></span> <span class='ocrx_word' id='word_1_564' title='bbox 2695 3745 2806 3786; x_wconf 91' lang='lat' dir='ltr'><strong>non</strong></span> <span class='ocrx_word' id='word_1_565' title='bbox 2832 3731 3127 3788; x_wconf 86' lang='lat' dir='ltr'><strong>credentes</strong></span> <span class='ocrx_word' id='word_1_566' title='bbox 3158 3732 3208 3788; x_wconf 90' lang='lat' dir='ltr'><strong>ei</strong></span> <span class='ocrx_word' id='word_1_567' title='bbox 3255 3735 3310 3789; x_wconf 89' lang='lat' dir='ltr'><strong>in</strong></span> <span class='ocrx_word' id='word_1_568' title='bbox 3334 3750 3445 3805; x_wconf 91' lang='lat' dir='ltr'><strong>quo</strong></span> <span class='ocrx_word' id='word_1_569' title='bbox 3471 3735 3637 3808; x_wconf 90' lang='lat' dir='ltr'><strong>positi</strong></span> 
     </span>
    </p>
   </div>
   <div class='ocr_carea' id='block_1_76' title="bbox 2039 3809 3639 3899">
    <p class='ocr_par' dir='ltr' id='par_1_76' title="bbox 2039 3809 3639 3899">
     <span class='ocr_line' id='line_1_76' title="bbox 2039 3809 3639 3899; baseline 0.004 -24"><span class='ocrx_word' id='word_1_570' title='bbox 2039 3809 2252 3875; x_wconf 81' lang='lat' dir='ltr'><strong>sunt&quot;.</strong></span> <span class='ocrx_word' id='word_1_571' title='bbox 2296 3840 2312 3872; x_wconf 79' lang='grc' dir='ltr'><strong>ι</strong></span> <span class='ocrx_word' id='word_1_572' title='bbox 2349 3820 2462 3876; x_wconf 86' lang='lat' dir='ltr'><strong>Nos</strong></span> <span class='ocrx_word' id='word_1_573' title='bbox 2494 3829 2679 3876; x_wconf 89' lang='lat' dir='ltr'><strong>autem</strong></span> <span class='ocrx_word' id='word_1_574' title='bbox 2703 3821 2995 3878; x_wconf 87' lang='lat' dir='ltr'><strong>credentes</strong></span> <span class='ocrx_word' id='word_1_575' title='bbox 3024 3823 3386 3896; x_wconf 88' lang='lat' dir='ltr'><strong>etbaptizati,</strong></span> <span class='ocrx_word' id='word_1_576' title='bbox 3415 3845 3436 3878; x_wconf 78' lang='grc' dir='ltr'><strong>ι</strong></span> <span class='ocrx_word' id='word_1_577' title='bbox 3465 3842 3639 3899; x_wconf 89' lang='lat' dir='ltr'><strong>genus</strong></span> 
     </span>
    </p>
   </div>
   <div class='ocr_carea' id='block_1_77' title="bbox 2041 3913 3642 3990">
    <p class='ocr_par' dir='ltr' id='par_1_77' title="bbox 2041 3913 3642 3990">
     <span class='ocr_line' id='line_1_77' title="bbox 2041 3913 3642 3990; baseline 0.004 -22"><span class='ocrx_word' id='word_1_578' title='bbox 2041 3913 2302 3978; x_wconf 88' lang='lat' dir='ltr'><strong>electum,</strong></span> <span class='ocrx_word' id='word_1_579' title='bbox 2339 3913 2521 3984; x_wconf 80' lang='lat' dir='ltr'><strong>regale</strong></span> <span class='ocrx_word' id='word_1_580' title='bbox 2557 3913 2952 3981; x_wconf 86' lang='lat' dir='ltr'><strong>sacerdotium,</strong></span> <span class='ocrx_word' id='word_1_581' title='bbox 2987 3931 3122 3986; x_wconf 90' lang='lat' dir='ltr'><strong>gens</strong></span> <span class='ocrx_word' id='word_1_582' title='bbox 3149 3927 3375 3985; x_wconf 86' lang='lat' dir='ltr'><strong>sancta;</strong></span> <span class='ocrx_word' id='word_1_583' title='bbox 3402 3920 3642 3990; x_wconf 87' lang='lat' dir='ltr'><strong>populus</strong></span> 
     </span>
    </p>
   </div>
   <div class='ocr_carea' id='block_1_78' title="bbox 331 4005 1913 4084">
    <p class='ocr_par' dir='ltr' id='par_1_78' title="bbox 331 4011 1900 4084">
     <span class='ocr_line' id='line_1_78' title="bbox 331 4011 1900 4084; baseline -0.002 -18"><span class='ocrx_word' id='word_1_584' title='bbox 331 4014 485 4066; x_wconf 78' lang='grc' dir='ltr'>λειον</span> <span class='ocrx_word' id='word_1_585' title='bbox 518 4012 844 4084; x_wconf 77' lang='grc' dir='ltr'>ἱεράτευμα,</span> <span class='ocrx_word' id='word_1_586' title='bbox 875 4012 1027 4075; x_wconf 69' lang='grc' dir='ltr'>ἔθνος</span> <span class='ocrx_word' id='word_1_587' title='bbox 1062 4012 1241 4079; x_wconf 76' lang='grc' dir='ltr'>ἀγιον,</span> <span class='ocrx_word' id='word_1_588' title='bbox 1273 4011 1401 4075; x_wconf 81' lang='grc' dir='ltr'>λαὸς</span> <span class='ocrx_word' id='word_1_589' title='bbox 1433 4013 1512 4076; x_wconf 82' lang='grc' dir='ltr'><strong>είς</strong></span> <span class='ocrx_word' id='word_1_590' title='bbox 1541 4011 1900 4082; x_wconf 83' lang='grc' dir='ltr'>περιποίησιν</span> 
     </span>
    </p>
   </div>
   <div class='ocr_carea' id='block_1_79' title="bbox 2019 4005 3639 4084">
    <p class='ocr_par' dir='ltr' id='par_1_79' title="bbox 2044 4005 3639 4084">
     <span class='ocr_line' id='line_1_79' title="bbox 2044 4005 3639 4084; baseline 0.005 -25"><span class='ocrx_word' id='word_1_591' title='bbox 2044 4005 2100 4059; x_wconf 86' lang='lat' dir='ltr'><strong>in</strong></span> <span class='ocrx_word' id='word_1_592' title='bbox 2157 4005 2622 4074; x_wconf 87' lang='lat' dir='ltr'><strong>acquisitionem;</strong></span> <span class='ocrx_word' id='word_1_593' title='bbox 2659 4014 2722 4061; x_wconf 92' lang='lat' dir='ltr'><strong>ut</strong></span> <span class='ocrx_word' id='word_1_594' title='bbox 2755 4006 2992 4062; x_wconf 87' lang='lat' dir='ltr'><strong>virtutes</strong></span> <span class='ocrx_word' id='word_1_595' title='bbox 3046 4010 3445 4066; x_wconf 84' lang='lat' dir='ltr'><strong>annuntiemus</strong></span> <span class='ocrx_word' id='word_1_596' title='bbox 3498 4013 3639 4084; x_wconf 80' lang='lat' dir='ltr'><strong>ejus,</strong></span> 
     </span>
    </p>
   </div>
   <div class='ocr_carea' id='block_1_80' title="bbox 333 4095 1913 4176">
    <p class='ocr_par' dir='ltr' id='par_1_80' title="bbox 333 4102 1913 4176">
     <span class='ocr_line' id='line_1_80' title="bbox 333 4102 1913 4176; baseline -0.003 -16"><span class='ocrx_word' id='word_1_597' title='bbox 333 4107 490 4171; x_wconf 76' lang='grc' dir='ltr'>ὅπως</span> <span class='ocrx_word' id='word_1_598' title='bbox 516 4105 618 4169; x_wconf 80' lang='grc' dir='ltr'>τὰς</span> <span class='ocrx_word' id='word_1_599' title='bbox 640 4105 844 4176; x_wconf 76' lang='grc' dir='ltr'>ἀρετὰς</span> <span class='ocrx_word' id='word_1_600' title='bbox 874 4103 1287 4174; x_wconf 75' lang='grc' dir='ltr'>ὲξαγγείλωμεν</span> <span class='ocrx_word' id='word_1_601' title='bbox 1319 4102 1413 4156; x_wconf 87' lang='grc' dir='ltr'><strong>τοῦ</strong></span> <span class='ocrx_word' id='word_1_602' title='bbox 1441 4105 1506 4158; x_wconf 81' lang='grc' dir='ltr'>ὲκ</span> <span class='ocrx_word' id='word_1_603' title='bbox 1535 4104 1764 4168; x_wconf 77' lang='grc' dir='ltr'>σκότους</span> <span class='ocrx_word' id='word_1_604' title='bbox 1791 4104 1913 4173; x_wconf 56' lang='lat' dir='ltr'><strong>qua</strong></span> 
     </span>
    </p>
   </div>
   <div class='ocr_carea' id='block_1_81' title="bbox 2019 4095 3643 4176">
    <p class='ocr_par' dir='ltr' id='par_1_81' title="bbox 2047 4095 3643 4167">
     <span class='ocr_line' id='line_1_81' title="bbox 2047 4095 3643 4167; baseline 0.006 -17"><span class='ocrx_word' id='word_1_605' title='bbox 2047 4097 2142 4167; x_wconf 88' lang='lat' dir='ltr'><strong>qui</strong></span> <span class='ocrx_word' id='word_1_606' title='bbox 2183 4095 2251 4151; x_wconf 91' lang='lat' dir='ltr'><strong>de</strong></span> <span class='ocrx_word' id='word_1_607' title='bbox 2303 4097 2553 4153; x_wconf 87' lang='lat' dir='ltr'><strong>tenebris</strong></span> <span class='ocrx_word' id='word_1_608' title='bbox 2595 4113 2698 4153; x_wconf 90' lang='lat' dir='ltr'><strong>nos</strong></span> <span class='ocrx_word' id='word_1_609' title='bbox 2741 4098 2960 4154; x_wconf 85' lang='lat' dir='ltr'><strong>vocavit</strong></span> <span class='ocrx_word' id='word_1_610' title='bbox 2986 4099 3042 4154; x_wconf 93' lang='lat' dir='ltr'><strong>in</strong></span> <span class='ocrx_word' id='word_1_611' title='bbox 3073 4100 3404 4158; x_wconf 87' lang='lat' dir='ltr'><strong>admirabile</strong></span> <span class='ocrx_word' id='word_1_612' title='bbox 3453 4103 3643 4159; x_wconf 91' lang='lat' dir='ltr'><strong>lumen</strong></span> 
     </span>
    </p>
   </div>
   <div class='ocr_carea' id='block_1_82' title="bbox 341 4187 1913 4268">
    <p class='ocr_par' dir='ltr' id='par_1_82' title="bbox 341 4196 1912 4268">
     <span class='ocr_line' id='line_1_82' title="bbox 341 4196 1912 4268; baseline -0.003 -14"><span class='ocrx_word' id='word_1_613' title='bbox 341 4198 672 4263; x_wconf 64' lang='grc' dir='ltr'>καλέσαντος</span> <span class='ocrx_word' id='word_1_614' title='bbox 702 4199 782 4262; x_wconf 83' lang='grc' dir='ltr'><strong>είς</strong></span> <span class='ocrx_word' id='word_1_615' title='bbox 799 4197 860 4251; x_wconf 87' lang='grc' dir='ltr'>τὺ</span> <span class='ocrx_word' id='word_1_616' title='bbox 882 4196 1196 4265; x_wconf 85' lang='grc' dir='ltr'>θαυμαστὸν</span> <span class='ocrx_word' id='word_1_617' title='bbox 1247 4197 1415 4251; x_wconf 84' lang='grc' dir='ltr'>αὑτοῦ</span> <span class='ocrx_word' id='word_1_618' title='bbox 1473 4198 1590 4268; x_wconf 82' lang='grc' dir='ltr'><strong>φῶς</strong></span> <span class='ocrx_word' id='word_1_619' title='bbox 1609 4215 1626 4230; x_wconf 74' lang='grc' dir='ltr'><strong>ο</strong></span> <span class='ocrx_word' id='word_1_620' title='bbox 1651 4198 1700 4250; x_wconf 83' lang='lat' dir='ltr'><strong>oi</strong></span> <span class='ocrx_word' id='word_1_621' title='bbox 1725 4197 1857 4250; x_wconf 82' lang='grc' dir='ltr'>ποτὲ</span> <span class='ocrx_word' id='word_1_622' title='bbox 1883 4213 1912 4249; x_wconf 91' lang='grc' dir='ltr'><strong>ο</strong></span> 
     </span>
    </p>
   </div>
   <div class='ocr_carea' id='block_1_83' title="bbox 2019 4187 3643 4268">
    <p class='ocr_par' dir='ltr' id='par_1_83' title="bbox 2051 4187 3643 4262">
     <span class='ocr_line' id='line_1_83' title="bbox 2051 4187 3643 4262; baseline 0.003 -18"><span class='ocrx_word' id='word_1_623' title='bbox 2051 4203 2249 4254; x_wconf 89' lang='lat' dir='ltr'><strong>suum;</strong></span> <span class='ocrx_word' id='word_1_624' title='bbox 2296 4188 2389 4258; x_wconf 92' lang='lat' dir='ltr'><strong>qui</strong></span> <span class='ocrx_word' id='word_1_625' title='bbox 2433 4187 2730 4258; x_wconf 86' lang='lat' dir='ltr'><strong>aliquando</strong></span> <span class='ocrx_word' id='word_1_626' title='bbox 2777 4205 2889 4243; x_wconf 92' lang='lat' dir='ltr'><strong>non</strong></span> <span class='ocrx_word' id='word_1_627' title='bbox 2945 4190 3206 4262; x_wconf 89' lang='lat' dir='ltr'><strong>populus,</strong></span> <span class='ocrx_word' id='word_1_628' title='bbox 3260 4208 3411 4248; x_wconf 91' lang='lat' dir='ltr'><strong>nunc</strong></span> <span class='ocrx_word' id='word_1_629' title='bbox 3456 4205 3643 4249; x_wconf 87' lang='lat' dir='ltr'><strong>autem</strong></span> 
     </span>
    </p>
   </div>
   <div class='ocr_carea' id='block_1_84' title="bbox 336 4281 1913 4361">
    <p class='ocr_par' dir='ltr' id='par_1_84' title="bbox 336 4288 1913 4361">
     <span class='ocr_line' id='line_1_84' title="bbox 336 4288 1913 4361; baseline -0.002 -15"><span class='ocrx_word' id='word_1_630' title='bbox 336 4291 490 4359; x_wconf 73' lang='grc' dir='ltr'>λαὸς,</span> <span class='ocrx_word' id='word_1_631' title='bbox 518 4291 616 4345; x_wconf 90' lang='grc' dir='ltr'>νῦν</span> <span class='ocrx_word' id='word_1_632' title='bbox 633 4291 692 4344; x_wconf 82' lang='grc' dir='ltr'>δὲ</span> <span class='ocrx_word' id='word_1_633' title='bbox 711 4291 841 4354; x_wconf 85' lang='grc' dir='ltr'>λαὸς</span> <span class='ocrx_word' id='word_1_634' title='bbox 873 4290 1031 4355; x_wconf 86' lang='grc' dir='ltr'>Θεοῦ,</span> <span class='ocrx_word' id='word_1_635' title='bbox 1064 4290 1113 4342; x_wconf 81' lang='grc' dir='ltr'>οἱ</span> <span class='ocrx_word' id='word_1_636' title='bbox 1147 4290 1247 4343; x_wconf 83' lang='grc' dir='ltr'><strong>οὐκ</strong></span> <span class='ocrx_word' id='word_1_637' title='bbox 1271 4291 1588 4361; x_wconf 70' lang='grc' dir='ltr'>ἠλεημένοι,</span> <span class='ocrx_word' id='word_1_638' title='bbox 1620 4289 1715 4344; x_wconf 90' lang='grc' dir='ltr'>νῦν</span> <span class='ocrx_word' id='word_1_639' title='bbox 1740 4288 1796 4343; x_wconf 78' lang='grc' dir='ltr'>δὲ</span> <span class='ocrx_word' id='word_1_640' title='bbox 1836 4289 1913 4343; x_wconf 81' lang='grc' dir='ltr'><strong>ὲλε</strong></span> 
     </span>
    </p>
   </div>
   <div class='ocr_carea' id='block_1_85' title="bbox 2019 4281 3644 4361">
    <p class='ocr_par' dir='ltr' id='par_1_85' title="bbox 2052 4281 3644 4351">
     <span class='ocr_line' id='line_1_85' title="bbox 2052 4281 3644 4351; baseline 0.004 -16"><span class='ocrx_word' id='word_1_641' title='bbox 2052 4281 2291 4351; x_wconf 89' lang='lat' dir='ltr'><strong>populus</strong></span> <span class='ocrx_word' id='word_1_642' title='bbox 2343 4281 2480 4347; x_wconf 87' lang='lat' dir='ltr'><strong>Dei;</strong></span> <span class='ocrx_word' id='word_1_643' title='bbox 2539 4281 2633 4351; x_wconf 89' lang='lat' dir='ltr'><strong>qui</strong></span> <span class='ocrx_word' id='word_1_644' title='bbox 2680 4297 2792 4337; x_wconf 92' lang='lat' dir='ltr'><strong>non</strong></span> <span class='ocrx_word' id='word_1_645' title='bbox 2845 4282 3288 4340; x_wconf 85' lang='lat' dir='ltr'><strong>misericordiam</strong></span> <span class='ocrx_word' id='word_1_646' title='bbox 3337 4288 3644 4350; x_wconf 83' lang='lat' dir='ltr'><strong>consecuti.</strong></span> 
     </span>
    </p>
   </div>
   <div class='ocr_carea' id='block_1_86' title="bbox 334 4375 1913 4458">
    <p class='ocr_par' dir='ltr' id='par_1_86' title="bbox 334 4379 1913 4458">
     <span class='ocr_line' id='line_1_86' title="bbox 334 4379 1913 4458; baseline -0.004 -20"><span class='ocrx_word' id='word_1_647' title='bbox 334 4385 569 4458; x_wconf 82' lang='grc' dir='ltr'>ηθέντες</span> <span class='ocrx_word' id='word_1_648' title='bbox 584 4399 632 4436; x_wconf 73' lang='grc' dir='ltr'><strong>ἰ</strong></span> <span class='ocrx_word' id='word_1_649' title='bbox 654 4411 721 4423; x_wconf 89' lang='grc'><strong>-</strong></span> <span class='ocrx_word' id='word_1_650' title='bbox 746 4399 766 4433; x_wconf 72' lang='grc' dir='ltr'><strong>ι</strong></span> <span class='ocrx_word' id='word_1_651' title='bbox 791 4380 900 4446; x_wconf 70' lang='lat' dir='ltr'><strong>Oi);</strong></span> <span class='ocrx_word' id='word_1_652' title='bbox 914 4382 1009 4435; x_wconf 74' lang='grc' dir='ltr'>καὶ</span> <span class='ocrx_word' id='word_1_653' title='bbox 1022 4380 1286 4436; x_wconf 76' lang='grc' dir='ltr'>ἐκάλεσεν</span> <span class='ocrx_word' id='word_1_654' title='bbox 1301 4382 1448 4454; x_wconf 80' lang='grc' dir='ltr'>ἡμᾶς</span> <span class='ocrx_word' id='word_1_655' title='bbox 1463 4381 1522 4435; x_wconf 82' lang='grc' dir='ltr'><strong>οὐ</strong></span> <span class='ocrx_word' id='word_1_656' title='bbox 1553 4381 1716 4452; x_wconf 87' lang='grc' dir='ltr'>μόνον</span> <span class='ocrx_word' id='word_1_657' title='bbox 1739 4379 1797 4447; x_wconf 77' lang='grc' dir='ltr'><strong>ἐξ</strong></span> <span class='ocrx_word' id='word_1_658' title='bbox 1817 4380 1913 4433; x_wconf 81' lang='grc' dir='ltr'>Ίου</span> 
     </span>
    </p>
   </div>
   <div class='ocr_carea' id='block_1_87' title="bbox 2019 4375 3649 4458">
    <p class='ocr_par' dir='ltr' id='par_1_87' title="bbox 2055 4375 3649 4446">
     <span class='ocr_line' id='line_1_87' title="bbox 2055 4375 3649 4446; baseline 0.002 -17"><span class='ocrx_word' id='word_1_659' title='bbox 2055 4389 2206 4430; x_wconf 90' lang='lat' dir='ltr'><strong>nunc</strong></span> <span class='ocrx_word' id='word_1_660' title='bbox 2273 4381 2456 4430; x_wconf 90' lang='lat' dir='ltr'><strong>autem</strong></span> <span class='ocrx_word' id='word_1_661' title='bbox 2540 4375 2977 4433; x_wconf 89' lang='lat' dir='ltr'><strong>misericordiam</strong></span> <span class='ocrx_word' id='word_1_662' title='bbox 3050 4378 3334 4433; x_wconf 89' lang='lat' dir='ltr'><strong>consecuti</strong></span> <span class='ocrx_word' id='word_1_663' title='bbox 3359 4377 3442 4446; x_wconf 51' lang='lat' dir='ltr'><strong>l‘i;</strong></span> <span class='ocrx_word' id='word_1_664' title='bbox 3498 4399 3517 4432; x_wconf 76' lang='grc' dir='ltr'><strong>ι</strong></span> <span class='ocrx_word' id='word_1_665' title='bbox 3577 4409 3649 4419; x_wconf 89' lang='lat'><strong>-—-</strong></span> 
     </span>
    </p>
   </div>
   <div class='ocr_carea' id='block_1_88' title="bbox 335 4464 1913 4544">
    <p class='ocr_par' dir='ltr' id='par_1_88' title="bbox 335 4471 1913 4544">
     <span class='ocr_line' id='line_1_88' title="bbox 335 4471 1913 4544; baseline -0.004 -12"><span class='ocrx_word' id='word_1_666' title='bbox 335 4477 529 4542; x_wconf 85' lang='grc' dir='ltr'>δαίων,</span> <span class='ocrx_word' id='word_1_667' title='bbox 552 4476 691 4531; x_wconf 80' lang='grc' dir='ltr'><strong>ἀλλά</strong></span> <span class='ocrx_word' id='word_1_668' title='bbox 721 4477 816 4530; x_wconf 74' lang='grc' dir='ltr'>καὶ</span> <span class='ocrx_word' id='word_1_669' title='bbox 835 4475 895 4540; x_wconf 80' lang='grc' dir='ltr'><strong>ἐξ</strong></span> <span class='ocrx_word' id='word_1_670' title='bbox 928 4473 1120 4529; x_wconf 72' lang='grc' dir='ltr'>ἐθνῶν*</span> <span class='ocrx_word' id='word_1_671' title='bbox 1143 4475 1220 4538; x_wconf 86' lang='grc' dir='ltr'>ὡς</span> <span class='ocrx_word' id='word_1_672' title='bbox 1243 4475 1340 4530; x_wconf 76' lang='grc' dir='ltr'>καὶ</span> <span class='ocrx_word' id='word_1_673' title='bbox 1369 4476 1430 4528; x_wconf 79' lang='grc' dir='ltr'><strong>ἐν</strong></span> <span class='ocrx_word' id='word_1_674' title='bbox 1461 4473 1540 4544; x_wconf 88' lang='grc' dir='ltr'>τῷ</span> <span class='ocrx_word' id='word_1_675' title='bbox 1577 4471 1738 4542; x_wconf 84' lang='grc' dir='ltr'>Ὠσηὲ</span> <span class='ocrx_word' id='word_1_676' title='bbox 1773 4471 1913 4541; x_wconf 69' lang='grc' dir='ltr'>λέγει</span> 
     </span>
    </p>
   </div>
   <div class='ocr_carea' id='block_1_89' title="bbox 2019 4464 3648 4544">
    <p class='ocr_par' dir='ltr' id='par_1_89' title="bbox 2019 4464 3648 4544">
     <span class='ocr_line' id='line_1_89' title="bbox 2019 4464 3648 4544; baseline 0.004 -25"><span class='ocrx_word' id='word_1_677' title='bbox 2019 4535 2026 4544; x_wconf 70' lang='lat'><strong><em>_</em></strong></span> <span class='ocrx_word' id='word_1_678' title='bbox 2063 4486 2083 4519; x_wconf 81' lang='grc' dir='ltr'><strong>ι</strong></span> <span class='ocrx_word' id='word_1_679' title='bbox 2119 4464 2270 4534; x_wconf 90' lang='lat' dir='ltr'><strong>Quos</strong></span> <span class='ocrx_word' id='word_1_680' title='bbox 2302 4467 2519 4523; x_wconf 87' lang='lat' dir='ltr'><strong>vocavit</strong></span> <span class='ocrx_word' id='word_1_681' title='bbox 2564 4483 2668 4523; x_wconf 88' lang='lat' dir='ltr'><strong>nos</strong></span> <span class='ocrx_word' id='word_1_682' title='bbox 2715 4484 2826 4524; x_wconf 91' lang='lat' dir='ltr'><strong>non</strong></span> <span class='ocrx_word' id='word_1_683' title='bbox 2871 4471 3050 4526; x_wconf 87' lang='lat' dir='ltr'><strong>solum</strong></span> <span class='ocrx_word' id='word_1_684' title='bbox 3087 4486 3156 4525; x_wconf 82' lang='lat' dir='ltr'><strong>ex</strong></span> <span class='ocrx_word' id='word_1_685' title='bbox 3193 4466 3418 4538; x_wconf 69' lang='lat' dir='ltr'><strong>Iudaeis,</strong></span> <span class='ocrx_word' id='word_1_686' title='bbox 3453 4469 3550 4526; x_wconf 91' lang='lat' dir='ltr'><strong>sed</strong></span> <span class='ocrx_word' id='word_1_687' title='bbox 3580 4486 3648 4525; x_wconf 72' lang='lat' dir='ltr'><strong>ex</strong></span> 
     </span>
    </p>
   </div>
   <div class='ocr_carea' id='block_1_90' title="bbox 346 4557 1913 4640">
    <p class='ocr_par' dir='ltr' id='par_1_90' title="bbox 346 4567 1913 4640">
     <span class='ocr_line' id='line_1_90' title="bbox 346 4567 1913 4640; baseline -0.002 -16"><span class='ocrx_word' id='word_1_688' title='bbox 346 4590 367 4624; x_wconf 73' lang='grc' dir='ltr'><strong>ι</strong></span> <span class='ocrx_word' id='word_1_689' title='bbox 399 4571 636 4625; x_wconf 80' lang='grc' dir='ltr'>Καλέσω</span> <span class='ocrx_word' id='word_1_690' title='bbox 660 4569 752 4625; x_wconf 81' lang='grc' dir='ltr'>τὸν</span> <span class='ocrx_word' id='word_1_691' title='bbox 769 4569 842 4624; x_wconf 85' lang='grc' dir='ltr'><strong>Οὐ</strong></span> <span class='ocrx_word' id='word_1_692' title='bbox 865 4567 992 4622; x_wconf 80' lang='grc' dir='ltr'>λαόν</span> <span class='ocrx_word' id='word_1_693' title='bbox 1012 4587 1136 4640; x_wconf 84' lang='grc' dir='ltr'>μου,</span> <span class='ocrx_word' id='word_1_694' title='bbox 1154 4569 1296 4622; x_wconf 87' lang='grc' dir='ltr'>Λαόν</span> <span class='ocrx_word' id='word_1_695' title='bbox 1313 4585 1434 4639; x_wconf 87' lang='grc' dir='ltr'>μου·</span> <span class='ocrx_word' id='word_1_696' title='bbox 1458 4569 1665 4638; x_wconf 73' lang='grc' dir='ltr'>καὶτὴν</span> <span class='ocrx_word' id='word_1_697' title='bbox 1690 4568 1805 4622; x_wconf 78' lang='grc' dir='ltr'>Οὐκ</span> <span class='ocrx_word' id='word_1_698' title='bbox 1821 4567 1913 4637; x_wconf 72' lang='grc' dir='ltr'>ὴγε</span> 
     </span>
    </p>
   </div>
   <div class='ocr_carea' id='block_1_91' title="bbox 2019 4557 3646 4640">
    <p class='ocr_par' dir='ltr' id='par_1_91' title="bbox 2019 4557 3646 4632">
     <span class='ocr_line' id='line_1_91' title="bbox 2019 4557 3646 4632; baseline 0.001 -19"><span class='ocrx_word' id='word_1_699' title='bbox 2019 4557 2030 4577; x_wconf 88' lang='lat'><strong><em>&#39;</em></strong></span> <span class='ocrx_word' id='word_1_700' title='bbox 2060 4557 2351 4628; x_wconf 87' lang='lat' dir='ltr'><strong>gentibus;</strong></span> <span class='ocrx_word' id='word_1_701' title='bbox 2394 4568 2452 4614; x_wconf 90' lang='lat' dir='ltr'><strong>ut</strong></span> <span class='ocrx_word' id='word_1_702' title='bbox 2479 4570 2535 4614; x_wconf 84' lang='lat' dir='ltr'><strong>ct</strong></span> <span class='ocrx_word' id='word_1_703' title='bbox 2561 4561 2615 4614; x_wconf 94' lang='lat' dir='ltr'><strong>in</strong></span> <span class='ocrx_word' id='word_1_704' title='bbox 2645 4559 2784 4616; x_wconf 89' lang='lat' dir='ltr'><strong>Osee</strong></span> <span class='ocrx_word' id='word_1_705' title='bbox 2815 4561 2986 4617; x_wconf 88' lang='lat' dir='ltr'><strong>dicit:</strong></span> <span class='ocrx_word' id='word_1_706' title='bbox 3026 4581 3044 4614; x_wconf 80' lang='grc' dir='ltr'><strong>ι</strong></span> <span class='ocrx_word' id='word_1_707' title='bbox 3081 4562 3304 4618; x_wconf 85' lang='lat' dir='ltr'><strong>Vocabo</strong></span> <span class='ocrx_word' id='word_1_708' title='bbox 3333 4577 3444 4617; x_wconf 87' lang='lat' dir='ltr'><strong>non</strong></span> <span class='ocrx_word' id='word_1_709' title='bbox 3466 4578 3646 4632; x_wconf 86' lang='lat' dir='ltr'><strong>popu-</strong></span> 
     </span>
    </p>
   </div>
   <div class='ocr_carea' id='block_1_92' title="bbox 340 4651 1913 4735">
    <p class='ocr_par' dir='ltr' id='par_1_92' title="bbox 340 4655 1913 4735">
     <span class='ocr_line' id='line_1_92' title="bbox 340 4655 1913 4735; baseline -0.003 -18"><span class='ocrx_word' id='word_1_710' title='bbox 340 4665 622 4735; x_wconf 77' lang='grc' dir='ltr'>πημένην,</span> <span class='ocrx_word' id='word_1_711' title='bbox 661 4662 1058 4733; x_wconf 80' lang='grc' dir='ltr'>Ἦγαπημένην</span> <span class='ocrx_word' id='word_1_712' title='bbox 1081 4679 1093 4693; x_wconf 92' lang='grc'><strong>·</strong></span> <span class='ocrx_word' id='word_1_713' title='bbox 1114 4663 1212 4716; x_wconf 74' lang='grc' dir='ltr'>καὶ</span> <span class='ocrx_word' id='word_1_714' title='bbox 1234 4662 1388 4716; x_wconf 76' lang='grc' dir='ltr'>ἔσται</span> <span class='ocrx_word' id='word_1_715' title='bbox 1411 4665 1468 4715; x_wconf 82' lang='grc' dir='ltr'>ὲν</span> <span class='ocrx_word' id='word_1_716' title='bbox 1490 4662 1569 4734; x_wconf 78' lang='grc' dir='ltr'>τῷ</span> <span class='ocrx_word' id='word_1_717' title='bbox 1595 4661 1746 4734; x_wconf 82' lang='grc' dir='ltr'>τόπῳ</span> <span class='ocrx_word' id='word_1_718' title='bbox 1767 4655 1828 4715; x_wconf 78' lang='grc' dir='ltr'>οὗ</span> <span class='ocrx_word' id='word_1_719' title='bbox 1855 4663 1913 4732; x_wconf 77' lang='grc' dir='ltr'>ἐρ</span> 
     </span>
    </p>
   </div>
   <div class='ocr_carea' id='block_1_93' title="bbox 2019 4651 3646 4735">
    <p class='ocr_par' dir='ltr' id='par_1_93' title="bbox 2058 4651 3646 4722">
     <span class='ocr_line' id='line_1_93' title="bbox 2058 4651 3646 4722; baseline 0.003 -19"><span class='ocrx_word' id='word_1_720' title='bbox 2058 4651 2171 4706; x_wconf 90' lang='lat' dir='ltr'><strong>lum</strong></span> <span class='ocrx_word' id='word_1_721' title='bbox 2205 4662 2410 4711; x_wconf 82' lang='lat' dir='ltr'><strong>meum.</strong></span> <span class='ocrx_word' id='word_1_722' title='bbox 2439 4653 2702 4722; x_wconf 87' lang='lat' dir='ltr'><strong>pepulnm</strong></span> <span class='ocrx_word' id='word_1_723' title='bbox 2730 4669 2950 4722; x_wconf 88' lang='lat' dir='ltr'><strong>meum;</strong></span> <span class='ocrx_word' id='word_1_724' title='bbox 3007 4670 3118 4709; x_wconf 93' lang='lat' dir='ltr'><strong>non</strong></span> <span class='ocrx_word' id='word_1_725' title='bbox 3165 4653 3457 4720; x_wconf 89' lang='lat' dir='ltr'><strong>dilectam,</strong></span> <span class='ocrx_word' id='word_1_726' title='bbox 3505 4653 3646 4709; x_wconf 52' lang='lat' dir='ltr'><strong>dilec</strong></span> 
     </span>
    </p>
   </div>
   <div class='ocr_carea' id='block_1_94' title="bbox 346 4744 1913 4830">
    <p class='ocr_par' dir='ltr' id='par_1_94' title="bbox 346 4755 1913 4830">
     <span class='ocr_line' id='line_1_94' title="bbox 346 4755 1913 4830; baseline -0.002 -17"><span class='ocrx_word' id='word_1_727' title='bbox 346 4758 482 4830; x_wconf 80' lang='grc' dir='ltr'><strong>ρέθη</strong></span> <span class='ocrx_word' id='word_1_728' title='bbox 501 4759 711 4824; x_wconf 81' lang='grc' dir='ltr'>αὐτοῖς,</span> <span class='ocrx_word' id='word_1_729' title='bbox 739 4758 816 4811; x_wconf 85' lang='grc' dir='ltr'><strong>Οὐ</strong></span> <span class='ocrx_word' id='word_1_730' title='bbox 838 4755 966 4820; x_wconf 90' lang='grc' dir='ltr'>λαός</span> <span class='ocrx_word' id='word_1_731' title='bbox 988 4773 1090 4826; x_wconf 90' lang='grc' dir='ltr'><strong>μου</strong></span> <span class='ocrx_word' id='word_1_732' title='bbox 1109 4757 1290 4827; x_wconf 84' lang='grc' dir='ltr'>ὑμεῖς,</span> <span class='ocrx_word' id='word_1_733' title='bbox 1313 4758 1431 4810; x_wconf 85' lang='grc' dir='ltr'>ἐκεῖ</span> <span class='ocrx_word' id='word_1_734' title='bbox 1460 4756 1823 4828; x_wconf 83' lang='grc' dir='ltr'>κληθήσονται</span> <span class='ocrx_word' id='word_1_735' title='bbox 1842 4759 1913 4810; x_wconf 69' lang='grc' dir='ltr'>υἱ(</span> 
     </span>
    </p>
   </div>
   <div class='ocr_carea' id='block_1_95' title="bbox 2019 4744 3650 4830">
    <p class='ocr_par' dir='ltr' id='par_1_95' title="bbox 2061 4744 3650 4818">
     <span class='ocr_line' id='line_1_95' title="bbox 2061 4744 3650 4818; baseline 0.003 -20"><span class='ocrx_word' id='word_1_736' title='bbox 2061 4751 2204 4798; x_wconf 85' lang='lat' dir='ltr'><strong>ctam</strong></span> <span class='ocrx_word' id='word_1_737' title='bbox 2230 4761 2245 4808; x_wconf 89' lang='lat'><strong>;</strong></span> <span class='ocrx_word' id='word_1_738' title='bbox 2281 4755 2337 4798; x_wconf 88' lang='lat' dir='ltr'><strong>et</strong></span> <span class='ocrx_word' id='word_1_739' title='bbox 2368 4744 2476 4799; x_wconf 89' lang='lat' dir='ltr'><strong>erit</strong></span> <span class='ocrx_word' id='word_1_740' title='bbox 2502 4744 2554 4799; x_wconf 92' lang='lat' dir='ltr'><strong>in</strong></span> <span class='ocrx_word' id='word_1_741' title='bbox 2585 4747 2707 4800; x_wconf 88' lang='lat' dir='ltr'><strong>loco</strong></span> <span class='ocrx_word' id='word_1_742' title='bbox 2741 4746 2833 4802; x_wconf 92' lang='lat' dir='ltr'><strong>ubi</strong></span> <span class='ocrx_word' id='word_1_743' title='bbox 2867 4747 3126 4802; x_wconf 90' lang='lat' dir='ltr'><strong>inventus</strong></span> <span class='ocrx_word' id='word_1_744' title='bbox 3149 4755 3232 4801; x_wconf 91' lang='lat' dir='ltr'><strong>est</strong></span> <span class='ocrx_word' id='word_1_745' title='bbox 3256 4747 3392 4818; x_wconf 90' lang='lat' dir='ltr'><strong>ipsis</strong></span> <span class='ocrx_word' id='word_1_746' title='bbox 3414 4746 3650 4818; x_wconf 86' lang='lat' dir='ltr'><strong>populus</strong></span> 
     </span>
    </p>
   </div>
   <div class='ocr_carea' id='block_1_96' title="bbox 346 4836 1913 4921">
    <p class='ocr_par' dir='ltr' id='par_1_96' title="bbox 346 4847 1913 4921">
     <span class='ocr_line' id='line_1_96' title="bbox 346 4847 1913 4921; baseline -0.004 -15"><span class='ocrx_word' id='word_1_747' title='bbox 346 4851 490 4906; x_wconf 82' lang='grc' dir='ltr'>Θεοῦ</span> <span class='ocrx_word' id='word_1_748' title='bbox 533 4851 758 4915; x_wconf 78' lang='grc' dir='ltr'>ζῶντος.</span> <span class='ocrx_word' id='word_1_749' title='bbox 793 4853 1085 4906; x_wconf 56' lang='grc' dir='ltr'>ιι-ιὌσοι</span> <span class='ocrx_word' id='word_1_750' title='bbox 1108 4851 1216 4921; x_wconf 85' lang='grc' dir='ltr'>γὰρ</span> <span class='ocrx_word' id='word_1_751' title='bbox 1238 4849 1519 4920; x_wconf 85' lang='grc' dir='ltr'>Πνεύματι</span> <span class='ocrx_word' id='word_1_752' title='bbox 1541 4847 1678 4902; x_wconf 83' lang='grc' dir='ltr'>Θεοῦ</span> <span class='ocrx_word' id='word_1_753' title='bbox 1702 4848 1913 4918; x_wconf 78' lang='grc' dir='ltr'>ἄγονται</span> 
     </span>
    </p>
   </div>
   <div class='ocr_carea' id='block_1_97' title="bbox 2019 4836 3652 4921">
    <p class='ocr_par' dir='ltr' id='par_1_97' title="bbox 2060 4836 3652 4901">
     <span class='ocr_line' id='line_1_97' title="bbox 2060 4836 3652 4901; baseline 0.001 -12"><span class='ocrx_word' id='word_1_754' title='bbox 2060 4851 2217 4892; x_wconf 87' lang='lat' dir='ltr'><strong>meus</strong></span> <span class='ocrx_word' id='word_1_755' title='bbox 2249 4853 2368 4901; x_wconf 86' lang='lat' dir='ltr'><strong>vos,</strong></span> <span class='ocrx_word' id='word_1_756' title='bbox 2406 4836 2479 4891; x_wconf 91' lang='lat' dir='ltr'><strong>ibi</strong></span> <span class='ocrx_word' id='word_1_757' title='bbox 2517 4837 2868 4892; x_wconf 88' lang='lat' dir='ltr'><strong>vocabuntur</strong></span> <span class='ocrx_word' id='word_1_758' title='bbox 2903 4837 3001 4892; x_wconf 90' lang='lat' dir='ltr'><strong>ﬁlii</strong></span> <span class='ocrx_word' id='word_1_759' title='bbox 3037 4838 3133 4893; x_wconf 90' lang='lat' dir='ltr'><strong>Dei</strong></span> <span class='ocrx_word' id='word_1_760' title='bbox 3171 4837 3410 4893; x_wconf 89' lang='lat' dir='ltr'><strong>viventis</strong></span> <span class='ocrx_word' id='word_1_761' title='bbox 3432 4837 3499 4893; x_wconf 77' lang='grc'><strong>³⁸.</strong></span> <span class='ocrx_word' id='word_1_762' title='bbox 3534 4856 3552 4890; x_wconf 79' lang='grc' dir='ltr'><strong>ι</strong></span> <span class='ocrx_word' id='word_1_763' title='bbox 3584 4867 3652 4878; x_wconf 81' lang='grc'><strong><em>-</em></strong></span> 
     </span>
    </p>
   </div>
   <div class='ocr_carea' id='block_1_98' title="bbox 347 4929 1913 5012">
    <p class='ocr_par' dir='ltr' id='par_1_98' title="bbox 347 4933 1913 5012">
     <span class='ocr_line' id='line_1_98' title="bbox 347 4933 1913 5012; baseline -0.001 -18"><span class='ocrx_word' id='word_1_764' title='bbox 347 4933 502 4994; x_wconf 75' lang='grc' dir='ltr'>οῦτοί</span> <span class='ocrx_word' id='word_1_765' title='bbox 531 4943 670 4995; x_wconf 83' lang='grc' dir='ltr'>εἰσιν</span> <span class='ocrx_word' id='word_1_766' title='bbox 683 4943 790 4996; x_wconf 81' lang='grc' dir='ltr'><strong>υἱοὶ</strong></span> <span class='ocrx_word' id='word_1_767' title='bbox 815 4941 1283 5004; x_wconf 76' lang='grc' dir='ltr'>Θεοῦ,ι-‹Τέλος</span> <span class='ocrx_word' id='word_1_768' title='bbox 1297 4939 1405 5012; x_wconf 87' lang='grc' dir='ltr'>γὰρ</span> <span class='ocrx_word' id='word_1_769' title='bbox 1431 4939 1598 5011; x_wconf 88' lang='grc' dir='ltr'>νόμου</span> <span class='ocrx_word' id='word_1_770' title='bbox 1617 4939 1855 5010; x_wconf 84' lang='grc' dir='ltr'>Χριστὸς</span> <span class='ocrx_word' id='word_1_771' title='bbox 1873 4941 1913 4993; x_wconf 79' lang='lat' dir='ltr'><strong>ei</strong></span> 
     </span>
    </p>
   </div>
   <div class='ocr_carea' id='block_1_99' title="bbox 2019 4929 3646 5012">
    <p class='ocr_par' dir='ltr' id='par_1_99' title="bbox 2062 4929 3646 5003">
     <span class='ocr_line' id='line_1_99' title="bbox 2062 4929 3646 5003; baseline 0 -19"><span class='ocrx_word' id='word_1_772' title='bbox 2062 4946 2081 4980; x_wconf 75' lang='grc' dir='ltr'><strong>ι</strong></span> <span class='ocrx_word' id='word_1_773' title='bbox 2115 4929 2218 4997; x_wconf 90' lang='lat' dir='ltr'><strong>Qui</strong></span> <span class='ocrx_word' id='word_1_774' title='bbox 2243 4931 2394 4986; x_wconf 89' lang='lat' dir='ltr'><strong>enim</strong></span> <span class='ocrx_word' id='word_1_775' title='bbox 2421 4930 2620 5001; x_wconf 89' lang='lat' dir='ltr'><strong>spiritu</strong></span> <span class='ocrx_word' id='word_1_776' title='bbox 2650 4931 2746 4987; x_wconf 92' lang='lat' dir='ltr'><strong>Dei</strong></span> <span class='ocrx_word' id='word_1_777' title='bbox 2772 4939 3034 5003; x_wconf 87' lang='lat' dir='ltr'><strong>aguntur,</strong></span> <span class='ocrx_word' id='word_1_778' title='bbox 3056 4931 3112 4987; x_wconf 91' lang='lat' dir='ltr'><strong>hi</strong></span> <span class='ocrx_word' id='word_1_779' title='bbox 3137 4942 3268 4987; x_wconf 88' lang='lat' dir='ltr'><strong>sunt</strong></span> <span class='ocrx_word' id='word_1_780' title='bbox 3299 4931 3396 4986; x_wconf 89' lang='lat' dir='ltr'><strong>ﬁlii</strong></span> <span class='ocrx_word' id='word_1_781' title='bbox 3418 4931 3515 4987; x_wconf 92' lang='lat' dir='ltr'><strong>Dei</strong></span> <span class='ocrx_word' id='word_1_782' title='bbox 3530 4931 3596 4984; x_wconf 71' lang='grc'><strong>⁸⁵.</strong></span> <span class='ocrx_word' id='word_1_783' title='bbox 3630 4951 3646 4979; x_wconf 80' lang='grc' dir='ltr'><strong>ιι</strong></span> 
     </span>
    </p>
   </div>
   <div class='ocr_carea' id='block_1_100' title="bbox 347 5022 1913 5103">
    <p class='ocr_par' dir='ltr' id='par_1_100' title="bbox 347 5030 1913 5103">
     <span class='ocr_line' id='line_1_100' title="bbox 347 5030 1913 5103; baseline -0.003 -16"><span class='ocrx_word' id='word_1_784' title='bbox 347 5031 702 5101; x_wconf 80' lang='grc' dir='ltr'>δικαιοσύνην</span> <span class='ocrx_word' id='word_1_785' title='bbox 722 5035 888 5088; x_wconf 67' lang='grc' dir='ltr'><strong>παντὶ⁹</strong></span> <span class='ocrx_word' id='word_1_786' title='bbox 917 5034 994 5103; x_wconf 80' lang='grc' dir='ltr'>τῷ</span> <span class='ocrx_word' id='word_1_787' title='bbox 1019 5033 1354 5088; x_wconf 85' lang='grc' dir='ltr'>πιστεύοντι.</span> <span class='ocrx_word' id='word_1_788' title='bbox 1371 5051 1390 5086; x_wconf 74' lang='grc' dir='ltr'><strong>ι</strong></span> <span class='ocrx_word' id='word_1_789' title='bbox 1410 5031 1654 5101; x_wconf 78' lang='grc' dir='ltr'>Μωΰσῆς</span> <span class='ocrx_word' id='word_1_790' title='bbox 1677 5030 1786 5101; x_wconf 80' lang='grc' dir='ltr'>γὰρ</span> <span class='ocrx_word' id='word_1_791' title='bbox 1813 5032 1913 5099; x_wconf 81' lang='grc' dir='ltr'><strong>γρό</strong></span> 
     </span>
    </p>
   </div>
   <div class='ocr_carea' id='block_1_101' title="bbox 2019 5022 3650 5103">
    <p class='ocr_par' dir='ltr' id='par_1_101' title="bbox 2056 5022 3650 5096">
     <span class='ocr_line' id='line_1_101' title="bbox 2056 5022 3650 5096; baseline 0.001 -22"><span class='ocrx_word' id='word_1_792' title='bbox 2056 5052 2124 5062; x_wconf 69' lang='grc' dir='ltr'><strong>-ρ-</strong></span> <span class='ocrx_word' id='word_1_793' title='bbox 2160 5041 2180 5074; x_wconf 76' lang='lat' dir='ltr'><strong>r</strong></span> <span class='ocrx_word' id='word_1_794' title='bbox 2228 5022 2380 5081; x_wconf 85' lang='lat' dir='ltr'><strong>Finis</strong></span> <span class='ocrx_word' id='word_1_795' title='bbox 2424 5025 2572 5079; x_wconf 87' lang='lat' dir='ltr'><strong>enim</strong></span> <span class='ocrx_word' id='word_1_796' title='bbox 2607 5024 2745 5094; x_wconf 84' lang='lat' dir='ltr'><strong>legis</strong></span> <span class='ocrx_word' id='word_1_797' title='bbox 2770 5022 3027 5082; x_wconf 85' lang='lat' dir='ltr'><strong>Christus</strong></span> <span class='ocrx_word' id='word_1_798' title='bbox 3079 5026 3133 5080; x_wconf 89' lang='lat' dir='ltr'><strong>in</strong></span> <span class='ocrx_word' id='word_1_799' title='bbox 3179 5026 3450 5096; x_wconf 87' lang='lat' dir='ltr'><strong>justitiam</strong></span> <span class='ocrx_word' id='word_1_800' title='bbox 3501 5026 3650 5078; x_wconf 79' lang='lat' dir='ltr'><strong>0mm</strong></span> 
     </span>
    </p>
   </div>
   <div class='ocr_carea' id='block_1_102' title="bbox 352 5116 1913 5197">
    <p class='ocr_par' dir='ltr' id='par_1_102' title="bbox 352 5123 1913 5197">
     <span class='ocr_line' id='line_1_102' title="bbox 352 5123 1913 5197; baseline -0.003 -19"><span class='ocrx_word' id='word_1_801' title='bbox 352 5141 449 5195; x_wconf 70' lang='grc' dir='ltr'>φει</span> <span class='ocrx_word' id='word_1_802' title='bbox 475 5126 575 5194; x_wconf 80' lang='grc' dir='ltr'>τὴν</span> <span class='ocrx_word' id='word_1_803' title='bbox 627 5124 980 5196; x_wconf 86' lang='grc' dir='ltr'>δικαιοσύνην</span> <span class='ocrx_word' id='word_1_804' title='bbox 1001 5126 1098 5197; x_wconf 74' lang='grc' dir='ltr'>τὴν</span> <span class='ocrx_word' id='word_1_805' title='bbox 1147 5127 1210 5179; x_wconf 86' lang='grc' dir='ltr'>ὲκ</span> <span class='ocrx_word' id='word_1_806' title='bbox 1227 5123 1324 5180; x_wconf 88' lang='grc' dir='ltr'><strong>τοῦ</strong></span> <span class='ocrx_word' id='word_1_807' title='bbox 1349 5124 1540 5197; x_wconf 85' lang='grc' dir='ltr'>νόμου,</span> <span class='ocrx_word' id='word_1_808' title='bbox 1557 5125 1640 5177; x_wconf 78' lang='grc' dir='ltr'><strong>ὅτι</strong></span> <span class='ocrx_word' id='word_1_809' title='bbox 1667 5125 1696 5176; x_wconf 86' lang='grc' dir='ltr'>ὁ</span> <span class='ocrx_word' id='word_1_810' title='bbox 1722 5123 1913 5193; x_wconf 80' lang='grc' dir='ltr'>ποιήσα</span> 
     </span>
    </p>
   </div>
   <div class='ocr_carea' id='block_1_103' title="bbox 2019 5116 3653 5197">
    <p class='ocr_par' dir='ltr' id='par_1_103' title="bbox 2057 5116 3653 5190">
     <span class='ocr_line' id='line_1_103' title="bbox 2057 5116 3653 5190; baseline 0.003 -20"><span class='ocrx_word' id='word_1_811' title='bbox 2057 5116 2330 5172; x_wconf 80' lang='lat' dir='ltr'><strong>credenti.</strong></span> <span class='ocrx_word' id='word_1_812' title='bbox 2372 5138 2389 5168; x_wconf 76' lang='grc' dir='ltr'><strong>ι</strong></span> <span class='ocrx_word' id='word_1_813' title='bbox 2435 5116 2648 5189; x_wconf 74' lang='lat' dir='ltr'><strong>Moyses</strong></span> <span class='ocrx_word' id='word_1_814' title='bbox 2697 5119 2844 5171; x_wconf 88' lang='lat' dir='ltr'><strong>enim</strong></span> <span class='ocrx_word' id='word_1_815' title='bbox 2899 5120 3097 5173; x_wconf 87' lang='lat' dir='ltr'><strong>scribit</strong></span> <span class='ocrx_word' id='word_1_816' title='bbox 3150 5119 3218 5172; x_wconf 93' lang='lat' dir='ltr'><strong>de</strong></span> <span class='ocrx_word' id='word_1_817' title='bbox 3277 5119 3493 5190; x_wconf 87' lang='lat' dir='ltr'><strong>justitia</strong></span> <span class='ocrx_word' id='word_1_818' title='bbox 3530 5130 3653 5188; x_wconf 81' lang='lat' dir='ltr'><strong>quae</strong></span> 
     </span>
    </p>
   </div>
   <div class='ocr_carea' id='block_1_104' title="bbox 353 5211 1913 5290">
    <p class='ocr_par' dir='ltr' id='par_1_104' title="bbox 353 5214 1913 5290">
     <span class='ocr_line' id='line_1_104' title="bbox 353 5214 1913 5290; baseline -0.003 -19"><span class='ocrx_word' id='word_1_819' title='bbox 353 5215 498 5272; x_wconf 81' lang='grc' dir='ltr'>αὐτὰ</span> <span class='ocrx_word' id='word_1_820' title='bbox 523 5217 833 5289; x_wconf 81' lang='grc' dir='ltr'>ἄνθρωπος,</span> <span class='ocrx_word' id='word_1_821' title='bbox 867 5218 1094 5290; x_wconf 79' lang='grc' dir='ltr'>ζήσεται</span> <span class='ocrx_word' id='word_1_822' title='bbox 1127 5219 1187 5270; x_wconf 83' lang='grc' dir='ltr'><strong>ὲν</strong></span> <span class='ocrx_word' id='word_1_823' title='bbox 1216 5218 1402 5281; x_wconf 76' lang='grc' dir='ltr'>αὐτοῖς</span> <span class='ocrx_word' id='word_1_824' title='bbox 1423 5233 1436 5246; x_wconf 89' lang='grc'><strong>·</strong></span> <span class='ocrx_word' id='word_1_825' title='bbox 1471 5218 1506 5286; x_wconf 84' lang='grc' dir='ltr'>ὴ</span> <span class='ocrx_word' id='word_1_826' title='bbox 1532 5217 1589 5269; x_wconf 85' lang='grc' dir='ltr'><strong>δὲ</strong></span> <span class='ocrx_word' id='word_1_827' title='bbox 1617 5217 1681 5268; x_wconf 83' lang='grc' dir='ltr'>ὲκ</span> <span class='ocrx_word' id='word_1_828' title='bbox 1714 5214 1913 5268; x_wconf 80' lang='grc' dir='ltr'>πίστεω</span> 
     </span>
    </p>
   </div>
   <div class='ocr_carea' id='block_1_105' title="bbox 2019 5211 3653 5290">
    <p class='ocr_par' dir='ltr' id='par_1_105' title="bbox 2059 5211 3653 5283">
     <span class='ocr_line' id='line_1_105' title="bbox 2059 5211 3653 5283; baseline 0 -18"><span class='ocrx_word' id='word_1_829' title='bbox 2059 5219 2142 5266; x_wconf 90' lang='lat' dir='ltr'><strong>est</strong></span> <span class='ocrx_word' id='word_1_830' title='bbox 2174 5227 2241 5266; x_wconf 80' lang='lat' dir='ltr'><strong>ex</strong></span> <span class='ocrx_word' id='word_1_831' title='bbox 2263 5211 2404 5283; x_wconf 83' lang='lat' dir='ltr'><strong>lege,</strong></span> <span class='ocrx_word' id='word_1_832' title='bbox 2445 5212 2709 5282; x_wconf 89' lang='lat' dir='ltr'><strong>quoniam</strong></span> <span class='ocrx_word' id='word_1_833' title='bbox 2745 5212 2838 5283; x_wconf 89' lang='lat' dir='ltr'><strong>qui</strong></span> <span class='ocrx_word' id='word_1_834' title='bbox 2880 5212 3078 5268; x_wconf 87' lang='lat' dir='ltr'><strong>fecerit</strong></span> <span class='ocrx_word' id='word_1_835' title='bbox 3108 5228 3173 5268; x_wconf 92' lang='lat' dir='ltr'><strong>ea</strong></span> <span class='ocrx_word' id='word_1_836' title='bbox 3203 5213 3393 5278; x_wconf 87' lang='lat' dir='ltr'><strong>homo,</strong></span> <span class='ocrx_word' id='word_1_837' title='bbox 3423 5212 3572 5267; x_wconf 87' lang='lat' dir='ltr'><strong>vivet</strong></span> <span class='ocrx_word' id='word_1_838' title='bbox 3597 5212 3653 5265; x_wconf 90' lang='lat' dir='ltr'><strong>in</strong></span> 
     </span>
    </p>
   </div>
   <div class='ocr_carea' id='block_1_106' title="bbox 352 5303 1913 5384">
    <p class='ocr_par' dir='ltr' id='par_1_106' title="bbox 352 5309 1913 5384">
     <span class='ocr_line' id='line_1_106' title="bbox 352 5309 1913 5384; baseline -0.002 -21"><span class='ocrx_word' id='word_1_839' title='bbox 352 5309 672 5381; x_wconf 84' lang='grc' dir='ltr'>δικαιοσύνη</span> <span class='ocrx_word' id='word_1_840' title='bbox 689 5311 863 5377; x_wconf 73' lang='grc' dir='ltr'>οὕτως</span> <span class='ocrx_word' id='word_1_841' title='bbox 889 5311 1058 5381; x_wconf 71' lang='grc' dir='ltr'>λέγειν</span> <span class='ocrx_word' id='word_1_842' title='bbox 1091 5313 1222 5382; x_wconf 76' lang='grc' dir='ltr'><strong>«ιΜὴ</strong></span> <span class='ocrx_word' id='word_1_843' title='bbox 1251 5314 1412 5384; x_wconf 78' lang='grc' dir='ltr'>εἴπῃς</span> <span class='ocrx_word' id='word_1_844' title='bbox 1433 5312 1490 5364; x_wconf 82' lang='grc' dir='ltr'><strong>ἐν</strong></span> <span class='ocrx_word' id='word_1_845' title='bbox 1515 5313 1582 5382; x_wconf 83' lang='grc' dir='ltr'>τῇ</span> <span class='ocrx_word' id='word_1_846' title='bbox 1609 5309 1808 5382; x_wconf 79' lang='grc' dir='ltr'>καρδίᾳ</span> <span class='ocrx_word' id='word_1_847' title='bbox 1832 5325 1913 5362; x_wconf 71' lang='grc' dir='ltr'><strong>σοι</strong></span> 
     </span>
    </p>
   </div>
   <div class='ocr_carea' id='block_1_107' title="bbox 2019 5303 3648 5384">
    <p class='ocr_par' dir='ltr' id='par_1_107' title="bbox 2059 5303 3648 5377">
     <span class='ocr_line' id='line_1_107' title="bbox 2059 5303 3648 5377; baseline 0.001 -21"><span class='ocrx_word' id='word_1_848' title='bbox 2059 5303 2189 5358; x_wconf 90' lang='lat' dir='ltr'><strong>illis.</strong></span> <span class='ocrx_word' id='word_1_849' title='bbox 2220 5305 2297 5360; x_wconf 92' lang='lat' dir='ltr'><strong>De</strong></span> <span class='ocrx_word' id='word_1_850' title='bbox 2343 5304 2556 5376; x_wconf 89' lang='lat' dir='ltr'><strong>justitia</strong></span> <span class='ocrx_word' id='word_1_851' title='bbox 2597 5315 2781 5361; x_wconf 89' lang='lat' dir='ltr'><strong>autem</strong></span> <span class='ocrx_word' id='word_1_852' title='bbox 2831 5320 2952 5377; x_wconf 80' lang='lat' dir='ltr'><strong>quae</strong></span> <span class='ocrx_word' id='word_1_853' title='bbox 3006 5318 3090 5363; x_wconf 87' lang='lat' dir='ltr'><strong>est</strong></span> <span class='ocrx_word' id='word_1_854' title='bbox 3142 5323 3211 5362; x_wconf 78' lang='lat' dir='ltr'><strong>ex</strong></span> <span class='ocrx_word' id='word_1_855' title='bbox 3241 5307 3346 5363; x_wconf 89' lang='lat' dir='ltr'><strong>ﬁde</strong></span> <span class='ocrx_word' id='word_1_856' title='bbox 3379 5306 3452 5361; x_wconf 85' lang='lat' dir='ltr'><strong>ita</strong></span> <span class='ocrx_word' id='word_1_857' title='bbox 3482 5304 3648 5360; x_wconf 83' lang='lat' dir='ltr'><strong>dicit:</strong></span> 
     </span>
    </p>
   </div>
   <div class='ocr_carea' id='block_1_108' title="bbox 354 5392 1913 5476">
    <p class='ocr_par' dir='ltr' id='par_1_108' title="bbox 354 5401 1913 5476">
     <span class='ocr_line' id='line_1_108' title="bbox 354 5401 1913 5476; baseline -0.001 -21"><span class='ocrx_word' id='word_1_858' title='bbox 354 5401 458 5465; x_wconf 80' lang='grc' dir='ltr'><strong>Τίς</strong></span> <span class='ocrx_word' id='word_1_859' title='bbox 491 5402 827 5473; x_wconf 85' lang='grc' dir='ltr'>ἀναϐήσεται</span> <span class='ocrx_word' id='word_1_860' title='bbox 870 5407 951 5468; x_wconf 84' lang='grc' dir='ltr'><strong>είς</strong></span> <span class='ocrx_word' id='word_1_861' title='bbox 988 5403 1082 5457; x_wconf 76' lang='grc' dir='ltr'><strong>τὸν</strong></span> <span class='ocrx_word' id='word_1_862' title='bbox 1107 5404 1338 5476; x_wconf 81' lang='grc' dir='ltr'>οὐρανόν</span> <span class='ocrx_word' id='word_1_863' title='bbox 1373 5421 1388 5471; x_wconf 88' lang='grc'><strong>;</strong></span> <span class='ocrx_word' id='word_1_864' title='bbox 1420 5402 1671 5456; x_wconf 87' lang='grc' dir='ltr'>τουτέστι</span> <span class='ocrx_word' id='word_1_865' title='bbox 1714 5401 1913 5474; x_wconf 74' lang='grc' dir='ltr'>Χριστδ</span> 
     </span>
    </p>
   </div>
   <div class='ocr_carea' id='block_1_109' title="bbox 2019 5392 3653 5476">
    <p class='ocr_par' dir='ltr' id='par_1_109' title="bbox 2066 5392 3653 5468">
     <span class='ocr_line' id='line_1_109' title="bbox 2066 5392 3653 5468; baseline 0.002 -23"><span class='ocrx_word' id='word_1_866' title='bbox 2066 5412 2085 5444; x_wconf 75' lang='grc' dir='ltr'><strong>ι</strong></span> <span class='ocrx_word' id='word_1_867' title='bbox 2109 5394 2185 5450; x_wconf 87' lang='lat' dir='ltr'><strong>Ne</strong></span> <span class='ocrx_word' id='word_1_868' title='bbox 2211 5395 2364 5451; x_wconf 87' lang='lat' dir='ltr'><strong>dicas</strong></span> <span class='ocrx_word' id='word_1_869' title='bbox 2388 5395 2443 5450; x_wconf 92' lang='lat' dir='ltr'><strong>in</strong></span> <span class='ocrx_word' id='word_1_870' title='bbox 2465 5397 2633 5452; x_wconf 91' lang='lat' dir='ltr'><strong>corde</strong></span> <span class='ocrx_word' id='word_1_871' title='bbox 2665 5405 2782 5465; x_wconf 89' lang='lat' dir='ltr'><strong>tuo,</strong></span> <span class='ocrx_word' id='word_1_872' title='bbox 2815 5397 2940 5468; x_wconf 86' lang='lat' dir='ltr'><strong>quis</strong></span> <span class='ocrx_word' id='word_1_873' title='bbox 2967 5397 3230 5453; x_wconf 89' lang='lat' dir='ltr'><strong>ascendet</strong></span> <span class='ocrx_word' id='word_1_874' title='bbox 3261 5397 3316 5452; x_wconf 92' lang='lat' dir='ltr'><strong>in</strong></span> <span class='ocrx_word' id='word_1_875' title='bbox 3347 5392 3653 5466; x_wconf 65' lang='lat' dir='ltr'><strong>coelum,§id</strong></span> 
     </span>
    </p>
   </div>
   <div class='ocr_carea' id='block_1_110' title="bbox 357 5487 1913 5569">
    <p class='ocr_par' dir='ltr' id='par_1_110' title="bbox 357 5495 1911 5569">
     <span class='ocr_line' id='line_1_110' title="bbox 357 5495 1911 5569; baseline 0 -21"><span class='ocrx_word' id='word_1_876' title='bbox 357 5499 701 5563; x_wconf 81' lang='grc' dir='ltr'>καταγαγεῖν</span> <span class='ocrx_word' id='word_1_877' title='bbox 729 5514 740 5524; x_wconf 82' lang='grc'><em>’</em></span> <span class='ocrx_word' id='word_1_878' title='bbox 789 5497 846 5566; x_wconf 81' lang='grc' dir='ltr'><strong>ἢ,</strong></span> <span class='ocrx_word' id='word_1_879' title='bbox 877 5498 975 5561; x_wconf 81' lang='grc' dir='ltr'><strong>Τίς</strong></span> <span class='ocrx_word' id='word_1_880' title='bbox 1021 5498 1396 5569; x_wconf 86' lang='grc' dir='ltr'>καταϐήσεται</span> <span class='ocrx_word' id='word_1_881' title='bbox 1427 5497 1507 5559; x_wconf 79' lang='grc' dir='ltr'><strong>εἰς</strong></span> <span class='ocrx_word' id='word_1_882' title='bbox 1539 5496 1640 5566; x_wconf 81' lang='grc' dir='ltr'><strong>τὴν</strong></span> <span class='ocrx_word' id='word_1_883' title='bbox 1677 5495 1911 5550; x_wconf 83' lang='grc' dir='ltr'>ἄϐυσσον</span> 
     </span>
    </p>
   </div>
   <div class='ocr_carea' id='block_1_111' title="bbox 2019 5487 3652 5569">
    <p class='ocr_par' dir='ltr' id='par_1_111' title="bbox 2060 5487 3652 5562">
     <span class='ocr_line' id='line_1_111' title="bbox 2060 5487 3652 5562; baseline -0.001 -21"><span class='ocrx_word' id='word_1_884' title='bbox 2060 5499 2146 5544; x_wconf 86' lang='lat' dir='ltr'><strong>est</strong></span> <span class='ocrx_word' id='word_1_885' title='bbox 2193 5487 2474 5545; x_wconf 88' lang='lat' dir='ltr'><strong>Christum</strong></span> <span class='ocrx_word' id='word_1_886' title='bbox 2525 5490 2848 5547; x_wconf 87' lang='lat' dir='ltr'><strong>deducere?</strong></span> <span class='ocrx_word' id='word_1_887' title='bbox 2896 5500 2992 5546; x_wconf 88' lang='lat' dir='ltr'><strong>aut</strong></span> <span class='ocrx_word' id='word_1_888' title='bbox 3046 5493 3174 5562; x_wconf 90' lang='lat' dir='ltr'><strong>quis</strong></span> <span class='ocrx_word' id='word_1_889' title='bbox 3231 5488 3532 5546; x_wconf 88' lang='lat' dir='ltr'><strong>descendet</strong></span> <span class='ocrx_word' id='word_1_890' title='bbox 3598 5488 3652 5541; x_wconf 89' lang='lat' dir='ltr'><strong>iu</strong></span> 
     </span>
    </p>
   </div>
   <div class='ocr_carea' id='block_1_112' title="bbox 361 5574 1913 5662">
    <p class='ocr_par' dir='ltr' id='par_1_112' title="bbox 361 5587 1913 5662">
     <span class='ocr_line' id='line_1_112' title="bbox 361 5587 1913 5662; baseline -0.001 -22"><span class='ocrx_word' id='word_1_891' title='bbox 361 5588 615 5643; x_wconf 81' lang='grc' dir='ltr'>τουτέστι</span> <span class='ocrx_word' id='word_1_892' title='bbox 663 5589 900 5660; x_wconf 80' lang='grc' dir='ltr'>Χριστὸν</span> <span class='ocrx_word' id='word_1_893' title='bbox 939 5591 1003 5645; x_wconf 85' lang='grc' dir='ltr'>ὲκ</span> <span class='ocrx_word' id='word_1_894' title='bbox 1060 5589 1273 5662; x_wconf 85' lang='grc' dir='ltr'>νεκρῶν</span> <span class='ocrx_word' id='word_1_895' title='bbox 1326 5591 1649 5657; x_wconf 83' lang='grc' dir='ltr'>ἀναγαγεῖν.</span> <span class='ocrx_word' id='word_1_896' title='bbox 1703 5587 1913 5640; x_wconf 66' lang='grc' dir='ltr'>Ἀλλάπ</span> 
     </span>
    </p>
   </div>
   <div class='ocr_carea' id='block_1_113' title="bbox 2019 5574 3653 5662">
    <p class='ocr_par' dir='ltr' id='par_1_113' title="bbox 2064 5574 3653 5655">
     <span class='ocr_line' id='line_1_113' title="bbox 2064 5574 3653 5655; baseline -0.003 -16"><span class='ocrx_word' id='word_1_897' title='bbox 2064 5584 2346 5655; x_wconf 73' lang='lat' dir='ltr'><strong>abyssum,</strong></span> <span class='ocrx_word' id='word_1_898' title='bbox 2367 5584 2421 5638; x_wconf 88' lang='lat' dir='ltr'><strong>id</strong></span> <span class='ocrx_word' id='word_1_899' title='bbox 2445 5593 2534 5641; x_wconf 88' lang='lat' dir='ltr'><strong>est</strong></span> <span class='ocrx_word' id='word_1_900' title='bbox 2552 5583 2839 5641; x_wconf 86' lang='lat' dir='ltr'><strong>Christum</strong></span> <span class='ocrx_word' id='word_1_901' title='bbox 2859 5600 2888 5640; x_wconf 86' lang='lat' dir='ltr'><strong>a</strong></span> <span class='ocrx_word' id='word_1_902' title='bbox 2915 5586 3153 5640; x_wconf 90' lang='lat' dir='ltr'><strong>mortuis</strong></span> <span class='ocrx_word' id='word_1_903' title='bbox 3182 5581 3494 5640; x_wconf 77' lang='lat' dir='ltr'><strong>reducere?</strong></span> <span class='ocrx_word' id='word_1_904' title='bbox 3545 5574 3653 5634; x_wconf 86' lang='lat' dir='ltr'><strong>Sed</strong></span> 
     </span>
    </p>
   </div>
   <div class='ocr_carea' id='block_1_114' title="bbox 365 5671 1913 5752">
    <p class='ocr_par' dir='ltr' id='par_1_114' title="bbox 365 5677 1913 5752">
     <span class='ocr_line' id='line_1_114' title="bbox 365 5677 1913 5752; baseline -0.001 -21"><span class='ocrx_word' id='word_1_905' title='bbox 365 5678 546 5748; x_wconf 74' lang='grc' dir='ltr'>λέγεις</span> <span class='ocrx_word' id='word_1_906' title='bbox 583 5679 784 5748; x_wconf 86' lang='grc' dir='ltr'>Ἐγγύς</span> <span class='ocrx_word' id='word_1_907' title='bbox 841 5697 935 5734; x_wconf 91' lang='grc' dir='ltr'><strong>σου</strong></span> <span class='ocrx_word' id='word_1_908' title='bbox 959 5680 1021 5734; x_wconf 86' lang='grc' dir='ltr'>τὺ</span> <span class='ocrx_word' id='word_1_909' title='bbox 1044 5680 1199 5752; x_wconf 78' lang='grc' dir='ltr'>ῥῆμά</span> <span class='ocrx_word' id='word_1_910' title='bbox 1225 5680 1373 5733; x_wconf 81' lang='grc' dir='ltr'>ἐστιν</span> <span class='ocrx_word' id='word_1_911' title='bbox 1403 5677 1552 5748; x_wconf 81' lang='grc' dir='ltr'>ἐντῷ</span> <span class='ocrx_word' id='word_1_912' title='bbox 1583 5677 1813 5749; x_wconf 83' lang='grc' dir='ltr'>στόματί</span> <span class='ocrx_word' id='word_1_913' title='bbox 1839 5695 1913 5731; x_wconf 75' lang='grc' dir='ltr'><strong>σοι</strong></span> 
     </span>
    </p>
   </div>
   <div class='ocr_carea' id='block_1_115' title="bbox 2019 5671 3650 5752">
    <p class='ocr_par' dir='ltr' id='par_1_115' title="bbox 2067 5671 3650 5749">
     <span class='ocr_line' id='line_1_115' title="bbox 2067 5671 3650 5749; baseline -0.004 -19"><span class='ocrx_word' id='word_1_914' title='bbox 2067 5676 2199 5746; x_wconf 86' lang='lat' dir='ltr'><strong>quid</strong></span> <span class='ocrx_word' id='word_1_915' title='bbox 2229 5677 2404 5732; x_wconf 82' lang='lat' dir='ltr'><strong>dicit?</strong></span> <span class='ocrx_word' id='word_1_916' title='bbox 2466 5679 2643 5749; x_wconf 86' lang='lat' dir='ltr'><strong>Prope</strong></span> <span class='ocrx_word' id='word_1_917' title='bbox 2670 5690 2755 5735; x_wconf 84' lang='lat' dir='ltr'><strong>est</strong></span> <span class='ocrx_word' id='word_1_918' title='bbox 2781 5688 2936 5735; x_wconf 89' lang='lat' dir='ltr'><strong>tuum</strong></span> <span class='ocrx_word' id='word_1_919' title='bbox 2969 5677 3207 5734; x_wconf 89' lang='lat' dir='ltr'><strong>verbum</strong></span> <span class='ocrx_word' id='word_1_920' title='bbox 3241 5679 3296 5731; x_wconf 90' lang='lat' dir='ltr'><strong>in</strong></span> <span class='ocrx_word' id='word_1_921' title='bbox 3323 5685 3421 5730; x_wconf 89' lang='lat' dir='ltr'><strong>ore</strong></span> <span class='ocrx_word' id='word_1_922' title='bbox 3446 5682 3567 5738; x_wconf 85' lang='lat' dir='ltr'><strong>tuo,</strong></span> <span class='ocrx_word' id='word_1_923' title='bbox 3594 5671 3650 5725; x_wconf 91' lang='lat' dir='ltr'><strong>in</strong></span> 
     </span>
    </p>
   </div>
   <div class='ocr_carea' id='block_1_116' title="bbox 437 5785 1913 5862">
    <p class='ocr_par' dir='ltr' id='par_1_116' title="bbox 437 5792 1913 5862">
     <span class='ocr_line' id='line_1_116' title="bbox 437 5792 1913 5862; baseline -0.001 -13"><span class='ocrx_word' id='word_1_924' title='bbox 437 5793 485 5827; x_wconf 79' lang='lat'><strong>&quot;’</strong></span> <span class='ocrx_word' id='word_1_925' title='bbox 518 5792 646 5849; x_wconf 88' lang='lat' dir='ltr'><strong>Ose.</strong></span> <span class='ocrx_word' id='word_1_926' title='bbox 677 5810 735 5856; x_wconf 86' lang='grc' dir='ltr'><strong>ιι,</strong></span> <span class='ocrx_word' id='word_1_927' title='bbox 768 5795 858 5849; x_wconf 70' lang='grc'><strong>24.</strong></span> <span class='ocrx_word' id='word_1_928' title='bbox 935 5796 982 5827; x_wconf 78' lang='grc' dir='ltr'><strong>⁸ο</strong></span> <span class='ocrx_word' id='word_1_929' title='bbox 1016 5795 1174 5850; x_wconf 80' lang='lat' dir='ltr'><strong>Rom.</strong></span> <span class='ocrx_word' id='word_1_930' title='bbox 1202 5811 1274 5855; x_wconf 82' lang='lat' dir='ltr'><strong>Ix,</strong></span> <span class='ocrx_word' id='word_1_931' title='bbox 1302 5793 1392 5848; x_wconf 75' lang='lat'><strong>30.</strong></span> <span class='ocrx_word' id='word_1_932' title='bbox 1497 5795 1540 5824; x_wconf 80' lang='grc'><strong>⁵¹</strong></span> <span class='ocrx_word' id='word_1_933' title='bbox 1575 5793 1678 5848; x_wconf 84' lang='lat' dir='ltr'><strong>lsa.</strong></span> <span class='ocrx_word' id='word_1_934' title='bbox 1721 5809 1913 5862; x_wconf 80' lang='lat' dir='ltr'><strong>xxvm,</strong></span> 
     </span>
    </p>
   </div>
   <div class='ocr_carea' id='block_1_117' title="bbox 2019 5785 3653 5862">
    <p class='ocr_par' dir='ltr' id='par_1_117' title="bbox 2049 5785 3653 5862">
     <span class='ocr_line' id='line_1_117' title="bbox 2049 5785 3653 5862; baseline -0.008 -6"><span class='ocrx_word' id='word_1_935' title='bbox 2049 5809 2062 5856; x_wconf 73' lang='grc' dir='ltr'>ς</span> <span class='ocrx_word' id='word_1_936' title='bbox 2121 5792 2278 5846; x_wconf 79' lang='lat' dir='ltr'><strong>Rom.</strong></span> <span class='ocrx_word' id='word_1_937' title='bbox 2321 5809 2393 5860; x_wconf 78' lang='lat' dir='ltr'><strong>Ix,</strong></span> <span class='ocrx_word' id='word_1_938' title='bbox 2427 5794 2515 5862; x_wconf 73' lang='grc'>52,</span> <span class='ocrx_word' id='word_1_939' title='bbox 2554 5797 2643 5853; x_wconf 80' lang='lat'><strong>5’5.</strong></span> <span class='ocrx_word' id='word_1_940' title='bbox 2771 5797 2816 5830; x_wconf 82' lang='lat'>&quot;</span> <span class='ocrx_word' id='word_1_941' title='bbox 2849 5797 3008 5852; x_wconf 76' lang='lat' dir='ltr'><strong>Rom.</strong></span> <span class='ocrx_word' id='word_1_942' title='bbox 3045 5811 3099 5860; x_wconf 73' lang='grc' dir='ltr'><strong>ιι,</strong></span> <span class='ocrx_word' id='word_1_943' title='bbox 3130 5792 3184 5856; x_wconf 72' lang='lat'><strong>2,</strong></span> <span class='ocrx_word' id='word_1_944' title='bbox 3218 5791 3269 5846; x_wconf 67' lang='grc'><strong>4.</strong></span> <span class='ocrx_word' id='word_1_945' title='bbox 3381 5787 3427 5821; x_wconf 80' lang='grc'><strong>⁸³</strong></span> <span class='ocrx_word' id='word_1_946' title='bbox 3457 5787 3475 5842; x_wconf 88' lang='lat' dir='ltr'><strong>l</strong></span> <span class='ocrx_word' id='word_1_947' title='bbox 3501 5785 3653 5844; x_wconf 68' lang='lat' dir='ltr'><strong>Petro</strong></span> 
     </span>
    </p>
   </div>
   <div class='ocr_carea' id='block_1_118' title="bbox 366 5863 1913 5932">
    <p class='ocr_par' dir='ltr' id='par_1_118' title="bbox 366 5863 1913 5932">
     <span class='ocr_line' id='line_1_118' title="bbox 366 5863 1913 5932; baseline -0.003 -11"><span class='ocrx_word' id='word_1_948' title='bbox 366 5878 432 5932; x_wconf 83' lang='grc' dir='ltr'><strong>ιι,</strong></span> <span class='ocrx_word' id='word_1_949' title='bbox 465 5864 522 5932; x_wconf 83' lang='grc'>6,</span> <span class='ocrx_word' id='word_1_950' title='bbox 567 5865 684 5920; x_wconf 76' lang='grc'><strong>8.⁸¹⁸</strong></span> <span class='ocrx_word' id='word_1_951' title='bbox 716 5865 853 5919; x_wconf 87' lang='lat' dir='ltr'><strong>ibid.</strong></span> <span class='ocrx_word' id='word_1_952' title='bbox 884 5865 938 5931; x_wconf 88' lang='lat'><strong>9,</strong></span> <span class='ocrx_word' id='word_1_953' title='bbox 972 5866 1060 5919; x_wconf 77' lang='lat'><strong>10.</strong></span> <span class='ocrx_word' id='word_1_954' title='bbox 1138 5865 1185 5896; x_wconf 81' lang='lat'><strong>“</strong></span> <span class='ocrx_word' id='word_1_955' title='bbox 1222 5865 1381 5918; x_wconf 79' lang='lat' dir='ltr'><strong>Rom.</strong></span> <span class='ocrx_word' id='word_1_956' title='bbox 1422 5879 1493 5929; x_wconf 84' lang='lat' dir='ltr'><strong>Ix,</strong></span> <span class='ocrx_word' id='word_1_957' title='bbox 1527 5863 1617 5929; x_wconf 68' lang='grc'><strong>24,</strong></span> <span class='ocrx_word' id='word_1_958' title='bbox 1641 5865 1728 5918; x_wconf 70' lang='lat'><strong>25.</strong></span> <span class='ocrx_word' id='word_1_959' title='bbox 1807 5867 1851 5896; x_wconf 76' lang='grc'>⁵⁸</span> <span class='ocrx_word' id='word_1_960' title='bbox 1883 5863 1913 5916; x_wconf 77' lang='lat' dir='ltr'><strong>ﬁ</strong></span> 
     </span>
    </p>
   </div>
   <div class='ocr_carea' id='block_1_119' title="bbox 2019 5863 2315 5932">
    <p class='ocr_par' dir='ltr' id='par_1_119' title="bbox 2030 5863 2315 5928">
     <span class='ocr_line' id='line_1_119' title="bbox 2030 5863 2315 5928; baseline 0.004 -12"><span class='ocrx_word' id='word_1_961' title='bbox 2030 5901 2042 5915; x_wconf 94' lang='lat'><strong>.</strong></span> <span class='ocrx_word' id='word_1_962' title='bbox 2068 5879 2181 5928; x_wconf 74' lang='lat' dir='ltr'><strong>vnn,</strong></span> <span class='ocrx_word' id='word_1_963' title='bbox 2228 5863 2315 5918; x_wconf 79' lang='grc'><strong>14.</strong></span> 
     </span>
    </p>
   </div>
   <div class='ocr_carea' id='block_1_120' title="bbox 620 5953 1913 6019">
    <p class='ocr_par' dir='ltr' id='par_1_120' title="bbox 620 5954 1430 6019">
     <span class='ocr_line' id='line_1_120' title="bbox 620 5954 1430 6019; baseline 0.002 -2"><span class='ocrx_word' id='word_1_964' title='bbox 620 5960 893 6017; x_wconf 77' lang='grc' dir='ltr'>ΡΑτιιοι..</span> <span class='ocrx_word' id='word_1_965' title='bbox 936 5957 1053 6018; x_wconf 82' lang='lat' dir='ltr'><strong>Gn.</strong></span> <span class='ocrx_word' id='word_1_966' title='bbox 1099 5954 1430 6019; x_wconf 71' lang='lat' dir='ltr'><strong>LXXXIX.</strong></span> 
     </span>
    </p>
   </div>
   <div class='ocr_carea' id='block_1_121' title="bbox 2019 5953 3324 6019">
    <p class='ocr_par' dir='ltr' id='par_1_121' title="bbox 3253 5953 3324 6015">
     <span class='ocr_line' id='line_1_121' title="bbox 3253 5953 3324 6015; baseline -0.042 0"><span class='ocrx_word' id='word_1_967' title='bbox 3253 5953 3324 6015; x_wconf 77' lang='grc'><strong>40</strong></span> 
     </span>
    </p>
   </div>
  </div>
