4072 6526
533 354 672 423 1259

1725 355 1782 416 S.
1828 349 2231 413 ANASTASII
2273 351 2340 410 SI
2353 350 2400 411 Ν
2406 350 2602 411 ΑΙΤᾸΞ

3660 355 3784 422 1260

530 469 695 527 corde
723 478 857 526 tuo:
889 467 944 525 id
973 476 1077 533 est,
1109 466 1339 522 verbum
1381 464 1510 520 ﬁdei
1537 464 1686 535 quod
1732 464 2114 534 praedicamus.

2231 464 2280 515 ὲν
2315 463 2382 531 τῇ
2431 459 2631 532 καρδίᾳ
2673 476 2789 526 σου,
2829 460 3082 513 τουτέστι
3109 460 3170 513 τὸ
3197 455 3352 530 ῥῆμα
3378 462 3479 532 τῆς
3509 462 3728 530 πίστεως
3759 469 3784 522 6

527 565 669 631 Quia
725 560 772 619 si
830 558 1145 616 conﬁtearis
1193 557 1250 612 in
1305 573 1401 613 ore
1439 566 1536 613 tuo
1589 557 1886 613 Dominum
1927 557 2116 613 Iesum

527 655 813 714 Christum
863 661 920 708 et
969 651 1027 706 in
1069 649 1236 707 corde
1291 657 1386 704 tuo
1433 649 1761 715 credideris,
1793 650 1942 719 quod
1965 650 2118 704 Deus

527 746 818 803 suscitavit
863 745 1019 798 illum
1076 756 1144 796 ex
1192 741 1448 805 mortuis,
1512 741 1696 796 salvus
1749 741 1896 806 eris;
1950 741 2118 795 corde

526 839 678 894 enim
708 836 954 891 creditur
975 834 1043 888 ad
1067 834 1364 904 justitiam,
1402 850 1499 888 ore
1538 843 1720 888 autem
1754 833 2029 888 confessio
2058 832 2120 888 ﬁt

527 928 584 981 in
617 927 873 982 salutem.
924 924 1069 978 Dicit
1107 923 1253 977 enim
1285 923 1567 992 Scriptura
1617 923 1764 988 :Qui
1823 924 2002 978 credit
2061 924 2119 977 in

529 1019 709 1084 illum,
740 1033 850 1070 non
878 1014 1285 1080 confundetur;
1332 1015 1450 1084 ipse
1495 1014 1645 1069 enim
1684 1014 1953 1070 Dominus
1998 1031 2119 1069 om-

531 1111 682 1164 nium
735 1119 790 1164 et
846 1110 902 1162 in
960 1122 1154 1162 omnes
1205 1106 1360 1160 dives
1401 1107 1495 1175 qui
1547 1107 1809 1160 invocant
1862 1121 2012 1171 cum,
2061 1114 2120 1160 et

529 1202 708 1255 omnis
732 1200 826 1270 qui
855 1198 1196 1264 invocaverit
1240 1212 1441 1252 nomen
1485 1198 1728 1264 Domini,
1764 1197 1948 1252 salvus
1985 1197 2115 1252 erit.

530 1290 819 1358 Quomodo
851 1303 984 1358 ergo
1023 1287 1360 1341 invocabunt
1412 1285 1469 1340 in
1510 1302 1674 1356 quem
1714 1303 1825 1342 non
1867 1287 2120 1343 credide-

531 1382 710 1438 runt?
747 1379 1036 1447 Quomodo
1084 1386 1273 1433 autem
1303 1378 1552 1444 credent,
1583 1395 1750 1447 quem
1782 1395 1891 1434 non
1925 1379 2116 1434 audie-

530 1471 1024 1539 runt?Quomodo
1071 1479 1256 1525 autem
1302 1469 1531 1526 audient
1577 1471 1696 1525 sine
1750 1471 2119 1541 praedicante?

529 1564 820 1634 Quomodo
851 1573 1040 1619 autem
1065 1560 1451 1633 praedicabunt
1480 1563 1587 1617 nisi
1624 1562 1948 1618 mittantur?
1975 1564 2120 1619 sicut

530 1658 796 1728 scriptum
843 1663 928 1712 est
963 1672 980 1711 :
1039 1655 1212 1721 Quam
1281 1653 1515 1724 speciosi
1547 1655 1715 1725 pedes
1741 1655 2121 1726 evangelium-

531 1751 670 1806 tium
717 1750 897 1805 bona!
933 1779 1005 1789 —-
1026 1757 1083 1803 et
1108 1746 1332 1817 quidem
1358 1747 1416 1801 in
1445 1762 1664 1802 omnem
1714 1755 1917 1802 terram
1948 1747 2120 1803 exivit

531 1857 702 1897 sonus
753 1857 947 1897 eorum
989 1849 1046 1895 et
1090 1840 1148 1895 in
1191 1839 1331 1896 lines
1375 1840 1530 1895 orbis
1583 1847 1750 1894 terrae
1803 1841 1972 1896 verba
2021 1855 2118 1896 eo-
2151 1809 2194 1866 Β

534 1949 656 1989 rum
672 1932 741 1986 ⁸⁷.
775 1953 794 1984 ι

603 2023 802 2080 Verum
819 2039 931 2079 non
953 2024 1213 2095 cognovit
1232 2023 1421 2079 Israel.
1440 2024 1611 2080 Isaias
1631 2024 1800 2080 dicit:
1824 2044 1843 2077 ι
1865 2025 2121 2080 Domine:

531 2117 658 2188 quis
689 2115 928 2172 credidit
975 2116 1190 2171 auditui
1224 2123 1437 2180 nostro,
1483 2125 1540 2172 et
1587 2117 1877 2173 brachium
1903 2118 2122 2172 Domini

533 2209 626 2264 cui
657 2209 961 2263 revelatum
997 2207 1180 2263 est“?
1207 2227 1227 2261 ι
1261 2208 1476 2280 Moyses
1499 2217 1687 2264 autem
1721 2211 1936 2280 primus
1959 2211 2122 2265 dicit:

543 2319 562 2352 ι
589 2299 704 2370 Ego
727 2298 1040 2369 provocabo
1062 2313 1163 2354 vos
1202 2298 1261 2354 in
1294 2313 1408 2354 non
1448 2309 1660 2371 gentes,
1685 2301 1742 2354 in
1769 2309 1930 2372 gente
1958 2302 2127 2357 stulta

534 2391 768 2447 irritabo
796 2406 895 2447 vos
913 2391 980 2446 ⁸³.
1017 2409 1036 2444 ι
1073 2390 1279 2447 Gentes
1323 2392 1521 2446 stultas
1561 2408 1665 2448 nos
1705 2395 1962 2460 vocavit;
1999 2403 2126 2451 ante

528 2482 702 2540 ﬁdem
731 2483 878 2539 enim
907 2483 1203 2538 stultitiam
1230 2483 1691 2549 ostendebamus;
1724 2500 1947 2540 eramus
1975 2487 2124 2541 enim

537 2575 856 2646 aliquando,
879 2575 936 2630 id
963 2585 1047 2632 est
1073 2584 1367 2647 antequam
1395 2575 1773 2640 crederemus,
1831 2578 2007 2642 stulti,
2037 2579 2126 2633 in-

536 2670 892 2736 obedientes,
929 2678 1200 2726 errantes.
1253 2669 1580 2740 Magnopere
1654 2671 1874 2725 Iudaeos
1937 2667 2128 2724 adlixit

537 2763 704 2828 Deus,
745 2761 801 2816 id
849 2768 934 2817 est
983 2761 1135 2814 luctu
1178 2761 1452 2831 replevit;
1498 2777 1609 2815 non
1659 2761 1806 2817 enim
1852 2771 1964 2816 tam
2015 2761 2126 2816 illis

539 2856 773 2910 molesta
796 2863 882 2908 est
917 2852 1192 2922 dispersio
1215 2861 1271 2907 et
1297 2853 1490 2922 templi
1521 2855 1776 2917 vastatio,
1803 2868 1967 2922 quam
1990 2868 2125 2923 gen-

540 2946 679 3000 tium
712 2944 890 3014 pietas
911 2950 966 2996 et
989 2941 1270 3012 splendor.
1292 2942 1462 2997 Isaias
1493 2950 1678 2996 autem
1709 2941 1876 2996 audet
1904 2941 2121 2996 dicere:

548 3056 568 3089 ι
603 3037 867 3092 Inventus
892 3051 1013 3090 sum
1043 3035 1114 3089 ab
1155 3035 1224 3089 iis
1254 3036 1347 3104 qui
1385 3051 1472 3090 me
1499 3050 1611 3089 non
1657 3035 1994 3105 qumrehant,
2029 3050 2127 3106 pa-

2221 554 2604 625 κηρύσσομεν·
2627 554 2710 607 ὅτι
2736 552 2832 605 ἐὰν
2858 553 3204 624 ὁμολογήσῃς
3236 555 3296 606 ἐν
3325 569 3403 623 τῳ
3444 555 3669 624 στόματί
3699 576 3784 614 σου

2221 647 2428 716 Κύριον
2475 645 2686 716 Ἰησοῦν
2732 645 2969 715 Χριστὸν
3012 645 3110 698 καὶ
3138 643 3439 716 πιστεύσῃς
3470 647 3528 699 ἐν
3572 650 3636 717 τῇ
3671 667 3787 723 καρ-

2217 739 2308 808 δία
2341 755 2436 790 σου
2465 737 2548 791 ὅτι
2579 739 2606 790 6
2636 737 2767 800 Θεὸς
2805 738 2969 790 αὐτὸν
3010 737 3231 810 ἤγειρεν
3278 739 3341 790 ἐκ
3365 738 3598 808 νεκρῶν,
3630 742 3789 814 σωθή-

2219 847 2321 903 σῃ·
2375 830 2580 902 καρδίᾳ
2627 829 2738 902 γὰρ
2782 830 3100 883 πιστεύεται
3149 831 3231 892 είς
3282 830 3652 901 δικαιοσύνην,
3686 834 3791 886 στόο

2223 940 2356 992 ματι
2403 924 2461 975 δέ
2505 923 2854 992 ὁμολογεῖται
2904 924 2986 984 είς
3046 922 3551 994 σωτηρίαν··λέγει
3610 924 3713 994 γὰρ
3760 927 3790 996 ἡ

2220 1014 2434 1086 Γραφὴ,
2466 1015 2548 1068 ὅτι
2579 1015 2640 1067 ’0
2661 1015 2934 1067 πιστεύων
2958 1017 3038 1079 είς
3056 1015 3218 1069 αὐτὸν
3242 1017 3344 1069 οὐκ
3365 1015 3788 1086 αἰσχυνθήσεται·

2219 1106 2247 1156 ὁ
2271 1104 2379 1174 γὰρ
2404 1103 2567 1166 αὐτὸς
2596 1103 2801 1174 Κύριος
2825 1103 3046 1158 πάντων
3078 1105 3174 1158 καὶ
3207 1106 3287 1168 είς
3316 1107 3526 1169 πάντας
3554 1105 3792 1170 πλούσιος

2217 1196 2346 1256 τοὺς
2397 1195 2871 1265 ἐπικαλουμένους
2913 1196 3110 1250 αὐτόν·
3157 1197 3256 1249 καὶ
3307 1197 3462 1250 ἐσται
3504 1199 3613 1259 πᾶς
3645 1198 3700 1260 ὃς
3735 1199 3792 1251 ἂν

2221 1285 2621 1358 ἐπικαλέσηται
2642 1289 2707 1341 τὸ
2727 1287 2901 1358 ὄνομα
2939 1290 3170 1360 Κυρίου,
3195 1290 3502 1360 σωθήσεται
3522 1308 3537 1322 ·
3573 1291 3685 1355 πῶς
3711 1291 3793 1345 οὖν

2221 1377 2644 1432 ἐπικαλέσονται
2696 1380 2778 1444 είς
2817 1379 2880 1433 ὃν
2926 1380 3029 1434 οὐκ
3076 1381 3440 1447 ἐπίστευσαν;
3475 1383 3594 1446 πῶς
3623 1383 3678 1436 δὲ
3711 1402 3794 1438 πι-

2223 1470 2562 1538 στεύσουσιν,
2583 1464 2643 1525 οὗ
2659 1473 2760 1525 οὐκ
2775 1473 3046 1542 ἧκουσανς
3075 1473 3201 1538 Πῶς
3228 1474 3284 1528 δὲ
3321 1474 3619 1528 ἀκούσουσι
3643 1477 3793 1546 χωρὶς

2218 1562 2622 1634 κηρύσσοντοςς
2655 1564 2771 1629 πῶς
2798 1565 2854 1618 δὲ
2902 1565 3202 1637 κηρύξουσι
3225 1566 3288 1620 ἂν
3317 1567 3391 1636 μὴ
3421 1567 3790 1632 ἁποσταλῶσις

2221 1653 2404 1718 καθὼς
2466 1654 2804 1726 γέγραπταιο
2847 1656 2934 1720 Ὣς
2957 1657 3146 1728 ὡραῖοι
3176 1659 3224 1711 οί
3248 1658 3409 1721 πόδες
3447 1658 3556 1712 τῶν
3585 1658 3772 1727 εὐαγγε

2218 1745 2521 1817 λιζομένων
2558 1748 2628 1801 τὰ
2659 1747 2842 1816 ἀγαθά
2867 1751 2880 1803 ί
2931 1748 3127 1820 μενοῦν
3154 1733 3220 1820 γε
3253 1752 3334 1814 είς
3367 1751 3552 1804 πᾶσαν
3583 1749 3678 1820 τὴν
3703 1754 3796 1821 γῆν

2226 1837 2452 1909 ἐξῆλθεν
2476 1840 2506 1892 6
2534 1838 2770 1908 φθόγγος
2795 1840 2998 1905 αὐτῶν,
3027 1841 3123 1896 καὶ
3155 1841 3238 1906 είς
3261 1841 3335 1896 τὰ
3359 1841 3582 1915 πέρατα
3604 1842 3699 1912 τῆς
3722 1845 3795 1898 ol-

2229 1930 2501 2002 κουμένης
2529 1930 2600 1984 τὰ
2631 1932 2852 2002 ῥήματα
2881 1931 3078 1987 αὐτῶν.
3102 1951 3123 1985 ι

2309 2019 2472 2072 Ἀλλὰ
2522 2020 2630 2090 μὴν
2685 2022 2786 2074 οὐκ
2835 2021 2979 2090 ἔγνω
3042 2022 3284 2092 Ἰσραήλ.
3343 2025 3577 2089 Ἡσαΐας
3629 2025 3793 2094 λέγει·

2233 2130 2251 2163 ι
2283 2112 2481 2184 Κύριε,
2517 2113 2601 2176 τίς
2653 2095 2946 2168 ἐπίστευσε
2986 2117 3052 2185 τῇ
3097 2116 3236 2185 ἀκοῇ
3286 2117 3466 2187 ἡμῶν,
3499 2120 3596 2173 καὶ
3626 2120 3654 2172 6
3680 2118 3798 2190 βρα-

2227 2203 2360 2274 χίων
2412 2206 2619 2277 Κυρίου
2666 2207 2773 2259 τίνι
2829 2207 3277 2277 ἁπεκαλύφθη;ι
3349 2209 3408 2263 Ὀ
3459 2210 3518 2262 δὲ
3574 2213 3798 2282 Μωῡσῆς

2227 2295 2442 2367 πρῶτος
2463 2296 2634 2366 λέγει’
2675 2317 2692 2350 ι
2723 2298 2864 2368 Ἐγὼ
2895 2301 3202 2371 παραζηλῶ
3231 2301 3374 2369 ὑμᾶς
3409 2305 3494 2355 ἐπ’
3527 2303 3630 2356 οὐκ
3661 2304 3798 2375 ἔθνη,

2227 2391 2320 2444 ἐπὶ
2348 2389 2491 2445 ἐθνει
2520 2390 2766 2462 ἀσυνέτῳ
2795 2393 3085 2462 παροργιῶ
3111 2395 3276 2463 ὑμᾶς.
3309 2414 3327 2446 ι
3374 2395 3548 2465 Ἐθνη
3579 2397 3801 2450 ἀσύνετα

2228 2483 2375 2553 ὑμᾶς
2419 2487 2836 2558 προσηγόρευσε
2859 2502 2874 2516 ⁸
2917 2487 3024 2560 πρό
3063 2503 3126 2554 γε
3160 2487 3259 2558 τῆς
3304 2488 3548 2552 πίστεως
3578 2490 3802 2560 ἀφροσύο

2226 2592 2326 2646 νην
2360 2577 2777 2649 ἐπεδείκνυμεν⁸
2826 2575 2970 2652 ἦμεν
3023 2579 3134 2650 γάρ
3186 2598 3340 2645 ποτε,
3375 2583 3550 2653 ἤγουν
3583 2585 3688 2654 πρὸ
3715 2585 3800 2637 τοῦ

2227 2669 2542 2733 πιστεῦσαι,
2578 2671 2823 2741 ἀνόητοι,
2863 2666 3128 2739 ἀπειθεῖς,
3183 2673 3556 2744 πλανώμενοι.
3610 2679 3804 2744 Διαφε-

2228 2759 2430 2830 ρόντως
2476 2761 2762 2827 Ἰουδαίους
2795 2764 3020 2834 ἠνίασεν
3055 2767 3084 2818 6
3108 2766 3262 2830 Θεὸς,
3290 2768 3460 2838 ἧγουν
3501 2766 3797 2838 ἐλύπησεν·

2225 2853 2287 2905 ού
2314 2853 2423 2923 γὰρ
2455 2853 2628 2918 οὕτως
2672 2856 2920 2925 ἀλγεινὸν
2947 2861 2980 2927 ἡ
3014 2859 3282 2930 διασπορὰ
3309 2861 3408 2912 καὶ
3456 2863 3489 2931 ἡ
3556 2861 3650 2914 τοῦ
3681 2859 3799 2915 ναοῦ

2229 2945 2531 3016 ἐρήμωσις,
2565 2946 2643 3011 ῶς
2685 2949 2716 3018 ἡ
2756 2949 2868 3002 τῶν
2895 2949 3065 3003 ἐθνῶν
3089 2953 3340 3006 εὐσέϐειά
3365 2969 3427 3005 τε
3456 2958 3556 3007 καὶ
3582 2956 3803 3025 περιφά-

2226 3055 2367 3093 νεια.
2406 3038 2639 3104 Ἡσαΐας
2662 3040 2724 3093 δὲ
2749 3042 3034 3114 ἀποτολμᾷ
3057 3044 3153 3097 καὶ
3180 3043 3348 3112 λέγει’
3384 3063 3403 3097 ι
3428 3045 3677 3116 Εὑρέθην
3699 3049 3801 3109 τοῖς

541 3126 650 3181 lam
697 3123 929 3194 apparui
983 3124 1052 3178 iis
1100 3123 1194 3193 qui
1255 3138 1342 3178 me
1388 3139 1498 3177 non
1550 3125 2043 3195 interrogabant”.
2101 3144 2119 3177 ι

2231 3131 2329 3200 ἐμὲ
2360 3133 2435 3202 μὴ
2479 3131 2754 3203 ζητοὸσιν,
2797 3135 3048 3205 ἐμφανὴς
3097 3136 3370 3207 ἐγενόμην
3418 3139 3534 3201 τοῖς
3582 3139 3680 3208 ἐμὲ
3734 3139 3802 3208 μὴ

541 3217 800 3274 Ostendit
832 3216 1028 3272 eodem
1055 3215 1178 3269 loco
1208 3215 1454 3286 gentium
1489 3217 1584 3270 Dei
1627 3216 1958 3286 cognitionis
1988 3233 2126 3288 prae-

542 3309 865 3374 dictionem,
893 3318 949 3363 et
998 3308 1312 3364 Iudaeorum
1348 3307 1766 3375 crudelitatem;
1820 3324 1944 3363 nam
1988 3307 2126 3363 illud

543 3407 704 3458 audet
755 3400 1028 3472 signiﬁcat
1081 3414 1211 3454 eum
1268 3415 1380 3454 non
1426 3390 1878 3456 veritum'fuisse
1908 3400 2127 3458 Judaeos

544 3494 884 3550 trucidantes
912 3500 968 3548 et
1011 3491 1280 3557 furentes,
1331 3491 1428 3546 sed
1479 3507 1605 3546 cum
1656 3492 1910 3547 libertate
1955 3493 2126 3547 multa

543 3586 792 3658 gentium
824 3583 1143 3655 praedixisse
1167 3583 1422 3650 salutem,
1439 3583 1758 3638 Judmorum
1781 3593 1964 3638 autem
1991 3601 2128 3654 prae-

544 3677 829 3732 nuntiasse
846 3675 1285 3731 incredulitatem
1303 3689 1317 3739 ;
1338 3675 1483 3744 quod
1501 3676 1784 3746 sequentia
1805 3676 2123 3731 ostendunt.

543 3770 627 3824 Ad
652 3769 818 3826 Israel
851 3768 1099 3837 loquitur
1128 3766 1373 3837 Moyses:
1419 3785 1437 3818 ι
1467 3767 1606 3821 Tota
1639 3767 1727 3822 die
1757 3767 1980 3822 extendi
2006 3782 2125 3823 ma-

547 3877 654 3916 nus
668 3860 735 3916 ad
757 3859 1019 3930 populum
1043 3857 1452 3913 inobedientem
1465 3867 1520 3913 et
1537 3860 2006 3915 contradicentem
2021 3860 2061 3891 ⁶¹
2074 3901 2086 3915 .
2101 3879 2120 3911 ι

545 3954 624 4009 lta
681 3954 826 4008 enim
869 3951 1150 4006 mirabiles
1206 3951 1489 4020 prophetae
1537 3951 1758 4007 Judaeos
1787 3962 2044 4024 arguunt,
2073 3962 2131 4009 et

543 4045 794 4117 gentium
852 4044 1016 4098 ﬁdem
1073 4043 1426 4113 praedicunt;
1465 4044 1591 4100 dico
1621 4054 1805 4101 autem
1835 4047 2128 4102 Dominum

547 4146 799 4196 nostrum
829 4139 1015 4194 Jesum
1036 4138 1319 4194 Christum
1353 4140 1670 4195 ministrum
1694 4140 1865 4196 fuisse
1890 4142 2131 4196 circum-

547 4230 776 4285 cisionis
825 4237 1054 4298 propter
1100 4227 1388 4282 veritatem
1446 4228 1544 4282 Dei
1595 4229 1665 4283 ad
1730 4229 2133 4287 conﬁrmandas

548 4322 947 4392 promissiones
969 4323 1233 4387 Patrum;
1270 4331 1462 4393 gentes
1498 4331 1681 4377 autem
1718 4339 1886 4394 super
1915 4324 2132 4380 miseri-

548 4415 740 4469 cordia
770 4413 1075 4468 laudabunt
1104 4414 1298 4468 Deum.
1324 4414 1557 4469 Abrahae
1575 4415 1726 4469 enim
1747 4415 1919 4471 totius
1941 4418 2131 4472 mundi

2233 3220 2604 3291 ἐπερωτῶσιν.
2632 3241 2649 3273 ι
2693 3222 2903 3286 Ἔδειξε
2937 3225 3059 3276 κατ’
3093 3224 3226 3278 αὐτὸ
3255 3225 3352 3279 καὶ
3380 3226 3478 3294 τῆς
3499 3226 3612 3280 τῶν
3645 3226 3802 3280 ἐθνῶν

2235 3310 2565 3378 θεογνωσίας
2611 3312 2710 3384 τὴν
2754 3314 3082 3385 πρόσρησιν,
3129 3317 3224 3370 καὶ
3260 3317 3360 3386 τὴν
3393 3318 3505 3371 τῶν
3545 3320 3802 3374 Ἰουδαίων

2237 3401 2551 3471 μιαιφονίαν
2580 3419 2594 3433 °
2630 3403 2692 3456 1:6
2744 3404 2855 3476 γὰρ
2914 3405 3232 3477 ἀποτολμᾷ
3275 3409 3434 3461 τοῦτο
3487 3409 3675 3480 δηλοῖ,
3700 3412 3804 3464 Οὐκ

2235 3494 2524 3561 ἐδειλίασε,
2567 3495 2722 3567 φησὶ,
2763 3496 3041 3564 φονῶντας
3083 3497 3378 3563 Ἰουδαίους
3429 3499 3530 3554 καὶ
3579 3502 3805 3571 μεμηνό-

2236 3601 2356 3649 τας,
2382 3584 2521 3638 ἀλλὰ
2553 3586 2652 3639 σὺν
2681 3586 2964 3657 παρρησίᾳ
2993 3586 3162 3657 πολλῇ
3191 3588 3290 3660 τὴν
3316 3589 3425 3642 τῶν
3455 3588 3629 3643 ἐθνῶν
3680 3607 3804 3660 προ-

2239 3677 2474 3748 εκήρυξε
2536 3678 2810 3748 σωτηρίαν
2835 3693 2848 3706 ·
2901 3679 3264 3750 προεθέσπισε
3297 3681 3354 3733 δὲ
3414 3682 3645 3736 καὶτῶν
3677 3682 3803 3736 Ἰουο

2238 3769 2403 3824 δαίων
2433 3770 2532 3841 τὴν
2561 3770 2854 3825 ἀπιστίανσ
2887 3771 3046 3825 τοῦτο
3078 3775 3187 3844 γὲερ
3217 3774 3369 3843 δηλοί
3395 3775 3464 3828 τὰ
3489 3776 3617 3846 ἑξῆς
3637 3791 3651 3804 ⁶
3680 3775 3804 3845 πρὸς

2236 3861 2292 3914 δὲ
2318 3861 2410 3915 τὸν
2451 3860 2664 3932 Ἰσραὴλ
2703 3861 2851 3930 λέγει
2890 3863 2919 3915 ὁ
2950 3865 3225 3934 Μωῡσῆς·
3273 3886 3290 3916 ι
3317 3866 3490 3936 Ὅλην
3541 3868 3641 3938 τὴν
3686 3866 3804 3938 ἠμέ-

2239 3970 2340 4024 ραν
2391 3953 2700 4019 ἐξεπέτασα
2743 3955 2842 4018 τὰς
2889 3957 3079 4027 χεῖρας
3131 3958 3268 4027 πρὸς
3319 3958 3446 4012 λαὸν
3481 3959 3803 4013 ἀπειθοῦντα

2237 4045 2332 4098 καὶ
2367 4044 2739 4113 ἀντιλέγοντα.
2787 4064 2808 4100 ι
2839 4045 2996 4100 Οὕτω
3027 4047 3136 4119 γὰρ
3175 4049 3225 4100 οἱ
3265 4047 3562 4119 θαυμάσιοι
3605 4053 3804 4120 προφῆ-

2236 4151 2325 4187 ται
2364 4135 2458 4188 καὶ
2499 4135 2774 4200 Ἰουδαίοις
2823 4136 3195 4208 κατηγοροῦσι
3245 4139 3339 4192 καὶ
3377 4139 3478 4209 τὴν
3507 4139 3616 4193 τῶν
3644 4139 3800 4192 ἐθνῶν

2239 4227 2677 4298 προκηρύττουσι
2715 4228 2920 4295 πίστιν,
2970 4229 3114 4298 λέγω
3158 4230 3216 4284 δὲ
3270 4232 3360 4285 τὸν
3413 4232 3625 4302 Κύριον
3658 4231 3801 4302 ἡμῶν

2252 4320 2458 4389 Ἰησοῦν
2513 4321 2751 4392 Χριστὸν
2810 4322 3057 4376 διάκονον
3100 4322 3431 4392 γεγενῆσθαι
3511 4324 3802 4392 περιτομῆς

2242 4412 2382 4484 ύπέρ
2437 4413 2696 4485 ἀληθείας
2724 4413 2859 4468 Θεοῦ
2898 4416 2976 4477 εἰς
3011 4416 3071 4468 τὸ
3101 4415 3404 4485 βεϐαιῶσαι
3437 4417 3540 4479 τὰς
3569 4417 3800 4483 ἐπαγγε-

549 4507 696 4561 Deus
717 4505 1000 4576 pollicitus
1014 4514 1100 4560 est
1121 4505 1177 4559 in
1205 4507 1414 4560 semine
1437 4508 1560 4576 ejus
1586 4507 1996 4565 benedicendas
2016 4527 2127 4567 esse

2241 4505 2360 4569 λίας
2395 4507 2506 4559 τῶν
2545 4507 2803 4578 Πατέρων
2824 4524 2837 4537 ·
2871 4508 2937 4562 τὰ
2970 4509 3028 4562 δὲ
3054 4509 3179 4580 ἔθνη
3226 4511 3364 4581 ύπέρ
3389 4509 3572 4572 ἐλέους
3605 4510 3800 4575 δοξάσει

549 4606 776 4670 gentes;
799 4599 1012 4666 accepit
1040 4609 1224 4653 autem
1249 4597 1365 4668 ipse
1393 4599 1708 4668 patriarcha
1731 4610 1788 4654 et
1815 4601 2134 4658 universum

551 4702 726 4758 genus
750 4687 869 4758 ejus
890 4686 1332 4742 circumcisionis
1365 4687 1604 4758 signum.
1635 4687 1940 4758 Oportebat
1969 4691 2137 4764 igitur

552 4795 741 4836 semen
772 4780 920 4836 illius
956 4780 1258 4835 secundum
1290 4796 1513 4835 carnem
1544 4782 1880 4852 appellatum
1912 4793 1968 4838 et
1996 4802 2134 4856 gen-

555 4873 703 4928 tibus
732 4872 1138 4929 benedictionis
1167 4872 1397 4940 fontem,
1436 4873 1642 4928 habere
1681 4876 1897 4945 signum
1929 4892 2130 4946 cogna—

557 4965 744 5031 tionis,
782 4974 843 5020 ut
869 4965 1260 5021 ostenderetur
1308 4977 1498 5037 aperte
1524 4967 1724 5022 divinae
1752 4969 2134 5037 promissionis

558 5057 797 5123 veritas;
825 5068 879 5112 et
907 5067 1118 5129 gentes,
1151 5075 1273 5128 qua:
1309 5059 1537 5129 gratiam
1582 5062 1918 5130 acceperint,
1947 5062 2136 5116 lauda-

557 5152 696 5206 bunt
721 5151 870 5206 hunc
905 5153 958 5206 in
1002 5151 1255 5206 homines
1289 5151 1494 5206 amoris
1539 5160 1818 5208 auctorem
1862 5170 1960 5224 per
2008 5171 2139 5210 suos

559 5241 774 5297 divinos
825 5245 1121 5313 prophetas
1163 5243 1555 5313 prmdiccntem
1596 5245 1845 5314 gentium
1888 5244 2051 5300 fidem
2083 5257 2138 5301 et

560 5336 812 5400 salutem,
847 5346 906 5390 ut
955 5337 1222 5406 scriptum
1273 5343 1389 5390 est:
1445 5355 1462 5387 ι
1499 5337 1796 5406 Propterea
1848 5338 2138 5393 conﬁtebi-

559 5448 685 5486 mur
721 5431 820 5485 tibi
867 5431 920 5484 in
963 5429 1239 5501 gentibus,
1268 5428 1516 5493 Domine,
1543 5438 1598 5483 et
1642 5429 1852 5483 nomini
1889 5442 1984 5484 tuo
2011 5447 2140 5484 can-

563 5524 884 5582 tabimus“.
909 5541 924 5573 ι
953 5522 1264 5576 Etrursus:
1303 5539 1318 5570 ι
1349 5521 1591 5575 Laudato
1615 5521 1928 5586 Dominum,
1949 5539 2137 5578 omnes

632 5731 677 5760 ⁸⁷
712 5729 871 5782 Rom.
901 5743 954 5791 ιι,
983 5727 1032 5787 1,
1069 5725 1153 5778 18.
1263 5726 1306 5756 ⁵⁸
1340 5727 1442 5780 Isa.
1476 5741 1588 5789 ι,ιιι,
1621 5727 1640 5779 1
1668 5743 1682 5790 ;
1711 5725 1867 5779 Itoni.
1902 5743 1954 5789 ιι,
1994 5727 2079 5780 16.

565 5799 725 5854 Rom.
756 5815 808 5861 Χ,
847 5799 935 5851 9.0.
1011 5796 1051 5826 ⁶¹
1081 5797 1180 5851 Isa.
1225 5812 1343 5858 tu,
1381 5797 1448 5857 ‘3;
1492 5797 1648 5851 Rom.
1680 5813 1728 5861 ιι,
1759 5796 1845 5850 21.

2239 4597 2329 4652 τὸν
2360 4599 2526 4651 (θεόν’
2569 4601 2646 4670 τῷ
2690 4600 2799 4670 γὰρ
2843 4601 3097 4672 Ἀϐραὰμ
3133 4605 3161 4656 ὁ
3211 4602 3320 4655 τῶν
3360 4603 3500 4656 ὅλων
3543 4603 3674 4665 Θεὸς
3708 4603 3801 4653 int-

2240 4691 2428 4760 έσχετο
2472 4693 2530 4742 ἐν
2585 4691 2662 4762 τῷ
2693 4694 2973 4763 σπέρματι
3022 4692 3190 4746 αὐτοῦ
3226 4693 3522 4762 εὐλογῆσαι
3557 4695 3624 4747 τὰ
3650 4693 3798 4760 ἔθνη·

2238 4780 2455 4848 ἐδέξατο
2485 4782 2542 4835 δέ
2575 4783 2669 4836 καὶ⁸
2697 4783 2858 4844 αὐτὸς
2892 4785 2920 4836 ὁ
2955 4784 3305 4855 πατριάρχης
3326 4786 3420 4837 καὶ
3443 4787 3555 4838 πᾶν
3583 4786 3642 4836 τὸ
3668 4783 3800 4835 ἐκεί-

2242 4898 2333 4933 νου
2358 4880 2513 4948 γένος
2543 4880 2644 4950 τῆς
2675 4882 2978 4952 περιτομῆς
3002 4883 3063 4936 τὸ
3091 4885 3316 4953 σημεῖον
3339 4901 3351 4914 ·
3385 4883 3495 4935 ἔδει
3513 4883 3690 4937 τοίνυν
3718 4880 3800 4932 καὶ

2243 4974 2302 5024 τὸ
2340 4973 2553 5026 ἐκείνου
2587 4974 2810 5043 σπέρμα
2839 4974 2980 5028 κατὰ
3039 4976 3218 5045 σάρκα
3271 4975 3800 5045 προσαγορευόμενον

2248 5066 2340 5119 καὶ
2369 5068 2481 5130 τοῖς
2513 5066 2689 5120 ἐθνεσι
2718 5066 2815 5137 τὴν
2865 5066 3116 5136 εὐλογίαν
3155 5068 3427 5138 πηγάζον,
3455 5068 3602 5138 ἔχειν
3631 5068 3688 5119 τὸ
3716 5083 3800 5134 ση-

2249 5158 2402 5226 μεῖον
2445 5159 2544 5227 τῆς
2599 5159 2941 5227 συγγενείας,
2974 5161 3060 5212 ἵνα
3095 5161 3280 5230 δειχθῇ
3320 5161 3505 5227 σαφῶς
3531 5159 3630 5229 τῆς
3662 5157 3797 5216 θείας

2258 5248 2592 5315 ἐπαγγελίας
2620 5251 2651 5319 ἡ
2675 5249 2903 5320 ἀλήθεια
2922 5268 2936 5283 ο
2970 5251 3066 5304 καὶ
3094 5251 3161 5303 τὰ
3194 5250 3319 5322 ἔθνη
3366 5250 3462 5320 τὴν
3490 5249 3649 5319 χάριν
3669 5245 3797 5309 δεξά·

2252 5357 2392 5407 μενα
2420 5343 2652 5411 ὑμνήσει
2676 5344 2774 5411 τῆς
2805 5343 3212 5414 φιλανθρωπίας
3235 5343 3328 5394 τὸν
3353 5340 3587 5411 χορηγὸν
3614 5339 3697 5392 τὸν
3721 5336 3796 5388 διὰ

2244 5433 2349 5487 τῶν
2367 5433 2526 5487 θείων
2549 5435 2843 5505 προφητῶν
2860 5436 3021 5489 αὑτοῦ
3045 5433 3564 5506 προσαγορεύσαντα
3581 5431 3674 5500 τὴν
3700 5429 3793 5479 τῶν

2245 5524 2416 5576 ἐθνῶν
2450 5526 2629 5578 πίστιν
2653 5528 2745 5580 καὶ
2774 5526 3069 5597 σωτηρίαν,
3103 5525 3284 5592 καθὼς
3312 5526 3640 5596 γέγραπταιο
3667 5542 3682 5572 ι
3705 5518 3790 5572 Διὰ

2210 5728 2254 5759 ⁵³
2291 5729 2449 5784 Deut.
2488 5745 2649 5794 χχχιι,
2697 5731 2758 5783 2i
2793 5746 2806 5795 ;
2848 5731 3006 5785 Rom.
3044 5746 3098 5795 ς,
3146 5730 3230 5784 ιι).
3365 5727 3409 5759 ⁸ο
3444 5725 3544 5781 Isa.
3581 5737 3696 5785 va,
3729 5718 3785 5779 i.’

1926 5800 1969 5828 θ’
1994 5799 2134 5854 Ρεειί.
2168 5813 2297 5864 xvu,
2330 5798 2416 5853 50.
