4072 6516
321 360 455 428 1361

1344 352 1803 422 DISPUTATIO
1840 344 2240 409 ADVERSUS
2278 344 2609 408 JUD/EOS.

3392 361 3396 365 ’
3467 342 3609 409 1262

315 476 481 532 τοῦτο
498 471 1009 547 ἐξομολογησάμεθά
1041 488 1125 526 σοι
1156 471 1215 526 ὲν
1247 469 1453 534 ἔθνεσι,
1486 465 1686 538 Κύριε,
1710 461 1809 518 καὶ
1833 456 1913 530 τῷ

2031 460 2228 523 gentes,
2265 462 2323 507 et
2372 450 2683 508 collaudate
2736 465 2889 515 cum,
2938 464 3135 506 omnes
3168 450 3354 520 populi
3374 450 3439 506 ⁸⁸.
3478 473 3498 507 ι
3541 456 3610 511 Et

319 567 549 639 ὀνόματί
585 584 679 621 σου
704 566 1005 637 ψάλλομεν.
1038 584 1056 617 ι
1090 564 1201 619 Καὶ
1250 562 1417 618 πάλιν
1451 560 1624 629 λέγειν
1660 576 1677 607 ι
1700 555 1910 610 Αἰνεῖτε

319 660 413 714 τὸν
440 657 669 729 Κύριον,
692 660 873 713 πάντα
898 657 1050 728 ἔθνη,
1075 658 1171 710 καὶ
1199 654 1530 709 ὲπαινέσατε
1566 649 1749 714 αὑτὸν,
1776 646 1912 701 πάν-

321 769 415 817 τες
444 754 493 805 ot
518 751 660 806 λαοί.
695 770 713 803 ι
752 751 864 805 Καὶ
885 749 1049 805 πάλιν
1091 746 1321 811 Ἡσαῖας
1361 745 1534 814 λέγει’
1577 762 1595 795 ι
1624 744 1734 796 Καὶ
1759 741 1911 793 ἔσται

324 842 454 917 ῥίζα
490 841 589 897 τοῦ
640 844 864 908 Ἰεσσαὶ,
894 842 990 896 καὶ
1038 843 1065 893 6
1089 838 1455 910 ἀνιστάμενος
1485 836 1680 907 ἄρχειν
1714 830 1911 895 ὲθνῶν,

321 935 412 990 ἐπ’
471 935 636 990 αὑτὸν
708 936 837 1007 ἔθνη
914 934 1233 1001 ὲλπιοῦσι,ι
1302 930 1488 995 καθὼς
1548 929 1910 999 γέγραπταιο

331 1047 351 1082 ι
374 1027 638 1100 Ὄψονται
659 1022 742 1091 οἷς
772 1028 875 1081 οὐκ
905 1026 1187 1099 ἀνηγγέλη
1221 1026 1353 1097 περὶ
1386 1020 1579 1086 αὐτοῦ,
1610 1021 1705 1074 καὶ
1735 1018 1784 1071 οἳ
1814 1015 1914 1069 οὐκ

321 1120 596 1193 ἀκηκόασι
633 1119 950 1189 συνήσουσι.
982 1138 1002 1171 ι

396 1209 568 1267 Ὅταν
597 1211 653 1265 δὲ
681 1209 843 1264 πάλιν
872 1208 1083 1277 εἰσάγει
1112 1206 1204 1260 τὸν
1226 1206 1574 1277 πρωτότοκον
1605 1203 1685 1264 εἰς
1717 1201 1814 1271 τὴν
1842 1199 1917 1252 οἱ-

325 1304 626 1376 κουμένην,
650 1302 803 1371 λέγει
830 1318 842 1332 ⁸
860 1320 877 1353 ι
903 1301 1015 1355 Καὶ
1040 1297 1524 1370 προσκυνείτωσαν
1541 1292 1693 1364 αύτῷ
1716 1292 1917 1354 πάντες

322 1394 552 1464 ἄγγελοι
583 1392 743 1445 Θεοῦ.
764 1410 784 1443 ›
839 1388 997 1445 Οὕτω
1042 1390 1138 1443 καὶ
1179 1391 1207 1441 ό
1235 1386 1370 1449 Θεὸς
1397 1385 1486 1438 διὰ
1527 1383 1621 1437 τοῦ
1652 1382 1918 1452 στόματος

322 1484 422 1541 τοῦ
479 1483 754 1556 μακαρίου
802 1482 970 1536 Δαδὶδ
1022 1480 1172 1548 λέγει
1197 1494 1210 1509 ·
1249 1497 1270 1531 ι
1300 1476 1484 1542 "Attae
1515 1475 1706 1547 ὤμοσα
1752 1476 1809 1527 ὲν
1842 1472 1921 1543 τῷ

327 1580 471 1651 ἁγίῳ
498 1595 625 1651 μου,
655 1578 705 1630 εί
740 1576 817 1647 τῷ
846 1574 1013 1629 Δαὸὶδ
1036 1573 1311 1644 ψεύσομαι
1334 1588 1349 1604 ο
1384 1572 1445 1626 τὸ
1495 1571 1721 1641 σπέρμα
1753 1565 1918 1622 αὑτοῦ

329 1674 411 1736 εἰς
451 1673 545 1725 τὸν
588 1668 763 1723 αἰῶνα
814 1668 986 1738 μένει,
1025 1665 1119 1719 ml.
1170 1663 1361 1733 Θρόνος
1402 1659 1565 1716 αὑτοῦ
1612 1660 1688 1725 ὡς
1718 1661 1745 1714 ό
1770 1657 1922 1730 ἥλιος

328 1762 573 1819 ἐναντίον
607 1778 734 1831 μου,
768 1760 862 1814 καὶ
894 1758 971 1823 ὡς
1002 1757 1199 1829 σελήνη
1254 1754 1671 1826 κατηρτισμένη
1708 1752 1791 1816 εἰς
1816 1751 1911 1805 τὸν

326 1855 525 1921 αἰῶνα,
571 1854 670 1909 καὶ
716 1854 744 1906 6
786 1849 998 1923 μάρτυς
1025 1850 1083 1902 ὲν
1112 1846 1331 1919 οὐρανῷ
1360 1844 1575 1909 πιστός.
1604 1863 1623 1896 ι
1658 1844 1770 1898 Καὶ
1802 1842 1912 1899 πά-

327 1947 438 2003 λιν·
480 1946 780 2018 «Θήσομαι
820 1944 879 1997 6v
940 1939 1188 2009 θαλάσσῃ
1239 1940 1404 2009 χεῖρα
1453 1935 1644 2000 αὑτοῦ,
1703 1933 1800 1987 καὶ
1855 1933 1917 1986 ὲν

328 2040 604 2112 ποταμοῖς
634 2035 817 2105 δεξιὰν
837 2034 1033 2089 αὐτοῦ·
1061 2031 1225 2095 αὐτὸς
1252 2026 1643 2084 ὲιτικαλέσεταί
1677 2042 1768 2096 με,
1799 2024 1917 2078 Πα-

326 2133 436 2205 τήρ
461 2148 565 2202 μου
591 2124 645 2183 εἴ
676 2128 768 2193 σὺ,
798 2125 932 2190 Θεός
964 2141 1067 2195 μου
1104 2123 1203 2177 καὶ
1230 2119 1586 2190 ἁντιλήπτωρ
1612 2118 1713 2189 τῆς
1740 2132 1920 2186 σωτη-

331 2225 455 2298 ρίας
487 2238 622 2296 μου·
654 2218 814 2289 κάγὼ
859 2215 1207 2289 πρωτότοκον
1238 2213 1477 2286 θήσομαι
1506 2211 1668 2265 αὑτὸν
1713 2208 1919 2280 ὑψηλὸν

328 2316 484 2388 παρὰ
528 2316 643 2379 τοῖς
703 2310 985 2383 βασιλεῦσι.
1038 2308 1312 2380 τῆςλγῇς.
1372 2324 1393 2359 ι
1431 2302 1537 2369 ’ος
1583 2304 1735 2358 ἐστιν
1761 2301 1791 2357 6
1823 2299 1918 2357 τοῦ

326 2408 466 2465 Θεοῦ
517 2408 696 2477 Λόγος
746 2404 841 2460 καὶ
895 2402 1024 2468 Υἱὸς
1081 2399 1400 2474 μονογενὴς,
1430 2397 1528 2453 καὶ
1568 2396 1680 2453 τῶν
1705 2390 1920 2454 αἰώνων

326 2501 590 2572 Ποιητὴς,
621 2499 718 2554 καὶ
751 2495 1100 2568 Δημιουργὸς
1134 2494 1373 2548 πάντων.
1416 2490 1592 2546 Πόθεν
1621 2491 1681 2545 66
1710 2492 1791 2555 είς
1820 2489 1920 2561 τὴν

326 2592 655 2664 οἰκουμένην
684 2590 1027 2660 εἰσέρχεται;
1062 2586 1180 2651 πῶς
1220 2585 1277 2640 66
1318 2584 1665 2655 πρωτότοκος
1695 2585 1723 2636 6
1747 2584 1923 2636 Μονοο

326 2689 526 2758 γενής;
558 2685 719 2751 Πῶς;
751 2683 840 2736 διά
886 2683 985 2753 τῆς
1028 2678 1343 2750 οἰκονομίας
1388 2680 1489 2749 τῆς
1540 2675 1709 2732 αὐτοῦ
1763 2678 1922 2731 ἐναν-

328 2780 702 2849 θρωπήσεως;
734 2774 798 2830 Et
826 2774 885 2830 66
918 2774 1015 2828 καὶ
1061 2772 1200 2844 μετὰ
1232 2772 1331 2844 τὴν
1365 2769 1785 2842 ὲνανθρώπησιν
1826 2767 1923 2821 αύ-

331 2872 429 2926 τὸν
458 2872 509 2926 οἱ
549 2870 772 2939 ἄγγελοι
800 2865 1243 2940 προσεκύνησαν,
1283 2862 1392 2935 πρὸ
1422 2863 1522 2933 τῆς
1566 2861 1922 2933 ὲνανθρωπή-

331 2981 477 3028 σεως
525 2962 730 3034 ταύτην
784 2959 935 3030 αὐτῷ
990 2958 1090 3028 τὴν
1144 2954 1313 3028 τιμὴν
1362 2956 1424 3010 ού
1471 2955 1816 3027 προσέφερον
1858 2954 1924 3007 ἐκ

329 3058 570 3122 παντόςς
604 3056 715 3109 Καὶ⁵
746 3052 1021 3124 πανταχοῦ
1044 3047 1114 3124 ἦν
1143 3053 1172 3105 6
1194 3049 1347 3113 Θεὸς,
1378 3051 1475 3103 καὶ
1504 3050 1585 3113 εἰς
1615 3048 1714 3119 τὴν
1739 3048 1922 3102 οἰκου-

2014 560 2208 600 rursus
2252 545 2424 600 Isaias
2474 544 2644 599 dicit;
2689 564 2706 595 ι
2756 543 2825 598 Ει
2867 542 2973 598 erit
3012 540 3168 597 radix
3202 543 3378 610 Iesse,
3415 555 3473 600 et
3514 548 3609 618 qui

2014 637 2192 708 surgit
2241 636 2313 692 ad
2366 636 2767 693 dominandum
2817 635 3096 708 gentibus,
3127 635 3183 691 in
3230 636 3386 691 illum
3420 648 3612 710 gentes

2014 730 2400 801 sperabunt“,
2436 749 2454 783 ι
2504 730 2649 786 sicut
2677 729 2945 800 scriptum
2980 737 3098 786 est:
3128 748 3147 782 ι
3175 730 3458 786 Videbunt
3489 734 3613 803 qui-

2013 821 2120 876 bus
2157 836 2268 875 non
2304 822 2622 876 nuntiatum
2647 831 2732 877 est
2762 820 2831 877 de
2854 836 2945 888 eo,
2970 829 3027 876 et
3048 822 3143 893 qui
3168 837 3281 877 non
3310 821 3614 881 audierunt

2016 914 2330 988 intelligent
2342 915 2413 970 ⁸³.
2454 935 2473 967 ι

2088 1183 2225 1239 Cum
2274 1194 2459 1239 autem
2496 1200 2696 1239 rursus
2737 1185 3050 1240 introducit
3082 1187 3513 1262 primogenitum
3556 1192 3614 1249 in

2018 1277 2212 1331 orbem
2238 1288 2536 1342 terrarum,
2560 1276 2729 1331 dicit:
2760 1297 2776 1328 ι
2800 1278 2867 1332 Et
2892 1278 3125 1335 adorent
3146 1296 3271 1337 eum
3295 1299 3487 1341 omnes
3517 1302 3616 1341 an-

2020 1369 2128 1439 geli
2170 1370 2352 1425 Dei“.
2407 1389 2424 1421 ι
2482 1370 2574 1425 Sic
2620 1371 2767 1426 Deus
2810 1387 2910 1441 per
2966 1386 3029 1427 os
3082 1372 3227 1430 beati
3280 1377 3454 1433 D.:vid
3500 1379 3611 1434 ait:

2028 1482 2047 1514 ι
2082 1462 2263 1519 Semel
2299 1465 2479 1534 juravi
2528 1464 2585 1519 in
2638 1476 2831 1521 saneto
2860 1481 3003 1531 meo,
3038 1467 3084 1521 si
3128 1468 3297 1523 David
3336 1471 3612 1536 mentiar;

2022 1569 2213 1611 semen
2264 1558 2389 1626 ejus
2449 1558 2505 1612 in
2553 1558 2821 1613 saeculum
2873 1568 3080 1623 manet,
3127 1567 3184 1614 et
3230 1561 3469 1617 thronus
3496 1563 3619 1633 ejus

2021 1648 2169 1703 sicut
2205 1650 2286 1704 sol
2326 1650 2383 1703 in
2417 1662 2717 1721 conspectu
2757 1666 2903 1717 meo,
2934 1660 2990 1705 et
3032 1651 3178 1707 sicut
3210 1652 3342 1709 luna
3370 1655 3618 1723 perfecta

2023 1740 2466 1808 inueternum,et
2496 1743 2653 1798 testis
2688 1742 2744 1796 in
2775 1743 2915 1799 caelo
2948 1742 3213 1811 ﬁdelis",
3248 1764 3267 1798 ι
3302 1756 3357 1802 et
3382 1762 3617 1804 rursus:

2024 1849 2045 1885 ι
2078 1833 2288 1889 Ponam
2335 1834 2394 1889 in
2447 1835 2587 1889 mari
2636 1851 2859 1889 manum
2913 1838 3035 1908 ejus
3072 1844 3129 1893 et
3175 1839 3231 1893 in
3292 1839 3622 1900 ﬂuminibus

2020 1926 2307 1983 dexteram
2341 1927 2481 1999 ejus.
2515 1928 2638 1998 Ipse
2667 1927 2951 1983 invocabit
2991 1945 3115 1985 me:
3160 1931 3323 1987 Pater
3362 1948 3523 1991 meus
3559 1951 3622 1992 es

2021 2027 2106 2083 tu,
2143 2020 2291 2074 Deus
2335 2035 2492 2075 meus
2536 2028 2591 2075 et
2637 2030 2927 2089 susceptor
2973 2022 3172 2078 salutis
3214 2038 3387 2088 mete:
3421 2036 3480 2082 et
3519 2042 3623 2099 ego

2021 2112 2456 2183 primogenitum
2492 2127 2695 2182 ponam
2729 2112 2883 2167 illum
2920 2114 3201 2169 excelsum
3234 2132 3350 2186 prae
3396 2119 3624 2191 regibus

2024 2214 2187 2262 terrae
2203 2206 2269 2263 ⁸⁸.
2298 2224 2317 2258 ι
2345 2205 2397 2262 Is
2422 2213 2507 2261 est
2534 2205 2633 2261 Dei
2659 2205 2903 2261 Verbum
2928 2214 2985 2261 et
3010 2206 3184 2262 Filius
3204 2209 3548 2280 unigenitus,
3566 2220 3625 2267 et

2023 2297 2354 2354 sasculorum
2381 2296 2592 2352 Auctor
2614 2306 2672 2353 et
2702 2295 2934 2353 Greater
2956 2300 3228 2355 omnium.
3254 2300 3409 2356 Unde
3432 2311 3624 2364 autem

2024 2389 2084 2444 in
2109 2388 2300 2445 orbem
2334 2387 2547 2444 intrat?
2580 2387 2870 2455 Quomodo
2898 2391 3308 2463 primogenitus
3337 2404 3393 2448 et
3424 2394 3624 2467 unige-

2026 2479 2220 2535 nitus?
2271 2479 2603 2546 Quomodo?
2636 2477 2776 2534 Num
2810 2496 2908 2551 per
2939 2496 3094 2536 suam
3139 2482 3625 2541 incarnationem?

2028 2571 2125 2629 Sin
2164 2581 2350 2628 autem
2380 2586 2506 2643 post
2538 2573 2974 2629 incarnationem
3011 2574 3167 2630 illum
3207 2577 3388 2648 angeli
3419 2578 3623 2635 adora-

2027 2673 2246 2734 verunt,
2272 2677 2400 2721 ante
2443 2666 2881 2722 incarnationem
2918 2667 3182 2724 eumdem
3226 2669 3306 2724 illi
3349 2670 3623 2727 honorem

2027 2775 2212 2817 nonne
2242 2758 2471 2815 omnino
2510 2759 2867 2815 contulerunt
2889 2760 2912 2814 ?
2934 2761 3152 2831 Ubique
3185 2773 3304 2818 erat
3349 2773 3411 2818 ut
3452 2764 3622 2830 Deus,

2029 2862 2085 2910 et
2114 2854 2170 2909 in
2194 2853 2389 2909 orbem
2419 2852 2648 2907 intravit
2679 2862 2741 2907 ut
2768 2852 2968 2909 homo:
3005 2873 3023 2906 ι
3071 2853 3131 2909 In
3162 2855 3371 2910 mundo
3395 2866 3538 2922 erat,
3566 2866 3626 2912 et

2030 2946 2271 3001 mundus
2305 2960 2405 3016 per
2442 2944 2624 3016 ipsum
2653 2943 2831 3001 factus
2858 2955 2962 3011 est,
2993 2953 3054 3001 et
3081 2948 3325 3005 mundus
3358 2964 3486 3004 eum
3510 2966 3626 3007 non

2031 3039 2323 3109 cognovit;
2369 3038 2424 3092 in
2457 3037 2683 3107 propria
2714 3037 2889 3103 venit,
2936 3046 2993 3092 et
3022 3038 3109 3093 sui
3140 3054 3267 3094 eum
3316 3056 3430 3095 non
3464 3057 3622 3097 recc-

332 3153 512 3221 μένην
553 3148 805 3219 εἰσῆλθεν
847 3147 925 3211 ὡς
967 3145 1287 3217 ἄνθρωπος⁸
1326 3163 1344 3194 ι
1381 3142 1473 3197 Ἐν
1506 3143 1581 3212 τῷ
1610 3142 1802 3213 κόσμῳ
1835 3138 1923 3211 ἦν,

2031 3133 2314 3203 perunt“.
2346 3153 2363 3183 ι
2394 3131 2451 3186 Si
2471 3132 2621 3187 enim
2650 3130 2706 3184 in
2731 3131 2939 3185 mundo
2960 3139 3100 3196 erat,
3129 3135 3408 3201 quomodo
3435 3135 3623 3190 venit?

328 3244 433 3296 καὶ
456 3243 485 3295 6
522 3240 729 3310 κόσμος
754 3239 822 3293 δι’
857 3238 1024 3292 αὐτοῦ
1058 3237 1302 3306 ἐγένετο,
1338 3236 1433 3291 καὶ
1460 3238 1487 3289 6
1521 3233 1727 3304 κόσμος
1764 3232 1927 3285 αὑτὸν

330 3336 439 3390 ούκ
472 3333 614 3403 ἔγνω
637 3350 650 3363 ·
699 3334 779 3396 εἰς
835 3331 906 3385 τὰ
962 3330 1069 3383 ἴδια
1098 3325 1285 3401 ἦλθεν,
1318 3328 1410 3381 καὶ
1433 3328 1481 3381 οἱ
1514 3328 1636 3381 ἴδιοι
1668 3325 1832 3379 αὑτὸν
1864 3326 1924 3378 οὐ

330 3427 675 3498 παρέλαϐον.
724 3445 743 3478 ι
791 3425 857 3478 El
883 3423 993 3496 γὰρ
1023 3425 1081 3476 ὲν
1112 3420 1192 3494 τῷ
1219 3422 1410 3492 κόσμῳ
1440 3416 1529 3492 ἦν,
1573 3419 1691 3483 πῶς
1732 3416 1923 3491 ἧλθεν;

333 3523 391 3575 εἰ
427 3521 487 3574 66
530 3516 687 3590 ἦλθε,
735 3517 854 3579 πῶς
903 3516 961 3568 ὲν
1013 3515 1094 3585 τῷ
1120 3514 1315 3585 κόσμῳ
1342 3508 1411 3585 ἦν
1436 3532 1450 3578 ;
1479 3512 1615 3567 ἀλλὰ
1638 3514 1734 3566 καὶ
1760 3514 1816 3565 ὲν
1849 3510 1927 3581 τῷ

332 3608 534 3677 κόσμῳ
570 3603 640 3677 ἦν
670 3605 745 3667 ὡς
800 3603 956 3667 Θεὸς,
991 3603 1085 3656 καὶ
1122 3598 1287 3674 ἦλθεν
1317 3602 1393 3666 ὡς
1427 3601 1714 3669 ἄνθρωπος
1737 3619 1752 3635 ο
1783 3602 1928 3654 οὕτω

335 3700 439 3755 καὶ
471 3697 785 3768 Μονογενής
829 3696 981 3748 ἐστιν
1029 3693 1106 3758 ὡς
1161 3693 1318 3758 Θεὸς,
1357 3695 1453 3748 καὶ
1483 3694 1828 3765 πρωτότοκος
1851 3692 1927 3756 ὼς

334 3794 629 3863 ἄνθρωπος
667 3793 726 3844 ὲν
781 3787 999 3852 πολλοῖς
1048 3786 1302 3858 ἀδελφοῖς
1329 3804 1344 3819 ·
1382 3781 1538 3851 οὗτος
1560 3788 1647 3841 ἀεί
1674 3786 1735 3840 τὸ
1760 3786 1927 3851 σέϐας

336 3883 499 3956 παρὰ
523 3884 632 3939 τῶν
660 3882 911 3952 ἀγγέλων
938 3880 1155 3952 ἐδέχετο
1176 3895 1189 3909 ⁸
1219 3875 1289 3952 ἧν
1313 3879 1422 3952 γάρ
1446 3879 1578 3943 Θεὸς
1599 3878 1687 3934 ἀεί
1710 3897 1725 3910 ·
1753 3895 1925 3950 προσ-

337 3980 621 4050 εκύνησαν
664 3977 723 4033 δὲ
770 3977 935 4031 αὐτὸν
993 3975 1089 4029 καὶ
1131 3973 1208 4039 ὼς
1264 3973 1578 4045 ἄνθρωπον.
1638 3971 1748 4027 Καὶ
1790 3971 1929 4044 πρὸς

342 4071 447 4142 μὲν
483 4070 610 4133 τοὺς
639 4068 910 4138 ἀγγέλους
945 4067 1125 4137 λέγει·
1159 4085 1178 4118 ι
1214 4062 1274 4120 '0
1304 4063 1474 4125 ποιῶν
1502 4064 1630 4129 τοὺς
1663 4064 1929 4133 ἀγγέλους

338 4164 510 4219 αὐτοῦ
542 4162 852 4233 πνεύματα,
876 4161 971 4215 καὶ¹
1000 4161 1128 4235 τοὺς
1160 4158 1514 4229 λειτουργοὺς
1553 4157 1721 4211 αὑτοῦ
1756 4159 1931 4228 πυρὸς

339 4257 522 4328 φλόγα
545 4273 559 4287 ·
579 4275 597 4308 ι
641 4255 779 4327 πρὸς
811 4255 871 4309 66
896 4255 988 4308 τὸν
1016 4253 1175 4307 Υίόνο
1219 4270 1237 4304 ι
1261 4252 1320 4304 '0
1351 4250 1540 4322 θρόνος
1566 4267 1684 4315 σου,
1714 4251 1744 4304 6
1773 4249 1929 4317 Θεὸς,

337 4352 425 4413 εἰς
468 4348 561 4403 τὸν
590 4345 766 4402 αἰῶνα
792 4345 888 4399 τοῦ
926 4344 1126 4408 αἰῶνος
1153 4359 1166 4373 ·
1223 4342 1416 4414 ῥάϐδος
1445 4340 1742 4413 εὐθύτητος
1767 4341 1801 4412 ή
1835 4340 1932 4412 ρά-

338 4440 469 4504 6δος
495 4439 596 4509 τῆς
628 4437 909 4509 βασιλείας
936 4453 1031 4490 σου
1056 4451 1068 4464 ·
1121 4436 1419 4505 ἠγάπησας
1457 4432 1808 4507 δικαιοσύνην
1838 4436 1933 4488 καὶ

2034 3226 2180 3297 quod
2212 3226 2256 3281 si
2287 3225 2460 3292 venit,
2490 3225 2770 3296 quomodo
2807 3224 2863 3278 in
2907 3225 3114 3279 mundo
3158 3226 3319 3280 erat?
3348 3228 3540 3297 utique
3567 3239 3625 3286 et

2036 3320 2091 3373 in
2120 3318 2327 3373 mundo
2380 3327 2501 3373 erat
2553 3325 2615 3372 ut
2655 3318 2826 3383 Deus,
2856 3327 2915 3373 et
2944 3317 3098 3373 venit
3129 3328 3190 3373 ut
3219 3318 3405 3374 homo.
3450 3320 3541 3375 Sic
3568 3330 3627 3376 et

2036 3413 2355 3484 unigenitus
2387 3420 2473 3467 est
2509 3421 2571 3467 ut
2614 3412 2784 3479 Deus,
2815 3421 2869 3467 et
2906 3412 3312 3483 primogenitus
3352 3422 3414 3468 ut
3459 3413 3628 3470 homo

2036 3506 2092 3559 in
2129 3504 2319 3559 multis
2348 3504 2696 3560 fratribus”.
2730 3503 2820 3559 Sic
2848 3503 3015 3558 etiam
3066 3518 3284 3574 semper
3312 3505 3523 3559 cultum
3556 3506 3626 3561 ab

2034 3598 2246 3669 angelis
2270 3596 2595 3667 recipiebat,
2631 3598 2778 3651 Deus
2809 3596 2958 3651 enim
3000 3611 3219 3665 semper
3242 3606 3396 3665 erat;
3430 3598 3628 3654 adora-

2035 3700 2238 3747 verunt
2289 3699 2475 3746 autem
2524 3690 2677 3744 illum
2723 3700 2783 3742 ut
2833 3688 3136 3743 hominem.
3189 3689 3259 3744 Et
3301 3690 3369 3745 ad
3404 3692 3629 3762 angelos

2036 3785 2261 3856 quidem
2307 3783 2477 3840 dicit:
2516 3803 2533 3833 ι
2561 3782 2665 3849 Qui
2698 3782 2832 3836 facit
2854 3781 3078 3851 angelos
3121 3796 3252 3835 suos
3286 3783 3538 3852 spiritus,
3571 3794 3631 3840 et

2038 3879 2325 3933 ministros
2351 3892 2483 3931 suos
2510 3875 2785 3929 ﬂammam
2809 3874 2950 3944 ignis
2967 3875 3008 3905 '”
3028 3914 3042 3939 ,
3073 3891 3091 3923 ι
3122 3873 3191 3927 ad
3220 3873 3418 3929 Filium
3445 3885 3631 3931 autem

2037 3972 2204 4028 dicit:
2231 3990 2250 4023 ι
2271 3971 2530 4025 Thronus
2559 3978 2708 4034 tuus,
2727 3967 2895 4032 Deus,
2916 3967 2972 4021 in
2995 3966 3258 4022 saeculum
3275 3967 3463 4022 saeculi
3482 3984 3498 4033 ;
3520 3968 3633 4021 vir-

2038 4083 2104 4139 ga
2134 4063 2506 4129 rectitudinis,
2552 4063 2707 4133 virga
2736 4060 2890 4132 regni
2925 4060 3047 4124 tui;
3084 4059 3325 4114 dilexisti
3357 4060 3628 4131 justitiam

2039 4170 2097 4216 ct
2120 4158 2285 4216 odisti
2320 4157 2666 4228 iniquitatem
2695 4171 2709 4207 :
2736 4161 3030 4223 propterea
3066 4150 3222 4205 unxit
3246 4159 3298 4205 te
3333 4152 3480 4207 Deus
3505 4161 3630 4207 tuus

2038 4254 2162 4308 oleo
2180 4250 2385 4307 lzetitize
2412 4265 2523 4321 prae
2549 4245 2902 4303 consortibus
2922 4244 3030 4298 tuis
3051 4246 3117 4298 τ’.
3144 4263 3160 4295 ι
3189 4244 3293 4298 Per
3314 4244 3421 4297 hoc
3442 4254 3631 4313 aperte

2040 4345 2289 4403 ostendit
2318 4344 2541 4415 angelos
2571 4340 2795 4411 quidem
2828 4346 3069 4395 creatam
3113 4336 3319 4392 habere
3350 4346 3628 4399 naturam,

2043 4437 2392 4510 unigenitum
2414 4450 2545 4490 vero
2577 4432 2774 4488 Filium
2813 4430 3115 4486 increatam
3142 4438 3200 4483 et
3243 4436 3538 4495 aeternam;
3576 4439 3636 4483 ut

341 4534 617 4607 ἐμίσησας
651 4531 885 4604 ἀνομίαν
907 4547 921 4562 ·
953 4529 1043 4584 διὰ
1087 4529 1246 4583 τοῦτο
1295 4527 1481 4599 ἕχρισέ
1516 4543 1576 4581 σε
1600 4529 1630 4582 6
1660 4526 1795 4591 Θεός
1839 4544 1925 4581 σου

2043 4535 2191 4590 Deus
2221 4531 2371 4587 enim
2421 4537 2687 4584 aeternum
2736 4524 2906 4580 habet
2948 4523 3234 4587 thronum,
3286 4529 3343 4575 et
3403 4535 3633 4590 regnum

340 4628 528 4682 ἔλαιον
555 4625 931 4696 ἀγαλλιάσεως
964 4623 1119 4694 παρὰ
1145 4623 1274 4685 τοὺς
1308 4619 1574 4692 μετόχους
1619 4637 1736 4674 σου.
1781 4640 1800 4673 ι
1838 4620 1937 4675 Διά

341 4720 507 4776 τοῦτο
563 4718 753 4788 σαφῶς
801 4716 973 4783 ἔδειξε
1040 4716 1169 4779 τοὺς
1226 4716 1323 4785 μὲν
1386 4712 1655 4783 ἀγγέλους
1709 4716 1936 4785 κτιστὴν

343 4815 575 4886 ἔχοντας
601 4811 785 4883 φύσιν,
811 4808 906 4864 τοῦ
938 4808 995 4862 δὲ
1039 4805 1362 4879 μονογενοῦς
1386 4805 1521 4860 Υἱοῦ
1551 4807 1810 4861 ἄκτιστον
1846 4808 1939 4861 καὶ

346 4908 523 4963 ἀΐδιον
547 4923 561 4937 ·
591 4903 666 4970 ὡς
710 4903 820 4973 γὰρ
852 4902 986 4964 Θεὸς
1016 4901 1237 4954 αἰώνιον
1261 4900 1374 4970 ἔχει
1405 4899 1500 4952 τὸν
1531 4899 1744 4969 θρόνον,
1772 4900 1939 4970 ἄναρο

346 5014 446 5069 χον
483 4998 583 5069 τὴν
634 4992 917 5065 βασιλείαν
961 4991 1057 5046 καὶ
1088 4989 1448 5062 ἀτελεύτητον
1471 5007 1484 5021 ·
1520 4993 1581 5045 τὸ
1609 4992 1689 5056 δὲ,
1722 5011 1741 5044 ι
1776 4993 1942 5061 Ἠγά-

351 5108 535 5164 πησας
569 5087 920 5159 δικαιοσύνην
950 5085 1049 5141 καὶ
1101 5085 1371 5156 ἐμίσησας
1410 5086 1664 5157 ἀνομίαν,
1696 5105 1716 5139 ι
1751 5088 1844 5141 καὶ
1872 5087 1942 5140 τὰ

351 5185 505 5255 ἑξῆς,
529 5183 676 5238 κατά
716 5181 779 5234 τὸ
834 5177 1175 5250 ἀνθρώπινον
1202 5179 1421 5251 εἴρηται
1445 5194 1459 5209 ·
1493 5178 1590 5231 καὶ
1622 5180 1731 5250 γάρ
1751 5181 1780 5233 6
1808 5195 1943 5251 προ-

350 5278 532 5348 φήτης
594 5272 845 5339 Ἡσαΐας,
888 5270 958 5323 τὰ
996 5267 1128 5339 περὶ
1176 5266 1272 5321 τοῦ
1336 5268 1687 5341 Ἐμμανουὴλ
1742 5269 1945 5340 προθε..

356 5369 577 5433 σπίσας,
608 5369 704 5420 καὶ
748 5363 924 5419 ταῦτα
962 5360 1357 5434 προστέθεικεο
1396 5380 1416 5414 ι
1459 5363 1600 5434 Πρὶν
1648 5363 1854 5433 γνῶναι
1883 5365 1944 5419 τὸ

355 5464 571 5521 παιδίον
591 5460 795 5532 ἀγαθὸν
821 5460 854 5531 ἢ
882 5459 1075 5522 κακὸν,
1118 5456 1337 5511 ἀπειθεῖ
1370 5457 1608 5531 πονηρίᾳ
1654 5460 1750 5514 τοῦ
1781 5461 1943 5515 ἐκλέ-

358 5559 553 5627 ξασθαι
577 5558 637 5612 τὸ
670 5555 898 5626 ἀγαθόν.
930 5572 949 5605 ι
996 5552 1108 5606 Καὶ
1140 5554 1172 5621 ἡ
1204 5552 1381 5622 χρίσις
1415 5552 1473 5606 δὲ
1518 5553 1578 5608 ού
1610 5554 1711 5626 τῆς
1753 5556 1943 5631 θεότη-

462 5698 509 5731 ⁸⁸
538 5697 684 5754 Psal.
720 5712 828 5761 cvi,
853 5695 901 5751 ι.
982 5695 1021 5727 ⁸⁵
1055 5693 1158 5747 lsa.
1189 5710 1265 5754 xu,
1293 5692 1379 5745 10.
1460 5694 1504 5727 ⁸⁵
1542 5696 1645 5752 lsa.
1683 5688 1775 5762 tu,
1806 5699 1897 5754 25.

360 5771 405 5803 ⁸⁸
432 5768 568 5826 ibid.
595 5768 685 5831 εἴ,
710 5767 798 5821 ἳ8.
878 5769 922 5799 ⁸⁸
953 5766 1109 5822 Joan.
1151 5765 1199 5826 1,
1231 5763 1315 5825 l0,
1366 5764 1445 5820 1⁸2.

359 5840 406 5877 ’³
433 5842 539 5901 [5a.
564 5855 656 5907 vn,
699 5839 785 5894 16.
902 5838 946 5871 ⁷⁸
986 5836 1151 5892 Hebr.
1177 5851 1235 5897 ιι.
1266 5835 1349 5891 ll.

1976 5699 2024 5729 “
2054 5696 2198 5753 Psal.
2225 5709 2365 5753 xcw,
2401 5690 2471 5755 8;
2499 5686 2668 5743 llcbr.
2698 5702 2736 5748 ι,
2771 5686 2821 5738 ϐ.

1559 5770 1605 5801 ⁷ο
1647 5771 1804 5827 Rom.
1843 5785 1960 5839 vn),
1996 5770 2085 5825 29.

2043 4624 2326 4696 principio
2350 4630 2406 4676 et
2445 4620 2550 4674 fine
2578 4632 2792 4677 carens,
2830 4614 2948 4669 haec
2975 4627 3143 4667 vero:
3208 4629 3227 4662 ‹
3267 4610 3517 4665 Dilexisti
3542 4611 3634 4679 ju-

2045 4718 2251 4774 stitiam
2283 4725 2339 4772 et
2370 4712 2533 4770 odisti
2563 4710 2932 4780 iniquitatem,
2977 4727 2995 4756 ι
3032 4703 3494 4768 etc.,seeundum
3528 4703 3634 4757 hu-

2042 4812 2364 4868 manitatem
2398 4808 2544 4862 dicta
2580 4815 2726 4860 sunt.
2763 4798 2982 4855 Etenim
3032 4795 3306 4867 propheta
3351 4793 3524 4850 Isaias
3564 4792 3636 4848 de

2042 4904 2370 4963 Emmanuel
2402 4897 2817 4972 prophetizans,
2849 4894 2965 4948 haec
2987 4890 3227 4962 adjecit:
3266 4908 3285 4942 ι
3324 4887 3634 4959 Antequam

2043 5000 2181 5055 sciat
2202 5012 2340 5068 puer
2370 4995 2575 5047 bonum
2608 4997 2701 5043 aut
2734 4986 2959 5050 malum,
2984 4981 3313 5053 reprobaret
3335 4979 3542 5033 malum
3575 4985 3637 5031 ιιι

2042 5094 2271 5163 eligeret
2321 5083 2611 5142 bonum".
2650 5101 2667 5132 ι
2711 5080 2777 5134 Et
2824 5078 3011 5133 unctio
3043 5090 3155 5130 non
3191 5071 3503 5129 divinitatis
3527 5080 3634 5135 est,

2044 5185 2141 5243 sed
2166 5177 2555 5243 humanitatis;
2581 5195 2599 5227 ι
2620 5173 2813 5230 Oleum
2836 5171 3006 5233 enim,
3028 5170 3226 5240 inquit,
3250 5166 3635 5224 exsultationis

2045 5292 2157 5351 pne
2191 5271 2542 5331 consortibus
2580 5267 2711 5323 tuis.
2755 5284 2774 5318 ι
2813 5264 3111 5321 Consortcs
3154 5271 3339 5315 autem
3392 5274 3493 5315 nos
3536 5273 3634 5313 su-

2045 5350 2170 5426 mus
2197 5376 2253 5423 et
2286 5362 2583 5437 participes
2616 5374 2728 5414 non
2755 5355 3063 5413 divinitatis
3100 5354 3198 5409 sed
3250 5350 3634 5416 humanitatis,

2047 5465 2189 5519 sicut
2220 5460 2490 5531 scriptum
2523 5462 2641 5510 est:
2691 5471 2708 5502 ι
2745 5449 2850 5516 Qui
2878 5446 3188 5504 sanctiﬁcat
3221 5454 3278 5501 et
3306 5446 3401 5515 qui
3428 5443 3638 5501 sancti-

2049 5562 2308 5621 ticantur,
2334 5569 2402 5609 ex
2431 5565 2544 5605 uno
2574 5543 2865 5609 omnes";
2898 5561 2916 5593 ›
2957 5551 3013 5596 et
3040 5540 3148 5595 hoc
3182 5538 3499 5594 humanitas
3527 5542 3633 5594 est.

2902 5683 2941 5712 θ⁷
2974 5678 3116 5735 Psal.
3149 5692 3400 5738 Lxxxvm,
3428 5674 3514 5735 '56,
3544 5672 3633 5730 58.

2179 5743 2420 5819 Venit;
2449 5743 2564 5827 ίειυ,
2591 5761 2656 5825 .ι;
2689 5743 2857 5813 Hebr.
2887 5771 2923 5820 ι,
2962 5755 3011 5807 s.
3089 5751 3131 5781 π
3155 5748 3301 5803 Psal.
3336 5758 3478 5813 κων,
3501 5748 3552 5806 7.
3580 5743 3638 5805 8.
