4072 6530
492 401 632 468 1263

1702 392 1764 455 S.
1803 387 2210 451 ANASTASII
2252 385 2582 449 SINAITIE

3638 386 3770 455 1264

489 522 685 580 Creata
715 516 863 578 enim
903 531 1068 588 quam
1100 512 1401 584 assumpsit
1460 520 1680 575 natura,
1713 519 1770 566 et
1804 523 1947 564 unus
1984 522 2085 561 no~

2204 524 2304 572 τος,
2335 506 2475 563 ἀλλὰ
2507 508 2605 578 τῆς
2642 507 3065 580 ἀνθρωπότητος
3088 524 3102 540 ⁶
3148 525 3167 559 ι
3202 507 3423 564 Ἕλαιον
3453 509 3579 582 γὰρ,
3620 516 3769 583 φησὶ,

492 624 667 671 strum
698 614 814 685 ipse
833 611 1083 674 Creator,
1119 606 1218 664 sed
1253 608 1309 661 in
1341 620 1451 676 qua
1490 603 1923 665 sanetilicamur,
1961 614 2094 671 pro-

489 718 681 780 pterea
707 685 819 763 non
852 701 1140 760 erubescit
1161 699 1363 755 fratres
1389 714 1589 755 vocare
1623 696 1851 751 dicens:
1886 714 1904 746 ‹
1934 693 2092 747 Nun-

493 802 646 856 tiabo
679 816 883 855 nomen
921 807 1078 853 tuum
1112 796 1381 853 fratribus
1411 791 1573 859 meis,
1597 790 1654 844 in
1680 787 1864 843 medio
1896 784 2089 839 Eccle-

491 894 591 949 siae
620 892 859 947 laudabo
888 891 1024 947 te".
1070 908 1088 942 ι
1119 890 1189 945 Ει
1211 890 1416 945 iterum
1443 903 1457 940 :
1498 904 1517 936 ‹
1550 884 1664 954 Ego
1695 897 1793 937 ero
1823 879 2002 933 ﬁdens
2034 877 2092 932 in

491 986 714 1051 eum”;
753 1004 772 1037 ι
819 990 876 1039 et
918 983 1158 1039 iterum:
1217 1002 1235 1033 ι
1298 981 1442 1037 Ecce
1490 992 1593 1049 ego
1640 983 1699 1030 et
1756 972 1914 1044 pueri
1952 983 2093 1041 quos

493 1076 648 1132 dedit
680 1075 816 1131 mihi
850 1076 1082 1131 Deus".
1112 1094 1130 1126 ι

2193 600 2574 669 ἀγαλλιάσεως
2608 601 2761 671 παρὰ
2793 602 2918 666 τοὺς
2953 602 3215 672 μετόχους
3263 619 3379 657 σου.
3423 621 3443 654 ι
3464 604 3693 674 Μέτοχοι
3720 606 3774 661 δὲ

2191 693 2287 745 καὶ
2335 694 2499 765 ἡμεῖς
2546 697 2641 748 καὶ
2693 694 2967 760 κοινωνοὶ,
2998 694 3180 765 οὐτῆς
3213 694 3491 765 θεότητος,
3523 696 3657 749 ἀλλὰ
3682 700 3777 768 τῆς

2191 783 2638 858 ἀνθρωπότητος,
2694 784 2879 852 καθὼς
2924 786 3261 857 γέγραπται’
3317 806 3335 839 ι
3364 788 3433 842 Ὅ
3457 804 3517 841 τε
3543 788 3778 858 ἁγιάζων

2191 875 2284 930 καὶ
2317 878 2364 930 οί
2392 877 2769 948 ἁγιαζόμενοι,
2798 880 2856 946 ἐξ
2884 879 3002 944 ἐνὸς
3034 881 3237 945 πάντες
3259 896 3273 910 ⁸
3302 898 3320 932 ι
3387 880 3482 934 καὶ
3506 880 3667 934 τοῦτο
3690 881 3779 934 ἁν-

2192 968 2497 1041 θρώπινον·
2534 974 2727 1045 κτιστὴ
2755 974 2865 1047 γὰρ
2897 976 2931 1047 ἡ
2964 973 3234 1047 ληφθεῖσα
3283 973 3467 1044 φύσις,
3495 968 3573 1037 εἷς
3616 974 3672 1027 δέ
3718 992 3779 1043 γε

2190 1063 2284 1114 καὶ
2341 1064 2499 1135 ἡμῶν
2547 1067 2641 1120 καλ¹
2670 1067 2835 1130 αὐτὸς
2883 1068 2912 1121 ό
2955 1067 3231 1138 Ποιητής·
3281 1066 3418 1120 ἀλλὰ
3471 1068 3537 1120 δι’
3570 1066 3782 1137 ἐκείνης

495 1171 862 1243 ἀγιαζόμεθα,
892 1172 960 1225 δι’
984 1171 1051 1242 ἢν
1093 1170 1276 1224 αἰτίαν
1324 1167 1424 1221 οὐκ
1469 1160 1863 1233 ἐπαισχύνεται
1896 1152 2096 1216 αὐτοὺς
2135 1150 2404 1223 ἀδελφοὺς
2446 1158 2631 1213 καλεῖν
2695 1158 2901 1230 λέγων’
2947 1179 2966 1212 ι
3005 1158 3332 1230 ’Δπαγγελῶ
3372 1159 3432 1213 τὸ
3488 1160 3663 1230 όνομά
3692 1178 3782 1214 σου

496 1269 613 1329 τοῖς
645 1264 902 1331 ἀδελφοῖς
928 1280 1055 1335 μου,
1088 1263 1145 1315 ἐν
1193 1261 1343 1333 μέσῳ
1367 1256 1666 1327 ἐκκλησίας
1708 1252 1938 1322 ὑμνήσω
1969 1262 2048 1299 σε·
2075 1262 2093 1295 ³
2140 1243 2252 1297 Καὶ
2306 1250 2498 1305 πάλιν
2575 1273 2593 1305 ί
2621 1253 2860 1325 Ἔσομαι
2929 1252 3041 1323 ἐγὼ
3099 1253 3375 1317 πεποιθὼς
3422 1254 3511 1307 ἐπ’
3563 1254 3776 1325 αὒτῷοι

495 1363 610 1417 Καὶ
638 1360 800 1415 πάλιν
824 1376 837 1391 ·
878 1377 897 1410 ι
930 1358 1061 1413 Ἰδοὺ
1095 1355 1206 1424 ἐγὼ
1236 1356 1333 1409 καὶ
1372 1353 1441 1407 τὰ
1486 1350 1675 1404 παιδία
1706 1347 1741 1403 ἆ
1771 1363 1861 1417 μοι
1887 1343 2087 1397 ἔδωκεν
2125 1339 2154 1392 ὁ
2187 1338 2341 1407 Θεός.
2365 1365 2383 1397 ι

560 1459 617 1515 Si
648 1466 834 1513 autem
883 1455 1151 1510 Dominus
1198 1460 1255 1508 et
1298 1450 1530 1507 Creator
1557 1446 1829 1508 omnium,
1861 1447 2091 1513 propter

495 1566 788 1610 servorum
806 1562 1038 1604 suorum
1059 1547 1292 1601 salutem
1316 1557 1541 1600 carnem
1559 1537 1821 1611 sumpsit,
1845 1546 1903 1591 et
1926 1534 2093 1589 homo

425 1686 434 1701 .
494 1647 678 1703 factus
708 1652 789 1699 est
817 1644 871 1697 in
906 1640 1168 1696 onmibus
1200 1638 1321 1694 sine
1353 1645 1583 1709 peccato
1613 1650 1683 1689 ex
1717 1639 1909 1688 saneta
1950 1641 2096 1683 sem-

440 1762 448 1773 -
495 1751 601 1807 per
630 1732 879 1805 Virgine,
916 1740 973 1786 et
1004 1745 1129 1787 eum
1163 1729 1345 1785 servis
1376 1727 1496 1784 suis
1528 1726 1702 1781 edens
1730 1732 1787 1780 et
1814 1723 2015 1778 bibens
2041 1726 2097 1774 et

2266 1441 2329 1495 Εἰ
2370 1443 2427 1497 δὲ
2476 1445 2569 1497 καὶ
2607 1444 2887 1516 Δεσπότης
2940 1446 3035 1500 καὶ
3086 1445 3325 1518 Ποιητὴς
3375 1447 3638 1513 πάντων,
3695 1451 3783 1503 καὶ

2193 1535 2284 1589 διὰ
2318 1536 2415 1609 τὴν
2448 1536 2556 1591 τῶν
2590 1538 2792 1593 δούλων
2826 1538 2994 1593 αὐτοῦ
3032 1540 3307 1610 σωτηρίαν
3344 1541 3524 1611 σάρκα
3558 1541 3783 1597 ἀνέλαϐε

2196 1628 2291 1682 καὶ
2344 1628 2637 1702 ἄνθρωπος
2686 1631 2882 1701 γέγονε
2926 1632 3072 1685 κατὰ
3103 1632 3284 1686 πάντα
3315 1635 3484 1704 χωρὶς
3514 1634 3786 1705 ἁμαρτίας

2197 1720 2258 1788 ἐξ
2292 1720 2456 1789 ἁγίας
2484 1722 2909 1794 Ἀειπαρθένου,
2953 1724 3049 1776 καὶ
3082 1722 3224 1794 μετὰ
3254 1723 3359 1777 τῶν
3388 1724 3592 1780 δούλων
3624 1729 3784 1782 αὑτοῦ

498 1833 946 1890 conversatus,et
965 1839 1034 1878 ex
1049 1822 1158 1878 illis
1170 1827 1406 1892 aegrotos
1424 1835 1524 1891 per
1541 1831 1601 1874 se
1620 1819 1798 1889 ipsum
1816 1820 2096 1877 curans,et

2204 1811 2422 1879 ἐσθίων,
2470 1815 2566 1866 καὶ
2593 1815 2789 1881 πίνων,
2822 1814 2919 1868 καὶ
2970 1814 3449 1885 συγκαταθέμενος
3472 1858 3487 1882 ,
3530 1819 3629 1870 καὶ
3666 1819 3786 1883 τοὺς

498 1935 604 1992 pro
623 1918 780 1975 nobis
811 1918 1129 1989 passionem
1161 1914 1414 1979 subiens,
1456 1927 1566 1968 non
1585 1907 1870 1966 erubescit
1888 1919 2091 1961 vocare

499 2004 706 2069 fratres
732 2012 857 2067 illos
882 2026 983 2081 pro
1009 2008 1216 2079 quibus
1244 2020 1441 2077 passus
1460 2016 1568 2068 est,
1603 2002 1835 2059 evidens
1850 2008 1935 2056 est
1958 1998 2094 2053 ﬁde-

500 2106 586 2161 les
599 2120 711 2160 non
732 2103 910 2159 solum
943 2102 1148 2156 fratres
1179 2099 1276 2155 sed
1303 2108 1363 2154 et
1390 2097 1536 2153 ﬁlios
1556 2090 2092 2157 vocaturum.«Quia

500 2198 673 2271 igitur
697 2195 858 2267 pueri
900 2194 1457 2251 communicaverunt
1497 2190 1650 2247 carni
1703 2196 1761 2244 et
1809 2183 2090 2257 sanguini,

500 2303 561 2350 et
598 2293 718 2363 ipse
745 2289 1007 2346 similiter
1056 2285 1410 2360 partieipavit
1439 2283 1673 2348 eisdem,
1705 2290 1769 2336 ut
1814 2295 1916 2350 per
1946 2292 2094 2333 mor-

500 2396 615 2445 tem
646 2401 804 2443 suam
837 2385 1158 2441 destrueret
1187 2395 1314 2437 eum
1341 2378 1439 2450 qui
1487 2376 1730 2432 habebat
1758 2372 1958 2429 mortis
1987 2372 2091 2426 im-

501 2480 761 2551 perium,
809 2478 865 2534 id
916 2486 1003 2533 est
1047 2475 1369 2539 diabolum,
1417 2482 1475 2528 et
1524 2472 1791 2526 liberaret
1835 2482 1965 2531 eos,
1996 2464 2092 2537 qui

505 2577 709 2632 timore
742 2573 940 2629 mortis
973 2589 1073 2644 per
1109 2579 1282 2627 totam
1312 2570 1484 2625 vitam
1514 2565 1747 2623 obnoxii
1787 2570 1950 2619 erant
1980 2577 2093 2617 ser-

502 2669 667 2725 vituti
691 2667 755 2725 7".
785 2686 804 2720 ι
840 2668 907 2722 Et
925 2665 1206 2737 quomodo
1232 2664 1312 2719 illi
1338 2660 1606 2733 possibile
1633 2666 1756 2715 erat
1781 2673 1841 2714 se
1864 2657 2093 2712 fratrem

503 2772 753 2818 nostrum
804 2766 1086 2831 praestare,
1140 2765 1238 2812 aut
1266 2755 1411 2811 ﬁlios
1456 2770 1558 2809 nos
1594 2751 1839 2824 legitime
1868 2764 2092 2813 vocare,

502 2855 614 2913 nisi
637 2853 891 2911 eamdem
918 2860 1177 2907 naturam
1204 2848 1527 2906 induisset?
1561 2845 1925 2917 quamobrem
1952 2843 2097 2897 hanc

503 2963 817 3014 assumens,
858 2955 916 3001 et
968 2945 1161 3001 mortis
1193 2950 1525 3014 potestatem
1559 2938 1861 3001 destruxit,
1904 2945 1961 2991 et
1994 2935 2097 2989 im-

504 3042 810 3097 minentem
847 3038 1011 3094 nobis
1064 3047 1275 3093 metum
1321 3036 1532 3101 solvit;
1589 3038 1903 3087 metuentes
1946 3027 2094 3083 enim

507 3149 731 3205 semper
777 3140 1017 3188 mortem
1062 3129 1419 3202 degebamus.
1466 3127 1631 3183 «Non
1678 3125 1829 3181 enim
1862 3138 2094 3195 usquam

2200 1906 2404 1961 τούτων
2454 1907 2771 1980 ἀρρώστους
2822 1907 2889 1962 δι’
2930 1906 3127 1962 ἑαυτοῦ
3179 1907 3535 1979 θεραπεύων,
3594 1913 3691 1966 καὶ
3730 1913 3787 1968 τὸ

2202 1998 2342 2070 ὑπὲρ
2395 1999 2554 2070 ἡμῶν
2604 2000 3043 2072 καταδεξάμενος
3087 2003 3259 2067 πάθος
3287 2044 3301 2063 .
3365 2005 3469 2058 οὐκ
3528 2006 3787 2078 ἐπαισχύ-

2200 2108 2351 2146 νεται
2401 2092 2589 2147 καλεῖν
2632 2093 2728 2147 καὶ⁸
2772 2092 3036 2163 ἀδελφοὺς
3063 2094 3285 2161 τούτους
3320 2097 3462 2166 ὑπὲρ
3490 2091 3567 2153 ὧν
3606 2098 3667 2151 τὺ
3692 2099 3788 2154 πά-

2201 2183 2296 2249 θος
2346 2185 2641 2257 ὑπέμεινε,
2692 2186 2939 2258 δηλονότι
2970 2190 3096 2251 τοὺς
3130 2190 3355 2251 πιστούς
3380 2208 3393 2221 ’
3447 2192 3509 2243 ού
3547 2193 3711 2263 μόνον
3738 2194 3792 2246 δὲ

2201 2277 2495 2349 ἀδελφοὺς,
2547 2278 2683 2341 ἀλλὰ
2723 2274 2819 2334 καὶ
2867 2280 3059 2337 παιδία
3082 2297 3095 2311 ⁸
3150 2300 3169 2334 ι
3207 2284 3361 2337 Ἐπεὶ
3383 2280 3479 2340 οὖν
3504 2286 3575 2340 τὰ
3606 2286 3792 2342 παιδία

2201 2376 2571 2447 κεκοινώνηκε
2626 2376 2829 2446 σαρκὸς
2865 2376 2962 2431 καὶ¹
2994 2377 3245 2449 αἵματος,
3284 2381 3377 2434 καὶ
3410 2380 3576 2445 αὐτὸς
3614 2399 3793 2454 παρα-

2201 2468 2450 2539 πλησίοως
2503 2469 2736 2540 μετέσχε
2776 2469 2889 2525 τῶν
2927 2470 3137 2537 αὐτῶν,
3190 2472 3278 2526 ἵνα
3309 2472 3399 2526 διὰ
3430 2474 3525 2527 τοῦ
3558 2473 3791 2529 θανάτου

2202 2559 2369 2614 αὐτοῦ
2400 2562 2733 2635 καταργήσῃ
2756 2560 2849 2614 τὸν
2874 2561 2936 2615 τὸ
2963 2563 3165 2634 κράτος
3194 2562 3385 2633 ἔχοντα
3410 2564 3507 2618 τοῦ
3533 2566 3792 2630 θανάτου,

2201 2653 2448 2707 τουτέστι
2495 2654 2589 2707 τὸν
2632 2653 2910 2721 διάϐολον,
2968 2656 3063 2709 καὶ
3105 2655 3394 2727 ἀπαλλάξῃ
3426 2656 3657 2722 τούτους
3684 2658 3793 2711 ὅσοι

2202 2747 2353 2818 φόϐῳ
2389 2746 2622 2803 θανάτου
2667 2747 2755 2801 διὰ
2802 2748 3003 2811 παντὸς
3037 2748 3132 2803 τοῦ
3163 2748 3263 2820 ζῇν
3297 2749 3474 2821 ἔνοχοι
3500 2746 3648 2821 ἦσαν
3677 2752 3794 2805 δου-

2202 2841 2371 2905 λείας.
2396 2860 2416 2894 ι
2476 2842 2589 2895 Καὶ
2642 2841 2758 2904 πῶς
2791 2835 2905 2895 οἷόν
2929 2859 2989 2895 τε
3021 2842 3184 2896 αὐτὸν
3212 2842 3445 2912 ἀδελφὸν
3469 2844 3636 2915 ἡμῶν
3662 2861 3794 2916 χρη-

2207 2936 2470 3007 ματίσαι,
2527 2934 2560 3007 ἢ
2613 2935 2804 2989 παιδία
2842 2936 2991 3007 ἡμᾶς
3022 2937 3262 3007 γνησίως
3292 2936 3545 3002 καλέσαι,
3590 2936 3669 3008 μὴ
3702 2938 3795 3009 τὴν

2205 3029 2376 3102 αὐτὴν
2407 3028 2796 3101 περικείμενος
2829 3028 3023 3099 φύσιν;
3053 3025 3115 3084 οὗ
3143 3030 3209 3101 δὴ
3242 3030 3404 3101 χάριν
3435 3031 3648 3101 ταύτην
3673 3033 3797 3085 ἀνα·

2204 3120 2426 3188 λαϐὼν,
2479 3122 2581 3190 τὴν
2628 3120 2723 3175 τοῦ
2757 3121 2992 3175 θανάτου
3030 3123 3297 3175 κατέλυσε
3327 3122 3673 3187 δυναστείαν,
3706 3124 3796 3177 καὶ

506 3227 733 3299 angelos
759 3225 1151 3297 apprehendit,
1179 3223 1274 3279 sed
1306 3237 1496 3278 semen
1525 3220 1762 3275 Abrahae
1789 3218 2099 3289 apprehen-

2204 3216 2292 3271 τὸν
2323 3217 2673 3287 ἐπικείμενον
2702 3217 2835 3287 ἡμῖν
2864 3216 3074 3269 διέλυσε
3103 3217 3297 3285 φόϐον·
3336 3217 3666 3289 φοϐούμενοι
3690 3218 3795 3288 γὰρ

507 3320 593 3376 dit
615 3321 659 3352 ⁷⁹
683 3337 698 3385 ;
728 3338 747 3370 ι
778 3317 986 3375 etenim
1004 3316 1051 3373 si
1072 3324 1325 3371 naturam
1340 3314 1665 3385 angelorum
1682 3310 2096 3382 assumpsisset,

508 3424 682 3482 supra
707 3418 944 3464 mortem
975 3407 1159 3463 factus
1186 3415 1334 3462 esset
1360 3424 1375 3473 ;
1413 3420 1543 3460 cum
1572 3413 1758 3459 autem
1792 3403 2098 3458 humanum

508 3510 659 3560 esset
691 3500 840 3573 quod
869 3515 1072 3570 corpus
1099 3498 1417 3569 assumpsit,
1445 3512 1544 3567 per
1570 3494 1893 3566 passionem
1922 3493 2101 3548 homi-

509 3610 646 3649 num
678 3592 931 3649 debitum
967 3591 1154 3647 solvit.
1194 3590 1253 3645 In
1288 3605 1519 3660 corpore
1552 3600 1738 3647 autem
1765 3606 1876 3660 quo
1909 3603 2103 3661 passus

510 3696 597 3741 est
621 3699 916 3755 resurgens
942 3682 1221 3754 propriam
1250 3690 1579 3752 potestatem
1606 3681 1872 3737 ostendit.
1918 3680 2103 3737 «Unde

511 3779 711 3835 debuit
740 3794 840 3848 per
868 3776 1057 3832 omnia
1088 3776 1361 3831 fratribus
1400 3776 1635 3830 similari
1660 3775 1745 3841 ⁸ος
1784 3794 1802 3826 ι
1842 3773 2104 3830 similiter

511 3872 662 3931 enim
695 3886 759 3925 ac
797 3885 901 3925 nos
949 3869 1133 3924 cibum
1186 3868 1448 3939 sumpsit,
1506 3868 1757 3923 laborem
1809 3868 2101 3932 sustinuit,

512 3965 709 4029 doluit,
746 3964 1077 4034 lacrymatus
1109 3971 1193 4017 est
1225 3971 1283 4017 et
1308 3971 1543 4016 mortem
1577 3961 1771 4027 subiit,
1804 3970 1866 4016 ut
1890 3962 2107 4016 miseri-

513 4075 640 4120 cors
670 4057 831 4112 ﬁeret
862 4065 919 4112 et
950 4056 1128 4111 ﬁdelis
1175 4055 1421 4126 pontifex
1456 4055 1511 4109 in
1557 4055 1646 4110 his
1680 4070 1802 4125 qua:
1832 4054 1899 4109 ad
1930 4056 2104 4111 Deum

511 4150 775 4211 attinent,
847 4157 908 4202 ut
978 4148 1373 4218 repropitiaret
1433 4147 1635 4202 delicta
1684 4146 1908 4217 p0puli;
1946 4148 2003 4202 in
2039 4163 2107 4203 eo

513 4243 665 4299 enim
694 4243 752 4297 in
784 4257 896 4312 quo
924 4256 1121 4311 passus
1161 4249 1247 4295 est
1294 4240 1411 4309 ipse
1474 4248 1737 4306 tentatus,
1788 4250 1987 4310 potens
2022 4252 2108 4297 est

513 4337 606 4393 eis
623 4336 720 4407 qui
752 4343 1039 4391 tentantur
1066 4333 1342 4388 auxiliari.
1382 4333 1510 4388 Haec
1559 4334 1745 4387 omnia
1797 4334 2105 4389 secundum

514 4430 815 4486 humanam
848 4435 1106 4483 naturam
1142 4426 1289 4481 dicta
1321 4436 1483 4493 sunt;
1530 4443 1715 4497 neque
1741 4429 1890 4484 enim
1925 4428 2111 4499 ponti-

2202 3312 2291 3366 ἀεὶ
2321 3309 2673 3381 διατελοῦμεν
2708 3311 2798 3364 τὸν
2826 3310 3086 3364 θάνατον·
3132 3330 3150 3361 ι
3183 3311 3257 3364 Of)
3287 3310 3398 3382 γὰρ
3425 3311 3600 3381 δήπου
3628 3311 3795 3381 ἀγγέ-

2202 3406 2328 3466 λους
2384 3402 2855 3473 ἐπιλαμϐάνεται,
2913 3402 3050 3455 ἀλλὰ
3101 3403 3324 3473 σπέρμα
3374 3403 3636 3473 ’Λϐραὰμ
3677 3405 3794 3457 ἐπι-

2203 3496 2597 3567 λαμϐάνεται.»
2631 3496 2692 3548 Εἰ
2717 3494 2824 3567 γὰρ
2852 3496 3106 3565 ἀγγέλων
3130 3496 3393 3567 ἀνείληφε
3421 3497 3605 3565 φύσιν,
3624 3498 3797 3565 κρείτ-

2204 3607 2315 3643 των
2348 3588 2413 3642 ἂν
2457 3589 2702 3657 ἐγεγόνει
2749 3587 3017 3642 θανάτου·
3076 3588 3199 3641 ἐπεὶ
3244 3588 3300 3641 δὲ
3350 3587 3697 3659 ἀνθρώπινον
3719 3586 3795 3658 ,ἦν

2204 3683 2232 3737 ὃ
2260 3682 2491 3736 ἀνέλαϐε
2524 3684 2713 3753 σῶμα,
2748 3682 2836 3736 διὰ
2873 3683 2971 3752 μὲν
3003 3681 3098 3737 τοῦ
3127 3682 3336 3745 πάθους
3368 3682 3428 3737 τὺ
3454 3684 3567 3739 τῶν
3590 3684 3798 3756 ἀνθρώ-

2207 3793 2326 3829 πων
2353 3773 2605 3827 ἁπέὂωκε
2626 3773 2806 3843 χρέος
2830 3773 2924 3827 διὰ
2950 3774 3007 3827 δὲ
3036 3772 3132 3827 τοῦ
3163 3773 3493 3837 πεπονθότος
3519 3775 3793 3845 σώματος,

2206 3867 2446 3931 ἀναστὰς
2497 3866 2594 3938 τὴν
2641 3867 2849 3920 οίκείαν
2901 3866 3219 3931 ἐπεδείξατο
3257 3867 3524 3938 δύναμιν
3585 3889 3605 3923 ι
3637 3867 3794 3923 Ὅθεν

2206 3961 2408 4030 ὤφειλε
2480 3960 2623 4015 κατὰ
2679 3961 2858 4015 πάντα
2918 3962 3033 4024 τοῖς
3081 3960 3331 4032 ἀδελφοῖς
3379 3963 3737 4034 ὁμοιωθῆναι.
3771 3983 3789 4015 ι

2219 4054 2453 4125 Ὁμοίως
2479 4054 2589 4123 γὰρ
2620 4055 2754 4124 ἡμῖν
2786 4053 2880 4105 καὶ
2906 4053 3118 4124 τροφῆς
3148 4054 3413 4124 μετέλαϐε
3434 4096 3448 4119 ,
3502 4055 3602 4109 καὶ
3637 4056 3794 4111 πόκον

2208 4147 2501 4217 ὑπέμεινε,
2557 4147 2653 4200 καὶ
2699 4146 2954 4218 ἠθύμησε
2988 4146 3084 4200 καὶ
3115 4147 3405 4219 ἐδάκρυσε,
3440 4148 3536 4201 καὶ
3570 4149 3793 4203 θάνατον

2209 4240 2538 4305 κατεδέξατο
2558 4282 2572 4303 ,
2630 4240 2717 4295 ἵνα
2752 4241 3004 4313 ἐλεήμων
3031 4242 3256 4311 γένηται
3290 4243 3385 4298 καὶ
3415 4247 3609 4308 πιστὸς
3660 4247 3792 4316 ἀρχ-

2213 4334 2393 4405 ιερεὺς
2424 4334 2492 4386 τὰ
2524 4334 2659 4398 πρὸς
2690 4334 2784 4387 τὸν
2811 4334 2944 4387 Θεὸν
2967 4335 3045 4398 εἰς
3075 4338 3134 4388 τδ
3164 4335 3481 4391 ἱλάσκεσθαι
3500 4339 3602 4401 τὰς
3621 4339 3793 4408 ἁμαρ·

2209 4426 2440 4495 τίαςτοῧ
2471 4425 2602 4479 λαοῦ
2628 4444 2641 4458 ·
2661 4428 2717 4479 ἐν
2744 4420 2788 4495 ᾧ
2816 4425 2925 4496 γὰρ
2958 4427 3227 4483 πέπονθεν
3256 4427 3415 4491 αὐτὸς
3444 4430 3788 4497 πειρασθείς,

516 4520 607 4577 fex
636 4528 829 4575 noster
857 4529 943 4575 est
973 4526 1034 4573 ut
1060 4519 1227 4584 Deus,
1281 4517 1379 4574 sed
1435 4530 1494 4574 ut
1539 4519 1744 4587 homo;
1805 4538 1988 4592 neque
2045 4532 2099 4577 ul

2211 4519 2435 4574 δύναται
2482 4521 2596 4582 τοῖς
2637 4518 3103 4590 ἐπηρεαζομένοις
3138 4519 3435 4589 βοηθῆσαι·
3486 4522 3585 4573 καὶ
3626 4521 3791 4574 ταῦτα

515 4612 666 4668 Deus
692 4626 889 4683 passus
927 4621 1034 4678 est,
1089 4611 1187 4666 sed
1243 4621 1304 4665 ut
1354 4612 1564 4679 homo;
1622 4631 1803 4683 neque
1854 4631 1953 4685 per
2004 4633 2105 4671 ex-

517 4705 848 4775 perientiam
873 4703 1070 4759 didicit
1103 4712 1316 4769 nostra,
1356 4705 1452 4760 sed
1503 4713 1566 4760 ut
1605 4707 1751 4763 Deus
1797 4719 1852 4765 et
1880 4707 2110 4765 Creator

519 4798 804 4869 cognoscit
829 4797 1015 4852 omnia
1041 4795 1408 4866 apertissime.

2215 4611 2356 4666 κατά
2410 4612 2471 4664 τ⁴ὸ
2518 4608 2857 4681 ἀνθρώπινον
2905 4610 3151 4683 εἴρηται“
3203 4611 3327 4665 οὕτε
3360 4612 3468 4683 γὰρ
3504 4614 3791 4684 ἀρχιερεὺς

2216 4705 2373 4779 ἡμῶν
2405 4706 2482 4769 ὡς
2514 4704 2667 4769 Θεὸς,
2706 4704 2819 4757 ἀλλ’
2846 4704 2922 4767 ὡς
2951 4703 3257 4776 ἄνθρωπος’
3295 4705 3417 4760 οὔτε
3446 4708 3522 4771 ὡς
3545 4708 3677 4771 Θεὸς
3702 4709 3791 4762 πέ-

2217 4800 2447 4864 πονθεν,
2498 4797 2616 4851 ἀλλ’
2665 4795 2742 4860 ὡς
2784 4795 3107 4867 ἄνθρωπος’
3160 4795 3283 4851 οὔτε
3334 4798 3422 4852 διὰ
3460 4799 3562 4870 τῆς
3604 4801 3791 4871 πείρας

522 4891 813 4963 μεμάθηκε
839 4889 909 4943 τὰ
933 4890 1199 4960 ἡμέτερα,
1230 4889 1345 4942 ἀλλ’
1373 4889 1447 4952 ὡς
1472 4890 1604 4955 Θεὶις
1634 4893 1728 4944 καὶ
1748 4894 2090 4966 Δημιουργὸς
2120 4898 2380 4969 γινώσκει
2413 4891 2595 4946 πάντα
2630 4888 2836 4960 σαφῶς.

583 5002 605 5038 ι
629 4984 712 5040 Ad
726 4999 889 5054 quem
908 4992 1091 5039 autem
1110 4986 1428 5057 angelorum
1448 4984 1587 5037 dixit
1607 4984 1903 5055 aliquando
1930 5008 1942 5042 :
1971 4990 2111 5048 Sede

521 5091 553 5130 a
585 5074 798 5130 dextris
844 5074 983 5128 meis
1008 5073 1187 5130 donec
1218 5090 1419 5145 ponam
1451 5072 1708 5130 inimicos
1738 5085 1862 5131 tuos
1895 5080 2108 5136 scabel-

520 5170 635 5225 lum
666 5168 867 5239 pedum
903 5169 1234 5223 tuorum“?
1262 5187 1280 5219 ι
1315 5168 1435 5222 Non
1466 5168 1615 5224 enim
1658 5178 1719 5224 ut
1747 5170 1860 5225 Deo
1892 5182 2106 5230 tantum

522 5260 679 5325 dicit,
721 5279 737 5313 ι
768 5260 907 5315 Sede
943 5276 972 5314 a
998 5260 1210 5316 dextris
1230 5258 1406 5325 meis;
1432 5278 1449 5309 ι
1492 5262 1770 5329 quomodo
1796 5264 1947 5319 enim
1962 5276 2099 5321 essel

2209 5271 2274 5321 ἐκ
2305 5266 2497 5330 δεξιῶν
2562 5283 2662 5334 μου
2698 5281 2709 5294 ο

523 5354 761 5410 thronus
801 5355 922 5423 ejus
969 5354 1023 5407 in
1059 5352 1259 5408 saecula
1300 5351 1678 5407 saeculorum?
1714 5353 1823 5409 Sed
1853 5364 1911 5409 ut
1942 5357 2110 5411 homo

524 5448 696 5520 igitur
728 5450 876 5503 hunc
924 5449 1194 5502 honorem
1234 5446 1464 5515 recepit,
1519 5457 1579 5500 ut
1618 5448 1785 5513 Deus,
1833 5460 2108 5505 internum

523 5543 693 5600 habet
727 5545 1011 5597 thronum.
1065 5540 1132 5595 Et
1163 5540 1364 5594 iterum
1396 5558 1408 5592 :
1450 5558 1466 5589 ο
1495 5540 1629 5605 Quis
1652 5550 1739 5595 est
1770 5542 1936 5597 homo
1962 5545 2112 5614 quod

524 5652 739 5695 memor
784 5652 845 5692 es
895 5636 1057 5707 ejus?
1092 5645 1187 5690 aut
1240 5633 1387 5688 ﬁlius
1436 5634 1679 5689 hominis
1733 5638 1864 5705 quia
1923 5639 2116 5693 visitas

590 5818 639 5851 ⁷⁵
660 5816 806 5871 Psal.
837 5830 945 5876 xxx,
985 5813 1095 5877 2'5;
1131 5812 1297 5868 Hebr.
1326 5830 1383 5875 ιι,
1413 5814 1500 5867 12.
1575 5814 1622 5846 ⁷⁸
1659 5814 1801 5869 Psal.
1838 5832 1966 5880 xm,
2000 5816 2073 5881 5;

2204 5820 2277 5873 br.
2313 5834 2370 5879 ιι,
2403 5818 2486 5873 15.

2298 5009 2317 5042 ι
2350 4988 2496 5060 Πρὸς
2545 4985 2667 5039 τίνα
2709 4986 2767 5039 δὲ
2814 4986 2925 5039 τῶν
2964 4986 3213 5054 ἀγγέλων
3244 4980 3368 5041 εἶπέ
3397 5006 3563 5041 ποτε·
3616 4989 3787 5043 Κάθου

2217 5089 2282 5139 ἐκ
2327 5081 2516 5147 δεξιῶν
2571 5079 2676 5142 ἕως
2724 5079 2791 5133 ἂν
2838 5078 2915 5131 θῶ
2955 5080 3082 5143 τοὺς
3121 5079 3353 5151 ἐχθρούς
3382 5097 3476 5133 σου
3510 5083 3787 5135 ὑποπόδιον

2214 5177 2324 5231 τῶν
2345 5175 2525 5229 ποδῶν
2552 5190 2645 5225 σου
2667 5189 2713 5237 ς»
2731 5172 2791 5225 ού
2818 5173 2928 5244 γὰρ
2954 5173 3029 5236 ὼς
3046 5172 3166 5243 Θεῷ
3194 5174 3353 5243 μόνον
3376 5174 3548 5241 λέγει*
3575 5195 3594 5227 ι
3614 5176 3785 5228 Κάθου

2784 5283 2801 5314 ι
2850 5264 2967 5328 πῶς
2996 5264 3105 5335 γὰρ
3134 5267 3162 5317 ὁ
3188 5264 3379 5335 θρόνος
3405 5267 3571 5319 αὐτοῦ
3602 5269 3680 5329 εἰς
3706 5266 3786 5318 τὸν

2215 5362 2389 5416 αἰῶνα
2425 5361 2517 5412 τοῦ
2552 5360 2783 5425 αἰῶνοςς
2833 5359 2949 5413 ἀλλ’
2979 5360 3055 5422 ὡς
3081 5358 3366 5429 ἄνθρωπος
3394 5362 3571 5412 τοίνυν
3598 5360 3786 5428 ταύτης

2222 5454 2507 5525 μετέλιπιχεΔ
2533 5457 2634 5521 τῆς
2682 5454 2845 5523 τιμῆς
2872 5469 2885 5483 ο
2941 5451 3016 5515 ὡς
3045 5452 3101 5503 δὲ
3135 5451 3287 5516 Θεὸς,
3324 5453 3542 5505 αἰώνιον
3568 5452 3673 5522 ἔχει
3704 5452 3784 5503 τὸν

2220 5547 2430 5618 θρόνον.
2466 5547 2576 5599 Καὶ
2604 5547 2789 5599 πάλινο
2825 5566 2843 5598 ι
2876 5547 2970 5608 Τίς
2996 5548 3143 5598 ἐστιν
3174 5545 3459 5615 ἄνθρωπος
3489 5547 3569 5599 ὃτι
3597 5547 3782 5614 μιμνή-

2221 5656 2339 5691 σκει
2372 5639 2569 5703 αύτόν;
2672 5642 2787 5702 υίὸς
2817 5638 3224 5712 mmmam
3256 5640 3575 5692 ἐπισκέπτει
3602 5641 3778 5699 αὑτόνς

2567 5820 2611 5849 ⁷⁷
2650 5818 2752 5873 lsa.
2786 5836 2900 5885 vm,
2940 5821 3045 5887 18;
3083 5821 3251 5876 Hebr.
3283 5837 3345 5885 ll,
3382 5822 3467 5876 15.
3558 5819 3600 5852 ⁷⁸
3627 5819 3774 5874 Hebr.

528 5902 589 5955 ιι,
615 5886 701 5950 η,
733 5886 817 5941 15.
884 5886 930 5917 ⁷⁸
958 5884 1094 5939 ibid.
1132 5885 1213 5939 16.
1286 5886 1329 5916 ⁸³
1359 5885 1495 5939 ibid.
1532 5885 1616 5940 17.
1695 5886 1735 5917 ⁸³
1766 5886 1909 5941 Psal.
1944 5904 2055 5941 ml.
2091 5891 2099 5943 ί

2207 5909 2220 5957 ;
2260 5889 2422 5943 Hebr.
2451 5907 2488 5955 ι,
2519 5890 2605 5944 13.
