4072 6522
336 377 476 445 1265

1330 398 1784 462 DISPUTATIO
1819 401 2222 468 ADVERSUS
2261 410 2589 472 JUD/EOS.

3385 359 3586 483 ’1266

324 492 644 602 ἠλάττωσας
673 496 836 602 αὑτὸν
874 500 1045 571 βραχύ
1075 520 1129 557 τι
1161 509 1296 578 παρ’
1323 509 1610 578 ἀγγέλους,
1645 513 1773 588 δόξῃ
1801 518 1895 570 καὶ

2000 520 2173 575 eum?
2226 522 2478 578 minuisti
2510 540 2641 580 eum
2677 526 3030 596 paulominus
3051 526 3120 581 ab
3145 530 3375 599 angelis,
3410 531 3585 602 gloria

322 586 456 655 τιμῇ
495 585 881 658 ἐστεφάνωσας
906 593 1093 662 αὑτὸν,
1128 599 1222 652 καὶ
1251 601 1590 674 κατέστησας
1614 585 1775 660 αὑτὸν
1805 608 1900 662 ἐπὶ

319 677 392 730 τά
420 676 557 749 ἔργα
586 682 789 752 χειρῶν
817 701 909 737 σου
928 703 942 717 ο
989 688 1165 743 πάντα
1196 691 1470 760 ὑπέταξας
1504 696 1762 752 ὑποκάτω
1791 700 1900 754 τῶν

322 767 501 862 ποδῶν
533 771 754 829 αὐτοῦ.»
788 804 853 820 ρ-
879 795 898 829 (
930 777 1004 832 Τὸ
1047 779 1104 834 δὲ
1157 781 1332 856 βραχύ
1375 803 1427 841 τι
1476 789 1610 862 παρ’
1637 791 1901 861 ἀγγέλους

319 858 701 955 τίγλαττωμένον
749 864 1022 941 βλέπομεν
1057 872 1261 944 Ἰησοῦν
1310 877 1399 932 διὰ
1444 881 1505 936 τὺ
1538 858 1768 955 πάθη-μα
1803 885 1898 939 τοῦ

321 947 555 1046 θανάτου
579 990 596 1018 ,
623 955 798 1046 Δὅπως
841 961 1011 1030 χωρὶς
1039 961 1196 1030 Θεοῦ,
1233 966 1374 1039 ὑπὲρ
1401 971 1605 1036 παντὸς
1634 947 1902 1046 γεύσηται

321 1039 578 1138 θανάτρυ,
776 1051 868 1103 καὶ⁸
901 1056 1034 1125 τιμῇ
1061 1055 1572 1130 ἐστεφανωμένοςοι
1611 1039 1670 1117 ού
1704 1069 1769 1138 τῇ
1795 1039 1901 1137 φύ-

322 1147 404 1185 σει
456 1134 556 1202 τῆς
606 1133 860 1208 θεότητος
910 1144 1024 1196 τῶν
1070 1147 1318 1214 ἀγγέλων
1365 1151 1706 1220 ἠλάττωται,
1744 1133 1901 1212 Πάλλὰ

320 1220 400 1291 τῷ
452 1225 614 1316 πάθει
668 1229 769 1297 τῆς
815 1232 1259 1309 ἀνθρωπὸτητος.
1290 1241 1502 1316 Ὥσπερ
1529 1247 1708 1299 τοίνυν
1740 1249 1899 1304 ἐλάτσ

316 1325 450 1414 των.
475 1309 543 1384 ἦν
594 1317 844 1414 ἀγγέλων
896 1324 973 1387 ὡς
1019 1327 1308 1399 ἄνθρωπος
1342 1334 1430 1390 διὰ
1461 1309 1522 1390 τὸ
1551 1341 1782 1414 πάθημα
1807 1347 1900 1400 τοῦ

319 1401 583 1508 θανάτουῖ
613 1411 803 1508 ἐπειδὴ
835 1415 938 1508 μὲν
966 1419 1015 1470 oi
1042 1418 1265 1490 ἄγγελοι
1296 1426 1564 1486 ἀθάνατον
1591 1401 1774 1505 ἐχοῦσι
1801 1439 1903 1508 φύ-

319 1498 627 1602 σιν,-αύτος
656 1503 714 1602 ξέ
746 1505 821 1569 ὡς
842 1507 1132 1602 -άνθρωπος
1160 1515 1220 1568 τὸ
1249 1517 1421 1582 πάθος
1446 1498 1707 1594 ὑπέμεινε
1734 1498 1902 1602 χωρὶς

318 1586 473 1694 θεοῦ.
507 1591 593 1694 διά
638 1596 736 1667 τὴν
783 1600 1002 1694 πάντων
1046 1611 1322 1678 σωτηρίαν
1349 1628 1364 1643 ·
1422 1586 1600 1671 πάντα
1645 1586 1764 1694 τάξ
1797 1586 1901 1679 έσά

321 1679 520 1784 θνῖιτὴν
551 1683 733 1784 εᾌχουσι
762 1693 925 1759 φύσιν
944 1734 960 1760 ,
1015 1697 1221 1772 ταύτης
1249 1702 1419 1759 ἐδεῖτο
1451 1709 1549 1779 τῆς
1577 1679 1898 1784 θεραπείας,

317 1771 414 1878 τοῦ
446 1775 544 1878 τῆς
567 1778 1033 1878 ἐνανθρωπῄσεως
1058 1771 1351 1862 φαρμάκου
1374 1813 1385 1827 °
1427 1771 1562 1872 μόνη
1588 1771 1696 1878 γάρ
1722 1808 1756 1878 ή
1781 1771 1900 1865 θεία

318 1861 482 1974 φύσις
502 1868 774 1974 ἀνενρεὴς,
797 1876 959 1974 τσῦτο
974 1859 1081 1954 γάρ
1102 1859 1221 1938 εἷπε
1243 1903 1256 1917 ·
1289 1906 1307 1939 ι
1333 1859 1516 1962 Χωιρὶς
1708 1859 1903 1974 albus;
1935 1859 1975 1915 Β

317 1955 519 2060 παντὸς
546 1959 799 2060 γεύσεται
831 1967 1081 2060 θανάτου.
1116 1994 1133 2025 ι
1154 1976 1289 2049 Δὸξῃ
1312 1978 1368 2033 δὲ
1400 1955 1645 2058 καὶτιμῇ
1670 1955 1902 2060 ἐστεφαδο

313 2047 558 2147 νωιμένον
662 2054 738 2119 ὡς
787 2057 1072 2130 ἄνθρωπον
1092 2080 1108 2094 ·
1165 2047 1306 2138 μετ-ἀ
1335 2073 1442 2144 γάρ
1475 2047 1585 2147 τὴν.
1607 2047 1902 2142 ἀνάστασιν

313 2139 411 2246 ¹καὶ
431 2141 630 2246 τὴνιεῐς
650 2148 708 2246 ού
719 2150 910 2218 ρανοὺς
931 2153 1195 2213 ἀνάϐασιν
1226 2162 1326 2233 τῆς
1350 2139 1497 2231 θείας
1527 2139 1790 2246 μετέλαχε
1811 2139 1900 2232 δίεὲ

316 2227 436 2339 ἕης,
460 2234 842 2339 καὶηκρείττωέι
865 2244 1118 2339 ἀγγέλων
1143 2227 1390 2320 ἐγένετοο
1422 2227 1643 2316 ἐκάθισε
1671 2227 1786 2339 γάᾞ

315 2317 427 2373 ἀνω
451 2322 622 2394 ἀρχῆς
650 2328 746 2382 καὶ
768 2329 1014 2399 ἐξουσίας
1039 2339 1434 2414 καὶδυνάμεως
1465 2351 1560 2403 καὶ
1581 2317 1902 2428 κυριότητος

311 2414 409 2522 καί
444 2419 644 2522 παντὸς
669 2418 934 2522 ὀνύματος
962 2427 1366 2522 ύνομαζομένου
1417 2440 1476 2492 ού
1526 2414 1686 2512 μόνον
1726 2414 1901 2522 ἐν’τῷ

308 2503 682 2609 gitimam-firm,
695 2514 831 2609 ἀλλά
851 2517 943 2572 καὶ
961 2520 1020 2575 ἐν
1035 2521 1112 2593 τῷ
1130 2525 1398 2593 μέλλοντι·
1419 2533 1477 2585 ἐν
1494 2503 1563 2602 γά
1571 2554 1601 2608 ρ
1616 2538 1694 2609 τῷ
1708 2503 1902 2601 ὑποτά-

308 2591 405 2694 ξαι
424 2599 572 2669 αύτῷ
601 2605 666 2657 τὰ
693 2607 888 2672 πάντα,
918 2611 1068 2667 οὐδὲν
1095 2616 1306 2687 ἀφῆκεν
1334 2622 1485 2694 αύτῷ
1506 2591 1895 2692 άνῦπάτακτον.

382 2689 498 2745 Νῦν
527 2694 584 2748 δὲ
617 2695 772 2753 οῦπω
802 2701 1022 2774 ὁρῶμεν
1056 2706 1206 2780 αὐτῷ
1242 2712 1420 2768 πάντα
1453 2717 1896 2796 ὑποτεταγμένα,

302 2781 370 2836 ὲν
416 2783 461 2837 δ’
502 2788 696 2861 ἐκείνῳ
739 2793 818 2866 τῷ
866 2797 1022 2852 αίῶνι
1067 2800 1236 2871 ἤγουν
1285 2806 1362 2877 τῷ
1397 2811 1644 2878 μέλλοντι

303 2879 597 2949 κρατήσειν
627 2884 1066 2960 ύποταγήσονται
1094 2894 1202 2966 γὰρ
1227 2899 1350 2952 τότε
1381 2901 1475 2954 καὶ
1500 2904 1550 2956 oi
1576 2906 1671 2962 νῦν
1695 2910 1898 2968 ἀντιλέ-

300 2982 500 3064 γοντες
525 2987 538 3002 ο
579 2974 1008 3050 ἐνανθρωπήσας
1037 2986 1145 3059 γάρ
1178 2989 1206 3042 ὀ
1237 2988 1369 3056 Θεὸς
1400 2995 1595 3064 Λόγος,
1633 3003 1894 3060 κατέλυσε

296 3060 412 3164 τοῦ.
434 3061 662 3164 Θανάτου
685 3067 760 3164 es
789 3073 989 3142 κράτος
1017 3092 1059 3148 ο,
1097 3081 1413 3151 καταλύσας
1438 3060 1500 3141 δέ
1529 3060 1895 3164 ἐπηγγείλατο

2003 617 2060 664 et
2091 610 2305 668 honore
2334 617 2614 670 coronasti
2652 632 2800 681 eum,
2831 625 2888 673 et
2907 618 3246 675 constituisti
3269 635 3397 676 eum
3421 637 3587 693 super

2003 719 2172 774 opera
2201 722 2463 764 manuum
2495 719 2713 767 tuarum
2743 729 2756 779 ;
2789 715 2976 770 omnia
2998 715 3282 787 subjecisti
3302 717 3405 774 sub
3426 719 3582 790 pedi-

2001 795 2106 852 bus
2131 799 2249 870 ejus
2272 800 2339 853 ⁸⁸.
2367 819 2495 853 ι--ι
2513 803 2654 858 Eum
2671 813 2858 861 autem
2885 807 2980 876 qui
3011 809 3175 878 paulo
3201 809 3386 866 minus
3404 810 3474 866 ab
3491 826 3588 867 an-

2003 889 2141 960 gelis
2160 891 2468 948 minoratus
2487 904 2591 961 est,
2625 896 2879 953 videmus
2897 899 3086 955 Jesum
3117 910 3343 972 propter
3366 907 3579 974 passio-

2004 996 2129 1036 nem
2167 983 2382 1049 mortis,
2419 995 2478 1040 ut
2507 986 2716 1056 absque
2741 988 2855 1044 Deo
2895 1005 2995 1060 pro
3040 993 3302 1050 omnibus
3339 1003 3587 1065 gustaret

2007 1083 2264 1136 mortem,
2297 1075 2470 1146 gloria
2503 1084 2558 1132 et
2591 1077 2805 1133 honore
2834 1091 3159 1137 coronatum
3175 1084 3240 1140 ⁸³.
3273 1103 3290 1137 ι
3330 1085 3453 1142 Non
3486 1103 3588 1158 per

2004 1175 2258 1220 naturam
2287 1166 2596 1224 divinitatis
2637 1171 2849 1241 angelis
2877 1172 3060 1228 minor
3085 1175 3317 1233 effectus
3345 1186 3450 1246 est,
3486 1179 3584 1235 sed

2003 1272 2102 1326 per
2141 1259 2455 1327 passionem
2501 1261 2911 1332 humanitatis;
2964 1265 3134 1336 igitur
3184 1269 3418 1326 inferior
3466 1280 3587 1328 erat

2004 1348 2213 1416 angelis
2244 1357 2306 1404 ut
2342 1349 2509 1405 homo
2550 1360 2783 1423 propter
2825 1353 3139 1425 passionem
3188 1359 3408 1424 mortis,
3458 1376 3586 1417 cum

2002 1437 2182 1506 angeli
2216 1437 2585 1496 immortalem
2617 1441 2858 1498 habeant
2907 1454 3183 1512 naturam,
3229 1448 3347 1518 ipse
3399 1458 3584 1506 autem

2003 1536 2066 1582 ut
2095 1528 2262 1584 homo
2287 1532 2601 1600 passionem
2623 1534 3110 1607 sustinuitabsque
3131 1538 3586 1598 Deoadomnium

2004 1620 2259 1675 salutem.
2291 1621 2490 1678 Omnia
2520 1624 2668 1679 enim
2703 1641 2827 1695 qua:
2859 1629 3149 1684 mortalem
3181 1628 3392 1686 habent
3418 1641 3584 1688 natu-

2008 1727 2151 1778 ram,
2204 1713 2312 1769 hac
2360 1716 2649 1771 curatione
2699 1719 2956 1788 egebant,
2992 1731 3050 1776 et
3101 1723 3348 1778 remedio
3402 1723 3586 1780 incar-

2005 1808 2287 1875 nationis;
2333 1809 2449 1864 sola
2490 1817 2674 1864 autem
2721 1811 2911 1866 divina
2956 1821 3152 1867 natura
3205 1829 3316 1868 non
3364 1815 3580 1886 egebat.

2005 1897 2120 1954 lloc
2146 1900 2438 1972 signiﬁcat,
2481 1920 2499 1952 ι
2525 1901 2736 1972 absque
2766 1902 2879 1958 Deo
2901 1922 2920 1954 ι
2977 1918 3080 1973 pro
3112 1904 3373 1959 omnibus
3401 1913 3584 1976 gusta.

2004 1992 2087 2047 bit
2117 2002 2370 2049 mortem.
2415 2013 2432 2044 ι
2460 1993 2645 2049 Gloria
2673 2003 2858 2050 autem
2888 2001 2945 2050 et
2977 1994 3192 2052 honore
3218 2007 3575 2054 coronatunu

2004 2093 2066 2138 ut
2096 2083 2378 2138 hominem
2403 2101 2418 2149 ;
2443 2104 2461 2136 ι
2497 2099 2625 2138 nam
2656 2095 2781 2155 post
2803 2087 3267 2142 resurrectionem
3302 2095 3357 2142 et
3388 2087 3446 2142 in
3473 2103 3586 2144 ca:-

2003 2175 2090 2231 los
2119 2177 2503 2232 ascensionem
2533 2177 2779 2232 divinam
2806 2178 3037 2249 gloriam
3070 2179 3304 2250 recepit,
3335 2187 3392 2234 et
3410 2179 3588 2251 major

2002 2269 2213 2340 angelis
2240 2268 2417 2325 factus
2445 2278 2566 2341 est,
2590 2270 2744 2326 Sedit
2788 2271 2937 2326 enim
2971 2287 3141 2342 supra
3185 2271 3584 2343 principatum,

2001 2367 2356 2428 potestatem,
2403 2359 2838 2416 dominationem
2884 2370 2940 2416 et
2984 2361 3268 2426 virtutem,
3312 2371 3370 2416 et
3419 2375 3588 2419 omne

2001 2467 2202 2506 nomen
2232 2451 2379 2522 quod
2414 2452 2732 2508 nominatur
2765 2469 2874 2508 non
2905 2445 3084 2509 solum
3137 2454 3193 2508 in
3226 2455 3331 2510 hoc
3356 2454 3584 2522 saeculo,

2002 2543 2097 2598 sed
2128 2553 2186 2598 et
2216 2544 2274 2597 in
2304 2543 2488 2598 futuro
2511 2541 2556 2575 ⁸³
2583 2560 2600 2602 ξ
2635 2544 2686 2598 in
2724 2559 2791 2599 eo
2824 2545 2973 2598 enim
3004 2545 3150 2615 quod
3187 2545 3395 2607 dicitur
3442 2544 3583 2600 sub-

1997 2635 2091 2705 jici
2112 2634 2189 2688 illi
2210 2635 2392 2688 omnia
2406 2633 2474 2699 ⁸⁵,
2498 2634 2633 2689 nihil
2658 2635 3101 2705 praetermittitur
3117 2653 3225 2692 non
3244 2637 3578 2706 subjectum.

2065 2726 2223 2782 Nunc
2279 2735 2464 2783 autem
2514 2727 2760 2782 nondum
2801 2727 3052 2784 videmus
3097 2729 3282 2783 omnia
3327 2728 3409 2782 illi
3453 2727 3581 2784 sub.

1994 2821 2139 2892 jecta
2175 2822 2229 2875 in
2266 2831 2510 2893 tempore
2539 2832 2724 2877 autem
2750 2822 2866 2886 illo,
2899 2821 2952 2876 id
2981 2831 3084 2887 est,
3111 2821 3300 2876 futuro
3319 2821 3579 2877 omnibus

1999 2912 2410 2977 dominabitur;
2449 2923 2579 2969 tunc
2605 2915 2754 2970 enim
2774 2914 3138 2986 subjicientur
3157 2914 3252 2984 qui
3277 2929 3426 2969 nunc
3441 2930 3576 2970 con-

1999 3004 2298 3059 tradicunt.
2347 3005 2482 3058 Nam
2522 3004 2876 3060 incarnatum
2922 3005 3020 3061 Dei
3090 3006 3331 3060 Verbum
3381 3006 3578 3062 mortis

1998 3095 2274 3151 destruxit
2309 3105 2678 3166 potestatem;
2730 3097 3014 3153 destructa
3061 3107 3245 3164 autem
3297 3099 3578 3169 pollicitus

298 3152 441 3261 ᾕμίν
469 3155 568 3261 τὴν
597 3157 898 3261 ἀνάστασιν
920 3181 932 3195 ·
971 3170 1038 3240 τῇ
1070 3169 1127 3224 δὲ
1155 3174 1451 3234 ἀναστάσει
1483 3152 1763 3257 ἀφθαρσία
1801 3193 1893 3246 καὶ

1999 3196 2082 3243 est
2109 3187 2270 3241 nobis
2299 3187 2763 3243 resurrectionem
2789 3205 2804 3254 ;
2835 3188 3228 3244 resurrectioni
3265 3197 3450 3245 autem
3477 3190 3580 3245 im-

295 3245 586 3347 ἀθανασία
606 3254 986 3347 συνέζευκται,
1014 3264 1072 3315 ἐν
1155 3265 1390 3340 ὑπάρχει
1415 3274 1509 3327 καὶ
1589 3245 1697 3331 των
1719 3284 1887 3337 πατέ-

297 3354 440 3445 ρων⁸
467 3342 626 3413 ἡμῶν
666 3345 1066 3416 ἐπαγγελθεῖσα
1116 3355 1204 3410 διὰ
1252 3362 1486 3429 πίστεως
1527 3342 1887 3445 ἀτελευτήτου

296 3432 654 3521 κατάπαυσις
687 3438 780 3491 καὶ
811 3439 924 3512 ζωὴ
953 3443 1170 3510 αἰώνιος
1195 3487 1210 3511 ,
1265 3453 1360 3504 καὶ
1413 3455 1633 3513 πάντων
1664 3432 1890 3521 τῶνιδιά

293 3519 404 3625 τῇς
431 3523 624 3625 ὁμοίας
652 3526 1250 3625 πίστεως-ἐλπιζόντων
1276 3542 1356 3605 είς
1382 3544 1474 3597 τὸν
1500 3548 1706 3621 Κύριον
1726 3519 1888 3625 ἡμῶν

306 3611 525 3718 ῗΙησοῦν
568 3617 828 3718 Χριστὸν-
858 3623 954 3718 τὸν
1000 3624 1128 3718 nov
1178 3631 1272 3684 τοῦ
1326 3632 1461 3690 Θεοῦ
1491 3654 1503 3667 ”
1566 3611 1616 3694 εἰ
1665 3611 1781 3716 γὰρ⁵
1821 3642 1888 3718 ἦν

395 3703 756 3809 Ἰερουσαλὴμ
804 3713 836 3784 ἠ
878 3714 1061 3770 τελεία
1109 3721 1490 3794 κατάπαυσις,
1547 3733 1627 3793 είς
1673 3702 1888 3809 ἐκείντίν

293 3795 517 3870 Ἰησοῦς
544 3801 638 3856 τοῦ
663 3805 819 3878 Ναυῆ
846 3809 994 3880 ἡμᾶς
1020 3815 1390 3874 κατέπαυσενο
1424 3823 1540 3878 ἀλλ’
1563 3828 1663 3881 οὐκ
1687 3795 1888 3885 ἔδωκέν

533 3991 697 4054 ιοδὸς,
751 3991 871 4046 οὐδὲ
919 3997 1030 4059 τοῖς
1058 3998 1269 4052 ἐκείνου
1300 4002 1509 4069 τέκνοις
1541 4010 1653 4071 τοῖς
1681 4009 1768 4064 διὰ
1799 4012 1887 4066 πί-

306 4090 487 4173 στεως
520 4079 668 4150 αὐτῷ
697 4083 726 4136 ὁ
754 4082 1129 4157 ὼμοιωμένοις
1160 4091 1395 4149 δέδωκεν
1430 4097 1486 4149 ἐν
1518 4099 1655 4171 αὐτῇ
1689 4101 1887 4173 κληρο-

295 4167 500 4266 νομίαν
554 4172 636 4232 είς
681 4173 854 4230 αίῶνα
876 4192 891 4208 ·
944 4179 1083 4235 ἀλλά
1118 4186 1513 4254 παροικοῦντες
1541 4191 1598 4244 ἐν
1624 4167 1888 4266 αὑτῇ-καὶ

292 4257 413 4353 ἐπὶ-
431 4261 566 4353 πᾶσι
591 4263 650 4317 δὲ
679 4270 1033 4341 προσκαίρως
1062 4273 1174 4328 τῶν
1202 4272 1306 4330 ὦδε
1337 4257 1889 4353 μετερχόμεθα·“ἐκεί

292 4349 356 4402 δὲ
393 4351 630 4424 ὑπάρχει
680 4359 712 4429 ή
748 4359 1107 4435 άτελεύτητος
1161 4349 1539 4438 κατάπαυσις,
1566 4349 1759 4445 ἥντινα
1789 4381 1884 4435 καὶ

1993 3279 2299 3334 mortalitas
2366 3287 2422 3334 et
2476 3279 2825 3350 iucorruptio
2883 3281 3315 3352 coniunguntur,
3362 3283 3418 3338 in
3469 3298 3577 3354 qua

1992 3381 2208 3426 constat
2234 3381 2452 3441 patrum
2484 3381 2804 3427 nostrorum
2823 3373 3093 3443 promissa
3125 3390 3225 3444 per
3261 3373 3424 3429 ﬁdem
3447 3390 3577 3446 per-

1990 3469 2154 3532 petua
2187 3460 2410 3530 requies
2434 3469 2491 3516 et
2526 3461 2640 3516 vita
2668 3469 2895 3526 mterna,
2945 3469 2999 3516 et
3043 3461 3294 3516 omnium
3331 3461 3426 3532 qui
3467 3476 3577 3537 per

1992 3551 2412 3608 similitudinem
2467 3551 2596 3607 ﬁdei
2631 3560 2857 3623 sperant
2894 3552 2950 3606 in
2981 3551 3278 3606 Dominum
3319 3560 3574 3607 nostrum

1987 3647 2172 3702 Jesum
2199 3644 2479 3700 Christum
2494 3645 2690 3700 Filium
2715 3645 2832 3700 Dei.
2864 3643 2919 3700 Si
2941 3644 3089 3700 enim
3113 3643 3305 3700 fuisset
3329 3643 3387 3698 in
3414 3643 3577 3700 Jeru-

1991 3739 2162 3794 salem
2192 3737 2441 3808 perl‘ecta
2472 3737 2718 3808 requies,
2747 3737 2804 3791 in
2837 3737 2926 3792 illa
2955 3736 3085 3794 Jesu
3117 3736 3265 3791 ﬁlius
3292 3735 3441 3790 Nave
3474 3749 3577 3791 nos

1991 3830 2278 3899 quiescere
2311 3827 2575 3894 fecisset;
2609 3827 2705 3883 sed
2740 3844 2850 3882 non
2891 3827 3046 3882 dedit
3075 3828 3222 3883 Deus
3253 3826 3487 3881 Abrahae
3513 3823 3574 3880 iu

1991 3923 2082 3977 illa
2146 3920 2524 3976 litereditatem
2579 3934 2759 3990 neque
2824 3919 3121 3990 vestigium
3167 3918 3346 3988 pedis,
3392 3931 3575 3988 neque

1990 4013 2109 4084 ejus
2143 4010 2271 4065 filiis
2294 4011 2388 4080 qui
2419 4027 2516 4080 per
2539 4009 2702 4064 [idem
2732 4009 2808 4063 illi
2842 4008 3050 4064 similes
3081 4008 3209 4064 facti
3243 4016 3391 4074 sunt,
3420 4005 3576 4064 dedit

1991 4104 2047 4158 in
2071 4105 2163 4159 illa
2194 4103 2573 4158 liazreditatem
2624 4103 2678 4156 in
2723 4101 3020 4167 sreculum;
3065 4101 3161 4156 sed
3205 4100 3465 4170 inquilini
3513 4099 3574 4156 in

1987 4214 2052 4254 ea
2084 4208 2140 4254 et
2171 4197 2226 4252 in
2254 4195 2516 4251 omnibus
2565 4193 2720 4249 brevi
2758 4204 3007 4264 tempore
3053 4192 3186 4246 hinc
3211 4191 3569 4257 excedimus;

1989 4290 2102 4345 illic
2131 4298 2215 4343 est
2245 4296 2512 4358 perpetua
2542 4285 2783 4355 requies,
2811 4300 2976 4356 quam
3026 4283 3424 4339 haereditantur
3475 4279 3573 4351 qui

1988 4380 2093 4434 ﬁde
2145 4377 2445 4433 audierunt
2497 4375 2682 4440 hodie,
2737 4374 3042 4431 secundum
3097 4373 3345 4428 divinum
3387 4377 3571 4426 vatem

295 4444 817 4518 κληρονομήσαντες
849 4453 898 4506 οἱ
929 4455 1265 4525 ἀκούσαντες
1311 4465 1377 4534 τῇ
1411 4444 1598 4519 πίστει
1623 4471 1882 4541 σήμερον,

1998 4467 2157 4524 David
2177 4468 2243 4533 ⁸⁸,
2294 4481 2473 4536 neque
2518 4464 2774 4520 ohdurati
2815 4474 2946 4520 sunt
2988 4465 3171 4529 corde,
3216 4471 3277 4518 ut
3326 4460 3569 4532 improbi

292 4538 447 4636 κατὰ
463 4539 558 4636 τὸν
583 4540 725 4596 θεῖον
748 4546 930 4613 Δαόὶδ,
955 4549 1049 4601 καὶ⁵
1075 4551 1148 4622 μὴ
1175 4554 1552 4626 σκληρυνθῶσι
1573 4564 1639 4632 τῇ
1665 4538 1884 4636 καρδίᾳ,

1998 4560 2246 4632 patresin
2263 4555 2686 4612 exacerbatione
2708 4555 3012 4610 secundum
3045 4554 3189 4610 diem
3223 4551 3563 4608 tentationis.

294 4628 380 4693 ὡς
429 4630 480 4684 οἱ
518 4636 746 4706 πονηροὶ
775 4639 1009 4710 πατέρες
1058 4644 1116 4696 ἐν
1146 4644 1224 4715 τῷ
1253 4653 1712 4725 παραπικρασμῷ
1748 4628 1888 4712 κατὰ

1998 4628 2056 4711 lit
2085 4653 2232 4718 enim
2264 4650 2342 4706 illi
2377 4649 2432 4705 in
2461 4658 2788 4721 praesentem
2822 4658 2878 4703 et
2905 4647 3128 4702 brevem
3159 4645 3410 4716 requiem
3450 4657 3564 4698 non

292 4721 402 4791 τὴν
430 4724 642 4796 ἡμέραν
671 4726 762 4780 τοῦ
793 4733 1126 4804 πειρασμοῦ·
1157 4735 1347 4809 ὥσπερ
1373 4740 1482 4810 γάρ
1509 4721 1706 4800 ἐκεῖνο-ι
1735 4747 1794 4798 ἐν
1818 4751 1884 4818 τῇ

1998 4745 2318 4799 introierunt
2351 4743 2423 4797 ob
2460 4739 2927 4804 incredulitatem,
2964 4738 3062 4794 sed
3094 4737 3340 4793 membra
3367 4748 3566 4791 eorum

293 4813 554 4888 παρούσῃ
612 4822 934 4894 προσκαίρῳ
985 4829 1331 4883 καταπαύσει
1379 4833 1480 4887 οὐκ
1523 4835 1774 4906 εἰσῆλθον
1807 4838 1886 4892 δι’

1998 4838 2309 4894 :ecideruut
2338 4835 2392 4890 in
2421 4834 2666 4899 deserto,
2694 4849 2794 4904 pro
2825 4833 2961 4903 ipsis
2985 4839 3172 4887 autem
3223 4828 3563 4884 introierunt

294 4908 584 4998 ἀπιστίας,
622 4911 760 4965 άλλά
787 4914 856 4968 τά
882 4915 1032 4970 κῶλα
1059 4919 1239 4975 αὐτῶν
1267 4922 1460 4978 ἔπεσον
1490 4927 1548 4978 ἐν
1574 4930 1637 4999 τῇ
1667 4929 1881 5002 ἐρήμῳ,

1998 4947 2040 4985 κη
2067 4931 2225 4985 istam
2259 4943 2452 4984 eorum
2497 4925 2616 4990 lilii,
2665 4925 2739 4979 ita
2807 4925 2864 4978 in
2937 4933 3199 4978 aeternam
3251 4920 3498 4992 requiem
3530 4934 3564 4976 a

295 4997 420 5052 ἀντ’
449 4999 675 5054 ἐκείνων
704 5001 762 5055 δὲ
791 5005 1042 5076 εἰσῆλθον
1073 5009 1131 5061 ἐν
1158 5011 1292 5084 αὐτῇ
1329 5014 1377 5066 οἱ
1407 4997 1640 5071 ἐκείνων
1669 4997 1880 5087 παῖδες,

1998 5024 2100 5078 Deo
2127 5038 2226 5094 per
2255 5038 2317 5076 os
2346 5018 2518 5077 David
2555 5017 2906 5090 promissam,
2940 5015 3017 5070 illi
3059 5014 3114 5069 in
3150 5013 3562 5069 resurrectione

293 5087 477 5184 οὕτως
510 5093 567 5145 ἐν
593 5095 659 5166 τῇ
687 5097 882 5171 αίωνίᾳ
910 5101 1255 5157 καταπαύσει
1283 5108 1350 5178 τῇ
1374 5107 1772 5184 ὲπαγγελθείσῃ
1801 5112 1887 5168 διὰ

1998 5087 2245 5171 intra-turi
2273 5121 2422 5177 sunt,
2475 5087 2572 5182 qui
2602 5109 2899 5164 audierunt
2943 5121 3089 5161 nunc
3131 5105 3362 5160 verbum
3413 5102 3559 5172 lidei,

300 5182 576 5279 στόματος
614 5187 780 5242 Δαόὶδ
814 5192 969 5263 παρά
999 5193 1094 5247 τοῦ
1131 5195 1301 5264 Θεοῦ,
1357 5201 1555 5255 ἐκεῖνοι
1577 5182 1886 5272 ὀφείλουσιν

1998 5224 2095 5279 ῃιο
2126 5215 2348 5277 recepto
2383 5204 2680 5259 illuminati
2725 5211 2889 5269 sunt;
2932 5199 3026 5273 qui
3070 5205 3251 5254 autem
3287 5212 3398 5252 non
3441 5211 3563 5252 cre-

299 5275 364 5327 ἐν
403 5277 472 5347 τῇ
517 5278 814 5334 ἀναστάσει
864 5283 1127 5339 εἰσελθεῖν
1174 5291 1232 5342 ἐν
1271 5290 1439 5363 αὐτῇ,
1474 5296 1521 5346 οἱ
1552 5295 1886 5364 ἀκούσαντες

1998 5275 2340 5353 ἱίᾱονυηινει
2367 5297 2540 5352 Deum
2571 5301 2946 5359 tentaverunt,
2980 5294 3035 5348 in
3071 5293 3254 5366 ignem
3287 5298 3556 5346 aeternum

295 5363 400 5418 νῦν
428 5365 521 5422 τόν
547 5368 704 5439 λόγον
730 5373 831 5445 τῆς
857 5375 1094 5443 πίστεως
1113 5417 1128 5442 ,
1180 5380 1238 5435 ὂν
1283 5383 1562 5454 δεξάμενοι
1601 5389 1881 5457 φωτισθῶ-

1989 5392 2277 5446 mittentur
2303 5401 2570 5447 aeternum
2603 5387 2887 5460 puniendi.

297 5471 429 5567 σινῃο
449 5461 525 5563 ~ol
644 5465 1046 5567 ἀπιστήσαντες
1083 5471 1284 5527 καὶτὸν
1310 5476 1442 5531 Θεὸν
1469 5479 1840 5550 πειράζοντες,
1879 5499 1960 5567 εἰς
1991 5482 2104 5553 πῦρ
2133 5483 2348 5535 αἰώνιον
2374 5481 2895 5551 ἀποπεμφθήσονται
2926 5479 3158 5542 αἰωνῐωςο
3184 5475 3555 5548 κολαζόμὲνοιο

371 5550 543 5642 Τοῦτο
566 5553 622 5608 δέ
655 5557 729 5631 μὴ
772 5561 1018 5629 ἀγνοεῖτε
1051 5565 1132 5619 ὅτι
1161 5567 1210 5620 οἱ
1238 5569 1473 5640 πατέρες
1497 5571 1652 5642 ὑμῶν
1680 5575 1879 5640 πάντες

296 5638 407 5693 ὑπὸ
432 5642 533 5708 τὴν
559 5648 788 5721 νεφέλην
816 5649 979 5724 ἦσαν,
1008 5657 1102 5712 καὶ
1132 5659 1330 5723 πάντες
1360 5638 1447 5714 διὰ
1475 5638 1574 5732 τῆς
1602 5638 1876 5737 θαλάσσης

2049 5575 2166 5630 lloc
2192 5582 2376 5629 autem
2408 5591 2518 5629 non
2555 5571 2822 5645 ignoratis
2867 5579 3050 5643 patres
3095 5579 3310 5625 vestros
3362 5580 3558 5624 omnes

1988 5668 2090 5723 sub
2129 5669 2271 5722 nube
2299 5667 2466 5725 fuisse
2494 5673 2550 5724 et
2576 5681 2767 5725 omnes
2814 5680 2911 5739 per
2958 5672 3107 5721 mare
3148 5660 3456 5727 transiisse,
3497 5666 3556 5716 et

370 5829 416 5864 ⁸³
447 5831 612 5896 Hebr.
648 5853 705 5900 ll,
740 5840 790 5894 9.
867 5842 908 5874 "'
949 5843 1151 5914 Ephcs.
1188 5862 1224 5912 ι,
1257 5847 1348 5902 ill.
1425 5849 1468 5880 ⁸⁵
1502 5849 1636 5906 ibid.
1669 5850 1756 5904 “2‘2.
1836 5851 1879 5882 ⁸⁵

1998 5869 2034 5908 ιι
2093 5869 2231 5922 xetv,
2265 5855 2315 5907 8.
