  <div class='ocr_page' id='page_1' title='image "/cluster/home/n/w/nwhite01/storage/ocr_20150623/89/hvd.32044010610574/641.png"; bbox 0 0 4072 6520; ppageno 0'>
   <div class='ocr_carea' id='block_1_1' title="bbox 500 402 638 472">
    <p class='ocr_par' dir='ltr' id='par_1_1' title="bbox 500 402 638 472">
     <span class='ocr_line' id='line_1_1' title="bbox 500 402 638 472; baseline 0.007 -3"><span class='ocrx_word' id='word_1_1' title='bbox 500 402 638 472; x_wconf 72' lang='lat'><strong>1267</strong></span> 
     </span>
    </p>
   </div>
   <div class='ocr_carea' id='block_1_2' title="bbox 1698 409 2569 472">
    <p class='ocr_par' dir='ltr' id='par_1_2' title="bbox 1698 409 2569 472">
     <span class='ocr_line' id='line_1_2' title="bbox 1698 409 2569 472; baseline -0.006 -1"><span class='ocrx_word' id='word_1_2' title='bbox 1698 410 1760 471; x_wconf 89' lang='lat' dir='ltr'><strong>S.</strong></span> <span class='ocrx_word' id='word_1_3' title='bbox 1799 409 2199 472; x_wconf 84' lang='lat' dir='ltr'><strong>ANASTASII</strong></span> <span class='ocrx_word' id='word_1_4' title='bbox 2241 409 2569 470; x_wconf 55' lang='lat' dir='ltr'><strong>SINAI&#39;IZE</strong></span> 
     </span>
    </p>
   </div>
   <div class='ocr_carea' id='block_1_3' title="bbox 3628 414 3754 480">
    <p class='ocr_par' dir='ltr' id='par_1_3' title="bbox 3628 414 3754 480">
     <span class='ocr_line' id='line_1_3' title="bbox 3628 414 3754 480; baseline 0.016 -2"><span class='ocrx_word' id='word_1_5' title='bbox 3628 414 3754 480; x_wconf 77' lang='lat'><strong>1268</strong></span> 
     </span>
    </p>
   </div>
   <div class='ocr_carea' id='block_1_4' title="bbox 497 518 2104 607">
    <p class='ocr_par' dir='ltr' id='par_1_4' title="bbox 497 518 2080 594">
     <span class='ocr_line' id='line_1_4' title="bbox 497 518 2080 594; baseline 0.001 -17"><span class='ocrx_word' id='word_1_6' title='bbox 497 534 692 577; x_wconf 90' lang='lat' dir='ltr'><strong>omnes</strong></span> <span class='ocrx_word' id='word_1_7' title='bbox 718 519 775 576; x_wconf 92' lang='lat' dir='ltr'><strong>in</strong></span> <span class='ocrx_word' id='word_1_8' title='bbox 799 518 983 594; x_wconf 87' lang='lat' dir='ltr'><strong>Moyse</strong></span> <span class='ocrx_word' id='word_1_9' title='bbox 1005 519 1316 592; x_wconf 75' lang='lat' dir='ltr'><strong>baptizatos</strong></span> <span class='ocrx_word' id='word_1_10' title='bbox 1339 535 1460 578; x_wconf 87' lang='lat' dir='ltr'><strong>esse</strong></span> <span class='ocrx_word' id='word_1_11' title='bbox 1491 521 1549 577; x_wconf 89' lang='lat' dir='ltr'><strong>in</strong></span> <span class='ocrx_word' id='word_1_12' title='bbox 1572 522 1720 578; x_wconf 89' lang='lat' dir='ltr'><strong>nube</strong></span> <span class='ocrx_word' id='word_1_13' title='bbox 1753 533 1810 580; x_wconf 89' lang='lat' dir='ltr'><strong>et</strong></span> <span class='ocrx_word' id='word_1_14' title='bbox 1838 524 1894 578; x_wconf 93' lang='lat' dir='ltr'><strong>in</strong></span> <span class='ocrx_word' id='word_1_15' title='bbox 1918 524 2080 592; x_wconf 90' lang='lat' dir='ltr'><strong>mari,</strong></span> 
     </span>
    </p>
   </div>
   <div class='ocr_carea' id='block_1_5' title="bbox 2208 518 3757 607">
    <p class='ocr_par' dir='ltr' id='par_1_5' title="bbox 2208 521 3757 607">
     <span class='ocr_line' id='line_1_5' title="bbox 2208 521 3757 607; baseline 0.008 -33"><span class='ocrx_word' id='word_1_16' title='bbox 2208 522 2421 595; x_wconf 78' lang='grc' dir='ltr'>ἱιῆλθον,</span> <span class='ocrx_word' id='word_1_17' title='bbox 2437 524 2533 578; x_wconf 74' lang='grc' dir='ltr'><strong>καὶ</strong></span> <span class='ocrx_word' id='word_1_18' title='bbox 2554 522 2754 586; x_wconf 87' lang='grc' dir='ltr'>πάντες</span> <span class='ocrx_word' id='word_1_19' title='bbox 2775 523 2854 586; x_wconf 88' lang='grc' dir='ltr'><strong>είς</strong></span> <span class='ocrx_word' id='word_1_20' title='bbox 2874 521 2962 576; x_wconf 89' lang='grc' dir='ltr'><strong>τὸν</strong></span> <span class='ocrx_word' id='word_1_21' title='bbox 2981 523 3226 596; x_wconf 81' lang='grc' dir='ltr'>Μωῦσῆν</span> <span class='ocrx_word' id='word_1_22' title='bbox 3247 525 3608 582; x_wconf 86' lang='grc' dir='ltr'>ἐϐαπτίσαντο</span> <span class='ocrx_word' id='word_1_23' title='bbox 3628 531 3679 584; x_wconf 75' lang='grc' dir='ltr'><strong>ἐν</strong></span> <span class='ocrx_word' id='word_1_24' title='bbox 3695 537 3757 607; x_wconf 78' lang='grc' dir='ltr'>τῇ</span> 
     </span>
    </p>
   </div>
   <div class='ocr_carea' id='block_1_6' title="bbox 496 615 2082 687">
    <p class='ocr_par' dir='ltr' id='par_1_6' title="bbox 496 615 2082 687">
     <span class='ocr_line' id='line_1_6' title="bbox 496 615 2082 687; baseline 0.001 -17"><span class='ocrx_word' id='word_1_25' title='bbox 496 623 556 670; x_wconf 87' lang='lat' dir='ltr'><strong>et</strong></span> <span class='ocrx_word' id='word_1_26' title='bbox 576 628 770 671; x_wconf 86' lang='lat' dir='ltr'><strong>omnes</strong></span> <span class='ocrx_word' id='word_1_27' title='bbox 793 615 1043 671; x_wconf 85' lang='lat' dir='ltr'><strong>eamdem</strong></span> <span class='ocrx_word' id='word_1_28' title='bbox 1073 629 1254 672; x_wconf 88' lang='lat' dir='ltr'><strong>escam</strong></span> <span class='ocrx_word' id='word_1_29' title='bbox 1282 615 1625 687; x_wconf 91' lang='lat' dir='ltr'><strong>spiritualem</strong></span> <span class='ocrx_word' id='word_1_30' title='bbox 1643 617 2082 680; x_wconf 82' lang='lat' dir='ltr'><strong>manducavisse,</strong></span> 
     </span>
    </p>
   </div>
   <div class='ocr_carea' id='block_1_7' title="bbox 497 707 2086 780">
    <p class='ocr_par' dir='ltr' id='par_1_7' title="bbox 497 707 2086 780">
     <span class='ocr_line' id='line_1_7' title="bbox 497 707 2086 780; baseline 0.002 -20"><span class='ocrx_word' id='word_1_31' title='bbox 497 714 551 760; x_wconf 86' lang='lat' dir='ltr'><strong>et</strong></span> <span class='ocrx_word' id='word_1_32' title='bbox 570 721 768 763; x_wconf 89' lang='lat' dir='ltr'><strong>omnes</strong></span> <span class='ocrx_word' id='word_1_33' title='bbox 797 707 1056 762; x_wconf 88' lang='lat' dir='ltr'><strong>eumdem</strong></span> <span class='ocrx_word' id='word_1_34' title='bbox 1084 718 1278 779; x_wconf 88' lang='lat' dir='ltr'><strong>potum</strong></span> <span class='ocrx_word' id='word_1_35' title='bbox 1309 709 1655 780; x_wconf 88' lang='lat' dir='ltr'><strong>spiritualem</strong></span> <span class='ocrx_word' id='word_1_36' title='bbox 1686 709 1920 775; x_wconf 86' lang='lat' dir='ltr'><strong>bibisse;</strong></span> <span class='ocrx_word' id='word_1_37' title='bbox 1949 727 1967 761; x_wconf 80' lang='grc' dir='ltr'><strong>ι</strong></span> <span class='ocrx_word' id='word_1_38' title='bbox 1995 709 2086 763; x_wconf 86' lang='lat' dir='ltr'><strong>Bi-</strong></span> 
     </span>
    </p>
   </div>
   <div class='ocr_carea' id='block_1_8' title="bbox 501 797 2086 872">
    <p class='ocr_par' dir='ltr' id='par_1_8' title="bbox 501 797 2086 872">
     <span class='ocr_line' id='line_1_8' title="bbox 501 797 2086 872; baseline 0.003 -22"><span class='ocrx_word' id='word_1_39' title='bbox 501 797 707 853; x_wconf 90' lang='lat' dir='ltr'><strong>bebant</strong></span> <span class='ocrx_word' id='word_1_40' title='bbox 751 807 936 854; x_wconf 91' lang='lat' dir='ltr'><strong>autem</strong></span> <span class='ocrx_word' id='word_1_41' title='bbox 969 799 1037 854; x_wconf 87' lang='lat' dir='ltr'><strong>de</strong></span> <span class='ocrx_word' id='word_1_42' title='bbox 1061 799 1337 870; x_wconf 88' lang='lat' dir='ltr'><strong>spirituali</strong></span> <span class='ocrx_word' id='word_1_43' title='bbox 1363 809 1630 872; x_wconf 89' lang='lat' dir='ltr'><strong>sequente</strong></span> <span class='ocrx_word' id='word_1_44' title='bbox 1654 814 1752 856; x_wconf 90' lang='lat' dir='ltr'><strong>eos</strong></span> <span class='ocrx_word' id='word_1_45' title='bbox 1772 808 1952 871; x_wconf 80' lang='lat' dir='ltr'><strong>petra,</strong></span> <span class='ocrx_word' id='word_1_46' title='bbox 1989 815 2086 871; x_wconf 86' lang='lat' dir='ltr'><strong>pe-</strong></span> 
     </span>
    </p>
   </div>
   <div class='ocr_carea' id='block_1_9' title="bbox 501 892 2086 964">
    <p class='ocr_par' dir='ltr' id='par_1_9' title="bbox 501 892 2086 964">
     <span class='ocr_line' id='line_1_9' title="bbox 501 892 2086 964; baseline 0.003 -19"><span class='ocrx_word' id='word_1_47' title='bbox 501 903 585 945; x_wconf 87' lang='lat' dir='ltr'><strong>tra</strong></span> <span class='ocrx_word' id='word_1_48' title='bbox 636 900 822 948; x_wconf 88' lang='lat' dir='ltr'><strong>autem</strong></span> <span class='ocrx_word' id='word_1_49' title='bbox 873 900 995 947; x_wconf 90' lang='lat' dir='ltr'><strong>erat</strong></span> <span class='ocrx_word' id='word_1_50' title='bbox 1045 892 1428 950; x_wconf 35' lang='lat' dir='ltr'><strong>Christus“:</strong></span> <span class='ocrx_word' id='word_1_51' title='bbox 1491 894 1619 950; x_wconf 61' lang='lat' dir='ltr'><strong>Haec</strong></span> <span class='ocrx_word' id='word_1_52' title='bbox 1671 902 1858 949; x_wconf 88' lang='lat' dir='ltr'><strong>autem</strong></span> <span class='ocrx_word' id='word_1_53' title='bbox 1913 893 2086 964; x_wconf 87' lang='lat' dir='ltr'><strong>ﬁgura</strong></span> 
     </span>
    </p>
   </div>
   <div class='ocr_carea' id='block_1_10' title="bbox 499 984 2085 1056">
    <p class='ocr_par' dir='ltr' id='par_1_10' title="bbox 499 984 2085 1056">
     <span class='ocr_line' id='line_1_10' title="bbox 499 984 2085 1056; baseline 0.001 -20"><span class='ocrx_word' id='word_1_54' title='bbox 499 991 820 1037; x_wconf 88' lang='lat' dir='ltr'><strong>nostrarum</strong></span> <span class='ocrx_word' id='word_1_55' title='bbox 874 997 1062 1038; x_wconf 91' lang='lat' dir='ltr'><strong>rerum</strong></span> <span class='ocrx_word' id='word_1_56' title='bbox 1108 993 1256 1039; x_wconf 90' lang='lat' dir='ltr'><strong>sunt.</strong></span> <span class='ocrx_word' id='word_1_57' title='bbox 1313 985 1459 1040; x_wconf 83' lang='lat' dir='ltr'><strong>Mare</strong></span> <span class='ocrx_word' id='word_1_58' title='bbox 1497 985 1645 1040; x_wconf 91' lang='lat' dir='ltr'><strong>enim</strong></span> <span class='ocrx_word' id='word_1_59' title='bbox 1679 984 1950 1056; x_wconf 89' lang='lat' dir='ltr'><strong>ﬁgurabat</strong></span> <span class='ocrx_word' id='word_1_60' title='bbox 1984 985 2085 1039; x_wconf 84' lang='lat' dir='ltr'><strong>ba-</strong></span> 
     </span>
    </p>
   </div>
   <div class='ocr_carea' id='block_1_11' title="bbox 499 1072 2091 1148">
    <p class='ocr_par' dir='ltr' id='par_1_11' title="bbox 499 1072 2091 1148">
     <span class='ocr_line' id='line_1_11' title="bbox 499 1072 2091 1148; baseline 0.002 -22"><span class='ocrx_word' id='word_1_61' title='bbox 499 1072 836 1144; x_wconf 90' lang='lat' dir='ltr'><strong>ptisterium,</strong></span> <span class='ocrx_word' id='word_1_62' title='bbox 891 1074 1070 1130; x_wconf 88' lang='lat' dir='ltr'><strong>nubes</strong></span> <span class='ocrx_word' id='word_1_63' title='bbox 1112 1076 1341 1148; x_wconf 75' lang='lat' dir='ltr'><strong>gratiam</strong></span> <span class='ocrx_word' id='word_1_64' title='bbox 1371 1075 1632 1146; x_wconf 86' lang='lat' dir='ltr'><strong>Spiritus,</strong></span> <span class='ocrx_word' id='word_1_65' title='bbox 1666 1076 1880 1147; x_wconf 81' lang='lat' dir='ltr'><strong>Moyses</strong></span> <span class='ocrx_word' id='word_1_66' title='bbox 1905 1090 2091 1131; x_wconf 78' lang='lat' dir='ltr'><strong>sacer-</strong></span> 
     </span>
    </p>
   </div>
   <div class='ocr_carea' id='block_1_12' title="bbox 501 1165 2091 1240">
    <p class='ocr_par' dir='ltr' id='par_1_12' title="bbox 501 1165 2091 1240">
     <span class='ocr_line' id='line_1_12' title="bbox 501 1165 2091 1240; baseline 0.001 -20"><span class='ocrx_word' id='word_1_67' title='bbox 501 1165 712 1234; x_wconf 85' lang='lat' dir='ltr'><strong>dotem,</strong></span> <span class='ocrx_word' id='word_1_68' title='bbox 744 1167 898 1239; x_wconf 83' lang='lat' dir='ltr'><strong>virga</strong></span> <span class='ocrx_word' id='word_1_69' title='bbox 921 1182 1177 1235; x_wconf 89' lang='lat' dir='ltr'><strong>crucem;</strong></span> <span class='ocrx_word' id='word_1_70' title='bbox 1211 1168 1531 1240; x_wconf 79' lang='lat' dir='ltr'><strong>ingrediens</strong></span> <span class='ocrx_word' id='word_1_71' title='bbox 1551 1176 1735 1224; x_wconf 90' lang='lat' dir='ltr'><strong>autem</strong></span> <span class='ocrx_word' id='word_1_72' title='bbox 1747 1168 2091 1224; x_wconf 87' lang='lat' dir='ltr'><strong>ettransiens</strong></span> 
     </span>
    </p>
   </div>
   <div class='ocr_carea' id='block_1_13' title="bbox 393 1258 2088 1348">
    <p class='ocr_par' dir='ltr' id='par_1_13' title="bbox 393 1258 2088 1348">
     <span class='ocr_line' id='line_1_13' title="bbox 393 1258 2088 1348; baseline 0.001 -35"><span class='ocrx_word' id='word_1_73' title='bbox 393 1340 410 1348; x_wconf 31' lang='grc' dir='ltr'><strong><em>θ</em></strong></span> <span class='ocrx_word' id='word_1_74' title='bbox 500 1259 670 1314; x_wconf 86' lang='lat' dir='ltr'><strong>lsrael</strong></span> <span class='ocrx_word' id='word_1_75' title='bbox 702 1259 1010 1330; x_wconf 85' lang='lat' dir='ltr'><strong>baptizatos</strong></span> <span class='ocrx_word' id='word_1_76' title='bbox 1044 1260 1389 1332; x_wconf 83' lang='lat' dir='ltr'><strong>designabat,</strong></span> <span class='ocrx_word' id='word_1_77' title='bbox 1427 1269 1823 1331; x_wconf 88' lang='lat' dir='ltr'><strong>persequentes</strong></span> <span class='ocrx_word' id='word_1_78' title='bbox 1846 1258 2088 1331; x_wconf 65' lang='lat' dir='ltr'><strong>[Egyptii</strong></span> 
     </span>
    </p>
   </div>
   <div class='ocr_carea' id='block_1_14' title="bbox 500 1353 2086 1425">
    <p class='ocr_par' dir='ltr' id='par_1_14' title="bbox 500 1353 2086 1425">
     <span class='ocr_line' id='line_1_14' title="bbox 500 1353 2086 1425; baseline 0.001 -18"><span class='ocrx_word' id='word_1_79' title='bbox 500 1353 800 1416; x_wconf 60' lang='lat' dir='ltr'><strong>daemones,</strong></span> <span class='ocrx_word' id='word_1_80' title='bbox 851 1353 967 1423; x_wconf 85' lang='lat' dir='ltr'><strong>ipse</strong></span> <span class='ocrx_word' id='word_1_81' title='bbox 1015 1369 1150 1410; x_wconf 82' lang='lat' dir='ltr'><strong>vero</strong></span> <span class='ocrx_word' id='word_1_82' title='bbox 1199 1355 1414 1410; x_wconf 90' lang='lat' dir='ltr'><strong>Pharao</strong></span> <span class='ocrx_word' id='word_1_83' title='bbox 1461 1354 1637 1425; x_wconf 88' lang='lat' dir='ltr'><strong>ﬁgura</strong></span> <span class='ocrx_word' id='word_1_84' title='bbox 1689 1361 1808 1410; x_wconf 90' lang='lat' dir='ltr'><strong>erat</strong></span> <span class='ocrx_word' id='word_1_85' title='bbox 1855 1353 2086 1409; x_wconf 91' lang='lat' dir='ltr'><strong>diaboli.</strong></span> 
     </span>
    </p>
   </div>
   <div class='ocr_carea' id='block_1_15' title="bbox 500 1444 2088 1517">
    <p class='ocr_par' dir='ltr' id='par_1_15' title="bbox 500 1444 2088 1517">
     <span class='ocr_line' id='line_1_15' title="bbox 500 1444 2088 1517; baseline 0.001 -17"><span class='ocrx_word' id='word_1_86' title='bbox 500 1445 631 1500; x_wconf 90' lang='lat' dir='ltr'><strong>Post</strong></span> <span class='ocrx_word' id='word_1_87' title='bbox 662 1444 960 1500; x_wconf 86' lang='lat' dir='ltr'><strong>transitum</strong></span> <span class='ocrx_word' id='word_1_88' title='bbox 989 1447 1135 1501; x_wconf 87' lang='lat' dir='ltr'><strong>enim</strong></span> <span class='ocrx_word' id='word_1_89' title='bbox 1192 1447 1456 1502; x_wconf 84' lang='lat' dir='ltr'><strong>lsraelitae</strong></span> <span class='ocrx_word' id='word_1_90' title='bbox 1501 1445 1883 1517; x_wconf 57' lang='lat' dir='ltr'><strong>[Egyptiorum</strong></span> <span class='ocrx_word' id='word_1_91' title='bbox 1927 1455 2088 1516; x_wconf 89' lang='lat' dir='ltr'><strong>pote-</strong></span> 
     </span>
    </p>
   </div>
   <div class='ocr_carea' id='block_1_16' title="bbox 501 1537 2091 1608">
    <p class='ocr_par' dir='ltr' id='par_1_16' title="bbox 501 1537 2091 1608">
     <span class='ocr_line' id='line_1_16' title="bbox 501 1537 2091 1608; baseline 0.001 -14"><span class='ocrx_word' id='word_1_92' title='bbox 501 1546 644 1594; x_wconf 83' lang='lat' dir='ltr'><strong>state</strong></span> <span class='ocrx_word' id='word_1_93' title='bbox 677 1537 894 1593; x_wconf 83' lang='lat' dir='ltr'><strong>liberati</strong></span> <span class='ocrx_word' id='word_1_94' title='bbox 943 1548 1094 1604; x_wconf 87' lang='lat' dir='ltr'><strong>sunt,</strong></span> <span class='ocrx_word' id='word_1_95' title='bbox 1153 1549 1211 1594; x_wconf 91' lang='lat' dir='ltr'><strong>et</strong></span> <span class='ocrx_word' id='word_1_96' title='bbox 1246 1554 1444 1594; x_wconf 87' lang='lat' dir='ltr'><strong>manna</strong></span> <span class='ocrx_word' id='word_1_97' title='bbox 1486 1538 1555 1593; x_wconf 89' lang='lat' dir='ltr'><strong>de</strong></span> <span class='ocrx_word' id='word_1_98' title='bbox 1585 1538 1726 1594; x_wconf 85' lang='lat' dir='ltr'><strong>coelo</strong></span> <span class='ocrx_word' id='word_1_99' title='bbox 1755 1549 2091 1608; x_wconf 91' lang='lat' dir='ltr'><strong>acceperunt</strong></span> 
     </span>
    </p>
   </div>
   <div class='ocr_carea' id='block_1_17' title="bbox 507 1631 2092 1703">
    <p class='ocr_par' dir='ltr' id='par_1_17' title="bbox 507 1631 2092 1703">
     <span class='ocr_line' id='line_1_17' title="bbox 507 1631 2092 1703; baseline 0.001 -17"><span class='ocrx_word' id='word_1_100' title='bbox 507 1642 766 1702; x_wconf 86' lang='lat' dir='ltr'><strong>tanquam</strong></span> <span class='ocrx_word' id='word_1_101' title='bbox 808 1641 996 1702; x_wconf 81' lang='lat' dir='ltr'><strong>typum</strong></span> <span class='ocrx_word' id='word_1_102' title='bbox 1031 1632 1326 1702; x_wconf 87' lang='lat' dir='ltr'><strong>quemdam</strong></span> <span class='ocrx_word' id='word_1_103' title='bbox 1361 1633 1603 1688; x_wconf 72' lang='lat' dir='ltr'><strong>cmlestis</strong></span> <span class='ocrx_word' id='word_1_104' title='bbox 1637 1632 1798 1702; x_wconf 90' lang='lat' dir='ltr'><strong>panis</strong></span> <span class='ocrx_word' id='word_1_105' title='bbox 1841 1631 2092 1703; x_wconf 86' lang='lat' dir='ltr'><strong>corporis</strong></span> 
     </span>
    </p>
   </div>
   <div class='ocr_carea' id='block_1_18' title="bbox 2186 615 3758 694">
    <p class='ocr_par' dir='ltr' id='par_1_18' title="bbox 2186 615 3758 694">
     <span class='ocr_line' id='line_1_18' title="bbox 2186 615 3758 694; baseline 0.003 -24"><span class='ocrx_word' id='word_1_106' title='bbox 2186 616 2384 688; x_wconf 80' lang='grc' dir='ltr'><strong>νεφέλῃ</strong></span> <span class='ocrx_word' id='word_1_107' title='bbox 2432 617 2528 671; x_wconf 74' lang='grc' dir='ltr'>καὶ</span> <span class='ocrx_word' id='word_1_108' title='bbox 2560 617 2619 670; x_wconf 86' lang='grc' dir='ltr'><strong>ἐν</strong></span> <span class='ocrx_word' id='word_1_109' title='bbox 2647 617 2718 687; x_wconf 79' lang='grc' dir='ltr'>τῇ</span> <span class='ocrx_word' id='word_1_110' title='bbox 2745 615 3016 688; x_wconf 79' lang='grc' dir='ltr'>θαλάσσῃ,</span> <span class='ocrx_word' id='word_1_111' title='bbox 3043 619 3135 671; x_wconf 76' lang='grc' dir='ltr'>καὶ</span> <span class='ocrx_word' id='word_1_112' title='bbox 3161 618 3366 682; x_wconf 82' lang='grc' dir='ltr'>πάντες</span> <span class='ocrx_word' id='word_1_113' title='bbox 3390 618 3450 672; x_wconf 89' lang='grc' dir='ltr'><strong>τὸ</strong></span> <span class='ocrx_word' id='word_1_114' title='bbox 3472 621 3603 674; x_wconf 86' lang='grc' dir='ltr'>αὑτὸ</span> <span class='ocrx_word' id='word_1_115' title='bbox 3627 623 3758 694; x_wconf 83' lang='grc' dir='ltr'>βρῶ-</span> 
     </span>
    </p>
   </div>
   <div class='ocr_carea' id='block_1_19' title="bbox 2190 708 3761 788">
    <p class='ocr_par' dir='ltr' id='par_1_19' title="bbox 2190 708 3761 788">
     <span class='ocr_line' id='line_1_19' title="bbox 2190 708 3761 788; baseline 0.006 -27"><span class='ocrx_word' id='word_1_116' title='bbox 2190 726 2266 779; x_wconf 87' lang='grc' dir='ltr'><strong>μα</strong></span> <span class='ocrx_word' id='word_1_117' title='bbox 2303 708 2674 778; x_wconf 85' lang='grc' dir='ltr'>πνευματικὸν</span> <span class='ocrx_word' id='word_1_118' title='bbox 2721 708 2952 777; x_wconf 69' lang='grc' dir='ltr'>ἔφαγον,</span> <span class='ocrx_word' id='word_1_119' title='bbox 3002 711 3098 765; x_wconf 78' lang='grc' dir='ltr'><strong>καὶ</strong></span> <span class='ocrx_word' id='word_1_120' title='bbox 3145 712 3345 776; x_wconf 83' lang='grc' dir='ltr'>πάντες</span> <span class='ocrx_word' id='word_1_121' title='bbox 3376 712 3437 766; x_wconf 90' lang='grc' dir='ltr'><strong>τὸ</strong></span> <span class='ocrx_word' id='word_1_122' title='bbox 3466 714 3596 768; x_wconf 81' lang='grc' dir='ltr'>αὐτὸ</span> <span class='ocrx_word' id='word_1_123' title='bbox 3623 717 3761 788; x_wconf 86' lang='grc' dir='ltr'>πόμα</span> 
     </span>
    </p>
   </div>
   <div class='ocr_carea' id='block_1_20' title="bbox 2187 800 3764 878">
    <p class='ocr_par' dir='ltr' id='par_1_20' title="bbox 2187 800 3764 878">
     <span class='ocr_line' id='line_1_20' title="bbox 2187 800 3764 878; baseline 0.003 -25"><span class='ocrx_word' id='word_1_124' title='bbox 2187 800 2561 870; x_wconf 88' lang='grc' dir='ltr'>πνευματικὸν</span> <span class='ocrx_word' id='word_1_125' title='bbox 2578 800 2750 854; x_wconf 69' lang='grc' dir='ltr'>ἔπιον*</span> <span class='ocrx_word' id='word_1_126' title='bbox 2773 820 2792 853; x_wconf 80' lang='grc' dir='ltr'><strong>ι</strong></span> <span class='ocrx_word' id='word_1_127' title='bbox 2807 802 3031 854; x_wconf 83' lang='grc' dir='ltr'>Ἔπινον</span> <span class='ocrx_word' id='word_1_128' title='bbox 3049 803 3156 875; x_wconf 85' lang='grc' dir='ltr'>γὰρ</span> <span class='ocrx_word' id='word_1_129' title='bbox 3176 805 3238 857; x_wconf 82' lang='grc' dir='ltr'><strong>ἐκ</strong></span> <span class='ocrx_word' id='word_1_130' title='bbox 3261 807 3634 878; x_wconf 71' lang='grc' dir='ltr'><strong>πνευματικῆς</strong></span> <span class='ocrx_word' id='word_1_131' title='bbox 3650 809 3764 863; x_wconf 82' lang='grc' dir='ltr'>ἀκο.</span> 
     </span>
    </p>
   </div>
   <div class='ocr_carea' id='block_1_21' title="bbox 2186 889 3763 968">
    <p class='ocr_par' dir='ltr' id='par_1_21' title="bbox 2186 889 3763 968">
     <span class='ocr_line' id='line_1_21' title="bbox 2186 889 3763 968; baseline 0.005 -24"><span class='ocrx_word' id='word_1_132' title='bbox 2186 889 2488 961; x_wconf 85' lang='grc' dir='ltr'>λουθούσης</span> <span class='ocrx_word' id='word_1_133' title='bbox 2517 891 2747 961; x_wconf 82' lang='grc' dir='ltr'><strong>πέτρας,</strong></span> <span class='ocrx_word' id='word_1_134' title='bbox 2781 893 2814 964; x_wconf 78' lang='grc' dir='ltr'><strong>ἡ</strong></span> <span class='ocrx_word' id='word_1_135' title='bbox 2846 892 2905 946; x_wconf 81' lang='grc' dir='ltr'>δὲ</span> <span class='ocrx_word' id='word_1_136' title='bbox 2935 893 3111 965; x_wconf 90' lang='grc' dir='ltr'>πέτρα</span> <span class='ocrx_word' id='word_1_137' title='bbox 3138 890 3207 966; x_wconf 78' lang='grc' dir='ltr'>ἦν</span> <span class='ocrx_word' id='word_1_138' title='bbox 3238 895 3265 946; x_wconf 91' lang='lat'><strong>6</strong></span> <span class='ocrx_word' id='word_1_139' title='bbox 3294 897 3585 968; x_wconf 75' lang='grc' dir='ltr'>Χριστός.»</span> <span class='ocrx_word' id='word_1_140' title='bbox 3624 899 3763 954; x_wconf 79' lang='grc' dir='ltr'>Ταῦ-</span> 
     </span>
    </p>
   </div>
   <div class='ocr_carea' id='block_1_22' title="bbox 2187 983 3765 1062">
    <p class='ocr_par' dir='ltr' id='par_1_22' title="bbox 2187 983 3765 1062">
     <span class='ocr_line' id='line_1_22' title="bbox 2187 983 3765 1062; baseline 0.006 -26"><span class='ocrx_word' id='word_1_141' title='bbox 2187 1001 2256 1036; x_wconf 87' lang='grc' dir='ltr'><strong>τα</strong></span> <span class='ocrx_word' id='word_1_142' title='bbox 2279 983 2335 1037; x_wconf 83' lang='grc' dir='ltr'>δὲ</span> <span class='ocrx_word' id='word_1_143' title='bbox 2366 983 2556 1049; x_wconf 86' lang='grc' dir='ltr'>τύπος,</span> <span class='ocrx_word' id='word_1_144' title='bbox 2585 986 2742 1055; x_wconf 69' lang='grc' dir='ltr'>φησὶ,</span> <span class='ocrx_word' id='word_1_145' title='bbox 2771 985 2884 1038; x_wconf 86' lang='grc' dir='ltr'><strong>τῶν</strong></span> <span class='ocrx_word' id='word_1_146' title='bbox 2914 985 3195 1059; x_wconf 87' lang='grc' dir='ltr'>ὑμετέρων</span> <span class='ocrx_word' id='word_1_147' title='bbox 3223 989 3438 1042; x_wconf 75' lang='grc' dir='ltr'>ἐκεῖναο</span> <span class='ocrx_word' id='word_1_148' title='bbox 3469 991 3506 1062; x_wconf 77' lang='grc' dir='ltr'><strong>ἡ</strong></span> <span class='ocrx_word' id='word_1_149' title='bbox 3534 989 3765 1046; x_wconf 84' lang='grc' dir='ltr'>θάλασσα</span> 
     </span>
    </p>
   </div>
   <div class='ocr_carea' id='block_1_23' title="bbox 2189 1076 3767 1155">
    <p class='ocr_par' dir='ltr' id='par_1_23' title="bbox 2189 1076 3767 1155">
     <span class='ocr_line' id='line_1_23' title="bbox 2189 1076 3767 1155; baseline 0.003 -25"><span class='ocrx_word' id='word_1_150' title='bbox 2189 1076 2297 1148; x_wconf 81' lang='grc' dir='ltr'><strong>γὰρ</strong></span> <span class='ocrx_word' id='word_1_151' title='bbox 2327 1077 2581 1147; x_wconf 77' lang='grc' dir='ltr'>ἐμιμεῖτο</span> <span class='ocrx_word' id='word_1_152' title='bbox 2609 1077 2710 1148; x_wconf 80' lang='grc' dir='ltr'><strong>τὴν</strong></span> <span class='ocrx_word' id='word_1_153' title='bbox 2738 1078 3153 1150; x_wconf 78' lang='grc' dir='ltr'>κολυμϐήθραν,</span> <span class='ocrx_word' id='word_1_154' title='bbox 3180 1082 3214 1152; x_wconf 83' lang='grc' dir='ltr'><strong>ἡ</strong></span> <span class='ocrx_word' id='word_1_155' title='bbox 3249 1081 3306 1134; x_wconf 80' lang='grc' dir='ltr'>δὲ</span> <span class='ocrx_word' id='word_1_156' title='bbox 3333 1082 3532 1154; x_wconf 78' lang='grc' dir='ltr'>νεφέλη</span> <span class='ocrx_word' id='word_1_157' title='bbox 3563 1083 3658 1155; x_wconf 78' lang='grc' dir='ltr'><strong>τὴν</strong></span> <span class='ocrx_word' id='word_1_158' title='bbox 3680 1085 3767 1155; x_wconf 77' lang='grc' dir='ltr'><strong>χὰ-</strong></span> 
     </span>
    </p>
   </div>
   <div class='ocr_carea' id='block_1_24' title="bbox 2193 1168 3768 1247">
    <p class='ocr_par' dir='ltr' id='par_1_24' title="bbox 2193 1168 3768 1247">
     <span class='ocr_line' id='line_1_24' title="bbox 2193 1168 3768 1247; baseline 0.006 -25"><span class='ocrx_word' id='word_1_159' title='bbox 2193 1187 2280 1241; x_wconf 87' lang='grc' dir='ltr'><strong>ριν</strong></span> <span class='ocrx_word' id='word_1_160' title='bbox 2306 1169 2401 1223; x_wconf 81' lang='grc' dir='ltr'>τοῦ</span> <span class='ocrx_word' id='word_1_161' title='bbox 2431 1168 2574 1224; x_wconf 88' lang='grc' dir='ltr'>Πνεύ</span> <span class='ocrx_word' id='word_1_162' title='bbox 2583 1187 2774 1241; x_wconf 89' lang='grc' dir='ltr'>ματος,</span> <span class='ocrx_word' id='word_1_163' title='bbox 2807 1173 2835 1225; x_wconf 90' lang='lat'><strong>6</strong></span> <span class='ocrx_word' id='word_1_164' title='bbox 2864 1173 3107 1242; x_wconf 83' lang='grc' dir='ltr'>Μωῦσῆς</span> <span class='ocrx_word' id='word_1_165' title='bbox 3131 1173 3187 1226; x_wconf 80' lang='grc' dir='ltr'>δὲ</span> <span class='ocrx_word' id='word_1_166' title='bbox 3212 1173 3306 1228; x_wconf 89' lang='grc' dir='ltr'><strong>τὸν</strong></span> <span class='ocrx_word' id='word_1_167' title='bbox 3329 1175 3373 1228; x_wconf 84' lang='grc' dir='ltr'><strong>ίε</strong></span> <span class='ocrx_word' id='word_1_168' title='bbox 3383 1175 3502 1246; x_wconf 87' lang='grc' dir='ltr'>ρέα,</span> <span class='ocrx_word' id='word_1_169' title='bbox 3527 1177 3562 1247; x_wconf 78' lang='grc' dir='ltr'>ἡ</span> <span class='ocrx_word' id='word_1_170' title='bbox 3587 1176 3768 1247; x_wconf 77' lang='grc' dir='ltr'>ῥάϐδος</span> 
     </span>
    </p>
   </div>
   <div class='ocr_carea' id='block_1_25' title="bbox 2190 1262 3770 1342">
    <p class='ocr_par' dir='ltr' id='par_1_25' title="bbox 2190 1262 3770 1342">
     <span class='ocr_line' id='line_1_25' title="bbox 2190 1262 3770 1342; baseline 0.004 -24"><span class='ocrx_word' id='word_1_171' title='bbox 2190 1263 2248 1318; x_wconf 79' lang='grc' dir='ltr'>δὲ</span> <span class='ocrx_word' id='word_1_172' title='bbox 2282 1262 2373 1317; x_wconf 89' lang='grc' dir='ltr'><strong>τὸν</strong></span> <span class='ocrx_word' id='word_1_173' title='bbox 2408 1263 2676 1332; x_wconf 81' lang='grc' dir='ltr'>σταυρὸν,</span> <span class='ocrx_word' id='word_1_174' title='bbox 2727 1266 2754 1318; x_wconf 97' lang='lat'><strong>6</strong></span> <span class='ocrx_word' id='word_1_175' title='bbox 2787 1265 2847 1320; x_wconf 79' lang='grc' dir='ltr'>δὲ</span> <span class='ocrx_word' id='word_1_176' title='bbox 2889 1265 3116 1319; x_wconf 85' lang='grc' dir='ltr'>διελθὼν</span> <span class='ocrx_word' id='word_1_177' title='bbox 3158 1267 3254 1321; x_wconf 73' lang='grc' dir='ltr'><strong>καὶ</strong></span> <span class='ocrx_word' id='word_1_178' title='bbox 3284 1268 3537 1339; x_wconf 81' lang='grc' dir='ltr'><strong>περάσας</strong></span> <span class='ocrx_word' id='word_1_179' title='bbox 3565 1269 3770 1342; x_wconf 77' lang='grc' dir='ltr'>Ἰσραὴλ</span> 
     </span>
    </p>
   </div>
   <div class='ocr_carea' id='block_1_26' title="bbox 2191 1355 3771 1431">
    <p class='ocr_par' dir='ltr' id='par_1_26' title="bbox 2191 1355 3771 1431">
     <span class='ocr_line' id='line_1_26' title="bbox 2191 1355 3771 1431; baseline 0.004 -22"><span class='ocrx_word' id='word_1_180' title='bbox 2191 1357 2317 1421; x_wconf 76' lang='grc' dir='ltr'>τοὺς</span> <span class='ocrx_word' id='word_1_181' title='bbox 2343 1356 2777 1428; x_wconf 72' lang='grc' dir='ltr'><strong>βαπτιζομένους</strong></span> <span class='ocrx_word' id='word_1_182' title='bbox 2797 1355 3156 1429; x_wconf 88' lang='grc' dir='ltr'>μιμούμενος,</span> <span class='ocrx_word' id='word_1_183' title='bbox 3171 1359 3221 1412; x_wconf 81' lang='grc' dir='ltr'>οἱ</span> <span class='ocrx_word' id='word_1_184' title='bbox 3240 1358 3297 1412; x_wconf 88' lang='grc' dir='ltr'><strong>δέ</strong></span> <span class='ocrx_word' id='word_1_185' title='bbox 3315 1357 3608 1424; x_wconf 85' lang='grc' dir='ltr'>διώκοντες</span> <span class='ocrx_word' id='word_1_186' title='bbox 3622 1360 3771 1431; x_wconf 78' lang='grc' dir='ltr'>Αίγύ-</span> 
     </span>
    </p>
   </div>
   <div class='ocr_carea' id='block_1_27' title="bbox 2193 1447 3771 1520">
    <p class='ocr_par' dir='ltr' id='par_1_27' title="bbox 2193 1447 3771 1520">
     <span class='ocr_line' id='line_1_27' title="bbox 2193 1447 3771 1520; baseline 0.002 -17"><span class='ocrx_word' id='word_1_187' title='bbox 2193 1465 2338 1503; x_wconf 83' lang='grc' dir='ltr'>πτιοι</span> <span class='ocrx_word' id='word_1_188' title='bbox 2369 1448 2541 1502; x_wconf 90' lang='grc' dir='ltr'>τύπον</span> <span class='ocrx_word' id='word_1_189' title='bbox 2573 1447 2682 1503; x_wconf 85' lang='grc' dir='ltr'>τῶν</span> <span class='ocrx_word' id='word_1_190' title='bbox 2707 1449 2983 1519; x_wconf 83' lang='grc' dir='ltr'>δαιμόνων</span> <span class='ocrx_word' id='word_1_191' title='bbox 3015 1450 3310 1520; x_wconf 84' lang='grc' dir='ltr'>ἐπλήρουν,</span> <span class='ocrx_word' id='word_1_192' title='bbox 3346 1451 3516 1514; x_wconf 83' lang='grc' dir='ltr'>αὑτὸς</span> <span class='ocrx_word' id='word_1_193' title='bbox 3541 1453 3598 1505; x_wconf 79' lang='grc' dir='ltr'><strong>δὲ</strong></span> <span class='ocrx_word' id='word_1_194' title='bbox 3626 1454 3654 1506; x_wconf 91' lang='lat'><strong>6</strong></span> <span class='ocrx_word' id='word_1_195' title='bbox 3675 1454 3771 1506; x_wconf 83' lang='grc' dir='ltr'><strong>Φα-</strong></span> 
     </span>
    </p>
   </div>
   <div class='ocr_carea' id='block_1_28' title="bbox 2197 1535 3771 1614">
    <p class='ocr_par' dir='ltr' id='par_1_28' title="bbox 2197 1535 3771 1614">
     <span class='ocr_line' id='line_1_28' title="bbox 2197 1535 3771 1614; baseline 0.004 -20"><span class='ocrx_word' id='word_1_196' title='bbox 2197 1538 2312 1611; x_wconf 87' lang='grc' dir='ltr'><strong>ραὼ</strong></span> <span class='ocrx_word' id='word_1_197' title='bbox 2342 1538 2508 1592; x_wconf 74' lang='grc' dir='ltr'>εἰκὼν</span> <span class='ocrx_word' id='word_1_198' title='bbox 2535 1535 2604 1610; x_wconf 77' lang='grc' dir='ltr'>ἦν</span> <span class='ocrx_word' id='word_1_199' title='bbox 2633 1539 2726 1593; x_wconf 78' lang='grc' dir='ltr'><strong>τοῦ</strong></span> <span class='ocrx_word' id='word_1_200' title='bbox 2752 1540 3002 1594; x_wconf 86' lang='grc' dir='ltr'>διαϐόλου</span> <span class='ocrx_word' id='word_1_201' title='bbox 3029 1557 3044 1572; x_wconf 74' lang='grc' dir='ltr'><strong>ο</strong></span> <span class='ocrx_word' id='word_1_202' title='bbox 3092 1543 3230 1612; x_wconf 74' lang='grc' dir='ltr'>μετὰ</span> <span class='ocrx_word' id='word_1_203' title='bbox 3257 1544 3368 1614; x_wconf 76' lang='grc' dir='ltr'>γὰρ</span> <span class='ocrx_word' id='word_1_204' title='bbox 3401 1544 3503 1614; x_wconf 81' lang='grc' dir='ltr'>τὴν</span> <span class='ocrx_word' id='word_1_205' title='bbox 3531 1544 3771 1601; x_wconf 78' lang='grc' dir='ltr'>διάϐασιν</span> 
     </span>
    </p>
   </div>
   <div class='ocr_carea' id='block_1_29' title="bbox 2191 1631 3772 1708">
    <p class='ocr_par' dir='ltr' id='par_1_29' title="bbox 2191 1631 3772 1708">
     <span class='ocr_line' id='line_1_29' title="bbox 2191 1631 3772 1708; baseline 0.004 -23"><span class='ocrx_word' id='word_1_206' title='bbox 2191 1632 2243 1685; x_wconf 75' lang='lat' dir='ltr'><strong>oi</strong></span> <span class='ocrx_word' id='word_1_207' title='bbox 2278 1631 2612 1703; x_wconf 86' lang='grc' dir='ltr'>Ἰσραηλῖται</span> <span class='ocrx_word' id='word_1_208' title='bbox 2645 1632 2748 1699; x_wconf 85' lang='grc' dir='ltr'>τῆς</span> <span class='ocrx_word' id='word_1_209' title='bbox 2781 1633 2895 1686; x_wconf 83' lang='grc' dir='ltr'><strong>τῶν</strong></span> <span class='ocrx_word' id='word_1_210' title='bbox 2924 1634 3238 1702; x_wconf 76' lang='grc' dir='ltr'>Αἰγυπτίων</span> <span class='ocrx_word' id='word_1_211' title='bbox 3267 1635 3595 1700; x_wconf 83' lang='grc' dir='ltr'>δυναστείας</span> <span class='ocrx_word' id='word_1_212' title='bbox 3625 1638 3772 1708; x_wconf 78' lang='grc' dir='ltr'>ἠλευ-</span> 
     </span>
    </p>
   </div>
   <div class='ocr_carea' id='block_1_30' title="bbox 502 1721 2104 1803">
    <p class='ocr_par' dir='ltr' id='par_1_30' title="bbox 502 1721 2094 1792">
     <span class='ocr_line' id='line_1_30' title="bbox 502 1721 2094 1792; baseline -0.001 -14"><span class='ocrx_word' id='word_1_213' title='bbox 502 1722 732 1778; x_wconf 87' lang='lat' dir='ltr'><strong>Christi.</strong></span> <span class='ocrx_word' id='word_1_214' title='bbox 771 1722 1098 1778; x_wconf 86' lang='lat' dir='ltr'><strong>lmitabatur</strong></span> <span class='ocrx_word' id='word_1_215' title='bbox 1124 1731 1308 1777; x_wconf 87' lang='lat' dir='ltr'><strong>autem</strong></span> <span class='ocrx_word' id='word_1_216' title='bbox 1336 1730 1490 1792; x_wconf 86' lang='lat' dir='ltr'><strong>petra</strong></span> <span class='ocrx_word' id='word_1_217' title='bbox 1515 1721 1735 1777; x_wconf 89' lang='lat' dir='ltr'><strong>Domini</strong></span> <span class='ocrx_word' id='word_1_218' title='bbox 1765 1722 1941 1789; x_wconf 88' lang='lat' dir='ltr'><strong>latus;</strong></span> <span class='ocrx_word' id='word_1_219' title='bbox 1979 1737 2094 1776; x_wconf 84' lang='lat' dir='ltr'><strong>ma—</strong></span> 
     </span>
    </p>
   </div>
   <div class='ocr_carea' id='block_1_31' title="bbox 2208 1721 3773 1803">
    <p class='ocr_par' dir='ltr' id='par_1_31' title="bbox 2208 1723 3773 1803">
     <span class='ocr_line' id='line_1_31' title="bbox 2208 1723 3773 1803; baseline 0.006 -27"><span class='ocrx_word' id='word_1_220' title='bbox 2208 1723 2553 1794; x_wconf 70' lang='lat' dir='ltr'><strong>lsptbenaav&#39;</strong></span> <span class='ocrx_word' id='word_1_221' title='bbox 2612 1724 2709 1778; x_wconf 77' lang='grc' dir='ltr'>καὶ</span> <span class='ocrx_word' id='word_1_222' title='bbox 2759 1724 2821 1777; x_wconf 92' lang='grc' dir='ltr'><strong>τὸ</strong></span> <span class='ocrx_word' id='word_1_223' title='bbox 2869 1726 3047 1796; x_wconf 86' lang='grc' dir='ltr'>μάννα</span> <span class='ocrx_word' id='word_1_224' title='bbox 3095 1727 3390 1799; x_wconf 80' lang='grc' dir='ltr'>οὐρανόθεν</span> <span class='ocrx_word' id='word_1_225' title='bbox 3429 1729 3509 1793; x_wconf 83' lang='grc' dir='ltr'>ὡς</span> <span class='ocrx_word' id='word_1_226' title='bbox 3546 1729 3604 1782; x_wconf 83' lang='grc' dir='ltr'><strong>ὲν</strong></span> <span class='ocrx_word' id='word_1_227' title='bbox 3632 1730 3773 1803; x_wconf 83' lang='grc' dir='ltr'>τύπῳ</span> 
     </span>
    </p>
   </div>
   <div class='ocr_carea' id='block_1_32' title="bbox 505 1813 2104 1892">
    <p class='ocr_par' dir='ltr' id='par_1_32' title="bbox 505 1813 2092 1892">
     <span class='ocr_line' id='line_1_32' title="bbox 505 1813 2092 1892; baseline -0.001 -22"><span class='ocrx_word' id='word_1_228' title='bbox 505 1816 658 1870; x_wconf 83' lang='lat' dir='ltr'><strong>navit</strong></span> <span class='ocrx_word' id='word_1_229' title='bbox 700 1816 850 1871; x_wconf 87' lang='lat' dir='ltr'><strong>enim</strong></span> <span class='ocrx_word' id='word_1_230' title='bbox 903 1824 1105 1886; x_wconf 63' lang='lat' dir='ltr'><strong>printer</strong></span> <span class='ocrx_word' id='word_1_231' title='bbox 1143 1830 1296 1885; x_wconf 90' lang='lat' dir='ltr'><strong>spem</strong></span> <span class='ocrx_word' id='word_1_232' title='bbox 1339 1815 1513 1892; x_wconf 85' lang='lat' dir='ltr'><strong>rivus.</strong></span> <span class='ocrx_word' id='word_1_233' title='bbox 1545 1815 1616 1869; x_wconf 87' lang='lat' dir='ltr'><strong>Et</strong></span> <span class='ocrx_word' id='word_1_234' title='bbox 1649 1814 1796 1870; x_wconf 89' lang='lat' dir='ltr'><strong>idem</strong></span> <span class='ocrx_word' id='word_1_235' title='bbox 1844 1815 1951 1869; x_wconf 86' lang='lat' dir='ltr'><strong>fuit</strong></span> <span class='ocrx_word' id='word_1_236' title='bbox 1980 1813 2092 1868; x_wconf 88' lang='lat' dir='ltr'><strong>illis</strong></span> 
     </span>
    </p>
   </div>
   <div class='ocr_carea' id='block_1_33' title="bbox 2208 1813 3770 1892">
    <p class='ocr_par' dir='ltr' id='par_1_33' title="bbox 2208 1815 3770 1892">
     <span class='ocr_line' id='line_1_33' title="bbox 2208 1815 3770 1892; baseline 0.005 -24"><span class='ocrx_word' id='word_1_237' title='bbox 2208 1815 2302 1868; x_wconf 78' lang='grc' dir='ltr'>τινὶ</span> <span class='ocrx_word' id='word_1_238' title='bbox 2352 1815 2446 1868; x_wconf 81' lang='grc' dir='ltr'>τοῦ</span> <span class='ocrx_word' id='word_1_239' title='bbox 2495 1815 2750 1887; x_wconf 80' lang='grc' dir='ltr'>οὐρανίου</span> <span class='ocrx_word' id='word_1_240' title='bbox 2792 1817 2958 1887; x_wconf 80' lang='grc' dir='ltr'>ἄρτου</span> <span class='ocrx_word' id='word_1_241' title='bbox 3005 1817 3101 1871; x_wconf 80' lang='grc' dir='ltr'>τοῦ</span> <span class='ocrx_word' id='word_1_242' title='bbox 3141 1818 3396 1890; x_wconf 66' lang='grc' dir='ltr'>σώματος</span> <span class='ocrx_word' id='word_1_243' title='bbox 3422 1818 3522 1873; x_wconf 80' lang='grc' dir='ltr'>τοῦ</span> <span class='ocrx_word' id='word_1_244' title='bbox 3550 1822 3770 1892; x_wconf 83' lang='grc' dir='ltr'>Χριστοῦ</span> 
     </span>
    </p>
   </div>
   <div class='ocr_carea' id='block_1_34' title="bbox 507 1877 2104 1985">
    <p class='ocr_par' dir='ltr' id='par_1_34' title="bbox 507 1877 2092 1980">
     <span class='ocr_line' id='line_1_34' title="bbox 507 1877 2092 1980; baseline -0.002 -16"><span class='ocrx_word' id='word_1_245' title='bbox 507 1919 663 1980; x_wconf 88' lang='lat' dir='ltr'><strong>petra</strong></span> <span class='ocrx_word' id='word_1_246' title='bbox 686 1909 834 1980; x_wconf 93' lang='lat' dir='ltr'><strong>quod</strong></span> <span class='ocrx_word' id='word_1_247' title='bbox 862 1877 1024 1964; x_wconf 76' lang='lat' dir='ltr'><strong>nobis</strong></span> <span class='ocrx_word' id='word_1_248' title='bbox 1051 1907 1305 1964; x_wconf 87' lang='lat' dir='ltr'><strong>Christus</strong></span> <span class='ocrx_word' id='word_1_249' title='bbox 1330 1926 1344 1972; x_wconf 92' lang='lat'><strong>;</strong></span> <span class='ocrx_word' id='word_1_250' title='bbox 1391 1890 1734 1978; x_wconf 79' lang='lat' dir='ltr'><strong>sequebatur</strong></span> <span class='ocrx_word' id='word_1_251' title='bbox 1781 1917 1966 1963; x_wconf 89' lang='lat' dir='ltr'><strong>autem</strong></span> <span class='ocrx_word' id='word_1_252' title='bbox 1993 1921 2092 1962; x_wconf 90' lang='lat' dir='ltr'><strong>eos</strong></span> 
     </span>
    </p>
   </div>
   <div class='ocr_carea' id='block_1_35' title="bbox 2208 1877 3774 1985">
    <p class='ocr_par' dir='ltr' id='par_1_35' title="bbox 2208 1877 3774 1985">
     <span class='ocr_line' id='line_1_35' title="bbox 2208 1877 3774 1985; baseline 0.005 -24"><span class='ocrx_word' id='word_1_253' title='bbox 2208 1906 2470 1972; x_wconf 70' lang='grc' dir='ltr'>ὲδέξαντο³</span> <span class='ocrx_word' id='word_1_254' title='bbox 2505 1877 2762 1978; x_wconf 74' lang='grc' dir='ltr'>ἐμιμεῖτο</span> <span class='ocrx_word' id='word_1_255' title='bbox 2789 1877 2844 1962; x_wconf 65' lang='grc' dir='ltr'><strong>δέ</strong></span> <span class='ocrx_word' id='word_1_256' title='bbox 2872 1911 2968 1964; x_wconf 70' lang='grc' dir='ltr'><strong>καὶ</strong></span> <span class='ocrx_word' id='word_1_257' title='bbox 2997 1911 3029 1981; x_wconf 82' lang='grc' dir='ltr'><strong>ἡ</strong></span> <span class='ocrx_word' id='word_1_258' title='bbox 3060 1877 3236 1983; x_wconf 73' lang='grc' dir='ltr'>πέτρα</span> <span class='ocrx_word' id='word_1_259' title='bbox 3264 1911 3364 1985; x_wconf 82' lang='grc' dir='ltr'>τὴν</span> <span class='ocrx_word' id='word_1_260' title='bbox 3377 1877 3485 1967; x_wconf 33' lang='grc' dir='ltr'>*τοῦ</span> <span class='ocrx_word' id='word_1_261' title='bbox 3513 1877 3774 1969; x_wconf 71' lang='grc' dir='ltr'>Δεσπότου</span> 
     </span>
    </p>
   </div>
   <div class='ocr_carea' id='block_1_36' title="bbox 508 1999 2090 2072">
    <p class='ocr_par' dir='ltr' id='par_1_36' title="bbox 508 1999 2090 2072">
     <span class='ocr_line' id='line_1_36' title="bbox 508 1999 2090 2072; baseline -0.002 -15"><span class='ocrx_word' id='word_1_262' title='bbox 508 2018 618 2057; x_wconf 89' lang='lat' dir='ltr'><strong>non</strong></span> <span class='ocrx_word' id='word_1_263' title='bbox 660 2009 837 2072; x_wconf 88' lang='lat' dir='ltr'><strong>petra,</strong></span> <span class='ocrx_word' id='word_1_264' title='bbox 876 1999 972 2056; x_wconf 88' lang='lat' dir='ltr'><strong>sed</strong></span> <span class='ocrx_word' id='word_1_265' title='bbox 998 2000 1174 2072; x_wconf 90' lang='lat' dir='ltr'><strong>gratia</strong></span> <span class='ocrx_word' id='word_1_266' title='bbox 1207 2000 1399 2055; x_wconf 85' lang='lat' dir='ltr'><strong>divina</strong></span> <span class='ocrx_word' id='word_1_267' title='bbox 1425 1999 1634 2056; x_wconf 88' lang='lat' dir='ltr'><strong>Christi</strong></span> <span class='ocrx_word' id='word_1_268' title='bbox 1678 2000 1804 2056; x_wconf 86' lang='lat' dir='ltr'><strong>Filii</strong></span> <span class='ocrx_word' id='word_1_269' title='bbox 1839 2010 1896 2055; x_wconf 93' lang='lat' dir='ltr'><strong>et</strong></span> <span class='ocrx_word' id='word_1_270' title='bbox 1919 1999 2090 2054; x_wconf 83' lang='lat' dir='ltr'><strong>Verbi</strong></span> 
     </span>
    </p>
   </div>
   <div class='ocr_carea' id='block_1_37' title="bbox 509 2093 2090 2163">
    <p class='ocr_par' dir='ltr' id='par_1_37' title="bbox 509 2093 2090 2163">
     <span class='ocr_line' id='line_1_37' title="bbox 509 2093 2090 2163; baseline -0.001 -15"><span class='ocrx_word' id='word_1_271' title='bbox 509 2094 628 2158; x_wconf 85' lang='lat' dir='ltr'><strong>Dei,</strong></span> <span class='ocrx_word' id='word_1_272' title='bbox 659 2109 780 2163; x_wconf 68' lang='lat' dir='ltr'><strong>qum</strong></span> <span class='ocrx_word' id='word_1_273' title='bbox 808 2102 1018 2163; x_wconf 86' lang='lat' dir='ltr'><strong>petram</strong></span> <span class='ocrx_word' id='word_1_274' title='bbox 1050 2093 1200 2148; x_wconf 89' lang='lat' dir='ltr'><strong>illam</strong></span> <span class='ocrx_word' id='word_1_275' title='bbox 1233 2102 1425 2149; x_wconf 89' lang='lat' dir='ltr'><strong>contra</strong></span> <span class='ocrx_word' id='word_1_276' title='bbox 1468 2107 1691 2148; x_wconf 90' lang='lat' dir='ltr'><strong>omnem</strong></span> <span class='ocrx_word' id='word_1_277' title='bbox 1728 2107 1880 2162; x_wconf 90' lang='lat' dir='ltr'><strong>spem</strong></span> <span class='ocrx_word' id='word_1_278' title='bbox 1914 2107 2090 2162; x_wconf 90' lang='lat' dir='ltr'><strong>aqua-</strong></span> 
     </span>
    </p>
   </div>
   <div class='ocr_carea' id='block_1_38' title="bbox 510 2181 2096 2256">
    <p class='ocr_par' dir='ltr' id='par_1_38' title="bbox 510 2181 2096 2256">
     <span class='ocr_line' id='line_1_38' title="bbox 510 2181 2096 2256; baseline 0.001 -16"><span class='ocrx_word' id='word_1_279' title='bbox 510 2202 635 2241; x_wconf 93' lang='lat' dir='ltr'><strong>rum</strong></span> <span class='ocrx_word' id='word_1_280' title='bbox 677 2185 934 2241; x_wconf 84' lang='lat' dir='ltr'><strong>emittere</strong></span> <span class='ocrx_word' id='word_1_281' title='bbox 974 2187 1124 2242; x_wconf 88' lang='lat' dir='ltr'><strong>rivos</strong></span> <span class='ocrx_word' id='word_1_282' title='bbox 1163 2187 1428 2254; x_wconf 79' lang='lat' dir='ltr'><strong>faciebat;</strong></span> <span class='ocrx_word' id='word_1_283' title='bbox 1470 2187 1677 2242; x_wconf 89' lang='lat' dir='ltr'><strong>etenim</strong></span> <span class='ocrx_word' id='word_1_284' title='bbox 1718 2186 1763 2241; x_wconf 93' lang='lat' dir='ltr'><strong>si</strong></span> <span class='ocrx_word' id='word_1_285' title='bbox 1803 2181 1960 2256; x_wconf 88' lang='lat' dir='ltr'><strong>petra</strong></span> <span class='ocrx_word' id='word_1_286' title='bbox 1997 2200 2096 2241; x_wconf 92' lang='lat' dir='ltr'><strong>eos</strong></span> 
     </span>
    </p>
   </div>
   <div class='ocr_carea' id='block_1_39' title="bbox 510 2278 2093 2351">
    <p class='ocr_par' dir='ltr' id='par_1_39' title="bbox 510 2278 2093 2351">
     <span class='ocr_line' id='line_1_39' title="bbox 510 2278 2093 2351; baseline -0.001 -17"><span class='ocrx_word' id='word_1_287' title='bbox 510 2288 860 2349; x_wconf 87' lang='lat' dir='ltr'><strong>sequeretur,</strong></span> <span class='ocrx_word' id='word_1_288' title='bbox 915 2287 1010 2334; x_wconf 91' lang='lat' dir='ltr'><strong>aut</strong></span> <span class='ocrx_word' id='word_1_289' title='bbox 1080 2279 1184 2334; x_wconf 89' lang='lat' dir='ltr'><strong>rivi</strong></span> <span class='ocrx_word' id='word_1_290' title='bbox 1237 2296 1269 2334; x_wconf 95' lang='lat' dir='ltr'><strong>e</strong></span> <span class='ocrx_word' id='word_1_291' title='bbox 1321 2290 1500 2351; x_wconf 88' lang='lat' dir='ltr'><strong>petra,</strong></span> <span class='ocrx_word' id='word_1_292' title='bbox 1563 2278 1847 2350; x_wconf 90' lang='lat' dir='ltr'><strong>quomodo</strong></span> <span class='ocrx_word' id='word_1_293' title='bbox 1889 2279 2093 2334; x_wconf 88' lang='lat' dir='ltr'><strong>iterum</strong></span> 
     </span>
    </p>
   </div>
   <div class='ocr_carea' id='block_1_40' title="bbox 509 2370 1656 2443">
    <p class='ocr_par' dir='ltr' id='par_1_40' title="bbox 509 2370 1656 2443">
     <span class='ocr_line' id='line_1_40' title="bbox 509 2370 1656 2443; baseline 0.003 -20"><span class='ocrx_word' id='word_1_294' title='bbox 509 2372 787 2440; x_wconf 75' lang='lat' dir='ltr'><strong>eguissuit</strong></span> <span class='ocrx_word' id='word_1_295' title='bbox 816 2370 1000 2426; x_wconf 87' lang='lat' dir='ltr'><strong>divina</strong></span> <span class='ocrx_word' id='word_1_296' title='bbox 1029 2386 1296 2440; x_wconf 87' lang='lat' dir='ltr'><strong>aquarum</strong></span> <span class='ocrx_word' id='word_1_297' title='bbox 1327 2372 1656 2443; x_wconf 79' lang='lat' dir='ltr'><strong>largitione?</strong></span> 
     </span>
    </p>
   </div>
   <div class='ocr_carea' id='block_1_41' title="bbox 2198 2000 3773 2075">
    <p class='ocr_par' dir='ltr' id='par_1_41' title="bbox 2198 2000 3773 2075">
     <span class='ocr_line' id='line_1_41' title="bbox 2198 2000 3773 2075; baseline 0.004 -21"><span class='ocrx_word' id='word_1_298' title='bbox 2198 2000 2442 2072; x_wconf 74' lang='grc' dir='ltr'>πλευράν</span> <span class='ocrx_word' id='word_1_299' title='bbox 2467 2017 2480 2030; x_wconf 92' lang='grc'><strong>·</strong></span> <span class='ocrx_word' id='word_1_300' title='bbox 2537 2000 2802 2055; x_wconf 83' lang='grc' dir='ltr'>ἅνέϐλυσε</span> <span class='ocrx_word' id='word_1_301' title='bbox 2843 2001 2956 2074; x_wconf 83' lang='grc' dir='ltr'>γὰρ</span> <span class='ocrx_word' id='word_1_302' title='bbox 2997 2001 3160 2060; x_wconf 81' lang='grc' dir='ltr'>εὐθὺς</span> <span class='ocrx_word' id='word_1_303' title='bbox 3194 2005 3323 2075; x_wconf 77' lang='grc' dir='ltr'>παρ’</span> <span class='ocrx_word' id='word_1_304' title='bbox 3353 2004 3552 2059; x_wconf 78' lang='grc' dir='ltr'>ἐλπίδα</span> <span class='ocrx_word' id='word_1_305' title='bbox 3593 2006 3660 2059; x_wconf 77' lang='grc' dir='ltr'>τὰ</span> <span class='ocrx_word' id='word_1_306' title='bbox 3688 2009 3773 2060; x_wconf 82' lang='grc' dir='ltr'><strong>νά-</strong></span> 
     </span>
    </p>
   </div>
   <div class='ocr_carea' id='block_1_42' title="bbox 2201 2088 3769 2171">
    <p class='ocr_par' dir='ltr' id='par_1_42' title="bbox 2201 2088 3769 2171">
     <span class='ocr_line' id='line_1_42' title="bbox 2201 2088 3769 2171; baseline 0.006 -27"><span class='ocrx_word' id='word_1_307' title='bbox 2201 2110 2384 2163; x_wconf 72' lang='grc' dir='ltr'>ματαο</span> <span class='ocrx_word' id='word_1_308' title='bbox 2444 2093 2538 2148; x_wconf 77' lang='grc' dir='ltr'>καὶ</span> <span class='ocrx_word' id='word_1_309' title='bbox 2584 2092 2744 2147; x_wconf 79' lang='grc' dir='ltr'>τοῦτο</span> <span class='ocrx_word' id='word_1_310' title='bbox 2785 2088 2854 2164; x_wconf 82' lang='grc' dir='ltr'>ἦν</span> <span class='ocrx_word' id='word_1_311' title='bbox 2900 2096 3131 2159; x_wconf 86' lang='grc' dir='ltr'>ἐκείνοις</span> <span class='ocrx_word' id='word_1_312' title='bbox 3177 2097 3209 2168; x_wconf 82' lang='grc' dir='ltr'>ἡ</span> <span class='ocrx_word' id='word_1_313' title='bbox 3249 2097 3428 2170; x_wconf 79' lang='grc' dir='ltr'>πέτρα</span> <span class='ocrx_word' id='word_1_314' title='bbox 3474 2099 3611 2171; x_wconf 82' lang='grc' dir='ltr'>ὅπερ</span> <span class='ocrx_word' id='word_1_315' title='bbox 3648 2101 3769 2170; x_wconf 77' lang='grc' dir='ltr'>ημῖν</span> 
     </span>
    </p>
   </div>
   <div class='ocr_carea' id='block_1_43' title="bbox 2197 2185 3775 2262">
    <p class='ocr_par' dir='ltr' id='par_1_43' title="bbox 2197 2185 3775 2262">
     <span class='ocr_line' id='line_1_43' title="bbox 2197 2185 3775 2262; baseline 0.005 -25"><span class='ocrx_word' id='word_1_316' title='bbox 2197 2185 2226 2237; x_wconf 93' lang='lat'><strong>6</strong></span> <span class='ocrx_word' id='word_1_317' title='bbox 2269 2185 2545 2255; x_wconf 88' lang='grc' dir='ltr'>Χριστός·</span> <span class='ocrx_word' id='word_1_318' title='bbox 2604 2186 2895 2256; x_wconf 73' lang='grc' dir='ltr'>ἠκολούθει</span> <span class='ocrx_word' id='word_1_319' title='bbox 2936 2187 2994 2241; x_wconf 86' lang='grc' dir='ltr'>δὲ</span> <span class='ocrx_word' id='word_1_320' title='bbox 3046 2189 3138 2241; x_wconf 70' lang='grc' dir='ltr'>καὶ</span> <span class='ocrx_word' id='word_1_321' title='bbox 3173 2189 3358 2254; x_wconf 88' lang='grc' dir='ltr'>αὑτοῖς</span> <span class='ocrx_word' id='word_1_322' title='bbox 3393 2191 3498 2262; x_wconf 79' lang='grc' dir='ltr'>οὐχ</span> <span class='ocrx_word' id='word_1_323' title='bbox 3529 2191 3564 2262; x_wconf 79' lang='grc' dir='ltr'><strong>ἡ</strong></span> <span class='ocrx_word' id='word_1_324' title='bbox 3595 2191 3775 2261; x_wconf 85' lang='grc' dir='ltr'>πέτρα,</span> 
     </span>
    </p>
   </div>
   <div class='ocr_carea' id='block_1_44' title="bbox 2201 2276 3778 2351">
    <p class='ocr_par' dir='ltr' id='par_1_44' title="bbox 2201 2276 3778 2351">
     <span class='ocr_line' id='line_1_44' title="bbox 2201 2276 3778 2351; baseline 0.003 -21"><span class='ocrx_word' id='word_1_325' title='bbox 2201 2276 2317 2330; x_wconf 76' lang='grc' dir='ltr'>ἀλλ’</span> <span class='ocrx_word' id='word_1_326' title='bbox 2365 2279 2397 2348; x_wconf 82' lang='grc' dir='ltr'>ἡ</span> <span class='ocrx_word' id='word_1_327' title='bbox 2451 2276 2570 2330; x_wconf 86' lang='grc' dir='ltr'>θεία</span> <span class='ocrx_word' id='word_1_328' title='bbox 2611 2279 2774 2348; x_wconf 85' lang='grc' dir='ltr'>χάρις</span> <span class='ocrx_word' id='word_1_329' title='bbox 2803 2278 3042 2350; x_wconf 83' lang='grc' dir='ltr'>Χριστοῦ</span> <span class='ocrx_word' id='word_1_330' title='bbox 3077 2279 3170 2332; x_wconf 79' lang='grc' dir='ltr'>τοῦ</span> <span class='ocrx_word' id='word_1_331' title='bbox 3202 2281 3331 2334; x_wconf 89' lang='grc' dir='ltr'>Υίου</span> <span class='ocrx_word' id='word_1_332' title='bbox 3364 2283 3461 2335; x_wconf 77' lang='grc' dir='ltr'>καὶ</span> <span class='ocrx_word' id='word_1_333' title='bbox 3490 2282 3661 2351; x_wconf 82' lang='grc' dir='ltr'>Λόγου</span> <span class='ocrx_word' id='word_1_334' title='bbox 3694 2280 3778 2334; x_wconf 77' lang='grc' dir='ltr'><strong>τοῦ</strong></span> 
     </span>
    </p>
   </div>
   <div class='ocr_carea' id='block_1_45' title="bbox 2202 2369 3780 2443">
    <p class='ocr_par' dir='ltr' id='par_1_45' title="bbox 2202 2369 3780 2443">
     <span class='ocr_line' id='line_1_45' title="bbox 2202 2369 3780 2443; baseline 0.001 -21"><span class='ocrx_word' id='word_1_335' title='bbox 2202 2369 2359 2430; x_wconf 82' lang='grc' dir='ltr'>Θεοῦ,</span> <span class='ocrx_word' id='word_1_336' title='bbox 2400 2371 2433 2435; x_wconf 76' lang='grc' dir='ltr'>ἡ</span> <span class='ocrx_word' id='word_1_337' title='bbox 2467 2371 2561 2424; x_wconf 72' lang='grc' dir='ltr'><strong>καὶ</strong></span> <span class='ocrx_word' id='word_1_338' title='bbox 2592 2370 2692 2440; x_wconf 84' lang='grc' dir='ltr'><strong>τὴν</strong></span> <span class='ocrx_word' id='word_1_339' title='bbox 2722 2371 2934 2441; x_wconf 90' lang='grc' dir='ltr'>πέτραν</span> <span class='ocrx_word' id='word_1_340' title='bbox 2963 2370 3182 2442; x_wconf 87' lang='grc' dir='ltr'>ἐκείνην</span> <span class='ocrx_word' id='word_1_341' title='bbox 3221 2372 3352 2443; x_wconf 79' lang='grc' dir='ltr'>παρ’</span> <span class='ocrx_word' id='word_1_342' title='bbox 3379 2372 3578 2427; x_wconf 77' lang='grc' dir='ltr'>ἐλπίδα</span> <span class='ocrx_word' id='word_1_343' title='bbox 3614 2375 3780 2427; x_wconf 82' lang='grc' dir='ltr'>πᾶσαν</span> 
     </span>
    </p>
   </div>
   <div class='ocr_carea' id='block_1_46' title="bbox 511 2463 3782 2539">
    <p class='ocr_par' dir='ltr' id='par_1_46' title="bbox 511 2463 3782 2539">
     <span class='ocr_line' id='line_1_46' title="bbox 511 2463 3782 2539; baseline 0.001 -23"><span class='ocrx_word' id='word_1_344' title='bbox 511 2464 791 2533; x_wconf 76' lang='grc' dir='ltr'>ἀναδεῖξαι</span> <span class='ocrx_word' id='word_1_345' title='bbox 841 2465 910 2517; x_wconf 77' lang='grc' dir='ltr'>τὰ</span> <span class='ocrx_word' id='word_1_346' title='bbox 957 2467 1150 2539; x_wconf 77' lang='grc' dir='ltr'>ῥεῖθρα</span> <span class='ocrx_word' id='word_1_347' title='bbox 1191 2467 1298 2519; x_wconf 84' lang='grc' dir='ltr'>τῶν</span> <span class='ocrx_word' id='word_1_348' title='bbox 1332 2466 1544 2519; x_wconf 82' lang='grc' dir='ltr'>ὑδάτων</span> <span class='ocrx_word' id='word_1_349' title='bbox 1586 2465 2098 2538; x_wconf 75' lang='grc' dir='ltr'>παρασκευάσασαο</span> <span class='ocrx_word' id='word_1_350' title='bbox 2141 2464 2189 2517; x_wconf 86' lang='grc' dir='ltr'><strong>εί</strong></span> <span class='ocrx_word' id='word_1_351' title='bbox 2226 2463 2334 2535; x_wconf 78' lang='grc' dir='ltr'><strong>γὰρ</strong></span> <span class='ocrx_word' id='word_1_352' title='bbox 2375 2465 2407 2535; x_wconf 81' lang='grc' dir='ltr'><strong>ἡ</strong></span> <span class='ocrx_word' id='word_1_353' title='bbox 2479 2463 2658 2535; x_wconf 87' lang='grc' dir='ltr'>πέτρα</span> <span class='ocrx_word' id='word_1_354' title='bbox 2725 2463 2910 2526; x_wconf 82' lang='grc' dir='ltr'>αὐτοῖς</span> <span class='ocrx_word' id='word_1_355' title='bbox 2941 2463 3318 2537; x_wconf 79' lang='grc' dir='ltr'>ἡκολούθει,,ἦ</span> <span class='ocrx_word' id='word_1_356' title='bbox 3356 2466 3427 2521; x_wconf 77' lang='grc' dir='ltr'>τὰ</span> <span class='ocrx_word' id='word_1_357' title='bbox 3460 2465 3564 2536; x_wconf 77' lang='grc' dir='ltr'><strong>τῆς</strong></span> <span class='ocrx_word' id='word_1_358' title='bbox 3593 2467 3782 2536; x_wconf 81' lang='grc' dir='ltr'>πέτρας</span> 
     </span>
    </p>
   </div>
   <div class='ocr_carea' id='block_1_47' title="bbox 515 2552 2213 2628">
    <p class='ocr_par' dir='ltr' id='par_1_47' title="bbox 515 2552 2213 2628">
     <span class='ocr_line' id='line_1_47' title="bbox 515 2552 2213 2628; baseline -0.002 -18"><span class='ocrx_word' id='word_1_359' title='bbox 515 2558 758 2628; x_wconf 74' lang='grc' dir='ltr'>νάματα.</span> <span class='ocrx_word' id='word_1_360' title='bbox 797 2557 915 2620; x_wconf 85' lang='grc' dir='ltr'><strong>πῶς</strong></span> <span class='ocrx_word' id='word_1_361' title='bbox 947 2552 1103 2620; x_wconf 72' lang='grc' dir='ltr'>αὖθις</span> <span class='ocrx_word' id='word_1_362' title='bbox 1133 2556 1436 2628; x_wconf 79' lang='grc' dir='ltr'>ἐδεήθησαν</span> <span class='ocrx_word' id='word_1_363' title='bbox 1469 2556 1681 2610; x_wconf 84' lang='grc' dir='ltr'>ὑδάτων</span> <span class='ocrx_word' id='word_1_364' title='bbox 1706 2556 1805 2628; x_wconf 84' lang='grc' dir='ltr'>τὴν</span> <span class='ocrx_word' id='word_1_365' title='bbox 1831 2555 1984 2610; x_wconf 85' lang='grc' dir='ltr'>θείαν</span> <span class='ocrx_word' id='word_1_366' title='bbox 2008 2556 2170 2627; x_wconf 82' lang='grc' dir='ltr'>χάριν</span> <span class='ocrx_word' id='word_1_367' title='bbox 2200 2572 2213 2618; x_wconf 89' lang='grc'>;</span> 
     </span>
    </p>
   </div>
   <div class='ocr_carea' id='block_1_48' title="bbox 578 2649 2100 2720">
    <p class='ocr_par' dir='ltr' id='par_1_48' title="bbox 578 2649 2100 2720">
     <span class='ocr_line' id='line_1_48' title="bbox 578 2649 2100 2720; baseline -0.003 -13"><span class='ocrx_word' id='word_1_368' title='bbox 578 2649 694 2707; x_wconf 83' lang='lat' dir='ltr'><strong>Viri</strong></span> <span class='ocrx_word' id='word_1_369' title='bbox 719 2649 979 2705; x_wconf 73' lang='lat' dir='ltr'><strong>Israelitze</strong></span> <span class='ocrx_word' id='word_1_370' title='bbox 1008 2659 1064 2705; x_wconf 91' lang='lat' dir='ltr'><strong>et</strong></span> <span class='ocrx_word' id='word_1_371' title='bbox 1093 2650 1185 2720; x_wconf 87' lang='lat' dir='ltr'><strong>qui</strong></span> <span class='ocrx_word' id='word_1_372' title='bbox 1219 2649 1420 2705; x_wconf 88' lang='lat' dir='ltr'><strong>timetis</strong></span> <span class='ocrx_word' id='word_1_373' title='bbox 1447 2650 1640 2715; x_wconf 89' lang='lat' dir='ltr'><strong>Deum,</strong></span> <span class='ocrx_word' id='word_1_374' title='bbox 1665 2649 1852 2705; x_wconf 88' lang='lat' dir='ltr'><strong>audite</strong></span> <span class='ocrx_word' id='word_1_375' title='bbox 1878 2666 1890 2703; x_wconf 91' lang='lat'>:</span> <span class='ocrx_word' id='word_1_376' title='bbox 1925 2650 2100 2704; x_wconf 65' lang='lat' dir='ltr'><strong>«Deus</strong></span> 
     </span>
    </p>
   </div>
   <div class='ocr_carea' id='block_1_49' title="bbox 511 2742 2102 2814">
    <p class='ocr_par' dir='ltr' id='par_1_49' title="bbox 511 2742 2102 2814">
     <span class='ocr_line' id='line_1_49' title="bbox 511 2742 2102 2814; baseline -0.003 -14"><span class='ocrx_word' id='word_1_377' title='bbox 511 2745 678 2814; x_wconf 78' lang='lat' dir='ltr'><strong>elegit</strong></span> <span class='ocrx_word' id='word_1_378' title='bbox 706 2752 890 2814; x_wconf 85' lang='lat' dir='ltr'><strong>patres</strong></span> <span class='ocrx_word' id='word_1_379' title='bbox 913 2752 1131 2799; x_wconf 87' lang='lat' dir='ltr'><strong>vestros</strong></span> <span class='ocrx_word' id='word_1_380' title='bbox 1160 2753 1216 2798; x_wconf 92' lang='lat' dir='ltr'><strong>et</strong></span> <span class='ocrx_word' id='word_1_381' title='bbox 1245 2743 1462 2813; x_wconf 89' lang='lat' dir='ltr'><strong>plebem</strong></span> <span class='ocrx_word' id='word_1_382' title='bbox 1491 2742 1753 2798; x_wconf 85' lang='lat' dir='ltr'><strong>exaltavit</strong></span> <span class='ocrx_word' id='word_1_383' title='bbox 1783 2758 1910 2796; x_wconf 91' lang='lat' dir='ltr'><strong>cum</strong></span> <span class='ocrx_word' id='word_1_384' title='bbox 1954 2750 2102 2796; x_wconf 89' lang='lat' dir='ltr'><strong>esset</strong></span> 
     </span>
    </p>
   </div>
   <div class='ocr_carea' id='block_1_50' title="bbox 515 2833 2099 2907">
    <p class='ocr_par' dir='ltr' id='par_1_50' title="bbox 515 2833 2099 2907">
     <span class='ocr_line' id='line_1_50' title="bbox 515 2833 2099 2907; baseline -0.003 -15"><span class='ocrx_word' id='word_1_385' title='bbox 515 2837 694 2892; x_wconf 87' lang='lat' dir='ltr'><strong>incola</strong></span> <span class='ocrx_word' id='word_1_386' title='bbox 719 2837 771 2890; x_wconf 90' lang='lat' dir='ltr'><strong>in</strong></span> <span class='ocrx_word' id='word_1_387' title='bbox 802 2835 1055 2907; x_wconf 60' lang='lat' dir='ltr'><strong>1Egypto,</strong></span> <span class='ocrx_word' id='word_1_388' title='bbox 1089 2845 1144 2890; x_wconf 91' lang='lat' dir='ltr'><strong>et</strong></span> <span class='ocrx_word' id='word_1_389' title='bbox 1174 2836 1228 2889; x_wconf 92' lang='lat' dir='ltr'><strong>in</strong></span> <span class='ocrx_word' id='word_1_390' title='bbox 1256 2835 1486 2890; x_wconf 71' lang='lat' dir='ltr'><strong>bra-chio</strong></span> <span class='ocrx_word' id='word_1_391' title='bbox 1516 2836 1734 2890; x_wconf 84' lang='lat' dir='ltr'><strong>excelso</strong></span> <span class='ocrx_word' id='word_1_392' title='bbox 1758 2833 1948 2889; x_wconf 83' lang='lat' dir='ltr'><strong>eduxit</strong></span> <span class='ocrx_word' id='word_1_393' title='bbox 1981 2848 2099 2896; x_wconf 90' lang='lat' dir='ltr'><strong>eos,</strong></span> 
     </span>
    </p>
   </div>
   <div class='ocr_carea' id='block_1_51' title="bbox 513 2925 2103 3001">
    <p class='ocr_par' dir='ltr' id='par_1_51' title="bbox 513 2925 2103 3001">
     <span class='ocr_line' id='line_1_51' title="bbox 513 2925 2103 3001; baseline -0.005 -14"><span class='ocrx_word' id='word_1_394' title='bbox 513 2940 571 2987; x_wconf 88' lang='lat' dir='ltr'><strong>ct</strong></span> <span class='ocrx_word' id='word_1_395' title='bbox 618 2946 720 3001; x_wconf 90' lang='lat' dir='ltr'><strong>per</strong></span> <span class='ocrx_word' id='word_1_396' title='bbox 748 2929 1108 3000; x_wconf 79' lang='lat' dir='ltr'><strong>quadraginta</strong></span> <span class='ocrx_word' id='word_1_397' title='bbox 1161 2945 1432 2985; x_wconf 88' lang='lat' dir='ltr'><strong>annorum</strong></span> <span class='ocrx_word' id='word_1_398' title='bbox 1472 2939 1690 2997; x_wconf 87' lang='lat' dir='ltr'><strong>tempus</strong></span> <span class='ocrx_word' id='word_1_399' title='bbox 1729 2925 2103 2981; x_wconf 85' lang='lat' dir='ltr'><strong>circumduxit</strong></span> 
     </span>
    </p>
   </div>
   <div class='ocr_carea' id='block_1_52' title="bbox 514 3020 2102 3092">
    <p class='ocr_par' dir='ltr' id='par_1_52' title="bbox 514 3020 2102 3092">
     <span class='ocr_line' id='line_1_52' title="bbox 514 3020 2102 3092; baseline -0.004 -12"><span class='ocrx_word' id='word_1_400' title='bbox 514 3039 614 3080; x_wconf 90' lang='lat' dir='ltr'><strong>eos</strong></span> <span class='ocrx_word' id='word_1_401' title='bbox 645 3023 700 3078; x_wconf 86' lang='lat' dir='ltr'><strong>in</strong></span> <span class='ocrx_word' id='word_1_402' title='bbox 733 3022 973 3090; x_wconf 90' lang='lat' dir='ltr'><strong>deserto,</strong></span> <span class='ocrx_word' id='word_1_403' title='bbox 1001 3031 1057 3078; x_wconf 92' lang='lat' dir='ltr'><strong>et</strong></span> <span class='ocrx_word' id='word_1_404' title='bbox 1086 3023 1377 3079; x_wconf 83' lang='lat' dir='ltr'><strong>d‘estrucns</strong></span> <span class='ocrx_word' id='word_1_405' title='bbox 1405 3030 1595 3092; x_wconf 83' lang='lat' dir='ltr'><strong>gentes</strong></span> <span class='ocrx_word' id='word_1_406' title='bbox 1629 3030 1837 3091; x_wconf 83' lang='lat' dir='ltr'><strong>septem</strong></span> <span class='ocrx_word' id='word_1_407' title='bbox 1869 3020 1923 3075; x_wconf 91' lang='lat' dir='ltr'><strong>in</strong></span> <span class='ocrx_word' id='word_1_408' title='bbox 1955 3028 2102 3075; x_wconf 85' lang='lat' dir='ltr'><strong>terra</strong></span> 
     </span>
    </p>
   </div>
   <div class='ocr_carea' id='block_1_53' title="bbox 515 3113 2100 3180">
    <p class='ocr_par' dir='ltr' id='par_1_53' title="bbox 515 3113 2100 3180">
     <span class='ocr_line' id='line_1_53' title="bbox 515 3113 2100 3180; baseline -0.004 -9"><span class='ocrx_word' id='word_1_409' title='bbox 515 3115 800 3180; x_wconf 85' lang='lat' dir='ltr'><strong>Chanaan,</strong></span> <span class='ocrx_word' id='word_1_410' title='bbox 836 3113 988 3171; x_wconf 82' lang='lat' dir='ltr'><strong>dedit</strong></span> <span class='ocrx_word' id='word_1_411' title='bbox 1015 3113 1125 3169; x_wconf 88' lang='lat' dir='ltr'><strong>illis</strong></span> <span class='ocrx_word' id='word_1_412' title='bbox 1159 3115 1212 3169; x_wconf 92' lang='lat' dir='ltr'><strong>in</strong></span> <span class='ocrx_word' id='word_1_413' title='bbox 1239 3114 1616 3169; x_wconf 65' lang='lat' dir='ltr'><strong>haereditatem</strong></span> <span class='ocrx_word' id='word_1_414' title='bbox 1656 3121 1858 3167; x_wconf 88' lang='lat' dir='ltr'><strong>terram</strong></span> <span class='ocrx_word' id='word_1_415' title='bbox 1885 3127 2100 3166; x_wconf 90' lang='lat' dir='ltr'><strong>eorum.</strong></span> 
     </span>
    </p>
   </div>
   <div class='ocr_carea' id='block_1_54' title="bbox 516 3201 2108 3277">
    <p class='ocr_par' dir='ltr' id='par_1_54' title="bbox 516 3201 2108 3277">
     <span class='ocr_line' id='line_1_54' title="bbox 516 3201 2108 3277; baseline -0.004 -13"><span class='ocrx_word' id='word_1_416' title='bbox 516 3207 588 3264; x_wconf 83' lang='lat' dir='ltr'><strong>Et</strong></span> <span class='ocrx_word' id='word_1_417' title='bbox 617 3214 806 3277; x_wconf 84' lang='lat' dir='ltr'><strong>postea</strong></span> <span class='ocrx_word' id='word_1_418' title='bbox 831 3205 1251 3276; x_wconf 81' lang='lat' dir='ltr'><strong>quadringentis</strong></span> <span class='ocrx_word' id='word_1_419' title='bbox 1275 3214 1331 3260; x_wconf 91' lang='lat' dir='ltr'><strong>et</strong></span> <span class='ocrx_word' id='word_1_420' title='bbox 1359 3204 1762 3276; x_wconf 84' lang='lat' dir='ltr'><strong>quinquaginta</strong></span> <span class='ocrx_word' id='word_1_421' title='bbox 1790 3202 1972 3268; x_wconf 85' lang='lat' dir='ltr'><strong>annis,</strong></span> <span class='ocrx_word' id='word_1_422' title='bbox 2005 3201 2108 3258; x_wconf 89' lang='lat' dir='ltr'><strong>dc-</strong></span> 
     </span>
    </p>
   </div>
   <div class='ocr_carea' id='block_1_55' title="bbox 518 3293 2107 3371">
    <p class='ocr_par' dir='ltr' id='par_1_55' title="bbox 518 3293 2107 3371">
     <span class='ocr_line' id='line_1_55' title="bbox 518 3293 2107 3371; baseline -0.004 -17"><span class='ocrx_word' id='word_1_423' title='bbox 518 3299 603 3354; x_wconf 87' lang='lat' dir='ltr'><strong>dit</strong></span> <span class='ocrx_word' id='word_1_424' title='bbox 621 3298 839 3371; x_wconf 69' lang='lat' dir='ltr'><strong>iudices</strong></span> <span class='ocrx_word' id='word_1_425' title='bbox 871 3313 1046 3369; x_wconf 86' lang='lat' dir='ltr'><strong>usque</strong></span> <span class='ocrx_word' id='word_1_426' title='bbox 1073 3297 1138 3353; x_wconf 91' lang='lat' dir='ltr'><strong>ad</strong></span> <span class='ocrx_word' id='word_1_427' title='bbox 1177 3297 1779 3368; x_wconf 79' lang='lat' dir='ltr'><strong>SamueLprOphetam.</strong></span> <span class='ocrx_word' id='word_1_428' title='bbox 1809 3295 1880 3350; x_wconf 85' lang='lat' dir='ltr'><strong>Et</strong></span> <span class='ocrx_word' id='word_1_429' title='bbox 1907 3293 2107 3350; x_wconf 87' lang='lat' dir='ltr'><strong>exinde</strong></span> 
     </span>
    </p>
   </div>
   <div class='ocr_carea' id='block_1_56' title="bbox 519 3386 2106 3464">
    <p class='ocr_par' dir='ltr' id='par_1_56' title="bbox 519 3386 2106 3464">
     <span class='ocr_line' id='line_1_56' title="bbox 519 3386 2106 3464; baseline -0.003 -16"><span class='ocrx_word' id='word_1_430' title='bbox 519 3393 950 3464; x_wconf 89' lang='lat' dir='ltr'><strong>postulaverunt</strong></span> <span class='ocrx_word' id='word_1_431' title='bbox 995 3406 1203 3462; x_wconf 86' lang='lat' dir='ltr'><strong>regem,</strong></span> <span class='ocrx_word' id='word_1_432' title='bbox 1234 3400 1290 3446; x_wconf 91' lang='lat' dir='ltr'><strong>et</strong></span> <span class='ocrx_word' id='word_1_433' title='bbox 1317 3390 1485 3445; x_wconf 86' lang='lat' dir='ltr'><strong>dedit</strong></span> <span class='ocrx_word' id='word_1_434' title='bbox 1509 3389 1592 3445; x_wconf 92' lang='lat' dir='ltr'><strong>eis</strong></span> <span class='ocrx_word' id='word_1_435' title='bbox 1621 3389 1750 3444; x_wconf 82' lang='lat' dir='ltr'><strong>Saul</strong></span> <span class='ocrx_word' id='word_1_436' title='bbox 1785 3388 1958 3444; x_wconf 87' lang='lat' dir='ltr'><strong>ﬁlium</strong></span> <span class='ocrx_word' id='word_1_437' title='bbox 1991 3386 2106 3453; x_wconf 88' lang='lat' dir='ltr'><strong>Cis,</strong></span> 
     </span>
    </p>
   </div>
   <div class='ocr_carea' id='block_1_57' title="bbox 519 3479 2109 3552">
    <p class='ocr_par' dir='ltr' id='par_1_57' title="bbox 519 3479 2109 3552">
     <span class='ocr_line' id='line_1_57' title="bbox 519 3479 2109 3552; baseline -0.003 -14"><span class='ocrx_word' id='word_1_438' title='bbox 519 3483 706 3538; x_wconf 79' lang='lat' dir='ltr'><strong>virum</strong></span> <span class='ocrx_word' id='word_1_439' title='bbox 752 3482 821 3538; x_wconf 88' lang='lat' dir='ltr'><strong>de</strong></span> <span class='ocrx_word' id='word_1_440' title='bbox 869 3480 1015 3537; x_wconf 88' lang='lat' dir='ltr'><strong>tribu</strong></span> <span class='ocrx_word' id='word_1_441' title='bbox 1064 3480 1349 3552; x_wconf 87' lang='lat' dir='ltr'><strong>Benjamin</strong></span> <span class='ocrx_word' id='word_1_442' title='bbox 1398 3481 1560 3536; x_wconf 91' lang='lat' dir='ltr'><strong>annis</strong></span> <span class='ocrx_word' id='word_1_443' title='bbox 1603 3479 2001 3551; x_wconf 85' lang='lat' dir='ltr'><strong>quadraginta;</strong></span> <span class='ocrx_word' id='word_1_444' title='bbox 2053 3488 2109 3534; x_wconf 90' lang='lat' dir='ltr'><strong>et</strong></span> 
     </span>
    </p>
   </div>
   <div class='ocr_carea' id='block_1_58' title="bbox 523 3570 2110 3646">
    <p class='ocr_par' dir='ltr' id='par_1_58' title="bbox 523 3570 2110 3646">
     <span class='ocr_line' id='line_1_58' title="bbox 523 3570 2110 3646; baseline -0.005 -12"><span class='ocrx_word' id='word_1_445' title='bbox 523 3585 710 3634; x_wconf 83' lang='lat' dir='ltr'><strong>amoto</strong></span> <span class='ocrx_word' id='word_1_446' title='bbox 735 3576 852 3643; x_wconf 88' lang='lat' dir='ltr'><strong>illo,</strong></span> <span class='ocrx_word' id='word_1_447' title='bbox 880 3575 1174 3632; x_wconf 81' lang='lat' dir='ltr'><strong>suscitavit</strong></span> <span class='ocrx_word' id='word_1_448' title='bbox 1203 3591 1306 3646; x_wconf 91' lang='lat' dir='ltr'><strong>pro</strong></span> <span class='ocrx_word' id='word_1_449' title='bbox 1342 3574 1436 3629; x_wconf 92' lang='lat' dir='ltr'><strong>illo</strong></span> <span class='ocrx_word' id='word_1_450' title='bbox 1467 3573 1638 3628; x_wconf 90' lang='lat' dir='ltr'><strong>David</strong></span> <span class='ocrx_word' id='word_1_451' title='bbox 1674 3574 1730 3628; x_wconf 92' lang='lat' dir='ltr'><strong>in</strong></span> <span class='ocrx_word' id='word_1_452' title='bbox 1777 3585 1987 3644; x_wconf 84' lang='lat' dir='ltr'><strong>regem,</strong></span> <span class='ocrx_word' id='word_1_453' title='bbox 2019 3570 2110 3628; x_wconf 90' lang='lat' dir='ltr'><strong>cui</strong></span> 
     </span>
    </p>
   </div>
   <div class='ocr_carea' id='block_1_59' title="bbox 526 3665 2111 3738">
    <p class='ocr_par' dir='ltr' id='par_1_59' title="bbox 526 3665 2111 3738">
     <span class='ocr_line' id='line_1_59' title="bbox 526 3665 2111 3738; baseline -0.003 -13"><span class='ocrx_word' id='word_1_454' title='bbox 526 3669 909 3725; x_wconf 89' lang='lat' dir='ltr'><strong>testimonium</strong></span> <span class='ocrx_word' id='word_1_455' title='bbox 941 3668 1242 3738; x_wconf 87' lang='lat' dir='ltr'><strong>perbibens</strong></span> <span class='ocrx_word' id='word_1_456' title='bbox 1271 3667 1450 3723; x_wconf 78' lang='lat' dir='ltr'><strong>dixit:</strong></span> <span class='ocrx_word' id='word_1_457' title='bbox 1491 3666 1682 3722; x_wconf 84' lang='lat' dir='ltr'><strong>inveni</strong></span> <span class='ocrx_word' id='word_1_458' title='bbox 1729 3665 1904 3721; x_wconf 82' lang='lat' dir='ltr'><strong>David</strong></span> <span class='ocrx_word' id='word_1_459' title='bbox 1935 3665 2111 3720; x_wconf 88' lang='lat' dir='ltr'><strong>ﬁlium</strong></span> 
     </span>
    </p>
   </div>
   <div class='ocr_carea' id='block_1_60' title="bbox 524 3758 2114 3831">
    <p class='ocr_par' dir='ltr' id='par_1_60' title="bbox 524 3758 2114 3831">
     <span class='ocr_line' id='line_1_60' title="bbox 524 3758 2114 3831; baseline -0.003 -12"><span class='ocrx_word' id='word_1_460' title='bbox 524 3763 700 3826; x_wconf 82' lang='lat' dir='ltr'><strong>Jesse,</strong></span> <span class='ocrx_word' id='word_1_461' title='bbox 726 3764 903 3818; x_wconf 87' lang='lat' dir='ltr'><strong>virum</strong></span> <span class='ocrx_word' id='word_1_462' title='bbox 929 3762 1236 3817; x_wconf 88' lang='lat' dir='ltr'><strong>secundum</strong></span> <span class='ocrx_word' id='word_1_463' title='bbox 1259 3777 1355 3816; x_wconf 85' lang='lat' dir='ltr'><strong>cor</strong></span> <span class='ocrx_word' id='word_1_464' title='bbox 1377 3776 1586 3827; x_wconf 90' lang='lat' dir='ltr'><strong>meum,</strong></span> <span class='ocrx_word' id='word_1_465' title='bbox 1613 3758 1895 3831; x_wconf 66' lang='lat' dir='ltr'><strong>qui‘faciet</strong></span> <span class='ocrx_word' id='word_1_466' title='bbox 1917 3773 2114 3815; x_wconf 89' lang='lat' dir='ltr'><strong>omnes</strong></span> 
     </span>
    </p>
   </div>
   <div class='ocr_carea' id='block_1_61' title="bbox 525 3851 2110 3925">
    <p class='ocr_par' dir='ltr' id='par_1_61' title="bbox 525 3851 2110 3925">
     <span class='ocr_line' id='line_1_61' title="bbox 525 3851 2110 3925; baseline -0.003 -14"><span class='ocrx_word' id='word_1_467' title='bbox 525 3857 850 3912; x_wconf 76' lang='lat' dir='ltr'><strong>voluntates</strong></span> <span class='ocrx_word' id='word_1_468' title='bbox 874 3871 1047 3911; x_wconf 89' lang='lat' dir='ltr'><strong>meas.</strong></span> <span class='ocrx_word' id='word_1_469' title='bbox 1082 3855 1258 3925; x_wconf 81' lang='lat' dir='ltr'><strong>Hujus</strong></span> <span class='ocrx_word' id='word_1_470' title='bbox 1281 3855 1430 3910; x_wconf 85' lang='lat' dir='ltr'><strong>Deus</strong></span> <span class='ocrx_word' id='word_1_471' title='bbox 1459 3869 1528 3910; x_wconf 83' lang='lat' dir='ltr'><strong>ex</strong></span> <span class='ocrx_word' id='word_1_472' title='bbox 1553 3853 1765 3908; x_wconf 90' lang='lat' dir='ltr'><strong>semine</strong></span> <span class='ocrx_word' id='word_1_473' title='bbox 1802 3851 2110 3909; x_wconf 89' lang='lat' dir='ltr'><strong>secundum</strong></span> 
     </span>
    </p>
   </div>
   <div class='ocr_carea' id='block_1_62' title="bbox 526 3943 2113 4018">
    <p class='ocr_par' dir='ltr' id='par_1_62' title="bbox 526 3943 2113 4018">
     <span class='ocr_line' id='line_1_62' title="bbox 526 3943 2113 4018; baseline -0.001 -18"><span class='ocrx_word' id='word_1_474' title='bbox 526 3947 953 4018; x_wconf 86' lang='lat' dir='ltr'><strong>promissionem</strong></span> <span class='ocrx_word' id='word_1_475' title='bbox 1003 3945 1196 4000; x_wconf 69' lang='lat' dir='ltr'><strong>eduxit</strong></span> <span class='ocrx_word' id='word_1_476' title='bbox 1246 3945 1479 3999; x_wconf 90' lang='lat' dir='ltr'><strong>salutem</strong></span> <span class='ocrx_word' id='word_1_477' title='bbox 1532 3944 1724 4010; x_wconf 85' lang='lat' dir='ltr'><strong>Israel,</strong></span> <span class='ocrx_word' id='word_1_478' title='bbox 1778 3943 2113 4014; x_wconf 60' lang='lat' dir='ltr'><strong>praedicante</strong></span> 
     </span>
    </p>
   </div>
   <div class='ocr_carea' id='block_1_63' title="bbox 525 4036 2114 4108">
    <p class='ocr_par' dir='ltr' id='par_1_63' title="bbox 525 4036 2114 4108">
     <span class='ocr_line' id='line_1_63' title="bbox 525 4036 2114 4108; baseline -0.004 -12"><span class='ocrx_word' id='word_1_479' title='bbox 525 4041 736 4096; x_wconf 86' lang='lat' dir='ltr'><strong>Joanne</strong></span> <span class='ocrx_word' id='word_1_480' title='bbox 771 4048 897 4094; x_wconf 87' lang='lat' dir='ltr'><strong>ante</strong></span> <span class='ocrx_word' id='word_1_481' title='bbox 925 4038 1120 4094; x_wconf 84' lang='lat' dir='ltr'><strong>faciem</strong></span> <span class='ocrx_word' id='word_1_482' title='bbox 1151 4038 1424 4094; x_wconf 86' lang='lat' dir='ltr'><strong>adventus</strong></span> <span class='ocrx_word' id='word_1_483' title='bbox 1449 4037 1571 4108; x_wconf 81' lang='lat' dir='ltr'><strong>ejus</strong></span> <span class='ocrx_word' id='word_1_484' title='bbox 1599 4036 1876 4108; x_wconf 89' lang='lat' dir='ltr'><strong>baptisma</strong></span> <span class='ocrx_word' id='word_1_485' title='bbox 1934 4037 2114 4106; x_wconf 87' lang='lat' dir='ltr'><strong>poeni-</strong></span> 
     </span>
    </p>
   </div>
   <div class='ocr_carea' id='block_1_64' title="bbox 527 4127 2114 4201">
    <p class='ocr_par' dir='ltr' id='par_1_64' title="bbox 527 4127 2114 4201">
     <span class='ocr_line' id='line_1_64' title="bbox 527 4127 2114 4201; baseline -0.001 -16"><span class='ocrx_word' id='word_1_486' title='bbox 527 4131 713 4187; x_wconf 64' lang='lat' dir='ltr'><strong>tentim</strong></span> <span class='ocrx_word' id='word_1_487' title='bbox 748 4131 953 4201; x_wconf 87' lang='lat' dir='ltr'><strong>populo</strong></span> <span class='ocrx_word' id='word_1_488' title='bbox 985 4129 1172 4185; x_wconf 89' lang='lat' dir='ltr'><strong>Israel.</strong></span> <span class='ocrx_word' id='word_1_489' title='bbox 1207 4128 1345 4186; x_wconf 87' lang='lat' dir='ltr'><strong>Cum</strong></span> <span class='ocrx_word' id='word_1_490' title='bbox 1379 4128 1635 4199; x_wconf 89' lang='lat' dir='ltr'><strong>impleret</strong></span> <span class='ocrx_word' id='word_1_491' title='bbox 1663 4136 1846 4183; x_wconf 91' lang='lat' dir='ltr'><strong>autem</strong></span> <span class='ocrx_word' id='word_1_492' title='bbox 1871 4127 2114 4183; x_wconf 86' lang='lat' dir='ltr'><strong>Joannes</strong></span> 
     </span>
    </p>
   </div>
   <div class='ocr_carea' id='block_1_65' title="bbox 526 4217 2112 4286">
    <p class='ocr_par' dir='ltr' id='par_1_65' title="bbox 526 4217 2112 4286">
     <span class='ocr_line' id='line_1_65' title="bbox 526 4217 2112 4286; baseline -0.003 -9"><span class='ocrx_word' id='word_1_493' title='bbox 526 4239 752 4280; x_wconf 81' lang='lat' dir='ltr'><strong>cursum</strong></span> <span class='ocrx_word' id='word_1_494' title='bbox 775 4220 1198 4283; x_wconf 83' lang='lat' dir='ltr'><strong>suum,_dicebat</strong></span> <span class='ocrx_word' id='word_1_495' title='bbox 1221 4238 1265 4274; x_wconf 80' lang='grc' dir='ltr'><strong>ει</strong></span> <span class='ocrx_word' id='word_1_496' title='bbox 1288 4220 1462 4286; x_wconf 84' lang='lat' dir='ltr'><strong>Quem</strong></span> <span class='ocrx_word' id='word_1_497' title='bbox 1493 4235 1577 4274; x_wconf 90' lang='lat' dir='ltr'><strong>me</strong></span> <span class='ocrx_word' id='word_1_498' title='bbox 1598 4217 1946 4272; x_wconf 87' lang='lat' dir='ltr'><strong>arbitramini</strong></span> <span class='ocrx_word' id='word_1_499' title='bbox 1969 4232 2112 4283; x_wconf 83' lang='lat' dir='ltr'><strong>esse,</strong></span> 
     </span>
    </p>
   </div>
   <div class='ocr_carea' id='block_1_66' title="bbox 525 4315 2113 4387">
    <p class='ocr_par' dir='ltr' id='par_1_66' title="bbox 525 4315 2113 4387">
     <span class='ocr_line' id='line_1_66' title="bbox 525 4315 2113 4387; baseline -0.004 -14"><span class='ocrx_word' id='word_1_500' title='bbox 525 4334 637 4373; x_wconf 91' lang='lat' dir='ltr'><strong>non</strong></span> <span class='ocrx_word' id='word_1_501' title='bbox 661 4333 780 4372; x_wconf 86' lang='lat' dir='ltr'><strong>sum</strong></span> <span class='ocrx_word' id='word_1_502' title='bbox 805 4333 940 4387; x_wconf 86' lang='lat' dir='ltr'><strong>ego;</strong></span> <span class='ocrx_word' id='word_1_503' title='bbox 971 4315 1066 4370; x_wconf 90' lang='lat' dir='ltr'><strong>sed</strong></span> <span class='ocrx_word' id='word_1_504' title='bbox 1095 4331 1221 4371; x_wconf 87' lang='lat' dir='ltr'><strong>ecce</strong></span> <span class='ocrx_word' id='word_1_505' title='bbox 1244 4315 1397 4370; x_wconf 83' lang='lat' dir='ltr'><strong>venit</strong></span> <span class='ocrx_word' id='word_1_506' title='bbox 1419 4327 1541 4384; x_wconf 91' lang='lat' dir='ltr'><strong>post</strong></span> <span class='ocrx_word' id='word_1_507' title='bbox 1563 4331 1648 4368; x_wconf 74' lang='lat' dir='ltr'><strong>me.</strong></span> <span class='ocrx_word' id='word_1_508' title='bbox 1675 4316 1835 4384; x_wconf 89' lang='lat' dir='ltr'><strong>cujus</strong></span> <span class='ocrx_word' id='word_1_509' title='bbox 1859 4331 1970 4368; x_wconf 91' lang='lat' dir='ltr'><strong>non</strong></span> <span class='ocrx_word' id='word_1_510' title='bbox 1993 4329 2113 4368; x_wconf 88' lang='lat' dir='ltr'><strong>sum</strong></span> 
     </span>
    </p>
   </div>
   <div class='ocr_carea' id='block_1_67' title="bbox 2281 2645 3781 2718">
    <p class='ocr_par' dir='ltr' id='par_1_67' title="bbox 2281 2645 3781 2718">
     <span class='ocr_line' id='line_1_67' title="bbox 2281 2645 3781 2718; baseline 0 -18"><span class='ocrx_word' id='word_1_511' title='bbox 2281 2647 2506 2718; x_wconf 71' lang='grc' dir='ltr'>’Ἄνδρες</span> <span class='ocrx_word' id='word_1_512' title='bbox 2550 2647 2880 2718; x_wconf 81' lang='grc' dir='ltr'>Ἰσραηλῖται</span> <span class='ocrx_word' id='word_1_513' title='bbox 2934 2647 3029 2701; x_wconf 76' lang='grc' dir='ltr'>καὶ</span> <span class='ocrx_word' id='word_1_514' title='bbox 3069 2647 3119 2700; x_wconf 73' lang='lat' dir='ltr'><strong>oi</strong></span> <span class='ocrx_word' id='word_1_515' title='bbox 3149 2645 3483 2717; x_wconf 84' lang='grc' dir='ltr'>φοϐούμενοι</span> <span class='ocrx_word' id='word_1_516' title='bbox 3521 2646 3611 2700; x_wconf 88' lang='grc' dir='ltr'><strong>τὸν</strong></span> <span class='ocrx_word' id='word_1_517' title='bbox 3640 2647 3781 2713; x_wconf 83' lang='grc' dir='ltr'>Θεὸν,</span> 
     </span>
    </p>
   </div>
   <div class='ocr_carea' id='block_1_68' title="bbox 2207 2738 3784 2810">
    <p class='ocr_par' dir='ltr' id='par_1_68' title="bbox 2207 2738 3784 2810">
     <span class='ocr_line' id='line_1_68' title="bbox 2207 2738 3784 2810; baseline -0.001 -16"><span class='ocrx_word' id='word_1_518' title='bbox 2207 2741 2510 2794; x_wconf 85' lang='grc' dir='ltr'>ἀκούσατε·</span> <span class='ocrx_word' id='word_1_519' title='bbox 2568 2739 2625 2794; x_wconf 85' lang='grc' dir='ltr'>Ὀ</span> <span class='ocrx_word' id='word_1_520' title='bbox 2657 2740 2788 2804; x_wconf 84' lang='grc' dir='ltr'>Θεὸς</span> <span class='ocrx_word' id='word_1_521' title='bbox 2831 2739 3114 2809; x_wconf 78' lang='grc' dir='ltr'>ἐξελέξατο</span> <span class='ocrx_word' id='word_1_522' title='bbox 3163 2741 3289 2804; x_wconf 75' lang='grc' dir='ltr'>τοὺς</span> <span class='ocrx_word' id='word_1_523' title='bbox 3327 2738 3580 2810; x_wconf 83' lang='grc' dir='ltr'>πατέρας</span> <span class='ocrx_word' id='word_1_524' title='bbox 3621 2740 3784 2810; x_wconf 81' lang='grc' dir='ltr'>ὑμῶν,</span> 
     </span>
    </p>
   </div>
   <div class='ocr_carea' id='block_1_69' title="bbox 2208 2830 3783 2902">
    <p class='ocr_par' dir='ltr' id='par_1_69' title="bbox 2208 2830 3783 2902">
     <span class='ocr_line' id='line_1_69' title="bbox 2208 2830 3783 2902; baseline -0.003 -15"><span class='ocrx_word' id='word_1_525' title='bbox 2208 2834 2303 2887; x_wconf 77' lang='grc' dir='ltr'><strong>καὶ</strong></span> <span class='ocrx_word' id='word_1_526' title='bbox 2335 2831 2428 2886; x_wconf 85' lang='grc' dir='ltr'><strong>τὸν</strong></span> <span class='ocrx_word' id='word_1_527' title='bbox 2457 2831 2586 2886; x_wconf 89' lang='grc' dir='ltr'>λαὸν</span> <span class='ocrx_word' id='word_1_528' title='bbox 2617 2831 2831 2902; x_wconf 66' lang='grc' dir='ltr'>ὕψωσεν</span> <span class='ocrx_word' id='word_1_529' title='bbox 2856 2834 2914 2886; x_wconf 85' lang='grc' dir='ltr'><strong>ἐν</strong></span> <span class='ocrx_word' id='word_1_530' title='bbox 2941 2835 3006 2902; x_wconf 84' lang='grc' dir='ltr'>τῇ</span> <span class='ocrx_word' id='word_1_531' title='bbox 3035 2831 3300 2902; x_wconf 74' lang='grc' dir='ltr'>παροικίᾳ</span> <span class='ocrx_word' id='word_1_532' title='bbox 3330 2835 3386 2885; x_wconf 83' lang='grc' dir='ltr'><strong>ἐν</strong></span> <span class='ocrx_word' id='word_1_533' title='bbox 3414 2834 3484 2900; x_wconf 83' lang='grc' dir='ltr'>τῇ</span> <span class='ocrx_word' id='word_1_534' title='bbox 3512 2830 3783 2900; x_wconf 81' lang='grc' dir='ltr'>Αἰγύπτῳ,</span> 
     </span>
    </p>
   </div>
   <div class='ocr_carea' id='block_1_70' title="bbox 2207 2924 3786 2997">
    <p class='ocr_par' dir='ltr' id='par_1_70' title="bbox 2207 2924 3786 2997">
     <span class='ocr_line' id='line_1_70' title="bbox 2207 2924 3786 2997; baseline -0.002 -17"><span class='ocrx_word' id='word_1_535' title='bbox 2207 2927 2304 2980; x_wconf 77' lang='grc' dir='ltr'><strong>καὶ</strong></span> <span class='ocrx_word' id='word_1_536' title='bbox 2358 2926 2499 2997; x_wconf 83' lang='grc' dir='ltr'>μετὰ</span> <span class='ocrx_word' id='word_1_537' title='bbox 2549 2924 2837 2997; x_wconf 85' lang='grc' dir='ltr'>βραχίονος</span> <span class='ocrx_word' id='word_1_538' title='bbox 2872 2925 3079 2995; x_wconf 77' lang='grc' dir='ltr'>ὑψηλοῦ</span> <span class='ocrx_word' id='word_1_539' title='bbox 3113 2925 3383 2994; x_wconf 80' lang='grc' dir='ltr'>ἐξήγαγεν</span> <span class='ocrx_word' id='word_1_540' title='bbox 3413 2925 3617 2988; x_wconf 78' lang='grc' dir='ltr'>αὐτοὺς</span> <span class='ocrx_word' id='word_1_541' title='bbox 3639 2965 3654 2989; x_wconf 90' lang='grc'><strong>,</strong></span> <span class='ocrx_word' id='word_1_542' title='bbox 3700 2926 3786 2977; x_wconf 77' lang='grc' dir='ltr'><strong>καὶ</strong></span> 
     </span>
    </p>
   </div>
   <div class='ocr_carea' id='block_1_71' title="bbox 2208 3017 3786 3091">
    <p class='ocr_par' dir='ltr' id='par_1_71' title="bbox 2208 3017 3786 3091">
     <span class='ocr_line' id='line_1_71' title="bbox 2208 3017 3786 3091; baseline -0.001 -19"><span class='ocrx_word' id='word_1_543' title='bbox 2208 3019 2283 3083; x_wconf 83' lang='grc' dir='ltr'>ὡς</span> <span class='ocrx_word' id='word_1_544' title='bbox 2328 3018 2842 3090; x_wconf 85' lang='grc' dir='ltr'>τεσσαρακονταετῆ</span> <span class='ocrx_word' id='word_1_545' title='bbox 2891 3018 3082 3091; x_wconf 82' lang='grc' dir='ltr'>χρόνον</span> <span class='ocrx_word' id='word_1_546' title='bbox 3123 3017 3571 3089; x_wconf 62' lang='grc' dir='ltr'>ἐτροποφόρησεν</span> <span class='ocrx_word' id='word_1_547' title='bbox 3601 3017 3786 3081; x_wconf 75' lang='grc' dir='ltr'>αὐτοὺς</span> 
     </span>
    </p>
   </div>
   <div class='ocr_carea' id='block_1_72' title="bbox 2209 3106 3787 3182">
    <p class='ocr_par' dir='ltr' id='par_1_72' title="bbox 2209 3106 3787 3182">
     <span class='ocr_line' id='line_1_72' title="bbox 2209 3106 3787 3182; baseline -0.002 -18"><span class='ocrx_word' id='word_1_548' title='bbox 2209 3113 2267 3164; x_wconf 85' lang='grc' dir='ltr'><strong>ἐν</strong></span> <span class='ocrx_word' id='word_1_549' title='bbox 2300 3113 2365 3182; x_wconf 80' lang='grc' dir='ltr'>τῇ</span> <span class='ocrx_word' id='word_1_550' title='bbox 2395 3111 2608 3182; x_wconf 80' lang='grc' dir='ltr'>ἐρήμῳ.</span> <span class='ocrx_word' id='word_1_551' title='bbox 2648 3110 2743 3164; x_wconf 73' lang='grc' dir='ltr'><strong>καὶ</strong></span> <span class='ocrx_word' id='word_1_552' title='bbox 2773 3110 3021 3164; x_wconf 86' lang='grc' dir='ltr'>καθελὼν</span> <span class='ocrx_word' id='word_1_553' title='bbox 3054 3108 3182 3179; x_wconf 78' lang='grc' dir='ltr'>ἔθνη</span> <span class='ocrx_word' id='word_1_554' title='bbox 3213 3106 3355 3161; x_wconf 72' lang='grc' dir='ltr'>ἑπτὰ</span> <span class='ocrx_word' id='word_1_555' title='bbox 3386 3109 3447 3160; x_wconf 85' lang='grc' dir='ltr'>ὲν</span> <span class='ocrx_word' id='word_1_556' title='bbox 3478 3111 3550 3180; x_wconf 80' lang='grc' dir='ltr'>γῇ</span> <span class='ocrx_word' id='word_1_557' title='bbox 3579 3108 3787 3162; x_wconf 71' lang='grc' dir='ltr'>Χαναὰν</span> 
     </span>
    </p>
   </div>
   <div class='ocr_carea' id='block_1_73' title="bbox 2209 3197 3789 3274">
    <p class='ocr_par' dir='ltr' id='par_1_73' title="bbox 2209 3197 3789 3274">
     <span class='ocr_line' id='line_1_73' title="bbox 2209 3197 3789 3274; baseline -0.004 -17"><span class='ocrx_word' id='word_1_558' title='bbox 2209 3202 2759 3274; x_wconf 85' lang='grc' dir='ltr'>κατεκληρονόμησεν</span> <span class='ocrx_word' id='word_1_559' title='bbox 2790 3201 2975 3266; x_wconf 87' lang='grc' dir='ltr'>αὐτοῖς</span> <span class='ocrx_word' id='word_1_560' title='bbox 3006 3201 3106 3274; x_wconf 84' lang='grc' dir='ltr'>τὴν</span> <span class='ocrx_word' id='word_1_561' title='bbox 3131 3202 3236 3272; x_wconf 81' lang='grc' dir='ltr'>γῆν</span> <span class='ocrx_word' id='word_1_562' title='bbox 3263 3200 3446 3254; x_wconf 86' lang='grc' dir='ltr'>αὑτῶν</span> <span class='ocrx_word' id='word_1_563' title='bbox 3469 3217 3484 3232; x_wconf 91' lang='grc'><strong>·</strong></span> <span class='ocrx_word' id='word_1_564' title='bbox 3536 3199 3631 3254; x_wconf 76' lang='grc' dir='ltr'><strong>καὶ</strong></span> <span class='ocrx_word' id='word_1_565' title='bbox 3661 3197 3789 3268; x_wconf 77' lang='grc' dir='ltr'>μετὰ</span> 
     </span>
    </p>
   </div>
   <div class='ocr_carea' id='block_1_74' title="bbox 2207 3291 3787 3363">
    <p class='ocr_par' dir='ltr' id='par_1_74' title="bbox 2207 3291 3787 3363">
     <span class='ocr_line' id='line_1_74' title="bbox 2207 3291 3787 3363; baseline -0.001 -17"><span class='ocrx_word' id='word_1_566' title='bbox 2207 3293 2385 3348; x_wconf 79' lang='grc' dir='ltr'>ταῦτα</span> <span class='ocrx_word' id='word_1_567' title='bbox 2412 3292 2487 3357; x_wconf 81' lang='grc' dir='ltr'>ὡς</span> <span class='ocrx_word' id='word_1_568' title='bbox 2513 3292 2664 3348; x_wconf 76' lang='grc' dir='ltr'>ἔτεσι</span> <span class='ocrx_word' id='word_1_569' title='bbox 2688 3294 3066 3362; x_wconf 84' lang='grc' dir='ltr'>τετρακοσίοις</span> <span class='ocrx_word' id='word_1_570' title='bbox 3096 3293 3192 3348; x_wconf 71' lang='grc' dir='ltr'><strong>καὶ</strong></span> <span class='ocrx_word' id='word_1_571' title='bbox 3217 3294 3581 3363; x_wconf 86' lang='grc' dir='ltr'>πεντήκοντα,</span> <span class='ocrx_word' id='word_1_572' title='bbox 3604 3291 3787 3344; x_wconf 76' lang='grc' dir='ltr'>ἔδωκεν</span> 
     </span>
    </p>
   </div>
   <div class='ocr_carea' id='block_1_75' title="bbox 2210 3383 3790 3460">
    <p class='ocr_par' dir='ltr' id='par_1_75' title="bbox 2210 3383 3790 3460">
     <span class='ocr_line' id='line_1_75' title="bbox 2210 3383 3790 3460; baseline -0.003 -20"><span class='ocrx_word' id='word_1_573' title='bbox 2210 3386 2405 3460; x_wconf 82' lang='grc' dir='ltr'>κριτὰς</span> <span class='ocrx_word' id='word_1_574' title='bbox 2434 3386 2540 3451; x_wconf 81' lang='grc' dir='ltr'>ἓως</span> <span class='ocrx_word' id='word_1_575' title='bbox 2566 3386 2823 3459; x_wconf 77' lang='grc' dir='ltr'>Σαμουὴλ</span> <span class='ocrx_word' id='word_1_576' title='bbox 2852 3385 2945 3440; x_wconf 81' lang='grc' dir='ltr'>τοῦ</span> <span class='ocrx_word' id='word_1_577' title='bbox 2973 3386 3279 3458; x_wconf 75' lang='grc' dir='ltr'>προφήτου”</span> <span class='ocrx_word' id='word_1_578' title='bbox 3315 3385 3409 3440; x_wconf 77' lang='grc' dir='ltr'>καὶ</span> <span class='ocrx_word' id='word_1_579' title='bbox 3436 3385 3650 3439; x_wconf 88' lang='grc' dir='ltr'>ἐκεῖθεν</span> <span class='ocrx_word' id='word_1_580' title='bbox 3670 3383 3790 3455; x_wconf 73' lang='grc' dir='ltr'>ᾐτή-</span> 
     </span>
    </p>
   </div>
   <div class='ocr_carea' id='block_1_76' title="bbox 2211 3473 3790 3549">
    <p class='ocr_par' dir='ltr' id='par_1_76' title="bbox 2211 3473 3790 3549">
     <span class='ocr_line' id='line_1_76' title="bbox 2211 3473 3790 3549; baseline -0.003 -17"><span class='ocrx_word' id='word_1_581' title='bbox 2211 3495 2378 3534; x_wconf 89' lang='grc' dir='ltr'>σαντο</span> <span class='ocrx_word' id='word_1_582' title='bbox 2409 3478 2636 3549; x_wconf 84' lang='grc' dir='ltr'>βασιλέα</span> <span class='ocrx_word' id='word_1_583' title='bbox 2655 3517 2672 3542; x_wconf 88' lang='grc'><strong>,</strong></span> <span class='ocrx_word' id='word_1_584' title='bbox 2719 3478 2817 3533; x_wconf 75' lang='grc' dir='ltr'>καὶ</span> <span class='ocrx_word' id='word_1_585' title='bbox 2849 3478 3053 3533; x_wconf 80' lang='grc' dir='ltr'>ἔδωκεν</span> <span class='ocrx_word' id='word_1_586' title='bbox 3080 3478 3266 3541; x_wconf 87' lang='grc' dir='ltr'>αὑτοῖς</span> <span class='ocrx_word' id='word_1_587' title='bbox 3295 3479 3323 3531; x_wconf 89' lang='lat'><strong>6</strong></span> <span class='ocrx_word' id='word_1_588' title='bbox 3349 3477 3485 3541; x_wconf 82' lang='grc' dir='ltr'>Θεὸς</span> <span class='ocrx_word' id='word_1_589' title='bbox 3515 3479 3605 3531; x_wconf 87' lang='grc' dir='ltr'><strong>τὸν</strong></span> <span class='ocrx_word' id='word_1_590' title='bbox 3629 3473 3790 3529; x_wconf 81' lang='grc' dir='ltr'>Σαοὺλ</span> 
     </span>
    </p>
   </div>
   <div class='ocr_carea' id='block_1_77' title="bbox 2212 3567 3786 3644">
    <p class='ocr_par' dir='ltr' id='par_1_77' title="bbox 2212 3567 3786 3644">
     <span class='ocr_line' id='line_1_77' title="bbox 2212 3567 3786 3644; baseline -0.002 -20"><span class='ocrx_word' id='word_1_591' title='bbox 2212 3571 2327 3626; x_wconf 83' lang='grc' dir='ltr'>υἱὸν</span> <span class='ocrx_word' id='word_1_592' title='bbox 2371 3572 2510 3636; x_wconf 83' lang='grc' dir='ltr'>Κῖς,</span> <span class='ocrx_word' id='word_1_593' title='bbox 2564 3571 2737 3644; x_wconf 77' lang='grc' dir='ltr'>ἄνδρα</span> <span class='ocrx_word' id='word_1_594' title='bbox 2783 3572 2849 3624; x_wconf 84' lang='grc' dir='ltr'><strong>ἐκ</strong></span> <span class='ocrx_word' id='word_1_595' title='bbox 2892 3569 3069 3640; x_wconf 78' lang='grc' dir='ltr'>φυλῆς</span> <span class='ocrx_word' id='word_1_596' title='bbox 3104 3569 3368 3641; x_wconf 81' lang='grc' dir='ltr'>Βενιαμὶν</span> <span class='ocrx_word' id='word_1_597' title='bbox 3401 3568 3499 3640; x_wconf 78' lang='grc' dir='ltr'><strong>ἐτη</strong></span> <span class='ocrx_word' id='word_1_598' title='bbox 3529 3567 3786 3639; x_wconf 71' lang='grc' dir='ltr'>τεσσαράο</span> 
     </span>
    </p>
   </div>
   <div class='ocr_carea' id='block_1_78' title="bbox 2213 3658 3792 3736">
    <p class='ocr_par' dir='ltr' id='par_1_78' title="bbox 2213 3658 3792 3736">
     <span class='ocr_line' id='line_1_78' title="bbox 2213 3658 3792 3736; baseline -0.003 -19"><span class='ocrx_word' id='word_1_599' title='bbox 2213 3678 2415 3718; x_wconf 81' lang='grc' dir='ltr'>κοντα’</span> <span class='ocrx_word' id='word_1_600' title='bbox 2464 3664 2560 3718; x_wconf 76' lang='grc' dir='ltr'>καὶ</span> <span class='ocrx_word' id='word_1_601' title='bbox 2607 3663 2959 3736; x_wconf 84' lang='grc' dir='ltr'>μεταστήσας</span> <span class='ocrx_word' id='word_1_602' title='bbox 2995 3661 3190 3729; x_wconf 86' lang='grc' dir='ltr'>αὑτὸν,</span> <span class='ocrx_word' id='word_1_603' title='bbox 3238 3662 3465 3734; x_wconf 73' lang='grc' dir='ltr'>ἤγειρεν</span> <span class='ocrx_word' id='word_1_604' title='bbox 3497 3661 3613 3716; x_wconf 82' lang='grc' dir='ltr'>ἀντ’</span> <span class='ocrx_word' id='word_1_605' title='bbox 3639 3658 3792 3716; x_wconf 85' lang='grc' dir='ltr'><strong>αύτοῦ</strong></span> 
     </span>
    </p>
   </div>
   <div class='ocr_carea' id='block_1_79' title="bbox 2211 3744 3791 3825">
    <p class='ocr_par' dir='ltr' id='par_1_79' title="bbox 2211 3744 3791 3825">
     <span class='ocr_line' id='line_1_79' title="bbox 2211 3744 3791 3825; baseline -0.003 -17"><span class='ocrx_word' id='word_1_606' title='bbox 2211 3753 2304 3808; x_wconf 84' lang='grc' dir='ltr'><strong>τὸν</strong></span> <span class='ocrx_word' id='word_1_607' title='bbox 2334 3753 2502 3808; x_wconf 78' lang='grc' dir='ltr'>Δαϐὶδ</span> <span class='ocrx_word' id='word_1_608' title='bbox 2528 3755 2609 3817; x_wconf 88' lang='grc' dir='ltr'><strong>είς</strong></span> <span class='ocrx_word' id='word_1_609' title='bbox 2644 3752 2895 3825; x_wconf 85' lang='grc' dir='ltr'>βασιλέα,</span> <span class='ocrx_word' id='word_1_610' title='bbox 2927 3745 2972 3820; x_wconf 80' lang='grc' dir='ltr'><strong>ᾧ</strong></span> <span class='ocrx_word' id='word_1_611' title='bbox 3004 3751 3100 3806; x_wconf 75' lang='grc' dir='ltr'><strong>καὶ</strong></span> <span class='ocrx_word' id='word_1_612' title='bbox 3131 3747 3254 3804; x_wconf 74' lang='grc' dir='ltr'>εἷπε</span> <span class='ocrx_word' id='word_1_613' title='bbox 3285 3751 3668 3823; x_wconf 82' lang='grc' dir='ltr'>μαρτυρήσας·</span> <span class='ocrx_word' id='word_1_614' title='bbox 3692 3744 3791 3804; x_wconf 73' lang='grc' dir='ltr'><strong>Εὑ-</strong></span> 
     </span>
    </p>
   </div>
   <div class='ocr_carea' id='block_1_80' title="bbox 2215 3843 3790 3920">
    <p class='ocr_par' dir='ltr' id='par_1_80' title="bbox 2215 3843 3790 3920">
     <span class='ocr_line' id='line_1_80' title="bbox 2215 3843 3790 3920; baseline -0.003 -20"><span class='ocrx_word' id='word_1_615' title='bbox 2215 3863 2309 3920; x_wconf 92' lang='grc' dir='ltr'><strong>ρον</strong></span> <span class='ocrx_word' id='word_1_616' title='bbox 2337 3844 2506 3900; x_wconf 77' lang='grc' dir='ltr'>Δαϐὶδ</span> <span class='ocrx_word' id='word_1_617' title='bbox 2538 3847 2631 3899; x_wconf 88' lang='grc' dir='ltr'><strong>τὸν</strong></span> <span class='ocrx_word' id='word_1_618' title='bbox 2663 3843 2758 3899; x_wconf 80' lang='grc' dir='ltr'>τοῦ</span> <span class='ocrx_word' id='word_1_619' title='bbox 2796 3843 3030 3911; x_wconf 76' lang='grc' dir='ltr'>Ἰεσσαὶ,</span> <span class='ocrx_word' id='word_1_620' title='bbox 3070 3845 3244 3918; x_wconf 80' lang='grc' dir='ltr'>ἄνδρα</span> <span class='ocrx_word' id='word_1_621' title='bbox 3278 3845 3422 3898; x_wconf 76' lang='grc' dir='ltr'>κατὰ</span> <span class='ocrx_word' id='word_1_622' title='bbox 3448 3844 3553 3916; x_wconf 77' lang='grc' dir='ltr'><strong>τὴν</strong></span> <span class='ocrx_word' id='word_1_623' title='bbox 3580 3843 3790 3915; x_wconf 85' lang='grc' dir='ltr'>καρδίαν</span> 
     </span>
    </p>
   </div>
   <div class='ocr_carea' id='block_1_81' title="bbox 2217 3936 3790 4012">
    <p class='ocr_par' dir='ltr' id='par_1_81' title="bbox 2217 3936 3790 4012">
     <span class='ocr_line' id='line_1_81' title="bbox 2217 3936 3790 4012; baseline -0.004 -18"><span class='ocrx_word' id='word_1_624' title='bbox 2217 3958 2353 4012; x_wconf 89' lang='grc' dir='ltr'>μου,</span> <span class='ocrx_word' id='word_1_625' title='bbox 2411 3939 2474 4004; x_wconf 84' lang='grc' dir='ltr'>ὃς</span> <span class='ocrx_word' id='word_1_626' title='bbox 2521 3939 2744 4010; x_wconf 83' lang='grc' dir='ltr'>ποιήσει</span> <span class='ocrx_word' id='word_1_627' title='bbox 2791 3939 2974 3994; x_wconf 86' lang='grc' dir='ltr'>πάντα</span> <span class='ocrx_word' id='word_1_628' title='bbox 3005 3938 3074 3992; x_wconf 82' lang='grc' dir='ltr'>τὰ</span> <span class='ocrx_word' id='word_1_629' title='bbox 3105 3937 3390 4009; x_wconf 83' lang='grc' dir='ltr'>θελήματά</span> <span class='ocrx_word' id='word_1_630' title='bbox 3421 3955 3561 4009; x_wconf 88' lang='grc' dir='ltr'>μου·</span> <span class='ocrx_word' id='word_1_631' title='bbox 3613 3936 3790 3990; x_wconf 85' lang='grc' dir='ltr'>τούτου</span> 
     </span>
    </p>
   </div>
   <div class='ocr_carea' id='block_1_82' title="bbox 2213 4031 3790 4104">
    <p class='ocr_par' dir='ltr' id='par_1_82' title="bbox 2213 4031 3790 4104">
     <span class='ocr_line' id='line_1_82' title="bbox 2213 4031 3790 4104; baseline -0.004 -17"><span class='ocrx_word' id='word_1_632' title='bbox 2213 4035 2242 4087; x_wconf 91' lang='lat'><strong>6</strong></span> <span class='ocrx_word' id='word_1_633' title='bbox 2276 4033 2410 4097; x_wconf 82' lang='grc' dir='ltr'>Θεὸς</span> <span class='ocrx_word' id='word_1_634' title='bbox 2454 4033 2564 4086; x_wconf 87' lang='grc' dir='ltr'><strong>ἀπὸ</strong></span> <span class='ocrx_word' id='word_1_635' title='bbox 2609 4031 2704 4086; x_wconf 82' lang='grc' dir='ltr'>τοῦ</span> <span class='ocrx_word' id='word_1_636' title='bbox 2751 4033 3072 4104; x_wconf 82' lang='grc' dir='ltr'>σπέρματος</span> <span class='ocrx_word' id='word_1_637' title='bbox 3105 4032 3230 4086; x_wconf 88' lang='grc' dir='ltr'>κατ’</span> <span class='ocrx_word' id='word_1_638' title='bbox 3261 4031 3602 4100; x_wconf 82' lang='grc' dir='ltr'>ἐπαγγελίαν</span> <span class='ocrx_word' id='word_1_639' title='bbox 3631 4032 3790 4102; x_wconf 67' lang='grc' dir='ltr'>ἤγαγε</span> 
     </span>
    </p>
   </div>
   <div class='ocr_carea' id='block_1_83' title="bbox 2213 4121 3790 4197">
    <p class='ocr_par' dir='ltr' id='par_1_83' title="bbox 2213 4121 3790 4197">
     <span class='ocr_line' id='line_1_83' title="bbox 2213 4121 3790 4197; baseline -0.004 -18"><span class='ocrx_word' id='word_1_640' title='bbox 2213 4125 2292 4196; x_wconf 81' lang='grc' dir='ltr'>τῷ</span> <span class='ocrx_word' id='word_1_641' title='bbox 2330 4124 2549 4197; x_wconf 77' lang='grc' dir='ltr'>Ἰσραὴλ</span> <span class='ocrx_word' id='word_1_642' title='bbox 2584 4125 2883 4196; x_wconf 85' lang='grc' dir='ltr'>σωτηρίαν,</span> <span class='ocrx_word' id='word_1_643' title='bbox 2922 4125 3374 4194; x_wconf 85' lang='grc' dir='ltr'>προκηρύξαντος</span> <span class='ocrx_word' id='word_1_644' title='bbox 3411 4122 3659 4177; x_wconf 77' lang='grc' dir='ltr'>Ἰωάννου</span> <span class='ocrx_word' id='word_1_645' title='bbox 3695 4121 3790 4193; x_wconf 79' lang='grc' dir='ltr'><strong>πρὸ</strong></span> 
     </span>
    </p>
   </div>
   <div class='ocr_carea' id='block_1_84' title="bbox 2214 4213 3792 4290">
    <p class='ocr_par' dir='ltr' id='par_1_84' title="bbox 2214 4213 3792 4290">
     <span class='ocr_line' id='line_1_84' title="bbox 2214 4213 3792 4290; baseline -0.003 -20"><span class='ocrx_word' id='word_1_646' title='bbox 2214 4216 2509 4290; x_wconf 83' lang='grc' dir='ltr'>προσώπου</span> <span class='ocrx_word' id='word_1_647' title='bbox 2560 4217 2660 4288; x_wconf 84' lang='grc' dir='ltr'>τῆς</span> <span class='ocrx_word' id='word_1_648' title='bbox 2705 4216 2913 4270; x_wconf 85' lang='grc' dir='ltr'>εἰσόδου</span> <span class='ocrx_word' id='word_1_649' title='bbox 2954 4214 3122 4268; x_wconf 79' lang='grc' dir='ltr'>αὑτοῦ</span> <span class='ocrx_word' id='word_1_650' title='bbox 3169 4214 3456 4286; x_wconf 81' lang='grc' dir='ltr'>βάπτισμα</span> <span class='ocrx_word' id='word_1_651' title='bbox 3521 4213 3792 4284; x_wconf 84' lang='grc' dir='ltr'>μετανοίας</span> 
     </span>
    </p>
   </div>
   <div class='ocr_carea' id='block_1_85' title="bbox 2214 4306 3790 4383">
    <p class='ocr_par' dir='ltr' id='par_1_85' title="bbox 2214 4306 3790 4383">
     <span class='ocr_line' id='line_1_85' title="bbox 2214 4306 3790 4383; baseline -0.006 -17"><span class='ocrx_word' id='word_1_652' title='bbox 2214 4312 2294 4383; x_wconf 85' lang='grc' dir='ltr'>τῷ</span> <span class='ocrx_word' id='word_1_653' title='bbox 2335 4310 2594 4383; x_wconf 82' lang='grc' dir='ltr'>Ἰσραήλ·</span> <span class='ocrx_word' id='word_1_654' title='bbox 2647 4310 2723 4373; x_wconf 85' lang='grc' dir='ltr'><strong>ὡς</strong></span> <span class='ocrx_word' id='word_1_655' title='bbox 2767 4308 2826 4362; x_wconf 87' lang='grc' dir='ltr'>δὲ</span> <span class='ocrx_word' id='word_1_656' title='bbox 2876 4308 3119 4379; x_wconf 79' lang='grc' dir='ltr'>ἐπλήρου</span> <span class='ocrx_word' id='word_1_657' title='bbox 3158 4307 3410 4378; x_wconf 81' lang='grc' dir='ltr'>Ἰωάννης</span> <span class='ocrx_word' id='word_1_658' title='bbox 3460 4306 3555 4360; x_wconf 85' lang='grc' dir='ltr'><strong>τὸν</strong></span> <span class='ocrx_word' id='word_1_659' title='bbox 3587 4307 3790 4378; x_wconf 80' lang='grc' dir='ltr'>δρόμον,</span> 
     </span>
    </p>
   </div>
   <div class='ocr_carea' id='block_1_86' title="bbox 526 4396 2104 4490">
    <p class='ocr_par' dir='ltr' id='par_1_86' title="bbox 526 4406 2104 4484">
     <span class='ocr_line' id='line_1_86' title="bbox 526 4406 2104 4484; baseline -0.003 -19"><span class='ocrx_word' id='word_1_660' title='bbox 526 4412 726 4484; x_wconf 84' lang='lat' dir='ltr'><strong>dignus</strong></span> <span class='ocrx_word' id='word_1_661' title='bbox 777 4411 1147 4465; x_wconf 88' lang='lat' dir='ltr'><strong>calceamenta</strong></span> <span class='ocrx_word' id='word_1_662' title='bbox 1192 4408 1394 4479; x_wconf 81' lang='lat' dir='ltr'><strong>pedum</strong></span> <span class='ocrx_word' id='word_1_663' title='bbox 1439 4408 1709 4462; x_wconf 70' lang='lat' dir='ltr'><strong>solvere.)</strong></span> <span class='ocrx_word' id='word_1_664' title='bbox 1744 4406 1860 4461; x_wconf 85' lang='lat' dir='ltr'><strong>Viri</strong></span> <span class='ocrx_word' id='word_1_665' title='bbox 1887 4406 2104 4471; x_wconf 82' lang='lat' dir='ltr'><strong>fratres,</strong></span> 
     </span>
    </p>
   </div>
   <div class='ocr_carea' id='block_1_87' title="bbox 2208 4396 3792 4490">
    <p class='ocr_par' dir='ltr' id='par_1_87' title="bbox 2217 4396 3792 4474">
     <span class='ocr_line' id='line_1_87' title="bbox 2217 4396 3792 4474; baseline -0.005 -17"><span class='ocrx_word' id='word_1_666' title='bbox 2217 4405 2402 4474; x_wconf 75' lang='grc' dir='ltr'>ἐλεγεο</span> <span class='ocrx_word' id='word_1_667' title='bbox 2446 4422 2464 4455; x_wconf 78' lang='grc' dir='ltr'><strong>ι</strong></span> <span class='ocrx_word' id='word_1_668' title='bbox 2495 4402 2630 4457; x_wconf 85' lang='grc' dir='ltr'>Τίνα</span> <span class='ocrx_word' id='word_1_669' title='bbox 2652 4420 2718 4472; x_wconf 91' lang='grc' dir='ltr'><strong>με</strong></span> <span class='ocrx_word' id='word_1_670' title='bbox 2753 4401 3028 4455; x_wconf 79' lang='grc' dir='ltr'>ὑπονοεῖτε</span> <span class='ocrx_word' id='word_1_671' title='bbox 3059 4396 3230 4466; x_wconf 76' lang='grc' dir='ltr'>εἷναι;</span> <span class='ocrx_word' id='word_1_672' title='bbox 3259 4400 3358 4454; x_wconf 81' lang='grc' dir='ltr'>οὐκ</span> <span class='ocrx_word' id='word_1_673' title='bbox 3381 4401 3500 4470; x_wconf 78' lang='grc' dir='ltr'>είμὶ</span> <span class='ocrx_word' id='word_1_674' title='bbox 3526 4398 3658 4468; x_wconf 87' lang='grc' dir='ltr'>ἐγώ·</span> <span class='ocrx_word' id='word_1_675' title='bbox 3689 4397 3792 4453; x_wconf 82' lang='grc' dir='ltr'>ἀλλ’</span> 
     </span>
    </p>
   </div>
   <div class='ocr_carea' id='block_1_88' title="bbox 526 4498 2112 4574">
    <p class='ocr_par' dir='ltr' id='par_1_88' title="bbox 526 4498 2112 4574">
     <span class='ocr_line' id='line_1_88' title="bbox 526 4498 2112 4574; baseline -0.006 -15"><span class='ocrx_word' id='word_1_676' title='bbox 526 4503 624 4559; x_wconf 90' lang='lat' dir='ltr'><strong>ﬁlii</strong></span> <span class='ocrx_word' id='word_1_677' title='bbox 661 4502 884 4574; x_wconf 87' lang='lat' dir='ltr'><strong>generis</strong></span> <span class='ocrx_word' id='word_1_678' title='bbox 911 4500 1168 4565; x_wconf 65' lang='lat' dir='ltr'><strong>Abrahae,</strong></span> <span class='ocrx_word' id='word_1_679' title='bbox 1202 4510 1255 4555; x_wconf 90' lang='lat' dir='ltr'><strong>et</strong></span> <span class='ocrx_word' id='word_1_680' title='bbox 1305 4498 1397 4568; x_wconf 90' lang='lat' dir='ltr'><strong>qui</strong></span> <span class='ocrx_word' id='word_1_681' title='bbox 1428 4499 1483 4552; x_wconf 91' lang='lat' dir='ltr'><strong>in</strong></span> <span class='ocrx_word' id='word_1_682' title='bbox 1512 4498 1670 4553; x_wconf 89' lang='lat' dir='ltr'><strong>vobis</strong></span> <span class='ocrx_word' id='word_1_683' title='bbox 1696 4498 1890 4552; x_wconf 81' lang='lat' dir='ltr'><strong>timent</strong></span> <span class='ocrx_word' id='word_1_684' title='bbox 1914 4499 2112 4561; x_wconf 87' lang='lat' dir='ltr'><strong>Deum,</strong></span> 
     </span>
    </p>
   </div>
   <div class='ocr_carea' id='block_1_89' title="bbox 525 4589 2113 4662">
    <p class='ocr_par' dir='ltr' id='par_1_89' title="bbox 525 4589 2113 4662">
     <span class='ocr_line' id='line_1_89' title="bbox 525 4589 2113 4662; baseline -0.003 -17"><span class='ocrx_word' id='word_1_685' title='bbox 525 4594 684 4648; x_wconf 88' lang='lat' dir='ltr'><strong>vobis</strong></span> <span class='ocrx_word' id='word_1_686' title='bbox 712 4593 944 4647; x_wconf 84' lang='lat' dir='ltr'><strong>verbum</strong></span> <span class='ocrx_word' id='word_1_687' title='bbox 972 4590 1166 4646; x_wconf 88' lang='lat' dir='ltr'><strong>salutis</strong></span> <span class='ocrx_word' id='word_1_688' title='bbox 1207 4590 1374 4662; x_wconf 85' lang='lat' dir='ltr'><strong>hujus</strong></span> <span class='ocrx_word' id='word_1_689' title='bbox 1403 4589 1633 4644; x_wconf 85' lang='lat' dir='ltr'><strong>missum</strong></span> <span class='ocrx_word' id='word_1_690' title='bbox 1682 4597 1785 4644; x_wconf 88' lang='lat' dir='ltr'><strong>est.</strong></span> <span class='ocrx_word' id='word_1_691' title='bbox 1829 4589 1933 4654; x_wconf 85' lang='lat' dir='ltr'><strong>Qui</strong></span> <span class='ocrx_word' id='word_1_692' title='bbox 1966 4589 2113 4642; x_wconf 90' lang='lat' dir='ltr'><strong>enim</strong></span> 
     </span>
    </p>
   </div>
   <div class='ocr_carea' id='block_1_90' title="bbox 525 4680 2118 4753">
    <p class='ocr_par' dir='ltr' id='par_1_90' title="bbox 525 4680 2118 4753">
     <span class='ocr_line' id='line_1_90' title="bbox 525 4680 2118 4753; baseline -0.004 -14"><span class='ocrx_word' id='word_1_693' title='bbox 525 4683 854 4742; x_wconf 86' lang='lat' dir='ltr'><strong>habitabant</strong></span> <span class='ocrx_word' id='word_1_694' title='bbox 873 4682 1178 4740; x_wconf 85' lang='lat' dir='ltr'><strong>Jerusalem</strong></span> <span class='ocrx_word' id='word_1_695' title='bbox 1206 4691 1261 4737; x_wconf 90' lang='lat' dir='ltr'><strong>et</strong></span> <span class='ocrx_word' id='word_1_696' title='bbox 1290 4683 1572 4753; x_wconf 86' lang='lat' dir='ltr'><strong>principes</strong></span> <span class='ocrx_word' id='word_1_697' title='bbox 1597 4682 1751 4752; x_wconf 77' lang='lat' dir='ltr'><strong>ejus,‘</strong></span> <span class='ocrx_word' id='word_1_698' title='bbox 1775 4681 1924 4735; x_wconf 89' lang='lat' dir='ltr'><strong>hunc</strong></span> <span class='ocrx_word' id='word_1_699' title='bbox 1965 4680 2118 4749; x_wconf 88' lang='lat' dir='ltr'><strong>igno-</strong></span> 
     </span>
    </p>
   </div>
   <div class='ocr_carea' id='block_1_91' title="bbox 525 4772 2119 4846">
    <p class='ocr_par' dir='ltr' id='par_1_91' title="bbox 525 4772 2119 4846">
     <span class='ocr_line' id='line_1_91' title="bbox 525 4772 2119 4846; baseline -0.006 -12"><span class='ocrx_word' id='word_1_700' title='bbox 525 4788 714 4834; x_wconf 88' lang='lat' dir='ltr'><strong>rantes</strong></span> <span class='ocrx_word' id='word_1_701' title='bbox 740 4786 798 4832; x_wconf 93' lang='lat' dir='ltr'><strong>et</strong></span> <span class='ocrx_word' id='word_1_702' title='bbox 831 4792 996 4832; x_wconf 91' lang='lat' dir='ltr'><strong>voces</strong></span> <span class='ocrx_word' id='word_1_703' title='bbox 1027 4776 1452 4846; x_wconf 87' lang='lat' dir='ltr'><strong>prophetarum,</strong></span> <span class='ocrx_word' id='word_1_704' title='bbox 1487 4790 1609 4845; x_wconf 68' lang='lat' dir='ltr'><strong>qum</strong></span> <span class='ocrx_word' id='word_1_705' title='bbox 1649 4791 1749 4845; x_wconf 91' lang='lat' dir='ltr'><strong>per</strong></span> <span class='ocrx_word' id='word_1_706' title='bbox 1779 4789 1942 4829; x_wconf 90' lang='lat' dir='ltr'><strong>omne</strong></span> <span class='ocrx_word' id='word_1_707' title='bbox 1982 4772 2119 4828; x_wconf 85' lang='lat' dir='ltr'><strong>Sab-</strong></span> 
     </span>
    </p>
   </div>
   <div class='ocr_carea' id='block_1_92' title="bbox 527 4865 2114 4941">
    <p class='ocr_par' dir='ltr' id='par_1_92' title="bbox 527 4865 2114 4941">
     <span class='ocr_line' id='line_1_92' title="bbox 527 4865 2114 4941; baseline -0.006 -14"><span class='ocrx_word' id='word_1_708' title='bbox 527 4873 715 4927; x_wconf 89' lang='lat' dir='ltr'><strong>batum</strong></span> <span class='ocrx_word' id='word_1_709' title='bbox 741 4871 1023 4941; x_wconf 86' lang='lat' dir='ltr'><strong>leguntur,</strong></span> <span class='ocrx_word' id='word_1_710' title='bbox 1050 4867 1367 4938; x_wconf 75' lang='lat' dir='ltr'><strong>iudicantes</strong></span> <span class='ocrx_word' id='word_1_711' title='bbox 1389 4865 1791 4937; x_wconf 88' lang='lat' dir='ltr'><strong>impleverunt;</strong></span> <span class='ocrx_word' id='word_1_712' title='bbox 1827 4874 1883 4920; x_wconf 90' lang='lat' dir='ltr'><strong>et</strong></span> <span class='ocrx_word' id='word_1_713' title='bbox 1909 4865 2114 4918; x_wconf 91' lang='lat' dir='ltr'><strong>nullam</strong></span> 
     </span>
    </p>
   </div>
   <div class='ocr_carea' id='block_1_93' title="bbox 527 4955 2117 5028">
    <p class='ocr_par' dir='ltr' id='par_1_93' title="bbox 527 4955 2117 5028">
     <span class='ocr_line' id='line_1_93' title="bbox 527 4955 2117 5028; baseline -0.006 -10"><span class='ocrx_word' id='word_1_714' title='bbox 527 4978 751 5018; x_wconf 86' lang='lat' dir='ltr'><strong>causam</strong></span> <span class='ocrx_word' id='word_1_715' title='bbox 784 4960 979 5014; x_wconf 85' lang='lat' dir='ltr'><strong>mortis</strong></span> <span class='ocrx_word' id='word_1_716' title='bbox 1034 4958 1403 5026; x_wconf 86' lang='lat' dir='ltr'><strong>invenientes,</strong></span> <span class='ocrx_word' id='word_1_717' title='bbox 1464 4958 1741 5028; x_wconf 90' lang='lat' dir='ltr'><strong>petierunt</strong></span> <span class='ocrx_word' id='word_1_718' title='bbox 1781 4972 1812 5011; x_wconf 91' lang='lat' dir='ltr'><strong>a</strong></span> <span class='ocrx_word' id='word_1_719' title='bbox 1841 4955 2019 5011; x_wconf 89' lang='lat' dir='ltr'><strong>Pilato</strong></span> <span class='ocrx_word' id='word_1_720' title='bbox 2055 4962 2117 5008; x_wconf 94' lang='lat' dir='ltr'><strong>ut</strong></span> 
     </span>
    </p>
   </div>
   <div class='ocr_carea' id='block_1_94' title="bbox 529 5049 2114 5120">
    <p class='ocr_par' dir='ltr' id='par_1_94' title="bbox 529 5049 2114 5120">
     <span class='ocr_line' id='line_1_94' title="bbox 529 5049 2114 5120; baseline -0.006 -9"><span class='ocrx_word' id='word_1_721' title='bbox 529 5056 905 5111; x_wconf 84' lang='lat' dir='ltr'><strong>interﬁcerent</strong></span> <span class='ocrx_word' id='word_1_722' title='bbox 936 5067 1085 5106; x_wconf 90' lang='lat' dir='ltr'><strong>eum.</strong></span> <span class='ocrx_word' id='word_1_723' title='bbox 1127 5049 1377 5120; x_wconf 88' lang='lat' dir='ltr'><strong>Cumque</strong></span> <span class='ocrx_word' id='word_1_724' title='bbox 1409 5058 1887 5104; x_wconf 88' lang='lat' dir='ltr'><strong>consummassent</strong></span> <span class='ocrx_word' id='word_1_725' title='bbox 1929 5049 2114 5103; x_wconf 90' lang='lat' dir='ltr'><strong>omnia</strong></span> 
     </span>
    </p>
   </div>
   <div class='ocr_carea' id='block_1_95' title="bbox 529 5137 2120 5217">
    <p class='ocr_par' dir='ltr' id='par_1_95' title="bbox 529 5137 2120 5217">
     <span class='ocr_line' id='line_1_95' title="bbox 529 5137 2120 5217; baseline -0.003 -17"><span class='ocrx_word' id='word_1_726' title='bbox 529 5137 651 5217; x_wconf 68' lang='lat' dir='ltr'><strong>quae</strong></span> <span class='ocrx_word' id='word_1_727' title='bbox 672 5145 741 5200; x_wconf 89' lang='lat' dir='ltr'><strong>de</strong></span> <span class='ocrx_word' id='word_1_728' title='bbox 773 5159 843 5199; x_wconf 89' lang='lat' dir='ltr'><strong>eo</strong></span> <span class='ocrx_word' id='word_1_729' title='bbox 874 5143 1077 5212; x_wconf 90' lang='lat' dir='ltr'><strong>scripta</strong></span> <span class='ocrx_word' id='word_1_730' title='bbox 1105 5152 1282 5206; x_wconf 87' lang='lat' dir='ltr'><strong>erant,</strong></span> <span class='ocrx_word' id='word_1_731' title='bbox 1314 5143 1656 5213; x_wconf 88' lang='lat' dir='ltr'><strong>deponentes</strong></span> <span class='ocrx_word' id='word_1_732' title='bbox 1684 5158 1714 5197; x_wconf 90' lang='lat' dir='ltr'><strong>e</strong></span> <span class='ocrx_word' id='word_1_733' title='bbox 1744 5141 1892 5213; x_wconf 89' lang='lat' dir='ltr'><strong>ligno</strong></span> <span class='ocrx_word' id='word_1_734' title='bbox 1920 5155 2120 5211; x_wconf 81' lang='lat' dir='ltr'><strong>posue-</strong></span> 
     </span>
    </p>
   </div>
   <div class='ocr_carea' id='block_1_96' title="bbox 531 5233 2116 5293">
    <p class='ocr_par' dir='ltr' id='par_1_96' title="bbox 531 5233 2116 5293">
     <span class='ocr_line' id='line_1_96' title="bbox 531 5233 2116 5293; baseline -0.004 0"><span class='ocrx_word' id='word_1_735' title='bbox 531 5247 663 5293; x_wconf 88' lang='lat' dir='ltr'><strong>runt</strong></span> <span class='ocrx_word' id='word_1_736' title='bbox 695 5237 751 5291; x_wconf 93' lang='lat' dir='ltr'><strong>in</strong></span> <span class='ocrx_word' id='word_1_737' title='bbox 785 5244 1232 5291; x_wconf 89' lang='lat' dir='ltr'><strong>monumentum.</strong></span> <span class='ocrx_word' id='word_1_738' title='bbox 1273 5235 1419 5290; x_wconf 92' lang='lat' dir='ltr'><strong>Deus</strong></span> <span class='ocrx_word' id='word_1_739' title='bbox 1454 5251 1590 5290; x_wconf 82' lang='lat' dir='ltr'><strong>vero</strong></span> <span class='ocrx_word' id='word_1_740' title='bbox 1623 5233 1908 5289; x_wconf 87' lang='lat' dir='ltr'><strong>suscitavit</strong></span> <span class='ocrx_word' id='word_1_741' title='bbox 1936 5248 2064 5288; x_wconf 91' lang='lat' dir='ltr'><strong>eum</strong></span> <span class='ocrx_word' id='word_1_742' title='bbox 2087 5248 2116 5286; x_wconf 90' lang='lat' dir='ltr'><strong>a</strong></span> 
     </span>
    </p>
   </div>
   <div class='ocr_carea' id='block_1_97' title="bbox 530 5324 2116 5397">
    <p class='ocr_par' dir='ltr' id='par_1_97' title="bbox 530 5324 2116 5397">
     <span class='ocr_line' id='line_1_97' title="bbox 530 5324 2116 5397; baseline -0.002 -15"><span class='ocrx_word' id='word_1_743' title='bbox 530 5327 799 5393; x_wconf 86' lang='lat' dir='ltr'><strong>mortuis;</strong></span> <span class='ocrx_word' id='word_1_744' title='bbox 833 5325 927 5396; x_wconf 90' lang='lat' dir='ltr'><strong>qui</strong></span> <span class='ocrx_word' id='word_1_745' title='bbox 959 5325 1113 5380; x_wconf 85' lang='lat' dir='ltr'><strong>visus</strong></span> <span class='ocrx_word' id='word_1_746' title='bbox 1142 5337 1226 5381; x_wconf 90' lang='lat' dir='ltr'><strong>est</strong></span> <span class='ocrx_word' id='word_1_747' title='bbox 1259 5343 1357 5397; x_wconf 87' lang='lat' dir='ltr'><strong>per</strong></span> <span class='ocrx_word' id='word_1_748' title='bbox 1381 5327 1647 5396; x_wconf 89' lang='lat' dir='ltr'><strong>plurimos</strong></span> <span class='ocrx_word' id='word_1_749' title='bbox 1672 5326 1792 5380; x_wconf 89' lang='lat' dir='ltr'><strong>dies</strong></span> <span class='ocrx_word' id='word_1_750' title='bbox 1819 5325 1873 5380; x_wconf 93' lang='lat' dir='ltr'><strong>in</strong></span> <span class='ocrx_word' id='word_1_751' title='bbox 1907 5324 2116 5380; x_wconf 89' lang='lat' dir='ltr'><strong>Sabba-</strong></span> 
     </span>
    </p>
   </div>
   <div class='ocr_carea' id='block_1_98' title="bbox 532 5419 2118 5490">
    <p class='ocr_par' dir='ltr' id='par_1_98' title="bbox 532 5419 2118 5490">
     <span class='ocr_line' id='line_1_98' title="bbox 532 5419 2118 5490; baseline -0.002 -13"><span class='ocrx_word' id='word_1_752' title='bbox 532 5424 602 5477; x_wconf 86' lang='lat' dir='ltr'><strong>tis</strong></span> <span class='ocrx_word' id='word_1_753' title='bbox 626 5437 822 5477; x_wconf 89' lang='lat' dir='ltr'><strong>eorum</strong></span> <span class='ocrx_word' id='word_1_754' title='bbox 858 5437 887 5474; x_wconf 88' lang='lat' dir='ltr'><strong>a</strong></span> <span class='ocrx_word' id='word_1_755' title='bbox 919 5419 1142 5476; x_wconf 66' lang='lat' dir='ltr'><strong>Galilaaa</strong></span> <span class='ocrx_word' id='word_1_756' title='bbox 1177 5420 1231 5474; x_wconf 90' lang='lat' dir='ltr'><strong>in</strong></span> <span class='ocrx_word' id='word_1_757' title='bbox 1275 5421 1620 5485; x_wconf 87' lang='lat' dir='ltr'><strong>Jerusalem;</strong></span> <span class='ocrx_word' id='word_1_758' title='bbox 1652 5419 1748 5490; x_wconf 90' lang='lat' dir='ltr'><strong>qui</strong></span> <span class='ocrx_word' id='word_1_759' title='bbox 1793 5427 1964 5474; x_wconf 88' lang='lat' dir='ltr'><strong>testes</strong></span> <span class='ocrx_word' id='word_1_760' title='bbox 1999 5419 2118 5489; x_wconf 87' lang='lat' dir='ltr'><strong>ejus</strong></span> 
     </span>
    </p>
   </div>
   <div class='ocr_carea' id='block_1_99' title="bbox 532 5513 2117 5586">
    <p class='ocr_par' dir='ltr' id='par_1_99' title="bbox 532 5513 2117 5586">
     <span class='ocr_line' id='line_1_99' title="bbox 532 5513 2117 5586; baseline -0.002 -14"><span class='ocrx_word' id='word_1_761' title='bbox 532 5515 659 5572; x_wconf 77' lang='lat' dir='ltr'><strong>facti</strong></span> <span class='ocrx_word' id='word_1_762' title='bbox 689 5522 819 5570; x_wconf 90' lang='lat' dir='ltr'><strong>sunt</strong></span> <span class='ocrx_word' id='word_1_763' title='bbox 854 5513 909 5568; x_wconf 89' lang='lat' dir='ltr'><strong>in</strong></span> <span class='ocrx_word' id='word_1_764' title='bbox 935 5513 1092 5584; x_wconf 88' lang='lat' dir='ltr'><strong>plebe</strong></span> <span class='ocrx_word' id='word_1_765' title='bbox 1124 5515 1200 5582; x_wconf 89' lang='lat' dir='ltr'><strong>(ct</strong></span> <span class='ocrx_word' id='word_1_766' title='bbox 1232 5517 1284 5568; x_wconf 92' lang='lat' dir='ltr'><strong>in</strong></span> <span class='ocrx_word' id='word_1_767' title='bbox 1316 5515 1603 5585; x_wconf 88' lang='lat' dir='ltr'><strong>discipulis</strong></span> <span class='ocrx_word' id='word_1_768' title='bbox 1623 5515 1744 5586; x_wconf 86' lang='lat' dir='ltr'><strong>ejus</strong></span> <span class='ocrx_word' id='word_1_769' title='bbox 1767 5514 2117 5584; x_wconf 85' lang='lat' dir='ltr'><strong>etapostolis,</strong></span> 
     </span>
    </p>
   </div>
   <div class='ocr_carea' id='block_1_100' title="bbox 532 5608 2118 5682">
    <p class='ocr_par' dir='ltr' id='par_1_100' title="bbox 532 5608 2118 5682">
     <span class='ocr_line' id='line_1_100' title="bbox 532 5608 2118 5682; baseline -0.004 -14"><span class='ocrx_word' id='word_1_770' title='bbox 532 5619 659 5682; x_wconf 85' lang='lat' dir='ltr'><strong>post</strong></span> <span class='ocrx_word' id='word_1_771' title='bbox 681 5609 1152 5666; x_wconf 88' lang='lat' dir='ltr'><strong>resurrectionem</strong></span> <span class='ocrx_word' id='word_1_772' title='bbox 1174 5626 1330 5666; x_wconf 90' lang='lat' dir='ltr'><strong>suam</strong></span> <span class='ocrx_word' id='word_1_773' title='bbox 1354 5611 1508 5666; x_wconf 84' lang='lat' dir='ltr'><strong>visus</strong></span> <span class='ocrx_word' id='word_1_774' title='bbox 1522 5610 1719 5665; x_wconf 86' lang='lat' dir='ltr'><strong>diebus</strong></span> <span class='ocrx_word' id='word_1_775' title='bbox 1735 5608 2118 5680; x_wconf 88' lang='lat' dir='ltr'><strong>quadraginta,</strong></span> 
     </span>
    </p>
   </div>
   <div class='ocr_carea' id='block_1_101' title="bbox 533 5703 2120 5780">
    <p class='ocr_par' dir='ltr' id='par_1_101' title="bbox 533 5703 2120 5780">
     <span class='ocr_line' id='line_1_101' title="bbox 533 5703 2120 5780; baseline -0.001 -20"><span class='ocrx_word' id='word_1_776' title='bbox 533 5706 857 5776; x_wconf 79' lang='lat' dir='ltr'><strong>colloquens</strong></span> <span class='ocrx_word' id='word_1_777' title='bbox 889 5721 1014 5761; x_wconf 90' lang='lat' dir='ltr'><strong>cum</strong></span> <span class='ocrx_word' id='word_1_778' title='bbox 1046 5705 1127 5762; x_wconf 88' lang='lat' dir='ltr'><strong>cis</strong></span> <span class='ocrx_word' id='word_1_779' title='bbox 1158 5706 1226 5763; x_wconf 87' lang='lat' dir='ltr'><strong>de</strong></span> <span class='ocrx_word' id='word_1_780' title='bbox 1261 5721 1432 5780; x_wconf 83' lang='lat' dir='ltr'><strong>regno</strong></span> <span class='ocrx_word' id='word_1_781' title='bbox 1465 5706 1778 5777; x_wconf 80' lang='lat' dir='ltr'><strong>caelorum),</strong></span> <span class='ocrx_word' id='word_1_782' title='bbox 1814 5703 1908 5776; x_wconf 90' lang='lat' dir='ltr'><strong>qui</strong></span> <span class='ocrx_word' id='word_1_783' title='bbox 1931 5713 1987 5760; x_wconf 91' lang='lat' dir='ltr'><strong>et.</strong></span> <span class='ocrx_word' id='word_1_784' title='bbox 2023 5720 2120 5759; x_wconf 88' lang='lat' dir='ltr'><strong>no-</strong></span> 
     </span>
    </p>
   </div>
   <div class='ocr_carea' id='block_1_102' title="bbox 603 5883 1086 5952">
    <p class='ocr_par' dir='ltr' id='par_1_102' title="bbox 603 5883 1086 5952">
     <span class='ocr_line' id='line_1_102' title="bbox 603 5883 1086 5952; baseline -0.006 -14"><span class='ocrx_word' id='word_1_785' title='bbox 603 5885 645 5918; x_wconf 76' lang='lat'>“</span> <span class='ocrx_word' id='word_1_786' title='bbox 677 5885 695 5938; x_wconf 86' lang='grc' dir='ltr'><strong>Ι</strong></span> <span class='ocrx_word' id='word_1_787' title='bbox 723 5885 850 5940; x_wconf 81' lang='lat' dir='ltr'><strong>Cor.</strong></span> <span class='ocrx_word' id='word_1_788' title='bbox 887 5901 939 5952; x_wconf 67' lang='grc' dir='ltr'><strong>κ,</strong></span> <span class='ocrx_word' id='word_1_789' title='bbox 972 5883 1086 5938; x_wconf 73' lang='lat' dir='ltr'><strong>l-l.</strong></span> 
     </span>
    </p>
   </div>
   <div class='ocr_carea' id='block_1_103' title="bbox 2223 4488 3792 4566">
    <p class='ocr_par' dir='ltr' id='par_1_103' title="bbox 2223 4488 3792 4566">
     <span class='ocr_line' id='line_1_103' title="bbox 2223 4488 3792 4566; baseline -0.006 -17"><span class='ocrx_word' id='word_1_790' title='bbox 2223 4496 2332 4549; x_wconf 82' lang='grc' dir='ltr'>ἰδοὺ</span> <span class='ocrx_word' id='word_1_791' title='bbox 2365 4494 2592 4566; x_wconf 78' lang='grc' dir='ltr'>ἔρχεται</span> <span class='ocrx_word' id='word_1_792' title='bbox 2631 4494 2748 4563; x_wconf 78' lang='grc' dir='ltr'>μετ’</span> <span class='ocrx_word' id='word_1_793' title='bbox 2776 4493 2877 4562; x_wconf 83' lang='grc' dir='ltr'><strong>ἐμὲ</strong></span> <span class='ocrx_word' id='word_1_794' title='bbox 2911 4488 2972 4546; x_wconf 72' lang='grc' dir='ltr'>οὗ</span> <span class='ocrx_word' id='word_1_795' title='bbox 3004 4493 3107 4546; x_wconf 86' lang='grc' dir='ltr'><strong>οὑκ</strong></span> <span class='ocrx_word' id='word_1_796' title='bbox 3135 4493 3254 4561; x_wconf 76' lang='grc' dir='ltr'>εἰμὶ</span> <span class='ocrx_word' id='word_1_797' title='bbox 3283 4491 3438 4558; x_wconf 77' lang='grc' dir='ltr'>ἄξιος</span> <span class='ocrx_word' id='word_1_798' title='bbox 3468 4491 3530 4544; x_wconf 83' lang='grc' dir='ltr'><strong>τὸ</strong></span> <span class='ocrx_word' id='word_1_799' title='bbox 3560 4490 3792 4558; x_wconf 72' lang='grc' dir='ltr'>ὑπόδημα</span> 
     </span>
    </p>
   </div>
   <div class='ocr_carea' id='block_1_104' title="bbox 2219 4581 3792 4654">
    <p class='ocr_par' dir='ltr' id='par_1_104' title="bbox 2219 4581 3792 4654">
     <span class='ocr_line' id='line_1_104' title="bbox 2219 4581 3792 4654; baseline -0.004 -16"><span class='ocrx_word' id='word_1_800' title='bbox 2219 4585 2327 4640; x_wconf 84' lang='grc' dir='ltr'>τῶν</span> <span class='ocrx_word' id='word_1_801' title='bbox 2376 4585 2555 4639; x_wconf 83' lang='grc' dir='ltr'>ποδῶν</span> <span class='ocrx_word' id='word_1_802' title='bbox 2603 4585 2782 4637; x_wconf 83' lang='grc' dir='ltr'>λῦσαι.</span> <span class='ocrx_word' id='word_1_803' title='bbox 2817 4603 2835 4635; x_wconf 75' lang='grc' dir='ltr'><strong>ι</strong></span> <span class='ocrx_word' id='word_1_804' title='bbox 2869 4584 3097 4654; x_wconf 71' lang='grc' dir='ltr'>’Ἄνδρες</span> <span class='ocrx_word' id='word_1_805' title='bbox 3161 4583 3408 4652; x_wconf 72' lang='grc' dir='ltr'>ἀδελφοὶ,</span> <span class='ocrx_word' id='word_1_806' title='bbox 3468 4582 3575 4636; x_wconf 72' lang='grc' dir='ltr'>υἱοὶ</span> <span class='ocrx_word' id='word_1_807' title='bbox 3621 4581 3792 4650; x_wconf 80' lang='grc' dir='ltr'>γένους</span> 
     </span>
    </p>
   </div>
   <div class='ocr_carea' id='block_1_105' title="bbox 2232 4673 3791 4750">
    <p class='ocr_par' dir='ltr' id='par_1_105' title="bbox 2232 4673 3791 4750">
     <span class='ocr_line' id='line_1_105' title="bbox 2232 4673 3791 4750; baseline -0.004 -19"><span class='ocrx_word' id='word_1_808' title='bbox 2232 4678 2488 4750; x_wconf 77' lang='grc' dir='ltr'>Ἀϐραὰμ</span> <span class='ocrx_word' id='word_1_809' title='bbox 2539 4676 2635 4730; x_wconf 70' lang='grc' dir='ltr'><strong>καὶ</strong></span> <span class='ocrx_word' id='word_1_810' title='bbox 2664 4677 2714 4730; x_wconf 83' lang='grc' dir='ltr'>οἱ</span> <span class='ocrx_word' id='word_1_811' title='bbox 2748 4677 2805 4728; x_wconf 85' lang='grc' dir='ltr'><strong>ἐν</strong></span> <span class='ocrx_word' id='word_1_812' title='bbox 2841 4676 2969 4747; x_wconf 85' lang='grc' dir='ltr'>ὑμῖν</span> <span class='ocrx_word' id='word_1_813' title='bbox 3015 4674 3340 4746; x_wconf 71' lang='grc' dir='ltr'>φοϐούμενοι</span> <span class='ocrx_word' id='word_1_814' title='bbox 3372 4675 3466 4728; x_wconf 87' lang='grc' dir='ltr'><strong>τὸν</strong></span> <span class='ocrx_word' id='word_1_815' title='bbox 3497 4674 3648 4737; x_wconf 84' lang='grc' dir='ltr'>Θεὸν,</span> <span class='ocrx_word' id='word_1_816' title='bbox 3678 4673 3791 4740; x_wconf 74' lang='grc' dir='ltr'>ὑμῖν</span> 
     </span>
    </p>
   </div>
   <div class='ocr_carea' id='block_1_106' title="bbox 2221 4765 3793 4840">
    <p class='ocr_par' dir='ltr' id='par_1_106' title="bbox 2221 4765 3793 4840">
     <span class='ocr_line' id='line_1_106' title="bbox 2221 4765 3793 4840; baseline -0.008 -14"><span class='ocrx_word' id='word_1_817' title='bbox 2221 4774 2250 4826; x_wconf 90' lang='lat'><strong>6</strong></span> <span class='ocrx_word' id='word_1_818' title='bbox 2277 4772 2449 4840; x_wconf 83' lang='grc' dir='ltr'>Λόγος</span> <span class='ocrx_word' id='word_1_819' title='bbox 2482 4771 2580 4840; x_wconf 79' lang='grc' dir='ltr'><strong>τῆς</strong></span> <span class='ocrx_word' id='word_1_820' title='bbox 2609 4767 2882 4839; x_wconf 86' lang='grc' dir='ltr'>σωτηρίας</span> <span class='ocrx_word' id='word_1_821' title='bbox 2908 4767 3112 4838; x_wconf 79' lang='grc' dir='ltr'>ταύτης</span> <span class='ocrx_word' id='word_1_822' title='bbox 3141 4767 3448 4836; x_wconf 81' lang='grc' dir='ltr'>ἀπεστάλη·</span> <span class='ocrx_word' id='word_1_823' title='bbox 3483 4769 3531 4820; x_wconf 75' lang='lat' dir='ltr'><strong>oi</strong></span> <span class='ocrx_word' id='word_1_824' title='bbox 3560 4765 3663 4835; x_wconf 74' lang='grc' dir='ltr'>γὰρ</span> <span class='ocrx_word' id='word_1_825' title='bbox 3687 4779 3793 4816; x_wconf 81' lang='grc' dir='ltr'>κατ-</span> 
     </span>
    </p>
   </div>
   <div class='ocr_carea' id='block_1_107' title="bbox 2222 4857 3791 4932">
    <p class='ocr_par' dir='ltr' id='par_1_107' title="bbox 2222 4857 3791 4932">
     <span class='ocr_line' id='line_1_107' title="bbox 2222 4857 3791 4932; baseline -0.009 -14"><span class='ocrx_word' id='word_1_826' title='bbox 2222 4864 2550 4932; x_wconf 85' lang='grc' dir='ltr'>οικήσαντες</span> <span class='ocrx_word' id='word_1_827' title='bbox 2592 4860 2815 4932; x_wconf 76' lang='grc' dir='ltr'>Ἰσραὴλ</span> <span class='ocrx_word' id='word_1_828' title='bbox 2866 4861 2960 4913; x_wconf 78' lang='grc' dir='ltr'>καὶ</span> <span class='ocrx_word' id='word_1_829' title='bbox 2999 4861 3049 4911; x_wconf 84' lang='grc' dir='ltr'>οἱ</span> <span class='ocrx_word' id='word_1_830' title='bbox 3083 4862 3346 4931; x_wconf 84' lang='grc' dir='ltr'>ἄρχοντες</span> <span class='ocrx_word' id='word_1_831' title='bbox 3381 4859 3586 4924; x_wconf 80' lang='grc' dir='ltr'>αὐτῶν,</span> <span class='ocrx_word' id='word_1_832' title='bbox 3623 4857 3791 4910; x_wconf 79' lang='grc' dir='ltr'>τοῦτον</span> 
     </span>
    </p>
   </div>
   <div class='ocr_carea' id='block_1_108' title="bbox 2216 4949 3790 5026">
    <p class='ocr_par' dir='ltr' id='par_1_108' title="bbox 2216 4949 3790 5026">
     <span class='ocr_line' id='line_1_108' title="bbox 2216 4949 3790 5026; baseline -0.008 -16"><span class='ocrx_word' id='word_1_833' title='bbox 2216 4955 2592 5026; x_wconf 81' lang='grc' dir='ltr'>ἀγνοήσαντες</span> <span class='ocrx_word' id='word_1_834' title='bbox 2641 4953 2740 5008; x_wconf 63' lang='grc' dir='ltr'><strong>καλ⁵</strong></span> <span class='ocrx_word' id='word_1_835' title='bbox 2787 4953 2889 5016; x_wconf 81' lang='grc' dir='ltr'>τὰς</span> <span class='ocrx_word' id='word_1_836' title='bbox 2939 4953 3122 5020; x_wconf 64' lang='grc' dir='ltr'>φωνὰς</span> <span class='ocrx_word' id='word_1_837' title='bbox 3170 4951 3281 5005; x_wconf 84' lang='grc' dir='ltr'><strong>τῶν</strong></span> <span class='ocrx_word' id='word_1_838' title='bbox 3322 4951 3623 5023; x_wconf 66' lang='grc' dir='ltr'>προφητῶν</span> <span class='ocrx_word' id='word_1_839' title='bbox 3670 4949 3790 5002; x_wconf 69' lang='grc' dir='ltr'>κατα</span> 
     </span>
    </p>
   </div>
   <div class='ocr_carea' id='block_1_109' title="bbox 2217 5041 3788 5116">
    <p class='ocr_par' dir='ltr' id='par_1_109' title="bbox 2217 5041 3788 5116">
     <span class='ocr_line' id='line_1_109' title="bbox 2217 5041 3788 5116; baseline -0.009 -12"><span class='ocrx_word' id='word_1_840' title='bbox 2217 5050 2326 5104; x_wconf 82' lang='grc' dir='ltr'>πᾶν</span> <span class='ocrx_word' id='word_1_841' title='bbox 2373 5048 2651 5101; x_wconf 80' lang='grc' dir='ltr'>Σάϐϐατον</span> <span class='ocrx_word' id='word_1_842' title='bbox 2702 5044 3261 5116; x_wconf 85' lang='grc' dir='ltr'>ἀναγινωσκομένας,</span> <span class='ocrx_word' id='word_1_843' title='bbox 3323 5048 3610 5116; x_wconf 85' lang='grc' dir='ltr'>κρίναντες</span> <span class='ocrx_word' id='word_1_844' title='bbox 3640 5041 3788 5110; x_wconf 73' lang='grc' dir='ltr'>ἐπλή-</span> 
     </span>
    </p>
   </div>
   <div class='ocr_carea' id='block_1_110' title="bbox 2220 5133 3788 5214">
    <p class='ocr_par' dir='ltr' id='par_1_110' title="bbox 2220 5133 3788 5214">
     <span class='ocr_line' id='line_1_110' title="bbox 2220 5133 3788 5214; baseline -0.008 -18"><span class='ocrx_word' id='word_1_845' title='bbox 2220 5157 2423 5214; x_wconf 83' lang='grc' dir='ltr'>ρωσαν·</span> <span class='ocrx_word' id='word_1_846' title='bbox 2461 5141 2556 5194; x_wconf 74' lang='grc' dir='ltr'><strong>καὶ</strong></span> <span class='ocrx_word' id='word_1_847' title='bbox 2590 5137 2864 5211; x_wconf 83' lang='grc' dir='ltr'>μηδεμίαν</span> <span class='ocrx_word' id='word_1_848' title='bbox 2896 5138 3081 5192; x_wconf 80' lang='grc' dir='ltr'>αἰτίαν</span> <span class='ocrx_word' id='word_1_849' title='bbox 3110 5138 3347 5193; x_wconf 81' lang='grc' dir='ltr'>θανάτου</span> <span class='ocrx_word' id='word_1_850' title='bbox 3379 5139 3650 5207; x_wconf 82' lang='grc' dir='ltr'>εὑρόντες,</span> <span class='ocrx_word' id='word_1_851' title='bbox 3675 5133 3788 5204; x_wconf 68' lang='grc' dir='ltr'>ᾐτη-</span> 
     </span>
    </p>
   </div>
   <div class='ocr_carea' id='block_1_111' title="bbox 2223 5228 3788 5302">
    <p class='ocr_par' dir='ltr' id='par_1_111' title="bbox 2223 5228 3788 5302">
     <span class='ocr_line' id='line_1_111' title="bbox 2223 5228 3788 5302; baseline -0.008 -13"><span class='ocrx_word' id='word_1_852' title='bbox 2223 5253 2323 5290; x_wconf 92' lang='grc' dir='ltr'><strong>σαν</strong></span> <span class='ocrx_word' id='word_1_853' title='bbox 2347 5235 2439 5289; x_wconf 86' lang='grc' dir='ltr'><strong>τὸν</strong></span> <span class='ocrx_word' id='word_1_854' title='bbox 2473 5233 2707 5289; x_wconf 79' lang='grc' dir='ltr'>Πιλᾶτον</span> <span class='ocrx_word' id='word_1_855' title='bbox 2730 5233 3089 5302; x_wconf 80' lang='grc' dir='ltr'>ἀναιρεθῆναι</span> <span class='ocrx_word' id='word_1_856' title='bbox 3130 5233 3315 5287; x_wconf 81' lang='grc' dir='ltr'>αὐτόν.</span> <span class='ocrx_word' id='word_1_857' title='bbox 3360 5233 3447 5296; x_wconf 78' lang='grc' dir='ltr'>Ὠς</span> <span class='ocrx_word' id='word_1_858' title='bbox 3470 5232 3526 5286; x_wconf 78' lang='grc' dir='ltr'>δὲ</span> <span class='ocrx_word' id='word_1_859' title='bbox 3560 5228 3788 5284; x_wconf 85' lang='grc' dir='ltr'>ἐτέλεσαν</span> 
     </span>
    </p>
   </div>
   <div class='ocr_carea' id='block_1_112' title="bbox 2231 5316 3785 5397">
    <p class='ocr_par' dir='ltr' id='par_1_112' title="bbox 2231 5316 3785 5397">
     <span class='ocr_line' id='line_1_112' title="bbox 2231 5316 3785 5397; baseline -0.008 -15"><span class='ocrx_word' id='word_1_860' title='bbox 2231 5328 2413 5382; x_wconf 78' lang='grc' dir='ltr'>πάντα</span> <span class='ocrx_word' id='word_1_861' title='bbox 2449 5325 2579 5397; x_wconf 75' lang='grc' dir='ltr'>περὶ</span> <span class='ocrx_word' id='word_1_862' title='bbox 2606 5326 2774 5379; x_wconf 82' lang='grc' dir='ltr'>αὑτοῦ</span> <span class='ocrx_word' id='word_1_863' title='bbox 2805 5325 3191 5397; x_wconf 84' lang='grc' dir='ltr'>γεγραμμένα,</span> <span class='ocrx_word' id='word_1_864' title='bbox 3223 5325 3546 5387; x_wconf 86' lang='grc' dir='ltr'>καθελόντες</span> <span class='ocrx_word' id='word_1_865' title='bbox 3582 5321 3682 5375; x_wconf 87' lang='grc' dir='ltr'>ἀπὸ</span> <span class='ocrx_word' id='word_1_866' title='bbox 3706 5316 3785 5370; x_wconf 82' lang='grc' dir='ltr'>τοῦ</span> 
     </span>
    </p>
   </div>
   <div class='ocr_carea' id='block_1_113' title="bbox 2230 5412 3787 5492">
    <p class='ocr_par' dir='ltr' id='par_1_113' title="bbox 2230 5412 3787 5492">
     <span class='ocr_line' id='line_1_113' title="bbox 2230 5412 3787 5492; baseline -0.008 -16"><span class='ocrx_word' id='word_1_867' title='bbox 2230 5421 2387 5488; x_wconf 79' lang='grc' dir='ltr'>ξύλου</span> <span class='ocrx_word' id='word_1_868' title='bbox 2422 5420 2630 5492; x_wconf 77' lang='grc' dir='ltr'>ἔθηκαν</span> <span class='ocrx_word' id='word_1_869' title='bbox 2661 5419 2741 5483; x_wconf 87' lang='grc' dir='ltr'><strong>είς</strong></span> <span class='ocrx_word' id='word_1_870' title='bbox 2773 5421 3038 5490; x_wconf 85' lang='grc' dir='ltr'>μνημεῖον</span> <span class='ocrx_word' id='word_1_871' title='bbox 3057 5435 3068 5449; x_wconf 90' lang='grc'><strong>·</strong></span> <span class='ocrx_word' id='word_1_872' title='bbox 3106 5420 3135 5471; x_wconf 90' lang='lat'><strong>6</strong></span> <span class='ocrx_word' id='word_1_873' title='bbox 3159 5418 3215 5473; x_wconf 87' lang='grc' dir='ltr'><strong>δέ</strong></span> <span class='ocrx_word' id='word_1_874' title='bbox 3241 5419 3375 5483; x_wconf 88' lang='grc' dir='ltr'>Θεὸς</span> <span class='ocrx_word' id='word_1_875' title='bbox 3401 5420 3621 5490; x_wconf 78' lang='grc' dir='ltr'>ἤγειρεν</span> <span class='ocrx_word' id='word_1_876' title='bbox 3645 5412 3787 5471; x_wconf 73' lang='grc' dir='ltr'>αὐτὸν</span> 
     </span>
    </p>
   </div>
   <div class='ocr_carea' id='block_1_114' title="bbox 2228 5503 3785 5588">
    <p class='ocr_par' dir='ltr' id='par_1_114' title="bbox 2228 5503 3785 5588">
     <span class='ocr_line' id='line_1_114' title="bbox 2228 5503 3785 5588; baseline -0.008 -18"><span class='ocrx_word' id='word_1_877' title='bbox 2228 5517 2295 5571; x_wconf 87' lang='grc' dir='ltr'><strong>ἐκ</strong></span> <span class='ocrx_word' id='word_1_878' title='bbox 2343 5513 2554 5588; x_wconf 83' lang='grc' dir='ltr'>νεκρῶν</span> <span class='ocrx_word' id='word_1_879' title='bbox 2575 5554 2588 5578; x_wconf 92' lang='grc'><strong>,</strong></span> <span class='ocrx_word' id='word_1_880' title='bbox 2635 5513 2694 5578; x_wconf 78' lang='grc' dir='ltr'>ὃς</span> <span class='ocrx_word' id='word_1_881' title='bbox 2726 5513 2884 5585; x_wconf 78' lang='grc' dir='ltr'>ὤφθη</span> <span class='ocrx_word' id='word_1_882' title='bbox 2917 5511 3012 5567; x_wconf 73' lang='grc' dir='ltr'><strong>ἐπὶ</strong></span> <span class='ocrx_word' id='word_1_883' title='bbox 3040 5513 3256 5585; x_wconf 87' lang='grc' dir='ltr'>ἡμέρας</span> <span class='ocrx_word' id='word_1_884' title='bbox 3283 5513 3500 5575; x_wconf 87' lang='grc' dir='ltr'>πλείους</span> <span class='ocrx_word' id='word_1_885' title='bbox 3527 5513 3637 5572; x_wconf 80' lang='grc' dir='ltr'>τοῖς</span> <span class='ocrx_word' id='word_1_886' title='bbox 3663 5503 3785 5561; x_wconf 78' lang='grc' dir='ltr'><strong>Σάϐ-</strong></span> 
     </span>
    </p>
   </div>
   <div class='ocr_carea' id='block_1_115' title="bbox 2229 5596 3789 5678">
    <p class='ocr_par' dir='ltr' id='par_1_115' title="bbox 2229 5596 3789 5678">
     <span class='ocr_line' id='line_1_115' title="bbox 2229 5596 3789 5678; baseline -0.008 -14"><span class='ocrx_word' id='word_1_887' title='bbox 2229 5609 2390 5664; x_wconf 87' lang='grc' dir='ltr'>ϐασιν</span> <span class='ocrx_word' id='word_1_888' title='bbox 2423 5607 2604 5662; x_wconf 81' lang='grc' dir='ltr'>αὐτῶν</span> <span class='ocrx_word' id='word_1_889' title='bbox 2638 5608 2747 5662; x_wconf 86' lang='grc' dir='ltr'>ἀπὸ</span> <span class='ocrx_word' id='word_1_890' title='bbox 2772 5607 2872 5676; x_wconf 81' lang='grc' dir='ltr'>τῆς</span> <span class='ocrx_word' id='word_1_891' title='bbox 2894 5607 3192 5672; x_wconf 89' lang='grc' dir='ltr'>Γαλιλαίας</span> <span class='ocrx_word' id='word_1_892' title='bbox 3221 5608 3302 5672; x_wconf 89' lang='grc' dir='ltr'><strong>είς</strong></span> <span class='ocrx_word' id='word_1_893' title='bbox 3338 5596 3789 5678; x_wconf 80' lang='grc' dir='ltr'>Ἰερουσαλὴμ,οί-</span> 
     </span>
    </p>
   </div>
   <div class='ocr_carea' id='block_1_116' title="bbox 2228 5690 3784 5774">
    <p class='ocr_par' dir='ltr' id='par_1_116' title="bbox 2228 5690 3784 5774">
     <span class='ocr_line' id='line_1_116' title="bbox 2228 5690 3784 5774; baseline -0.004 -17"><span class='ocrx_word' id='word_1_894' title='bbox 2228 5719 2375 5767; x_wconf 81' lang='grc' dir='ltr'>τινες</span> <span class='ocrx_word' id='word_1_895' title='bbox 2413 5701 2693 5774; x_wconf 81' lang='grc' dir='ltr'>μάρτυρες</span> <span class='ocrx_word' id='word_1_896' title='bbox 2725 5698 2892 5757; x_wconf 82' lang='grc' dir='ltr'>αὐτοῦ</span> <span class='ocrx_word' id='word_1_897' title='bbox 2922 5700 3215 5770; x_wconf 87' lang='grc' dir='ltr'>γεγόνασιν</span> <span class='ocrx_word' id='word_1_898' title='bbox 3247 5702 3306 5755; x_wconf 81' lang='grc' dir='ltr'><strong>ἐν</strong></span> <span class='ocrx_word' id='word_1_899' title='bbox 3335 5700 3413 5774; x_wconf 79' lang='grc' dir='ltr'>τῷ</span> <span class='ocrx_word' id='word_1_900' title='bbox 3437 5698 3550 5770; x_wconf 78' lang='grc' dir='ltr'><strong>λαῷ</strong></span> <span class='ocrx_word' id='word_1_901' title='bbox 3577 5694 3664 5750; x_wconf 76' lang='grc' dir='ltr'><strong>καὶ</strong></span> <span class='ocrx_word' id='word_1_902' title='bbox 3690 5690 3784 5750; x_wconf 78' lang='grc' dir='ltr'>τοῖς</span> 
     </span>
    </p>
   </div>
  </div>
