4072 6524
367 377 506 446 ί269

1386 385 1846 450 DISPUTATIO
1880 389 2282 452 ADVERSUS
2322 389 2652 452 JUD.’EOS.

3417 382 3421 386 “
3513 377 3650 444 1270

366 499 641 572 μαθηταῖς
672 497 840 554 αὑτοῦ
870 497 966 552 καὶ
994 498 1342 564 ἀποστόλοις,
1373 502 1512 572 μετά
1537 505 1634 574 τὴν
1659 503 1956 560 ἀνάστασιν

2071 507 2153 562 bis
2184 508 2585 562 nuntiaverunt
2633 515 2690 560 et
2741 501 2903 558 nobis
2947 497 3203 556 similiter
3233 493 3489 551 nuntiant
3525 510 3646 548 eam

360 593 528 646 αὑτοῦ
558 593 931 663 ὀπτανόμενος
963 592 1058 645 ἐπὶ
1087 591 1306 664 ἡμέρας
1335 596 1771 664 τεσσαράκοντα,
1809 596 1952 668 ὡμί-

359 686 444 741 λει
499 689 686 752 αὐτοῖς
738 687 808 742 τὰ
860 686 990 758 περὶ
1036 687 1139 757 τῆς
1185 687 1466 758 βασιλείας
1513 689 1625 744 τῶν
1669 690 1951 762 οὑρανῶνο

359 779 558 844 οἵτινες
614 779 710 833 καὶ
759 779 892 850 ὑμῖν
945 779 1378 851 εύηγγελίσαντο
1431 781 1528 835 καὶ
1573 783 1706 853 ήμϊν
1752 783 1955 854 ὁμοίως

359 872 817 944 εὐαγγελίζονται
863 875 965 946 τὴν
1002 875 1140 946 πρὸς
1175 877 1306 941 τοὺς
1343 877 1588 949 πατέρας
1619 879 1954 951 ἐπαγγελίαν

2059 617 2183 672 qua:
2207 602 2274 655 ad
2311 610 2497 672 patres
2526 606 2742 655 vestros
2785 593 3148 666 repromissio
3180 590 3323 645 facta
3363 597 3468 662 est,
3505 603 3647 658 quo-

2061 693 2210 748 niam
2243 694 2388 748 hanc
2412 692 2560 747 Deus
2589 687 2915 759 adimplevit
2946 685 3071 741 ﬁliis
3099 699 3319 748 eorum,
3359 679 3524 736 nobis
3555 695 3646 734 re-

2062 786 2337 850 suscitans
2364 785 2553 841 Jesum
2578 799 2592 848 ;
2621 782 2768 838 sicut
2799 788 2854 837 et
2889 779 2946 835 in
2981 779 3199 835 Psalmo
3223 776 3496 848 scriptum
3522 782 3607 828 est
3633 791 3646 826 :

2069 897 2087 931 ι
2121 878 2295 934 Filius
2325 893 2484 932 meus
2507 891 2567 931 es
2595 883 2675 939 tu,
2706 889 2808 944 ego
2837 872 3003 928 hodie
3029 869 3192 944 genui
3221 879 3272 925 te
3295 868 3396 922 ³⁸.»

357 964 683 1034 γενομένην,
715 965 798 1018 ότι
831 963 1040 1033 ταύτην
1071 967 1100 1020 ό
1126 965 1259 1030 Θεὸς
1289 967 1692 1041 ἐκπεπλήρωκε
1719 974 1834 1036 τοῖς
1857 970 2072 1036 τέκνοις
2101 970 2302 1037 αὑτῶν,
2336 971 2468 1041 ἡμῖν
2534 966 2847 1037 ἀναστήσας
2911 963 3148 1034 Ἰησοῦν·
3183 962 3258 1028 ὡς
3325 961 3420 1015 καὶ
3489 959 3545 1011 ἐν
3576 955 3650 1029 τῷ

356 1057 560 1129 ψαλμῷ
585 1058 914 1129 γέγραπται.
942 1077 961 1110 ‹
1001 1059 1130 1123 Υίός
1162 1077 1264 1130 μου
1287 1055 1337 1114 εί
1371 1061 1456 1128 σὺ,
1498 1062 1611 1133 ἐγὼ
1646 1065 1888 1137 σήμερον
1924 1063 2236 1135 γεγέννηκά
2264 1080 2341 1116 σε.
2383 1081 2402 1115 ι

428 1148 550 1201 Ὅτι
584 1149 640 1200 δὲ
683 1148 985 1220 ἀνέστησεν
1017 1151 1181 1204 αὑτὸν
1227 1153 1292 1206 ἐκ
1325 1153 1538 1224 νεκρῶν
1577 1157 1776 1227 μηκέτι
1823 1157 1954 1229 μέλ-

357 1237 521 1292 λοντα
553 1239 920 1311 ὑποστρέφειν
951 1243 1031 1307 είς
1057 1242 1385 1317 διαφθοράν,
1424 1246 1598 1313 οὕτως
1624 1249 1915 1322 εἰρήκασιν
1941 1266 1955 1280 ·

359 1330 486 1385 Ὀτι
509 1331 667 1387 δώσω
718 1333 848 1404 ὑμῖν
900 1333 970 1389 τά
1019 1335 1141 1390 ὅσια
1175 1339 1343 1393 Δαὸὶδ
1377 1339 1444 1395 τὰ
1481 1342 1683 1397 πιστά·
1733 1343 1816 1398 διὸ
1864 1344 1960 1398 καὶ

358 1423 418 1475 ἐν
447 1424 620 1496 ἑτέρῳ
645 1425 828 1494 λέγει·
867 1445 888 1479 ι
916 1428 992 1482 Οὐ
1023 1428 1217 1495 δώσεις
1259 1431 1351 1488 τὸν
1377 1432 1524 1489 ὅσιόν
1552 1451 1647 1488 σου
1683 1434 1810 1490 ίδεῖν
1835 1435 1955 1490 δια-

359 1512 626 1584 φθοράν.»
661 1515 828 1570 Δαὸὶδ
880 1517 980 1589 μὲν
1017 1518 1128 1589 γὰρ
1169 1523 1236 1592 τῇ
1274 1520 1381 1595 ἰδίᾳ
1410 1524 1576 1596 γενεᾷ
1603 1525 1959 1598 ὑπηρετήσας

356 1609 426 1680 τῇ
477 1607 572 1662 τοῦ
620 1608 760 1662 Θεοῦ
799 1609 1001 1682 βουλῇ,
1051 1611 1319 1686 ἐκοιμήθη
1352 1615 1450 1668 καὶ
1479 1617 1787 1690 προσετέθη
1822 1618 1960 1690 πρὸς

2127 1156 2286 1224 Quod
2338 1166 2522 1212 autem
2583 1151 2871 1210 suscitavit
2903 1165 3031 1207 cum
3059 1165 3092 1205 a
3125 1147 3362 1203 mortuis
3422 1144 3653 1200 minime

2058 1267 2418 1308 reversurum
2453 1250 2511 1305 in
2539 1247 2978 1319 corruptionem,
3021 1244 3096 1299 ita
3124 1242 3264 1297 dixit
3296 1257 3310 1296 :
3343 1239 3481 1307 Quia
3507 1238 3653 1294 dabo

2057 1344 2214 1400 vobis
2269 1352 2458 1399 sancta
2515 1341 2688 1397 David
2740 1339 2945 1396 ﬁdelia.
2989 1337 3229 1406 Ideoque
3290 1333 3425 1388 alias
3477 1331 3651 1386 dicit:

2065 1455 2084 1488 ι
2114 1436 2236 1492 Non
2265 1435 2424 1491 dabis
2463 1443 2715 1490 sanctum
2746 1441 2901 1487 tuum
2949 1428 3140 1485 videre
3168 1423 3602 1495 corruptionem.
3628 1440 3648 1474 ι

2055 1529 2231 1587 David
2285 1529 2434 1586 enim
2471 1528 2528 1583 in
2578 1542 2677 1584 sua
2735 1523 3115 1598 generatione,
3164 1534 3291 1575 cum
3354 1517 3656 1573 obsecutus

2057 1623 2256 1681 fuisset
2303 1621 2578 1679 voluntati
2641 1621 2764 1687 Dei,
2817 1615 3081 1675 dormivit
3131 1622 3188 1671 et
3235 1611 3520 1684 appositus
3572 1618 3658 1666 cst

360 1701 488 1764 τοὺς
537 1701 784 1773 πατέρας
833 1703 1038 1774 αὑτοῦ,
1098 1706 1196 1761 καὶ
1245 1701 1357 1761 οἶδε
1403 1708 1738 1782 διαφθοράνο
1788 1711 1848 1765 ὃν
1893 1711 1956 1767 δὲ

2061 1719 2128 1775 ad
2171 1726 2360 1789 patres
2388 1731 2542 1783 suos,
2579 1722 2638 1772 et
2671 1713 2813 1770 vidit
2842 1709 3290 1782 corruptionem;
3328 1721 3492 1778 quem
3523 1718 3656 1759 vero

358 1790 390 1902 ό
419 1791 859 1902 Θεὸςὺήγειρενέ
893 1797 1001 1902 ρὺκ
1030 1792 1140 1852 οἵδε
1173 1799 1495 1874 διαφθοράν.
1534 1803 1782 1859 Γνωστὸν
1811 1803 1954 1861 ἔστω

2061 1813 2207 1868 Deus
2227 1810 2538 1876 suscitavit,
2579 1824 2693 1865 non
2715 1807 2856 1862 vidit
2880 1803 3323 1875 corruptionem.
3352 1798 3555 1854 Notum
3586 1795 3660 1852 sit

360 1882 511 1988 ὑμῖν,
555 1881 749 1988 ἀήνδρες
795 1887 1052 1960 ἀδελφοὶ,
1111 1891 1196 1946 ὅτι
1245 1892 1336 1946 διὰ
1381 1894 1542 1950 τοῦτο
1585 1897 1718 1968 ὑμῖν
1757 1897 1956 1968 ἄφεσις

2061 1906 2239 1972 vobis,
2288 1904 2395 1960 viri
2429 1902 2651 1970 fratres,
2686 1900 2817 1972 quia
2845 1908 3079 1971 propter
3121 1896 3229 1950 hoc
3262 1891 3421 1947 vobis
3456 1889 3656 1946 remis-

359 1977 646 2048 ἁμαρτιῶν
692 1981 1164 2052 καταγγέλλεται,
1217 1986 1313 2039 καὶ
1346 1987 1454 2041 ἀπὸ
1485 1989 1708 2044 πάντων
1747 1983 1823 2045 ὧν
1852 1992 1954 2046 οὐκ

2061 1999 2142 2054 sio
2190 2010 2549 2069 peccatorum
2607 1991 2990 2055 annuntiatur,
3040 1985 3194 2044 etab
3249 1981 3508 2039 omnibus
3537 1977 3663 2050 qui-

357 2069 664 2144 ὴδυνήθητε
693 2074 751 2126 ἐν
773 2074 852 2144 τῷ
876 2076 1026 2148 νόμῳ
1050 2077 1334 2145 Μωῦσέως
1354 2081 1741 2154 δικαιωθῆναι,
1763 2085 1821 2138 ἐν
1840 2084 1956 2138 τού-

357 2177 439 2234 τῳ
469 2163 578 2227 πᾶς
602 2164 630 2216 ὁ
655 2165 930 2219 πιστεύων
957 2166 1291 2224 δικαιοῦταιο
1322 2171 1554 2244 βλέπετε
1579 2169 1675 2229 οὖν
1701 2175 1777 2248 μὴ
1800 2176 1956 2230 ἐπέλ-

361 2251 430 2324 θῃ
457 2256 542 2325 ἐφ’
569 2255 699 2327 ὑμῖν
730 2257 791 2311 τὸ
821 2259 1112 2331 εἰρημένον
1146 2263 1204 2317 ἐν
1232 2265 1347 2328 τοῖς
1375 2264 1706 2337 προφήταις*
1729 2267 1952 2335 «Ἴδετε,

358 2346 410 2398 οἱ
461 2350 897 2421 καταφρονηταὶ,
936 2353 1032 2406 καὶ
1082 2354 1404 2426 θαυμάσατε
1457 2359 1552 2412 καὶ
1592 2360 1951 2433 ἀφανίσθητε,

358 2436 444 2491 ὅτι
499 2438 664 2510 ἔργον
717 2439 831 2509 ἐγὼ
879 2444 1188 2516 ἐργάζομαι
1240 2447 1300 2501 ἐν
1345 2450 1467 2512 ταῖς
1511 2450 1748 2521 ἡμέραις
1774 2452 1951 2522 ὑμῶν,

358 2530 389 2584 δ
439 2531 500 2584 οὑ
560 2532 633 2601 μὴ
679 2534 1015 2606 πιστεύσητε
1041 2537 1138 2591 ἐάν
1195 2556 1282 2602 τις
1351 2540 1676 2613 ἐκδιηγῆται
1745 2544 1893 2614 ὑμῖν.
1929 2565 1948 2598 ι

371 2621 604 2687 Ἡσαΐας
628 2624 684 2678 δὲ
713 2628 908 2698 κράζει
945 2631 1084 2702 ὑπὲρ
1115 2631 1207 2685 τοῦ
1240 2633 1458 2706 Ἰσραὴλ
1488 2634 1662 2704 λέγων
1684 2652 1698 2666 ο
1765 2655 1784 2688 ι
1826 2637 1955 2693 Ἐἀν

358 2707 394 2784 ᾖ
422 2713 450 2766 ὁ
475 2715 714 2786 ἀριθμὸς
742 2717 850 2771 τῶν
880 2719 1010 2775 υίῶν
1028 2720 1246 2792 Ἰσραὴλ
1269 2722 1403 2776 ὡσεὶ
1425 2724 1611 2795 ἄμμος
1633 2725 1735 2796 τῆς
1756 2727 1955 2784 θαλάσ.

363 2823 494 2876 σης,
530 2807 592 2861 τὸ
623 2810 978 2886 κᾳτάλειμμα
1013 2811 1357 2884 σωθήσεται·
1398 2814 1557 2885 λόγον
1587 2816 1698 2890 γάρ
1765 2836 1956 2874 συντε-

361 2899 650 2969 τμημένον
687 2904 906 2974 ποιήσει
933 2904 1144 2978 Κύριος
1175 2907 1268 2960 ἐπὶ
1293 2907 1394 2978 τῆς
1421 2908 1547 2978 γῆς,
1581 2927 1600 2961 ι
1627 2909 1702 2974 ὡς
1747 2911 1956 2968 ἄνωθεν

362 2989 614 3059 προεῖδεν
642 2992 671 3045 ὁ
696 2993 806 3047 τῶν
830 2993 968 3049 ὅλων
991 2996 1147 3059 Θεὸς,
1185 3000 1281 3050 καὶ
1312 2997 1443 3062 τοὺς
1472 3001 1539 3071 τῇ
1569 2999 1753 3055 πίστει
1785 3020 1956 3075 προσ-

2059 2093 2164 2149 bus
2190 2108 2301 2148 non
2327 2087 2597 2162 poteratis
2627 2086 2685 2142 in
2719 2087 2839 2156 lege
2869 2079 3041 2153 Moysi
3065 2075 3396 2151 iustiﬁcari;
3444 2072 3501 2127 in
3531 2071 3656 2136 hoc,

2058 2186 2242 2244 omnis
2288 2183 2384 2256 qui
2431 2181 2630 2248 credit,
2669 2176 3031 2252 justiﬁcatur.
3064 2170 3263 2226 Videte
3302 2182 3434 2238 ergo
3465 2180 3533 2220 ne
3564 2180 3660 2219 su-

2058 2278 2348 2352 perveniat
2396 2276 2555 2332 vobis
2609 2272 2756 2345 quod
2806 2268 3018 2326 dictum
3071 2273 3158 2322 cst
3207 2263 3263 2318 in
3317 2257 3656 2333 prophetis:

2064 2350 2084 2426 ὶ
2115 2371 2331 2436 Videte,
2367 2374 2799 2437 contemptores,
2831 2369 2888 2417 et
2921 2354 3272 2416 admiramini
3301 2359 3356 2409 et
3382 2350 3660 2422 disperdi-

2057 2466 2228 2532 mini;
2283 2464 2414 2534 quia
2458 2476 2598 2532 opus
2657 2471 2858 2530 operor
2907 2469 3010 2524 ego
3059 2451 3115 2508 in
3184 2447 3383 2505 diebus
3434 2444 3658 2514 vestris,

2057 2555 2206 2628 quod
2249 2531 2362 2609 non
2394 2531 2674 2613 credetur,
2723 2546 2769 2601 si
2806 2543 2932 2616 quis
2978 2535 3325 2596 enarraverit
3354 2531 3514 2588 vobis
3539 2532 3604 2586 ⁸³³,
3634 2549 3654 2583 ι

2057 2621 2226 2705 Isaias
2251 2655 2436 2702 autem
2469 2643 2668 2697 clamat
2697 2653 2862 2708 super
2887 2633 3074 2694 Israel,
3103 2629 3295 2684 dicens
3325 2643 3339 2681 :
3372 2644 3389 2678 ι
3413 2625 3470 2681 Si
3493 2621 3663 2679 fuerit

2058 2751 2329 2793 numerus
2375 2733 2615 2788 ﬁliorum
2662 2727 2827 2783 Israel
2860 2734 2921 2779 ut
2970 2736 3137 2778 arena
3180 2717 3369 2782 maris,
3410 2713 3662 2785 reliquiae

2059 2830 2461 2893 salvabuntur;
2495 2825 2727 2880 verbum
2761 2820 2908 2874 enim
2941 2814 3326 2872 abbreviatum
3352 2809 3517 2865 faciet
3550 2809 3658 2863 Do-

2059 2924 2244 2980 minus
2293 2935 2459 2991 super
2495 2928 2695 2974 terram
2733 2915 2835 2980 90,:
2894 2920 2957 2966 nt
2998 2925 3030 2964 a
3078 2905 3354 2978 principio
3404 2900 3662 2974 praevidit

2062 3017 2233 3073 totius
2281 3011 2475 3069 mundi
2522 3011 2668 3064 Deus
2721 3015 2775 3061 et
2815 3020 2912 3060 eos
2938 3001 3034 3074 qui
3084 3001 3141 3057 in
3202 2998 3368 3053 ﬁdem
3405 2994 3663 3067 ingrede-

358 3081 638 3184 ελθόντας,
674 3085 769 3140 καὶ
803 3088 931 3150 τοὺς
959 3090 1026 3160 τῇ
1060 3089 1297 3162 ἀπιστίᾳ
1325 3093 1725 3163 νενοσηκότας·
1765 3097 1955 3168 ἐπειδὴ

2063 3114 2278 3171 rentur,
2301 3112 2357 3159 et
2379 3118 2474 3159 cos
2503 3100 2599 3172 qui
2623 3097 2948 3154 inﬁdelitate
2966 3093 3308 3149 laborarent.
3337 3087 3493 3157 Quod
3509 3087 3658 3143 enim

360 3175 472 3246 γάρ
493 3177 745 3246 λέγουσιν
771 3180 988 3250 ὀλίγους
1013 3181 1070 3249 ἐξ
1096 3183 1278 3237 αὐτῶν
1301 3184 1559 3257 δεχθῆναι
1581 3187 1642 3240 τὸ
1665 3190 1953 3262 κήρυγμα,

359 3267 489 3326 τοὺς
517 3267 574 3321 δὲ
603 3268 798 3334 ἄλλους
832 3271 1081 3335 ἃπαντας
1113 3272 1172 3338 ἐξ
1199 3273 1416 3346 ἀπάτης
1445 3278 1674 3346 φεύγειν
1695 3319 1710 3343 ,
1753 3279 1956 3348 ἔδειξεν

361 3358 570 3414 ἄνωθεν
601 3363 777 3416 ταῦτα
808 3361 1157 3435 προρηθέντα
1179 3381 1192 3396 ·
1229 3366 1330 3421 οὑκ
1362 3366 1427 3421 ἂν
1456 3369 1845 3442 ὑπερϐάλλωσι
1880 3373 1957 3446 τῷ

361 3454 562 3526 πλήθει
612 3457 724 3510 τῶν
768 3457 1024 3529 ἀριθμῶν
1068 3460 1162 3513 καὶ
1209 3459 1504 3531 μιμοῦνται
1543 3463 1642 3533 τῆς
1679 3463 1958 3536 θαλάσσης

360 3545 454 3602 τὸν
484 3547 714 3620 ψάμμον
737 3563 753 3580 ⁸
804 3550 904 3622 οὑχ
945 3551 1188 3617 ἅπαντες
1213 3553 1496 3622 τεύξονται
1525 3556 1627 3628 τῆς
1654 3557 1955 3630 σωτηρίας,

359 3635 481 3692 ἀλλ’
510 3641 560 3693 οἱ
592 3643 656 3712 τῇ
686 3639 870 3696 πίστει
897 3643 1287 3716 κοσμούμενον
1319 3645 1416 3700 τοῦ
1443 3647 1553 3720 γὰρ
1580 3650 1960 3723 συντετμημέο

361 3747 456 3785 νου
490 3731 651 3801 λόγου
685 3733 748 3788 ὸν
781 3736 1002 3807 ποιήσει
1029 3736 1239 3807 Κύριος
1262 3780 1277 3804 ,
1333 3738 1434 3812 τὴν
1464 3739 1650 3795 πίστιν
1684 3743 1915 3798 ἐκάλεσε
1940 3759 1955 3776 ·

359 3824 459 3877 καὶ
509 3826 561 3878 οί
611 3828 678 3898 τῇ
729 3826 916 3882 πίστει
961 3832 1392 3902 προσελθόντες,
1429 3827 1578 3890 οὑτοι
1612 3835 1958 3908 ὑπάρχουσιν

360 3915 413 3970 oi
452 3917 560 3973 ὑπὸ
591 3919 685 3973 τοῦ
722 3922 1006 3994 προφήτου
1041 3925 1466 3998 ἐγκατάλειμμα
1491 3929 1851 4000 κακούμενοι,
1879 3929 1960 3983 οῖ-

357 4023 508 4072 τινες
537 4009 626 4066 διὰ
653 4011 887 4079 πίστεως
920 4015 1286 4088 σωθήσονται.

434 4102 507 4157 Ἦ
557 4105 658 4159 οὑκ
698 4106 877 4161 οἴδατε
921 4110 1014 4163 καὶ
1069 4111 1127 4164 ἐν
1169 4110 1327 4186 Ἠλίᾳ
1375 4113 1430 4166 τί
1460 4112 1610 4183 λέγει
1654 4116 1687 4186 ή
1722 4115 1955 4188 Γραφή;

368 4197 467 4261 ’ος
496 4198 813 4270 ἐντυγχάνει
861 4201 940 4274 τῷ
982 4202 1101 4275 Θεῴ
1135 4204 1283 4260 κατά
1329 4205 1425 4262 τοῦ
1475 4207 1693 4280 Ἰσραὴλ
1743 4208 1954 4277 λέγων·

365 4307 390 4342 α
417 4290 614 4364 Κύριε,
644 4295 771 4359 τοὺς
797 4297 1088 4369 προφήτας
1124 4315 1220 4353 σου
1255 4299 1606 4368 ἀπέκτειναν,
1640 4301 1734 4355 καὶ
1766 4302 1834 4356 τά
1866 4301 1960 4356 θυ-

363 4387 657 4458 σιαστήριά
688 4405 781 4442 σου
819 4391 1199 4464 κατέσκαψαν,
1228 4394 1384 4462 κάγὼ
1414 4394 1749 4466 ὑπελείφθην
1773 4397 1952 4465 μόνος,

362 4477 458 4532 καὶ
493 4477 716 4552 ζητοῦσι
743 4482 843 4552 τὴν
877 4483 1054 4556 ψυχήν
1085 4502 1185 4556 μου
1231 4485 1327 4540 ἀπῗ
1357 4485 1494 4557 ἐμοῦ
1519 4504 1532 4517 ·
1566 4486 1702 4542 ἀλλὰ
1733 4490 1784 4542 τί
1807 4489 1956 4557 λέγει

2064 4493 2200 4565 quid
2231 4490 2370 4548 dicit
2391 4489 2444 4545 ei
2497 4485 2800 4543 revelatio?
2833 4483 3058 4554 Reliqui
3080 4481 3218 4536 mihi
3247 4487 3457 4550 septem
3490 4477 3663 4534 millia
3767 4491 3771 4497 ’

361 4571 513 4642 αὐτῷ
543 4575 569 4625 ὁ
593 4576 1014 4646 χρηματισμός;
1054 4577 1364 4632 Κατέλιπον
1387 4579 1610 4651 ἐμαυτῷ
1635 4582 1962 4653 ἑπτακισχιο

360 4661 508 4726 λίους
533 4663 758 4736 ἄνδρας,
795 4667 992 4731 οἵτινες
1032 4669 1133 4721 οὑκ
1174 4668 1428 4741 ἔκαμψαν
1463 4672 1592 4740 γόνυ
1633 4676 1698 4743 τῇ
1732 4673 1902 4728 Βάαλ*
1933 4694 1954 4726 ι

362 4755 486 4808 κατ’
511 4757 741 4822 ἐκεῖνον,
772 4759 928 4830 φησὶ,
956 4759 1048 4813 τὸν
1082 4762 1274 4829 καιρδν
1299 4761 1493 4816 πολλαὶ
1525 4765 1785 4835 μυριάδες
1818 4761 1960 4836 ἦσαν

361 4845 442 4918 τῷ
468 4847 706 4920 Ἰσραὴλ,
735 4851 828 4904 καὶ
855 4853 1055 4916 πάντες
1077 4852 1418 4926 Ἰσραηλῖται
1443 4856 1811 4928 ὠνομάζοντοο
1845 4859 1959 4913 ἀλλ’

361 4939 528 4994 ὁτῶν
580 4941 717 4996 ὅλων
772 4943 905 5008 Θεὸς
945 4945 1055 4999 τῶν
1103 4947 1532 5019 ἑπτακισχιλίων
1587 4950 1777 5005 ἑαυτὸν
1827 4951 1961 5005 Θεὸν

363 5036 799 5108 προσηγόρευσε,
835 5039 962 5104 τοὺς
998 5039 1055 5094 δέ
1099 5041 1293 5108 ἄλλους
1324 5043 1734 5115 ἀπεδοκίμασεν
1783 5043 1960 5098 ἃπαν-

361 5143 484 5193 τας⁶
518 5131 546 5183 ό
579 5130 762 5200 μέντοι
809 5135 1100 5206 προφήτης
1139 5135 1235 5189 καλ⁹
1278 5135 1439 5190 τοῦτο
1489 5137 1676 5208 ἠγνόει
1703 5176 1719 5200 ,
1761 5139 1857 5192 καὶ
1900 5143 1959 5193 ἐν

361 5220 515 5293 αὑτῷ
545 5223 693 5296 μόνῳ
733 5225 800 5280 τὰ
827 5224 1058 5297 λείψανα
1089 5227 1361 5292 σώζεσθαι
1396 5229 1498 5300 τῆς
1524 5229 1808 5295 εὑεεὸείας
1843 5232 1947 5286 ἐνό·

365 5313 516 5387 μιζε’
550 5317 707 5372 οὐδὲν
737 5314 831 5373 οὖν
861 5320 1048 5374 καινὸν
1080 5321 1175 5376 καὶ
1207 5322 1514 5394 παράδοξον
1536 5363 1551 5388 ,
1584 5325 1634 5377 εί
1666 5323 1760 5377 καὶ
1799 5325 1959 5394 ὑμεῖς

363 5409 636 5481 ἀγνοεῖτε,
666 5411 794 5478 τοὺς
830 5413 888 5483 ἐξ
923 5413 1079 5486 ὑμῶν
1119 5415 1198 5488 τῷ
1246 5415 1468 5489 Σωτῆρι
1489 5419 1954 5484 πεπιστευκότας,

359 5503 458 5568 οὓς
480 5505 612 5560 λαὸν
651 5505 680 5560 ό
722 5507 832 5560 τῶν
863 5507 1000 5562 ὅλων
1034 5508 1436 5581 προσαγορεύει
1467 5510 1624 5574 Θεόςο
1656 5508 1832 5575 οὑτως
1863 5507 1958 5566 οὖν

365 5595 464 5652 καὶ
489 5599 550 5653 ἐν
587 5597 683 5653 νῦν
717 5599 894 5672 καιρῷ
931 5600 1139 5672 λεῖμμα
1175 5602 1294 5655 κατ’
1326 5602 1561 5675 ἐκλογὴν
1603 5603 1826 5677 χάριτος
1867 5603 1960 5673 γέ-

437 5780 488 5814 ³³
514 5783 633 5840 Act.
667 5801 784 5850 xm,
814 5786 1002 5842 17-53.
1099 5786 1142 5819 “9
1187 5788 1321 5842 il-id.
1356 5791 1543 5850 Sat-4|.

369 5850 533 5911 Rom.
593 5871 666 5924 χι,
697 5855 812 5915 ‘2-4.
892 5861 936 5892 θ’
977 5859 1138 5916 Rom.
1184 5875 1260 5926 xi,
1295 5860 1347 5929 5,
1401 5863 1452 5917 6.

2065 3199 2478 3270 dicantpaucos
2501 3211 2568 3252 ex
2587 3193 2696 3250 illis
2715 3190 2986 3261 recepisse
3018 3182 3490 3258 praedicationem,
3521 3179 3662 3237 alios
3723 3214 3726 3216 -

2064 3299 2251 3348 autem
2283 3302 2477 3343 omnes
2519 3295 2580 3340 ut
2625 3283 2695 3340 ab
2741 3295 2933 3338 errore
2977 3278 3191 3349 fugere,
3235 3273 3600 3331 ostenderunt
3627 3288 3658 3331 a

2066 3382 2344 3455 principio
2380 3379 2500 3435 haec
2540 3375 2824 3448 praedicta.
2851 3372 2974 3428 Non
3005 3376 3273 3441 superant
3306 3365 3663 3423 multitudine

2067 3475 2286 3534 numeri
2321 3489 2426 3530 nec
2479 3471 2770 3540 adaequant
2815 3480 3038 3522 arenam
3077 3461 3283 3528 maris;
3332 3475 3442 3515 non
3475 3467 3658 3515 tamen

2065 3579 2262 3621 omnes
2319 3560 2701 3632 adipiscentur
2740 3556 2996 3618 salutem,
3041 3552 3140 3608 sed
3187 3551 3281 3623 qui
3317 3550 3424 3608 ﬁde
3453 3565 3661 3606 ornan-

2068 3667 2194 3724 tur;
2248 3651 2632 3710 abbrcviatum
2683 3647 2831 3704 enim
2853 3645 3092 3700 verbum
3142 3641 3292 3715 quod
3338 3640 3504 3698 faciet
3555 3639 3662 3695 Do-

2067 3749 2252 3806 minus
2297 3745 2462 3801 ﬁdem
2488 3743 2726 3811 indicat;
2758 3749 2815 3795 et
2842 3738 2937 3810 qui
2971 3738 3027 3792 in
3055 3736 3218 3792 ﬁdem
3248 3734 3659 3808 ingrediuntur,

2067 3841 2125 3896 hi
2177 3849 2309 3896 sunt
2345 3854 2377 3893 a
2429 3836 2701 3908 propheta
2755 3831 3002 3903 reliquize
3037 3829 3236 3894 vocati,
3284 3837 3340 3884 et
3370 3842 3470 3898 per
3496 3825 3659 3882 ﬁdem

2068 3933 2452 3992 salvabuntur.

2138 4121 2332 4178 Nonne
2384 4118 2538 4178 scitis
2601 4115 2736 4186 quid
2782 4114 2836 4169 in
2865 4112 2982 4168 Elia
3010 4111 3149 4167 dicit
3185 4109 3515 4181 Scriptura?
3566 4109 3660 4180 qui

2067 4215 2181 4270 Deo
2227 4218 2421 4268 contra
2452 4208 2615 4264 lsrael
2650 4205 2787 4262 dicit
2819 4222 2834 4263 :
2872 4203 3162 4269 «Domine,
3198 4201 3496 4273 prophetas
3536 4208 3664 4256 tuos

2067 4306 2417 4370 occiderunt,
2466 4301 2662 4358 altaria
2704 4311 2797 4356 tua
2825 4305 3169 4359 everterunt,
3201 4305 3257 4352 et
3303 4311 3406 4367 ego
3434 4293 3664 4350 relictus

2068 4413 2189 4456 sum
2237 4397 2410 4463 solus,
2444 4405 2501 4453 et
2530 4403 2788 4466 quaerunt
2821 4393 3060 4448 animam
3093 4405 3272 4445 meam
3320 4404 3350 4444 a
3406 4402 3514 4442 me.
3554 4385 3663 4445 Sed

2057 4587 2332 4648 virorum,
2374 4582 2469 4654 qui
2505 4595 2618 4636 non
2647 4583 3024 4634 eurvavcrunt
3047 4590 3192 4646 genu
3224 4582 3353 4628 ante
3377 4570 3505 4625 Baal
3535 4568 3605 4625 θ’.
3634 4586 3655 4618 ι

2061 4680 2180 4744 illo,
2223 4676 2424 4748 inquit.
2477 4683 2729 4744 tempore
2775 4670 2952 4725 multa
2981 4665 3154 4721 millia
3185 4673 3345 4721 erant
3376 4663 3433 4718 in
3464 4661 3658 4729 lsrael,

2061 4781 2121 4827 et
2157 4785 2350 4827 omnes
2375 4766 2638 4824 Israelita:
2662 4761 3104 4835 appellabantur.
3135 4756 3244 4814 Sed
3267 4755 3439 4838 totius
3464 4753 3660 4810 mundi

2062 4869 2208 4922 Deus
2250 4872 2460 4934 septem
2513 4859 2749 4916 millium
2781 4859 2954 4913 Deum
2985 4869 3044 4910 se
3071 4867 3193 4908 esse
3241 4849 3398 4916 dixit,
3429 4858 3661 4906 caeteros

2062 4967 2248 5015 autem
2293 4972 2490 5013 omnes
2537 4955 2748 5026 rejecit.
2793 4950 3071 5020 Propheta
3115 4955 3299 5002 tamen
3341 4945 3449 5000 hoc
3499 4943 3654 5016 igno-

2064 5052 2244 5116 rabat,
2281 5059 2337 5106 et
2370 5050 2426 5105 in
2476 5064 2534 5104 sc
2580 5049 2696 5103 solo
2745 5045 3012 5116 reliquias
3058 5041 3257 5098 salvari
3286 5039 3511 5111 pietatis
3542 5036 3660 5093 exi-

2061 5145 2344 5200 stimabat.
2405 5142 2629 5198 Minime
2678 5140 2847 5210 igitur
2877 5137 3080 5193 mirum
3125 5144 3181 5191 et
3214 5142 3560 5197 extraneum,
3607 5133 3655 5187 si

2061 5248 2160 5289 vos
2194 5232 2298 5303 ipsi
2335 5231 2624 5302 ignoratis,
2656 5245 2753 5284 eos
2788 5227 2884 5299 qui
2924 5243 2989 5283 ex
3036 5225 3196 5280 vobis
3229 5225 3282 5278 in
3307 5223 3652 5279 Salvatorem

2063 5324 2446 5387 crediderunt,
2515 5336 2655 5392 quos
2704 5321 2972 5391 populum
3032 5319 3203 5374 totius
3261 5316 3454 5371 mundi
3508 5316 3655 5371 Deus

2062 5425 2242 5471 vocat.
2285 5413 2367 5470 Ita
2419 5427 2554 5483 ergo
2592 5420 2648 5468 et
2684 5413 2738 5468 in
2795 5412 2900 5467 hoc
2938 5420 3181 5480 tempore
3245 5408 3495 5479 reliquiae
3555 5424 3656 5478 per

2062 5508 2251 5575 gratiae
2291 5506 2623 5564 electionem
2670 5506 2831 5560 facta:
2890 5512 3049 5567 sunt;
3095 5503 3265 5575 gratia
3311 5510 3496 5569 autem
3542 5517 3652 5554 non

2060 5619 2125 5658 ex
2151 5602 2432 5673 operibus,
2456 5616 2582 5656 cum
2614 5615 2735 5672 quae
2757 5613 2823 5654 ex
2845 5597 3106 5668 operibus
3147 5614 3250 5654 non
3285 5596 3350 5649 sit
3384 5592 3558 5665 gratia
3582 5597 3652 5646 θ’.

2053 5550 2090 5580 D

1644 5797 1688 5828 9°
1731 5795 1836 5851 lsa.
1880 5810 1930 5859 χ,
1957 5795 2048 5861 ‘22,
2075 5794 2180 5860 25;
2213 5794 2372 5849 llum.
2408 5810 2479 5860 Ix,
2516 5794 2606 5858 27,
2640 5791 2731 5846 28.
2811 5792 2853 5822 ⁹¹
2897 5787 2965 5843 Ill
3006 5784 3138 5856 Reg.
3175 5799 3284 5848 xu,
3325 5781 3419 5848 lO,
3462 5797 3514 5847 κ,
3557 5778 3654 5847 18;
