  <div class='ocr_page' id='page_1' title='image "/cluster/home/n/w/nwhite01/storage/ocr_20150623/89/hvd.32044010610574/643.png"; bbox 0 0 4072 6556; ppageno 0'>
   <div class='ocr_carea' id='block_1_1' title="bbox 507 354 3773 427">
    <p class='ocr_par' dir='ltr' id='par_1_1' title="bbox 507 354 3773 427">
     <span class='ocr_line' id='line_1_1' title="bbox 507 354 3773 427; baseline -0.001 0"><span class='ocrx_word' id='word_1_1' title='bbox 507 354 640 427; x_wconf 77' lang='lat'><strong>1271</strong></span> <span class='ocrx_word' id='word_1_2' title='bbox 1687 366 1750 427; x_wconf 86' lang='lat' dir='ltr'><strong>s.</strong></span> <span class='ocrx_word' id='word_1_3' title='bbox 1794 363 2190 424; x_wconf 81' lang='lat' dir='ltr'><strong>ANASTASII</strong></span> <span class='ocrx_word' id='word_1_4' title='bbox 2234 361 2567 422; x_wconf 73' lang='lat' dir='ltr'><strong>SINAIT/E</strong></span> <span class='ocrx_word' id='word_1_5' title='bbox 3633 357 3773 425; x_wconf 78' lang='lat'><strong>1272</strong></span> 
     </span>
    </p>
   </div>
   <div class='ocr_carea' id='block_1_2' title="bbox 503 472 2084 552">
    <p class='ocr_par' dir='ltr' id='par_1_2' title="bbox 503 473 2084 552">
     <span class='ocr_line' id='line_1_2' title="bbox 503 473 2084 552; baseline 0.001 -21"><span class='ocrx_word' id='word_1_6' title='bbox 503 473 674 531; x_wconf 87' lang='lat' dir='ltr'><strong>Siculi</strong></span> <span class='ocrx_word' id='word_1_7' title='bbox 737 485 869 532; x_wconf 90' lang='lat' dir='ltr'><strong>tunc</strong></span> <span class='ocrx_word' id='word_1_8' title='bbox 917 478 995 534; x_wconf 87' lang='lat' dir='ltr'><strong>ait</strong></span> <span class='ocrx_word' id='word_1_9' title='bbox 1026 493 1094 534; x_wconf 82' lang='lat' dir='ltr'><strong>ex</strong></span> <span class='ocrx_word' id='word_1_10' title='bbox 1121 479 1428 535; x_wconf 77' lang='lat' dir='ltr'><strong>innumeris</strong></span> <span class='ocrx_word' id='word_1_11' title='bbox 1455 480 1701 536; x_wconf 90' lang='lat' dir='ltr'><strong>millibus</strong></span> <span class='ocrx_word' id='word_1_12' title='bbox 1725 491 1934 552; x_wconf 90' lang='lat' dir='ltr'><strong>septem</strong></span> <span class='ocrx_word' id='word_1_13' title='bbox 1965 479 2084 533; x_wconf 89' lang='lat' dir='ltr'><strong>mil-</strong></span> 
     </span>
    </p>
   </div>
   <div class='ocr_carea' id='block_1_3' title="bbox 2186 472 3776 552">
    <p class='ocr_par' dir='ltr' id='par_1_3' title="bbox 2188 472 3776 546">
     <span class='ocr_line' id='line_1_3' title="bbox 2188 472 3776 546; baseline -0.002 -16"><span class='ocrx_word' id='word_1_14' title='bbox 2188 493 2342 545; x_wconf 87' lang='grc' dir='ltr'>γονεν</span> <span class='ocrx_word' id='word_1_15' title='bbox 2365 493 2380 506; x_wconf 68' lang='grc' dir='ltr'>θ</span> <span class='ocrx_word' id='word_1_16' title='bbox 2413 476 2446 546; x_wconf 82' lang='grc' dir='ltr'><strong>ἡ</strong></span> <span class='ocrx_word' id='word_1_17' title='bbox 2485 475 2544 528; x_wconf 80' lang='grc' dir='ltr'><strong>δὲ</strong></span> <span class='ocrx_word' id='word_1_18' title='bbox 2590 472 2748 545; x_wconf 86' lang='grc' dir='ltr'>χάρις</span> <span class='ocrx_word' id='word_1_19' title='bbox 2786 472 2968 528; x_wconf 84' lang='grc' dir='ltr'>οὐκέτι</span> <span class='ocrx_word' id='word_1_20' title='bbox 3024 473 3085 541; x_wconf 77' lang='grc' dir='ltr'>ἐξ</span> <span class='ocrx_word' id='word_1_21' title='bbox 3131 472 3328 545; x_wconf 75' lang='grc' dir='ltr'>ἔργων·</span> <span class='ocrx_word' id='word_1_22' title='bbox 3359 472 3479 526; x_wconf 71' lang='grc' dir='ltr'>ἐπεὶ</span> <span class='ocrx_word' id='word_1_23' title='bbox 3510 473 3612 526; x_wconf 79' lang='grc' dir='ltr'>καὶ</span> <span class='ocrx_word' id='word_1_24' title='bbox 3657 477 3690 544; x_wconf 81' lang='grc' dir='ltr'>ἠ</span> <span class='ocrx_word' id='word_1_25' title='bbox 3717 472 3776 539; x_wconf 72' lang='grc' dir='ltr'><strong>ἐξ</strong></span> 
     </span>
    </p>
   </div>
   <div class='ocr_carea' id='block_1_4' title="bbox 501 565 2084 644">
    <p class='ocr_par' dir='ltr' id='par_1_4' title="bbox 501 566 2084 644">
     <span class='ocr_line' id='line_1_4' title="bbox 501 566 2084 644; baseline 0.004 -24"><span class='ocrx_word' id='word_1_26' title='bbox 501 566 576 621; x_wconf 90' lang='lat' dir='ltr'><strong>lia</strong></span> <span class='ocrx_word' id='word_1_27' title='bbox 614 568 806 626; x_wconf 82' lang='lat' dir='ltr'><strong>relicta</strong></span> <span class='ocrx_word' id='word_1_28' title='bbox 851 585 972 627; x_wconf 81' lang='lat' dir='ltr'><strong>esse</strong></span> <span class='ocrx_word' id='word_1_29' title='bbox 1001 571 1181 628; x_wconf 91' lang='lat' dir='ltr'><strong>solum</strong></span> <span class='ocrx_word' id='word_1_30' title='bbox 1213 571 1283 628; x_wconf 90' lang='lat' dir='ltr'><strong>ab</strong></span> <span class='ocrx_word' id='word_1_31' title='bbox 1331 572 1613 644; x_wconf 77' lang='lat' dir='ltr'><strong>impietate</strong></span> <span class='ocrx_word' id='word_1_32' title='bbox 1662 573 1882 638; x_wconf 89' lang='lat' dir='ltr'><strong>libera;</strong></span> <span class='ocrx_word' id='word_1_33' title='bbox 1919 572 1994 628; x_wconf 91' lang='lat' dir='ltr'><strong>ita</strong></span> <span class='ocrx_word' id='word_1_34' title='bbox 2028 579 2084 628; x_wconf 91' lang='lat' dir='ltr'><strong>et</strong></span> 
     </span>
    </p>
   </div>
   <div class='ocr_carea' id='block_1_5' title="bbox 2186 565 3774 644">
    <p class='ocr_par' dir='ltr' id='par_1_5' title="bbox 2187 565 3774 640">
     <span class='ocr_line' id='line_1_5' title="bbox 2187 565 3774 640; baseline -0.001 -18"><span class='ocrx_word' id='word_1_35' title='bbox 2187 568 2384 638; x_wconf 78' lang='grc' dir='ltr'>ἔργων,</span> <span class='ocrx_word' id='word_1_36' title='bbox 2433 568 2533 622; x_wconf 85' lang='grc' dir='ltr'><strong>οὐκ</strong></span> <span class='ocrx_word' id='word_1_37' title='bbox 2585 565 2701 620; x_wconf 78' lang='grc' dir='ltr'>ἔστι</span> <span class='ocrx_word' id='word_1_38' title='bbox 2748 566 2920 639; x_wconf 69' lang='grc' dir='ltr'>χάρις·</span> <span class='ocrx_word' id='word_1_39' title='bbox 2970 566 3218 640; x_wconf 80' lang='grc' dir='ltr'>καθάπερ</span> <span class='ocrx_word' id='word_1_40' title='bbox 3249 566 3394 628; x_wconf 82' lang='grc' dir='ltr'>τότε,</span> <span class='ocrx_word' id='word_1_41' title='bbox 3426 566 3621 636; x_wconf 64' lang='grc' dir='ltr'>φησιν,</span> <span class='ocrx_word' id='word_1_42' title='bbox 3667 567 3774 620; x_wconf 72' lang='grc' dir='ltr'><strong>ἀπὸ</strong></span> 
     </span>
    </p>
   </div>
   <div class='ocr_carea' id='block_1_6' title="bbox 502 657 2084 737">
    <p class='ocr_par' dir='ltr' id='par_1_6' title="bbox 502 663 2082 737">
     <span class='ocr_line' id='line_1_6' title="bbox 502 663 2082 737; baseline 0.001 -19"><span class='ocrx_word' id='word_1_43' title='bbox 502 675 648 718; x_wconf 88' lang='lat' dir='ltr'><strong>nunc</strong></span> <span class='ocrx_word' id='word_1_44' title='bbox 692 663 880 733; x_wconf 87' lang='lat' dir='ltr'><strong>plures</strong></span> <span class='ocrx_word' id='word_1_45' title='bbox 925 673 1056 721; x_wconf 89' lang='lat' dir='ltr'><strong>sunt</strong></span> <span class='ocrx_word' id='word_1_46' title='bbox 1085 667 1180 737; x_wconf 89' lang='lat' dir='ltr'><strong>qui</strong></span> <span class='ocrx_word' id='word_1_47' title='bbox 1212 682 1323 722; x_wconf 88' lang='lat' dir='ltr'><strong>non</strong></span> <span class='ocrx_word' id='word_1_48' title='bbox 1353 668 1736 731; x_wconf 85' lang='lat' dir='ltr'><strong>crediderunt,</strong></span> <span class='ocrx_word' id='word_1_49' title='bbox 1795 683 1960 737; x_wconf 89' lang='lat' dir='ltr'><strong>quam</strong></span> <span class='ocrx_word' id='word_1_50' title='bbox 1987 666 2082 736; x_wconf 88' lang='lat' dir='ltr'><strong>qui</strong></span> 
     </span>
    </p>
   </div>
   <div class='ocr_carea' id='block_1_7' title="bbox 2186 657 3775 737">
    <p class='ocr_par' dir='ltr' id='par_1_7' title="bbox 2189 657 3775 732">
     <span class='ocr_line' id='line_1_7' title="bbox 2189 657 3775 732; baseline -0.001 -20"><span class='ocrx_word' id='word_1_51' title='bbox 2189 659 2469 732; x_wconf 84' lang='grc' dir='ltr'><strong>μυριάδων</strong></span> <span class='ocrx_word' id='word_1_52' title='bbox 2501 660 2746 730; x_wconf 81' lang='grc' dir='ltr'><strong>ἀπείρων</strong></span> <span class='ocrx_word' id='word_1_53' title='bbox 2775 659 3174 730; x_wconf 74' lang='grc' dir='ltr'><strong>ἑπτακισχίλιοι</strong></span> <span class='ocrx_word' id='word_1_54' title='bbox 3200 657 3645 728; x_wconf 79' lang='grc' dir='ltr'><strong>κατελείφθησαν</strong></span> <span class='ocrx_word' id='word_1_55' title='bbox 3677 658 3775 727; x_wconf 79' lang='grc' dir='ltr'>μό-</span> 
     </span>
    </p>
   </div>
   <div class='ocr_carea' id='block_1_8' title="bbox 1687 361 2567 427">
    <p class='ocr_par' dir='ltr' id='par_1_8' title="bbox 1687 361 2567 427">
     <span class='ocr_line' id='line_1_8' title="bbox 1687 361 2567 427; baseline -0.003 -2"><span class='ocrx_word' id='word_1_56' title='bbox 1687 366 1750 427; x_wconf 86' lang='lat' dir='ltr'><strong>S.</strong></span> <span class='ocrx_word' id='word_1_57' title='bbox 1794 363 2190 424; x_wconf 81' lang='lat' dir='ltr'><strong>ANASTASII</strong></span> <span class='ocrx_word' id='word_1_58' title='bbox 2234 361 2567 422; x_wconf 74' lang='lat' dir='ltr'><strong>SINAIT/E</strong></span> 
     </span>
    </p>
   </div>
   <div class='ocr_carea' id='block_1_9' title="bbox 500 753 2078 830">
    <p class='ocr_par' dir='ltr' id='par_1_9' title="bbox 500 753 2078 830">
     <span class='ocr_line' id='line_1_9' title="bbox 500 753 2078 830; baseline 0.005 -26"><span class='ocrx_word' id='word_1_59' title='bbox 500 753 672 822; x_wconf 85' lang='lat' dir='ltr'><strong>gratia</strong></span> <span class='ocrx_word' id='word_1_60' title='bbox 735 754 833 810; x_wconf 88' lang='lat' dir='ltr'><strong>Dei</strong></span> <span class='ocrx_word' id='word_1_61' title='bbox 878 754 1159 812; x_wconf 80' lang='lat' dir='ltr'><strong>fruuntur.</strong></span> <span class='ocrx_word' id='word_1_62' title='bbox 1222 757 1345 812; x_wconf 84' lang='lat' dir='ltr'><strong>Non</strong></span> <span class='ocrx_word' id='word_1_63' title='bbox 1413 758 1562 813; x_wconf 90' lang='lat' dir='ltr'><strong>enim</strong></span> <span class='ocrx_word' id='word_1_64' title='bbox 1610 757 1935 830; x_wconf 82' lang='lat' dir='ltr'><strong>justiﬁeavit</strong></span> <span class='ocrx_word' id='word_1_65' title='bbox 1981 771 2078 812; x_wconf 89' lang='lat' dir='ltr'><strong>eos</strong></span> 
     </span>
    </p>
   </div>
   <div class='ocr_carea' id='block_1_10' title="bbox 499 841 2081 918">
    <p class='ocr_par' dir='ltr' id='par_1_10' title="bbox 499 841 2081 918">
     <span class='ocr_line' id='line_1_10' title="bbox 499 841 2081 918; baseline 0.004 -23"><span class='ocrx_word' id='word_1_66' title='bbox 499 841 628 897; x_wconf 72' lang='lat' dir='ltr'><strong>vita:</strong></span> <span class='ocrx_word' id='word_1_67' title='bbox 674 845 978 899; x_wconf 86' lang='lat' dir='ltr'><strong>secundum</strong></span> <span class='ocrx_word' id='word_1_68' title='bbox 1015 846 1191 918; x_wconf 80' lang='lat' dir='ltr'><strong>legem</strong></span> <span class='ocrx_word' id='word_1_69' title='bbox 1226 848 1415 905; x_wconf 83' lang='lat' dir='ltr'><strong>habita</strong></span> <span class='ocrx_word' id='word_1_70' title='bbox 1464 849 1627 914; x_wconf 90' lang='lat' dir='ltr'><strong>ratio,</strong></span> <span class='ocrx_word' id='word_1_71' title='bbox 1686 848 1741 903; x_wconf 89' lang='lat' dir='ltr'><strong>id</strong></span> <span class='ocrx_word' id='word_1_72' title='bbox 1792 847 1941 902; x_wconf 90' lang='lat' dir='ltr'><strong>enim</strong></span> <span class='ocrx_word' id='word_1_73' title='bbox 1994 847 2081 902; x_wconf 88' lang='lat' dir='ltr'><strong>in-</strong></span> 
     </span>
    </p>
   </div>
   <div class='ocr_carea' id='block_1_11' title="bbox 501 931 2081 1012">
    <p class='ocr_par' dir='ltr' id='par_1_11' title="bbox 501 931 2081 1012">
     <span class='ocr_line' id='line_1_11' title="bbox 501 931 2081 1012; baseline 0.006 -25"><span class='ocrx_word' id='word_1_74' title='bbox 501 931 750 990; x_wconf 71' lang='lat' dir='ltr'><strong>dicattex</strong></span> <span class='ocrx_word' id='word_1_75' title='bbox 771 938 1040 1007; x_wconf 88' lang='lat' dir='ltr'><strong>operibus</strong></span> <span class='ocrx_word' id='word_1_76' title='bbox 1055 940 1188 1010; x_wconf 82' lang='lat' dir='ltr'><strong>legis</strong></span> <span class='ocrx_word' id='word_1_77' title='bbox 1204 958 1219 1006; x_wconf 91' lang='lat'><strong>;</strong></span> <span class='ocrx_word' id='word_1_78' title='bbox 1236 942 1357 996; x_wconf 66' lang='lat' dir='ltr'><strong>ised</strong></span> <span class='ocrx_word' id='word_1_79' title='bbox 1372 941 1469 996; x_wconf 90' lang='lat' dir='ltr'><strong>Dei</strong></span> <span class='ocrx_word' id='word_1_80' title='bbox 1491 942 1665 1012; x_wconf 88' lang='lat' dir='ltr'><strong>gratia</strong></span> <span class='ocrx_word' id='word_1_81' title='bbox 1683 940 2081 1008; x_wconf 43' lang='lat' dir='ltr'><strong>salvavitgldeo</strong></span> 
     </span>
    </p>
   </div>
   <div class='ocr_carea' id='block_1_12' title="bbox 500 1028 2078 1097">
    <p class='ocr_par' dir='ltr' id='par_1_12' title="bbox 500 1028 2078 1097">
     <span class='ocr_line' id='line_1_12' title="bbox 500 1028 2078 1097; baseline 0.004 -18"><span class='ocrx_word' id='word_1_82' title='bbox 500 1028 674 1096; x_wconf 88' lang='lat' dir='ltr'><strong>gratia</strong></span> <span class='ocrx_word' id='word_1_83' title='bbox 723 1029 871 1085; x_wconf 88' lang='lat' dir='ltr'><strong>salus</strong></span> <span class='ocrx_word' id='word_1_84' title='bbox 926 1041 1174 1097; x_wconf 90' lang='lat' dir='ltr'><strong>vocatur,</strong></span> <span class='ocrx_word' id='word_1_85' title='bbox 1223 1050 1348 1089; x_wconf 90' lang='lat' dir='ltr'><strong>cum</strong></span> <span class='ocrx_word' id='word_1_86' title='bbox 1401 1050 1469 1090; x_wconf 85' lang='lat' dir='ltr'><strong>ex</strong></span> <span class='ocrx_word' id='word_1_87' title='bbox 1517 1034 1616 1090; x_wconf 85' lang='lat' dir='ltr'><strong>Dei</strong></span> <span class='ocrx_word' id='word_1_88' title='bbox 1665 1049 1852 1089; x_wconf 89' lang='lat' dir='ltr'><strong>amore</strong></span> <span class='ocrx_word' id='word_1_89' title='bbox 1883 1034 1938 1088; x_wconf 91' lang='lat' dir='ltr'><strong>in</strong></span> <span class='ocrx_word' id='word_1_90' title='bbox 1975 1033 2078 1087; x_wconf 78' lang='lat' dir='ltr'><strong>lio-</strong></span> 
     </span>
    </p>
   </div>
   <div class='ocr_carea' id='block_1_13' title="bbox 500 1120 2078 1197">
    <p class='ocr_par' dir='ltr' id='par_1_13' title="bbox 500 1120 2078 1197">
     <span class='ocr_line' id='line_1_13' title="bbox 500 1120 2078 1197; baseline 0.002 -19"><span class='ocrx_word' id='word_1_91' title='bbox 500 1120 676 1178; x_wconf 90' lang='lat' dir='ltr'><strong>mines</strong></span> <span class='ocrx_word' id='word_1_92' title='bbox 705 1124 976 1191; x_wconf 78' lang='lat' dir='ltr'><strong>procedit,</strong></span> <span class='ocrx_word' id='word_1_93' title='bbox 1010 1134 1071 1179; x_wconf 89' lang='lat' dir='ltr'><strong>ut</strong></span> <span class='ocrx_word' id='word_1_94' title='bbox 1098 1127 1365 1197; x_wconf 89' lang='lat' dir='ltr'><strong>scriptum</strong></span> <span class='ocrx_word' id='word_1_95' title='bbox 1406 1136 1492 1183; x_wconf 89' lang='lat' dir='ltr'><strong>est</strong></span> <span class='ocrx_word' id='word_1_96' title='bbox 1521 1145 1535 1181; x_wconf 89' lang='lat'><strong>:</strong></span> <span class='ocrx_word' id='word_1_97' title='bbox 1572 1146 1590 1179; x_wconf 79' lang='grc' dir='ltr'><strong>ι</strong></span> <span class='ocrx_word' id='word_1_98' title='bbox 1625 1128 1820 1184; x_wconf 79' lang='lat' dir='ltr'><strong>Veniet</strong></span> <span class='ocrx_word' id='word_1_99' title='bbox 1847 1143 1916 1183; x_wconf 79' lang='lat' dir='ltr'><strong>ex</strong></span> <span class='ocrx_word' id='word_1_100' title='bbox 1945 1126 2078 1183; x_wconf 91' lang='lat' dir='ltr'><strong>Sion</strong></span> 
     </span>
    </p>
   </div>
   <div class='ocr_carea' id='block_1_14' title="bbox 497 1211 2078 1289">
    <p class='ocr_par' dir='ltr' id='par_1_14' title="bbox 497 1211 2078 1289">
     <span class='ocr_line' id='line_1_14' title="bbox 497 1211 2078 1289; baseline 0.007 -24"><span class='ocrx_word' id='word_1_101' title='bbox 497 1211 594 1280; x_wconf 88' lang='lat' dir='ltr'><strong>qui</strong></span> <span class='ocrx_word' id='word_1_102' title='bbox 632 1213 834 1282; x_wconf 80' lang='lat' dir='ltr'><strong>eripiat</strong></span> <span class='ocrx_word' id='word_1_103' title='bbox 867 1225 923 1272; x_wconf 88' lang='lat' dir='ltr'><strong>et</strong></span> <span class='ocrx_word' id='word_1_104' title='bbox 951 1226 1163 1272; x_wconf 79' lang='lat' dir='ltr'><strong>avertat</strong></span> <span class='ocrx_word' id='word_1_105' title='bbox 1207 1218 1547 1289; x_wconf 82' lang='lat' dir='ltr'><strong>impietatem</strong></span> <span class='ocrx_word' id='word_1_106' title='bbox 1591 1235 1622 1274; x_wconf 94' lang='lat' dir='ltr'><strong>a</strong></span> <span class='ocrx_word' id='word_1_107' title='bbox 1655 1219 1858 1285; x_wconf 80' lang='lat' dir='ltr'><strong>Jacob;</strong></span> <span class='ocrx_word' id='word_1_108' title='bbox 1883 1227 1938 1273; x_wconf 91' lang='lat' dir='ltr'><strong>et</strong></span> <span class='ocrx_word' id='word_1_109' title='bbox 1973 1218 2078 1276; x_wconf 87' lang='lat' dir='ltr'><strong>hoc</strong></span> 
     </span>
    </p>
   </div>
   <div class='ocr_carea' id='block_1_15' title="bbox 498 1305 2076 1382">
    <p class='ocr_par' dir='ltr' id='par_1_15' title="bbox 498 1305 2076 1382">
     <span class='ocr_line' id='line_1_15' title="bbox 498 1305 2076 1382; baseline 0.007 -27"><span class='ocrx_word' id='word_1_110' title='bbox 498 1315 530 1355; x_wconf 93' lang='lat' dir='ltr'><strong>a</strong></span> <span class='ocrx_word' id='word_1_111' title='bbox 576 1318 661 1358; x_wconf 92' lang='lat' dir='ltr'><strong>me</strong></span> <span class='ocrx_word' id='word_1_112' title='bbox 704 1305 814 1361; x_wconf 85' lang='lat' dir='ltr'><strong>illis</strong></span> <span class='ocrx_word' id='word_1_113' title='bbox 866 1316 1276 1377; x_wconf 82' lang='lat' dir='ltr'><strong>testamentum,</strong></span> <span class='ocrx_word' id='word_1_114' title='bbox 1329 1327 1456 1366; x_wconf 92' lang='lat' dir='ltr'><strong>cum</strong></span> <span class='ocrx_word' id='word_1_115' title='bbox 1513 1312 1800 1368; x_wconf 86' lang='lat' dir='ltr'><strong>abstulero</strong></span> <span class='ocrx_word' id='word_1_116' title='bbox 1852 1321 2076 1382; x_wconf 87' lang='lat' dir='ltr'><strong>peccata</strong></span> 
     </span>
    </p>
   </div>
   <div class='ocr_carea' id='block_1_16' title="bbox 498 1397 2078 1475">
    <p class='ocr_par' dir='ltr' id='par_1_16' title="bbox 498 1397 2078 1475">
     <span class='ocr_line' id='line_1_16' title="bbox 498 1397 2078 1475; baseline 0.008 -27"><span class='ocrx_word' id='word_1_117' title='bbox 498 1410 690 1451; x_wconf 89' lang='lat' dir='ltr'><strong>eorum</strong></span> <span class='ocrx_word' id='word_1_118' title='bbox 734 1397 800 1452; x_wconf 75' lang='lat'><strong>9’.</strong></span> <span class='ocrx_word' id='word_1_119' title='bbox 841 1419 858 1450; x_wconf 75' lang='grc' dir='ltr'><strong>ι</strong></span> <span class='ocrx_word' id='word_1_120' title='bbox 911 1400 1008 1456; x_wconf 90' lang='lat' dir='ltr'><strong>Sin</strong></span> <span class='ocrx_word' id='word_1_121' title='bbox 1053 1413 1234 1458; x_wconf 90' lang='lat' dir='ltr'><strong>autem</strong></span> <span class='ocrx_word' id='word_1_122' title='bbox 1269 1419 1391 1474; x_wconf 69' lang='lat' dir='ltr'><strong>qua:</strong></span> <span class='ocrx_word' id='word_1_123' title='bbox 1447 1405 1751 1460; x_wconf 88' lang='lat' dir='ltr'><strong>secundum</strong></span> <span class='ocrx_word' id='word_1_124' title='bbox 1784 1405 1959 1475; x_wconf 85' lang='lat' dir='ltr'><strong>legem</strong></span> <span class='ocrx_word' id='word_1_125' title='bbox 1992 1415 2078 1460; x_wconf 91' lang='lat' dir='ltr'><strong>est</strong></span> 
     </span>
    </p>
   </div>
   <div class='ocr_carea' id='block_1_17' title="bbox 498 1488 2078 1566">
    <p class='ocr_par' dir='ltr' id='par_1_17' title="bbox 498 1488 2078 1566">
     <span class='ocr_line' id='line_1_17' title="bbox 498 1488 2078 1566; baseline 0.006 -26"><span class='ocrx_word' id='word_1_126' title='bbox 498 1488 611 1544; x_wconf 89' lang='lat' dir='ltr'><strong>vita</strong></span> <span class='ocrx_word' id='word_1_127' title='bbox 653 1489 882 1562; x_wconf 83' lang='lat' dir='ltr'><strong>largitur</strong></span> <span class='ocrx_word' id='word_1_128' title='bbox 909 1503 1261 1563; x_wconf 88' lang='lat' dir='ltr'><strong>peccatorum</strong></span> <span class='ocrx_word' id='word_1_129' title='bbox 1293 1511 1487 1551; x_wconf 90' lang='lat' dir='ltr'><strong>eorum</strong></span> <span class='ocrx_word' id='word_1_130' title='bbox 1517 1497 1914 1560; x_wconf 89' lang='lat' dir='ltr'><strong>remissionem,</strong></span> <span class='ocrx_word' id='word_1_131' title='bbox 1951 1511 2078 1566; x_wconf 89' lang='lat' dir='ltr'><strong>pro-</strong></span> 
     </span>
    </p>
   </div>
   <div class='ocr_carea' id='block_1_18' title="bbox 499 1580 2074 1657">
    <p class='ocr_par' dir='ltr' id='par_1_18' title="bbox 499 1580 2074 1657">
     <span class='ocr_line' id='line_1_18' title="bbox 499 1580 2074 1657; baseline 0.008 -26"><span class='ocrx_word' id='word_1_132' title='bbox 499 1580 752 1648; x_wconf 84' lang='lat' dir='ltr'><strong>pheticus</strong></span> <span class='ocrx_word' id='word_1_133' title='bbox 791 1600 973 1640; x_wconf 88' lang='lat' dir='ltr'><strong>sermo</strong></span> <span class='ocrx_word' id='word_1_134' title='bbox 1023 1585 1270 1643; x_wconf 82' lang='lat' dir='ltr'><strong>dixisset.</strong></span> <span class='ocrx_word' id='word_1_135' title='bbox 1302 1587 1461 1654; x_wconf 86' lang='lat' dir='ltr'><strong>Quod</strong></span> <span class='ocrx_word' id='word_1_136' title='bbox 1504 1587 1549 1642; x_wconf 89' lang='lat' dir='ltr'><strong>si</strong></span> <span class='ocrx_word' id='word_1_137' title='bbox 1597 1588 1792 1657; x_wconf 89' lang='lat' dir='ltr'><strong>puniat</strong></span> <span class='ocrx_word' id='word_1_138' title='bbox 1828 1587 1915 1641; x_wconf 83' lang='lat' dir='ltr'><strong>lex</strong></span> <span class='ocrx_word' id='word_1_139' title='bbox 1946 1602 2074 1657; x_wconf 87' lang='lat' dir='ltr'><strong>pec—</strong></span> 
     </span>
    </p>
   </div>
   <div class='ocr_carea' id='block_1_19' title="bbox 500 1679 2073 1750">
    <p class='ocr_par' dir='ltr' id='par_1_19' title="bbox 500 1679 2073 1750">
     <span class='ocr_line' id='line_1_19' title="bbox 500 1679 2073 1750; baseline 0.004 -24"><span class='ocrx_word' id='word_1_140' title='bbox 500 1683 710 1740; x_wconf 81' lang='lat' dir='ltr'><strong>cantes,</strong></span> <span class='ocrx_word' id='word_1_141' title='bbox 747 1690 964 1746; x_wconf 87' lang='lat' dir='ltr'><strong>semper</strong></span> <span class='ocrx_word' id='word_1_142' title='bbox 989 1686 1173 1732; x_wconf 86' lang='lat' dir='ltr'><strong>autem</strong></span> <span class='ocrx_word' id='word_1_143' title='bbox 1200 1679 1497 1734; x_wconf 86' lang='lat' dir='ltr'><strong>violatores</strong></span> <span class='ocrx_word' id='word_1_144' title='bbox 1529 1681 1665 1750; x_wconf 83' lang='lat' dir='ltr'><strong>legis</strong></span> <span class='ocrx_word' id='word_1_145' title='bbox 1691 1679 1865 1736; x_wconf 64' lang='lat' dir='ltr'><strong>Judaei</strong></span> <span class='ocrx_word' id='word_1_146' title='bbox 1894 1680 2073 1735; x_wconf 86' lang='lat' dir='ltr'><strong>vocati</strong></span> 
     </span>
    </p>
   </div>
   <div class='ocr_carea' id='block_1_20' title="bbox 500 1764 2072 1839">
    <p class='ocr_par' dir='ltr' id='par_1_20' title="bbox 500 1764 2072 1839">
     <span class='ocr_line' id='line_1_20' title="bbox 500 1764 2072 1839; baseline 0.006 -24"><span class='ocrx_word' id='word_1_147' title='bbox 500 1764 632 1830; x_wconf 88' lang='lat' dir='ltr'><strong>sint,</strong></span> <span class='ocrx_word' id='word_1_148' title='bbox 681 1764 889 1819; x_wconf 89' lang='lat' dir='ltr'><strong>clarum</strong></span> <span class='ocrx_word' id='word_1_149' title='bbox 939 1778 1025 1821; x_wconf 90' lang='lat' dir='ltr'><strong>est</strong></span> <span class='ocrx_word' id='word_1_150' title='bbox 1053 1768 1433 1822; x_wconf 89' lang='lat' dir='ltr'><strong>remissionem</strong></span> <span class='ocrx_word' id='word_1_151' title='bbox 1461 1785 1582 1839; x_wconf 67' lang='lat' dir='ltr'><strong>qua:</strong></span> <span class='ocrx_word' id='word_1_152' title='bbox 1610 1784 1710 1839; x_wconf 90' lang='lat' dir='ltr'><strong>per</strong></span> <span class='ocrx_word' id='word_1_153' title='bbox 1742 1769 2072 1838; x_wconf 88' lang='lat' dir='ltr'><strong>baptismum</strong></span> 
     </span>
    </p>
   </div>
   <div class='ocr_carea' id='block_1_21' title="bbox 501 1854 2082 1928">
    <p class='ocr_par' dir='ltr' id='par_1_21' title="bbox 501 1854 2082 1928">
     <span class='ocr_line' id='line_1_21' title="bbox 501 1854 2082 1928; baseline 0.006 -23"><span class='ocrx_word' id='word_1_154' title='bbox 501 1854 766 1909; x_wconf 88' lang='lat' dir='ltr'><strong>tribuitur</strong></span> <span class='ocrx_word' id='word_1_155' title='bbox 815 1871 846 1910; x_wconf 90' lang='lat' dir='ltr'><strong>a</strong></span> <span class='ocrx_word' id='word_1_156' title='bbox 903 1857 1229 1928; x_wconf 85' lang='lat' dir='ltr'><strong>prophetico</strong></span> <span class='ocrx_word' id='word_1_157' title='bbox 1279 1874 1532 1913; x_wconf 91' lang='lat' dir='ltr'><strong>sermone</strong></span> <span class='ocrx_word' id='word_1_158' title='bbox 1585 1859 1822 1914; x_wconf 87' lang='lat' dir='ltr'><strong>ostendi.</strong></span> <span class='ocrx_word' id='word_1_159' title='bbox 1879 1860 2082 1915; x_wconf 89' lang='lat' dir='ltr'><strong>Omnes</strong></span> 
     </span>
    </p>
   </div>
   <div class='ocr_carea' id='block_1_22' title="bbox 499 1948 2082 2022">
    <p class='ocr_par' dir='ltr' id='par_1_22' title="bbox 499 1948 2082 2022">
     <span class='ocr_line' id='line_1_22' title="bbox 499 1948 2082 2022; baseline 0.004 -22"><span class='ocrx_word' id='word_1_160' title='bbox 499 1948 649 2003; x_wconf 89' lang='lat' dir='ltr'><strong>enim</strong></span> <span class='ocrx_word' id='word_1_161' title='bbox 685 1948 974 2004; x_wconf 88' lang='lat' dir='ltr'><strong>credentes</strong></span> <span class='ocrx_word' id='word_1_162' title='bbox 1002 1957 1162 2004; x_wconf 89' lang='lat' dir='ltr'><strong>vocat</strong></span> <span class='ocrx_word' id='word_1_163' title='bbox 1191 1950 1381 2017; x_wconf 87' lang='lat' dir='ltr'><strong>Israel,</strong></span> <span class='ocrx_word' id='word_1_164' title='bbox 1414 1952 1528 2006; x_wconf 90' lang='lat' dir='ltr'><strong>sive</strong></span> <span class='ocrx_word' id='word_1_165' title='bbox 1563 1967 1628 2006; x_wconf 78' lang='lat' dir='ltr'><strong>ex</strong></span> <span class='ocrx_word' id='word_1_166' title='bbox 1665 1951 1922 2022; x_wconf 81' lang='lat' dir='ltr'><strong>gentibus</strong></span> <span class='ocrx_word' id='word_1_167' title='bbox 1967 1952 2082 2007; x_wconf 90' lang='lat' dir='ltr'><strong>sive</strong></span> 
     </span>
    </p>
   </div>
   <div class='ocr_carea' id='block_1_23' title="bbox 499 2038 2080 2114">
    <p class='ocr_par' dir='ltr' id='par_1_23' title="bbox 499 2038 2080 2114">
     <span class='ocr_line' id='line_1_23' title="bbox 499 2038 2080 2114; baseline 0.004 -23"><span class='ocrx_word' id='word_1_168' title='bbox 499 2055 566 2092; x_wconf 74' lang='lat' dir='ltr'><strong>ex</strong></span> <span class='ocrx_word' id='word_1_169' title='bbox 586 2038 808 2103; x_wconf 58' lang='lat' dir='ltr'><strong>ludatis,</strong></span> <span class='ocrx_word' id='word_1_170' title='bbox 830 2056 927 2109; x_wconf 91' lang='lat' dir='ltr'><strong>per</strong></span> <span class='ocrx_word' id='word_1_171' title='bbox 952 2040 1075 2096; x_wconf 82' lang='lat' dir='ltr'><strong>ﬁdei</strong></span> <span class='ocrx_word' id='word_1_172' title='bbox 1096 2042 1439 2097; x_wconf 89' lang='lat' dir='ltr'><strong>nobilitatem</strong></span> <span class='ocrx_word' id='word_1_173' title='bbox 1462 2043 1537 2097; x_wconf 91' lang='lat' dir='ltr'><strong>illi</strong></span> <span class='ocrx_word' id='word_1_174' title='bbox 1559 2045 1898 2114; x_wconf 84' lang='lat' dir='ltr'><strong>conjunctos.</strong></span> <span class='ocrx_word' id='word_1_175' title='bbox 1926 2044 2080 2110; x_wconf 89' lang='lat' dir='ltr'><strong>Quod</strong></span> 
     </span>
    </p>
   </div>
   <div class='ocr_carea' id='block_1_24' title="bbox 500 2131 2078 2203">
    <p class='ocr_par' dir='ltr' id='par_1_24' title="bbox 500 2131 2078 2203">
     <span class='ocr_line' id='line_1_24' title="bbox 500 2131 2078 2203; baseline 0.003 -19"><span class='ocrx_word' id='word_1_176' title='bbox 500 2147 631 2202; x_wconf 86' lang='lat' dir='ltr'><strong>ergo</strong></span> <span class='ocrx_word' id='word_1_177' title='bbox 665 2131 862 2201; x_wconf 80' lang='lat' dir='ltr'><strong>quaerit</strong></span> <span class='ocrx_word' id='word_1_178' title='bbox 906 2132 998 2188; x_wconf 86' lang='lat' dir='ltr'><strong>hic</strong></span> <span class='ocrx_word' id='word_1_179' title='bbox 1041 2134 1136 2203; x_wconf 92' lang='lat' dir='ltr'><strong>qui</strong></span> <span class='ocrx_word' id='word_1_180' title='bbox 1182 2134 1484 2191; x_wconf 89' lang='lat' dir='ltr'><strong>secundum</strong></span> <span class='ocrx_word' id='word_1_181' title='bbox 1521 2151 1742 2192; x_wconf 88' lang='lat' dir='ltr'><strong>carnem</strong></span> <span class='ocrx_word' id='word_1_182' title='bbox 1775 2146 1859 2191; x_wconf 90' lang='lat' dir='ltr'><strong>est</strong></span> <span class='ocrx_word' id='word_1_183' title='bbox 1893 2131 2078 2203; x_wconf 82' lang='lat' dir='ltr'><strong>Israel,</strong></span> 
     </span>
    </p>
   </div>
   <div class='ocr_carea' id='block_1_25' title="bbox 499 2224 2079 2298">
    <p class='ocr_par' dir='ltr' id='par_1_25' title="bbox 499 2224 2079 2298">
     <span class='ocr_line' id='line_1_25' title="bbox 499 2224 2079 2298; baseline 0.003 -20"><span class='ocrx_word' id='word_1_184' title='bbox 499 2224 606 2280; x_wconf 81' lang='lat' dir='ltr'><strong>hoc</strong></span> <span class='ocrx_word' id='word_1_185' title='bbox 637 2241 748 2279; x_wconf 86' lang='lat' dir='ltr'><strong>non</strong></span> <span class='ocrx_word' id='word_1_186' title='bbox 781 2235 1067 2281; x_wconf 87' lang='lat' dir='ltr'><strong>assecutus</strong></span> <span class='ocrx_word' id='word_1_187' title='bbox 1100 2236 1212 2291; x_wconf 89' lang='lat' dir='ltr'><strong>est;</strong></span> <span class='ocrx_word' id='word_1_188' title='bbox 1246 2243 1418 2296; x_wconf 87' lang='lat' dir='ltr'><strong>quare</strong></span> <span class='ocrx_word' id='word_1_189' title='bbox 1456 2244 1565 2282; x_wconf 85' lang='lat' dir='ltr'><strong>non</strong></span> <span class='ocrx_word' id='word_1_190' title='bbox 1589 2229 1912 2286; x_wconf 84' lang='lat' dir='ltr'><strong>assecutus?</strong></span> <span class='ocrx_word' id='word_1_191' title='bbox 1934 2228 2079 2298; x_wconf 85' lang='lat' dir='ltr'><strong>quod</strong></span> 
     </span>
    </p>
   </div>
   <div class='ocr_carea' id='block_1_26' title="bbox 498 2315 2080 2388">
    <p class='ocr_par' dir='ltr' id='par_1_26' title="bbox 498 2315 2080 2388">
     <span class='ocr_line' id='line_1_26' title="bbox 498 2315 2080 2388; baseline 0.003 -19"><span class='ocrx_word' id='word_1_192' title='bbox 498 2331 610 2370; x_wconf 87' lang='lat' dir='ltr'><strong>non</strong></span> <span class='ocrx_word' id='word_1_193' title='bbox 671 2332 738 2370; x_wconf 76' lang='lat' dir='ltr'><strong>ex</strong></span> <span class='ocrx_word' id='word_1_194' title='bbox 769 2315 874 2371; x_wconf 84' lang='lat' dir='ltr'><strong>ﬁde</strong></span> <span class='ocrx_word' id='word_1_195' title='bbox 916 2317 1135 2386; x_wconf 61' lang='lat' dir='ltr'><strong>quaerit,</strong></span> <span class='ocrx_word' id='word_1_196' title='bbox 1167 2317 1264 2372; x_wconf 90' lang='lat' dir='ltr'><strong>sed</strong></span> <span class='ocrx_word' id='word_1_197' title='bbox 1294 2334 1361 2371; x_wconf 80' lang='lat' dir='ltr'><strong>ex</strong></span> <span class='ocrx_word' id='word_1_198' title='bbox 1391 2319 1651 2388; x_wconf 84' lang='lat' dir='ltr'><strong>eperibus</strong></span> <span class='ocrx_word' id='word_1_199' title='bbox 1683 2319 1836 2388; x_wconf 82' lang='lat' dir='ltr'><strong>legis.</strong></span> <span class='ocrx_word' id='word_1_200' title='bbox 1873 2319 2080 2374; x_wconf 89' lang='lat' dir='ltr'><strong>Eleclio</strong></span> 
     </span>
    </p>
   </div>
   <div class='ocr_carea' id='block_1_27' title="bbox 500 2408 2082 2479">
    <p class='ocr_par' dir='ltr' id='par_1_27' title="bbox 500 2408 2082 2479">
     <span class='ocr_line' id='line_1_27' title="bbox 500 2408 2082 2479; baseline 0.003 -19"><span class='ocrx_word' id='word_1_201' title='bbox 500 2416 687 2462; x_wconf 81' lang='lat' dir='ltr'><strong>autem</strong></span> <span class='ocrx_word' id='word_1_202' title='bbox 745 2416 1000 2466; x_wconf 82' lang='lat' dir='ltr'><strong>assecuta</strong></span> <span class='ocrx_word' id='word_1_203' title='bbox 1045 2417 1131 2463; x_wconf 87' lang='lat' dir='ltr'><strong>est</strong></span> <span class='ocrx_word' id='word_1_204' title='bbox 1186 2423 1285 2478; x_wconf 87' lang='lat' dir='ltr'><strong>per</strong></span> <span class='ocrx_word' id='word_1_205' title='bbox 1337 2408 1519 2472; x_wconf 75' lang='lat' dir='ltr'><strong>fidem,</strong></span> <span class='ocrx_word' id='word_1_206' title='bbox 1561 2410 1759 2479; x_wconf 86' lang='lat' dir='ltr'><strong>reliqui</strong></span> <span class='ocrx_word' id='word_1_207' title='bbox 1813 2426 1944 2464; x_wconf 87' lang='lat' dir='ltr'><strong>vero</strong></span> <span class='ocrx_word' id='word_1_208' title='bbox 1989 2426 2082 2466; x_wconf 74' lang='lat' dir='ltr'><strong>ex-</strong></span> 
     </span>
    </p>
   </div>
   <div class='ocr_carea' id='block_1_28' title="bbox 498 2499 2082 2564">
    <p class='ocr_par' dir='ltr' id='par_1_28' title="bbox 498 2499 2082 2564">
     <span class='ocr_line' id='line_1_28' title="bbox 498 2499 2082 2564; baseline 0 -10"><span class='ocrx_word' id='word_1_209' title='bbox 498 2500 684 2554; x_wconf 72' lang='lat' dir='ltr'><strong>eaccati</strong></span> <span class='ocrx_word' id='word_1_210' title='bbox 736 2508 886 2563; x_wconf 89' lang='lat' dir='ltr'><strong>sunt,</strong></span> <span class='ocrx_word' id='word_1_211' title='bbox 929 2499 982 2554; x_wconf 87' lang='lat' dir='ltr'><strong>id</strong></span> <span class='ocrx_word' id='word_1_212' title='bbox 1042 2508 1128 2557; x_wconf 90' lang='lat' dir='ltr'><strong>est</strong></span> <span class='ocrx_word' id='word_1_213' title='bbox 1155 2500 1409 2555; x_wconf 89' lang='lat' dir='ltr'><strong>derelicti</strong></span> <span class='ocrx_word' id='word_1_214' title='bbox 1473 2510 1599 2556; x_wconf 92' lang='lat' dir='ltr'><strong>sunt</strong></span> <span class='ocrx_word' id='word_1_215' title='bbox 1645 2502 1696 2555; x_wconf 93' lang='lat' dir='ltr'><strong>in</strong></span> <span class='ocrx_word' id='word_1_216' title='bbox 1735 2501 2082 2564; x_wconf 63' lang='lat' dir='ltr'><strong>infidelitate,</strong></span> 
     </span>
    </p>
   </div>
   <div class='ocr_carea' id='block_1_29' title="bbox 498 2590 2078 2663">
    <p class='ocr_par' dir='ltr' id='par_1_29' title="bbox 498 2590 2078 2663">
     <span class='ocr_line' id='line_1_29' title="bbox 498 2590 2078 2663; baseline 0.002 -19"><span class='ocrx_word' id='word_1_217' title='bbox 498 2590 642 2644; x_wconf 89' lang='lat' dir='ltr'><strong>sicut</strong></span> <span class='ocrx_word' id='word_1_218' title='bbox 695 2590 962 2659; x_wconf 87' lang='lat' dir='ltr'><strong>scriptum</strong></span> <span class='ocrx_word' id='word_1_219' title='bbox 998 2600 1133 2646; x_wconf 88' lang='lat' dir='ltr'><strong>est:</strong></span> <span class='ocrx_word' id='word_1_220' title='bbox 1184 2610 1200 2642; x_wconf 80' lang='grc' dir='ltr'><strong>ι</strong></span> <span class='ocrx_word' id='word_1_221' title='bbox 1241 2591 1402 2647; x_wconf 83' lang='lat' dir='ltr'><strong>Dedit</strong></span> <span class='ocrx_word' id='word_1_222' title='bbox 1454 2591 1563 2647; x_wconf 90' lang='lat' dir='ltr'><strong>illis</strong></span> <span class='ocrx_word' id='word_1_223' title='bbox 1619 2593 1765 2649; x_wconf 90' lang='lat' dir='ltr'><strong>Deus</strong></span> <span class='ocrx_word' id='word_1_224' title='bbox 1824 2595 2078 2663; x_wconf 75' lang='lat' dir='ltr'><strong>spiritum</strong></span> 
     </span>
    </p>
   </div>
   <div class='ocr_carea' id='block_1_30' title="bbox 500 2683 2081 2753">
    <p class='ocr_par' dir='ltr' id='par_1_30' title="bbox 500 2683 2081 2753">
     <span class='ocr_line' id='line_1_30' title="bbox 500 2683 2081 2753; baseline 0.003 -17"><span class='ocrx_word' id='word_1_225' title='bbox 500 2684 960 2753; x_wconf 83' lang='lat' dir='ltr'><strong>compunctionis,</strong></span> <span class='ocrx_word' id='word_1_226' title='bbox 1011 2683 1204 2739; x_wconf 90' lang='lat' dir='ltr'><strong>oculos</strong></span> <span class='ocrx_word' id='word_1_227' title='bbox 1259 2693 1320 2739; x_wconf 93' lang='lat' dir='ltr'><strong>ut</strong></span> <span class='ocrx_word' id='word_1_228' title='bbox 1371 2701 1480 2739; x_wconf 90' lang='lat' dir='ltr'><strong>non</strong></span> <span class='ocrx_word' id='word_1_229' title='bbox 1539 2685 1779 2750; x_wconf 83' lang='lat' dir='ltr'><strong>videant,</strong></span> <span class='ocrx_word' id='word_1_230' title='bbox 1822 2703 1982 2743; x_wconf 87' lang='lat' dir='ltr'><strong>aures</strong></span> <span class='ocrx_word' id='word_1_231' title='bbox 2021 2697 2081 2741; x_wconf 94' lang='lat' dir='ltr'><strong>ut</strong></span> 
     </span>
    </p>
   </div>
   <div class='ocr_carea' id='block_1_31' title="bbox 498 2761 2078 2843">
    <p class='ocr_par' dir='ltr' id='par_1_31' title="bbox 498 2761 2078 2843">
     <span class='ocr_line' id='line_1_31' title="bbox 498 2761 2078 2843; baseline 0.003 -16"><span class='ocrx_word' id='word_1_232' title='bbox 498 2790 608 2828; x_wconf 88' lang='lat' dir='ltr'><strong>non</strong></span> <span class='ocrx_word' id='word_1_233' title='bbox 644 2774 891 2838; x_wconf 89' lang='lat' dir='ltr'><strong>audiant,</strong></span> <span class='ocrx_word' id='word_1_234' title='bbox 944 2761 1116 2843; x_wconf 86' lang='lat' dir='ltr'><strong>usque</strong></span> <span class='ocrx_word' id='word_1_235' title='bbox 1150 2775 1218 2829; x_wconf 90' lang='lat' dir='ltr'><strong>ad</strong></span> <span class='ocrx_word' id='word_1_236' title='bbox 1266 2775 1412 2831; x_wconf 87' lang='lat' dir='ltr'><strong>hunc</strong></span> <span class='ocrx_word' id='word_1_237' title='bbox 1445 2775 1590 2830; x_wconf 86' lang='lat' dir='ltr'><strong>diem</strong></span> <span class='ocrx_word' id='word_1_238' title='bbox 1625 2776 1691 2837; x_wconf 63' lang='grc' dir='ltr'>ἰ,</span> <span class='ocrx_word' id='word_1_239' title='bbox 1732 2796 1747 2825; x_wconf 77' lang='grc' dir='ltr'><strong>ι</strong></span> <span class='ocrx_word' id='word_1_240' title='bbox 1790 2777 1904 2830; x_wconf 85' lang='lat' dir='ltr'><strong>Non</strong></span> <span class='ocrx_word' id='word_1_241' title='bbox 1933 2779 2078 2831; x_wconf 86' lang='lat' dir='ltr'><strong>enim</strong></span> 
     </span>
    </p>
   </div>
   <div class='ocr_carea' id='block_1_32' title="bbox 500 2863 2082 2931">
    <p class='ocr_par' dir='ltr' id='par_1_32' title="bbox 500 2863 2082 2931">
     <span class='ocr_line' id='line_1_32' title="bbox 500 2863 2082 2931; baseline 0.004 -14"><span class='ocrx_word' id='word_1_242' title='bbox 500 2865 644 2918; x_wconf 81' lang='lat' dir='ltr'><strong>Deus</strong></span> <span class='ocrx_word' id='word_1_243' title='bbox 680 2863 782 2919; x_wconf 87' lang='lat' dir='ltr'><strong>bos</strong></span> <span class='ocrx_word' id='word_1_244' title='bbox 832 2865 1146 2919; x_wconf 88' lang='lat' dir='ltr'><strong>incredulos</strong></span> <span class='ocrx_word' id='word_1_245' title='bbox 1186 2867 1389 2931; x_wconf 77' lang='lat' dir='ltr'><strong>elIecit,</strong></span> <span class='ocrx_word' id='word_1_246' title='bbox 1442 2866 1536 2920; x_wconf 84' lang='lat' dir='ltr'><strong>sed</strong></span> <span class='ocrx_word' id='word_1_247' title='bbox 1586 2868 1868 2929; x_wconf 85' lang='lat' dir='ltr'><strong>sustinuit,</strong></span> <span class='ocrx_word' id='word_1_248' title='bbox 1903 2868 1956 2922; x_wconf 90' lang='lat' dir='ltr'><strong>id</strong></span> <span class='ocrx_word' id='word_1_249' title='bbox 1999 2879 2082 2924; x_wconf 90' lang='lat' dir='ltr'><strong>est</strong></span> 
     </span>
    </p>
   </div>
   <div class='ocr_carea' id='block_1_33' title="bbox 501 2955 2081 3026">
    <p class='ocr_par' dir='ltr' id='par_1_33' title="bbox 501 2955 2081 3026">
     <span class='ocr_line' id='line_1_33' title="bbox 501 2955 2081 3026; baseline 0.002 -14"><span class='ocrx_word' id='word_1_250' title='bbox 501 2955 733 3022; x_wconf 86' lang='lat' dir='ltr'><strong>dimisit,</strong></span> <span class='ocrx_word' id='word_1_251' title='bbox 783 2955 1037 3025; x_wconf 88' lang='lat' dir='ltr'><strong>spiritum</strong></span> <span class='ocrx_word' id='word_1_252' title='bbox 1067 2957 1510 3026; x_wconf 88' lang='lat' dir='ltr'><strong>compunctionis</strong></span> <span class='ocrx_word' id='word_1_253' title='bbox 1537 2968 1776 3013; x_wconf 84' lang='lat' dir='ltr'><strong>mentem</strong></span> <span class='ocrx_word' id='word_1_254' title='bbox 1833 2959 2081 3015; x_wconf 75' lang='lat' dir='ltr'><strong>obstina—</strong></span> 
     </span>
    </p>
   </div>
   <div class='ocr_carea' id='block_1_34' title="bbox 503 3047 2081 3122">
    <p class='ocr_par' dir='ltr' id='par_1_34' title="bbox 503 3047 2081 3122">
     <span class='ocr_line' id='line_1_34' title="bbox 503 3047 2081 3122; baseline 0.004 -20"><span class='ocrx_word' id='word_1_255' title='bbox 503 3056 612 3102; x_wconf 89' lang='lat' dir='ltr'><strong>tam</strong></span> <span class='ocrx_word' id='word_1_256' title='bbox 643 3047 889 3113; x_wconf 85' lang='lat' dir='ltr'><strong>vocavit;</strong></span> <span class='ocrx_word' id='word_1_257' title='bbox 929 3057 990 3102; x_wconf 91' lang='lat' dir='ltr'><strong>ut</strong></span> <span class='ocrx_word' id='word_1_258' title='bbox 1028 3049 1175 3107; x_wconf 89' lang='lat' dir='ltr'><strong>enim</strong></span> <span class='ocrx_word' id='word_1_259' title='bbox 1211 3049 1305 3119; x_wconf 90' lang='lat' dir='ltr'><strong>qui</strong></span> <span class='ocrx_word' id='word_1_260' title='bbox 1338 3051 1708 3122; x_wconf 89' lang='lat' dir='ltr'><strong>cognitionem</strong></span> <span class='ocrx_word' id='word_1_261' title='bbox 1753 3053 2081 3109; x_wconf 87' lang='lat' dir='ltr'><strong>laudabilem</strong></span> 
     </span>
    </p>
   </div>
   <div class='ocr_carea' id='block_1_35' title="bbox 2185 749 3775 822">
    <p class='ocr_par' dir='ltr' id='par_1_35' title="bbox 2185 749 3775 822">
     <span class='ocr_line' id='line_1_35' title="bbox 2185 749 3775 822; baseline -0.002 -17"><span class='ocrx_word' id='word_1_262' title='bbox 2185 770 2265 806; x_wconf 92' lang='grc' dir='ltr'><strong>νοι</strong></span> <span class='ocrx_word' id='word_1_263' title='bbox 2302 751 2403 821; x_wconf 81' lang='grc' dir='ltr'>τῆς</span> <span class='ocrx_word' id='word_1_264' title='bbox 2441 751 2697 814; x_wconf 75' lang='grc' dir='ltr'>ἀσεϐείας</span> <span class='ocrx_word' id='word_1_265' title='bbox 2735 750 3035 822; x_wconf 75' lang='grc' dir='ltr'>ἐλεύθεροι·</span> <span class='ocrx_word' id='word_1_266' title='bbox 3077 750 3219 806; x_wconf 78' lang='grc' dir='ltr'>οὕτω</span> <span class='ocrx_word' id='word_1_267' title='bbox 3261 750 3357 804; x_wconf 75' lang='grc' dir='ltr'><strong>καὶ</strong></span> <span class='ocrx_word' id='word_1_268' title='bbox 3405 750 3498 805; x_wconf 83' lang='grc' dir='ltr'>νῦν</span> <span class='ocrx_word' id='word_1_269' title='bbox 3550 749 3775 815; x_wconf 86' lang='grc' dir='ltr'>πλείους</span> 
     </span>
    </p>
   </div>
   <div class='ocr_carea' id='block_1_36' title="bbox 2188 844 3774 916">
    <p class='ocr_par' dir='ltr' id='par_1_36' title="bbox 2188 844 3774 916">
     <span class='ocr_line' id='line_1_36' title="bbox 2188 844 3774 916; baseline -0.002 -18"><span class='ocrx_word' id='word_1_270' title='bbox 2188 846 2286 915; x_wconf 83' lang='grc' dir='ltr'><strong>μὲν</strong></span> <span class='ocrx_word' id='word_1_271' title='bbox 2353 847 2400 898; x_wconf 85' lang='grc' dir='ltr'><strong>οί</strong></span> <span class='ocrx_word' id='word_1_272' title='bbox 2457 845 2864 916; x_wconf 79' lang='grc' dir='ltr'><strong>ἀπιστήσαντες</strong></span> <span class='ocrx_word' id='word_1_273' title='bbox 2893 844 2928 916; x_wconf 81' lang='grc' dir='ltr'>ἢ</span> <span class='ocrx_word' id='word_1_274' title='bbox 2967 847 3017 898; x_wconf 89' lang='grc' dir='ltr'><strong>οί</strong></span> <span class='ocrx_word' id='word_1_275' title='bbox 3051 845 3150 916; x_wconf 82' lang='grc' dir='ltr'><strong>τῆς</strong></span> <span class='ocrx_word' id='word_1_276' title='bbox 3184 845 3336 908; x_wconf 82' lang='grc' dir='ltr'>θείας</span> <span class='ocrx_word' id='word_1_277' title='bbox 3368 845 3599 915; x_wconf 81' lang='grc' dir='ltr'>χάριτος</span> <span class='ocrx_word' id='word_1_278' title='bbox 3633 844 3774 896; x_wconf 84' lang='grc' dir='ltr'>ἀπο-</span> 
     </span>
    </p>
   </div>
   <div class='ocr_carea' id='block_1_37' title="bbox 2187 935 3775 1009">
    <p class='ocr_par' dir='ltr' id='par_1_37' title="bbox 2187 935 3775 1009">
     <span class='ocr_line' id='line_1_37' title="bbox 2187 935 3775 1009; baseline -0.002 -18"><span class='ocrx_word' id='word_1_279' title='bbox 2187 937 2489 1002; x_wconf 88' lang='grc' dir='ltr'>λαύσαντες</span> <span class='ocrx_word' id='word_1_280' title='bbox 2523 939 2585 992; x_wconf 82' lang='grc' dir='ltr'><strong>οὐ</strong></span> <span class='ocrx_word' id='word_1_281' title='bbox 2625 937 2733 1008; x_wconf 78' lang='grc' dir='ltr'>γὰρ</span> <span class='ocrx_word' id='word_1_282' title='bbox 2779 939 2812 1008; x_wconf 88' lang='grc' dir='ltr'><strong>ή</strong></span> <span class='ocrx_word' id='word_1_283' title='bbox 2857 938 3002 992; x_wconf 88' lang='grc' dir='ltr'><strong>κατά</strong></span> <span class='ocrx_word' id='word_1_284' title='bbox 3033 938 3198 1009; x_wconf 84' lang='grc' dir='ltr'>νόμον</span> <span class='ocrx_word' id='word_1_285' title='bbox 3231 938 3428 1000; x_wconf 76' lang='grc' dir='ltr'>αὐτοὺς</span> <span class='ocrx_word' id='word_1_286' title='bbox 3479 935 3775 989; x_wconf 74' lang='grc' dir='ltr'>ἐδικαίωσε</span> 
     </span>
    </p>
   </div>
   <div class='ocr_carea' id='block_1_38' title="bbox 2184 1025 3773 1103">
    <p class='ocr_par' dir='ltr' id='par_1_38' title="bbox 2184 1025 3773 1103">
     <span class='ocr_line' id='line_1_38' title="bbox 2184 1025 3773 1103; baseline -0.003 -19"><span class='ocrx_word' id='word_1_287' title='bbox 2184 1032 2432 1087; x_wconf 80' lang='grc' dir='ltr'><strong>πολιτεία</strong></span> <span class='ocrx_word' id='word_1_288' title='bbox 2454 1072 2470 1095; x_wconf 93' lang='grc'><strong>,</strong></span> <span class='ocrx_word' id='word_1_289' title='bbox 2501 1031 2682 1103; x_wconf 80' lang='grc' dir='ltr'>(τοῦτο</span> <span class='ocrx_word' id='word_1_290' title='bbox 2707 1031 2816 1102; x_wconf 81' lang='grc' dir='ltr'>γὰρ</span> <span class='ocrx_word' id='word_1_291' title='bbox 2850 1032 3000 1100; x_wconf 81' lang='grc' dir='ltr'>λέγει</span> <span class='ocrx_word' id='word_1_292' title='bbox 3027 1031 3108 1099; x_wconf 80' lang='grc' dir='ltr'><strong>τὸ,</strong></span> <span class='ocrx_word' id='word_1_293' title='bbox 3142 1049 3161 1082; x_wconf 74' lang='grc' dir='ltr'><strong>ι</strong></span> <span class='ocrx_word' id='word_1_294' title='bbox 3193 1030 3252 1096; x_wconf 82' lang='grc' dir='ltr'><strong>ἐξ</strong></span> <span class='ocrx_word' id='word_1_295' title='bbox 3289 1029 3467 1100; x_wconf 81' lang='grc' dir='ltr'>ἔργων</span> <span class='ocrx_word' id='word_1_296' title='bbox 3497 1028 3675 1097; x_wconf 78' lang='grc' dir='ltr'>νόμον</span> <span class='ocrx_word' id='word_1_297' title='bbox 3704 1025 3773 1097; x_wconf 73' lang='grc' dir='ltr'>ι),</span> 
     </span>
    </p>
   </div>
   <div class='ocr_carea' id='block_1_39' title="bbox 2181 1117 3775 1192">
    <p class='ocr_par' dir='ltr' id='par_1_39' title="bbox 2181 1117 3775 1192">
     <span class='ocr_line' id='line_1_39' title="bbox 2181 1117 3775 1192; baseline -0.001 -16"><span class='ocrx_word' id='word_1_298' title='bbox 2181 1122 2294 1176; x_wconf 86' lang='grc' dir='ltr'>ἀλλ’</span> <span class='ocrx_word' id='word_1_299' title='bbox 2325 1124 2358 1192; x_wconf 81' lang='grc' dir='ltr'><strong>ἡ</strong></span> <span class='ocrx_word' id='word_1_300' title='bbox 2399 1120 2532 1175; x_wconf 76' lang='grc' dir='ltr'>Θεοῦ</span> <span class='ocrx_word' id='word_1_301' title='bbox 2575 1121 2808 1175; x_wconf 80' lang='grc' dir='ltr'>διέσωσε</span> <span class='ocrx_word' id='word_1_302' title='bbox 2853 1123 3034 1192; x_wconf 76' lang='grc' dir='ltr'>χάρις’</span> <span class='ocrx_word' id='word_1_303' title='bbox 3082 1121 3171 1174; x_wconf 83' lang='grc' dir='ltr'>διὰ</span> <span class='ocrx_word' id='word_1_304' title='bbox 3207 1119 3369 1174; x_wconf 75' lang='grc' dir='ltr'>τοῦτο</span> <span class='ocrx_word' id='word_1_305' title='bbox 3415 1118 3512 1172; x_wconf 73' lang='grc' dir='ltr'><strong>καὶ</strong></span> <span class='ocrx_word' id='word_1_306' title='bbox 3548 1117 3716 1188; x_wconf 75' lang='grc' dir='ltr'>χάρις</span> <span class='ocrx_word' id='word_1_307' title='bbox 3742 1117 3775 1185; x_wconf 84' lang='grc' dir='ltr'><strong>ἡ</strong></span> 
     </span>
    </p>
   </div>
   <div class='ocr_carea' id='block_1_40' title="bbox 2182 1206 3778 1287">
    <p class='ocr_par' dir='ltr' id='par_1_40' title="bbox 2182 1206 3778 1287">
     <span class='ocr_line' id='line_1_40' title="bbox 2182 1206 3778 1287; baseline -0.006 -21"><span class='ocrx_word' id='word_1_308' title='bbox 2182 1213 2427 1284; x_wconf 84' lang='grc' dir='ltr'>σωτηρία</span> <span class='ocrx_word' id='word_1_309' title='bbox 2458 1213 2728 1274; x_wconf 85' lang='grc' dir='ltr'>καλεῖται,</span> <span class='ocrx_word' id='word_1_310' title='bbox 2775 1213 2968 1282; x_wconf 79' lang='grc' dir='ltr'>ἐπειδὴ</span> <span class='ocrx_word' id='word_1_311' title='bbox 3002 1212 3145 1265; x_wconf 86' lang='grc' dir='ltr'><strong>κατά</strong></span> <span class='ocrx_word' id='word_1_312' title='bbox 3173 1211 3324 1264; x_wconf 82' lang='grc' dir='ltr'>θείαν</span> <span class='ocrx_word' id='word_1_313' title='bbox 3357 1206 3778 1287; x_wconf 64' lang='grc' dir='ltr'>φιλανθρωπίαν</span> 
     </span>
    </p>
   </div>
   <div class='ocr_carea' id='block_1_41' title="bbox 2179 1298 3792 1375">
    <p class='ocr_par' dir='ltr' id='par_1_41' title="bbox 2179 1298 3792 1375">
     <span class='ocr_line' id='line_1_41' title="bbox 2179 1298 3792 1375; baseline -0.003 -18"><span class='ocrx_word' id='word_1_314' title='bbox 2179 1305 2494 1374; x_wconf 85' lang='grc' dir='ltr'>γεγένηται,</span> <span class='ocrx_word' id='word_1_315' title='bbox 2527 1305 2709 1368; x_wconf 82' lang='grc' dir='ltr'>καθὼς</span> <span class='ocrx_word' id='word_1_316' title='bbox 2738 1307 3074 1375; x_wconf 81' lang='grc' dir='ltr'>γέγραπται·</span> <span class='ocrx_word' id='word_1_317' title='bbox 3101 1323 3121 1357; x_wconf 74' lang='grc' dir='ltr'><strong>ι</strong></span> <span class='ocrx_word' id='word_1_318' title='bbox 3159 1304 3322 1370; x_wconf 82' lang='grc' dir='ltr'>Ἥξει</span> <span class='ocrx_word' id='word_1_319' title='bbox 3353 1305 3415 1356; x_wconf 79' lang='grc' dir='ltr'>ὲκ</span> <span class='ocrx_word' id='word_1_320' title='bbox 3439 1301 3634 1354; x_wconf 86' lang='grc' dir='ltr'>Σιὼνὸ</span> <span class='ocrx_word' id='word_1_321' title='bbox 3654 1298 3792 1371; x_wconf 41' lang='grc' dir='ltr'>ρυόο,</span> 
     </span>
    </p>
   </div>
   <div class='ocr_carea' id='block_1_42' title="bbox 2183 1379 3775 1469">
    <p class='ocr_par' dir='ltr' id='par_1_42' title="bbox 2183 1379 3775 1469">
     <span class='ocr_line' id='line_1_42' title="bbox 2183 1379 3775 1469; baseline -0.003 -19"><span class='ocrx_word' id='word_1_322' title='bbox 2183 1415 2362 1469; x_wconf 85' lang='grc' dir='ltr'>μενος,</span> <span class='ocrx_word' id='word_1_323' title='bbox 2404 1399 2498 1452; x_wconf 78' lang='grc' dir='ltr'><strong>καὶ</strong></span> <span class='ocrx_word' id='word_1_324' title='bbox 2533 1398 2871 1468; x_wconf 79' lang='grc' dir='ltr'>ἀποστρέψει</span> <span class='ocrx_word' id='word_1_325' title='bbox 2919 1397 3179 1460; x_wconf 79' lang='grc' dir='ltr'>ἀσεϐείας</span> <span class='ocrx_word' id='word_1_326' title='bbox 3217 1397 3330 1449; x_wconf 84' lang='grc' dir='ltr'><strong>ἀπὸ</strong></span> <span class='ocrx_word' id='word_1_327' title='bbox 3391 1393 3596 1447; x_wconf 81' lang='grc' dir='ltr'>Ἰακώϐ</span> <span class='ocrx_word' id='word_1_328' title='bbox 3628 1407 3642 1422; x_wconf 73' lang='grc' dir='ltr'><strong>ο</strong></span> <span class='ocrx_word' id='word_1_329' title='bbox 3683 1379 3775 1445; x_wconf 75' lang='grc' dir='ltr'>καὶ</span> 
     </span>
    </p>
   </div>
   <div class='ocr_carea' id='block_1_43' title="bbox 2178 1486 3777 1562">
    <p class='ocr_par' dir='ltr' id='par_1_43' title="bbox 2178 1486 3777 1562">
     <span class='ocr_line' id='line_1_43' title="bbox 2178 1486 3777 1562; baseline -0.004 -17"><span class='ocrx_word' id='word_1_330' title='bbox 2178 1489 2317 1562; x_wconf 77' lang='grc' dir='ltr'>αὕτη</span> <span class='ocrx_word' id='word_1_331' title='bbox 2346 1490 2530 1554; x_wconf 83' lang='grc' dir='ltr'>αὐτοῖς</span> <span class='ocrx_word' id='word_1_332' title='bbox 2575 1492 2608 1562; x_wconf 86' lang='grc' dir='ltr'><strong>ἡ</strong></span> <span class='ocrx_word' id='word_1_333' title='bbox 2653 1493 2785 1560; x_wconf 83' lang='grc' dir='ltr'>παρ’</span> <span class='ocrx_word' id='word_1_334' title='bbox 2814 1491 2952 1562; x_wconf 76' lang='grc' dir='ltr'>ἐμοῦ</span> <span class='ocrx_word' id='word_1_335' title='bbox 3003 1491 3236 1560; x_wconf 79' lang='grc' dir='ltr'>διαθήκη</span> <span class='ocrx_word' id='word_1_336' title='bbox 3267 1531 3282 1550; x_wconf 85' lang='grc'><strong>,</strong></span> <span class='ocrx_word' id='word_1_337' title='bbox 3313 1489 3443 1542; x_wconf 80' lang='grc' dir='ltr'>ὅταν</span> <span class='ocrx_word' id='word_1_338' title='bbox 3479 1486 3777 1555; x_wconf 74' lang='grc' dir='ltr'>ἀφέλωμαι</span> 
     </span>
    </p>
   </div>
   <div class='ocr_carea' id='block_1_44' title="bbox 2180 1573 3778 1654">
    <p class='ocr_par' dir='ltr' id='par_1_44' title="bbox 2180 1573 3778 1654">
     <span class='ocr_line' id='line_1_44' title="bbox 2180 1573 3778 1654; baseline -0.008 -16"><span class='ocrx_word' id='word_1_339' title='bbox 2180 1582 2280 1647; x_wconf 79' lang='grc' dir='ltr'><strong>τὰς</strong></span> <span class='ocrx_word' id='word_1_340' title='bbox 2320 1583 2600 1654; x_wconf 81' lang='grc' dir='ltr'>ἁμαρτίας</span> <span class='ocrx_word' id='word_1_341' title='bbox 2635 1581 2838 1635; x_wconf 80' lang='grc' dir='ltr'>αὐτῶν.</span> <span class='ocrx_word' id='word_1_342' title='bbox 2874 1601 2894 1633; x_wconf 85' lang='grc'><strong>›</strong></span> <span class='ocrx_word' id='word_1_343' title='bbox 2933 1582 2994 1635; x_wconf 84' lang='grc' dir='ltr'>Εἰ</span> <span class='ocrx_word' id='word_1_344' title='bbox 3038 1583 3071 1653; x_wconf 85' lang='grc' dir='ltr'>ἡ</span> <span class='ocrx_word' id='word_1_345' title='bbox 3127 1579 3269 1632; x_wconf 86' lang='grc' dir='ltr'><strong>κατά</strong></span> <span class='ocrx_word' id='word_1_346' title='bbox 3314 1578 3478 1648; x_wconf 75' lang='grc' dir='ltr'>νόμον</span> <span class='ocrx_word' id='word_1_347' title='bbox 3529 1573 3778 1628; x_wconf 82' lang='grc' dir='ltr'>πολιτεία</span> 
     </span>
    </p>
   </div>
   <div class='ocr_carea' id='block_1_45' title="bbox 2182 1663 3774 1744">
    <p class='ocr_par' dir='ltr' id='par_1_45' title="bbox 2182 1663 3774 1744">
     <span class='ocr_line' id='line_1_45' title="bbox 2182 1663 3774 1744; baseline -0.006 -17"><span class='ocrx_word' id='word_1_348' title='bbox 2182 1674 2438 1744; x_wconf 86' lang='grc' dir='ltr'>δωρεῖται</span> <span class='ocrx_word' id='word_1_349' title='bbox 2463 1672 2573 1725; x_wconf 85' lang='grc' dir='ltr'><strong>τῶν</strong></span> <span class='ocrx_word' id='word_1_350' title='bbox 2612 1672 3031 1742; x_wconf 78' lang='grc' dir='ltr'>ἁμαρτημάτων</span> <span class='ocrx_word' id='word_1_351' title='bbox 3059 1669 3242 1724; x_wconf 82' lang='grc' dir='ltr'>αὐτῶν</span> <span class='ocrx_word' id='word_1_352' title='bbox 3275 1668 3375 1739; x_wconf 83' lang='grc' dir='ltr'><strong>τὴν</strong></span> <span class='ocrx_word' id='word_1_353' title='bbox 3409 1667 3638 1737; x_wconf 76' lang='grc' dir='ltr'>ἄφεσιν·</span> <span class='ocrx_word' id='word_1_354' title='bbox 3677 1663 3774 1718; x_wconf 82' lang='grc' dir='ltr'>αύ-</span> 
     </span>
    </p>
   </div>
   <div class='ocr_carea' id='block_1_46' title="bbox 2183 1757 3774 1837">
    <p class='ocr_par' dir='ltr' id='par_1_46' title="bbox 2183 1757 3774 1837">
     <span class='ocr_line' id='line_1_46' title="bbox 2183 1757 3774 1837; baseline -0.006 -18"><span class='ocrx_word' id='word_1_355' title='bbox 2183 1765 2283 1836; x_wconf 82' lang='grc' dir='ltr'>τὴν</span> <span class='ocrx_word' id='word_1_356' title='bbox 2311 1765 2378 1818; x_wconf 84' lang='grc' dir='ltr'><strong>ἂν</strong></span> <span class='ocrx_word' id='word_1_357' title='bbox 2405 1765 2433 1817; x_wconf 99' lang='lat'><strong>6</strong></span> <span class='ocrx_word' id='word_1_358' title='bbox 2466 1763 2804 1837; x_wconf 79' lang='grc' dir='ltr'>προφητικὸς</span> <span class='ocrx_word' id='word_1_359' title='bbox 2835 1763 3204 1833; x_wconf 80' lang='grc' dir='ltr'>προεθέσπισε</span> <span class='ocrx_word' id='word_1_360' title='bbox 3232 1761 3411 1829; x_wconf 82' lang='grc' dir='ltr'>λόγος’</span> <span class='ocrx_word' id='word_1_361' title='bbox 3436 1761 3490 1812; x_wconf 86' lang='grc' dir='ltr'><strong>εί</strong></span> <span class='ocrx_word' id='word_1_362' title='bbox 3517 1757 3581 1813; x_wconf 76' lang='grc' dir='ltr'>δὲ</span> <span class='ocrx_word' id='word_1_363' title='bbox 3611 1757 3774 1811; x_wconf 71' lang='grc' dir='ltr'>κολάο</span> 
     </span>
    </p>
   </div>
   <div class='ocr_carea' id='block_1_47' title="bbox 2184 1852 3775 1929">
    <p class='ocr_par' dir='ltr' id='par_1_47' title="bbox 2184 1852 3775 1929">
     <span class='ocr_line' id='line_1_47' title="bbox 2184 1852 3775 1929; baseline -0.005 -18"><span class='ocrx_word' id='word_1_364' title='bbox 2184 1857 2268 1923; x_wconf 80' lang='grc' dir='ltr'>ζει</span> <span class='ocrx_word' id='word_1_365' title='bbox 2317 1857 2414 1929; x_wconf 76' lang='grc' dir='ltr'>μὲν</span> <span class='ocrx_word' id='word_1_366' title='bbox 2441 1857 2470 1910; x_wconf 93' lang='lat'><strong>6</strong></span> <span class='ocrx_word' id='word_1_367' title='bbox 2498 1856 2662 1924; x_wconf 87' lang='grc' dir='ltr'>νόμος</span> <span class='ocrx_word' id='word_1_368' title='bbox 2689 1857 2816 1919; x_wconf 81' lang='grc' dir='ltr'>τοὺς</span> <span class='ocrx_word' id='word_1_369' title='bbox 2844 1855 3279 1926; x_wconf 75' lang='grc' dir='ltr'>ἁμαρτάνοντας,</span> <span class='ocrx_word' id='word_1_370' title='bbox 3314 1854 3403 1907; x_wconf 76' lang='grc' dir='ltr'><strong>ἀεὶ</strong></span> <span class='ocrx_word' id='word_1_371' title='bbox 3429 1853 3490 1907; x_wconf 85' lang='grc' dir='ltr'>δὲ</span> <span class='ocrx_word' id='word_1_372' title='bbox 3528 1852 3775 1922; x_wconf 65' lang='grc' dir='ltr'>παράνοφ</span> 
     </span>
    </p>
   </div>
   <div class='ocr_carea' id='block_1_48' title="bbox 2186 1939 3774 2022">
    <p class='ocr_par' dir='ltr' id='par_1_48' title="bbox 2186 1939 3774 2022">
     <span class='ocr_line' id='line_1_48' title="bbox 2186 1939 3774 2022; baseline -0.006 -18"><span class='ocrx_word' id='word_1_373' title='bbox 2186 1967 2279 2022; x_wconf 87' lang='grc' dir='ltr'><strong>μοι</strong></span> <span class='ocrx_word' id='word_1_374' title='bbox 2303 1949 2612 2021; x_wconf 78' lang='grc' dir='ltr'>ἐκλήθησαν</span> <span class='ocrx_word' id='word_1_375' title='bbox 2642 1949 2694 2001; x_wconf 80' lang='grc' dir='ltr'>οἱ</span> <span class='ocrx_word' id='word_1_376' title='bbox 2740 1948 3010 2013; x_wconf 83' lang='grc' dir='ltr'>Ἰουδαῖοι,</span> <span class='ocrx_word' id='word_1_377' title='bbox 3049 1945 3278 2017; x_wconf 76' lang='grc' dir='ltr'>εὔδηλον</span> <span class='ocrx_word' id='word_1_378' title='bbox 3305 1945 3382 2009; x_wconf 76' lang='grc' dir='ltr'>ὡς</span> <span class='ocrx_word' id='word_1_379' title='bbox 3417 1945 3523 2013; x_wconf 80' lang='grc' dir='ltr'><strong>τὴν</strong></span> <span class='ocrx_word' id='word_1_380' title='bbox 3563 1942 3657 1996; x_wconf 74' lang='grc' dir='ltr'>διὰ</span> <span class='ocrx_word' id='word_1_381' title='bbox 3683 1939 3774 1995; x_wconf 78' lang='grc' dir='ltr'>τοῦ</span> 
     </span>
    </p>
   </div>
   <div class='ocr_carea' id='block_1_49' title="bbox 2186 2031 3776 2114">
    <p class='ocr_par' dir='ltr' id='par_1_49' title="bbox 2186 2031 3776 2114">
     <span class='ocr_line' id='line_1_49' title="bbox 2186 2031 3776 2114; baseline -0.008 -16"><span class='ocrx_word' id='word_1_382' title='bbox 2186 2041 2560 2114; x_wconf 87' lang='grc' dir='ltr'>βαπτίσματος</span> <span class='ocrx_word' id='word_1_383' title='bbox 2610 2039 3025 2112; x_wconf 84' lang='grc' dir='ltr'>χορηγουμένην</span> <span class='ocrx_word' id='word_1_384' title='bbox 3097 2039 3290 2108; x_wconf 76' lang='grc' dir='ltr'>ἄφεσιν</span> <span class='ocrx_word' id='word_1_385' title='bbox 3350 2039 3378 2090; x_wconf 88' lang='lat'><strong>6</strong></span> <span class='ocrx_word' id='word_1_386' title='bbox 3429 2031 3776 2106; x_wconf 76' lang='grc' dir='ltr'>προφητικδς</span> 
     </span>
    </p>
   </div>
   <div class='ocr_carea' id='block_1_50' title="bbox 2182 2127 3776 2210">
    <p class='ocr_par' dir='ltr' id='par_1_50' title="bbox 2182 2127 3776 2210">
     <span class='ocr_line' id='line_1_50' title="bbox 2182 2127 3776 2210; baseline -0.009 -18"><span class='ocrx_word' id='word_1_387' title='bbox 2182 2139 2339 2210; x_wconf 80' lang='grc' dir='ltr'>λόγος</span> <span class='ocrx_word' id='word_1_388' title='bbox 2395 2139 2580 2209; x_wconf 79' lang='grc' dir='ltr'>δηλοῖ’</span> <span class='ocrx_word' id='word_1_389' title='bbox 2627 2136 2834 2198; x_wconf 80' lang='grc' dir='ltr'>πάντας</span> <span class='ocrx_word' id='word_1_390' title='bbox 2872 2135 2928 2187; x_wconf 77' lang='grc' dir='ltr'>δὲ</span> <span class='ocrx_word' id='word_1_391' title='bbox 2993 2134 3209 2204; x_wconf 66' lang='grc' dir='ltr'>Ἰσραὴλ</span> <span class='ocrx_word' id='word_1_392' title='bbox 3265 2130 3422 2190; x_wconf 79' lang='grc' dir='ltr'>καλεῖ</span> <span class='ocrx_word' id='word_1_393' title='bbox 3475 2127 3617 2190; x_wconf 70' lang='grc' dir='ltr'>τοὺς</span> <span class='ocrx_word' id='word_1_394' title='bbox 3686 2140 3776 2178; x_wconf 83' lang='grc' dir='ltr'>πι-</span> 
     </span>
    </p>
   </div>
   <div class='ocr_carea' id='block_1_51' title="bbox 2184 2216 3778 2295">
    <p class='ocr_par' dir='ltr' id='par_1_51' title="bbox 2184 2216 3778 2295">
     <span class='ocr_line' id='line_1_51' title="bbox 2184 2216 3778 2295; baseline -0.009 -9"><span class='ocrx_word' id='word_1_395' title='bbox 2184 2232 2493 2295; x_wconf 88' lang='grc' dir='ltr'>στεύοντας,</span> <span class='ocrx_word' id='word_1_396' title='bbox 2546 2230 2656 2284; x_wconf 80' lang='grc' dir='ltr'>εἴτε</span> <span class='ocrx_word' id='word_1_397' title='bbox 2697 2229 2756 2295; x_wconf 72' lang='grc' dir='ltr'><strong>ἐξ</strong></span> <span class='ocrx_word' id='word_1_398' title='bbox 2797 2227 2965 2280; x_wconf 77' lang='grc' dir='ltr'>ἐθνῶν</span> <span class='ocrx_word' id='word_1_399' title='bbox 3016 2227 3127 2280; x_wconf 78' lang='grc' dir='ltr'>εἴτε</span> <span class='ocrx_word' id='word_1_400' title='bbox 3169 2224 3228 2294; x_wconf 75' lang='grc' dir='ltr'>ἐξ</span> <span class='ocrx_word' id='word_1_401' title='bbox 3299 2220 3584 2276; x_wconf 80' lang='grc' dir='ltr'>Ἰουδαίων</span> <span class='ocrx_word' id='word_1_402' title='bbox 3636 2216 3778 2271; x_wconf 75' lang='grc' dir='ltr'>κατὰ</span> 
     </span>
    </p>
   </div>
   <div class='ocr_carea' id='block_1_52' title="bbox 2182 2308 3776 2394">
    <p class='ocr_par' dir='ltr' id='par_1_52' title="bbox 2182 2308 3776 2394">
     <span class='ocr_line' id='line_1_52' title="bbox 2182 2308 3776 2394; baseline -0.008 -17"><span class='ocrx_word' id='word_1_403' title='bbox 2182 2322 2280 2394; x_wconf 82' lang='grc' dir='ltr'>τὴν</span> <span class='ocrx_word' id='word_1_404' title='bbox 2320 2322 2421 2391; x_wconf 80' lang='grc' dir='ltr'>τῆς</span> <span class='ocrx_word' id='word_1_405' title='bbox 2458 2323 2698 2382; x_wconf 84' lang='grc' dir='ltr'>πίστεως</span> <span class='ocrx_word' id='word_1_406' title='bbox 2739 2319 3020 2386; x_wconf 77' lang='grc' dir='ltr'>εὐγένειαν</span> <span class='ocrx_word' id='word_1_407' title='bbox 3048 2317 3197 2387; x_wconf 76' lang='grc' dir='ltr'>αὐτῷ</span> <span class='ocrx_word' id='word_1_408' title='bbox 3255 2312 3646 2384; x_wconf 80' lang='grc' dir='ltr'>συνηγμένους</span> <span class='ocrx_word' id='word_1_409' title='bbox 3673 2326 3689 2342; x_wconf 90' lang='grc'><strong>·</strong></span> <span class='ocrx_word' id='word_1_410' title='bbox 3721 2308 3776 2364; x_wconf 86' lang='grc' dir='ltr'><strong>τί</strong></span> 
     </span>
    </p>
   </div>
   <div class='ocr_carea' id='block_1_53' title="bbox 2181 2401 3776 2482">
    <p class='ocr_par' dir='ltr' id='par_1_53' title="bbox 2181 2401 3776 2482">
     <span class='ocr_line' id='line_1_53' title="bbox 2181 2401 3776 2482; baseline -0.009 -15"><span class='ocrx_word' id='word_1_411' title='bbox 2181 2410 2274 2468; x_wconf 80' lang='grc' dir='ltr'><strong>οὖν</strong></span> <span class='ocrx_word' id='word_1_412' title='bbox 2303 2412 2550 2482; x_wconf 74' lang='grc' dir='ltr'>ἐπιζητεῖ</span> <span class='ocrx_word' id='word_1_413' title='bbox 2582 2413 2610 2464; x_wconf 92' lang='lat'><strong>6</strong></span> <span class='ocrx_word' id='word_1_414' title='bbox 2635 2410 2776 2464; x_wconf 84' lang='grc' dir='ltr'><strong>κατά</strong></span> <span class='ocrx_word' id='word_1_415' title='bbox 2804 2411 2985 2477; x_wconf 77' lang='grc' dir='ltr'>σάρκα</span> <span class='ocrx_word' id='word_1_416' title='bbox 3025 2406 3240 2478; x_wconf 78' lang='grc' dir='ltr'>Ἰσραὴλ</span> <span class='ocrx_word' id='word_1_417' title='bbox 3265 2448 3279 2470; x_wconf 93' lang='grc'><strong>,</strong></span> <span class='ocrx_word' id='word_1_418' title='bbox 3323 2404 3519 2457; x_wconf 81' lang='grc' dir='ltr'>τούτου</span> <span class='ocrx_word' id='word_1_419' title='bbox 3548 2401 3655 2456; x_wconf 79' lang='grc' dir='ltr'><strong>οὐκ</strong></span> <span class='ocrx_word' id='word_1_420' title='bbox 3684 2402 3776 2453; x_wconf 75' lang='grc' dir='ltr'><strong>ἑπ-</strong></span> 
     </span>
    </p>
   </div>
   <div class='ocr_carea' id='block_1_54' title="bbox 2184 2493 3777 2577">
    <p class='ocr_par' dir='ltr' id='par_1_54' title="bbox 2184 2493 3777 2577">
     <span class='ocr_line' id='line_1_54' title="bbox 2184 2493 3777 2577; baseline -0.009 -18"><span class='ocrx_word' id='word_1_421' title='bbox 2184 2507 2366 2577; x_wconf 88' lang='grc' dir='ltr'>έτυχε.</span> <span class='ocrx_word' id='word_1_422' title='bbox 2390 2504 2487 2557; x_wconf 88' lang='grc' dir='ltr'>Διά</span> <span class='ocrx_word' id='word_1_423' title='bbox 2515 2503 2565 2556; x_wconf 87' lang='grc' dir='ltr'><strong>τί</strong></span> <span class='ocrx_word' id='word_1_424' title='bbox 2582 2503 2681 2556; x_wconf 76' lang='grc' dir='ltr'><strong>οὐκ</strong></span> <span class='ocrx_word' id='word_1_425' title='bbox 2707 2503 2970 2573; x_wconf 76' lang='grc' dir='ltr'>ἐπέτυχες</span> <span class='ocrx_word' id='word_1_426' title='bbox 2998 2500 3143 2553; x_wconf 82' lang='grc' dir='ltr'>Διότι</span> <span class='ocrx_word' id='word_1_427' title='bbox 3170 2499 3270 2551; x_wconf 77' lang='grc' dir='ltr'><strong>οὐκ</strong></span> <span class='ocrx_word' id='word_1_428' title='bbox 3293 2500 3356 2551; x_wconf 83' lang='grc' dir='ltr'><strong>ἐκ</strong></span> <span class='ocrx_word' id='word_1_429' title='bbox 3386 2496 3635 2557; x_wconf 83' lang='grc' dir='ltr'>πίστεως</span> <span class='ocrx_word' id='word_1_430' title='bbox 3657 2493 3777 2545; x_wconf 82' lang='grc' dir='ltr'>ἐπι·-</span> 
     </span>
    </p>
   </div>
   <div class='ocr_carea' id='block_1_55' title="bbox 2183 2584 3776 2667">
    <p class='ocr_par' dir='ltr' id='par_1_55' title="bbox 2183 2584 3776 2667">
     <span class='ocr_line' id='line_1_55' title="bbox 2183 2584 3776 2667; baseline -0.011 -16"><span class='ocrx_word' id='word_1_431' title='bbox 2183 2597 2372 2667; x_wconf 79' lang='grc' dir='ltr'>ζητεῖ,</span> <span class='ocrx_word' id='word_1_432' title='bbox 2409 2595 2524 2650; x_wconf 84' lang='grc' dir='ltr'>ἀλλ’</span> <span class='ocrx_word' id='word_1_433' title='bbox 2557 2595 2616 2659; x_wconf 78' lang='grc' dir='ltr'><strong>ἐξ</strong></span> <span class='ocrx_word' id='word_1_434' title='bbox 2674 2593 2859 2664; x_wconf 71' lang='grc' dir='ltr'>ἔργων</span> <span class='ocrx_word' id='word_1_435' title='bbox 2901 2593 3086 2662; x_wconf 75' lang='grc' dir='ltr'>νόμον·</span> <span class='ocrx_word' id='word_1_436' title='bbox 3134 2591 3166 2660; x_wconf 80' lang='grc' dir='ltr'>ἡ</span> <span class='ocrx_word' id='word_1_437' title='bbox 3203 2589 3260 2642; x_wconf 79' lang='grc' dir='ltr'>δὲ</span> <span class='ocrx_word' id='word_1_438' title='bbox 3299 2586 3500 2657; x_wconf 80' lang='grc' dir='ltr'>ἐκλογὴ</span> <span class='ocrx_word' id='word_1_439' title='bbox 3546 2584 3776 2652; x_wconf 72' lang='grc' dir='ltr'>ἐπέτυχε</span> 
     </span>
    </p>
   </div>
   <div class='ocr_carea' id='block_1_56' title="bbox 2181 2677 3776 2759">
    <p class='ocr_par' dir='ltr' id='par_1_56' title="bbox 2181 2677 3776 2759">
     <span class='ocr_line' id='line_1_56' title="bbox 2181 2677 3776 2759; baseline -0.009 -17"><span class='ocrx_word' id='word_1_440' title='bbox 2181 2688 2271 2742; x_wconf 85' lang='grc' dir='ltr'>διὰ</span> <span class='ocrx_word' id='word_1_441' title='bbox 2298 2688 2398 2759; x_wconf 81' lang='grc' dir='ltr'>τῆς</span> <span class='ocrx_word' id='word_1_442' title='bbox 2430 2687 2686 2751; x_wconf 88' lang='grc' dir='ltr'>πίστεως,</span> <span class='ocrx_word' id='word_1_443' title='bbox 2717 2687 2768 2738; x_wconf 80' lang='lat' dir='ltr'><strong>oi</strong></span> <span class='ocrx_word' id='word_1_444' title='bbox 2823 2684 2877 2737; x_wconf 86' lang='grc' dir='ltr'><strong>δὲ</strong></span> <span class='ocrx_word' id='word_1_445' title='bbox 2929 2683 3108 2736; x_wconf 74' lang='grc' dir='ltr'>λοιποὶ</span> <span class='ocrx_word' id='word_1_446' title='bbox 3153 2679 3562 2750; x_wconf 73' lang='grc' dir='ltr'>ἐπωρώθησαν,</span> <span class='ocrx_word' id='word_1_447' title='bbox 3612 2677 3776 2744; x_wconf 72' lang='grc' dir='ltr'>ἤγουν</span> 
     </span>
    </p>
   </div>
   <div class='ocr_carea' id='block_1_57' title="bbox 2182 2770 3778 2851">
    <p class='ocr_par' dir='ltr' id='par_1_57' title="bbox 2182 2770 3778 2851">
     <span class='ocr_line' id='line_1_57' title="bbox 2182 2770 3778 2851; baseline -0.01 -15"><span class='ocrx_word' id='word_1_448' title='bbox 2182 2781 2616 2851; x_wconf 77' lang='grc' dir='ltr'>κατελείφθησαν</span> <span class='ocrx_word' id='word_1_449' title='bbox 2640 2781 2707 2850; x_wconf 83' lang='grc' dir='ltr'>τῇ</span> <span class='ocrx_word' id='word_1_450' title='bbox 2728 2777 2978 2849; x_wconf 79' lang='grc' dir='ltr'>ἀπιστίᾳ,</span> <span class='ocrx_word' id='word_1_451' title='bbox 2996 2775 3180 2838; x_wconf 87' lang='grc' dir='ltr'>καθὼς</span> <span class='ocrx_word' id='word_1_452' title='bbox 3201 2773 3535 2844; x_wconf 87' lang='grc' dir='ltr'>γέγραπται·</span> <span class='ocrx_word' id='word_1_453' title='bbox 3567 2789 3586 2821; x_wconf 77' lang='grc' dir='ltr'><strong>ι</strong></span> <span class='ocrx_word' id='word_1_454' title='bbox 3616 2770 3778 2822; x_wconf 80' lang='grc' dir='ltr'>Ἐδω-</span> 
     </span>
    </p>
   </div>
   <div class='ocr_carea' id='block_1_58' title="bbox 2183 2862 3775 2940">
    <p class='ocr_par' dir='ltr' id='par_1_58' title="bbox 2183 2862 3775 2940">
     <span class='ocr_line' id='line_1_58' title="bbox 2183 2862 3775 2940; baseline -0.009 -12"><span class='ocrx_word' id='word_1_455' title='bbox 2183 2892 2278 2928; x_wconf 88' lang='grc' dir='ltr'><strong>κεν</strong></span> <span class='ocrx_word' id='word_1_456' title='bbox 2315 2875 2502 2936; x_wconf 86' lang='grc' dir='ltr'>αὐτοῖς</span> <span class='ocrx_word' id='word_1_457' title='bbox 2530 2875 2558 2927; x_wconf 90' lang='lat'><strong>6</strong></span> <span class='ocrx_word' id='word_1_458' title='bbox 2585 2872 2718 2934; x_wconf 77' lang='grc' dir='ltr'>Θεὸς</span> <span class='ocrx_word' id='word_1_459' title='bbox 2770 2870 2988 2940; x_wconf 80' lang='grc' dir='ltr'>πνεῦμα</span> <span class='ocrx_word' id='word_1_460' title='bbox 3032 2865 3405 2933; x_wconf 75' lang='grc' dir='ltr'>κατανύξεως,</span> <span class='ocrx_word' id='word_1_461' title='bbox 3453 2862 3775 2933; x_wconf 68' lang='grc' dir='ltr'>ὀφθαλμοὺς</span> 
     </span>
    </p>
   </div>
   <div class='ocr_carea' id='block_1_59' title="bbox 2181 2953 3775 3035">
    <p class='ocr_par' dir='ltr' id='par_1_59' title="bbox 2181 2953 3775 3035">
     <span class='ocr_line' id='line_1_59' title="bbox 2181 2953 3775 3035; baseline -0.007 -18"><span class='ocrx_word' id='word_1_462' title='bbox 2181 2964 2273 3018; x_wconf 81' lang='grc' dir='ltr'><strong>τοῦ</strong></span> <span class='ocrx_word' id='word_1_463' title='bbox 2313 2964 2387 3035; x_wconf 82' lang='grc' dir='ltr'>μὴ</span> <span class='ocrx_word' id='word_1_464' title='bbox 2423 2964 2675 3035; x_wconf 82' lang='grc' dir='ltr'>βλέπειν,</span> <span class='ocrx_word' id='word_1_465' title='bbox 2726 2963 2820 3016; x_wconf 79' lang='grc' dir='ltr'>καὶ</span> <span class='ocrx_word' id='word_1_466' title='bbox 2849 2954 2962 3014; x_wconf 79' lang='grc' dir='ltr'>ὦτα</span> <span class='ocrx_word' id='word_1_467' title='bbox 2999 2960 3093 3014; x_wconf 78' lang='grc' dir='ltr'>τοῦ</span> <span class='ocrx_word' id='word_1_468' title='bbox 3127 2958 3200 3029; x_wconf 82' lang='grc' dir='ltr'>μὴ</span> <span class='ocrx_word' id='word_1_469' title='bbox 3229 2957 3447 3011; x_wconf 80' lang='grc' dir='ltr'>ἀκούειν</span> <span class='ocrx_word' id='word_1_470' title='bbox 3473 2995 3490 3020; x_wconf 88' lang='grc'><strong>,</strong></span> <span class='ocrx_word' id='word_1_471' title='bbox 3540 2954 3649 3018; x_wconf 72' lang='grc' dir='ltr'>ἕως</span> <span class='ocrx_word' id='word_1_472' title='bbox 3680 2953 3775 3022; x_wconf 83' lang='grc' dir='ltr'>τῆς</span> 
     </span>
    </p>
   </div>
   <div class='ocr_carea' id='block_1_60' title="bbox 2185 3043 3775 3129">
    <p class='ocr_par' dir='ltr' id='par_1_60' title="bbox 2185 3043 3775 3129">
     <span class='ocr_line' id='line_1_60' title="bbox 2185 3043 3775 3129; baseline -0.01 -17"><span class='ocrx_word' id='word_1_473' title='bbox 2185 3059 2424 3129; x_wconf 80' lang='grc' dir='ltr'>σήμερον</span> <span class='ocrx_word' id='word_1_474' title='bbox 2447 3057 2660 3128; x_wconf 76' lang='grc' dir='ltr'>ἡμέρας</span> <span class='ocrx_word' id='word_1_475' title='bbox 2683 3072 2729 3106; x_wconf 77' lang='grc'><strong>⁸)</strong></span> <span class='ocrx_word' id='word_1_476' title='bbox 2769 3053 2829 3106; x_wconf 84' lang='grc' dir='ltr'><strong>οὐ</strong></span> <span class='ocrx_word' id='word_1_477' title='bbox 2859 3053 2970 3123; x_wconf 78' lang='grc' dir='ltr'><strong>γὰρ</strong></span> <span class='ocrx_word' id='word_1_478' title='bbox 2997 3055 3024 3106; x_wconf 78' lang='grc' dir='ltr'>ὁ</span> <span class='ocrx_word' id='word_1_479' title='bbox 3053 3052 3186 3114; x_wconf 86' lang='grc' dir='ltr'>Θεὸς</span> <span class='ocrx_word' id='word_1_480' title='bbox 3226 3049 3422 3112; x_wconf 76' lang='grc' dir='ltr'>αὐτοὺς</span> <span class='ocrx_word' id='word_1_481' title='bbox 3467 3043 3775 3114; x_wconf 80' lang='grc' dir='ltr'>ἀπιστῆσαι</span> 
     </span>
    </p>
   </div>
   <div class='ocr_carea' id='block_1_61' title="bbox 500 3134 2084 3221">
    <p class='ocr_par' dir='ltr' id='par_1_61' title="bbox 500 3138 2083 3213">
     <span class='ocr_line' id='line_1_61' title="bbox 500 3138 2083 3213; baseline 0.004 -17"><span class='ocrx_word' id='word_1_482' title='bbox 500 3138 668 3196; x_wconf 84' lang='lat' dir='ltr'><strong>habet</strong></span> <span class='ocrx_word' id='word_1_483' title='bbox 695 3153 805 3191; x_wconf 89' lang='lat' dir='ltr'><strong>non</strong></span> <span class='ocrx_word' id='word_1_484' title='bbox 836 3139 1001 3194; x_wconf 89' lang='lat' dir='ltr'><strong>vertit</strong></span> <span class='ocrx_word' id='word_1_485' title='bbox 1027 3155 1085 3195; x_wconf 93' lang='lat' dir='ltr'><strong>se</strong></span> <span class='ocrx_word' id='word_1_486' title='bbox 1125 3140 1194 3195; x_wconf 88' lang='lat' dir='ltr'><strong>ad</strong></span> <span class='ocrx_word' id='word_1_487' title='bbox 1232 3141 1407 3211; x_wconf 84' lang='lat' dir='ltr'><strong>pejus,</strong></span> <span class='ocrx_word' id='word_1_488' title='bbox 1442 3142 1523 3198; x_wconf 89' lang='lat' dir='ltr'><strong>sic</strong></span> <span class='ocrx_word' id='word_1_489' title='bbox 1555 3145 1648 3213; x_wconf 91' lang='lat' dir='ltr'><strong>qui</strong></span> <span class='ocrx_word' id='word_1_490' title='bbox 1689 3144 1841 3200; x_wconf 89' lang='lat' dir='ltr'><strong>dedit</strong></span> <span class='ocrx_word' id='word_1_491' title='bbox 1879 3162 1936 3201; x_wconf 88' lang='lat' dir='ltr'><strong>se</strong></span> <span class='ocrx_word' id='word_1_492' title='bbox 1966 3162 2083 3202; x_wconf 91' lang='lat' dir='ltr'><strong>om-</strong></span> 
     </span>
    </p>
   </div>
   <div class='ocr_carea' id='block_1_62' title="bbox 2186 3134 3772 3221">
    <p class='ocr_par' dir='ltr' id='par_1_62' title="bbox 2189 3134 3772 3221">
     <span class='ocr_line' id='line_1_62' title="bbox 2189 3134 3772 3221; baseline -0.011 -17"><span class='ocrx_word' id='word_1_493' title='bbox 2189 3149 2641 3221; x_wconf 85' lang='grc' dir='ltr'>παρεσκεύασεν,</span> <span class='ocrx_word' id='word_1_494' title='bbox 2686 3144 2802 3201; x_wconf 85' lang='grc' dir='ltr'>ἀλλ’</span> <span class='ocrx_word' id='word_1_495' title='bbox 2851 3144 3259 3216; x_wconf 69' lang='grc' dir='ltr'>ὲσυγχώρησεν,</span> <span class='ocrx_word' id='word_1_496' title='bbox 3310 3141 3479 3212; x_wconf 73' lang='grc' dir='ltr'>ἤγουν</span> <span class='ocrx_word' id='word_1_497' title='bbox 3517 3134 3772 3207; x_wconf 77' lang='grc' dir='ltr'>παρεχώ-</span> 
     </span>
    </p>
   </div>
   <div class='ocr_carea' id='block_1_63' title="bbox 502 3230 2086 3296">
    <p class='ocr_par' dir='ltr' id='par_1_63' title="bbox 502 3230 2086 3296">
     <span class='ocr_line' id='line_1_63' title="bbox 502 3230 2086 3296; baseline 0.008 -12"><span class='ocrx_word' id='word_1_498' title='bbox 502 3231 635 3285; x_wconf 88' lang='lat' dir='ltr'><strong>nino</strong></span> <span class='ocrx_word' id='word_1_499' title='bbox 669 3230 909 3294; x_wconf 55' lang='lat' dir='ltr'><strong>malitias,</strong></span> <span class='ocrx_word' id='word_1_500' title='bbox 942 3247 1052 3286; x_wconf 89' lang='lat' dir='ltr'><strong>non</strong></span> <span class='ocrx_word' id='word_1_501' title='bbox 1107 3233 1174 3287; x_wconf 90' lang='lat' dir='ltr'><strong>ad</strong></span> <span class='ocrx_word' id='word_1_502' title='bbox 1230 3235 1426 3290; x_wconf 89' lang='lat' dir='ltr'><strong>melius</strong></span> <span class='ocrx_word' id='word_1_503' title='bbox 1459 3238 1822 3292; x_wconf 90' lang='lat' dir='ltr'><strong>convertitur.</strong></span> <span class='ocrx_word' id='word_1_504' title='bbox 1854 3240 1920 3294; x_wconf 90' lang='lat' dir='ltr'><strong>Et</strong></span> <span class='ocrx_word' id='word_1_505' title='bbox 1946 3240 2086 3296; x_wconf 92' lang='lat' dir='ltr'><strong>alius</strong></span> 
     </span>
    </p>
   </div>
   <div class='ocr_carea' id='block_1_64' title="bbox 500 3321 2083 3403">
    <p class='ocr_par' dir='ltr' id='par_1_64' title="bbox 500 3321 2083 3403">
     <span class='ocr_line' id='line_1_64' title="bbox 500 3321 2083 3403; baseline 0.008 -29"><span class='ocrx_word' id='word_1_506' title='bbox 500 3321 770 3397; x_wconf 87' lang='lat' dir='ltr'><strong>propheta</strong></span> <span class='ocrx_word' id='word_1_507' title='bbox 794 3321 928 3377; x_wconf 87' lang='lat' dir='ltr'><strong>dicit</strong></span> <span class='ocrx_word' id='word_1_508' title='bbox 955 3341 967 3377; x_wconf 90' lang='lat'><strong>:</strong></span> <span class='ocrx_word' id='word_1_509' title='bbox 1006 3341 1024 3374; x_wconf 78' lang='grc' dir='ltr'><strong>ι</strong></span> <span class='ocrx_word' id='word_1_510' title='bbox 1054 3322 1422 3380; x_wconf 88' lang='lat' dir='ltr'><strong>lncrassatum</strong></span> <span class='ocrx_word' id='word_1_511' title='bbox 1456 3337 1540 3382; x_wconf 88' lang='lat' dir='ltr'><strong>est</strong></span> <span class='ocrx_word' id='word_1_512' title='bbox 1564 3343 1657 3382; x_wconf 90' lang='lat' dir='ltr'><strong>cor</strong></span> <span class='ocrx_word' id='word_1_513' title='bbox 1680 3330 1865 3400; x_wconf 92' lang='lat' dir='ltr'><strong>populi</strong></span> <span class='ocrx_word' id='word_1_514' title='bbox 1899 3331 2083 3403; x_wconf 86' lang='lat' dir='ltr'><strong>hujus,</strong></span> 
     </span>
    </p>
   </div>
   <div class='ocr_carea' id='block_1_65' title="bbox 503 3413 2087 3486">
    <p class='ocr_par' dir='ltr' id='par_1_65' title="bbox 503 3413 2087 3486">
     <span class='ocr_line' id='line_1_65' title="bbox 503 3413 2087 3486; baseline 0.006 -19"><span class='ocrx_word' id='word_1_515' title='bbox 503 3421 559 3467; x_wconf 91' lang='lat' dir='ltr'><strong>et</strong></span> <span class='ocrx_word' id='word_1_516' title='bbox 608 3413 838 3468; x_wconf 89' lang='lat' dir='ltr'><strong>auribus</strong></span> <span class='ocrx_word' id='word_1_517' title='bbox 908 3415 1149 3486; x_wconf 85' lang='lat' dir='ltr'><strong>graviter</strong></span> <span class='ocrx_word' id='word_1_518' title='bbox 1203 3416 1536 3480; x_wconf 88' lang='lat' dir='ltr'><strong>audierunt,</strong></span> <span class='ocrx_word' id='word_1_519' title='bbox 1589 3429 1643 3474; x_wconf 87' lang='lat' dir='ltr'><strong>et</strong></span> <span class='ocrx_word' id='word_1_520' title='bbox 1690 3421 1881 3477; x_wconf 84' lang='lat' dir='ltr'><strong>oculos</strong></span> <span class='ocrx_word' id='word_1_521' title='bbox 1936 3439 2087 3478; x_wconf 83' lang='lat' dir='ltr'><strong>corn-</strong></span> 
     </span>
    </p>
   </div>
   <div class='ocr_carea' id='block_1_66' title="bbox 501 3506 2084 3579">
    <p class='ocr_par' dir='ltr' id='par_1_66' title="bbox 501 3506 2084 3579">
     <span class='ocr_line' id='line_1_66' title="bbox 501 3506 2084 3579; baseline 0.009 -22"><span class='ocrx_word' id='word_1_522' title='bbox 501 3514 844 3579; x_wconf 81' lang='lat' dir='ltr'><strong>presserunt,</strong></span> <span class='ocrx_word' id='word_1_523' title='bbox 879 3515 936 3560; x_wconf 91' lang='lat' dir='ltr'><strong>et</strong></span> <span class='ocrx_word' id='word_1_524' title='bbox 990 3506 1177 3562; x_wconf 88' lang='lat' dir='ltr'><strong>lumen</strong></span> <span class='ocrx_word' id='word_1_525' title='bbox 1211 3508 1399 3563; x_wconf 89' lang='lat' dir='ltr'><strong>videre</strong></span> <span class='ocrx_word' id='word_1_526' title='bbox 1431 3510 1730 3566; x_wconf 86' lang='lat' dir='ltr'><strong>noluerunt</strong></span> <span class='ocrx_word' id='word_1_527' title='bbox 1753 3513 1820 3565; x_wconf 71' lang='lat'><strong>9&#39;.</strong></span> <span class='ocrx_word' id='word_1_528' title='bbox 1859 3532 1878 3565; x_wconf 77' lang='grc' dir='ltr'><strong>ι</strong></span> <span class='ocrx_word' id='word_1_529' title='bbox 1913 3514 2084 3570; x_wconf 88' lang='lat' dir='ltr'><strong>David</strong></span> 
     </span>
    </p>
   </div>
   <div class='ocr_carea' id='block_1_67' title="bbox 503 3597 2084 3675">
    <p class='ocr_par' dir='ltr' id='par_1_67' title="bbox 503 3597 2084 3675">
     <span class='ocr_line' id='line_1_67' title="bbox 503 3597 2084 3675; baseline 0.007 -23"><span class='ocrx_word' id='word_1_530' title='bbox 503 3597 671 3652; x_wconf 83' lang='lat' dir='ltr'><strong>etiam</strong></span> <span class='ocrx_word' id='word_1_531' title='bbox 722 3597 890 3652; x_wconf 88' lang='lat' dir='ltr'><strong>dicit:</strong></span> <span class='ocrx_word' id='word_1_532' title='bbox 935 3617 952 3649; x_wconf 75' lang='grc' dir='ltr'><strong>ι</strong></span> <span class='ocrx_word' id='word_1_533' title='bbox 988 3598 1107 3653; x_wconf 81' lang='lat' dir='ltr'><strong>Fiat</strong></span> <span class='ocrx_word' id='word_1_534' title='bbox 1139 3615 1327 3655; x_wconf 88' lang='lat' dir='ltr'><strong>mensa</strong></span> <span class='ocrx_word' id='word_1_535' title='bbox 1378 3616 1568 3657; x_wconf 90' lang='lat' dir='ltr'><strong>eorum</strong></span> <span class='ocrx_word' id='word_1_536' title='bbox 1627 3603 1682 3658; x_wconf 87' lang='lat' dir='ltr'><strong>in</strong></span> <span class='ocrx_word' id='word_1_537' title='bbox 1728 3605 1983 3675; x_wconf 82' lang='lat' dir='ltr'><strong>laqueum</strong></span> <span class='ocrx_word' id='word_1_538' title='bbox 2028 3616 2084 3663; x_wconf 92' lang='lat' dir='ltr'><strong>et</strong></span> 
     </span>
    </p>
   </div>
   <div class='ocr_carea' id='block_1_68' title="bbox 505 3688 2083 3758">
    <p class='ocr_par' dir='ltr' id='par_1_68' title="bbox 505 3688 2083 3758">
     <span class='ocr_line' id='line_1_68' title="bbox 505 3688 2083 3758; baseline 0.008 -16"><span class='ocrx_word' id='word_1_539' title='bbox 505 3688 562 3743; x_wconf 91' lang='lat' dir='ltr'><strong>in</strong></span> <span class='ocrx_word' id='word_1_540' title='bbox 621 3690 953 3758; x_wconf 91' lang='lat' dir='ltr'><strong>captionem,</strong></span> <span class='ocrx_word' id='word_1_541' title='bbox 1013 3698 1068 3745; x_wconf 93' lang='lat' dir='ltr'><strong>et</strong></span> <span class='ocrx_word' id='word_1_542' title='bbox 1122 3691 1177 3758; x_wconf 86' lang='lat' dir='ltr'><strong>in</strong></span> <span class='ocrx_word' id='word_1_543' title='bbox 1211 3691 1528 3747; x_wconf 88' lang='lat' dir='ltr'><strong>scandalum</strong></span> <span class='ocrx_word' id='word_1_544' title='bbox 1582 3703 1638 3749; x_wconf 92' lang='lat' dir='ltr'><strong>et</strong></span> <span class='ocrx_word' id='word_1_545' title='bbox 1671 3694 1725 3750; x_wconf 89' lang='lat' dir='ltr'><strong>in</strong></span> <span class='ocrx_word' id='word_1_546' title='bbox 1757 3697 2083 3754; x_wconf 88' lang='lat' dir='ltr'><strong>retributio-</strong></span> 
     </span>
    </p>
   </div>
   <div class='ocr_carea' id='block_1_69' title="bbox 505 3779 2084 3859">
    <p class='ocr_par' dir='ltr' id='par_1_69' title="bbox 505 3779 2084 3859">
     <span class='ocr_line' id='line_1_69' title="bbox 505 3779 2084 3859; baseline 0.009 -27"><span class='ocrx_word' id='word_1_547' title='bbox 505 3795 633 3834; x_wconf 86' lang='lat' dir='ltr'><strong>nem</strong></span> <span class='ocrx_word' id='word_1_548' title='bbox 671 3779 799 3834; x_wconf 90' lang='lat' dir='ltr'><strong>illis.</strong></span> <span class='ocrx_word' id='word_1_549' title='bbox 854 3779 1236 3837; x_wconf 88' lang='lat' dir='ltr'><strong>Obscurentnr</strong></span> <span class='ocrx_word' id='word_1_550' title='bbox 1287 3784 1432 3840; x_wconf 91' lang='lat' dir='ltr'><strong>oculi</strong></span> <span class='ocrx_word' id='word_1_551' title='bbox 1471 3800 1686 3853; x_wconf 88' lang='lat' dir='ltr'><strong>eorum,</strong></span> <span class='ocrx_word' id='word_1_552' title='bbox 1734 3803 1805 3843; x_wconf 90' lang='lat' dir='ltr'><strong>ne</strong></span> <span class='ocrx_word' id='word_1_553' title='bbox 1842 3789 2084 3859; x_wconf 90' lang='lat' dir='ltr'><strong>videant,</strong></span> 
     </span>
    </p>
   </div>
   <div class='ocr_carea' id='block_1_70' title="bbox 507 3874 1791 3945">
    <p class='ocr_par' dir='ltr' id='par_1_70' title="bbox 507 3874 1791 3945">
     <span class='ocr_line' id='line_1_70' title="bbox 507 3874 1791 3945; baseline 0.005 -17"><span class='ocrx_word' id='word_1_554' title='bbox 507 3884 564 3928; x_wconf 89' lang='lat' dir='ltr'><strong>et</strong></span> <span class='ocrx_word' id='word_1_555' title='bbox 619 3874 841 3930; x_wconf 90' lang='lat' dir='ltr'><strong>dorsum</strong></span> <span class='ocrx_word' id='word_1_556' title='bbox 895 3890 1086 3929; x_wconf 91' lang='lat' dir='ltr'><strong>eorum</strong></span> <span class='ocrx_word' id='word_1_557' title='bbox 1143 3890 1360 3945; x_wconf 89' lang='lat' dir='ltr'><strong>semper</strong></span> <span class='ocrx_word' id='word_1_558' title='bbox 1394 3877 1620 3933; x_wconf 87' lang='lat' dir='ltr'><strong>incurva</strong></span> <span class='ocrx_word' id='word_1_559' title='bbox 1667 3880 1732 3935; x_wconf 81' lang='lat'><strong>&quot;.</strong></span> <span class='ocrx_word' id='word_1_560' title='bbox 1772 3900 1791 3934; x_wconf 72' lang='grc' dir='ltr'><strong>ι</strong></span> 
     </span>
    </p>
   </div>
   <div class='ocr_carea' id='block_1_71' title="bbox 2192 3229 3773 3314">
    <p class='ocr_par' dir='ltr' id='par_1_71' title="bbox 2192 3229 3773 3314">
     <span class='ocr_line' id='line_1_71' title="bbox 2192 3229 3773 3314; baseline -0.008 -19"><span class='ocrx_word' id='word_1_561' title='bbox 2192 3260 2345 3314; x_wconf 88' lang='grc' dir='ltr'>ρησε·</span> <span class='ocrx_word' id='word_1_562' title='bbox 2392 3239 2611 3311; x_wconf 82' lang='grc' dir='ltr'>πνεῦμα</span> <span class='ocrx_word' id='word_1_563' title='bbox 2642 3237 2988 3305; x_wconf 83' lang='grc' dir='ltr'>κατανύξεως</span> <span class='ocrx_word' id='word_1_564' title='bbox 3015 3237 3116 3306; x_wconf 84' lang='grc' dir='ltr'>τὴν</span> <span class='ocrx_word' id='word_1_565' title='bbox 3145 3233 3525 3307; x_wconf 76' lang='grc' dir='ltr'>ἀμετάϐλητον</span> <span class='ocrx_word' id='word_1_566' title='bbox 3550 3229 3773 3284; x_wconf 77' lang='grc' dir='ltr'>ἐκάλεσε</span> 
     </span>
    </p>
   </div>
   <div class='ocr_carea' id='block_1_72' title="bbox 2187 3321 3774 3406">
    <p class='ocr_par' dir='ltr' id='par_1_72' title="bbox 2187 3321 3774 3406">
     <span class='ocr_line' id='line_1_72' title="bbox 2187 3321 3774 3406; baseline -0.011 -17"><span class='ocrx_word' id='word_1_567' title='bbox 2187 3335 2433 3406; x_wconf 82' lang='grc' dir='ltr'>γνώμην·</span> <span class='ocrx_word' id='word_1_568' title='bbox 2467 3333 2656 3402; x_wconf 84' lang='grc' dir='ltr'>ὥσπερ</span> <span class='ocrx_word' id='word_1_569' title='bbox 2688 3334 2716 3386; x_wconf 85' lang='lat'><strong>6</strong></span> <span class='ocrx_word' id='word_1_570' title='bbox 2743 3332 2843 3401; x_wconf 83' lang='grc' dir='ltr'>τὴν</span> <span class='ocrx_word' id='word_1_571' title='bbox 2872 3328 3276 3398; x_wconf 77' lang='grc' dir='ltr'>ἐπαινουμένην</span> <span class='ocrx_word' id='word_1_572' title='bbox 3300 3326 3440 3395; x_wconf 74' lang='grc' dir='ltr'>ἔχων</span> <span class='ocrx_word' id='word_1_573' title='bbox 3485 3321 3774 3388; x_wconf 65' lang='grc' dir='ltr'>κατάγνωη</span> 
     </span>
    </p>
   </div>
   <div class='ocr_carea' id='block_1_73' title="bbox 2189 3413 3772 3498">
    <p class='ocr_par' dir='ltr' id='par_1_73' title="bbox 2189 3413 3772 3498">
     <span class='ocr_line' id='line_1_73' title="bbox 2189 3413 3772 3498; baseline -0.01 -17"><span class='ocrx_word' id='word_1_574' title='bbox 2189 3443 2273 3481; x_wconf 91' lang='grc' dir='ltr'><strong>σιν</strong></span> <span class='ocrx_word' id='word_1_575' title='bbox 2298 3428 2395 3498; x_wconf 77' lang='grc' dir='ltr'><strong>τὴν</strong></span> <span class='ocrx_word' id='word_1_576' title='bbox 2425 3427 2517 3480; x_wconf 78' lang='grc' dir='ltr'>ἐπὶ</span> <span class='ocrx_word' id='word_1_577' title='bbox 2560 3427 2621 3479; x_wconf 84' lang='grc' dir='ltr'><strong>τὸ</strong></span> <span class='ocrx_word' id='word_1_578' title='bbox 2653 3427 2835 3496; x_wconf 75' lang='grc' dir='ltr'>χεῖρον</span> <span class='ocrx_word' id='word_1_579' title='bbox 2875 3423 3087 3495; x_wconf 79' lang='grc' dir='ltr'>τροπὴν</span> <span class='ocrx_word' id='word_1_580' title='bbox 3116 3421 3217 3473; x_wconf 79' lang='grc' dir='ltr'><strong>οὐκ</strong></span> <span class='ocrx_word' id='word_1_581' title='bbox 3251 3416 3580 3488; x_wconf 75' lang='grc' dir='ltr'>είσδέχεται,</span> <span class='ocrx_word' id='word_1_582' title='bbox 3605 3413 3772 3474; x_wconf 75' lang='grc' dir='ltr'>οὕτως</span> 
     </span>
    </p>
   </div>
   <div class='ocr_carea' id='block_1_74' title="bbox 2187 3503 3772 3583">
    <p class='ocr_par' dir='ltr' id='par_1_74' title="bbox 2187 3503 3772 3583">
     <span class='ocr_line' id='line_1_74' title="bbox 2187 3503 3772 3583; baseline -0.01 -11"><span class='ocrx_word' id='word_1_583' title='bbox 2187 3521 2215 3572; x_wconf 87' lang='lat'><strong>6</strong></span> <span class='ocrx_word' id='word_1_584' title='bbox 2245 3518 2522 3580; x_wconf 83' lang='grc' dir='ltr'>παντελῶς</span> <span class='ocrx_word' id='word_1_585' title='bbox 2557 3518 2750 3571; x_wconf 79' lang='grc' dir='ltr'>ἑαυτὸν</span> <span class='ocrx_word' id='word_1_586' title='bbox 2797 3515 2983 3576; x_wconf 75' lang='grc' dir='ltr'>ἐκδοὺς</span> <span class='ocrx_word' id='word_1_587' title='bbox 3040 3514 3103 3583; x_wconf 78' lang='grc' dir='ltr'>τῇ</span> <span class='ocrx_word' id='word_1_588' title='bbox 3157 3507 3413 3580; x_wconf 79' lang='grc' dir='ltr'>πονηρίᾳ,</span> <span class='ocrx_word' id='word_1_589' title='bbox 3439 3507 3543 3576; x_wconf 74' lang='grc' dir='ltr'><strong>τὴν</strong></span> <span class='ocrx_word' id='word_1_590' title='bbox 3581 3505 3674 3558; x_wconf 74' lang='grc' dir='ltr'><strong>ἐπὶ</strong></span> <span class='ocrx_word' id='word_1_591' title='bbox 3717 3503 3772 3557; x_wconf 80' lang='grc' dir='ltr'>τὸ</span> 
     </span>
    </p>
   </div>
   <div class='ocr_carea' id='block_1_75' title="bbox 2189 3599 3770 3680">
    <p class='ocr_par' dir='ltr' id='par_1_75' title="bbox 2189 3599 3770 3680">
     <span class='ocr_line' id='line_1_75' title="bbox 2189 3599 3770 3680; baseline -0.006 -16"><span class='ocrx_word' id='word_1_592' title='bbox 2189 3613 2434 3680; x_wconf 83' lang='grc' dir='ltr'>κρεῖττον</span> <span class='ocrx_word' id='word_1_593' title='bbox 2465 3611 2563 3679; x_wconf 82' lang='grc' dir='ltr'><strong>οὐχ</strong></span> <span class='ocrx_word' id='word_1_594' title='bbox 2596 3611 2833 3678; x_wconf 78' lang='grc' dir='ltr'>αἱρεῖται</span> <span class='ocrx_word' id='word_1_595' title='bbox 2870 3605 3194 3676; x_wconf 80' lang='grc' dir='ltr'>μεταϐολήν.</span> <span class='ocrx_word' id='word_1_596' title='bbox 3228 3603 3338 3656; x_wconf 72' lang='grc' dir='ltr'><strong>Καὶ</strong></span> <span class='ocrx_word' id='word_1_597' title='bbox 3368 3599 3530 3664; x_wconf 79' lang='grc' dir='ltr'>ἄλλος</span> <span class='ocrx_word' id='word_1_598' title='bbox 3557 3599 3770 3670; x_wconf 54' lang='grc' dir='ltr'>στροφὴ-τ</span> 
     </span>
    </p>
   </div>
   <div class='ocr_carea' id='block_1_76' title="bbox 2185 3689 3767 3772">
    <p class='ocr_par' dir='ltr' id='par_1_76' title="bbox 2185 3689 3767 3772">
     <span class='ocr_line' id='line_1_76' title="bbox 2185 3689 3767 3772; baseline -0.006 -17"><span class='ocrx_word' id='word_1_599' title='bbox 2185 3702 2474 3772; x_wconf 87' lang='grc' dir='ltr'>τηςλέγει·</span> <span class='ocrx_word' id='word_1_600' title='bbox 2499 3720 2516 3752; x_wconf 84' lang='grc' dir='ltr'><strong>ι</strong></span> <span class='ocrx_word' id='word_1_601' title='bbox 2543 3698 2852 3770; x_wconf 78' lang='grc' dir='ltr'>Ἐπαχύνθη</span> <span class='ocrx_word' id='word_1_602' title='bbox 2877 3699 2988 3768; x_wconf 78' lang='grc' dir='ltr'>γὰρ</span> <span class='ocrx_word' id='word_1_603' title='bbox 3005 3697 3040 3767; x_wconf 82' lang='grc' dir='ltr'><strong>ἡ</strong></span> <span class='ocrx_word' id='word_1_604' title='bbox 3059 3694 3258 3766; x_wconf 85' lang='grc' dir='ltr'>καρδία</span> <span class='ocrx_word' id='word_1_605' title='bbox 3279 3693 3372 3746; x_wconf 80' lang='grc' dir='ltr'>τοῦ</span> <span class='ocrx_word' id='word_1_606' title='bbox 3399 3691 3536 3747; x_wconf 88' lang='grc' dir='ltr'>λαοῦ</span> <span class='ocrx_word' id='word_1_607' title='bbox 3561 3689 3767 3753; x_wconf 81' lang='grc' dir='ltr'>τούτου,</span> 
     </span>
    </p>
   </div>
   <div class='ocr_carea' id='block_1_77' title="bbox 2190 3780 3770 3863">
    <p class='ocr_par' dir='ltr' id='par_1_77' title="bbox 2190 3780 3770 3863">
     <span class='ocr_line' id='line_1_77' title="bbox 2190 3780 3770 3863; baseline -0.008 -17"><span class='ocrx_word' id='word_1_608' title='bbox 2190 3792 2286 3846; x_wconf 64' lang='grc' dir='ltr'><strong>καῖ⁸</strong></span> <span class='ocrx_word' id='word_1_609' title='bbox 2318 3795 2432 3856; x_wconf 86' lang='grc' dir='ltr'>τοῖς</span> <span class='ocrx_word' id='word_1_610' title='bbox 2463 3791 2567 3846; x_wconf 79' lang='grc' dir='ltr'><strong>ὠσὶ</strong></span> <span class='ocrx_word' id='word_1_611' title='bbox 2597 3791 2811 3863; x_wconf 87' lang='grc' dir='ltr'>βαρέως</span> <span class='ocrx_word' id='word_1_612' title='bbox 2839 3790 3082 3861; x_wconf 73' lang='grc' dir='ltr'>ἥκουσαν</span> <span class='ocrx_word' id='word_1_613' title='bbox 3105 3828 3120 3851; x_wconf 93' lang='grc'><strong>,</strong></span> <span class='ocrx_word' id='word_1_614' title='bbox 3151 3788 3244 3840; x_wconf 71' lang='grc' dir='ltr'><strong>καὶ</strong></span> <span class='ocrx_word' id='word_1_615' title='bbox 3287 3785 3411 3849; x_wconf 71' lang='grc' dir='ltr'>τοὺς</span> <span class='ocrx_word' id='word_1_616' title='bbox 3458 3780 3770 3852; x_wconf 67' lang='grc' dir='ltr'>ὀφθαλμοὺς</span> 
     </span>
    </p>
   </div>
   <div class='ocr_carea' id='block_1_78' title="bbox 2193 3873 3768 3956">
    <p class='ocr_par' dir='ltr' id='par_1_78' title="bbox 2193 3873 3768 3956">
     <span class='ocr_line' id='line_1_78' title="bbox 2193 3873 3768 3956; baseline -0.008 -18"><span class='ocrx_word' id='word_1_617' title='bbox 2193 3879 2426 3956; x_wconf 79' lang='grc' dir='ltr'>ἔμυσαν,</span> <span class='ocrx_word' id='word_1_618' title='bbox 2458 3887 2638 3940; x_wconf 77' lang='grc' dir='ltr'>καὶτὸ</span> <span class='ocrx_word' id='word_1_619' title='bbox 2662 3884 2778 3954; x_wconf 85' lang='grc' dir='ltr'>φῶς</span> <span class='ocrx_word' id='word_1_620' title='bbox 2809 3884 2937 3937; x_wconf 82' lang='grc' dir='ltr'>ἰδεῖν</span> <span class='ocrx_word' id='word_1_621' title='bbox 2959 3883 3060 3936; x_wconf 78' lang='grc' dir='ltr'><strong>οὐκ</strong></span> <span class='ocrx_word' id='word_1_622' title='bbox 3087 3880 3382 3949; x_wconf 74' lang='grc' dir='ltr'>ἠθέλησαν.</span> <span class='ocrx_word' id='word_1_623' title='bbox 3419 3897 3437 3930; x_wconf 74' lang='grc' dir='ltr'><strong>ι</strong></span> <span class='ocrx_word' id='word_1_624' title='bbox 3467 3877 3584 3932; x_wconf 69' lang='grc' dir='ltr'><strong>Καὶ</strong></span> <span class='ocrx_word' id='word_1_625' title='bbox 3613 3873 3768 3929; x_wconf 80' lang='grc' dir='ltr'>Δαὸὶδ</span> 
     </span>
    </p>
   </div>
   <div class='ocr_carea' id='block_1_79' title="bbox 507 3969 3768 4055">
    <p class='ocr_par' dir='ltr' id='par_1_79' title="bbox 507 3969 3768 4055">
     <span class='ocr_line' id='line_1_79' title="bbox 507 3969 3768 4055; baseline 0.001 -33"><span class='ocrx_word' id='word_1_626' title='bbox 507 3969 678 4038; x_wconf 69' lang='grc' dir='ltr'>λέγει’</span> <span class='ocrx_word' id='word_1_627' title='bbox 723 3991 739 4021; x_wconf 80' lang='grc' dir='ltr'><strong>ι</strong></span> <span class='ocrx_word' id='word_1_628' title='bbox 777 3972 1063 4042; x_wconf 83' lang='grc' dir='ltr'>Γενηθήτω</span> <span class='ocrx_word' id='word_1_629' title='bbox 1093 3972 1125 4042; x_wconf 79' lang='grc' dir='ltr'>ἡ</span> <span class='ocrx_word' id='word_1_630' title='bbox 1161 3974 1409 4040; x_wconf 74' lang='grc' dir='ltr'>τραπέζα</span> <span class='ocrx_word' id='word_1_631' title='bbox 1434 3976 1616 4030; x_wconf 79' lang='grc' dir='ltr'>αὐτῶν</span> <span class='ocrx_word' id='word_1_632' title='bbox 1648 3981 1727 4042; x_wconf 84' lang='grc' dir='ltr'><strong>είς</strong></span> <span class='ocrx_word' id='word_1_633' title='bbox 1766 3980 1991 4048; x_wconf 85' lang='grc' dir='ltr'>παγίδα,</span> <span class='ocrx_word' id='word_1_634' title='bbox 2027 3982 2122 4035; x_wconf 82' lang='grc' dir='ltr'><strong>καὶ</strong></span> <span class='ocrx_word' id='word_1_635' title='bbox 2153 3983 2233 4047; x_wconf 85' lang='grc' dir='ltr'><strong>είς</strong></span> <span class='ocrx_word' id='word_1_636' title='bbox 2267 3983 2465 4055; x_wconf 85' lang='grc' dir='ltr'>θήραν,</span> <span class='ocrx_word' id='word_1_637' title='bbox 2514 3983 2608 4038; x_wconf 72' lang='grc' dir='ltr'><strong>καὶ</strong></span> <span class='ocrx_word' id='word_1_638' title='bbox 2662 3983 2744 4047; x_wconf 84' lang='grc' dir='ltr'>εἰς</span> <span class='ocrx_word' id='word_1_639' title='bbox 2789 3979 3110 4044; x_wconf 83' lang='grc' dir='ltr'>σκάνδαλον,</span> <span class='ocrx_word' id='word_1_640' title='bbox 3159 3977 3252 4031; x_wconf 71' lang='grc' dir='ltr'><strong>καὶ</strong></span> <span class='ocrx_word' id='word_1_641' title='bbox 3298 3976 3377 4036; x_wconf 85' lang='grc' dir='ltr'>εἰς</span> <span class='ocrx_word' id='word_1_642' title='bbox 3421 3972 3768 4039; x_wconf 80' lang='grc' dir='ltr'>ἀνταπόδομα</span> 
     </span>
    </p>
   </div>
   <div class='ocr_carea' id='block_1_80' title="bbox 509 4065 3765 4148">
    <p class='ocr_par' dir='ltr' id='par_1_80' title="bbox 509 4065 3765 4148">
     <span class='ocr_line' id='line_1_80' title="bbox 509 4065 3765 4148; baseline 0.005 -32"><span class='ocrx_word' id='word_1_643' title='bbox 509 4065 710 4124; x_wconf 70' lang='grc' dir='ltr'><strong>ιιιύτῶν⁸</strong></span> <span class='ocrx_word' id='word_1_644' title='bbox 744 4067 1185 4138; x_wconf 81' lang='grc' dir='ltr'>σκοτισθήτωσαν</span> <span class='ocrx_word' id='word_1_645' title='bbox 1237 4070 1285 4121; x_wconf 79' lang='lat' dir='ltr'><strong>oi</strong></span> <span class='ocrx_word' id='word_1_646' title='bbox 1336 4070 1604 4142; x_wconf 80' lang='grc' dir='ltr'>ὀφθαλμοὶ</span> <span class='ocrx_word' id='word_1_647' title='bbox 1638 4073 1816 4143; x_wconf 78' lang='grc' dir='ltr'>αύτῶν</span> <span class='ocrx_word' id='word_1_648' title='bbox 1869 4075 1964 4128; x_wconf 82' lang='grc' dir='ltr'>τοῦ</span> <span class='ocrx_word' id='word_1_649' title='bbox 2007 4076 2083 4148; x_wconf 78' lang='grc' dir='ltr'>μὴ</span> <span class='ocrx_word' id='word_1_650' title='bbox 2123 4077 2364 4147; x_wconf 83' lang='grc' dir='ltr'>βλέπειν,</span> <span class='ocrx_word' id='word_1_651' title='bbox 2397 4081 2493 4134; x_wconf 76' lang='grc' dir='ltr'><strong>καὶ</strong></span> <span class='ocrx_word' id='word_1_652' title='bbox 2540 4079 2635 4133; x_wconf 76' lang='grc' dir='ltr'>τὸν</span> <span class='ocrx_word' id='word_1_653' title='bbox 2675 4077 2845 4132; x_wconf 86' lang='grc' dir='ltr'>νῶτον</span> <span class='ocrx_word' id='word_1_654' title='bbox 2902 4073 3083 4132; x_wconf 84' lang='grc' dir='ltr'>αὐτῶν</span> <span class='ocrx_word' id='word_1_655' title='bbox 3113 4073 3203 4128; x_wconf 80' lang='grc' dir='ltr'>διὰ</span> <span class='ocrx_word' id='word_1_656' title='bbox 3271 4067 3476 4131; x_wconf 75' lang='grc' dir='ltr'>παντὸς</span> <span class='ocrx_word' id='word_1_657' title='bbox 3520 4065 3765 4135; x_wconf 47' lang='grc' dir='ltr'>σύγκαμε</span> 
     </span>
    </p>
   </div>
   <div class='ocr_carea' id='block_1_81' title="bbox 508 4163 686 4236">
    <p class='ocr_par' dir='ltr' id='par_1_81' title="bbox 508 4163 686 4236">
     <span class='ocr_line' id='line_1_81' title="bbox 508 4163 686 4236; baseline 0 -20"><span class='ocrx_word' id='word_1_658' title='bbox 508 4163 628 4236; x_wconf 64' lang='grc' dir='ltr'>ψον.</span> <span class='ocrx_word' id='word_1_659' title='bbox 667 4182 686 4215; x_wconf 76' lang='grc' dir='ltr'><strong>ι</strong></span> 
     </span>
    </p>
   </div>
   <div class='ocr_carea' id='block_1_82' title="bbox 579 4277 1648 4346">
    <p class='ocr_par' dir='ltr' id='par_1_82' title="bbox 579 4277 1648 4346">
     <span class='ocr_line' id='line_1_82' title="bbox 579 4277 1648 4346; baseline 0.006 -14"><span class='ocrx_word' id='word_1_660' title='bbox 579 4277 626 4310; x_wconf 79' lang='grc'><strong>’³</strong></span> <span class='ocrx_word' id='word_1_661' title='bbox 663 4277 766 4334; x_wconf 89' lang='lat' dir='ltr'><strong>lsa.</strong></span> <span class='ocrx_word' id='word_1_662' title='bbox 805 4294 911 4341; x_wconf 85' lang='lat' dir='ltr'><strong>ux,</strong></span> <span class='ocrx_word' id='word_1_663' title='bbox 967 4278 1067 4345; x_wconf 71' lang='lat'><strong>20;</strong></span> <span class='ocrx_word' id='word_1_664' title='bbox 1125 4278 1284 4335; x_wconf 81' lang='lat' dir='ltr'><strong>Rom.</strong></span> <span class='ocrx_word' id='word_1_665' title='bbox 1322 4295 1394 4346; x_wconf 73' lang='grc' dir='ltr'>χι,</span> <span class='ocrx_word' id='word_1_666' title='bbox 1430 4280 1520 4346; x_wconf 72' lang='grc'><strong>26,</strong></span> <span class='ocrx_word' id='word_1_667' title='bbox 1559 4283 1648 4338; x_wconf 73' lang='lat'><strong>27.</strong></span> 
     </span>
    </p>
   </div>
   <div class='ocr_carea' id='block_1_83' title="bbox 510 4349 1470 4416">
    <p class='ocr_par' dir='ltr' id='par_1_83' title="bbox 510 4349 1470 4416">
     <span class='ocr_line' id='line_1_83' title="bbox 510 4349 1470 4416; baseline -0.001 -12"><span class='ocrx_word' id='word_1_668' title='bbox 510 4363 700 4416; x_wconf 79' lang='lat' dir='ltr'><strong>vam,</strong></span> <span class='ocrx_word' id='word_1_669' title='bbox 739 4349 794 4413; x_wconf 81' lang='lat'><strong>‘2,</strong></span> <span class='ocrx_word' id='word_1_670' title='bbox 840 4350 937 4415; x_wconf 79' lang='lat' dir='ltr'><strong>l5;</strong></span> <span class='ocrx_word' id='word_1_671' title='bbox 972 4349 1131 4405; x_wconf 83' lang='lat' dir='ltr'><strong>Rom.</strong></span> <span class='ocrx_word' id='word_1_672' title='bbox 1168 4366 1243 4414; x_wconf 71' lang='grc' dir='ltr'>χι,</span> <span class='ocrx_word' id='word_1_673' title='bbox 1288 4351 1341 4414; x_wconf 86' lang='grc'>9,</span> <span class='ocrx_word' id='word_1_674' title='bbox 1385 4350 1470 4404; x_wconf 77' lang='grc'><strong>10.</strong></span> 
     </span>
    </p>
   </div>
   <div class='ocr_carea' id='block_1_84' title="bbox 1749 4270 3764 4353">
    <p class='ocr_par' dir='ltr' id='par_1_84' title="bbox 1749 4270 3764 4353">
     <span class='ocr_line' id='line_1_84' title="bbox 1749 4270 3764 4353; baseline -0.007 -13"><span class='ocrx_word' id='word_1_675' title='bbox 1749 4284 1795 4317; x_wconf 64' lang='lat'><strong>9‘</strong></span> <span class='ocrx_word' id='word_1_676' title='bbox 1833 4285 1916 4340; x_wconf 90' lang='lat' dir='ltr'><strong>lsa</strong></span> <span class='ocrx_word' id='word_1_677' title='bbox 1959 4302 2031 4349; x_wconf 74' lang='lat' dir='ltr'><strong>vi,</strong></span> <span class='ocrx_word' id='word_1_678' title='bbox 2072 4285 2132 4353; x_wconf 89' lang='lat'><strong>9;</strong></span> <span class='ocrx_word' id='word_1_679' title='bbox 2183 4286 2342 4342; x_wconf 85' lang='lat' dir='ltr'><strong>Rom.</strong></span> <span class='ocrx_word' id='word_1_680' title='bbox 2396 4302 2469 4350; x_wconf 69' lang='grc' dir='ltr'>χι,</span> <span class='ocrx_word' id='word_1_681' title='bbox 2523 4283 2574 4339; x_wconf 89' lang='grc'><strong>8.</strong></span> <span class='ocrx_word' id='word_1_682' title='bbox 2651 4284 2697 4317; x_wconf 71' lang='grc'><strong>⁸⁵</strong></span> <span class='ocrx_word' id='word_1_683' title='bbox 2735 4282 2840 4341; x_wconf 85' lang='lat' dir='ltr'><strong>lsa.</strong></span> <span class='ocrx_word' id='word_1_684' title='bbox 2895 4277 3098 4347; x_wconf 76' lang='lat' dir='ltr'><strong>v1,lO;</strong></span> <span class='ocrx_word' id='word_1_685' title='bbox 3140 4275 3298 4330; x_wconf 79' lang='lat' dir='ltr'><strong>Rom.</strong></span> <span class='ocrx_word' id='word_1_686' title='bbox 3326 4288 3382 4340; x_wconf 85' lang='lat' dir='ltr'><strong>x,</strong></span> <span class='ocrx_word' id='word_1_687' title='bbox 3414 4271 3468 4328; x_wconf 92' lang='lat'><strong>8.</strong></span> <span class='ocrx_word' id='word_1_688' title='bbox 3549 4271 3597 4305; x_wconf 82' lang='lat'><strong>“</strong></span> <span class='ocrx_word' id='word_1_689' title='bbox 3630 4270 3764 4327; x_wconf 85' lang='lat' dir='ltr'><strong>Psal.</strong></span> 
     </span>
    </p>
   </div>
   <div class='ocr_carea' id='block_1_85' title="bbox 523 4519 3746 4552">
    <p class='ocr_par' dir='ltr' id='par_1_85' title="bbox 523 4519 3746 4552">
     <span class='ocr_line' id='line_1_85' title="bbox 523 4519 3746 4552; baseline 0.001 -21"><span class='ocrx_word' id='word_1_690' title='bbox 523 4519 3746 4552; x_wconf 50' lang='lat' dir='ltr'><strong>MM”.</strong></span> 
     </span>
    </p>
   </div>
   <div class='ocr_carea' id='block_1_86' title="bbox 1017 4649 3283 4766">
    <p class='ocr_par' dir='ltr' id='par_1_86' title="bbox 1017 4649 3283 4766">
     <span class='ocr_line' id='line_1_86' title="bbox 1017 4649 3283 4766; baseline -0.003 -19"><span class='ocrx_word' id='word_1_691' title='bbox 1017 4660 1566 4751; x_wconf 88' lang='grc' dir='ltr'><strong>ΔΙΑΛΟΓΟΣ</strong></span> <span class='ocrx_word' id='word_1_692' title='bbox 1637 4662 2059 4751; x_wconf 84' lang='grc' dir='ltr'><strong>ΜΙΚΡΟΣ</strong></span> <span class='ocrx_word' id='word_1_693' title='bbox 2134 4663 2426 4750; x_wconf 85' lang='grc' dir='ltr'><strong>ΠΡΟΣ</strong></span> <span class='ocrx_word' id='word_1_694' title='bbox 2500 4658 3103 4766; x_wconf 86' lang='grc' dir='ltr'><strong>ΙΟΥΔΛΙΟΥΣ</strong></span> <span class='ocrx_word' id='word_1_695' title='bbox 3179 4649 3283 4741; x_wconf 70' lang='grc' dir='ltr'><strong>(ί).</strong></span> 
     </span>
    </p>
   </div>
   <div class='ocr_carea' id='block_1_87' title="bbox 1175 4893 3145 5055">
    <p class='ocr_par' dir='ltr' id='par_1_87' title="bbox 1175 4893 3145 5055">
     <span class='ocr_line' id='line_1_87' title="bbox 1175 4893 3145 5055; baseline 0.005 -11"><span class='ocrx_word' id='word_1_696' title='bbox 1175 4955 1772 5050; x_wconf 86' lang='lat' dir='ltr'><strong>DIALOGUS</strong></span> <span class='ocrx_word' id='word_1_697' title='bbox 1844 4956 2307 5054; x_wconf 81' lang='lat' dir='ltr'><strong>PABVUS</strong></span> <span class='ocrx_word' id='word_1_698' title='bbox 2379 4959 2528 5047; x_wconf 88' lang='lat' dir='ltr'><strong>AD</strong></span> <span class='ocrx_word' id='word_1_699' title='bbox 2603 4893 3145 5055; x_wconf 59' lang='lat' dir='ltr'><strong>nmmos.</strong></span> 
     </span>
    </p>
   </div>
   <div class='ocr_carea' id='block_1_88' title="bbox 585 5242 2170 5319">
    <p class='ocr_par' dir='ltr' id='par_1_88' title="bbox 585 5242 2170 5319">
     <span class='ocr_line' id='line_1_88' title="bbox 585 5242 2170 5319; baseline 0.004 -19"><span class='ocrx_word' id='word_1_700' title='bbox 585 5242 954 5315; x_wconf 80' lang='lat' dir='ltr'><strong>interrogavit</strong></span> <span class='ocrx_word' id='word_1_701' title='bbox 1000 5243 1242 5312; x_wconf 73' lang='lat' dir='ltr'><strong>Judaeus,</strong></span> <span class='ocrx_word' id='word_1_702' title='bbox 1275 5263 1448 5319; x_wconf 90' lang='lat' dir='ltr'><strong>quare</strong></span> <span class='ocrx_word' id='word_1_703' title='bbox 1474 5248 1784 5304; x_wconf 91' lang='lat' dir='ltr'><strong>comeditur</strong></span> <span class='ocrx_word' id='word_1_704' title='bbox 1814 5249 1958 5319; x_wconf 91' lang='lat' dir='ltr'><strong>apud</strong></span> <span class='ocrx_word' id='word_1_705' title='bbox 1995 5263 2090 5305; x_wconf 85' lang='lat' dir='ltr'><strong>vos</strong></span> <span class='ocrx_word' id='word_1_706' title='bbox 2128 5251 2170 5306; x_wconf 90' lang='lat' dir='ltr'><strong>D</strong></span> 
     </span>
    </p>
   </div>
   <div class='ocr_carea' id='block_1_89' title="bbox 515 5333 2094 5408">
    <p class='ocr_par' dir='ltr' id='par_1_89' title="bbox 515 5333 2094 5408">
     <span class='ocr_line' id='line_1_89' title="bbox 515 5333 2094 5408; baseline 0.002 -16"><span class='ocrx_word' id='word_1_707' title='bbox 515 5334 861 5392; x_wconf 83' lang='lat' dir='ltr'><strong>Christianos</strong></span> <span class='ocrx_word' id='word_1_708' title='bbox 911 5333 1074 5391; x_wconf 87' lang='lat' dir='ltr'><strong>suilla</strong></span> <span class='ocrx_word' id='word_1_709' title='bbox 1119 5338 1289 5392; x_wconf 84' lang='lat' dir='ltr'><strong>caro?</strong></span> <span class='ocrx_word' id='word_1_710' title='bbox 1311 5338 1740 5394; x_wconf 87' lang='lat' dir='ltr'><strong>—Christianus</strong></span> <span class='ocrx_word' id='word_1_711' title='bbox 1768 5339 1906 5394; x_wconf 83' lang='lat' dir='ltr'><strong>dixit</strong></span> <span class='ocrx_word' id='word_1_712' title='bbox 1935 5357 1948 5393; x_wconf 91' lang='lat'><strong>:</strong></span> <span class='ocrx_word' id='word_1_713' title='bbox 1981 5340 2094 5408; x_wconf 77' lang='lat' dir='ltr'><strong>Cur</strong></span> 
     </span>
    </p>
   </div>
   <div class='ocr_carea' id='block_1_90' title="bbox 519 5425 2094 5503">
    <p class='ocr_par' dir='ltr' id='par_1_90' title="bbox 519 5425 2094 5503">
     <span class='ocr_line' id='line_1_90' title="bbox 519 5425 2094 5503; baseline 0.006 -22"><span class='ocrx_word' id='word_1_714' title='bbox 519 5429 609 5490; x_wconf 84' lang='lat' dir='ltr'><strong>illa</strong></span> <span class='ocrx_word' id='word_1_715' title='bbox 648 5425 822 5482; x_wconf 63' lang='lat' dir='ltr'><strong>Judaei</strong></span> <span class='ocrx_word' id='word_1_716' title='bbox 871 5441 985 5482; x_wconf 89' lang='lat' dir='ltr'><strong>non</strong></span> <span class='ocrx_word' id='word_1_717' title='bbox 1015 5431 1353 5484; x_wconf 88' lang='lat' dir='ltr'><strong>vescuntur?</strong></span> <span class='ocrx_word' id='word_1_718' title='bbox 1376 5431 1617 5486; x_wconf 79' lang='lat' dir='ltr'><strong>Judaeus.</strong></span> <span class='ocrx_word' id='word_1_719' title='bbox 1648 5429 1786 5496; x_wconf 86' lang='lat' dir='ltr'><strong>Quia</strong></span> <span class='ocrx_word' id='word_1_720' title='bbox 1811 5430 2094 5503; x_wconf 83' lang='lat' dir='ltr'><strong>immunda</strong></span> 
     </span>
    </p>
   </div>
   <div class='ocr_carea' id='block_1_91' title="bbox 519 5521 2099 5596">
    <p class='ocr_par' dir='ltr' id='par_1_91' title="bbox 519 5521 2099 5596">
     <span class='ocr_line' id='line_1_91' title="bbox 519 5521 2099 5596; baseline -0.001 -14"><span class='ocrx_word' id='word_1_721' title='bbox 519 5530 622 5583; x_wconf 83' lang='lat' dir='ltr'><strong>est.</strong></span> <span class='ocrx_word' id='word_1_722' title='bbox 648 5552 698 5561; x_wconf 89' lang='lat'>—</span> <span class='ocrx_word' id='word_1_723' title='bbox 720 5521 1086 5579; x_wconf 86' lang='lat' dir='ltr'><strong>Christianus.</strong></span> <span class='ocrx_word' id='word_1_724' title='bbox 1117 5521 1228 5578; x_wconf 90' lang='lat' dir='ltr'><strong>Cur</strong></span> <span class='ocrx_word' id='word_1_725' title='bbox 1264 5524 1549 5580; x_wconf 89' lang='lat' dir='ltr'><strong>vescimini</strong></span> <span class='ocrx_word' id='word_1_726' title='bbox 1577 5523 1796 5596; x_wconf 88' lang='lat' dir='ltr'><strong>gallinis</strong></span> <span class='ocrx_word' id='word_1_727' title='bbox 1830 5540 1952 5594; x_wconf 81' lang='lat' dir='ltr'><strong>quae</strong></span> <span class='ocrx_word' id='word_1_728' title='bbox 1981 5539 2099 5580; x_wconf 44' lang='lat' dir='ltr'><strong>om:</strong></span> 
     </span>
    </p>
   </div>
   <div class='ocr_carea' id='block_1_92' title="bbox 592 5657 2097 5780">
    <p class='ocr_par' dir='ltr' id='par_1_92' title="bbox 592 5657 2097 5780">
     <span class='ocr_line' id='line_1_92' title="bbox 592 5657 2097 5780; baseline 0.005 -69"><span class='ocrx_word' id='word_1_729' title='bbox 592 5657 674 5780; x_wconf 42' lang='lat' dir='ltr'><strong>ﬁt)</strong></span> <span class='ocrx_word' id='word_1_730' title='bbox 722 5658 825 5714; x_wconf 85' lang='lat' dir='ltr'><strong>Hic</strong></span> <span class='ocrx_word' id='word_1_731' title='bbox 872 5661 1096 5730; x_wconf 90' lang='lat' dir='ltr'><strong>quidem</strong></span> <span class='ocrx_word' id='word_1_732' title='bbox 1147 5661 1398 5732; x_wconf 83' lang='lat' dir='ltr'><strong>dialogus</strong></span> <span class='ocrx_word' id='word_1_733' title='bbox 1438 5663 1622 5717; x_wconf 90' lang='lat' dir='ltr'><strong>statim</strong></span> <span class='ocrx_word' id='word_1_734' title='bbox 1688 5664 2000 5719; x_wconf 74' lang='lat' dir='ltr'><strong>subtexitur</strong></span> <span class='ocrx_word' id='word_1_735' title='bbox 2044 5666 2097 5718; x_wconf 91' lang='lat' dir='ltr'><strong>in</strong></span> 
     </span>
     <span class='ocr_line' id='line_1_93' title="bbox 626 5729 2097 5780; baseline 0 0"><span class='ocrx_word' id='word_1_736' title='bbox 626 5745 712 5780; x_wconf 86' lang='lat' dir='ltr'><strong>etn</strong></span> <span class='ocrx_word' id='word_1_737' title='bbox 737 5729 927 5780; x_wconf 76' lang='lat' dir='ltr'><strong>codice</strong></span> <span class='ocrx_word' id='word_1_738' title='bbox 952 5729 1236 5780; x_wconf 82' lang='lat' dir='ltr'><strong>Vaticano.</strong></span> <span class='ocrx_word' id='word_1_739' title='bbox 1269 5735 1364 5780; x_wconf 79' lang='lat' dir='ltr'><strong>Ast</strong></span> <span class='ocrx_word' id='word_1_740' title='bbox 1386 5734 1534 5780; x_wconf 80' lang='lat' dir='ltr'><strong>aliud</strong></span> <span class='ocrx_word' id='word_1_741' title='bbox 1557 5735 1896 5780; x_wconf 77' lang='lat' dir='ltr'><strong>r-nllonninm</strong></span> <span class='ocrx_word' id='word_1_742' title='bbox 1933 5737 2097 5780; x_wconf 71' lang='lat' dir='ltr'><strong>lirm&#39;n</strong></span> 
     </span>
    </p>
   </div>
   <div class='ocr_carea' id='block_1_93' title="bbox 519 5729 2097 5804">
    <p class='ocr_par' dir='ltr' id='par_1_93' title="bbox 519 5729 2097 5804">
     <span class='ocr_line' id='line_1_94' title="bbox 519 5729 2097 5804; baseline 0.006 -24"><span class='ocrx_word' id='word_1_743' title='bbox 519 5729 712 5804; x_wconf 66' lang='lat' dir='ltr'><strong>eodem</strong></span> <span class='ocrx_word' id='word_1_744' title='bbox 737 5729 934 5804; x_wconf 68' lang='lat' dir='ltr'><strong>codice</strong></span> <span class='ocrx_word' id='word_1_745' title='bbox 952 5729 1236 5804; x_wconf 79' lang='lat' dir='ltr'><strong>Vaticano.</strong></span> <span class='ocrx_word' id='word_1_746' title='bbox 1268 5729 1364 5788; x_wconf 45' lang='lat' dir='ltr'><strong>A&#39;st</strong></span> <span class='ocrx_word' id='word_1_747' title='bbox 1386 5734 1535 5788; x_wconf 90' lang='lat' dir='ltr'><strong>aliud</strong></span> <span class='ocrx_word' id='word_1_748' title='bbox 1557 5735 1896 5804; x_wconf 84' lang='lat' dir='ltr'><strong>colloquium</strong></span> <span class='ocrx_word' id='word_1_749' title='bbox 1932 5737 2097 5790; x_wconf 84' lang='lat' dir='ltr'><strong>breve</strong></span> 
     </span>
    </p>
   </div>
   <div class='ocr_carea' id='block_1_94' title="bbox 523 5796 2093 5870">
    <p class='ocr_par' dir='ltr' id='par_1_94' title="bbox 523 5796 2093 5870">
     <span class='ocr_line' id='line_1_95' title="bbox 523 5796 2093 5870; baseline 0.008 -23"><span class='ocrx_word' id='word_1_750' title='bbox 523 5796 792 5862; x_wconf 58' lang='lat' dir='ltr'><strong>Anastasii</strong></span> <span class='ocrx_word' id='word_1_751' title='bbox 848 5801 1065 5856; x_wconf 83' lang='lat' dir='ltr'><strong>abbatis</strong></span> <span class='ocrx_word' id='word_1_752' title='bbox 1110 5818 1261 5870; x_wconf 77' lang='lat' dir='ltr'><strong>aequo</strong></span> <span class='ocrx_word' id='word_1_753' title='bbox 1309 5819 1431 5857; x_wconf 81' lang='lat' dir='ltr'><strong>cum</strong></span> <span class='ocrx_word' id='word_1_754' title='bbox 1486 5804 1687 5860; x_wconf 69' lang='lat' dir='ltr'><strong>Iudaeis</strong></span> <span class='ocrx_word' id='word_1_755' title='bbox 1724 5796 1778 5861; x_wconf 82' lang='lat' dir='ltr'><strong>in</strong></span> <span class='ocrx_word' id='word_1_756' title='bbox 1835 5806 1940 5860; x_wconf 89' lang='lat' dir='ltr'><strong>alio</strong></span> <span class='ocrx_word' id='word_1_757' title='bbox 1973 5804 2093 5859; x_wconf 84' lang='lat' dir='ltr'><strong>Vat.</strong></span> 
     </span>
    </p>
   </div>
   <div class='ocr_carea' id='block_1_95' title="bbox 2285 5246 3757 5321">
    <p class='ocr_par' dir='ltr' id='par_1_95' title="bbox 2285 5246 3757 5321">
     <span class='ocr_line' id='line_1_96' title="bbox 2285 5246 3757 5321; baseline -0.001 -20"><span class='ocrx_word' id='word_1_758' title='bbox 2285 5249 2347 5301; x_wconf 86' lang='lat' dir='ltr'><strong>‘H</strong></span> <span class='ocrx_word' id='word_1_759' title='bbox 2356 5247 2596 5319; x_wconf 85' lang='grc' dir='ltr'>ρώτησεν</span> <span class='ocrx_word' id='word_1_760' title='bbox 2613 5249 2642 5302; x_wconf 84' lang='lat'><strong>6</strong></span> <span class='ocrx_word' id='word_1_761' title='bbox 2673 5247 2944 5312; x_wconf 81' lang='grc' dir='ltr'>Ἰουδαῖος·</span> <span class='ocrx_word' id='word_1_762' title='bbox 2971 5246 3072 5302; x_wconf 82' lang='grc' dir='ltr'>Διά</span> <span class='ocrx_word' id='word_1_763' title='bbox 3086 5246 3141 5301; x_wconf 87' lang='grc' dir='ltr'><strong>τί</strong></span> <span class='ocrx_word' id='word_1_764' title='bbox 3159 5246 3434 5320; x_wconf 85' lang='grc' dir='ltr'>τρώγεται</span> <span class='ocrx_word' id='word_1_765' title='bbox 3465 5247 3593 5321; x_wconf 80' lang='grc' dir='ltr'>παρ’</span> <span class='ocrx_word' id='word_1_766' title='bbox 3621 5247 3757 5320; x_wconf 82' lang='grc' dir='ltr'>ὑμῶν</span> 
     </span>
    </p>
   </div>
   <div class='ocr_carea' id='block_1_96' title="bbox 2200 5339 3753 5413">
    <p class='ocr_par' dir='ltr' id='par_1_96' title="bbox 2200 5339 3753 5413">
     <span class='ocr_line' id='line_1_97' title="bbox 2200 5339 3753 5413; baseline -0.001 -19"><span class='ocrx_word' id='word_1_767' title='bbox 2200 5341 2310 5394; x_wconf 82' lang='grc' dir='ltr'>τῶν</span> <span class='ocrx_word' id='word_1_768' title='bbox 2345 5339 2689 5410; x_wconf 84' lang='grc' dir='ltr'>Χριστιανῶν</span> <span class='ocrx_word' id='word_1_769' title='bbox 2719 5339 2780 5394; x_wconf 84' lang='grc' dir='ltr'><strong>τὸ</strong></span> <span class='ocrx_word' id='word_1_770' title='bbox 2813 5339 3049 5412; x_wconf 85' lang='grc' dir='ltr'>χοίρειον</span> <span class='ocrx_word' id='word_1_771' title='bbox 3082 5339 3275 5412; x_wconf 85' lang='grc' dir='ltr'>κρέας.</span> <span class='ocrx_word' id='word_1_772' title='bbox 3308 5369 3378 5382; x_wconf 78' lang='grc' dir='ltr'><strong>-ο</strong></span> <span class='ocrx_word' id='word_1_773' title='bbox 3427 5342 3486 5396; x_wconf 84' lang='grc'><strong>’0</strong></span> <span class='ocrx_word' id='word_1_774' title='bbox 3511 5342 3753 5413; x_wconf 83' lang='grc' dir='ltr'>Χριστια-</span> 
     </span>
    </p>
   </div>
   <div class='ocr_carea' id='block_1_97' title="bbox 2203 5428 3754 5505">
    <p class='ocr_par' dir='ltr' id='par_1_97' title="bbox 2203 5428 3754 5505">
     <span class='ocr_line' id='line_1_98' title="bbox 2203 5428 3754 5505; baseline -0.001 -19"><span class='ocrx_word' id='word_1_775' title='bbox 2203 5435 2292 5496; x_wconf 81' lang='grc' dir='ltr'><strong>νὸς</strong></span> <span class='ocrx_word' id='word_1_776' title='bbox 2321 5428 2469 5485; x_wconf 60' lang='lat' dir='ltr'><strong>sine&quot;</strong></span> <span class='ocrx_word' id='word_1_777' title='bbox 2496 5431 2595 5486; x_wconf 85' lang='grc' dir='ltr'>Διά</span> <span class='ocrx_word' id='word_1_778' title='bbox 2617 5432 2670 5485; x_wconf 91' lang='grc' dir='ltr'><strong>τί</strong></span> <span class='ocrx_word' id='word_1_779' title='bbox 2693 5432 2850 5502; x_wconf 78' lang='grc' dir='ltr'>ὑμεῖς</span> <span class='ocrx_word' id='word_1_780' title='bbox 2878 5433 2938 5486; x_wconf 83' lang='grc' dir='ltr'>οὐ</span> <span class='ocrx_word' id='word_1_781' title='bbox 2972 5433 3210 5505; x_wconf 88' lang='grc' dir='ltr'>τρώγετε</span> <span class='ocrx_word' id='word_1_782' title='bbox 3241 5434 3410 5502; x_wconf 83' lang='grc' dir='ltr'>αὑτό;</span> <span class='ocrx_word' id='word_1_783' title='bbox 3442 5466 3512 5477; x_wconf 93' lang='grc'><strong>-</strong></span> <span class='ocrx_word' id='word_1_784' title='bbox 3547 5434 3604 5489; x_wconf 91' lang='lat'><strong>&#39;0</strong></span> <span class='ocrx_word' id='word_1_785' title='bbox 3637 5434 3754 5486; x_wconf 67' lang='grc' dir='ltr'>Ἰουο</span> 
     </span>
    </p>
   </div>
   <div class='ocr_carea' id='block_1_98' title="bbox 2204 5521 3753 5599">
    <p class='ocr_par' dir='ltr' id='par_1_98' title="bbox 2204 5521 3753 5599">
     <span class='ocr_line' id='line_1_99' title="bbox 2204 5521 3753 5599; baseline -0.001 -21"><span class='ocrx_word' id='word_1_786' title='bbox 2204 5525 2382 5588; x_wconf 77' lang='grc' dir='ltr'>δαῖος·</span> <span class='ocrx_word' id='word_1_787' title='bbox 2423 5524 2547 5578; x_wconf 84' lang='grc' dir='ltr'>Ὅτι</span> <span class='ocrx_word' id='word_1_788' title='bbox 2574 5522 2886 5594; x_wconf 75' lang='grc' dir='ltr'>ἁκάθαρτόν</span> <span class='ocrx_word' id='word_1_789' title='bbox 2915 5526 3084 5580; x_wconf 76' lang='grc' dir='ltr'>ἐστιν.</span> <span class='ocrx_word' id='word_1_790' title='bbox 3112 5557 3181 5566; x_wconf 91' lang='grc'><strong>-</strong></span> <span class='ocrx_word' id='word_1_791' title='bbox 3216 5525 3274 5581; x_wconf 86' lang='lat'><strong>&#39;0</strong></span> <span class='ocrx_word' id='word_1_792' title='bbox 3292 5526 3637 5599; x_wconf 84' lang='grc' dir='ltr'>Χριστιανός·</span> <span class='ocrx_word' id='word_1_793' title='bbox 3657 5521 3753 5577; x_wconf 76' lang='grc' dir='ltr'><strong>Καὶ</strong></span> 
     </span>
    </p>
   </div>
   <div class='ocr_carea' id='block_1_99' title="bbox 2209 5664 3751 5739">
    <p class='ocr_par' dir='ltr' id='par_1_99' title="bbox 2209 5664 3751 5739">
     <span class='ocr_line' id='line_1_100' title="bbox 2209 5664 3751 5739; baseline -0.003 -19"><span class='ocrx_word' id='word_1_794' title='bbox 2209 5665 2419 5739; x_wconf 81' lang='lat' dir='ltr'><strong>codice,</strong></span> <span class='ocrx_word' id='word_1_795' title='bbox 2455 5682 2564 5721; x_wconf 89' lang='lat' dir='ltr'><strong>non</strong></span> <span class='ocrx_word' id='word_1_796' title='bbox 2597 5675 2683 5720; x_wconf 91' lang='lat' dir='ltr'><strong>est</strong></span> <span class='ocrx_word' id='word_1_797' title='bbox 2716 5665 2830 5722; x_wconf 81' lang='lat' dir='ltr'><strong>fere</strong></span> <span class='ocrx_word' id='word_1_798' title='bbox 2857 5666 2971 5739; x_wconf 12' lang='lat' dir='ltr'><strong>nisi,</strong></span> <span class='ocrx_word' id='word_1_799' title='bbox 3002 5666 3606 5739; x_wconf 12' lang='lat' dir='ltr'><strong>compendiumroperis</strong></span> <span class='ocrx_word' id='word_1_800' title='bbox 3644 5664 3751 5720; x_wconf 77' lang='lat' dir='ltr'><strong>lon-</strong></span> 
     </span>
    </p>
   </div>
   <div class='ocr_carea' id='block_1_100' title="bbox 2207 5737 3750 5818">
    <p class='ocr_par' dir='ltr' id='par_1_100' title="bbox 2207 5737 3750 5818">
     <span class='ocr_line' id='line_1_101' title="bbox 2207 5737 3750 5818; baseline 0.001 -29"><span class='ocrx_word' id='word_1_801' title='bbox 2207 5737 2430 5818; x_wconf 34' lang='lat' dir='ltr'><strong>giurisoa</strong></span> <span class='ocrx_word' id='word_1_802' title='bbox 2468 5753 2552 5789; x_wconf 85' lang='lat' dir='ltr'><strong>me</strong></span> <span class='ocrx_word' id='word_1_803' title='bbox 2597 5751 2763 5808; x_wconf 86' lang='lat' dir='ltr'><strong>supra</strong></span> <span class='ocrx_word' id='word_1_804' title='bbox 2783 5738 3010 5808; x_wconf 90' lang='lat' dir='ltr'><strong>scripti;</strong></span> <span class='ocrx_word' id='word_1_805' title='bbox 3039 5737 3218 5810; x_wconf 84' lang='lat' dir='ltr'><strong>neque</strong></span> <span class='ocrx_word' id='word_1_806' title='bbox 3243 5738 3295 5795; x_wconf 82' lang='lat' dir='ltr'><strong>id</strong></span> <span class='ocrx_word' id='word_1_807' title='bbox 3348 5737 3513 5795; x_wconf 78' lang='lat' dir='ltr'><strong>edere</strong></span> <span class='ocrx_word' id='word_1_808' title='bbox 3551 5745 3750 5813; x_wconf 56' lang='lat' dir='ltr'><strong>magna:</strong></span> 
     </span>
    </p>
   </div>
   <div class='ocr_carea' id='block_1_101' title="bbox 2210 5816 2622 5876">
    <p class='ocr_par' dir='ltr' id='par_1_101' title="bbox 2210 5816 2622 5876">
     <span class='ocr_line' id='line_1_102' title="bbox 2210 5816 2622 5876; baseline 0.01 -18"><span class='ocrx_word' id='word_1_809' title='bbox 2210 5822 2336 5876; x_wconf 78' lang='lat' dir='ltr'><strong>pere</strong></span> <span class='ocrx_word' id='word_1_810' title='bbox 2375 5816 2622 5862; x_wconf 73' lang='lat' dir='ltr'><strong>interest.</strong></span> 
     </span>
    </p>
   </div>
  </div>
