4072 6518
268 379 401 445 1273

1266 373 1720 438 DISPUTATIO
1759 368 2159 432 ADVERSUS
2185 362 2518 428 ΙΗΒίΕΟΞ.

3399 347 3541 424 1274

263 496 350 551 διὰ
378 495 432 549 τί
458 494 697 566 τρώγετε
722 494 789 549 τὸ
809 493 1065 565 ὀρνίθιον,
1095 490 1124 544 6
1154 488 1596 561 ἀκαθαρτότατον
1631 485 1844 540 πάντων

1950 480 2108 535 nium
2146 471 2608 532 immundissimze
2641 469 2806 527 sunt?
2862 464 3088 523 Pontica
3114 464 3263 520 enim
3309 479 3538 533 serpen-

266 587 384 641 ἐστί
412 606 426 653 ;
464 587 716 639 ποντικὸν
765 586 861 639 καὶ
890 584 1044 651 ὄφεις
1067 581 1239 634 ἐσθίει
1270 580 1366 633 καὶ
1400 579 1579 634 πᾶσαν
1603 574 1848 644 ἀκαθαρ-

266 674 407 729 σίαψ
445 674 546 746 τὴν
573 674 629 728 δέ
660 673 906 745 χελιδόνα
938 673 1000 726 οὐ
1031 670 1274 741 τρώγετε
1319 667 1714 740 καθαρωτέραν
1757 664 1849 719 οὒ-

266 785 365 822 σαν
396 768 494 836 τῆς
540 765 773 837 ὄρνιθος·
808 763 933 819 οὔτε
979 764 1042 817 τὸ
1095 763 1275 816 σίπιον
1314 759 1556 832 καθαρὸν
1589 758 1688 811 καὶ
1716 756 1850 811 αὐτὸ

261 860 322 914 ὃν
368 861 465 914 καὶ
515 858 857 929 ἀναίμακτον
905 857 1004 912 καὶ
1056 854 1445 924 καθαρώτερον
1479 851 1580 921 τῆς
1610 847 1846 921 ὄρνιθος,

263 953 359 1007 καὶ
418 951 754 1023 σκηνώματα
813 968 908 1006 και
964 950 1264 1021 θνησιμαῖα
1317 947 1533 1010 ἐσθίει,
1602 942 1743 997 αὐτὰ
1791 941 1848 994 δὲ

260 1042 553 1113 οὐδαμῶς-ο
607 1041 785 1105 θέλεις
832 1040 1022 1112 μαθεῖν
1074 1039 1142 1093 δι’
1169 1040 1235 1111 ἢν
1266 1038 1446 1092 αἰτίαν
1490 1033 1643 1090 εἶπεν
1668 1033 1846 1095 όΘεὸς

256 1135 349 1189 διὰ
382 1133 658 1197 Μωῦσὲως
694 1135 808 1197 τοῖς
836 1132 1106 1197 Ἰουδαίοις
1131 1133 1205 1203 μὴ
1227 1131 1461 1203 τρώγειν
1480 1130 1541 1183 τὸ
1563 1128 1844 1199 χοιρίδιον;

257 1230 342 1280 ὅτι
374 1228 433 1281 ἐν
455 1226 718 1297 Αίγύπτῳ
752 1227 903 1290 ὄντες
946 1226 1084 1297 μετὰ
1110 1227 1219 1280 τῶν
1244 1226 1558 1294 Αἰγυπτίων
1583 1264 1599 1286 ,
1659 1222 1847 1294 ἢσθιον

254 1320 350 1373 τὸν
378 1320 580 1389 χοῖρον,
612 1318 701 1371 τὸν
728 1318 785 1370 δὲ
815 1318 940 1389 βοῦν
968 1320 1059 1372 καὶ
1088 1319 1181 1373 τὸν
1201 1319 1403 1390 τράγον
1449 1317 1543 1371 καὶ
1579 1315 1671 1369 τὸν
1705 1313 1846 1369 κύνα

253 1411 507 1465 ἐσέϐοντο
534 1412 585 1463 oi
604 1411 888 1478 Αἰγύπτιοι
915 1412 991 1476 ὡς
1019 1410 1204 1475 θεούς’
1237 1412 1301 1464 ἐκ
1329 1410 1519 1465 τούτου
1543 1410 1639 1463 καὶ
1658 1411 1847 1463 Βοσο·

244 1502 498 1572 ρεῐς,διά
518 1502 581 1555 τὸ
599 1502 689 1556 τὸν
717 1503 846 1571 βοῦν
869 1503 1145 1558 σέϐεσθαι·
1173 1504 1266 1557 καὶ
1287 1501 1536 1557 Κυνῖται
1563 1502 1649 1556 διὰ
1673 1501 1734 1555 τὸ
1755 1501 1845 1554 τὸν

254 1595 397 1647 κύνα
419 1594 695 1647 σέϐεσθαι’
727 1594 808 1649 διὸ
837 1595 932 1649 καὶ
978 1595 1218 1650 Ἰουδαῖοι
1246 1594 1560 1665 μετ-ἀὑτῶν
1583 1594 1754 1659 ὄντες,
1775 1594 1845 1649 τὰ

254 1686 356 1756 ἔθη
389 1686 567 1740 αὐτῶν
598 1689 935 1757 ἐκράτησαν*
974 1686 1261 1757 ἐξαγαγὼν
1293 1686 1387 1743 οῦν
1419 1688 1617 1751 αὐτοὺς
1654 1689 1685 1741 6
1712 1687 1844 1751 Θεὸς

253 1779 321 1844 ἐξ
339 1780 640 1848 Αἰγύπτου,
665 1780 837 1834 θέλων
864 1780 1175 1850 ἀποστῆσαι
1198 1781 1300 1843 τὰς
1321 1781 1551 1852 καρδίας
1571 1782 1754 1835 αὐτῶν
1784 1782 1844 1847 ἐξ

1957 574 2107 630 tibus
2152 570 2319 626 alitur
2356 577 2414 624 et
2451 565 2709 623 omnibus
2754 561 3046 626 sordibus;
3097 566 3153 614 et
3182 556 3537 613 hirundinem

1956 683 2065 722 non
2114 663 2405 721 comeditis
2462 659 2815 716 mundiorem
2875 656 2979 710 hac
3024 668 3157 716 ave,
3202 665 3384 720 neque
3446 650 3539 702 σύ-

1955 776 2082 814 πιον
2143 757 2289 829 quod
2339 769 2541 827 purum
2592 761 2648 807 et
2707 750 2889 820 ipsum
2966 754 3052 803 est
3100 753 3157 799 et
3215 742 3536 813 sanguinem

1954 854 2174 925 fugiens
2222 862 2279 909 et
2327 866 2428 906 ave
2469 850 2572 904 ista
2601 845 2887 908 mundius,
2921 851 2978 897 et
3022 841 3224 896 domus
3259 839 3450 894 sordes
3484 847 3541 893 et

1956 962 2152 1004 carnes
2184 953 2467 1002 emortuas
2526 938 2790 1003 comedit,
2840 937 2933 991 illa
2980 948 3117 991 vero
3148 931 3397 987 minime.
3445 931 3540 987 Vis

1956 1043 2169 1098 discere
2215 1052 2380 1108 quam
2430 1035 2500 1090 ob
2536 1047 2755 1089 causam
2782 1028 2986 1084 dixerit
3013 1028 3161 1082 Deus
3190 1041 3289 1096 per
3319 1025 3539 1096 Moysen

1953 1132 2158 1191 Judaeis
2195 1146 2307 1185 non
2358 1127 2505 1183 vesci
2566 1123 2774 1180 suillo?
2820 1122 2973 1192 quia,
3028 1136 3155 1175 cum
3203 1119 3257 1174 in
3308 1119 3541 1190 AEgypto

1953 1233 2139 1282 essent
2176 1238 2302 1279 cum
2346 1219 2635 1291 Egyptiis,
2688 1216 2885 1270 suibus
2927 1212 3314 1275 vescebantur,
3345 1212 3539 1268 bovem

1954 1326 2141 1373 autem
2204 1323 2259 1370 et
2315 1312 2532 1367 hircum
2606 1320 2663 1364 et
2724 1322 2916 1362 canem
2978 1304 3232 1361 colebant
3295 1315 3356 1358 ut
3406 1305 3543 1359 deos

1952 1407 2232 1481 Egyptii;
2280 1405 2427 1461 unde
2470 1401 2779 1469 Βοσορεῖς,
2829 1399 2958 1469 quia
3014 1398 3233 1462 bovem,
3269 1407 3325 1451 et
3362 1397 3541 1451 Κυνί-

1955 1519 2074 1567 nu,
2123 1500 2252 1571 quia
2280 1510 2476 1554 canem
2508 1494 2810 1551 colebant:
2853 1490 3027 1546 Judaei
3066 1499 3271 1552 autem,
3322 1487 3541 1557 quando

1952 1611 2078 1652 cum
2125 1593 2236 1649 illis
2284 1598 2460 1655 erant,
2499 1602 2684 1643 mores
2721 1599 2917 1641 eorum
2960 1582 3357 1653 sequebantur.
3394 1581 3542 1637 Deus

1952 1704 2103 1760 ergo,
2131 1702 2256 1742 cum
2286 1701 2355 1740 ex
2375 1682 2607 1754 Egypto
2632 1694 2728 1735 eos
2747 1677 3049 1739 eduxisset,
3077 1685 3133 1729 et
3158 1672 3323 1729 corda
3345 1688 3543 1733 eorum

1952 1796 2210 1837 amovere
2242 1778 2410 1834 vellet
2460 1775 2530 1830 ab
2588 1773 2676 1828 his
2706 1767 3162 1842 quadrupedibus
3203 1782 3344 1836 quos
3389 1767 3541 1825 cole-

250 1865 335 1925 ὧν
359 1872 705 1944 τετραπόδων
744 1872 997 1929 ἐσέϐοντο
1037 1874 1095 1926 ἐν
1129 1850 1413 1944 Αἰγύπτῳ,
1448 1873 1842 1946 ἐνομοθέτησεν

1950 1873 2083 1927 bant
2129 1867 2396 1940 Egyptii,
2424 1866 2601 1936 legem
2636 1862 2746 1917 illis
2796 1858 2991 1915 statuit
3026 1865 3088 1912 ut
3135 1873 3258 1927 quae
3300 1856 3411 1911 illic
3437 1856 3559 1912 ham

249 1965 439 2027 αὐτοῖς
484 1964 552 2018 τὰ
602 1966 745 2036 ἅπερ
789 1962 934 2036 εἶχεν
985 1966 1104 2020 ἐκεῖ
1145 1965 1318 2018 σεπτὰ
1359 1965 1457 2023 καὶ
1486 1969 1841 2038 προσκυνητὰ

250 2054 515 2124 σφάττειν
568 2056 803 2110 ἐνταῦθα
860 2058 955 2110 καὶ
1003 2055 1225 2110 ἐσθίειν·
1282 2057 1369 2111 ἴνα
1427 2057 1504 2122 ὠς
1545 2058 1839 2126 σφάζοντες

248 2147 400 2202 αὑτά
444 2148 541 2203 καὶ
585 2146 880 2213 ἐσθίοντες,
936 2149 1135 2218 μηκέτι
1183 2149 1371 2203 λοιπὸν
1400 2150 1632 2221 τιμῶσιν
1658 2150 1837 2202 αὑτάο

244 2239 347 2292 τὸν
374 2238 432 2292 δέ
462 2238 646 2311 χοίρον
688 2240 859 2309 ὅνπερ
887 2239 1075 2311 ῆσθιον
1107 2241 1189 2304 είς
1211 2242 1509 2309 Αἴγυπτον,
1544 2242 1839 2312 παρήγγει-

246 2328 345 2383 λεν
382 2332 567 2394 αὐτοῖς
590 2330 780 2385 τούτου
819 2332 893 2408 μὴ
922 2332 1204 2402 γεύεσθαι,
1254 2334 1353 2404 οὐχ
1400 2333 1474 2397 ὡς
1524 2333 1839 2405 ἀκαθάρτου

245 2424 419 2478 αὐτοῦ
452 2424 625 2489 ὄντος,
661 2425 775 2479 ἀλλ’
808 2426 894 2481 ἵνα
928 2427 1001 2497 μὴ
1035 2432 1373 2497 στρέφωνται
1420 2430 1544 2491 ταῖς
1588 2428 1839 2500 καρδίαις

248 2515 437 2570 αὐτῶν
470 2517 531 2571 ἐν
556 2517 836 2588 Αἰγύπτῳ·
867 2519 962 2571 κον.)⁹
1003 2518 1151 2580 ὅπως
1180 2517 1617 2589 ἀναγκαζόμενοι
1647 2519 1839 2572 τούτου

251 2606 335 2675 μὴ
368 2606 593 2671 ἐσθίειν,
624 2607 732 2661 τῶν
779 2609 953 2663 ἄλλων
983 2610 1138 2673 ζώων
1170 2611 1356 2665 λοιπὸν
1408 2611 1837 2683 καθαπτόμενοι,

249 2696 556 2765 σφάζοντες
582 2695 892 2769 τρώγωσιν,
942 2696 1054 2754 οἷον
1100 2700 1191 2755 τὸν
1232 2700 1380 2771 βοῦν,
1398 2702 1491 2755 τὸν
1510 2701 1734 2773 τράγον,
1782 2703 1841 2757 τὸ

246 2788 552 2857 πρόϐατον,
590 2789 736 2860 ἅπερ
766 2789 840 2853 ὡς
867 2789 1024 2854 θεοὺς
1053 2793 1111 2844 ἐν
1150 2794 1214 2863 τῇ
1242 2791 1504 2865 Αἰγύπτῳ
1529 2794 1684 2858 ὄντες
1716 2796 1840 2848 ἐσέ-

247 2882 434 2936 ϐοντοσ
462 2881 557 2936 καὶ
595 2882 683 2936 διὰ
710 2883 810 2954 τὴν
838 2883 1093 2955 τοιαύτην
1122 2885 1302 2940 αἰτίαν
1332 2887 1696 2960 ἐνομοθετήθη
1728 2892 1841 2953 τοῖς

260 2974 549 3038 Ἰουδαίοις
583 2976 658 3046 μὴ
708 2975 909 3030 ἐσθίειν
955 2979 1049 3030 τὸν
1101 2980 1301 3049 χοῖρον,
1337 2979 1457 3051 οὐχὶ
1504 2979 1561 3033 δὲ
1599 2980 1668 3033 δι’
1703 2982 1840 3034 ἀκα-

248 3067 510 3138 θαρσίαν·
545 3067 667 3119 ἐπεί
688 3068 827 3121 εἰσιν
857 3068 994 3122 ἄλλα
1021 3069 1460 3142 ἀκαθαρτότερα,
1490 3071 1565 3136 ὡς
1592 3073 1837 3143 εἴπομεν,

249 3160 352 3211 καὶ
397 3158 818 3231 βιϐρωσκόμενα
860 3160 958 3215 καὶ
998 3162 1151 3233 παρὰ
1197 3162 1475 3227 Ἰουδαίοις
1500 3179 1514 3194 °
1546 3164 1660 3219 ἀλλ’
1684 3165 1782 3235 οὐχ
1812 3166 1840 3220 6

1951 1966 2185 2018 buerant
2242 1955 2558 2013 veneranda
2604 1962 2661 2010 ct
2708 1949 3013 2017 adoranda,
3063 1947 3156 2002 hic
3189 1947 3542 2004 immolarent

1948 2064 2005 2111 et
2047 2052 2432 2116 comederent;
2485 2048 2562 2103 ita
2595 2055 2657 2101 ut
2696 2043 3046 2105 immolantes
3073 2049 3129 2095 et
3160 2038 3538 2106 comedentes,

1949 2164 2061 2203 non
2108 2144 2352 2215 amplius
2383 2144 2745 2197 honorarent.
2784 2138 2950 2193 Suem
2987 2142 3172 2189 autem
3203 2149 3313 2203 quo
3345 2147 3540 2189 vesce-

1950 2241 2149 2295 bantur
2199 2238 2257 2291 in
2280 2234 2535 2307 Egypto,
2577 2230 2841 2302 praecepit
2893 2228 2998 2283 illis
3048 2241 3117 2282 ne
3158 2228 3536 2287 comederent,

1951 2348 2061 2386 non
2105 2329 2254 2400 quod
2282 2325 2604 2382 immundus
2638 2331 2810 2387 esset,
2852 2320 2948 2375 sed
2977 2334 3047 2374 ne
3085 2326 3541 2373 converterentur

1950 2421 2212 2478 cordibus
2261 2420 2377 2475 suis
2412 2417 2480 2473 ad
2525 2415 2852 2487 Egyptum:
2901 2422 2957 2467 et
2998 2419 3060 2466 ut
3090 2410 3265 2466 coacti
3296 2424 3393 2464 sue
3429 2424 3541 2464 non

1950 2514 2122 2579 vesci,
2166 2512 2379 2581 reliqua
2436 2508 2698 2564 animalia
2756 2512 3060 2569 sumentes,
3098 2502 3449 2558 immolarent
3482 2509 3541 2557 et

1949 2607 2346 2671 comederent,
2398 2611 2463 2656 ut
2513 2601 2738 2665 bovem,
2791 2598 3031 2662 hircum,
3091 2610 3274 2660 ovem,
3323 2608 3445 2664 quae
3478 2601 3540 2648 ut

1948 2703 2083 2756 deos
2116 2700 2172 2754 in
2210 2697 2442 2769 Egypto
2475 2693 2756 2769 colebant.
2814 2691 2941 2747 Haec
2983 2704 3183 2759 nempe
3238 2703 3405 2743 causa
3436 2686 3541 2741 fuit

1948 2811 2049 2852 cur
2086 2794 2176 2847 lex
2211 2791 2353 2845 facta
2395 2787 2470 2843 sit
2516 2785 2721 2843 Iudaeis
2756 2799 2911 2839 suem
2960 2798 3073 2837 non
3127 2781 3315 2845 edere,
3358 2794 3541 2849 neque

1948 2896 2177 2960 propter
2205 2880 2650 2944 immunditiam;
2685 2893 2812 2933 cum
2864 2876 2973 2931 sint
3010 2874 3117 2929 alia
3147 2871 3538 2936 immundiora,

1949 2991 2010 3038 ut
2059 2979 2321 3043 diximus,
2354 2973 2560 3045 quibus
2608 2970 2781 3028 Judmi
2827 2975 3170 3030 vescuntur;
3202 2982 3324 3035 qua:
3354 2972 3540 3019 autem

1950 3074 2094 3129 Deus
2117 3086 2230 3125 non
2253 3065 2537 3123 immunda
2563 3063 2697 3119 fecit
2721 3076 2824 3117 nec
2846 3059 3085 3123 vocavit,
3117 3058 3215 3113 sed
3243 3066 3298 3112 et
3319 3055 3540 3111 abunde

1948 3166 2112 3222 nobis
2145 3163 2301 3219 dedit
2358 3160 2427 3216 ad
2483 3157 2844 3221 vescendum,
2884 3161 2940 3209 et
2975 3152 3045 3207 ad
3085 3151 3224 3206 alios
3282 3162 3541 3204 necessa-

248 3249 393 3313 Θεὸς
424 3250 599 3303 ταῦτα
650 3252 940 3323 ἀκάθαρτα
982 3254 1257 3325 ἐποίησεν,
1292 3255 1324 3325 ἢ
1365 3254 1670 3325 ὠνόμασεν,
1706 3256 1842 3310 ἀλλά

1950 3259 2059 3313 rios
2082 3270 2237 3312 usus.
2269 3251 2511 3317 Etenim,
2561 3258 2764 3320 praeter
2793 3244 3224 3302 immolationem
3271 3249 3327 3296 et
3358 3255 3536 3307 esum,

250 3342 357 3396 καὶ
394 3340 516 3396 λίαν
544 3344 679 3413 ἡμῖν
705 3344 855 3397 αὐτὰν
876 3345 1192 3417 ἐδωρήσατο
1237 3346 1461 3410 ἐσθίειν,
1491 3350 1586 3402 καὶ
1614 3352 1693 3413 εἰς
1723 3350 1842 3404 ἑτέ-

252 3452 362 3502 ρας
388 3436 696 3504 ἀναγκαίας
727 3438 959 3507 χρήσεις
986 3439 1159 3496 ταῦτα
1189 3438 1389 3493 ἔδωκεν
1416 3440 1581 3511 ἔχειν’
1613 3443 1707 3495 καὶ
1734 3442 1844 3514 γὰρ

1946 3349 2109 3403 aliam
2157 3345 2455 3400 utilitatem
2508 3348 2565 3397 et
2624 3337 2998 3395 ministerium
3058 3334 3219 3389 nobis
3278 3340 3540 3404 praestare

1947 3447 2129 3512 potest
2163 3438 2283 3500 bos,
2320 3436 2379 3490 in
2431 3433 2662 3496 arando,
2708 3429 2993 3496 vehendo,
3029 3437 3085 3483 et
3140 3426 3267 3481 aliis
3317 3424 3541 3480 rusticis

250 3527 432 3599 χωρὶς
457 3526 553 3581 τοῦ
592 3529 867 3599 σφαγῆναι
903 3531 999 3584 καὶ
1030 3529 1306 3603 βρωθῆναι
1336 3533 1430 3586 καὶ
1455 3533 1624 3604 ἄλλην
1647 3536 1844 3605 χρῆσιν

1950 3528 2212 3601 operibus
2259 3541 2363 3581 nos
2395 3524 2698 3596 adjuvans;
2731 3522 2876 3585 ovis,
2929 3521 3113 3575 lanam
3145 3518 3214 3573 ad
3242 3516 3540 3574 indumen-

252 3620 359 3673 καὶ
399 3618 650 3673 δουλείαν
695 3621 829 3690 ἡμῖν
868 3623 1046 3675 ποιεῖν
1102 3621 1327 3677 δύναται
1358 3623 1386 3676 6
1416 3624 1566 3694 βοῦς,
1614 3624 1677 3678 τὸ
1715 3626 1845 3697 ἀρο-

252 3712 423 3782 τριᾷν
461 3712 558 3765 καὶ
603 3713 672 3767 τά
719 3712 885 3767 λοιπά
934 3716 1323 3787 μετακομιδῆς,
1355 3717 1588 3770 καὶτῶν
1641 3718 1845 3771 λοιπῶν

254 3801 591 3871 γεωργικῶν
626 3805 1071 3873 συμπονούμενος
1114 3806 1269 3874 ἡμῖν’
1328 3805 1390 3859 τὸ
1440 3806 1749 3877 πρόϐατον,
1785 3808 1877 3861 τὸι

254 3893 413 3962 ἔριον
449 3892 588 3962 πρὸς
617 3892 827 3947 ἔνδυσιν
870 3894 1049 3964 ἡμῶν
1075 3894 1275 3966 ὁμοίως
1299 3895 1395 3955 καὶ
1423 3895 1485 3950 τὸ
1510 3897 1760 3966 αίγίδιον,
1786 3898 1848 3952 τὸ

253 3984 408 4053 γάλα
451 3986 547 4038 καὶ
582 3986 675 4038 τὸν
705 3987 871 4057 τυρὸν
903 3989 997 4042 καὶ
1036 3989 1135 4052 τὰς
1181 3989 1393 4060 τρίχας·
1441 3989 1705 4055 ὡσαύτως
1751 3992 1848 4045 καὶ

254 4081 285 4130 ὁ
315 4076 493 4143 κύων,
525 4076 615 4131 διὰ
638 4078 701 4131 τὸ
727 4077 1024 4147 φυλάσσειν
1063 4079 1233 4133 ἐστιν·
1262 4083 1295 4152 ἡ
1324 4082 1487 4147 κάτα,
1524 4082 1612 4136 διά
1642 4083 1703 4136 τὸ
1742 4100 1846 4137 κα-

256 4168 536 4240 θαρίζεινο
571 4170 633 4224 τὸ
666 4170 921 4240 ὀρνίθιον,
953 4172 1045 4226 διὰ
1075 4172 1137 4226 τὸ
1167 4174 1293 4227 ὠόνο
1332 4175 1453 4229 οὑδέ
1484 4178 1665 4247 χοῖρος
1692 4176 1847 4230 οὐδε-

261 4260 398 4330 μίαν
424 4259 589 4331 ἄλλην
612 4264 810 4333 χρῆσιν
832 4262 967 4333 ἔχει,
1007 4265 1056 4317 εί
1092 4264 1168 4336 μὴ
1190 4263 1280 4318 διὰ
1303 4264 1365 4319 τὸ
1392 4265 1691 4337 βρωθῆναι,
1726 4268 1848 4322 ἐπεὶ

256 4352 498 4423 ἄκαιρός
529 4354 681 4407 ἐστιν
710 4356 805 4408 καὶ
838 4356 1109 4427 ἄχρηστος
1136 4356 1230 4410 ἐπὶ
1256 4357 1357 4428 τῆς
1387 4359 1511 4428 γῆς·
1534 4360 1847 4430 ἀκάθαρτον

254 4443 313 4496 δὲ
365 4442 525 4512 ὑμεῖς
552 4445 602 4496 ei
642 4445 879 4498 Ἰουδαῖοι
912 4446 1076 4500 αὐτὸν
1116 4449 1343 4512 ποιεῖτε,
1373 4448 1462 4502 διὰ
1503 4449 1603 4521 τὴν
1643 4450 1849 4519 νηπίαν

255 4535 443 4605 ὑμῶν,
499 4537 575 4609 μὴ
617 4537 792 4592 θέλειν
835 4540 1024 4595 τοῦτον
1064 4539 1384 4612 ὠνήσασθαι
1435 4544 1532 4598 καὶ
1574 4544 1801 4616 τρέφειν
1828 4564 1842 4578 ο

1948 3633 2066 3679 tum
2122 3630 2378 3677 neStrum
2427 3624 2730 3688 praestans;
2789 3613 3049 3669 similiter
3096 3619 3154 3668 et
3205 3626 3394 3681 capra,
3432 3608 3538 3677 lac,

1947 3733 2192 3782 caseum,
2244 3724 2301 3771 et
2332 3714 2509 3785 pilos;
2542 3713 2696 3768 canis
2726 3710 2793 3765 ad
2827 3707 3247 3765 custodiendam
3282 3705 3505 3761 domum
3521 3716 3555 3772 ςς

1949 3811 2073 3867 felis
2118 3809 2187 3864 ad
2240 3806 2645 3882 mundandam;
2695 3803 2895 3874 gallina
2949 3808 3178 3872 propter
3228 3814 3384 3864 oves;
3447 3813 3543 3854 sus

1948 3903 2157 3959 nullam
2204 3901 2369 3955 aliam
2396 3898 2696 3954 utilitatem
2736 3896 2925 3961 habet,
2956 3894 3065 3948 nisi
3104 3901 3165 3948 ut
3190 3892 3538 3955 comedatur,

1950 4010 2077 4051 cum
2106 3991 2321 4047 inutilis
2350 3998 2407 4045 et
2436 3990 2637 4045 noxius
2668 3987 2740 4043 sit
2770 3995 2952 4042 terrae.
2974 3984 3327 4041 lmmundum
3356 3993 3542 4039 autem

1950 4099 2068 4151 vos,
2097 4083 2298 4145 Judaei,
2334 4082 2490 4137 illum
2526 4079 2727 4145 facitis,
2767 4095 2868 4149 per
2905 4077 3237 4145 socordiam,
3289 4077 3542 4134 nolentes

1951 4178 2107 4233 illum
2136 4190 2323 4231 emere
2356 4183 2414 4230 et
2441 4172 2693 4238 nutrire;
2729 4186 2855 4225 nam
2891 4171 2938 4226 si
2977 4170 3195 4225 nutrire
3228 4169 3537 4236 volueritis,

1950 4270 2099 4342 quod
2135 4268 2377 4325 comedit
2415 4266 2535 4323 ovis
2568 4276 2624 4322 et
2653 4282 2843 4337 capra,
2887 4264 2993 4320 hoc
3024 4264 3169 4318 idem
3206 4272 3405 4318 natura
3442 4278 3540 4317 co—

1950 4363 2123 4420 medit
2188 4378 2303 4417 sus.
2366 4359 2510 4415 Audi
2570 4367 2755 4414 autem
2818 4358 3161 4430 Scripturam
3215 4355 3536 4411 dicentem:

1956 4474 1975 4509 ι
2007 4455 2160 4512 Vidit
2216 4455 2363 4510 Deus
2401 4459 2604 4508 cuncta
2636 4466 2759 4523 quae
2792 4451 3017 4517 fecerat,
3065 4457 3122 4504 et
3165 4454 3325 4504 erant
3380 4446 3541 4502 valde

1952 4548 2096 4604 bona
2146 4548 2215 4602 9".
2251 4564 2268 4598 ›

261 4628 396 4683 ἐπεὶ
444 4628 540 4683 ἐὰν
572 4630 733 4703 θέλῃς
766 4632 989 4705 θρέψειν
1027 4633 1212 4698 αὐτὸν,
1250 4635 1304 4689 εἴ
1331 4652 1383 4687 τι
1416 4635 1620 4707 τρώγει
1658 4638 1721 4691 τὸ
1763 4639 2035 4709 πρόϐατον
2074 4638 2167 4691 καὶ
2206 4636 2269 4689 τὸ
2297 4634 2527 4705 αίγίδιον
2556 4673 2571 4700 ,
2639 4631 2779 4704 αὕτη
2812 4634 2960 4709 ἐστὶν
2990 4635 3088 4689 καὶ
3127 4636 3161 4706 ἡ
3189 4634 3329 4688 κατά
3375 4630 3540 4704 φύσιν

254 4722 440 4792 τροφὴ
472 4723 567 4776 τοῦ
598 4724 803 4796 χοίρου·
835 4724 1068 4787 ἄκουσον
1094 4728 1151 4782 δὲ
1182 4728 1283 4799 τῆς
1326 4728 1552 4803 Γραφῆς
1591 4708 1857 4803 λεγούσης
1879 4750 1894 4767 ο
1945 4752 1963 4785 ι
1999 4733 2107 4788 Καὶ
2163 4726 2305 4785 εἶδεν
2344 4730 2374 4781 6
2427 4727 2563 4797 Θεὸς
2621 4727 2798 4783 πάντα
2846 4708 2949 4781 ὅσα
2983 4728 3260 4800 ἐποίησεν,
3298 4728 3396 4784 καὶ
3428 4726 3540 4791 εδοξε

256 4818 410 4874 καλά
436 4817 576 4875 λίαν.
612 4838 631 4871 ι

332 4937 381 4970 ’⁷
422 4937 560 4993 Gen.
602 4955 641 5004 ι,
688 4938 777 4994 51.

287 5088 3526 5120 mum—ﬂ

1412 5218 1759 5311 ETEPA
1830 5216 2398 5313 ΕΡΩΤΗΣΙΣ.

1244 5495 1543 5589 ’ALIA
1621 5492 2588 5591 INTERROGATIO.

349 5762 478 5820 Ἐἀν
502 5760 633 5838 εἴπῃ
680 5781 762 5818 σοι
820 5763 1092 5838 Ἐϐραῖος,
1123 5764 1250 5831 Πῶς
1280 5764 1331 5821 εἶ
1377 5767 1465 5833 σὺ,
1513 5767 1831 5840 Χριστιανέ,

2014 5764 2071 5820 Si
2106 5763 2311 5820 dixerit
2364 5764 2462 5818 tibi
2500 5762 2762 5819 l-lcbrznus
2804 5780 2817 5817 :
2853 5762 3140 5831 Quomodo
3164 5777 3226 5820 es
3266 5771 3345 5827 tu,
3376 5759 3506 5818 Chri

260 5854 453 5925 τέκνον
485 5854 577 5911 τοῦ
623 5855 893 5927 Ἀϐραὰμ,
918 5857 1126 5924 ἐθνικὸς
1152 5855 1259 5925 (ev;
1295 5859 1435 5939 ἐρεῖς
1459 5858 1608 5933 αῦτῷ
1629 5878 1640 5891 ’
1664 5860 1821 5915 Κατᾶ

1950 5861 2127 5925 ι’ῑιιηο,
2156 5858 2302 5915 ﬁlius
2334 5857 2583 5925 Abrahre,
2619 5856 2839 5928 gentilis
2871 5873 2995 5912 cum
3044 5854 3404 5913 sis?-—-diccs
3428 5853 3531 5925 illi:
