4072 6524
588 366 724 436 12.75

1787 376 1853 439 S.
1890 374 2284 438 ANASTASII
2324 377 2650 439 SINAITzE

3690 373 3807 441 19:76

581 483 885 541 secundum
921 486 1104 553 fidem,
1144 486 1287 543 sicut
1315 488 1524 547 dictum
1568 498 1655 547 est
1702 488 1786 546 illi
1818 506 1835 545 :
1885 509 1905 543 ι
1941 492 2157 547 Patrem

2261 490 2360 560 τὴν
2391 490 2594 555 πίστιν,
2621 488 2765 543 καθὰ
2787 489 2980 560 ἐλέχθη
3011 488 3180 560 αὐτῷ,
3217 488 3298 542 ὅτι
3334 505 3353 539 ι
3381 486 3596 559 Πατέρα
3617 486 3808 543 πολλῶν

581 578 879 632 multarum
907 581 1152 651 gentium
1182 584 1340 651 posui
1376 593 1427 639 te
1453 586 1519 641 °’.
1558 606 1577 640 ι
1606 585 1691 642 Tu
1714 600 1871 652 vero,
1899 601 1932 641 o
1951 587 2158 648 Iudaee.

582 666 860 735 quomodo
912 667 1056 722 ﬁlius
1107 684 1168 723 es
1226 671 1496 727 Abrahae?
1553 674 1748 731 Nonne
1794 672 1964 729 Isaias
2023 674 2162 731 dixit

582 758 787 826 populo
850 766 964 823 tuo,
1024 777 1042 809 ι
1076 760 1241 814 Pater
1284 763 1640 821 Amorrhazus
1712 776 1818 833 est,
1872 773 1930 820 et
1984 773 2161 820 mater

583 848 825 903 Chettma
866 852 910 882 ’θ
939 868 957 901 ι
1018 850 1139 905 ideo
1179 868 1281 923 ego
1332 857 1632 912 secundum
1666 860 1827 915 ﬁdem
1866 861 2014 917 filius
2039 875 2160 914 sum

582 941 835 1005 Abrahm,
887 949 946 996 tu
985 957 1116 996 vero
1173 944 1528 1004 Amorrhmus
1561 960 1617 1005 et
1647 951 1921 1009 Chettazus
1951 969 2010 1009 es
2038 968 2162 1009 mo-

580 1032 756 1088 ribus.

648 1124 1028 1199 Interrogatio.
1081 1132 1136 1188 Si
1175 1135 1376 1189 dixerit
1406 1136 1501 1191 tibi
1533 1137 1795 1193 Hebrmus
1826 1156 1839 1192 :
1870 1138 2160 1205 Quomodo

580 1216 763 1272 credis
798 1219 853 1273 in
882 1223 1249 1280 crucifixum?
1302 1226 1428 1281 audi
1465 1228 1806 1298 Scripturam
1835 1229 2111 1286 dicentem
2141 1248 2156 1285 :

585 1323 609 1361 ι
639 1308 959 1369 Maledictus
987 1317 1167 1371 omnis
1192 1318 1287 1388 qui
1320 1318 1525 1388 pendet
1551 1320 1608 1374 in
1634 1320 1782 1391 ligno
1812 1322 1853 1375 ¹.
1881 1340 1901 1374 ι
1927 1353 1996 1362 -
2016 1323 2114 1378 Dic
2140 1339 2155 1377 :

579 1396 625 1453 Ο
659 1399 867 1467 Iudaee,
913 1407 1192 1473 quomodo
1245 1408 1425 1463 credis
1462 1418 1517 1463 tu
1552 1411 1795 1479 serpenti
1825 1426 1999 1477 amco,
2031 1427 2159 1467 cum

577 1488 651 1543 sit
699 1492 1028 1574 maledictus
1065 1512 1177 1566 prae
1226 1498 1484 1553 omnibus
1525 1499 1737 1565 bestiis,
1785 1502 1949 1572 cujus
1981 1502 2159 1574 imago

576 1570 753 1637 vitam.
805 1590 1098 1656 praestabat
1148 1590 1257 1645 tuis
1304 1592 1592 1661 patribus?
1650 1591 1704 1647 Si
1744 1570 1891 1647 enim
1923 1593 2015 1649 ille
2040 1570 2159 1649 ser-

574 1689 716 1745 pens
760 1677 852 1746 qui
897 1695 1005 1733 non
1057 1682 1373 1746 mordebat,
1409 1698 1511 1752 pro
1556 1682 1627 1737 iis
1689 1683 1785 1752 qui
1828 1684 2158 1739 mordebant

578 1771 934 1838 serpentibus
984 1772 1151 1827 vitam
1199 1774 1483 1839 afferebat,
1520 1775 1596 1829 ita
1632 1783 1688 1829 et
1726 1775 2000 1841 Christus,
2032 1792 2155 1832 cum

2262 583 2433 635 ἐθνῶν
2460 583 2680 635 τέθεικά
2710 598 2789 633 σε·
2826 599 2843 631 ι
2877 581 2941 632 σὺ
2970 580 3046 646 δὲ,
3075 574 3119 633 ὦ
3154 580 3395 646 Ἰουδαῖε,
3428 579 3545 643 πῶς
3560 575 3611 633 εί
3642 582 3810 637 τέκνον

2260 674 2354 726 τοῦ
2407 673 2686 743 Ἀϐραάμ
2714 673 2814 743 οὐχ
2859 672 3088 735 Ἡσαΐας
3124 666 3246 724 εἷπε
3281 671 3417 743 πρὸς
3438 671 3529 725 τδν
3554 672 3679 725 λαόν
3709 690 3809 738 σου,

2260 765 2340 818 ὅτι
2376 783 2395 816 ι
2443 765 2501 818 Ὀ
2532 766 2721 836 Πατὴρ
2759 764 3081 836 Ἀμορραῖός
3134 764 3303 832 ἐστιν,
3335 765 3447 834 ἠδὲ
3481 766 3664 835 μήτηρ
3689 767 3828 821 X59-

2259 853 2422 919 ταία;
2464 872 2482 906 ι
2516 854 2607 906 Διὸ
2657 852 2767 921 ἐγὼ
2790 853 2891 923 μὲν
2940 852 3083 906 κατὰ
3118 853 3219 923 τὴν
3268 852 3451 906 πίστιν
3494 855 3613 924 είμὶ
3640 855 3811 910 τέκνον

2258 944 2352 998 τοῦ
2385 943 2657 1017 Ἀϐραὰμ,
2679 946 2743 1000 σὺ
2773 945 2831 999 δὲ
2848 945 3176 1018 Ἀμορραῖος
3197 948 3293 1001 καὶ
3305 949 3563 1012 Χετταῖος
3582 949 3812 1003 κατὰτὺν

2257 1035 2479 1106 τρόπον.

2343 1126 2682 1197 Ἐρώτησις.
2701 1128 2828 1184 Ἐὰν
2848 1130 2977 1202 εἴπῃ
3002 1147 3084 1183 σοι
3121 1130 3393 1201 Ἐϐραῖος,
3418 1130 3543 1195 Πῶς
3559 1132 3812 1197 πιστεύεις

2258 1218 2341 1283 είς
2368 1216 2462 1273 τὸν
2499 1219 2942 1291 ἐσταυρωμένον;
2992 1221 3225 1276 ἄκουσον
3246 1221 3348 1291 τῆς
3393 1221 3619 1292 Γραφῆς
3649 1223 3816 1290 λεγού-

2261 1327 2422 1380 σηςοι
2444 1309 2881 1382 Ἐπικατάρατος
2907 1314 3015 1376 πᾶς
3040 1313 3069 1365 6
3098 1314 3451 1383 κρεμάμενος
3480 1314 3576 1365 ἐπὶ
3609 1312 3775 1377 ξύλου.
3792 1334 3808 1366 ι

2257 1432 2328 1443 -
2360 1403 2517 1456 Είπέο
2565 1402 2691 1465 Πῶς
2739 1404 3039 1473 πιστεύεις,
3092 1421 3136 1458 ω
3180 1403 3417 1469 Ἰουδαίε,
3468 1404 3547 1475 τῷ
3586 1404 3703 1474 ὄφει
3747 1406 3816 1476 τῷ

2259 1492 2467 1563 χαλκῷ,
2506 1493 2632 1548 ἐπεὶ
2660 1494 3058 1567 κατηραμένου
3094 1494 3261 1549 αὑτοῦ
3289 1494 3444 1558 ὄντος
3497 1494 3609 1547 ἀπὸ
3637 1496 3817 1559 παντὸς

2261 1584 2471 1656 θηρίου,
2507 1577 2714 1650 οὗτινος
2751 1589 2786 1657 ή
2839 1586 3025 1649 είκὼν,
3074 1584 3221 1657 ζωὴν
3270 1589 3502 1656 παρεῖχε
3557 1588 3670 1649 τοῖς
3718 1588 3816 1650 eo};

2258 1677 2580 1747 προγόνοις;
2610 1680 2658 1731 εἰ
2681 1678 2790 1750 γὰρ
2813 1681 2842 1732 6
2867 1678 2990 1747 ὄφις
3010 1680 3039 1732 6
3065 1678 3138 1749 μὴ
3170 1676 3405 1741 δάκνων,
3441 1677 3585 1747 ὑπὲρ
3610 1676 3712 1729 τῶν
3739 1677 3819 1747 δη-

2260 1770 2465 1825 κόντων
2519 1770 2696 1840 ὄφεων
2743 1771 2888 1843 ζωὴν
2948 1771 3163 1842 ἔφερεν,
3207 1772 3349 1823 οὕτω
3399 1770 3499 1823 καὶ
3545 1772 3574 1823 6
3606 1770 3817 1840 Χριστὸς

577 1859 697 1915 sine
746 1872 971 1931 peccato
1024 1874 1188 1930 esset,
1250 1882 1350 1935 pro
1408 1867 1798 1936 peccatoribus
1850 1883 2156 1940 suspensus

2260 1836 2647 1932 ἀναμάρτητος
2699 1836 2795 1928 ὢν,
2845 1836 3000 1933 ’ὑπὲρ
3050 1836 3398 1933 ’ἁμαρτωλῶν
3459 1836 3816 1932 κρεμασθεὶς,

576 1950 744 2004 vitam
791 1952 993 2006 mundo
1042 1953 1269 2024 largitus
1302 1963 1405 2010 est.

645 2040 1018 2113 Interrogatio.
1075 2044 1130 2099 Si
1181 2057 1399 2116 oportet
1443 2053 1765 2122 responderi
1816 2055 2020 2112 Judznis
2068 2056 2155 2111 (ὶί-

575 2135 832 2189 centibus
855 2137 1019 2193 nobis
1040 2156 1052 2193 :
1072 2138 1209 2205 Quia
1232 2143 1537 2197 secundum
1558 2154 1798 2201 vestram
1826 2150 2154 2205 sententiam

573 2240 686 2280 non
714 2237 820 2293 est,
853 2229 947 2298 qni
974 2246 1041 2284 ex
1076 2233 1241 2288 Maria
1276 2247 1437 2290 natus
1466 2247 1548 2292 est
1569 2240 1733 2306 Deus,
1772 2242 1981 2297 dicitur
2007 2244 2156 2298 enim

572 2316 792 2388 Moysen
826 2320 894 2375 de
942 2323 1037 2376 illo
1085 2326 1444 2394 prophetasse
1495 2329 1766 2385 dicentem
1802 2349 1816 2386 :
1858 2354 1875 2385 ι
1910 2335 2156 2404 Prophe-

574 2419 686 2465 tam
736 2414 896 2468 vobis
947 2416 1237 2470 suscitabit
1282 2418 1547 2474 Dominus
1583 2422 1726 2476 Deus
1775 2438 1843 2477 ex
1892 2424 2158 2482 fratribus

572 2505 776 2558 vestris
804 2505 946 2559 sicut
981 2522 1090 2571 me,
1130 2508 1309 2577 ipsum
1343 2510 1527 2565 audite
1558 2512 1599 2565 ².
1638 2530 1656 2562 ι
1712 2514 1940 2569 Videtur
1970 2525 2154 2569 autem

573 2595 786 2667 Moyses
816 2597 981 2652 homo
1027 2599 1200 2654 fuisse
1224 2609 1278 2654 et
1309 2602 1453 2655 Deus
1481 2603 1593 2653 ⁸2-
1621 2602 1923 2673 Responsio.
1955 2606 2154 2672 Judaei,

573 2688 794 2757 quando
823 2688 982 2743 vobis
1026 2691 1131 2745 hoc
1162 2692 1300 2745 dixit
1334 2692 1593 2764 Moyses?
1625 2704 1919 2764 antequam
1962 2713 2156 2753 ascen-

573 2778 731 2834 deret
792 2780 848 2833 in
900 2790 1166 2847 montem,
1220 2784 1315 2838 ubi
1379 2793 1624 2839 mutatus
1673 2795 1757 2840 est
1809 2788 1994 2842 vultus
2036 2790 2156 2859 ejus

574 2879 853 2940 aspectus,
899 2872 972 2925 ita
1007 2882 1068 2926 ut
1113 2890 1221 2928 non
1281 2877 1576 2944 potueritis
1614 2893 1713 2931 vos
1761 2878 1914 2931 illum
1951 2880 2157 2935 intueri

571 2970 803 3030 propter
833 2962 1182 3030 splendorem
1214 2964 1373 3019 faciei
1423 2968 1563 3037 ejus,
1603 2968 1711 3022 nisi
1762 2970 2017 3024 habuerit
2057 2986 2157 3026 ve-

574 3050 711 3115 lum,
748 3066 817 3104 an
846 3068 979 3107 vero
1005 3063 1295 3124 postquam
1328 3057 1451 3111 talis
1481 3059 1658 3114 factus
1679 3069 1763 3114 est
1794 3062 1913 3131 ejus
1940 3063 2157 3117 vultus?

2257 1950 2404 2021 ζωὴν
2425 1950 2502 2021 τῷ
2533 1952 2724 2022 κόσμῳ
2747 1951 3061 2021 ἐχαρίσατο.

2306 2030 2313 2039 ”
2340 2042 2681 2111 Ἐρώτησις.
2710 2043 2772 2095 El
2804 2042 2910 2113 χρὴ
2939 2041 3312 2113 ἁπακριθῆναι
3341 2038 3620 2101 Ἰουδαίοις
3650 2037 3817 2105 λέγου-

2259 2151 2342 2187 σιν
2373 2135 2527 2203 ἡμῖν,
2559 2134 2640 2187 ὅτι
2687 2134 2815 2187 Ἰδοὺ
2850 2134 2992 2186 κατὰ
3016 2132 3114 2203 τὴν
3143 2133 3297 2203 ὑμῶν
3323 2132 3485 2195 δόξαν
3501 2131 3605 2183 οὐκ
3621 2126 3687 2201 ἦν
3712 2132 3737 2183 6
3765 2131 3818 2182 ἐκ

2255 2223 2474 2293 Μαρίας
2511 2224 2726 2293 τεχθεὶς
2760 2225 2788 2277 6
2815 2223 2983 2291 Θεὸς,
3016 2223 3234 2291 λέγεται
3286 2223 3368 2275 ὅτι
3407 2220 3656 2290 Μωῦσῆς
3707 2220 3820 2289 περὶ

2272 2314 2440 2370 αὑτοῦ
2507 2316 2920 2385 προεφήτευσεν
2973 2315 3164 2378 εἰπὼν,
3204 2315 3283 2366 ὅτι
3320 2331 3339 2363 ι
3376 2313 3675 2383 Προφήτην
3708 2312 3822 2381 ύμῖν

2258 2408 2557 2478 ἀναστήσει
2589 2406 2797 2477 Κύριος
2832 2409 2861 2460 6
2899 2406 3029 2469 Θεὸς
3064 2408 3129 2458 ὲκ
3159 2405 3270 2457 τῶν
3298 2404 3547 2473 ἀδελφῶν
3578 2402 3729 2473 ὑμῶν
3756 2402 3821 2465 ὡς

2257 2498 2379 2568 ἐμὲ,
2411 2497 2571 2550 αὐτὸν
2599 2497 2893 2550 ἁκούσατε“
2934 2516 2954 2548 ι
2994 2496 3243 2565 φαίνεται
3271 2496 3328 2548 δὲ
3358 2493 3605 2562 Μωῦσῆς
3635 2493 3821 2564 ἄνθρω-

2257 2606 2357 2652 πος
2395 2587 2471 2641 ὣν
2502 2589 2595 2641 καὶ
2623 2589 2756 2652 Θεὸς
2778 2606 2795 2655 ;
2820 2619 2891 2627 -
2923 2588 3281 2656 Ἀπόκρισις.
3304 2587 3366 2639 Ol
3412 2585 3681 2645 Ἰουδαῖοι,
3706 2585 3820 2636 πότε

2261 2681 2389 2749 ὑμῖν
2411 2679 2569 2733 τοῦτο
2590 2676 2710 2733 εἶπε
2736 2680 2873 2733 Μωῦ
2884 2680 2982 2748 σῆς
3008 2697 3027 2745 ;
3058 2680 3163 2750 πρὸ
3195 2678 3288 2730 τοῦ
3320 2677 3570 2731 ἀνελθεῖν
3596 2676 3749 2730 αὑτὸν
3772 2678 3820 2729 ἐν

2257 2772 2336 2842 τῷ
2385 2772 2524 2842 ὄρει,
2569 2773 2657 2825 ὅτε
2709 2772 2978 2841 ἐνηλλάγη
3024 2773 3056 2841 ή
3095 2770 3219 2840 ὄψις
3272 2769 3366 2823 τοῦ
3414 2770 3628 2839 χρωτὸς
3675 2767 3819 2820 αὑτοῦ

2259 2861 2400 2914 ὥστε
2445 2863 2519 2932 μὴ
2549 2861 2813 2915 δύνασθαι
2851 2863 2995 2931 ὑμᾶς
3025 2860 3294 2923 ἀτενίζειν
3319 2858 3467 2929 αύτῷ
3497 2859 3587 2911 διὰ
3629 2857 3720 2928 τὴν
3754 2858 3823 2910 δόε

2258 2954 2353 3019 ξαν
2383 2953 2477 3007 τοῦ
2513 2954 2803 3024 προσώπου
2828 2954 3012 3017 αὑτοῦ,
3049 2954 3099 3006 εί
3137 2954 3209 3024 μὴ
3243 2947 3353 3022 εἶχε
3390 2952 3452 3004 τὸ
3480 2951 3759 3020 κάλυμμα,
3791 2947 3821 3017 ἢ

2268 3044 2408 3114 μετὰ
2431 3046 2493 3097 τὸ
2520 3046 2778 3112 γενέσθαι
2809 3045 3051 3098 τοιοῦτον
3081 3046 3140 3097 τὸ
3170 3045 3463 3111 πρόσωπον
3487 3042 3688 3110 αύτοῦ;
3716 3042 3822 3094 σύν-

574 3141 880 3199 Convenite
925 3154 1133 3211 autem,
1171 3149 1337 3202 etiam
1378 3150 1561 3217 inviti,
1600 3153 1704 3207 hoc
1738 3153 1891 3207 illum
1924 3154 2154 3220 dixisse,

2263 3137 2420 3189 θεσθε
2459 3137 2517 3190 δὲ
2560 3139 2655 3191 καὶ
2700 3140 2775 3207 μὴ
2813 3137 3149 3208 βουλόμενοι,
3178 3138 3259 3189 ὅτι
3310 3137 3448 3207 μετὰ
3486 3137 3550 3187 τὸ
3582 3134 3820 3202 γενέσθαι

575 3242 867 3303 postquam
913 3234 1092 3291 factus
1121 3247 1207 3292 est
1236 3239 1423 3294 vultus
1474 3243 1593 3312 ejus
1627 3244 1800 3313 gloria
1837 3245 2152 3314 splendens.

575 3321 669 3377 Sic
710 3333 767 3378 et
807 3324 978 3379 Filius
1008 3326 1104 3381 Dei
1136 3327 1389 3383 habitans
1422 3330 1477 3384 in
1508 3332 1670 3386 nobis
1698 3348 1799 3401 pro
1833 3333 2158 3390 indumento

574 3413 771 3468 habuit
823 3415 1204 3472 habitaculum
1241 3421 1489 3489 corporis
1523 3423 1630 3487 sui,
1684 3425 1967 3481 occultans
2000 3441 2156 3481 suam

574 3506 947 3562 divinitatem.
1003 3509 1477 3576 Quemadmodum
1525 3514 1748 3587 Moysen
1805 3531 1915 3571 non
1963 3528 2159 3587 potue-

573 3605 706 3654 runt
758 3599 830 3654 ob
870 3599 1029 3656 faciei
1065 3603 1187 3673 ejus
1234 3605 1464 3675 gloriam
1501 3606 1709 3663 intueri
1740 3617 1933 3677 aperto
1975 3610 2156 3677 vultu,

573 3690 653 3748 ita
691 3690 864 3748 Filius
906 3692 1005 3748 Dei
1064 3693 1409 3753 humanitate
1453 3698 1656 3754 velavit
1714 3699 2088 3759 divinitatem.

647 3880 792 3938 Deus
814 3882 1124 3954 praevidens
1148 3896 1392 3943 vestrum
1421 3905 1597 3961 genus
1629 3890 1829 3948 durum
1859 3903 1916 3949 et
1954 3893 2162 3965 impro-

582 3975 706 4028 ‘gium
734 3989 877 4041 esse,
900 3985 958 4031 et
995 3977 1329 4047 ejiciendum
1373 3971 1491 4036 fore
1522 3983 1949 4054 primogenitum
1984 3984 2159 4041 ﬁlium

578 4063 779 4130 Israel,
836 4076 893 4122 et
948 4069 1397 4125 substituendum
1452 4086 1484 4127 e
1535 4074 1793 4143 gentibus
1856 4075 2156 4143 populum,

573 4164 770 4225 operte
799 4156 892 4211 illa
923 4168 980 4212 et
1012 4174 1139 4213 cum
1179 4160 1516 4216 obscuritate
1544 4177 1643 4232 per
1671 4178 1734 4217 os
1763 4164 2158 4233 prophetarum

574 4246 796 4302 locutus
817 4256 921 4303 est.
955 4248 1014 4303 Si
1038 4251 1183 4305 enim
1216 4252 1561 4322 cognovisset
1587 4268 1741 4307 suam
1769 4254 1983 4309 ruinam
2012 4256 2159 4312 invi-

576 4337 665 4391 dia
696 4339 920 4407 plenum
947 4347 1003 4392 et
1030 4348 1255 4409 peccato
1295 4342 1560 4396 refertum
1587 4353 1831 4398 vestrum
1860 4360 2052 4414 genus,
2087 4346 2158 4401 li~

575 4425 707 4483 bros
734 4444 926 4483 omnes
956 4430 1332 4495 cremavisset,
1364 4447 1430 4486 eo
1458 4431 1605 4501 quod
1646 4448 1756 4487 non
1792 4434 2027 4492 tolerare
2056 4451 2157 4505 po-

2260 3229 2321 3283 τὺ
2357 3230 2645 3300 πρόσωπον
2681 3231 2846 3284 αὑτοῦ
2878 3230 3293 3298 δεδοίξ,ασρ.ἐνον⁸
3342 3227 3488 3281 οὕτω
3534 3228 3629 3280 καὶ
3653 3227 3680 3279 6
3710 3227 3821 3289 Υἱὸς

2258 3320 2352 3375 τοῦ
2396 3321 2530 3374 Θεοῦ
2574 3321 2863 3392 σκηνὼσας
2911 3323 2969 3375 ἐν
3006 3323 3140 3393 ⁴ἡμῖν
3174 3322 3295 3376 dum.
3326 3321 3679 3391 περιϐολαίου
3709 3320 3819 3387 ἔσχε

2259 3415 2349 3467 τὸν
2377 3414 2506 3467 ναὸν
2554 3413 2647 3467 τοῦ
2684 3413 2936 3483 σώματος
2968 3413 3157 3480 αὑτοῦ,
3203 3413 3463 3484 κρύπτων
3517 3412 3680 3466 αὐτοῦ
3734 3412 3821 3483 τὴν

2262 3503 2493 3573 θεότητα
2514 3521 2527 3534 ο
2558 3504 2617 3556 ὃν
2645 3504 2849 3575 τρόπον
2878 3504 2971 3556 τὸν
3011 3505 3254 3574 Μωῦσῆν
3287 3505 3388 3556 οὐκ
3424 3504 3692 3574 ἠδύναντο
3726 3503 3824 3555 ἀπὸ

2259 3594 2362 3664 τῆς
2389 3595 2549 3665 δόξης
2597 3594 2694 3648 τοῦ
2730 3596 3024 3665 προσώπου
3053 3594 3220 3649 αὐτοῦ
3279 3594 3581 3650 θεάσασθαι
3634 3592 3821 3664 γυμνὸν

2258 3691 2326 3761 τῇ
2355 3688 2498 3760 ὕψει,
2528 3688 2671 3743 οὕτω
2703 3688 2798 3743 καὶ
2836 3688 2865 3741 6
2903 3688 3030 3752 Υἱὸς
3071 3705 3168 3743 του
3197 3688 3330 3742 Θεοῦ
3359 3691 3427 3760 τῇ
3454 3688 3822 3760 ἀνθρωπότητι

2260 3782 2467 3856 ἔκρυψε
2489 3782 2590 3853 τὴν
2617 3782 2873 3853 θεότητα.

2346 3873 2405 3929 ’0
2436 3874 2569 3938 Θεὸς
2595 3870 2860 3945 προειδὼς
2885 3871 2947 3925 τὸ
2978 3872 3138 3941 γένος
3168 3869 3323 3941 ὑμῶν
3352 3871 3436 3925 ὅτι
3462 3870 3696 3941 σκληρόν
3719 3868 3819 3921 ἐστι

2260 3968 2358 4023 καὶ
2399 3965 2656 4037 πονηρὸν,
2697 3968 2793 4020 καὶ
2828 3967 2913 4019 ὅτι
2942 3964 3342 4034 ἐκϐληθήσεται
3386 3965 3487 4034 μὲν
3510 3967 3541 4018 6
3568 3960 3820 4035 πρωτότο·

2260 4077 2355 4125 κος
2402 4059 2517 4121 υίὸς
2575 4058 2812 4129 Ἰσραὴλ,
2863 4058 3356 4129 ἀντεισαχθήσεται
3400 4059 3458 4111 δὲ
3498 4058 3529 4111 6
3562 4054 3621 4121 ἐξ
3668 4052 3819 4109 ἐθνῶν

2261 4151 2410 4218 λαὸς,
2440 4150 2670 4218 ἀσαφῶς
2711 4147 2888 4203 ταῦτα
2921 4149 3015 4201 καὶ
3051 4151 3170 4218 μετ’
3207 4148 3559 4220 ἐπικρύψεως
3596 4146 3681 4199 διὰ
3710 4144 3815 4198 στόο

2266 4259 2438 4314 ματος
2460 4241 2571 4295 τῶν
2598 4239 2894 4311 προφητῶν
2927 4240 3352 4309 προηγόρευσεν·
3378 4242 3425 4292 εί
3452 4239 3564 4309 γὰρ
3586 4238 3717 4306 ἔγνω
3735 4236 3818 4307 τὴν

2263 4334 2459 4389 ἑαυτοῦ
2491 4333 2766 4386 ἔκπτωσιν
2788 4331 2847 4385 τὸ
2868 4330 3065 4398 φθόνου
3095 4332 3407 4401 μεστὸν,καὶ
3428 4332 3633 4401 πλῆρες
3656 4331 3817 4399 ἁμαρ-

2259 4427 2383 4490 τίας
2412 4426 2568 4495 γένος
2602 4424 2777 4495 ὑμῶν,
2808 4425 3219 4498 πυρικαύστους
3256 4422 3322 4476 ἂν
3356 4422 3450 4485 τὰς
3489 4422 3701 4492 βίϐλους
3723 4418 3817 4471 πά-

576 4519 773 4573 tuisset
826 4521 881 4575 in
930 4536 988 4575 se
1039 4522 1243 4592 scripta
1278 4524 1535 4593 proferri,
1568 4540 1669 4579 nec
1720 4527 1980 4581 invidiam
2030 4528 2157 4584 inde

2265 4535 2364 4582 σας
2401 4516 2736 4588 πεποίηκεν,
2780 4517 2874 4569 ἆτε
2911 4516 2976 4584 δὴ
3039 4514 3113 4585 μὴ
3166 4515 3466 4584 γράμματα
3496 4514 3679 4584 φέρειν
3709 4508 3818 4563 καθ’

577 4619 773 4666 contra
806 4626 864 4666 se
891 4612 979 4667 his
1009 4613 1301 4669 excitatam
1330 4615 1625 4669 sustinere.
1656 4616 1781 4671 llaec
1808 4618 1973 4687 igitur
1997 4635 2162 4676 causa

575 4708 683 4766 est,
712 4701 783 4756 ob
810 4716 975 4771 quam
1000 4712 1191 4773 operte
1216 4705 1524 4774 prophetici
1555 4707 1743 4776 scripti
1777 4708 1981 4763 fuerint
2009 4712 2162 4780 libri,

576 4794 625 4848 si
669 4811 781 4849 non
828 4795 1007 4851 credit
1060 4797 1146 4850 his
1192 4814 1313 4867 quae
1349 4798 1605 4863 dicimus,
1650 4799 1839 4856 credat
1882 4802 2164 4871 prophetae

2262 4608 2456 4663 ἑαυτοῦ
2503 4608 2867 4679 ἀνεχόμενον,
2916 4606 3211 4659 κάντεῦθεν
3262 4605 3466 4675 ζημίαν
3508 4606 3568 4658 ού
3609 4604 3701 4675 τὴν
3737 4618 3817 4653 τυ·

2263 4698 2465 4772 χοῦσαν
2509 4702 2624 4763 τοῖς
2665 4699 2807 4769 μετὰ
2844 4699 3017 4751 ταῦτα
3057 4701 3395 4767 ἐπήνεγκεν
3441 4697 3583 4767 αὕτη
3617 4696 3708 4766 μὲν
3737 4688 3816 4745 οὖν

2264 4793 2298 4862 ή
2337 4791 2506 4859 αἰτία,
2542 4790 2606 4843 δι’
2642 4793 2709 4860 ἣν
2741 4791 2965 4857 ἀσαφῶς
3010 4791 3066 4841 αἱ
3098 4788 3437 4859 προφητικαὶ
3473 4786 3813 4853 συνετέθησαν

578 4883 808 4948 dicenti,
838 4900 1021 4955 neque
1062 4886 1387 4956 cognovisti,
1426 4903 1606 4958 neque
1649 4889 1872 4955 audisti,
1906 4905 2086 4959 neque
2132 4906 2157 4946 a

2267 4884 2459 4956 βίϐλοι*
2499 4883 2591 4936 καὶ
2621 4883 2670 4935 εἰ
2700 4882 2775 4953 μὴ
2802 4880 2966 4955 πείθῃ
2995 4883 3108 4944 τοῖς
3147 4880 3482 4950 λεγομένοις,
3521 4878 3598 4949 τῷ
3630 4878 3812 4943 λέγοντι

576 4977 852 5048 principio
885 4978 1076 5047 aperui
1104 4994 1266 5033 aures
1292 4989 1447 5045 tuas;
1479 4982 1593 5035 scio
1626 4982 1775 5035 enim
1810 4982 1955 5052 quod
1985 4998 2153 5052 repu-

578 5081 753 5139 gnans
780 5068 1135 5139 repugnabis.
1165 5069 1233 5123 Et
1253 5086 1399 5125 nunc
1418 5071 1642 5140 quidem
1666 5088 1733 5127 eo
1754 5073 1899 5142 quod
1920 5074 2064 5129 Deus
2089 5090 2157 5130 ex

578 5159 815 5213 muliere
856 5167 1020 5215 natus
1049 5161 1141 5226 sit,
1172 5163 1563 5218 scandalizaris
1596 5172 1652 5218 et
1678 5164 1906 5235 refugis.
1953 5165 2014 5219 In
2058 5165 2158 5220 de-

578 5257 753 5315 serto,
782 5251 1002 5320 quando
1025 5251 1123 5306 tibi
1156 5253 1507 5309 invisibiliter
1529 5261 1587 5309 et
1609 5269 1720 5307 non
1747 5253 1803 5308 in
1833 5270 2000 5310 carne
2030 5271 2162 5310 con-

579 5344 907 5399 versabatur
938 5344 1103 5411 Deus,
1136 5354 1192 5402 et
1224 5347 1498 5402 mirabilia
1524 5348 1613 5401 illa
1640 5356 1865 5418 propter
1893 5356 1946 5403 te
1977 5357 2161 5417 patra-

582 5435 698 5501 bat,
724 5450 825 5492 cur
856 5436 913 5492 in
944 5437 1114 5492 Deum
1136 5439 1447 5509 cogitabas?
1480 5438 1757 5507 quomodo
1792 5447 1983 5495 contra
2014 5438 2161 5510 Moy-

583 5541 702 5583 sem
732 5527 1078 5599 irascebaris,
1115 5531 1190 5585 ita
1236 5540 1298 5584 ut
1339 5545 1531 5600 parum
1575 5529 1817 5587 abfuerit
1856 5530 1991 5601 quin
2032 5544 2158 5585 eum

583 5618 948 5690 lapidaveris?
982 5622 1260 5693 quomodo
1288 5621 1693 5680 benefactorem
1733 5624 2069 5694 relinquens,
2103 5622 2159 5677 in

655 5806 700 5839 ”
736 5802 873 5863 Gen.
911 5823 1039 5871 xvu,
1094 5808 1144 5864 5.
1250 5812 1294 5847 '9
1337 5811 1450 5868 lmo
1472 5809 1668 5868 Ezech.
1705 5826 1810 5875 xw,
1861 5812 1911 5867 3.

2019 5813 2033 5841 ¹
2073 5810 2230 5866 Deut.
2261 5826 2367 5874 xxi,
2401 5808 2509 5874 ‘25;
2573 5805 2746 5863 Galat.
2809 5820 2888 5874 ιιι,
2925 5805 3011 5859 15.

2253 4978 2443 5035 πείθου
2477 4976 2754 5046 προφήτῃ,
2799 4973 2921 5026 οὔτε
2955 4973 3145 5043 ἔγνως,
3194 4971 3318 5026 οὔτε
3373 4972 3644 5040 ἠπίστασο
3668 5009 3681 5032 ,
3708 4964 3812 5019 οὔτε

2254 5074 2357 5128 dmi
2382 5069 2564 5141 ἀρχῆς
2620 5067 2833 5138 ἀνέῳξά
2868 5084 2960 5120 σου
2994 5060 3129 5121 ὧταο
3162 5067 3315 5137 ᾔδειν
3343 5064 3451 5134 γὰρ
3487 5065 3569 5116 ὅτι
3598 5058 3811 5115 ἀπειθῶν

2261 5162 2603 5229 ἀπειθήσεις
2640 5160 2737 5214 καί⁹
2781 5159 2878 5213 νῦν
2916 5159 3015 5230 μὲν
3051 5159 3134 5213 ὅτι
3175 5158 3307 5221 Θεὸς
3338 5159 3404 5211 ἐκ
3440 5154 3687 5224 γυναικὸς
3714 5164 3809 5217 γεν-

2258 5257 2439 5320 νᾶται,
2471 5252 2804 5325 σκανδαλίζῃ
2850 5253 2946 5306 καὶ
2980 5250 3286 5321 ἁποπηδᾷς·
3314 5247 3455 5302 κατὰ
3486 5248 3541 5300 δὲ
3579 5244 3671 5316 τὴν
3696 5243 3805 5311 ἐρη-

2204 5390 2207 5391 ν
2270 5364 2392 5417 μον,
2409 5347 2499 5400 ὅτε
2528 5363 2610 5399 σοι
2644 5345 2895 5416 ἀοράτως
2926 5344 3021 5397 καὶ
3045 5342 3105 5396 ού
3135 5342 3226 5395 διὰ
3255 5340 3458 5412 σαρκὸς
3486 5329 3805 5401 συνανεστρέ-

2268 5456 2397 5510 φετο
2423 5441 2450 5493 6
2478 5439 2629 5504 Θεὸς,
2661 5439 2757 5493 καὶ
2788 5437 2857 5493 τὰ
2881 5436 3163 5508 παράδοξα
3190 5437 3374 5487 ἐκεῖνα
3397 5432 3486 5485 διὰ
3512 5429 3571 5524 σὲ
3596 5430 3803 5524 ἐτερατ-

2266 5532 2480 5603 ούργει,
2562 5530 2708 5594 τινος
2762 5530 2950 5584 ἕνεκεν
3004 5528 3255 5597 ἐφρόνεις
3312 5525 3454 5579 κατὰ
3510 5521 3664 5583 Θεόν;
3703 5521 3801 5573 πῶς

2266 5623 2552 5695 “Paw”
2594 5622 2737 5677 κατά
2785 5623 3066 5685 Μωῧσέως
3090 5661 3105 5685 .
3140 5620 3215 5680 ὡς
3255 5617 3435 5689 μικρῷ
3468 5614 3558 5668 καὶ
3596 5606 3799 5665 1:001:9-

3088 5804 3109 5835 ¹
3166 5801 3328 5857 Deut.
3350 5811 3518 5860 Δινιιι,
3572 5791 3649 5845 l5.
