4072 6552
221 448 369 517 1277

1242 458 1703 522 DISPUTATIO
1741 458 2143 522 ADVERSUS
2183 459 2513 523 JUD/EOS.

3386 415 3522 530 1278

220 568 427 637 στῆσαι
457 562 661 629 αὐτόν;
726 563 846 628 πῶς
896 564 989 618 τὸν
1036 564 1335 639 εὐεργέτην
1393 568 1814 641 ἀπολιμπάνων,

1935 566 2215 639 Egyptum
2256 569 2459 624 reverti
2494 569 2795 640 cupiebas?
2839 571 3133 643 responde.
3169 573 3409 630 Evidens
3437 583 3525 631 est

217 659 324 715 hri.
354 658 455 731 τὴν
483 656 762 725 Αἴγυπτον
794 656 1228 731 παλινδρομῆσαι
1256 661 1645 732 ὲφιλονείκεις;
1686 662 1824 716 ἀπό-

218 768 436 825 κριναι·
469 749 690 821 εὔδηλον
717 748 831 814 οὖν,
861 750 944 805 ὅτι
968 753 995 804 ὀ
1018 751 1180 816 αὐτὸς
1206 748 1258 807 εἷ
1286 755 1381 807 καὶ
1407 755 1506 809 οὐκ
1527 755 1824 825 ἡλλοίώσαι

218 843 255 897 ὁ
289 842 410 898 τότε
436 841 873 913 σκληροκάρδιος
902 844 998 898 καὶ
1030 844 1162 916 περὶ
1190 844 1282 899 τὸν
1310 846 1606 917 εὐεργέτην
1642 847 1822 917 ἀγνώ-

226 954 375 1007 μων,
413 937 441 987 ὁ
479 933 642 998 αὐτὸς
693 933 937 1005 δηλονότι
984 936 1079 989 καὶ
1132 934 1227 990 νῦν
1271 938 1298 989 ὁ
1338 936 1690 1009 ἐκπειράζων
1732 940 1825 992 τὸν

219 1027 367 1080 Θεόν
386 1043 399 1057 °
430 1026 553 1080 τότε
577 1026 670 1080 καὶ
695 1026 892 1094 λέγων·
928 1027 989 1081 ΕΞ
1015 1027 1162 1083 ἔστιν
1185 1031 1242 1083 ἐν
1260 1030 1391 1101 ἡμῖν
1418 1029 1645 1102 Κύριος,
1669 1030 1702 1103 ἦ
1727 1029 1820 1100 ob;

218 1120 301 1175 τὰ
326 1121 465 1173 αὐτά
500 1122 670 1184 ποιεῖς
708 1121 795 1173 ἐπ’
830 1120 981 1192 αύτῷ
1020 1123 1112 1175 καὶ
1140 1121 1236 1177 νῦν
1268 1122 1357 1177 ὅτε
1386 1122 1454 1177 δι’
1484 1125 1635 1195 ἡμᾶς
1666 1125 1824 1195 ἐνην-

225 1212 575 1285 θρώπησενο
632 1212 865 1283 ὀφείλων
906 1213 1218 1287 ὁλοσχερῶς
1275 1217 1619 1288 εὐχαριστεῖν
1676 1215 1826 1287 αὐτῴ

224 1306 425 1362 τούτου
481 1306 693 1362 ἕνεκεν·
726 1304 873 1361 καθά
920 1325 1024 1361 που
1057 1308 1278 1373 πάντως
1324 1309 1420 1363 καὶ
1472 1310 1567 1363 ἐπὶ
1601 1309 1681 1379 τῷ
1715 1309 1825 1362 τῶν

223 1400 572 1471 σωματικῶν
631 1400 824 1454 παθῶν
878 1400 1051 1472 ἰατρῷ
1096 1403 1273 1456 ποιεῖν
1323 1400 1620 1472 εἰώθαμεν,
1661 1402 1825 1473 ἡνίκα

223 1494 330 1548 καὶ
364 1492 570 1564 μᾶλλον
599 1492 694 1545 ἐπὶ
719 1490 810 1545 τὸν
840 1491 1103 1546 νοσοῦντα
1131 1491 1337 1564 βαδίζει
1366 1491 1597 1562 συχνῶς,
1624 1492 1719 1545 καὶ
1751 1492 1826 1564 μὴ

223 1586 373 1656 πρὸς
400 1586 461 1638 τὸ
506 1584 707 1639 ἑαυτοῦ
749 1583 975 1655 ἀφορῶν
1016 1584 1237 1657 ἀξίωμα
1270 1584 1577 1654 συγκύπτει
1613 1584 1709 1638 ἐπὶ
1756 1584 1828 1638 τά

223 1678 387 1748 πάθη
427 1676 524 1731 καὶ
554 1676 825 1742 δυσωδίας
856 1677 1139 1748 ἀνέχεται,
1176 1677 1264 1731 ἴνα
1307 1676 1383 1749 δῷ
1413 1677 1513 1747 τὴν
1539 1677 1726 1747 ύγείαν
1752 1676 1829 1748 τῷ

224 1771 520 1841 κάμνοντι.

308 1865 371 1917 Εἰ
390 1866 446 1918 δὲ
476 1863 652 1917 ταῦτα
682 1863 859 1929 οὕτως
882 1864 1021 1935 ἔχει,
1049 1864 1169 1928 πῶς
1200 1863 1564 1933 ἀμφιϐάλλεις
1594 1863 1673 1917 ἔτι
1696 1862 1825 1935 περὶ

222 1957 667 2026 τρισυποστάτου
709 1956 1000 2027 θεὸτητος;
1061 1956 1181 2020 πῶς
1237 1956 1299 2009 οὐ
1352 1956 1682 2027 προσκυνεῖς
1732 1954 1825 2008 τὸν

222 2049 404 2113 Υἰόν;
452 2048 571 2113 πῶς
611 2050 671 2102 οὐ
713 2048 1001 2113 πιστεύεις
1040 2048 1118 2121 τῷ
1160 2049 1474 2119 Πνεύματι;
1537 2048 1679 2103 ⁹Αλλ’
1733 2049 1828 2103 ἕνα

225 2138 503 2209 κηρύσσει
523 2140 657 2192 Θεὸν
695 2141 729 2211 ή
760 2140 975 2211 Γραφή.
1015 2141 1126 2195 Καὶ
1172 2141 1227 2193 τί
1267 2142 1374 2211 χρὴ
1408 2140 1581 2194 πολλὰ
1607 2140 1825 2209 λέγειν;

225 2231 376 2301 ἄφες
404 2234 497 2286 τὸν
542 2232 789 2299 Ἡσαΐαν,
822 2233 1150 2304 παράδραμε
1176 2233 1268 2286 τὸν
1302 2233 1490 2297 Δαϐὶδ,
1522 2234 1616 2287 καὶ
1648 2236 1828 2287 πᾶσαν

226 2323 431 2395 ἑτέραν
464 2325 711 2394 Γραφὴν,
745 2324 811 2377 δι’
836 2316 969 2395 ὧνή
1025 2324 1322 2396 ζωαρχικὴ
1365 2325 1535 2395 Τριάς
1592 2327 1829 2395 μεγαλο-

229 2415 435 2484 φώνως
476 2417 851 2487 κηρύσσεται·
918 2417 1013 2471 ἐπὶ
1073 2416 1173 2488 τὴν
1224 2417 1432 2487 σκηνὴν
1488 2417 1681 2471 ἄνελθε
1734 2418 1828 2471 τοῦ

243 2508 528 2578 Ἀϐραὰμ,
586 2508 683 2561 καὶ
734 2509 1010 2577 σκόπησον
1041 2509 1308 2579 ἀκριϐῶς,
1332 2508 1478 2571 τίνες
1506 2526 1565 2562 τε
1596 2505 1735 2581 ἦσαν
1780 2510 1829 2562 oi

228 2600 495 2667 ὀφθέντες
526 2600 696 2670 αὐτῷ,
738 2602 833 2654 καὶ
882 2601 1039 2655 πόσοι
1074 2602 1168 2657 τὸν
1213 2601 1469 2673 ἀριθμὸν,
1498 2601 1599 2655 ὅσα
1638 2619 1699 2655 τε
1735 2602 1831 2657 καὶ

227 2685 327 2744 οἷα
379 2692 512 2758 πρὸς
545 2693 743 2753 αὐτοὺς
773 2692 802 2744 ὁ
832 2694 1185 2765 πατριάρχης
1233 2694 1504 2765 λελάληκε
1529 2710 1543 2725 ⁶
1578 2695 1830 2768 καθάπερ

228 2784 349 2856 γὰρ
391 2784 581 2855 τελείῳ
626 2786 726 2856 τὴν
774 2785 981 2855 γνῶσιν
1028 2786 1141 2842 ὄντι
1188 2787 1266 2858 τῷ
1314 2788 1589 2860 Ἀϐραάμ,
1627 2789 1721 2843 καὶ
1755 2790 1832 2853 ὡς

228 2881 394 2949 τρεῖς
434 2878 741 2947 ἐφαίνοντο,
773 2879 870 2935 καὶ
899 2881 975 2944 ὼς
998 2876 1081 2946 εἷς
1113 2882 1443 2952 διελέγοντο,
1465 2883 1607 2937 οὓτω
1638 2885 1830 2938 κάκεῖ-

229 2990 333 3037 νος
381 2975 619 3027 ἐποιεῖτο
672 2974 811 3045 πρὸς
862 2975 1061 3038 αὐτοὺς
1102 2976 1201 3047 τὴν
1247 2976 1504 3041 διάλεξιν
1548 2997 1567 3030 ι
1621 2978 1832 3032 Ἐκκλί-

231 3048 396 3128 νατε,
426 3066 624 3136 Κύριε,
672 3066 847 3136 λέγων
878 3067 1016 3139 πρός
1049 3085 1139 3139 με.
1177 3088 1195 3120 ι
1250 3068 1315 3121 Τί
1341 3069 1534 3123 τούτου
1569 3070 1679 3140 γὰρ
1709 3069 1830 3122 ἀδο-

232 3160 501 3230 ξότερον;
540 3160 593 3214 τί
619 3161 717 3232 τῆς
750 3162 1020 3232 ὁμοτίμου
1053 3162 1283 3232 Τριάδος
1307 3164 1827 3234 ὲμφαντικώτερονς

244 3253 602 3307 Ἐκκλὶνατε
646 3253 745 3322 μὲν
778 3248 873 3308 οὖν
906 3253 1286 3325 πληθυντικῶς
1312 3254 1505 3320 εἰπὼν,
1543 3255 1605 3309 τὸ
1641 3255 1830 3325 διάφο-
1858 3286 1902 3349 C

236 3362 340 3415 ρον
382 3347 493 3400 τῶν
534 3346 851 3416 προσώπων
879 3346 1140 3419 ᾐνίξατο·
1168 3349 1390 3417 Κύριος
1435 3348 1480 3402 δ’
1512 3346 1580 3403 αὐ
1613 3349 1832 3417 ἑνικῶς,

230 3438 342 3510 τὴν
387 3439 518 3510 μίαν
546 3438 728 3495 αὐτῶν
753 3441 985 3512 ἐνέφηνε
1022 3441 1186 3511 φύσιν
1216 3442 1312 3494 καὶ
1345 3442 1663 3513 κυριότηταο
1696 3444 1745 3496 εἰ
1775 3442 1835 3497 δὲ

232 3530 377 3584 Θεὸν
403 3531 503 3602 μὲν
532 3528 676 3587 εἶναι
706 3532 794 3587 τὸν
828 3532 926 3587 ἕνα
958 3532 1160 3602 λέγεις,
1189 3533 1457 3602 ἀγγέλους
1495 3534 1551 3588 δὲ
1574 3535 1700 3601 τούς
1721 3535 1836 3590 λοι-

235 3624 405 3692 ποὺς,
438 3625 690 3698 μέμηνας
709 3627 975 3700 ἀτεχνῶς,
1002 3628 1100 3683 καὶ
1131 3627 1343 3698 γελοῖός
1377 3646 1469 3700 μοι
1505 3629 1670 3702 φαίνῃ
1693 3648 1834 3685 παν-

233 3716 470 3773 τάπασι’
501 3718 636 3772 πότε
675 3718 784 3793 γὰρ
809 3721 859 3774 oi
902 3719 1082 3776 δοῦλοι
1114 3721 1193 3792 τῷ
1216 3721 1466 3795 Δεσπότῃ
1501 3723 1834 3791 συγκαθίσαι

234 3811 579 3883 ἠνέσχοντο;
622 3814 753 3868 πότε
783 3814 828 3868 δ’
872 3809 941 3869 αὖ
989 3815 1126 3869 Θεοῦ
1178 3815 1572 3887 ὁτι-τεινομένου,
1603 3817 1700 3871 δύο
1740 3819 1837 3874 καὶ

236 3906 444 3977 μόνους
471 3908 741 3976 ἀγγέλους
768 3908 1207 3981 δορυφοροῦντας
1262 3911 1618 3983 ὴκούσαμεν;
1650 3912 1836 3966 ἔκτοτε

234 3999 375 4069 γοῦν
422 4000 688 4070 ὁμότιμός
735 4019 794 4055 τε
847 4003 944 4056 καὶ
987 4003 1279 4074 σύνθρονος
1345 4003 1475 4073 ἁγία
1536 4005 1706 4075 Τριάς
1756 4006 1837 4079 τῷ

246 4091 508 4163 Ἁϐραάμ
536 4093 886 4164 ὲγνωρίζετο.
912 4095 977 4147 Τί
1006 4095 1145 4167 πρὸς
1175 4095 1346 4149 ταῦτα
1382 4096 1489 4166 φής
1515 4111 1529 4161 ;
1570 4095 1647 4159 ώς
1688 4095 1837 4151 κύων

235 4184 338 4238 καὶ
371 4184 529 4248 αὖθις
564 4186 704 4240 κατά
739 4187 839 4257 τῆς
880 4186 1141 4257 ἀληθείας
1179 4188 1422 4261 λυττᾷς;
1470 4188 1601 4242 εἰὲν
1639 4188 1836 4260 Τριάδι

234 4275 418 4346 λέγων
469 4280 497 4331 ό
538 4277 672 4342 Θεὸς
717 4282 1128 4349 προσκυνεῖται,
1162 4281 1248 4334 ἵνα
1298 4283 1351 4335 τί
1407 4299 1474 4352 με
1533 4282 1686 4352 παρά
1727 4283 1837 4335 τῶν

236 4368 544 4439 προφητῶν
575 4370 850 4440 ἀριδήλως
901 4370 972 4424 τὰ
1014 4373 1146 4443 περὶ
1201 4371 1395 4426 τούτου
1424 4373 1725 4443 διεμηνύθη
1757 4372 1837 4442 τῷ

247 4460 515 4531 Ἰσραήλ;
558 4462 668 4515 Καὶ
699 4463 865 4517 ἄκουε
903 4465 959 4516 ἐν
990 4464 1254 4535 Αἰγύπτῳ
1287 4465 1457 4519 πάλαι
1488 4466 1580 4520 τὸν
1618 4466 1836 4535 Ἰσραὴλ

235 4552 498 4608 πλεῖστον
536 4553 897 4625 διατρίψαντα
929 4557 1142 4627 χρόνον,
1170 4559 1266 4612 καὶ
1300 4559 1398 4629 τὴν
1430 4558 1695 4612 πολύθεον
1726 4558 1834 4611 τῶν

1928 662 2119 734 igitur,
2154 674 2205 717 te
2231 664 2489 718 eumdem
2517 679 2640 719 esse
2666 681 2772 721 nec
2801 674 3094 731 mutatum,
3128 666 3222 737 qui
3256 676 3389 722 tunc
3422 667 3522 721 du-

1927 772 2024 811 rus
2048 754 2216 811 corde
2242 764 2300 810 et
2326 755 2383 808 in
2414 754 2826 811 benefactorem
2863 757 3112 828 ingratus
3152 757 3343 823 fueris,
3380 758 3520 812 idem

1925 850 2214 906 evidenter
2265 858 2323 904 et
2369 865 2520 904 nunc
2575 858 2795 909 tentans
2843 851 3036 906 Deum.
3089 852 3245 906 Tunc
3300 869 3520 922 quoque

1926 942 2109 997 dicis:
2142 941 2311 997 Estne
2344 942 2611 997 Dominus
2660 943 2844 1007 nobis,
2889 945 3113 997 annon?
3166 945 3356 998 eadem
3390 946 3523 998 lacis

1926 1033 1985 1089 in
2034 1034 2192 1088 illum
2234 1049 2384 1088 nunc
2430 1049 2557 1088 cum
2604 1042 2831 1104 propter
2861 1048 2963 1087 nos
2993 1033 3159 1089 homo
3196 1035 3374 1089 factus
3403 1045 3513 1098 est;

1926 1126 2060 1183 dum
2114 1126 2351 1183 deberes
2402 1135 2552 1182 totus
2601 1126 2672 1181 ob
2724 1126 2866 1181 hanc
2920 1143 3141 1181 causam
3199 1128 3255 1181 in
3322 1128 3521 1197 gratias

1927 1220 2244 1292 erumpere,
2279 1222 2425 1277 sicut
2447 1222 2676 1276 omnino
2711 1221 2767 1276 in
2799 1222 3167 1291 corporalium
3201 1222 3519 1276 morborum

1927 1314 2147 1371 medico
2173 1329 2334 1386 agere
2363 1315 2627 1380 solemus,
2659 1313 2880 1384 quando
2906 1313 3210 1384 praesertim
3249 1322 3522 1383 aegrotan-

1930 1418 2039 1466 tem
2071 1409 2260 1466 visitat
2307 1409 2652 1480 frequenter,
2684 1418 2742 1465 et
2772 1409 2981 1463 nullam
3013 1407 3082 1463 de
3127 1423 3224 1463 sua
3256 1407 3522 1479 dignitate

1928 1509 2201 1564 rationem
2252 1509 2465 1565 habens
2522 1507 2910 1579 aegritudinem
2971 1507 3191 1577 inspicit
3240 1516 3298 1562 et
3352 1506 3524 1562 malos

1929 1599 2134 1657 odores
2162 1601 2418 1669 sustinet,
2452 1610 2515 1658 ut
2548 1600 2841 1657 sanitatem
2873 1599 2965 1655 det
2996 1599 3305 1671 aegrotanti.

2002 1865 2161 1934 Quod
2207 1865 2254 1921 si
2299 1866 2373 1921 ita
2422 1880 2481 1921 se
2512 1864 2630 1920 haec
2662 1862 2937 1927 habeant,
2984 1861 3263 1933 quomodo
3303 1861 3527 1917 dubitas

1935 1960 2119 2015 adhuc
2142 1958 2211 2014 de
2236 1959 2378 2013 trina
2402 1958 2459 2012 in
2491 1956 2867 2012 subsistentiis
2895 1954 3224 2009 divinitate?
3247 1953 3527 2024 quomodo

1935 2053 2138 2108 Filium
2192 2067 2303 2105 non
2363 2049 2595 2104 adoras?
2641 2046 2921 2118 quomodo
2974 2047 3030 2101 in
3089 2046 3359 2117 Spiritum
3416 2062 3528 2103 non

1936 2144 2326 2203 credis?-—At
2374 2157 2546 2196 unum
2594 2141 2769 2195 Deum
2819 2140 3083 2210 prmdicat
3130 2138 3528 2209 Scriptura.—

1936 2237 2078 2306 Quid
2109 2236 2334 2307 prodest
2378 2234 2551 2289 multa
2594 2231 2820 2288 dicere?
2864 2232 3017 2286 Mitte
3061 2231 3277 2297 Isaiam,
3307 2230 3529 2300 prmteri

1938 2328 2130 2393 David,
2176 2339 2231 2384 et
2278 2342 2496 2381 omnem
2544 2325 2814 2395 reliquam
2849 2323 3212 2393 Scripturam,
3246 2337 3344 2391 per
3387 2337 3528 2391 quos

1936 2432 2143 2479 aeterna
2174 2420 2332 2475 Trias
2358 2434 2553 2490 magna
2580 2433 2713 2472 voce
2748 2417 3110 2486 praedicatur;
3141 2413 3432 2484 ingredere
3471 2413 3528 2467 in

1937 2517 2173 2573 Abrahae
2223 2513 2660 2577 tabernaculum,
2712 2518 2768 2565 et
2812 2508 3039 2563 adverte
3089 2514 3268 2572 caute,
3301 2507 3529 2577 quinam

1936 2611 2144 2666 fuerint
2176 2607 2272 2679 qui
2316 2606 2395 2661 illi
2424 2610 2823 2676 apparuerunt,
2860 2610 2994 2671 quot
3024 2615 3280 2665 numero,
3322 2605 3378 2653 et
3407 2613 3531 2668 quae

1937 2710 1995 2759 et
2016 2700 2199 2772 qualia
2222 2699 2289 2753 ad
2316 2699 2438 2753 illos
2468 2695 2784 2767 patriarcha
2814 2694 3037 2748 locutus
3064 2691 3251 2746 fuerit.
3280 2688 3351 2745 Ut
3381 2687 3530 2742 enim

1936 2796 2243 2869 perfectam
2275 2790 2647 2864 cognitionem
2690 2786 2939 2851 habenti,
2969 2783 3201 2839 Abrahae
3234 2781 3386 2836 velut
3419 2786 3533 2833 tres

1938 2896 2334 2962 apparuerunt,
2372 2895 2429 2941 et
2464 2893 2723 2953 tanquam
2758 2896 2899 2935 unus
2940 2877 3335 2948 loquebantur,
3372 2872 3530 2928 simi-

1937 2983 2177 3053 literque
2202 2988 2255 3035 et
2284 2979 2399 3049 ipse
2427 2972 2866 3032 accommodavit
2893 2985 3054 3026 suum
3083 2968 3147 3023 ad
3174 2967 3299 3021 illos
3324 2978 3534 3019 sermo—

1936 3092 2065 3131 nem
2095 3092 2109 3128 :
2143 3093 2161 3125 ι
2194 3072 2498 3131 Declinate.
2529 3068 2760 3123 Domine
2787 3062 3034 3135 (inquit),
3060 3060 3128 3115 ad
3156 3074 3243 3113 me
3270 3058 3310 3111 ³.
3342 3076 3360 3109 ι
3388 3053 3533 3122 Quid

1936 3170 2085 3225 enim
2118 3174 2441 3223 extraneum
2478 3161 2682 3231 magis?
2716 3157 2849 3229 qttid
2900 3155 3099 3210 melius
3128 3151 3394 3223 aqualem
3427 3148 3532 3202 ho-

1936 3276 2073 3315 nore
2116 3256 2375 3313 Triadem
2421 3252 2766 3311 declararet?
2810 3249 3079 3304 Declinate
3125 3243 3413 3317 pluraliter
3447 3240 3535 3294 di-

1936 3366 2089 3414 cens,
2108 3348 2487 3404 diversitatem
2506 3356 2872 3417 personarum
2900 3337 3261 3410 signiﬁcavit;
3282 3333 3530 3397 Domine,

1937 3441 2292 3514 singulariter
2312 3454 2480 3494 unam
2500 3452 2691 3493 earum
2716 3432 2982 3489 indicavit
3006 3438 3261 3485 naturam
3278 3435 3335 3483 et
3356 3439 3532 3481 unum

1936 3533 2303 3589 dominatum.
2333 3530 2492 3598 Quod
2523 3530 2569 3585 si
2605 3530 2779 3584 Deum
2818 3543 2941 3583 esse
2985 3541 3159 3581 unum
3192 3523 3353 3588 dicis,
3401 3522 3534 3577 reli-

1935 3641 2076 3697 quos
2101 3639 2233 3679 vero
2263 3621 2510 3693 angelos,
2546 3619 2751 3676 deliras
2790 3617 2981 3682 stulte,
3009 3623 3066 3670 et
3098 3613 3369 3669 ridiculus
3394 3610 3533 3666 mihi

1935 3718 2163 3775 omnino
2192 3716 2421 3773 videris.
2459 3713 2692 3783 Quando
2738 3711 2890 3768 enim
2939 3708 3085 3765 servi
3122 3723 3249 3763 cum
3300 3704 3534 3761 Domino

1936 3812 2129 3868 sedere
2157 3808 2413 3882 permissi
2445 3805 2609 3863 sunt?
2635 3804 2859 3876 quando
2900 3802 3014 3857 Deo
3043 3810 3365 3871 apparente,
3396 3796 3536 3853 duos

1936 3904 2116 3960 solum
2150 3901 2373 3973 angelos
2401 3898 2670 3955 satellites
2696 3912 2820 3952 esse
2846 3893 3201 3950 audivimus?
3228 3892 3308 3947 Ex
3342 3906 3409 3947 eo
3434 3889 3536 3961 ἰείη

1939 4004 2029 4051 tur
2085 4003 2332 4063 tempore
2385 3990 2616 4060 aequalis
2668 3988 2880 4041 honore
2933 3996 2989 4040 et
3040 3984 3288 4055 potentia
3342 3990 3534 4037 sancta

1938 4088 2097 4143 Trias
2128 4085 2362 4140 Abrahze
2397 4082 2617 4153 cognita
2664 4079 2789 4134 fuit.
2839 4077 2979 4144 Quid
3018 4077 3084 4131 ad
3126 4077 3243 4132 haec
3289 4072 3536 4130 dixeris?

1937 4196 2006 4234 an
2039 4178 2191 4233 velut
2219 4175 2373 4231 canis
2405 4172 2644 4243 amplius
2674 4179 2865 4225 contra
2897 4167 3191 4222 veritatem
3224 4164 3443 4220 rabias?
3464 4192 3535 4209 ~—

1937 4271 1991 4326 Si
2027 4270 2079 4324 in
2109 4267 2330 4332 Triade,
2364 4265 2524 4329 dicis,
2560 4265 2706 4319 Deus
2731 4261 3015 4326 adoratur,
3045 4275 3144 4314 cur
3178 4275 3207 4313 a
3240 4258 3532 4329 prophetis

1936 4366 2083 4419 clare
2134 4363 2251 4417 haec
2301 4375 2413 4414 non
2461 4357 2710 4427 exposita
2764 4365 2893 4410 sunt
2926 4353 3132 4408 Israel?
3155 4384 3225 4393 ——-
3249 4350 3389 4407 Audi
3426 4368 3440 4403 :
3473 4349 3535 4404 In

1935 4455 2169 4526 ngypto
2212 4452 2345 4507 olim
2400 4450 2568 4505 Israel
2624 4450 2786 4519 longo
2821 4459 3068 4518 tempore
3115 4452 3445 4508 morantem,
3478 4451 3536 4497 ct

1938 4548 2256 4618 polythcum
2288 4542 2670 4614 [Egyptiorum
2714 4540 2922 4595 cultum
2953 4545 3397 4609 cognoscentem,
3424 4549 3535 4587 non

235 4648 557 4715 Αἰγυπτίων
591 4625 1299 4722 μεμαθηκόταθρησκείαν,
1336 4625 1437 4705 οὐκ
1479 4652 1725 4722 ἐναργῶς
1768 4654 1832 4705 τὰ

1943 4640 2089 4693 clara
2133 4636 2200 4691 de
2233 4635 2454 4698 Triade,
2488 4633 2580 4703 qui
2612 4633 2799 4687 omnia
2844 4632 2909 4686 ad
2964 4629 3260 4684 utilitatem
3296 4625 3534 4680 admini-

236 4740 372 4809 περλ⁸
401 4738 502 4809 τῆς
542 4740 773 4811 Τριάδος
796 4743 823 4794 ὁ
848 4741 1027 4795 πάντα
1049 4743 1184 4813 πρὸς
1212 4741 1273 4795 τὸ
1315 4743 1594 4813 συμφέρον
1624 4745 1833 4795 οἰκονο-

240 4830 364 4900 μῶν
406 4830 537 4896 Θεὸς
577 4831 927 4896 ὲξεπαίδευσε
972 4834 1243 4902 δόγματα,
1298 4833 1384 4887 ἵνα
1434 4834 1508 4905 μὴ
1561 4835 1832 4905 πρόφασιν

238 4921 492 4975 ἐντεῦθεν
514 4922 805 4987 πολυθεῖας
819 4923 1020 4987 λαϐὼν,
1048 4927 1128 4988 είς
1151 4927 1249 4995 τὴν
1271 4925 1378 4978 τῶν
1404 4926 1722 4992 Αοὶγυπτίων
1741 4928 1834 4980 καὶ

239 5011 402 5079 αὖθις
451 5017 799 5089 ἐπαναζεύξη
837 5018 1082 5089 πλάνηνο
1132 5019 1217 5086 ἐφ’
1257 5010 1302 5087 ᾧ
1352 5019 1412 5072 τὸ
1458 5018 1559 5081 τῆς
1603 5018 1833 5089 Τριάδος

242 5110 544 5179 μυστήριον
576 5110 761 5179 σοφῶς
807 5113 983 5183 πάντη
1024 5113 1119 5165 καὶ
1153 5111 1517 5182 οἰκονομικῶς
1547 5110 1834 5164 συνεσκία-

242 5218 359 5255 σενο
396 5205 443 5255 εἰ
473 5202 581 5271 γὰρ
622 5204 681 5269 ἐξ
712 5205 888 5276 ἀρχῆς
921 5205 1092 5275 αὐτῆς
1123 5205 1249 5267 τοὺς
1283 5204 1524 5263 τελείους
1566 5204 1837 5274 προσενή-

248 5311 365 5363 δοχε
395 5294 610 5362 λόγους,
642 5296 861 5359 πάντως
898 5295 963 5349 ἂν
989 5297 1017 5347 ὁ
1044 5295 1411 5358 δυσκάθεκτος
1430 5296 1831 5365 ἀπεσκίρτησεγ

253 5386 496 5457 Ἰσραὴλ,
527 5388 623 5441 καὶ
659 5388 796 5458 πρὸς
826 5389 920 5441 τὸν
968 5387 1160 5459 πρώην
1211 5386 1682 5457 ἐπαλινδρόμησεν
1717 5385 1831 5438 ὄλε-

242 5478 392 5548 θρον·
426 5480 476 5531 ει
507 5479 621 5550 γὰρ
659 5481 754 5534 καὶ
788 5480 1029 5535 τοιοῦτον
1074 5480 1287 5534 ἀκούων
1319 5480 1493 5542 οὐδὲν,
1524 5479 1687 5533 αὐτοῦ
1735 5479 1838 5549 μὲν

240 5568 337 5622 τοῦ
362 5571 481 5634 ἐνὸς
504 5572 900 5627 ἐπελανθάνετο
924 5573 1046 5627 καθ’
1073 5573 1223 5644 ὤραν
1253 5572 1412 5637 Θεοῦ,
1448 5572 1749 5643 ὁλοσχερῶς
1778 5572 1838 5625 δὲ

242 5661 343 5731 τῆς
360 5663 745 5735 Αίγυπτιακῆς
772 5665 1027 5728 ἀσεϐείας
1052 5664 1340 5735 ἐξήρτητο,
1362 5663 1414 5716 τί
1434 5663 1535 5716 οὐκ
1557 5663 1622 5716 ἂν
1647 5662 1840 5733 ἐποίη-

250 5770 365 5819 σεν,
410 5757 463 5810 εῐ
511 5773 576 5825 γε
609 5758 954 5828 παραχρῆμα
1006 5759 1280 5829 κατήκοος
1320 5755 1553 5829 Τριάδος
1580 5753 1837 5824 ὲγένετος

1941 4739 2099 4794 strat,
2135 4729 2283 4782 Deus
2317 4726 2545 4780 tradidit
2579 4724 2857 4794 dogmata,
2908 4738 2977 4776 ne
3015 4720 3142 4775 inde
3187 4717 3535 4774 occasionem

1940 4819 2293 4895 polytheismi
2339 4832 2585 4882 sumens,
2620 4815 2675 4870 in
2718 4829 2965 4870 errorem
2997 4811 3372 4883 [Egyptiorum
3407 4826 3534 4864 rur-

1940 4934 2036 4974 sus
2084 4913 2378 4970 incideret.
2412 4908 2783 4977 Quatnobrcm
2832 4904 3055 4960 Triadis
3096 4903 3413 4975 mysterium
3445 4916 3532 4956 sa—

1938 5012 2159 5082 pienter
2203 5003 2500 5061 admodum
2536 5012 2592 5057 et
2628 5000 2841 5056 utiliter
2888 4995 3245 5053 inumbravit.
3284 4994 3340 5050 Si
3384 4994 3533 5049 enim

1940 5120 1971 5158 a
2016 5098 2290 5173 principio
2356 5105 2610 5167 apertum
2663 5093 2732 5149 de
2793 5092 2884 5147 illa
2931 5104 3246 5146 sermonem
3289 5087 3531 5155 tulisset,

1942 5194 2169 5251 omnino
2196 5191 2457 5247 restitans
2483 5187 2803 5243 calcitraret
2839 5184 3031 5249 Israel,
3057 5191 3114 5238 et
3147 5181 3214 5237 ad
3241 5179 3533 5252 pristinam

1943 5292 2318 5345 reverteretur
2355 5280 2750 5353 perditionem.
2803 5277 2859 5333 Si
2908 5276 3058 5333 enim
3107 5274 3245 5331 nihil
3277 5274 3384 5328 tale
3431 5288 3532 5327 au-

1943 5383 2123 5449 diens,
2174 5379 2350 5451 ipsius
2402 5376 2570 5431 unius
2613 5374 2709 5428 Dci
2762 5372 3025 5429 continuo
3075 5367 3532 5435 obliviscebatur,

1942 5488 2281 5548 prorsusque
2334 5486 2403 5526 ex
2460 5467 2839 5539 Egyptiorum
2899 5464 3184 5533 impietate
3232 5458 3532 5532 pendebat,

1943 5567 2079 5640 quid
2116 5582 2226 5621 non
2256 5564 2480 5635 egisset,
2521 5561 2566 5615 si
2608 5559 2793 5615 statim
2826 5558 2892 5613 de
2921 5555 3121 5611 Triade
3151 5561 3340 5624 aperte
3368 5548 3530 5605 audi-

1944 5659 2155 5717 visset?
2184 5658 2287 5713 hos
2318 5657 2469 5727 ipsos
2502 5654 2873 5709 existimasset
2901 5650 2973 5705 ob
3016 5662 3307 5703 numerum
3340 5641 3534 5701 videre

1950 5752 2089 5809 deos
2124 5750 2329 5806 multos
2353 5746 2449 5818 qui
2478 5747 2534 5801 in
2560 5744 2793 5816 {Egypto
2819 5740 3217 5806 adorabantur.

250 5850 444 5913 αὐτοὺς
475 5824 543 5907 ἂν
570 5824 813 5918 ἐκείνους
844 5824 1019 5908 ἐδόκει
1062 5824 1152 5908 διά
1200 5853 1260 5907 τὸ
1300 5824 1504 5922 πλῆθος
1539 5851 1670 5921 ὁρᾷν
1700 5848 1827 5913 τούς
1867 5848 1924 5904 ἐν
1956 5844 2216 5916 Αἰγύπτῳ
2259 5836 2771 5915 προσκυνουμένους
2806 5832 3168 5905 παμπόλλους
3209 5824 3386 5892 θεούς.

322 5962 342 5997 ³
371 5962 509 6021 Gen.
547 5980 700 6031 xvnt,

2711 6076 2821 6112 v"
