4072 6530
597 350 736 418 1279
1798 369 1859 429 8.
1899 369 2165 433 ΑΝΑΞΤ]

2273 373 2302 434 Ῑ
2337 373 2663 436 ΞΙΝΑΙΤἉΕ
3703 388 3818 458 1280

664 471 852 528 Habeo
879 483 1061 529 autem
1089 475 1188 531 tibi
1211 476 1359 533 aliud
1383 478 1451 534 de
1473 479 1560 535 his
1580 480 1876 537 dicendum
1907 503 1920 539 :
1948 484 2165 551 Quandc

2353 487 2504 559 Ἔχω
2533 487 2590 543 δέ
2618 507 2700 542 σοι
2726 490 2818 544 καὶ
2839 489 3030 564 ἕτερον
3054 491 3148 547 ἐπὶ
3173 493 3388 559 τούτοις
3411 495 3580 552 εἰπεῖν
3602 515 3616 531 ο
3655 501 3819 576 ἐπειδὴ

587 564 843 620 Christus
886 566 1163 623 hominem
1195 586 1253 625 se
1291 586 1434 638 esse,
1471 589 1580 628 non
1621 575 1836 630 tandem
1875 577 2070 642 Deum,
2117 588 2165 634 ul

2277 579 2306 632 6
2325 580 2562 650 Χριστὸς
2588 579 2875 652 ἄνθρωπον
2905 583 3120 651 ἑαυτὸν,
3153 585 3216 639 οὐ
3263 585 3446 657 μέντοι
3485 587 3647 656 Θεὸν,
3677 592 3744 657 ὡς
3769 564 3820 649 σθ

592 668 651 714 ιιι
681 659 921 727 testaris,
957 660 1198 727 dicebat,
1237 679 1338 719 cur
1364 681 1490 720 eum
1518 667 1879 724 cruciﬁxisti?
1907 686 2016 725 non
2045 688 2165 742 pro-

2280 675 2603 744 μαρτυρεῖς,
2641 674 2828 744 ἔλεγεν
2853 673 3016 744 εἶναι,
3071 678 3190 743 πῶς
3237 679 3404 735 αὐτὸν
3458 682 3821 755 ὲσταύρωσας;

589 759 713 820 pter
748 751 887 806 hoc?
925 763 979 806 et
1011 769 1183 822 quare
1220 754 1670 826 igitur?——Quia
1713 761 1888 829 legem
1935 763 2165 819 violabal

2277 760 2394 816 ἀλλ’
2446 763 2506 814 οὐ
2552 762 2642 817 διὰ
2683 764 2874 832 τοῦτο;
2912 766 3005 820 καὶ
3041 766 3198 833 τίνος
3224 768 3450 838 ’ἐνεκεν;
3493 770 3583 836 Ὠς
3616 791 3824 844 παρανο-

588 848 646 898 et
676 841 1208 903 Sabbatasolvebat.
1232 879 1304 888 —
1324 850 1391 904 Et
1423 853 1701 921 quomodo
1736 854 1841 909 hoc
1885 855 2018 927 egit,
2052 856 2165 912 dici

2281 854 2486 925 μοῦντα
2516 857 2608 908 καὶ
2655 855 2725 910 τά
2767 856 3026 912 Σάϐϐατα
3055 858 3274 916 λύοντα.
3326 863 3436 916 Καὶ
3460 864 3576 927 πῶς
3614 841 3702 918 καί
3725 869 3825 922 τίνα

588 934 735 1004 quod
760 936 1122 1008 paralyticum
1153 938 1210 994 in
1241 939 1484 998 Sabbato
1512 945 1796 1001 ambulare
1831 946 1996 1002 fecit?
2023 948 2165 1017 quod

2277 945 2498 1015 τρόπον,
2539 947 2681 1001 είπέ.
2741 948 2866 1002 Ὅτι
2901 949 2993 1003 τὸν
3027 952 3340 1022 παράλυτον
3382 954 3440 1007 ἐν
3464 955 3718 1028 Σαϐϐάτῳ
3751 959 3827 1031 βα-

587 1023 1010 1081 decumbentem
1037 1027 1091 1081 in
1123 1029 1265 1085 lecto
1291 1033 1502 1088 erexit?
1529 1035 1675 1102 quod
1713 1045 1992 1091 mortuum
2037 1054 2165 1108 qua-

2277 1035 2759 1110 δίζεινὲποίησεν;
2811 1042 2894 1096 ὅτι
2940 1044 3040 1114 τὴν
3097 1046 3522 1115 συγκύπτουσαν
3565 1048 3823 1120 ὢρθωσεν;

587 1117 907 1172 triduanum
936 1121 1260 1176 suscitavit?
1283 1134 1337 1179 et
1371 1125 1554 1195 qualis
1585 1136 1670 1182 est
1701 1127 1806 1183 hoc
1830 1129 1967 1200 legis
1998 1129 2165 1186 viola-

2275 1123 2357 1177 ὅτι
2391 1125 2584 1197 νεκρὸν
2611 1129 2990 1202 τετραήμερον
3015 1131 3206 1203 ἤγειρε
3232 1151 3247 1202 ;
3281 1137 3376 1188 καὶ
3402 1137 3534 1189 ποία
3565 1137 3716 1194 τοῦτο
3743 1161 3828 1197 πα·

585 1207 700 1262 tio?
728 1209 821 1278 qui
848 1210 1158 1282 jumentum
1184 1214 1372 1270 educit
1399 1232 1428 1271 e
1450 1217 1595 1272 fossa
1624 1219 1712 1273 die
1740 1219 1964 1276 Sabbati
1997 1222 2165 1294 legem

2279 1218 2547 1287 ρανομία;
2603 1221 2632 1274 6
2678 1220 2739 1275 τὸ
2779 1223 2975 1293 κτῆνος
3021 1225 3243 1295 ἀνάγων
3286 1229 3351 1282 ὲκ
3400 1228 3596 1302 βόθρου
3630 1235 3830 1290 κατὰτὸ

584 1305 794 1360 violare
837 1322 946 1361 non
982 1309 1204 1377 dicitur,
1233 1321 1289 1366 et
1322 1313 1416 1382 qui
1459 1325 1739 1369 mortuum
1791 1318 2165 1375 maleolentem

2276 1307 2555 1364 Σάϐϐατον
2577 1317 2921 1384 παρανομεῖν
2948 1316 3009 1370 οὐ
3047 1315 3413 1387 λέγεται,κώ
3450 1325 3478 1376 6
3507 1324 3695 1397 νεκρὸν
3715 1326 3828 1382 οδω-

586 1396 655 1451 ad
677 1397 847 1453 vitam
869 1398 1088 1456 reducit
1109 1403 1282 1474 legem
1307 1406 1509 1460 violat?
1529 1405 1572 1460 Ο
1596 1407 1860 1478 injustum
1878 1411 2165 1481 judicium,

2274 1399 2402 1454 δότα
2448 1399 2677 1467 ζωὼσας
2711 1411 3058 1479 παρανομεῖ;
3098 1410 3162 1463 ’Ὠ
3210 1413 3310 1482 τῆς
3351 1414 3542 1468 ἀδίκου
3587 1396 3826 1487 κρίσεωςῑ

588 1504 621 1541 o
655 1488 987 1546 dementiam
1037 1498 1304 1550 vestram!
1355 1498 1448 1566 qui
1476 1498 1787 1567 jumentum
1841 1503 2039 1558 melius
2071 1504 2165 1559 bo-

2275 1490 2320 1545 ὥ
2346 1492 2448 1562 τῆς
2480 1495 2866 1566 παραπληξίας
2893 1499 3082 1570 ὑμῶνί
3144 1503 3227 1556 ὅτι
3267 1504 3328 1556 τὺ
3373 1506 3574 1576 κτῆνος
3610 1512 3829 1578 κρεῖσσον

588 1579 737 1635 tnine
762 1595 860 1635 vos
896 1582 996 1651 ipsi
1033 1584 1278 1654 iumenta
1303 1587 1596 1658 judicatisl
1637 1589 1743 1646 Sed
1782 1593 1916 1662 quid
1960 1605 2165 1650 tantum

2275 1583 2568 1656 ἀνθρώπου
2596 1589 2727 1659 παρ’
2758 1591 2888 1658 ὑμῖν
2910 1595 3025 1656 τοῖς
3052 1595 3274 1664 κτήνεσι
3319 1596 3572 1668 κρίνεται
3591 1618 3606 1632 ο
3638 1600 3762 1654 ἀλλὰ
3788 1605 3828 1656 τί

589 1666 857 1723 honorem
909 1670 1132 1728 Sabbati
1184 1674 1452 1743 defendis,
1496 1695 1527 1733 ο
1578 1680 1826 1750 improbe
1871 1694 1927 1740 et
1969 1687 2165 1741 stultei

2273 1677 2530 1732 τοσοῦτον
2559 1679 2760 1752 ἀντέχῃ
2789 1683 2890 1753 τῆς
2921 1685 3015 1738 τοῦ
3049 1687 3336 1742 Σαϐϐἀτου
3362 1666 3565 1763 τιμῆς,
3618 1687 3661 1746 ὧ
3701 1694 3828 1749 ἄθλιε

589 1755 730 1813 Olim
756 1760 901 1815 Deus
925 1764 1249 1834 praecipiens
1277 1767 1535 1824 honorari
1565 1770 1886 1841 Sabbatum,
1911 1785 1967 1831 et
1991 1777 2045 1831 in
2067 1778 2165 1833 hoc

2278 1773 2344 1825 σὺ
2380 1772 2476 1825 καὶ
2504 1775 2738 1846 ἀνόητε;
2777 1777 2944 1832 πάλαι
2970 1781 2998 1832 6
3029 1781 3161 1846 Θεὸς
3184 1755 3571 1854 ἐντειλάμενος
3595 1788 3828 1858 τιμᾶσθαι

589 1867 753 1906 omne
795 1869 935 1924 opus
961 1856 1118 1911 vobis
1147 1859 1472 1928 prohibens,
1508 1863 1792 1933 infantem,
1825 1868 1868 1922 si
1898 1877 2022 1924 octo
2053 1870 2165 1926 die-

2275 1863 2338 1917 τδ
2357 1835 2654 1933 Σάϐϐατον,
2699 1835 2795 1921 καὶ
2828 1870 2886 1922 ὲν
2913 1870 3062 1943 αὐτῷ
3098 1835 3266 1944 μῆδὲν
3285 1835 3789 1948 ήομὲξέρξάξςῖσθαι
3817 1921 3828 1943 .

589 1961 712 2000 rum
762 1947 1002 2005 Sabbato
1051 1968 1172 2008 esse
1218 1957 1582 2029 contingeret,
1630 1962 1948 2018 circumcidi
1999 1965 2165 2024 libere

2275 1953 2488 2010 παιδίον
2515 1955 2572 2010 δὲ
2603 1959 2651 2011 εἰ
2676 1958 2827 2030 τύχοι
2862 1960 3210 2035 ὀκταήμερον
3232 1965 3382 2020 λύειν
3419 1947 3728 2038 Σάϐϐατον,
3753 1977 3829 2026 καὶ

588 2038 796 2105 sinens,
835 2041 983 2097 clare
1030 2047 1293 2112 ostendit,
1328 2064 1451 2104 cum
1502 2052 1722 2108 tandem
1756 2054 2025 2113 incideret
2066 2059 2176 2114 cir-

587 2132 945 2190 cumcisionis
976 2145 1205 2194 octavus
1236 2140 1374 2207 dies,
1418 2143 1566 2199 hunc
1605 2156 1857 2202 sanctum
1894 2158 1950 2206 et
1984 2151 2173 2208 Domi-

585 2222 771 2276 nicum
798 2240 952 2293 esse;
984 2245 1112 2283 nam
1139 2241 1263 2301 post
1287 2235 1582 2305 septimum
1612 2237 1714 2294 iste
1743 2249 1847 2306 est,
1874 2242 1999 2299 ideo
2025 2255 2174 2301 octa-

585 2329 689 2369 vus
722 2327 974 2386 vocatur,
1022 2321 1076 2376 in
1129 2339 1239 2394 quo
1286 2325 1513 2384 Sabbati
1549 2330 1727 2387 honor
1755 2335 2020 2391 solvetur.
2049 2337 2172 2394 Cir-

585 2409 851 2464 cumcisio
881 2422 1066 2469 autem
1095 2415 1207 2471 dici
1240 2426 1420 2488 potest
1449 2423 1734 2492 aptissime
1767 2443 1782 2480 :
1811 2427 1865 2482 in
1897 2428 1988 2484 illa
2023 2430 2170 2486 enim

583 2515 614 2554 e
664 2504 898 2558 mortuis
940 2509 1204 2565 suscitato
1252 2512 1485 2569 Domino
1529 2526 1717 2574 nostro
1747 2520 1877 2575 Jesu
1924 2522 2167 2591 Christo,

583 2603 870 2662 peccatum
901 2598 1290 2659 circumcisum
1326 2613 1431 2668 est,
1462 2616 1518 2662 et
1551 2608 1948 2668 daemoniorum
1978 2631 2171 2686 super-

583 2685 674 2741 bia
705 2687 917 2759 dejecta
943 2702 1050 2750 est.
1087 2694 1194 2750 Sed
1239 2697 1372 2767 quid
1414 2702 1586 2756 multa
1614 2703 1838 2761 dicere?
1863 2708 1994 2762 olim
2024 2685 2170 2768 Deus

583 2777 809 2836 Sabbati
839 2785 1170 2843 solutionem
1199 2790 1534 2862 significavit
1557 2811 1701 2862 esse,
1728 2800 2166 2872 translationem,

581 2878 638 2925 et
659 2886 761 2943 per
789 2878 970 2932 octavi
1003 2880 1115 2936 diei
1153 2882 1656 2952 circumcisionem,
1686 2900 1750 2944 ut
1781 2891 1894 2963 jam
1923 2895 2170 2950 ostendi-

581 2980 742 3031 mus,
792 2985 896 3024 nec
923 2973 1107 3029 minus
1154 2987 1340 3031 autem
1395 2996 1496 3050 per
1535 2981 1828 3038 Jercmiam
1869 2985 1910 3050 ⁸,
1946 2988 2168 3057 quando

581 3060 746 3114 statui
795 3061 1211 3122 Testamentum
1261 3070 1474 3127 Novum
1534 3076 1806 3144 promisit.
1867 3079 1946 3134 Ne
1998 3082 2167 3153 igitur

2273 2048 2571 2115 ἀκωλύτως
2605 2052 2738 2106 αὐτὸ
2768 2055 3122 2126 περιτέμνειν
3145 2097 3159 2122 ,
3217 2060 3406 2129 σαφῶς
3436 2063 3703 2133 ἐδήλωσεν
3727 2107 3739 2130 ,
3771 2065 3830 2129 ὡς

2273 2140 2540 2213 ἐλθούσης
2600 2141 2698 2213 ὀψέ
2755 2161 2888 2198 ποτε
2942 2147 3043 2215 τῆς
3086 2147 3255 2213 ὅντως
3296 2151 3494 2221 ὀγδόης
3533 2159 3828 2228 περιτομῆς,

2271 2235 2394 2304 ἥτις
2429 2233 2576 2288 ἐστὶν
2615 2236 2747 2304 ἁγία
2779 2239 3057 2310 Κυριακή.
3088 2243 3244 2297 Μετὰ
3274 2244 3384 2315 γάρ
3419 2246 3658 2318 ἑϐδόμην
3681 2248 3828 2319 αὕτη,

2273 2327 2359 2395 ἐφ’
2453 2328 2548 2381 καὶ
2577 2329 2739 2399 ὀγδόη
2766 2332 3032 2396 καλεῖται,
3071 2335 3103 2403 ἡ
3135 2335 3226 2388 τοῦ
3257 2336 3545 2390 Σαϐϐάτου
3579 2341 3712 2410 τιμὴ
3751 2359 3826 2393 κα-

2270 2417 2638 2488 ταλυθήσεται
2661 2437 2674 2451 ·
2697 2422 2970 2494 περιτομὴ
3002 2422 3058 2475 δὲ
3095 2423 3295 2494 λέγοιτ’
3320 2427 3385 2480 ἂν
3411 2427 3508 2482 καὶ
3539 2429 3686 2496 μάλα
3708 2430 3830 2482 εἰκό-

2269 2527 2378 2572 τως
2398 2523 2411 2540 ⁰
2438 2511 2496 2564 ἐν
2522 2513 2659 2583 αὐτῇ
2691 2516 2796 2586 γάρ
2835 2516 2900 2568 ὲκ
2929 2517 3142 2585 νεκρῶν
3184 2518 3507 2590 ὲγερθέντος
3527 2518 3624 2573 τοῦ
3651 2521 3830 2591 Κυρίου

2269 2600 2430 2670 ἡμῶν
2463 2600 2642 2672 Ἰησοῦ
2677 2605 2936 2675 Χριστοῦ,
2987 2607 3082 2660 καὶ
3115 2609 3149 2677 ἡ
3188 2609 3436 2679 ἁμαρτία
3472 2611 3828 2683 περιετμήθη,

2271 2698 2427 2769 καὶὴ
2466 2698 2575 2752 τῶν
2623 2699 2896 2771 δαιμόνων
2937 2700 3110 2772 ὀφρῦς
3155 2703 3443 2776 καθῃρέθη
3473 2721 3488 2735 ·
3515 2706 3612 2760 καὶ
3649 2706 3702 2760 τί
3744 2707 3832 2779 χρὴ

2269 2787 2443 2842 πολλὰ
2481 2788 2695 2859 λέγειν;
2727 2793 2895 2846 πάλαι
2935 2793 2965 2846 6
2999 2793 3132 2858 θεὸς
3159 2795 3257 2867 τὴν
3299 2799 3395 2850 τοῦ
3448 2799 3728 2853 Σαϐϐάτου
3750 2816 3832 2852 κα-

2269 2879 2494 2934 τάλυσιν
2525 2882 2750 2952 ᾐνίξατο
2783 2885 3108 2958 μεταϐολὴν,
3143 2887 3238 2940 καὶ
3265 2887 3354 2942 διὰ
3382 2891 3484 2961 τῆς
3512 2887 3831 2962 ὀκταημέρου

2271 2974 2597 3045 περιτομῆς,
2638 2975 2714 3039 ὠς
2746 2976 2847 3047 ἤδη
2883 2978 3192 3047 φθάσαντες
3232 2980 3465 3051 εἴπομεν
3493 2998 3509 3012 ο
3551 2984 3649 3054 οὐχ
3694 2978 3843 3056 ἧττον.

2268 3064 2326 3117 δὲ
2377 3067 2472 3118 καὶ
2519 3066 2610 3120 διά
2656 3067 2750 3121 τοῦ
2785 3070 3054 3142 Ἱερεμίου
3100 3071 3361 3142 ὕστερον,
3405 3075 3574 3145 ἡνίκα
3601 3075 3832 3131 διαθεῖναι

580 3151 810 3210 moleste
834 3154 999 3224 feras,
1024 3175 1205 3231 neque
1232 3172 1424 3219 contra
1452 3182 1551 3221 nos
1580 3169 1910 3239 disputando
1935 3151 2165 3244 pugnes,

2271 3155 2550 3228 Διαθήκην
2583 3160 2794 3232 Καινὴν
2834 3163 3220 3231 ἐπηγγείλατο.
3250 3166 3342 3234 Μὴ
3365 3162 3463 3223 οὖν
3495 3168 3830 3241 δυσχέραινε,

581 3245 629 3298 si
669 3261 796 3301 cum
841 3249 1069 3322 reliquis
1118 3252 1345 3311 Sabbati
1381 3258 1561 3316 honor
1608 3263 1964 3320 transfertur.
2011 3267 2165 3324 Novo

580 3337 732 3392 enim
760 3338 1134 3410 Testamento,
1164 3347 1350 3404 omnia
1383 3367 1526 3407 nova
1555 3369 1677 3409 esse
1714 3356 1917 3412 debent
1960 3369 2015 3414 et
2047 3362 2168 3433 ejus

581 3431 856 3503 dogmata.
904 3437 1120 3493 Novum
1175 3451 1360 3496 autem
1423 3447 1651 3502 omnino
1699 3447 1834 3502 illud
1884 3459 1968 3506 est
2018 3431 2167 3522 quod

580 3542 733 3584 nunc
772 3529 1086 3588 institutum
1116 3543 1222 3600 est,
1254 3552 1356 3592 nec
1382 3537 1460 3593 illi
1493 3539 1671 3596 simile
1701 3543 1846 3612 quod
1878 3545 2164 3615 prmteriit,

581 3636 686 3676 nec
731 3635 818 3678 est
861 3639 965 3680 nec
996 3624 1249 3694 videtur;
1285 3639 1341 3686 et
1393 3631 1500 3687 hoc
1549 3643 1738 3704 aperte
1774 3637 2039 3695 Dominus
2072 3640 2167 3696 de-

581 3712 810 3769 claravit
859 3733 874 3770 :
925 3735 944 3770 ι
977 3717 1224 3779 Statuam
1276 3721 1687 3781 Testamentum
1747 3729 1994 3797 Novum,
2054 3748 2167 3788 non

579 3805 741 3872 quale
785 3809 955 3862 statui
1003 3809 1255 3880 patribus
1301 3815 1521 3882 vestris,
1574 3832 1701 3874 cum
1749 3819 1914 3876 eduxi
1958 3837 2055 3878 eos
2097 3839 2166 3879 ex

577 3892 814 3968 .lEgypto
842 3896 888 3954 ⁸.
926 3918 946 3953 ι

647 4073 706 4131 Si
730 4091 863 4133 vero
892 4077 968 4134 ita
1000 4078 1093 4135 illa
1118 4093 1177 4136 se
1208 4081 1434 4148 habent,
1462 4093 1520 4140 et
1562 4084 1789 4144 Sabbati
1830 4089 2165 4149 solutionem

577 4162 736 4221 decet
760 4167 974 4236 videre,
998 4179 1051 4225 et
1081 4171 1520 4231 circumcisionis
1547 4180 1927 4248 mutationem,
1946 4193 2003 4238 et
2026 4185 2167 4240 mul-

575 4265 758 4314 torum
807 4260 1041 4316 aliorum
1093 4265 1228 4333 legis
1273 4276 1695 4337 praeceptorum.
1747 4271 1802 4326 Si
1847 4274 1995 4328 enim
2048 4275 2164 4332 Mo-

574 4351 722 4406 saica
766 4351 856 4407 illa
905 4362 963 4410 et
1007 4366 1200 4410 caetera
1258 4359 1574 4429 praescripta
1623 4376 1840 4432 semper
1887 4365 2166 4423 debebant

570 4457 918 4514 permanere,
953 4456 1010 4503 et
1052 4464 1228 4519 usque
1261 4450 1330 4504 ad
1379 4451 1543 4506 ﬁnem
1586 4454 1904 4511 firmitatem
1949 4468 2160 4527 tenere,

2275 3247 2413 3319 μηδὲ
2447 3249 2572 3303 καθ’
2611 3251 2768 3322 ἡμῶν
2819 3254 3112 3324 ἐριστικῶς
3161 3256 3454 3329 διαμάχου,
3507 3259 3566 3312 εἴ
3609 3277 3670 3330 γε
3717 3259 3833 3333 πρὸς

2269 3343 2382 3403 τοῖς
2411 3341 2591 3406 ἄλλοις
2615 3344 2709 3397 καὶ
2753 3345 2786 3417 ὴ
2823 3345 2918 3399 τοῦ
2957 3347 3238 3403 Σαϐϐάτου
3281 3349 3419 3422 τιμὴ
3467 3352 3828 3423 μετατίθεται·

2269 3434 2477 3505 Καινῆς
2506 3435 2615 3506 γάρ
2646 3435 2814 3508 οὔσης
2862 3439 2962 3511 τῆς
2996 3440 3271 3513 Διαθήκης
3296 3481 3311 3506 ,
3343 3443 3514 3498 καινά
3555 3461 3676 3498 τινα
3713 3439 3831 3498 εἶναι

2267 3523 2543 3592 ὀφείλουσι
2591 3526 2686 3579 καὶ
2733 3528 2800 3582 τά
2851 3529 3062 3600 ταύτης
3107 3530 3456 3602 θεσπίσματα
3492 3548 3509 3566 ⁶
3564 3534 3740 3588 καινὸν
3785 3533 3830 3586 δὲ

2269 3615 2490 3680 πάντως
2533 3618 2710 3672 ἐκεῖνό
2740 3620 2856 3673 ἐστι
2901 3620 2964 3675 τὸ
3010 3622 3105 3676 νῦν
3154 3624 3572 3695 προτιθέμενον,
3628 3625 3716 3679 καὶ
3767 3623 3829 3696 μὴ

2268 3705 2467 3758 ταυτὸν
2509 3707 2588 3778 τῷ
2633 3709 3074 3781 παρεληλυθότι,
3117 3712 3212 3765 καλ⁵
3244 3712 3302 3766 δν
3339 3714 3433 3766 καὶ
3485 3713 3792 3784 φαινόμενον
3815 3728 3827 3744 ο

2268 3797 2364 3850 καὶ
2392 3797 2552 3851 τοῦτο
2579 3797 2756 3870 δηλῶν
2781 3802 2811 3855 6
2840 3799 3047 3872 Κύριος
3077 3801 3252 3871 ἔλεγεο
3298 3823 3318 3856 ι
3347 3803 3688 3874 Διαθήσομαι
3719 3805 3830 3854 Δια-

2269 3885 2444 3957 θήκην
2477 3889 2689 3960 Καινὴν
2718 3931 2732 3956 ,
2793 3892 2892 3962 οὐχ
2937 3891 3058 3946 οἵαν
3105 3892 3364 3964 διεθέμην
3415 3896 3535 3958 τοῖς
3584 3894 3830 3966 πατράσιν

2270 3979 2446 4048 ὑμῶν,
2479 3979 2693 4050 ἐξάγων
2728 3983 2927 4046 αὐτοὺς
2958 3983 3018 4050 ἐξ
3047 3983 3348 4054 Αἰγύπτου.
3387 4005 3407 4038 υ

2343 4072 2404 4126 Et
2429 4071 2488 4126 δὲ
2515 4071 2690 4128 ταῦτα
2711 4072 2886 4139 οὕτως
2915 4073 3033 4145 ἔχει
3058 4114 3072 4140 ,
3111 4077 3209 4130 καὶ
3234 4075 3524 4131 Σαϐϐάτω
3563 4075 3828 4132 κατάλυσιν

2269 4165 2417 4227 εἰκός
2455 4165 2605 4220 ἐστιν
2663 4166 2812 4233 ἰδεῖν,
2863 4167 2962 4222 καὶ
3008 4167 3314 4239 περιτομῆς
3359 4168 3696 4240 ἐναλλαγὴν,
3747 4166 3829 4221 καὶ

2268 4256 2478 4319 πολλῶν
2516 4258 2720 4330 ἑτέρων
2752 4259 2992 4330 νομικῶν
3025 4261 3327 4328 διατάξεων
3347 4277 3362 4297 α
3393 4262 3440 4316 εί
3474 4261 3589 4333 γάρ
3631 4261 3696 4314 τὰ
3715 4260 3828 4316 Μω-

2270 4352 2435 4404 σαῖκά
2472 4351 2656 4406 ἐκεῖνα
2693 4353 2790 4406 καὶ
2823 4353 3034 4408 παλαιὰ
3070 4355 3421 4425 διατάγματα
3448 4357 3531 4418 είς
3561 4355 3645 4408 ἀεὶ
3674 4368 3827 4423 παρα·

2273 4444 2455 4516 μένειν
2487 4444 2682 4515 ἔμελλε
2709 4489 2724 4511 ,
2763 4447 2859 4501 καὶ
2897 4447 3062 4520 μέχρι
3090 4448 3277 4512 τέλους
3302 4448 3365 4502 τὸ
3412 4449 3614 4517 πάγιον
3661 4447 3790 4516 ἔχειν
3811 4483 3824 4505 ,

571 4551 685 4592 non
726 4537 937 4594 diceret
965 4540 1112 4598 Deus
1154 4557 1254 4613 per
1285 4543 1578 4600 Jeremiam
1626 4549 1893 4606 transisse
1935 4563 2159 4622 vetera,

2268 4540 2366 4591 οὐκ
2393 4537 2463 4592 ’ἂν
2497 4538 2653 4608 ἔλεγε
2703 4539 2792 4593 διὰ
2846 4540 2943 4594 τοῦ
2990 4539 3254 4612 Ἰερεμίου
3291 4541 3588 4614 παρελθεῖν
3639 4541 3733 4610 μὲν
3770 4536 3826 4591 τά

573 4629 791 4701 aliaque
820 4647 922 4702 pro
967 4633 1075 4689 illis
1119 4651 1256 4690 nova
1289 4638 1611 4694 succedere.
1655 4639 1813 4708 Quod
1859 4643 1932 4699 sit
1974 4655 2159 4702 autem

570 4719 787 4775 Novum
823 4723 969 4779 istud
998 4725 1410 4784 Testamentum
1433 4770 1447 4795 ,
1495 4738 1550 4785 et
1594 4731 1648 4786 in
1691 4748 1801 4803 quo
1826 4733 1987 4790 detur
2014 4737 2158 4806 loco,

571 4807 742 4866 Isaias
788 4809 951 4867 docet
1000 4819 1052 4870 te
1089 4814 1320 4872 dicens:
1359 4837 1379 4871 ‹
1419 4819 1497 4874 Ex
1543 4819 1674 4877 Sion
1725 4823 1900 4880 exibit
1943 4825 2052 4892 lex,
2103 4839 2161 4884 et

570 4901 803 4959 verbum
834 4904 1051 4961 Domini
1087 4923 1118 4963 e
1148 4908 1450 4967 Jerusalem
1485 4913 1526 4979 ⁸,
1578 4933 1599 4967 ι
1635 4915 1731 4970 sed
1763 4917 1890 4974 vide
1932 4919 2030 4974 Dei
2071 4936 2159 4977 sa-

571 4991 840 5061 pientiam
872 5012 884 5049 :
918 5002 1068 5052 tuam
1105 5000 1255 5056 enim
1299 5003 1611 5072 prasvidens
1643 5007 2072 5065 obstinationem
2105 5021 2162 5067 et

572 5083 1039 5154 incredulitatem,
1059 5105 1160 5161 per
1184 5108 1356 5150 unum
1371 5095 1696 5166 pr0phetam
1717 5097 1784 5153 de
1805 5099 1959 5155 Novo
1977 5100 2166 5157 Testa-

572 5185 762 5232 mento
788 5177 1110 5250 declaravit,
1147 5198 1247 5254 per
1278 5185 1510 5242 alterum
1542 5195 1726 5242 autem
1770 5188 1950 5259 ipsum
1981 5201 2166 5247 osten-

573 5268 656 5326 dit
679 5269 887 5339 locum,
922 5273 980 5330 in
1013 5290 1123 5345 quo
1155 5277 1279 5333 talis
1310 5278 1492 5335 locum
1535 5279 1763 5336 habebit
1798 5281 1934 5353 legis
1965 5283 2162 5339 condi.

574 5363 673 5428 tio.
721 5363 953 5422 Frustra
1000 5365 1240 5440 denique
1289 5369 1512 5428 Sabbati
1564 5372 1834 5429 honorem
1883 5374 2154 5441 defendis,

570 5453 774 5528 frustra
805 5457 1287 5517 circumcisionem
1307 5463 1513 5534 jactas;
1561 5465 1973 5526 Testamentum
2007 5468 2155 5523 enim

569 5547 784 5620 Novum
812 5550 955 5607 Deus
980 5551 1299 5620 instituens,
1329 5555 1447 5611 haec
1473 5557 1655 5612 omnia
1683 5557 1976 5615 destruxit.
2009 5559 2158 5615 Prte-

572 5647 742 5714 terea,
774 5657 901 5698 eum
928 5646 1082 5702 velut
1103 5645 1322 5720 signum
1347 5647 1694 5708 circumcisio
1735 5649 1861 5706 data
1905 5651 1996 5719 sit,
2024 5653 2156 5723 quid

640 5829 890 5896 *Jerem.
922 5847 1068 5899 xxxi,
1104 5835 1190 5890 51.
1271 5837 1291 5869 ⁸
1323 5830 1456 5889 ibid.
1496 5836 1582 5890 52.
1666 5837 1906 5904 “15.1.11,
1951 5841 2005 5903 5,

2269 4630 2479 4684 παλαιὰ
2501 4671 2516 4689 .
2547 4630 2712 4703 ἕτερα
2747 4631 2805 4686 δὲ
2847 4632 2978 4686 ἀντὶ.
3000 4631 3206 4687 τούτων
3231 4633 3392 4688 καινά
3421 4633 3708 4688 εἰσελθεῖν.
3739 4628 3822 4692 Τίς

2267 4721 2322 4776 δὲ
2357 4724 2388 4794 ἡ
2423 4723 2602 4792 Καινὴ
2628 4721 2766 4794 αὕτη
2789 4722 3031 4795 Διαθῆκη
3052 4763 3067 4788 ,
3095 4726 3191 4779 καὶ
3217 4727 3274 4779 ὲν
3297 4727 3434 4797 ποίῳ
3454 4727 3654 4780 δίδοται
3673 4726 3820 4794 τόπῳ,

2279 4814 2507 4878 Ἦσαῒας
2529 4815 2730 4882 διδάξει
2761 4832 2819 4869 σε
2857 4815 3032 4885 λέγων
3058 4831 3073 4848 ·
3111 4834 3131 4868 ι
3182 4818 3278 4872 Ἐκ
3319 4816 3460 4871 Σιὼν
3507 4815 3823 4885 ἐξελεύσεται

2265 4907 2447 4978 νόμος,
2476 4907 2571 4961 καὶ
2596 4907 2752 4977 λόγος
2778 4909 2986 4980 Κυρίου
3016 4907 3074 4975 ἐξ
3111 4907 3418 4980 ἰερουσσλή
3430 4927 3488 4980 μ.
3521 4928 3540 4962 ι
3585 4907 3714 4962 Ἀλλ’
3736 4905 3822 4974 ὅρα

2265 5001 2460 5070 σοφίαν
2488 4998 2623 5054 Θεοῦ
2654 5015 2668 5031 ο
2713 4999 2814 5071 τὴν
2845 4999 2956 5072 γὰρ
3003 5001 3102 5073 σὴν
3142 4999 3409 5073 προειδὼς
3448 4999 3703 5072 ἀνηκοΐαν
3741 4993 3819 5049 καὶ

2263 5093 2544 5160 ἀπιστίαν,
2581 5092 2670 5148 διὰ
2697 5094 2853 5149 τοῦδε
2882 5096 2979 5166 μὲν
3001 5093 3095 5150 τοῦ
3122 5096 3402 5167 προφήτου
3434 5096 3563 5166 περὶ
3591 5095 3684 5163 τῆς
3703 5092 3816 5144 Και-

2262 5185 2360 5255 νῆς
2389 5186 2780 5258 ὑπεσημήνατο
2803 5187 3078 5260 Διαθήκης
3097 5205 3112 5221 ο
3141 5189 3211 5242 δι’
3242 5186 3451 5242 ἐκείνου
3490 5187 3548 5240 δὲ
3567 5187 3659 5240 καὶ
3680 5180 3814 5237 αὑτὸν

2261 5279 2530 5350 ἐδήλωσεν
2555 5281 2650 5336 τὸν
2673 5281 2862 5349 τόπον,
2898 5274 3017 5352 ὲνῷ
3051 5283 3084 5354 ἡ
3111 5282 3338 5352 τοιαύτη
3380 5279 3576 5351 ἔμελλε
3623 5277 3812 5346 δοθῆναι

2265 5372 2559 5444 νομοθεσία
2582 5389 2597 5405 ⁸
2638 5375 2815 5447 μάτην
2845 5374 3031 5429 λοιπὸν
3057 5375 3262 5450 ἀντέχῃ
3286 5373 3390 5446 τῆς
3424 5373 3520 5427 τοῦ
3564 5367 3810 5427 Σαϐϐάτου

2263 5467 2430 5537 τιμῆς
2454 5481 2468 5496 ⁶
2497 5467 2672 5538 μάτην
2715 5466 2877 5542 ἐξέχῃ
2909 5469 3008 5538 τῆς
3053 5468 3359 5540 περιτομῆς
3389 5483 3404 5500 ·
3438 5465 3703 5536 Διαθήκην
3731 5453 3810 5512 καὶ

2263 5559 2374 5632 γὰρ
2399 5560 2428 5612 6
2454 5559 2587 5624 Θεὸς
2612 5560 2820 5632 Καινὴν
2852 5559 3156 5632 παρασχὼν
3177 5600 3195 5628 ,
3226 5561 3399 5615 ταῦτα
3430 5558 3607 5613 πάντα
3628 5549 3804 5622 κατήρη

2265 5668 2433 5725 γησεν
2456 5669 2468 5684 ⁶
2503 5648 2678 5718 ἄλλως
2707 5670 2788 5721 τε,
2817 5651 3048 5726 σημείου
3077 5652 3262 5708 ἕνεκεν
3283 5651 3525 5723 δοθείσης
3549 5647 3644 5718 τῆς
3669 5654 3802 5713 περι*
