4072 6516
234 345 375 414 1281

1630 345 2095 412 FRAGMENTA
2108 395 2119 408 .

3373 349 3510 416 1282

230 460 430 533 τομῆς,
464 444 523 513 τί
544 456 688 531 μέγα
712 458 887 531 φυσᾷς
926 456 1014 512 ἐπ’
1051 457 1223 530 αὐτῇς
1266 456 1382 522 πῶς
1427 459 1484 513 δὲ
1517 458 1613 514 καὶ
1651 460 1810 532 ἡμῶν

1924 466 2126 514 tantum
2159 454 2227 512 de
2268 453 2362 512 illa
2405 454 2654 512 inﬂaris?
2685 442 2964 526 quonfodo
3014 458 3071 514 in
3117 474 3221 515 nos
3267 459 3510 534 insurgis

233 551 552 625 κατεπαίρῃ
567 551 678 605 τῶν
701 551 1128 623 άπεριτμήτωνς
1150 550 1214 604 σὺ
1239 550 1659 623 περιτέμνεσθαι
1681 569 1820 606 κατ-

232 640 528 715 αναγκάζῃ
559 643 744 712 σαρκὶ,
785 640 897 710 ἐγὼ
923 641 981 695 δὲ
1027 644 1094 712 τῇ
1123 641 1320 713 καρδίᾳ
1375 642 1777 712 περιτέμνομαι
1803 685 1815 709 ,

231 736 325 790 ἵνα
361 737 436 808 μὴ
469 735 680 806 πονηρά
707 735 1164 806 λογίζωμαι.”’οτι
1190 735 1246 789 δὲ
1273 735 1351 806 τῷ
1374 734 1492 806 Θεῷ
1523 736 1820 806 εὐάρεστος

231 826 269 895 ἡ
291 826 518 895 τοιαύτη
549 824 824 895 περιτομὴ
850 866 866 888 ,
906 824 1072 878 ἄκουε
1112 824 1163 877 τί
1195 841 1328 894 φησι
1362 825 1690 898 κατηγορῶν
1725 825 1818 880 τοῦ

245 917 466 991 Ἰσραὴλ
498 918 588 972 διά
615 917 711 971 τοῦ
761 915 1030 988 Ἱερεμίου
1076 935 1090 950 υ
1136 935 1156 966 ι
1204 917 1390 971 Πάντα
1417 919 1485 973 τά
1519 919 1650 988 ἔθνη
1681 920 1819 972 ἀπε-

234 1009 482 1083 ρίτμητα
509 1007 697 1080 σαρκὶ,
721 1007 750 1059 6
771 1007 826 1060 δὲ
848 1003 998 1071 οἶκος
1041 1008 1257 1080 Ἰσραὴλ
1281 1009 1658 1081 ἀπερίτμητος
1675 1027 1818 1082 καρ-

231 1099 377 1165 δίαις
408 1099 610 1153 αὐτῶν.
643 1119 662 1151 ι
688 1099 781 1170 Μὴ
811 1100 974 1170 γάρὴ
1007 1101 1107 1170 τῆς
1142 1101 1514 1173 ἀκροϐυστίας
1546 1104 1818 1175 περιτομὴ

230 1192 484 1248 δικαιοῦν
548 1191 772 1246 δύναται
831 1208 847 1224 °
904 1193 997 1246 ἐπὶ
1058 1194 1149 1247 τὸν
1213 1195 1564 1267 πατριάρχην
1630 1195 1817 1250 ἄνελθε

245 1285 502 1357 ’Δὸραάμ
527 1327 541 1349 ,
575 1284 670 1339 καὶ
699 1283 820 1353 ὄψει
845 1285 1008 1339 αὑτὸν
1039 1285 1220 1340 πίστει
1273 1287 1408 1358 μόνῃ
1439 1327 1454 1352 ,
1492 1287 1569 1358 μὴ
1630 1289 1816 1358 μέντοι

229 1393 301 1448 γε
332 1379 603 1450 περιτομῇ
629 1418 644 1440 ,
682 1377 1082 1448 δικαιούμενον.
1116 1397 1133 1429 ι
1179 1378 1432 1450 ’Λϐραὰμ
1462 1379 1593 1451 γὰρ,
1626 1379 1814 1448 φησὶν,

229 1472 526 1525 ἐπίστευσε
577 1469 658 1541 τῷ
721 1468 864 1539 Θεῷ,
929 1469 1027 1525 καὶ
1058 1470 1314 1542 ἐλογίσθη
1337 1470 1488 1542 αὑτῷ
1511 1472 1592 1534 είς
1616 1471 1820 1526 δικαιο-

232 1564 428 1628 σύνην.
463 1585 482 1616 ι
515 1562 907 1634 Γνωρίσματος
933 1559 1028 1617 οὖν
1047 1562 1205 1634 χάριν
1229 1563 1460 1636 ὕστερον
1489 1565 1522 1633 ἡ
1547 1564 1817 1635 περιτομὴ

229 1655 694 1728 νενομοθέτηται,
760 1654 902 1708 ὥστε
951 1653 1023 1708 δι’
1085 1655 1256 1728 αὐτῆς
1313 1655 1817 1726 χαρακτηρίζεσθαι

230 1747 488 1813 πιστοὺς,
517 1745 756 1818 ὁπηνίκα
786 1749 900 1811 τοῖς
929 1747 1108 1800 ἔθνεσι
1140 1747 1690 1819 συναναστρέφοιντο,
1726 1747 1817 1800 καὶ
1847 1779 1893 1838 Β

228 1839 319 1901 είς
353 1840 575 1910 μνήμην
606 1837 840 1907 ἄγεσθαι
873 1837 966 1891 τοὺ
997 1838 1105 1890 τῶν
1131 1838 1270 1892 ὅλων
1294 1837 1432 1892 Θεοῦ
1457 1854 1473 1870 ·
1519 1840 1600 1902 είς
1637 1837 1817 1892 πίστιν

228 1929 369 1998 γοῦν
387 1929 495 1982 τῶν
514 1929 821 2000 λεγομένων
836 1929 974 1982 αὑτά
988 1947 1071 1981 σοι
1089 1948 1166 1983 πα
1175 1929 1464 2001 ραγέτωτά
1482 1929 1781 2000 πράγματα
1801 1947 1816 1962 ο

233 2020 328 2076 ὅτε
357 2022 466 2092 γὰρ
495 2022 524 2074 6
560 2021 777 2093 Ἰσραὴλ
811 2022 870 2074 ὲν
915 2023 980 2091 τῇ
1033 2021 1227 2092 ἐρήμῳ
1268 2021 1679 2092 τεσσαράκοντα
1723 2021 1816 2091 ἔτη

238 2114 401 2185 μόνος
428 2113 548 2166 καθ’
578 2113 776 2167 ἑαυτὸν
801 2113 1078 2184 διέτριψεν
1103 2152 1119 2180 ,
1156 2113 1330 2183 ἑτέρῳ
1376 2111 1518 2166 ἔθνει
1560 2112 1636 2183 μὴ
1699 2128 1821 2165 συν-

235 2207 703 2278 αναμιγνύμενος,
734 2207 836 2260 οὑκ
869 2202 938 2277 ἦν
968 2207 1243 2274 ἀναγκαία
1272 2207 1306 2276 ὴ
1340 2204 1635 2276 περιτομὴ,
1661 2205 1746 2274 ἐφ’
1772 2200 1817 2273 ᾧ

235 2299 332 2352 καὶ
382 2298 748 2368 ἀπερίτμητοι
799 2296 1098 2367 ἐτύγχανον
1148 2295 1504 2365 γεννηθέντες
1539 2295 1680 2348 κατὰ
1718 2294 1816 2365 τὴν

233 2388 442 2460 ἔρημον
478 2406 491 2420 ο
521 2388 689 2460 ἡνίκα
720 2387 777 2441 δὲ
809 2389 838 2441 6
867 2387 960 2441 τοῦ
985 2387 1144 2458 Ναυῆ
1182 2385 1390 2458 Ἰησοῦς
1410 2387 1502 2440 τὸν
1545 2386 1816 2458 Ἰορδάνην
1867 2428 1872 2434 .

233 2475 434 2538 αὐτοὺς
485 2475 782 2541 διεὸίὸασε,
836 2476 1086 2530 κελεύσει
1141 2475 1261 2547 θείᾳ
1308 2475 1758 2547 περιετμήθησαν
1798 2494 1812 2508 ·

1922 547 2373 605 incircumcisos?
2419 548 2502 604 Tu
2551 549 2874 604 circumcidi
2923 548 3138 622 iuberis
3176 567 3373 618 carne,
3408 570 3512 624 ego

1920 641 2086 696 corde
2117 640 2508 708 circumcidor,
2539 658 2611 698 ne
2642 659 2809 713 prava
2847 645 3102 716 cogitem.
3139 644 3295 713 Quod
3325 655 3509 704 autem

1919 737 2034 793 Deo
2091 735 2407 807 hujusmodi
2461 736 2813 792 circumcisio
2868 738 3178 808 gratissima
3229 739 3330 804 sit,
3380 738 3508 793 audi

1920 829 2051 900 quid
2089 829 2233 884 dicat
2267 829 2558 898 increpans
2592 824 2758 884 Israel
2793 846 2891 900 per
2923 831 3218 887 Jeremiam
3257 848 3272 886 :
3310 851 3328 884 ι
3377 831 3512 887 0m-

1920 935 2022 974 nes
2045 928 2236 990 gentes
2257 917 2662 973 incircumcisae
2692 934 2879 984 carne,
2902 919 3099 976 domus
3129 929 3310 976 autem
3342 922 3510 978 Israel

1922 1009 2308 1067 incircumcisa
2353 1009 2620 1066 cordibus
2663 1026 2856 1067 eorum
2892 1013 2934 1066 ".
2973 1031 2994 1064 ι
3031 1013 3154 1068 Non
3186 1014 3334 1068 enim
3369 1030 3510 1084 prae-

1920 1103 2059 1174 putii
2112 1102 2466 1159 circumcisio
2508 1101 2811 1172 justiﬁeare
2865 1113 3079 1173 potest;
3132 1105 3199 1160 ad
3234 1106 3508 1161 Abraham

1921 1195 2292 1266 patriarcham
2339 1195 2452 1260 adi,
2500 1204 2556 1250 et
2603 1196 2817 1250 videbis
2869 1196 3022 1251 illum
3071 1199 3184 1254 sola
3221 1198 3347 1265 ﬁde,
3399 1215 3510 1253 non

1921 1296 2104 1342 autem
2139 1286 2585 1351 circumcisione,
2609 1286 2998 1356 iustiﬁcatum.
3026 1288 3304 1343 Abraham
3337 1290 3509 1355 enim,

1920 1379 2149 1443 dicitur,
2192 1397 2210 1430 ι
2249 1377 2500 1434 Credidit
2529 1379 2662 1442 Dco,
2694 1389 2750 1434 ct
2790 1387 3103 1448 reputatum
3133 1390 3218 1434 est
3249 1381 3300 1435 ei
3331 1381 3386 1434 in
3416 1383 3506 1451 ju-

1921 1469 2128 1524 stitiam
2159 1469 2202 1522 ⁸.
2242 1489 2259 1522 ι
2294 1469 2490 1524 Postea
2517 1471 2836 1541 praescripta
2863 1479 2948 1524 est
2978 1471 3330 1526 circumcisio
3361 1475 3513 1526 velut

1921 1561 2159 1632 signum,
2185 1568 2247 1614 ut
2278 1559 2732 1617 discernerentur
2761 1577 2860 1632 per
2887 1578 3014 1616 eum
3045 1562 3258 1627 ﬁdeles,
3291 1562 3513 1633 quando

1921 1669 2047 1710 cum
2077 1654 2336 1726 gentibus
2359 1655 2852 1721 convcrsabantur,
2879 1664 2935 1710 et
2963 1665 3025 1710 ut
3057 1658 3381 1712 memoriam
3413 1659 3510 1712 Dci

1922 1753 2228 1801 revocaret.
2259 1746 2318 1800 In
2347 1746 2509 1800 ﬁdem
2543 1761 2735 1802 eorum
2772 1761 2894 1817 qua:
2927 1746 3164 1802 dicimus
3197 1747 3296 1802 tibi
3337 1765 3423 1803 res
3455 1764 3513 1803 se

1925 1837 2193 1908 praebent.
2230 1835 2369 1892 Cum
2395 1837 2544 1892 enim
2586 1838 2754 1893 Israel
2789 1837 2846 1891 in
2889 1836 3110 1892 deserto
3147 1838 3515 1910 quadraginta

1925 1928 2088 1984 annis
2135 1928 2286 1983 solus
2334 1943 2521 1983 secum
2564 1937 2817 1984 versatus
2862 1935 2965 1993 est,
2999 1928 3158 1983 alteri
3206 1929 3355 2000 genti
3402 1945 3514 1983 non

1925 2019 2246 2089 permistus,
2275 2035 2385 2074 non
2419 2020 2728 2074 necessaria
2763 2019 2870 2074 fuit
2903 2021 3276 2086 circumcisio,
3308 2021 3517 2076 idcirco

1927 2111 2302 2167 incircumcisi
2355 2120 2779 2183 permanserunt
2857 2113 2951 2182 qui
3028 2114 3085 2167 in
3132 2113 3352 2168 deserto
3398 2114 3514 2168 nati

1924 2210 2119 2269 erant;
2168 2204 2390 2274 quando
2436 2213 2620 2259 autem
2664 2203 2793 2259 Jesu
2839 2204 2986 2260 ﬁlius
3029 2205 3176 2259 Nave
3216 2204 3515 2260 Iordanem

1924 2310 2050 2350 cum
2099 2296 2207 2352 illis
2255 2297 2504 2366 trajecit,
2547 2299 2702 2368 jussu
2751 2297 2939 2352 divino
2984 2297 3297 2353 circumcisi
3343 2307 3512 2354 sunt:

1928 2407 1946 2439 ι
1979 2388 2108 2450 Fac,
2139 2388 2275 2444 dicit
2319 2389 2399 2443 illi
2433 2389 2598 2454 Deus,
2645 2389 2853 2445 cultros
2899 2389 3166 2460 lapideos,
3209 2397 3266 2444 et
3316 2389 3514 2444 sedens

1921 2481 2258 2536 circumcide
2282 2481 2424 2536 ﬁlios
2445 2482 2610 2538 Israel
2633 2485 2676 2536 ³.
2710 2502 2729 2536 ι
2759 2484 2932 2551 Quam
2969 2483 3040 2540 ob
3070 2498 3292 2539 causam
3312 2490 3509 2538 et......

235 2586 256 2619 ι
293 2567 532 2638 Ποίησον
559 2567 671 2640 γὰρ
698 2605 716 2634 ,
744 2569 880 2642 φησὶ
913 2569 1053 2645 ποδς
1081 2568 1246 2623 αὐτὸν
1277 2570 1306 2623 6
1333 2568 1465 2632 Θεὸς
1490 2608 1504 2633 ,
1541 2569 1818 2640 μαχαίρας
1859 2574 2156 2644 πετρίνας,
2175 2576 2271 2629 καὶ
2332 2576 2566 2641 καθίσας
2631 2576 2897 2649 περίτεμε
2927 2577 3054 2641 τοὺς
3088 2576 3237 2640 υἱοὺς
3271 2576 3512 2647 Ἰσραήλ⁶

224 2659 383 2724 τίνος
407 2660 595 2716 ἕνεκεν
632 2662 772 2716 καὶ..

1620 2776 1853 2850 Reliqua
1910 2776 2123 2832 desunt.

298 2889 323 2923 "
357 2889 565 2948 Jerem.
609 2907 687 2960 rx,
719 2891 811 2948 26.
889 2889 912 2923 ⁸
939 2889 1079 2947 Gen.
1106 2906 1200 2958 xv,
1229 2889 1294 2959 6;
1325 2889 1503 2948 Galat.
1532 2906 1718 2946 χχιιι.
1796 2891 1816 2922 ⁹
1842 2889 2032 2955 Josue,
2061 2906 2116 2958 v,
2143 2889 2200 2944 2.

1367 3176 2400 3311 FRAGMENTA.

1469 3622 1578 3686 DE
1621 3615 2295 3687 OPERATIONIBUS.

974 3861 1366 3918 Ἀναστασίου
1411 3859 1795 3927 Ἀντιοχείας,
1823 3858 1894 3912 ἐκ
1917 3859 2024 3914 τοῦ
2061 3859 2200 3929 Περὶ
2228 3856 2543 3931 ἐνεργειῶν
2576 3857 2780 3928 λόγου.

1373 3973 1529 4043 (ΑΝο.
1571 3973 1696 4028 MAI.
1737 3969 1932 4044 Script.
1971 3972 2081 4029 νει.
2111 3973 2226 4040 VII,
2256 3972 2373 4044 20.)

311 4096 358 4149 Τ
361 4095 436 4149 ὦν
470 4093 562 4148 δύο
592 4076 810 4164 φύσεων
841 4092 874 4162 ἠ
908 4087 1180 4160 συνδρομὴ
1217 4087 1351 4159 μίαν
1380 4087 1677 4141 ὑπόστασιν
1711 4089 1821 4140 ἀπ-

227 4193 509 4249 ετέλεσεν*
525 4187 592 4264 ἦν
615 4191 711 4260 μὲν
726 4187 834 4261 γάρ
851 4188 884 4258 ὴ
901 4183 1218 4256 ἀνθρωπεία
1236 4182 1416 4252 φύσις,
1437 4183 1628 4254 ἡτοιτὺ
1646 4181 1824 4236 κοινὸν

228 4280 383 4346 εἶδος
411 4281 468 4348 ἐξ
492 4273 552 4335 οὗ
579 4280 640 4334 τὸ
665 4279 935 4349 ἡμέτερον
960 4272 1314 4346 προσελήφθη
1338 4271 1587 4342 φύραμα’
1617 4271 1679 4324 τὸ
1694 4271 1828 4342 πρό-

229 4393 402 4447 τερον
430 4374 529 4427 οὐκ
555 4372 615 4425 ὃν
645 4372 702 4424 ὲν
731 4370 872 4440 ἰδικῇ
896 4364 1190 4420 ὑποστάσει
1210 4404 1225 4429 ,
1273 4361 1622 4433 προσληφθέν
1645 4361 1702 4415 δὲ
1727 4361 1825 4433 τὴν

228 4452 414 4538 ἀύτὴν
438 4465 732 4519 ὑπόστασιν
756 4460 1134 4531 ὑπογράφεται
1155 4455 1248 4510 τοῦ
1272 4455 1689 4526 προσλαϐόντος
1719 4454 1826 4507 ὧσ-

225 4577 350 4629 περ
372 4558 481 4629 γάρ
501 4556 578 4628 τῷ
596 4554 770 4626 Πατρὶ
797 4551 1039 4623 φυσικῶς
1061 4550 1089 4601 6
1113 4548 1284 4617 Λόγος
1312 4547 1536 4618 ἥνωται,
1561 4545 1704 4599 οὑτω
1729 4545 1824 4599 καὶ

227 4655 408 4726 ἡμῖν·
459 4650 554 4706 καὶ
583 4643 628 4719 ᾧ
659 4648 815 4718 Λόγῳ
843 4644 938 4700 τοῦ
968 4642 1186 4715 Πατρδς
1213 4641 1499 4715 διῄρηται·
1535 4640 1657 4694 καθ’
1687 4640 1822 4694 ὑπό-

229 4765 436 4805 στάσιν
465 4746 596 4820 γὰρ,
629 4747 689 4800 οὑ
720 4743 903 4814 ταυτῷ
936 4743 1032 4797 καὶ
1061 4740 1218 4812 ἡμῶν
1239 4757 1254 4772 ·
1293 4739 1354 4794 οὐ
1383 4739 1490 4810 γάρ
1518 4741 1664 4793 ἐστιν
1693 4740 1825 4811 ἡμῖν

227 4845 434 4914 ὥσπερ
461 4839 742 4910 ὁμοφυὴς,
793 4835 936 4890 οὑτω
969 4834 1063 4888 καὶ
1105 4831 1535 4904 ὁμοῦπόστατος,
1571 4833 1653 4886 ὅτι
1691 4831 1828 4902 μηδὲ

226 4933 322 5004 τῷ
371 4931 486 5002 ἰδίῳ
525 4929 738 4999 Πατρί’
791 4926 850 4980 οὑ
895 4926 1004 4995 γὰρ
1042 4915 1242 4976 ’ταυτὸν
1275 4922 1435 4991 φύσις
1465 4939 1522 4974 τε
1559 4921 1656 4974 καὶ
1686 4920 1822 4974 ὑπό-

232 5039 458 5085 στασις
493 5019 672 5090 ἑαυτῷ
699 5019 754 5071 δὲ
785 5016 907 5072 καθ’
938 5017 1233 5068 ὑπόστασιν
1260 5014 1488 5084 ἥνωται,
1509 5015 1684 5066 ἐκεῖνο
1708 5011 1826 5082 μεί-

231 5131 344 5177 νας
375 5114 512 5183 ὅπερ
540 5111 646 5182 πρὸ
672 5109 779 5161 τῶν
807 5105 1018 5158 αἰώνων
1049 5105 1295 5176 ὑπῆρχεν
1327 5103 1472 5165 Υἱός’
1510 5103 1576 5175 ἣν
1602 5104 1658 5155 δὲ
1690 5103 1824 5174 πρὸς

233 5204 442 5259 ἑαυτὸν
481 5204 623 5273 ἔχειν
655 5201 850 5253 ἕνωσιν
884 5196 977 5250 τοῦ
1009 5215 1067 5250 τε
1101 5197 1239 5268 πρὸς
1271 5197 1364 5250 τὸν
1395 5197 1615 5267 Πατέρα
1645 5195 1740 5248 τοῦ
1768 5213 1824 5247 τε

233 5296 388 5366 πρὸς
418 5295 563 5366 ἡμᾶς
593 5293 738 5363 ἔχειν
769 5291 1022 5344 δύναται·
1059 5288 1177 5343 καθ’
1210 5289 1513 5343 ὑπόστασιν
1542 5288 1650 5361 γάρ
1680 5289 1825 5341 ἐστιν

233 5393 277 5462 ἡ
315 5388 424 5441 τῶν
453 5387 664 5456 φύσεων
697 5385 890 5446 ἓνωσις
909 5422 924 5446 ,
973 5381 1066 5435 καὶ
1097 5384 1129 5452 ἡ
1160 5380 1299 5453 αὑτὴ
1327 5380 1493 5435 αὑτοῦ
1519 5383 1665 5434 ἐστιν
1691 5380 1826 5434 ὑπό-

1932 4105 2124 4142 στασιν
2155 4089 2317 4158 μόνος
2343 4085 2493 4151 Υἱὸς,
2523 4084 2619 4139 καλ⁵
2643 4085 2902 4156 Χριστὸς,
2939 4084 3034 4138 καὶ
3063 4083 3270 4154 Κύριος
3291 4100 3307 4115 ·
3341 4083 3516 4150 οὕτως

1928 4181 2028 4234 οὑκ
2050 4180 2167 4234 ἔστι
2217 4179 2388 4251 χωρὶς
2427 4177 2782 4242 ὑποστάσεως
2807 4177 2988 4244 οὐσία,
3012 4175 3115 4230 κᾶν
3143 4178 3172 4229 6
3205 4177 3376 4246 Λόγος
3413 4179 3514 4248 τῆς

1916 4273 2117 4336 οὐσίας
2138 4272 2226 4326 ἓτε
2237 4271 2326 4342 ρός
2360 4272 2531 4336 ἐστιν,
2546 4269 2706 4334 ἄλλος
2721 4270 2777 4324 δὲ
2795 4269 2894 4340 τῆς
2917 4270 3268 4332 ὑποστάσεως
3289 4287 3301 4300 °
3326 4269 3515 4340 κοινὴν

1925 4366 2035 4437 γὰρ
2055 4364 2152 4436 τὴν
2183 4364 2312 4435 μίαν
2335 4363 2433 4418 καὶ
2455 4362 2552 4434 τὴν
2572 4361 2741 4433 αὑτὴν
2761 4362 3061 4416 ὑπόστασιν
3081 4363 3135 4415 αί
3155 4360 3514 4430 συναφθεῖσαι

1928 4460 2064 4532 πρὸς
2083 4457 2181 4531 τὴν
2198 4459 2438 4530 άρρητον
2460 4456 2656 4511 ἕνωσιν
2677 4455 2861 4528 ἔχουσι
2885 4455 2980 4510 δύο
3007 4454 3220 4525 φύσειςο
3241 4454 3322 4508 διὸ
3344 4471 3515 4524 προσ-

1929 4551 2072 4621 θήκη
2099 4551 2164 4622 τῇ
2190 4549 2322 4621 ἁγίᾳ
2344 4547 2538 4619 Τριάδι
2569 4546 2670 4600 οὑκ
2697 4546 2935 4616 ἐγένετο·
2957 4544 3275 4617 προσθήκης
3293 4545 3400 4615 γὰρ
3415 4545 3512 4597 άν-

1926 4641 2203 4704 επίδεκτό;
2223 4641 2392 4694 ἐστιν.
2417 4639 2628 4702 Ἀλλως
2645 4655 2704 4691 τε
2733 4637 2788 4691 δὲ
2806 4637 2946 4709 καὶὴ
2970 4635 3140 4709 Τριάς
3164 4634 3516 4688 ὑποστάσεὼν

1927 4738 2076 4790 ἐστιν
2095 4749 2107 4763 ·
2141 4733 2174 4804 ή
2201 4733 2310 4803 γὰρ
2335 4733 2493 4786 οὐσία
2525 4730 2819 4804 μοναδικῆς
2847 4732 2984 4783 ἐστι.
3019 4731 3130 4800 Τῆς
3159 4723 3253 4782 οὗν
3283 4727 3518 4780 ὑποστά-

1929 4838 2065 4892 σεως
2095 4826 2192 4898 τῆς
2215 4825 2385 4896 αὐτῆς
2419 4825 2685 4896 μεινάσης
2715 4823 2808 4877 τοῦ
2833 4822 2988 4886 Υἱοὺ,
3011 4823 3132 4885 πῶς
3155 4819 3412 4890 ἁμάθητα
3431 4818 3517 4874 λα-

1926 4921 2079 4974 λοὺσί
2105 4937 2251 4983 τινες
2279 4917 2706 4988 τερατευόμενοι
2730 4915 2966 4986 τετράδα
2991 4913 3170 4983 λέγειν
3198 4913 3320 4967 ἀντὶ
3344 4911 3515 4982 Τριά-

1927 5011 2015 5074 δος
2049 5013 2180 5075 τοὺς
2212 5013 2313 5082 τὴν
2346 5009 2607 5082 ἀλήθειαν
2635 5007 3034 5078 ὁμολογοῦντας
3065 5005 3175 5062 τῶν
3210 5007 3267 5060 ἐν
3293 4991 3516 5076 Χριστῷ

1928 5104 2166 5175 φύσεων,
2203 5103 2237 5174 ἢ
2275 5103 2382 5156 τῶν
2413 5105 2468 5156 ἐν
2501 5095 2588 5164 αἷς
2620 5103 2770 5154 ἐστιν
2802 5101 2829 5153 6
2855 5099 3130 5170 Χριστός;
3168 5099 3217 5150 εί
3251 5098 3349 5169 μὲν
3381 5097 3513 5150 ὑπο-

1930 5198 2124 5267 στῆναι
2157 5195 2379 5249 πώποτε
2412 5195 2532 5248 καθ’
2560 5193 2762 5263 ἑαυτὴν
2790 5192 2889 5261 τὴν
2921 5191 3162 5262 ἔμψυχον
3189 5191 3284 5243 τοῦ
3308 5189 3514 5260 Κυρίου

1931 5292 2109 5362 σάρκα
2157 5289 2460 5358 ἐλέγομεν,
2515 5287 2548 5357 ἢ
2605 5287 2714 5358 ἰδίᾳ
2759 5288 2853 5340 καὶ
2895 5286 2997 5339 άνὰ
3035 5285 3194 5354 μέρος
3229 5282 3397 5353 αὐτὴν
3431 5284 3514 5336 έν-

1929 5384 2110 5455 εργεῖν
2166 5377 2655 5448 διεϐεϐαιούμεθα,
2693 5376 2872 5441 καλῶς
2918 5377 3066 5447 ἡμᾶς
3111 5375 3345 5446 τετράδα
3397 5373 3516 5427 ἀντὶ

237 5496 470 5543 στασις·
511 5478 636 5541 Υἱὸς
667 5477 776 5546 γάρ
806 5475 903 5540 ὢν,
955 5474 1116 5527 πάλιν
1153 5473 1281 5536 Υἱός
1312 5475 1426 5526 ἐστι
1471 5473 1565 5525 καὶ
1601 5471 1702 5541 τὴν
1733 5473 1827 5524 άν-
1861 5507 1906 5562 D
1934 5474 2166 5547 Τριάδος
2192 5473 2374 5537 λέγειν
2405 5469 2792 5541 ὑπελάμϐανον
2814 5485 2828 5499 ·
2872 5471 2919 5522 εί
2951 5469 3007 5522 δὲ
3044 5469 3180 5538 μετὰ
3207 5466 3301 5520 τοῦ
3333 5483 3514 5519 συντι-

239 5572 528 5646 θρωπείαν
573 5569 778 5633 ένώσας
814 5568 990 5639 ἑαυτῷ
1024 5567 1220 5635 φύσιν
1285 5565 1346 5618 οὑ
1386 5565 1492 5636 γάρ
1533 5561 1876 5618 ὑπόστασινί
1940 5566 2170 5636 θεμένου
2231 5564 2348 5618 καὶ⁶
2375 5562 2791 5632 συνυφεστῶτος
2844 5563 2981 5632 αὑτῇ
3039 5561 3216 5628 Λόγου
3271 5561 3517 5629 ἐνεργεῖν

239 5666 440 5736 ἑτέραν
489 5662 667 5732 ἑαυτῷ
709 5659 889 5714 λαϐὼν
931 5661 1173 5732 ἥνωσεν,
1225 5657 1361 5712 ἀλλὰ
1397 5658 1557 5727 φύσιν
1590 5659 1833 5729 ἥρμοσεν
1940 5658 2111 5730 αὐτὴν
2162 5658 2396 5712 πάντοτε
2441 5654 2816 5726 ὁμολογοῦμεν
2856 5654 3212 5725 άχωρίστως,
3269 5652 3361 5704 καὶ
3395 5648 3518 5704 οὒτε

243 5757 542 5828 ἁφθάρτως
574 5758 640 5826 τῇ
672 5753 865 5808 ἑαυτοῦ
898 5752 1230 5806 ὑποστάσει·
1280 5752 1372 5803 καὶ
1401 5751 1518 5802 ἔστι
1549 5752 1643 5803 καὶ
1676 5747 1834 5801 τοῦτο
1946 5749 2358 5821 προὺφεστάναι
2410 5745 2644 5814 λέγομεν
2703 5747 2802 5814 τῆς
2853 5744 2991 5814 πρὸς
3040 5742 3201 5796 αὑτὸν
3247 5739 3517 5802 ένὼσεως,

244 5851 381 5916 Θεὸς
407 5851 502 5906 καὶ
522 5848 810 5920 ἅνθρωπος
838 5847 961 5903 κατ’
984 5846 1204 5901 οὐσίαν·
1234 5847 1262 5898 6
1289 5845 1446 5908 αὑτὸς
1473 5844 1529 5897 δὲ
1554 5842 1678 5898 καθ’
1700 5843 1835 5896 ὑπό·-
1943 5839 2068 5893 ἀ>.λ⁹
2112 5841 2169 5891 έν
2204 5835 2352 5904 αὑτῷ
2383 5835 2444 5889 τὸ
2473 5831 2611 5887 εἶναι
2652 5833 2925 5886 λαϐοῦσαν
2953 5830 3124 5902 αὑτὴν
3152 5830 3516 5898 γινώσκομεν,
