4072 6558
592 332 733 399 1283
1786 334 1844 395 S.
1889 330 2200 393 ANASTAS

2234 334 2291 395 ΙΙ
2334 334 2680 395 SINAITAE.
3728 334 3842 400 1284

589 446 783 511 κακῶς
841 444 993 519 ἡμᾶς
1043 439 1481 513 συκοφαντοῦσιν
1531 443 1582 496 οί
1617 432 2013 507 ἀϐασανίστως⁸
2038 442 2182 514 ἅπερ
2214 463 2257 520 Α
2287 463 2395 511 ναι,
2435 446 2468 518 ἢ
2504 446 2668 517 τυχὸν
2697 443 2884 516 χρυσῷ
2917 443 2951 514 ἢ
2984 444 3161 516 πηλῷ,
3196 444 3341 500 ὥστε
3372 448 3739 520 σκεπσθῆναι
3766 451 3844 504 τὸν

590 540 874 613 βούλονται
902 537 1288 611 ἐρευγόμενοι·
1326 536 1386 603 ἐξ
1418 535 1819 605 ὑπώείγματος
1845 535 1903 589 δέ
1932 536 1994 588 τὸ
2020 534 2178 603 λεγό-
2287 538 2486 610 χαλκὸν
2542 539 2637 591 καὶ
2686 537 2870 607 ἀφανῆ
2919 537 3179 605 γενέσθαι
3227 541 3293 610 τῇ
3338 538 3486 608 δψει.
3521 539 3671 609 λέγει
3702 542 3845 598 αὑτὸν

591 651 753 706 μενον
785 632 1124 701 σαφέστερον
1154 630 1425 700 δείξομενο
1468 631 1671 684 ὑπόθου
1702 633 1853 701 τρεῖς
1879 626 2021 684 εἶναι
2051 630 2180 700 στή-
2289 628 2554 701 βλαϐῆναί
2585 645 2669 691 τις
2701 629 2781 691 εἰς
2810 626 2909 696 τὴν
2939 628 3075 681 ίδίαν
3102 629 3312 695 οὐσίαν,
3339 629 3431 683 διὰ
3455 630 3555 701 τὴν
3580 631 3673 684 τοῦ
3696 634 3844 704 κηροῦ

588 728 686 790 λοις
718 726 927 797 χαλκᾶς
951 740 964 753 ·
1004 723 1099 776 καὶ
1129 722 1230 793 τὴν
1259 721 1385 792 μίαν
1418 723 1837 794 ἐκπυρωθεῖσαν
1868 723 2053 791 ἄκρως
2086 720 2180 774 καὶ
2286 721 2321 791 ἢ
2368 721 2477 775 τῶν
2530 721 2706 775 ἄλλων
2761 720 3067 791 πρόσληψιν
3091 762 3106 787 ,
3173 722 3235 774 οὑ
3290 721 3438 790 λέγει
3486 723 3544 776 δὲ
3600 722 3845 789 σώζεσθαι

592 818 787 888 ῥάϐδον
821 818 878 870 ἐν
908 817 972 883 τῇ
1002 812 1149 883 χειρὶ
1180 813 1352 883 αὐτῆς
1384 813 1803 882 προστεθεῖσαν·
1840 807 1959 865 εἶτα
1989 810 2178 880 ἐπειδὴ
2290 815 2348 866 ἐν
2376 812 2527 883 αὑτῷ
2558 814 2656 876 τὰς
2687 811 2781 865 δύο
2812 810 2908 865 τοῦ
2933 830 2993 866 τε
3026 811 3228 884 χαλκοῦ
3267 815 3363 868 καὶ
3389 814 3480 868 τοῦ
3510 816 3682 887 κηροῦ
3712 818 3846 888 ἢτοῦ

591 908 647 960 αί
702 904 860 960 ἄλλαι
910 902 1004 956 δύο
1051 901 1309 964 ἀϐλαϐεῖς
1352 903 1466 963 τοῖς
1514 901 1990 972 προσαπτομένοις
2017 901 2177 966 εἰσὶν,
2288 905 2491 977 χρυσοῦ
2527 905 2719 976 φύσεις
2746 906 3097 976 ἀλωϐήτους;
3136 901 3256 959 εἶτα
3291 906 3365 977 μὴ
3394 907 3671 977 δυνάμεθα
3694 908 3847 979 λέγειν

592 999 729 1067 αὑτὴ
772 996 829 1049 δὲ
883 995 1166 1063 ἀνέπαφος
1201 994 1288 1047 διὰ
1319 994 1417 1065 τὴν
1445 996 1758 1066 λαϐρότητα
1788 994 1889 1064 τῆς
1920 992 2179 1066 ἐκπυρώ·
2288 1000 2565 1072 τέσσαρας
2610 1000 2866 1069 γενέσθαι
2913 999 3112 1063 αὑτοὺς
3154 1000 3479 1071 ἀνδριάντας
3526 1001 3617 1056 διὰ
3659 1004 3754 1075 τήν
3779 1023 3850 1074 γι.

594 1105 751 1152 σεως,
784 1087 936 1157 παρά
961 1085 1121 1139 τοῦτο
1151 1087 1419 1157 τέσσαρες
1445 1088 1639 1157 στῆλαί
1668 1090 1772 1141 εἰσι
1799 1088 1892 1140 καὶ
1911 1087 1970 1141 οὑ
1992 1088 2178 1158 τρεῖς;
2288 1093 2523 1163 νομένην
2552 1091 2875 1163 προσθήκην
2898 1108 2911 1122 ⁸
2949 1091 3144 1145 οὐκοῦν
3174 1091 3251 1162 τῷ
3282 1093 3430 1162 αὑτῷ
3461 1094 3849 1167 παραδείγματι

591 1179 756 1251 ἢτῆς
788 1179 924 1242 ἰδίας
953 1178 1147 1248 ἐξέστη
1177 1178 1395 1246 φύσεως
1429 1180 1456 1231 ὁ
1487 1179 1692 1248 χαλκὸς
1721 1178 2021 1250 πυρωθεὶς.
2062 1179 2187 1249 οὐχὶ
2286 1184 2361 1248 ὼς
2416 1184 2479 1237 ἐκ
2530 1183 2639 1237 τῶν
2692 1183 2904 1254 μικρῶν
2960 1182 3027 1237 τὰ
3079 1182 3294 1253 μεγάλα
3340 1186 3738 1256 στοχάσασθαι,
3771 1192 3849 1244 καὶ

590 1272 647 1324 δὲ
684 1271 884 1342 μᾶλλον
939 1270 1263 1341 προσθήκην
1318 1271 1416 1340 μὲν
1453 1270 1613 1324 ἕλαϐε
1656 1271 1756 1342 τὴν
1790 1271 1883 1324 τοῦ
1910 1271 2080 1339 πυρὸς
2116 1263 2178 1324 οῦ
2291 1272 2564 1345 ἀμυδραῖς
2611 1290 2749 1325 τισιν
2781 1272 2956 1325 εἰκόσι
2998 1272 3097 1344 τὴν
3133 1272 3399 1344 ἀλήθειαν
3425 1276 3848 1347 ἐνοπτρίσασθαι,

593 1363 691 1417 καὶ
736 1363 835 1434 τὴν
885 1362 1170 1433 ἐνέργειαν
1212 1365 1486 1434 ἐκτήσατο
1519 1366 1618 1434 τῆς
1650 1366 1839 1426 οὐσίας
1869 1381 1929 1416 τε
1963 1364 2058 1417 καὶ
2090 1365 2178 1415 ἐν-
2289 1364 2505 1434 νοήσεις
2538 1364 2632 1416 καὶ
2663 1362 2755 1415 ἐπὶ
2785 1360 3022 1433 Χριστοῦ
3054 1362 3148 1415 δύο
3177 1361 3274 1433 μὲν
3302 1362 3401 1427 τὰς
3428 1363 3647 1433 φύσεις,
3674 1365 3848 1436 μίανῶ

594 1454 814 1524 εργείας
868 1456 959 1508 καὶ
1004 1454 1321 1523 δυνάμεως;
1352 1440 1465 1508 ’καὶ
1500 1455 1678 1518 ἄλλως
1708 1454 1765 1506 δὲ
1796 1454 1856 1506 τὸ
1885 1454 2180 1523 λεγόμενον
2286 1458 2388 1525 τὴν
2436 1456 2738 1509 ὑπόστασιν
2762 1472 2775 1486 ο
2823 1455 2920 1508 καὶ
2955 1455 3277 1528 προσθήκην
3306 1459 3373 1529 τῇ
3401 1458 3597 1529 Τριάδι
3626 1459 3847 1528 γενέσθαι

596 1545 1076 1617 διασαφηνίσωμεν
1102 1562 1115 1574 ·
1158 1544 1299 1598 έστω
1338 1541 1476 1598 εἶναι
1512 1549 1663 1617 τρεῖς
1695 1546 1857 1598 πάλιν
1889 1545 2180 1614 ἀδριάντας
2289 1548 2543 1620 οὐδαμῶς
2575 1546 2963 1613 ὑποπτεύσεις.

594 1639 851 1709 χαλκούςο
891 1638 987 1691 καὶ
1017 1637 1413 1708 ἀναχρισθῆναι
1442 1638 1621 1709 κηρῷ,
1659 1639 1829 1708 ’ήγουν
1858 1636 2186 1709 ἀναμαχθῆ-

593 1754 715 1809 Duo
755 1752 823 1807 de
856 1751 962 1805 hoc
1000 1759 1331 1821 argumento
1376 1751 1683 1823 fragmenta
1728 1752 1911 1823 legere
1941 1759 2026 1807 est
2078 1750 2201 1876 illm?

2035 1835 2100 1876 co
2129 1860 2143 1875 .

2238 1746 2475 1875 ἱϐοιίιὲἷέ)
2504 1748 2562 1805 S.
2623 1750 2852 1806 Joannis
2881 1750 3204 1807 Damasceni
3256 1748 3469 1805 Patrol.
3524 1756 3664 1805 tom.
3692 1749 3846 1820 XCIV,

2067 1836 2143 1876 οι.
2179 1836 2307 1884 κιο,
2336 1836 2496 1875 ⁸1υᾶ3.

611 2119 1003 2173 Ἆγαστασίου
1036 2116 1397 2186 Ἀντιοχείας
1443 2116 1521 2198 ἐκ
1560 2114 1681 2171 τῶν
1717 2114 1879 2172 Κατὰ
1911 2115 2018 2172 τοῦ
2044 2116 2196 2172 διαι-
2229 2131 2272 2190 Β
2299 2120 2375 2184 ὼς
2424 2117 2491 2173 ἂν
2533 2117 2619 2190 εἴη
2653 2118 2924 2188 λεγόντων
2964 2116 3123 2190 ἡμῶν
3168 2119 3251 2173 ὅτι
3286 2118 3362 2191 μὴ
3394 2116 3709 2173 διαλλάττει
3737 2118 3853 2175 κατέ

1286 2204 1492 2255 τητουο
2295 2229 2417 2267 τινα
2476 2212 2692 2283 φύσεως
2739 2212 3002 2283 διαφορὰν
3054 2210 3342 2283 ἄνθρωπος
3385 2210 3711 2282 ἀνθρώπου,
3761 2208 3853 2265 ἀλλ’

674 2297 793 2350 Κᾶν
828 2298 957 2367 μιᾶς
986 2291 1130 2351 εἷναί
1158 2315 1289 2350 ποτε
1318 2297 1540 2367 λέγεται
1572 2296 1789 2367 φύσεως
1820 2300 1847 2352 6
1876 2297 2188 2370 ἄνθρωπος,
2295 2303 2559 2369 ὡσαύτως
2588 2304 2737 2375 ἔχειν
2767 2303 3020 2374 ἀλλήλοις
3052 2303 3363 2372 πεφύκασιν
3390 2303 3706 2374 ἄνθρωποι,
3738 2302 3854 2357 κατὰ

600 2389 700 2460 οὑχ
755 2392 783 2443 6
818 2390 940 2442 καθ’
970 2391 1202 2443 ἕκαστον
1228 2431 1243 2455 ,
1296 2390 1413 2444 ἀλλ’
1446 2393 1474 2443 6
1504 2391 1755 2456 καθόλου,
1790 2391 1880 2447 διὰ
1908 2392 1968 2445 τὸ
1995 2394 2194 2448 ταυτὸν
2296 2395 2389 2450 τὸν
2421 2395 2522 2465 τῆς
2553 2394 2870 2457 συστάσεως
2898 2393 3092 2462 λόγον,
3128 2394 3270 2448 ὥστε
3300 2396 3396 2448 καὶ
3424 2396 3521 2465 ὑφ’
3553 2396 3649 2449 ἕνα
3679 2397 3854 2460 πάντας

603 2482 699 2536 τοῦ
732 2483 903 2546 εἴδους
955 2484 1047 2537 καὶ
1080 2484 1180 2553 τὴν
1209 2484 1309 2554 τῆς
1340 2484 1692 2553 κατασκευῆς
1722 2485 2051 2556 ὁμοιότητα,
2088 2486 2191 2556 τῆς
2299 2487 2599 2555 ἀνάγεσθαι
2626 2486 2883 2556 ὁρισμόν
2916 2486 3013 2540 καὶ
3038 2487 3100 2540 οὑ
3124 2487 3428 2558 παράδοξον
3449 2487 3520 2560 δὴ
3549 2488 3725 2549 τοῦτο,
3744 2489 3853 2541 ὅπου

600 2575 817 2645 φύσεως
850 2577 972 2629 ἀντὶ
1000 2576 1094 2628 τοῦ
1126 2575 1309 2629 κοινοῦ
1340 2576 1517 2639 εἴδους
1550 2576 1643 2629 καὶ
1666 2575 1760 2629 τοῦ
1788 2578 2189 2649 παραπλησίως
2299 2596 2364 2647 γε
2410 2580 2503 2631 καὶ
2538 2579 2714 2631 πάντα
2750 2578 2865 2648 ἅμα
2896 2572 3127 2631 καθόλου
3160 2579 3229 2632 τὰ
3257 2580 3462 2650 γενητά
3521 2579 3735 2641 κτιστὰ,
3767 2579 3855 2632 είτι

609 2668 917 2737 πεφυκέναι
964 2667 1419 2739 λαμϐανομένης·
1471 2668 1565 2721 καὶ
1601 2669 1762 2722 πάλιν
1793 2670 1852 2721 οὑ
1881 2670 2061 2724 τοίνυν
2097 2671 2195 2741 μία
2300 2670 2497 2740 λογικά
2526 2668 2643 2739 εἴη,
2684 2670 2797 2722 εἴτε
2832 2669 3141 2740 σωματικὰ,
3180 2674 3308 2742 μιᾶς
3341 2670 3452 2724 ἐσθ’
3484 2672 3581 2724 ὅτε
3614 2687 3856 2741 προσαγο-

620 2762 782 2831 φύσις
808 2760 985 2832 ψυχῆς
1012 2778 1068 2813 τε
1101 2763 1193 2815 καὶ
1222 2760 1503 2832 σώματος·
1539 2763 1572 2832 ή
1604 2761 1703 2831 μὲν
1728 2763 1837 2834 γὰρ
1860 2763 2052 2831 λογική
2078 2764 2195 2816 ἐστι
2304 2760 2535 2831 ρεύομεν
2566 2759 2780 2829 φύσεως
2810 2760 2933 2813 κατ’
2964 2762 3098 2814 αὑτὸ
3126 2763 3187 2814 τὸ
3214 2757 3357 2816 εἶναι
3384 2762 3617 2834 γενητὰ,
3639 2763 3762 2831 πρὸς
3784 2763 3857 2816 ἀν-

609 2855 704 2909 καὶ
737 2854 897 2925 νοερά
935 2858 1028 2907 καὶ
1057 2853 1381 2925 ἀσώματος,
1429 2854 1489 2907 τὸ
1518 2854 1574 2907 δὲ
1610 2855 1756 2925 παχύ
1788 2874 1845 2908 τε
1878 2857 1974 2909 καὶ
2004 2856 2196 2928 θνητὸν
2299 2852 2640 2923 τιδιαστολὴν
2688 2852 2792 2922 τῆς
2835 2853 3094 2905 ἀκτίστου
3148 2853 3243 2906 καὶ
3285 2854 3559 2925 ἀγενήτου
3604 2854 3744 2916 θείας
3774 2853 3855 2923 φύ·

606 2949 705 3001 καὶ
733 2947 958 3014 ἄλογον·
995 2946 1056 3000 οὑ
1093 2948 1224 3016 μιᾶς
1251 2946 1307 3000 δὲ
1341 2946 1462 3001 κατ’
1490 2946 1681 2998 οὑσίαν
1710 2947 2195 3018 ἀντιδιαιρούμενα
2303 2962 2442 3009 σεως
2464 2986 2478 3011 ,
2530 2944 2604 3007 ὡς
2658 2945 2905 3016 ἐναργῶς
2951 2946 3116 3017 ίδηλοῖ
3167 2946 3305 3017 πρὸς
3345 2950 3457 3010 τοῖς
3499 2947 3682 3010 ἄλλοις
3716 2946 3856 3001 ἅπασι

603 3039 844 3109 φύσεως,
880 3039 940 3091 οὑ
976 3040 1106 3110 μιᾶς
1138 3039 1246 3109 ἄρα
1273 3055 1337 3107 γε
1366 3038 1554 3101 οὐσίας
1580 3039 1607 3090 6
1634 3038 1945 3110 ἄνθρωπος·
1981 3039 2076 3092 καὶ
2103 3038 2196 3092 ἀλ·-
2299 3034 2644 3099 διδασκόιλοις
2677 3038 2705 3089 6
2733 3037 2792 3088 ἐν
2823 3036 3001 3104 ἁγίοις
3032 3036 3354 3106 Ἀθανάσιος
3404 3039 3466 3091 ἐν
3495 3039 3580 3108 τῷ
3610 3038 3745 3091 κατά
3767 3037 3854 3089 τῶν

602 3122 712 3197 λως
758 3131 869 3203 γὰρ
915 3131 1116 3200 φάναι,
1164 3132 1213 3184 εἰ
1249 3133 1358 3195 πᾶς
1387 3133 1512 3203 ὅρος
1542 3131 1650 3184 τῶν
1680 3131 2057 3201 ὑποκειμένων
2090 3130 2195 3201 φύ-
2302 3127 2767 3199 βλασφημούντων
2800 3127 2860 3181 τὸ
2891 3128 3117 3199 Πνεῦμα
3147 3131 3207 3181 τδ
3236 3130 3392 3198 ἅγιον
3457 3130 3660 3183 οὑτωσὶ
3682 3129 3855 3197 λέγων’

605 3225 744 3278 σεὼν
772 3226 889 3278 ἐστι
921 3223 1245 3296 δηλωτικὸς,
1281 3223 1499 3292 λέγεται
1534 3222 1652 3274 καθ’
1680 3221 1909 3293 ὁρισμὸν
1940 3221 2084 3286 ζῶον
2112 3220 2198 3274 λο-
2302 3220 2427 3275 Ὅτι
2470 3221 2528 3275 δὲ
2577 3221 2687 3275 ἄνω
2717 3221 2820 3292 τῆς
2847 3221 3083 3286 κτίσεώς
3112 3223 3229 3276 ἐστι
3258 3223 3317 3276 τὸ
3343 3224 3598 3293 Πνεῦμα,
3634 3222 3727 3275 καὶ
3754 3219 3857 3274 ἀλλο

602 3319 759 3387 γικὸν
791 3317 984 3388 θνητὸν
1014 3320 1042 3371 ό
1070 3316 1377 3386 ἄνθρωπος’
1412 3316 1471 3368 οὑ
1499 3316 1705 3368 ταυτὸν
1729 3315 1785 3367 δέ
1814 3314 1952 3368 κατά
1979 3314 2197 3384 φύσεως
2305 3312 2407 3383 μὲν
2441 3313 2595 3384 παρά
2626 3313 2726 3385 τὴν
2755 3313 2863 3367 τῶν
2892 3313 3137 3385 γενητῶν
3165 3319 3349 3383 φύσιν,
3389 3315 3526 3369 ῐδιον
3556 3316 3612 3368 δὲ
3642 3312 3854 3383 τῆςθεό·

603 3408 767 3477 λόγον
799 3408 861 3461 τὸ
888 3407 1107 3476 λογικὸν
1138 3406 1217 3477 τῷ
1244 3404 1454 3477 θνητῷ,
1491 3408 1591 3459 οὐκ
1621 3406 1729 3477 ἄρα
1765 3408 1895 3475 μιᾶς
1922 3408 2006 3477 εἴη
2039 3409 2066 3460 6
2094 3406 2191 3461 ἆν-
2301 3419 2485 3473 τητος,
2511 3402 2688 3468 ἔξεστι
2716 3403 2811 3457 καὶ
2834 3406 2899 3457 ἐκ
2922 3402 3116 3457 τούτου
3148 3404 3307 3458 πάλιν
3335 3405 3595 3470 συνιδεῖν,
3626 3406 3716 3457 καὶ
3734 3401 3853 3469 ἑξῆς·

609 3500 830 3573 θρωπος
854 3500 1068 3570 φύσεως
1093 3500 1234 3554 κατά
1256 3500 1347 3553 τὸν
1368 3499 1460 3553 τοῦ
1483 3499 1689 3554 οἰκείου
1712 3498 1945 3571 ὁρισμοῦ
1968 3499 2189 3554 κανόναο
2301 3496 2405 3550 οὑκ
2449 3495 2556 3567 ἄρα
2589 3513 2654 3565 γε
2685 3491 2779 3549 οῦν
2829 3497 2960 3567 μιᾶς
2992 3495 3077 3566 εἴη
3110 3495 3324 3565 φύσεως
3352 3497 3379 3550 6
3405 3495 3535 3550 καθ’
3560 3495 3757 3548 ἕκαστα
3782 3494 3856 3547 καὶ

615 3594 667 3646 εί
705 3592 764 3647 δὲ
803 3592 1011 3661 λέγοιτό
1053 3609 1185 3645 ποτε
1231 3594 1360 3661 μιᾶς
1395 3591 1609 3662 φύσεως
1645 3594 1672 3647 6
1703 3592 2024 3664 ἄνθρωπος,
2075 3591 2198 3646 ἀντὶ
2307 3588 2509 3658 ἄτομος
2536 3587 2865 3660 ἄνθρωπος,
2918 3588 3055 3643 ἀλλά
3090 3590 3222 3662 μιᾶς
3256 3588 3353 3660 μὲν
3385 3588 3759 3655 ὑποστάσεως,
3782 3585 3858 3641 δύο

619 3682 716 3736 τοῦ
762 3683 934 3747 εῐδους
981 3682 1045 3737 τὸ
1091 3682 1192 3755 τῆς
1221 3681 1441 3753 φύσεως
1469 3683 1960 3756 παραλαμϐάνεται
1987 3684 2162 3755 ὄνομα
2181 3698 2196 3714 ’
2227 3674 2270 3733 C
2303 3678 2360 3733 δὲ
2387 3677 2623 3749 φύσεων.

2220 3918 2334 3984 ΙΙΙ.

1106 4034 1191 4096 ΙΝ
1237 4031 1480 4098 ILLUD
1515 4056 1530 4097 :
1567 4033 1939 4098 CREAVIT
1976 4034 2197 4098 DEUS
2237 4035 2707 4102 SECUNDUM
2751 4038 3224 4113 IMAGINEM,
3260 4047 3379 4110 etC.

677 4163 1073 4220 Ἆναστασίου
1089 4162 1496 4235 πρεσϐυτέρου
1528 4163 1663 4233 περὶ
1690 4164 1818 4218 τοῦ·
1849 4182 1867 4215 ι
1895 4164 2252 4219 Κατέὶκόνα
2281 4167 2381 4220 καί
2410 4169 2540 4221 καθ’
2566 4167 2854 4237 ὁμοίωσιν
2879 4165 3001 4223 ὑπὸ
3029 4167 3180 4223 Θεοῦ
3206 4167 3610 4238 κατασκευῆς,
3634 4168 3815 4237 λόγος.

1582 4285 1741 4359 (ΑΜ.
1768 4285 1895 4353 MAI,
1920 4284 2179 4359 Scriptor.
2207 4288 2376 4344 Veter.
2406 4288 2608 4347 collect.
2646 4290 2759 4359 Vll,
2785 4290 2931 4362 192.)

683 4409 1006 4480 Παρέϐαλόν
1036 4424 1142 4462 τινι
1170 4406 1280 4461 τῶν
1307 4406 1619 4478 ἐξηγητῶν,
1644 4408 1742 4461 καὶ
1764 4406 1952 4477 ἔλεγεν
1976 4408 2058 4462 ὅτι
2079 4408 2210 4463 ποτὲ
2310 4410 2621 4483 θρωπότητι
2643 4428 2657 4444 ·
2714 4411 2796 4464 δεῖ
2838 4410 3020 4467 τοίνυν
3078 4412 3329 4467 ἀπαιτεῖν
3362 4412 3564 4476 αὐτοὺς
3599 4409 3852 4484 ὀριστικῶς

613 4501 1046 4573 φιλολογοῦντος
1098 4498 1262 4553 αὑτοῦ
1316 4497 1416 4570 τὴν
1466 4498 1617 4570 ἱερὰν
1661 4500 1927 4572 Γραφὴν,
1986 4500 2209 4569 ἐγένετο
2306 4504 2480 4557 εἰπεῖν
2517 4503 2663 4572 εἴγε
2697 4504 2793 4556 καὶ
2823 4504 3162 4558 ἐπίστανται.
3215 4534 3285 4544 -
3331 4504 3396 4556 Τί
3416 4505 3576 4557 -ἐστιν
3603 4505 3719 4575 ὅρος
3743 4494 3848 4572 ὀμο-

614 4590 879 4667 ἐξαίφνης
934 4594 1127 4665 ὥσπερ
1176 4592 1553 4664 διανοιχθῆναι
1604 4591 1774 4646 αὑτοῦ
1816 4593 1943 4657 τοὺς
1982 4595 2206 4666 νοεροῦς
2306 4594 2489 4647 ουσίου
2523 4593 2779 4665 ἀληθοῦς.
2839 4593 2903 4647 Τί
2946 4597 3095 4648 ἐστιν
3126 4595 3251 4663 ὄρος
3279 4595 3491 4648 τελείου
3519 4594 3771 4657 ἐντελοῦς.
3798 4590 3849 4644 Τί

614 4691 929 4763 ὀφθαλμοὺς
980 4689 1075 4743 καὶ
1117 4688 1322 4742 ἰδέσθαι
1371 4689 1554 4741 πᾶσαν
1589 4687 1688 4758 τὴν
1722 4688 2071 4761 κατασκευὴν
2104 4692 2203 4761 τῆς
2306 4688 2455 4740 ἐστιν
2486 4687 2609 4759 ὅρος
2638 4687 2818 4757 ψυχῆς
2846 4686 3095 4755 λογικῆς.
3135 4688 3202 4741 Τί
3233 4688 3379 4741 ἐστιν
3408 4687 3536 4759 ὅρος
3563 4688 3730 4757 ψυχῆς
3754 4684 3847 4738 6M-

614 4784 850 4847 κτίσεως
878 4783 971 4837 καὶ
998 4782 1218 4839 πάντων
1249 4780 1358 4834 τῶν
1384 4784 1441 4834 ὲν
1470 4780 1608 4851 αὑτῇ
1643 4781 1743 4853 τὴν
1774 4782 1958 4836 εἰκόνα
1990 4783 2083 4836 καὶ
2110 4783 2202 4836 τύ-
2306 4797 2427 4849 γου.
2466 4779 2578 4832 Καὶ
2608 4782 2758 4842 ποῖος
2787 4781 2910 4851 ὅρος
2941 4780 3039 4850 τῆς
3068 4779 3248 4851 ψυχῆς
3278 4780 3371 4834 τοῦ
3400 4779 3657 4852 Χριστοῦ.
3694 4778 3785 4831 Καὶ
3807 4773 3846 4828 τί

614 4892 716 4929 πον
737 4876 836 4943 τῆς
857 4874 1262 4945 ἀνθρωπήσεως
1286 4872 1383 4925 τοῦ
1409 4873 1543 4926 Θεοῦ
1565 4872 1742 4942 Λόγου
1764 4874 2198 4946 διαγράφουσαν·
2305 4873 2421 4925 ἐστι
2456 4871 2719 4942 σαρκικὸν
2747 4869 2979 4941 θέλημα.
3020 4871 3130 4923 Καὶ
3163 4870 3216 4923 τί
3245 4870 3413 4943 ψυχή.
3456 4873 3565 4926 Καὶ
3598 4871 3650 4924 τί
3675 4868 3840 4923 θεῖκόν.

613 4966 706 5020 καὶ
722 4964 810 5019 διὰ
831 4964 989 5017 τοῦτό
1017 4980 1182 5034 φησιν
1204 4963 1233 5016 6
1258 4962 1470 5026 Παῦλος
1496 4963 1626 5033 περὶ
1649 4961 1910 5033 Χριστοῦ,
1944 4964 2049 5017 ὅτι*
2084 4983 2100 5015 ι
2121 4965 2203 5018 Τὰ
2304 4996 2374 5007 -
2402 4965 2513 5017 Καὶ
2544 4964 2637 5016 ἐὰν
2667 4963 2795 5027 τοὺς
2822 4964 3259 5034 προειρημένους
3288 4964 3448 5034 ὅρους
3480 4962 3749 5034 πατρικῶς
3770 4958 3840 5011 καὶ

613 5061 791 5114 πάντα
839 5058 905 5111 δι’
939 5057 1105 5111 αὑτοῦ
1144 5056 1240 5111 καὶ
1276 5057 1356 5120 εἰς
1386 5056 1551 5110 αὑτὸν
1581 5055 1829 5127 ἐκτίσθη.
1859 5075 1877 5108 ι
1918 5056 2039 5129 Χρὴ
2071 5056 2199 5118 τοὺς
2304 5059 2404 5129 οὑχ
2440 5056 2768 5127 Ἑλληνικῶς
2802 5057 3036 5128 διορίσαι
3073 5057 3396 5127 ίσχύσωσιν,
3434 5058 3493 5122 ἐξ
3525 5056 3696 5111 αὑτῶν
3720 5054 3836 5118 ἐλεγο

616 5150 794 5222 σοφῶς
828 5150 920 5202 καὶ
957 5149 1267 5221 ἐχεφρόνως
1306 5148 1600 5219 μέλλοντας
1628 5150 1881 5219 συζητεῖν
1922 5148 2064 5219 μετὰ
2089 5147 2197 5202 τῶν
2304 5152 2523 5223 χόμενοι
2558 5151 2848 5204 πίπτουσιν
2871 5166 2883 5180 ⁸
2945 5150 3134 5221 ὥσπερ
3172 5153 3281 5222 γάρ
3319 5152 3584 5222 ἀνελλιπῆ
3616 5148 3733 5203 Θεὸν
3756 5143 3837 5198 διί-

614 5242 909 5313 αίρετικῶν
958 5242 1090 5312 περὶ
1134 5241 1244 5295 τῶν
1292 5240 1388 5293 τοῦ
1428 5240 1668 5311 Χριστοῦ
1703 5240 1983 5311 ίδιοτήτων
2017 5240 2197 5309 λόγον,
2307 5260 2496 5297 κνυσιν
2549 5244 2581 5314 ή
2630 5242 2768 5313 πρὸς
2807 5243 2899 5296 τὸν
2934 5244 3152 5314 Πατέρα
3188 5247 3542 5315 όμοουσιότης
3575 5244 3660 5297 τὸν
3682 5241 3833 5307 Λόγον,

613 5336 735 5408 ἦτοι
764 5339 895 5405 περὶ
921 5334 1193 5405 θελήσεως
1224 5332 1257 5404 ἢ
1290 5334 1415 5404 περὶ
1445 5332 1725 5402 ἐνεργείας
1758 5332 1863 5405 πρὸ
1888 5332 2090 5396 παντὸς
2114 5332 2199 5386 λό-
2306 5334 2481 5398 οὕτως
2532 5336 2596 5388 ἐκ
2644 5334 2845 5398 παντὸς
2890 5335 3095 5404 τρόπου
3154 5337 3250 5389 καὶ⁹
3299 5336 3557 5405 ἀνελλιπῆ
3596 5332 3739 5387 αὑτὸν
3766 5330 3835 5383 όν-

614 5442 710 5496 γου
761 5425 1010 5478 ἀπαιτεῖν
1047 5424 1244 5485 αὑτοὺς
1281 5422 1574 5492 ἐγγράφως
1608 5421 1865 5475 ἐκθέσθαι
1902 5421 2027 5485 τοὺς
2062 5422 2197 5475 ὑπο·
2308 5427 2526 5499 θρωπον
2562 5426 2861 5496 παρίστησι
2898 5428 2929 5495 ή
2967 5427 3105 5498 πρὸς
3134 5428 3282 5499 ἡμᾶς
3312 5426 3408 5480 τοῦ
3442 5425 3681 5497 σώματος
3703 5418 3830 5477 αὑτοῦ

612 5518 1037 5590 γεγραμμένους
1067 5518 1226 5589 ὅρους
1250 5532 1265 5547 ο
1325 5514 1381 5580 ἐξ
1419 5514 1599 5567 αὑτῶν
1629 5513 1736 5585 γὰρ
1773 5514 2012 5585 εὐχερῶς
2041 5514 2193 5583 ὲλέγ-
2308 5520 2402 5574 καὶ
2437 5519 2539 5591 τῆς
2564 5518 2743 5590 ψυχῆς
2771 5520 3147 5591 ὁμοουσιότης.

614 5632 767 5687 χεται
802 5616 834 5682 ή
869 5612 1150 5686 ἀφροσύνη
1185 5610 1365 5665 αὑτῶν
1391 5625 1405 5639 ’
1462 5608 1556 5662 δύο
1604 5609 1713 5681 γὰρ
1766 5610 2112 5680 τελειότητας
2148 5614 2197 5665 οἰ
2382 5612 2815 5684 Παρακαλοῦμεν
2837 5615 2960 5678 τοὺς
2986 5616 3042 5667 ἐν
3073 5613 3264 5687 Κυρίῳ
3288 5605 3826 5685 ἀδελφοὺςήμῶνμετὶ

615 5708 762 5777 ἀγιοι
792 5706 1035 5776 Πατέρες
1067 5705 1326 5773 εἰρήκασι
1362 5703 1419 5755 ὲν
1449 5700 1527 5770 τῷ
1556 5701 1800 5773 Χριστῷ,
1840 5703 2082 5757 τουτέστι
2110 5705 2198 5757 τέ·-
2311 5704 2513 5775 πολλῆς
2598 5705 2882 5768 εὐλαϐείας
2951 5708 3044 5760 καὶ
3107 5707 3483 5777 περισκέψεως
3534 5702 3821 5771 διαλέγεσθλε

616 5798 757 5853 λειον
786 5796 949 5852 αὑτὸν
975 5796 1103 5853 ὄντα
1129 5797 1186 5851 ἐν
1212 5793 1428 5865 θεότητι
1458 5792 1658 5865 ὁμοίως
1684 5798 1776 5849 καὶ
1804 5794 2003 5849 τέλειον
2028 5797 2083 5850 ἐν
2107 5797 2195 5853 ἀνι
2309 5797 2446 5867 πρὸς
2487 5796 2612 5861 τοὺς
2648 5795 2950 5861 ἀντιδίκους
2977 5797 3067 5853 τὸν
3109 5798 3238 5871 ’περί
3265 5799 3553 5869 ἐνεργειῶν
3584 5796 3667 5851 καὶ
3697 5790 3819 5859 θελη-

3975 3728 3977 3790 4
