4072 6516
205 353 354 419 1285

1624 338 2091 404 FRAGMENTA
2103 384 2116 397 .

3375 326 3517 396 1286

202 467 407 539 μάτων
438 463 622 531 λόγον,
643 460 739 528 καὶ
768 458 1007 529 μάλιστα
1041 456 1179 529 πρὸς
1206 455 1338 521 ,τοὺς
1362 454 1439 527 μὴ
1460 452 1809 528 χωροῦντας·
1844 467 1886 521 Α
1915 450 2030 505 Καὶ
2061 448 2253 519 Μάνης
2283 447 2312 501 ὁ
2345 444 2735 539 Πέρσηςῗλέγει
2762 441 2859 499 δύο
2890 439 3343 539 ἐνεργείας,-ἀλλ’
3373 442 3516 539 ἀγα-

198 558 268 612 06
325 555 433 627 γὰρ
478 552 701 608 πάντων
740 552 774 620 ἡ
812 549 1018 611 πίστις,
1056 546 1131 609 ὦς
1164 564 1331 617 φησιν
1354 549 1383 599 ὁ
1408 545 1654 610 Παῦλος·
1696 546 1812 599 λοι-

197 651 311 702 πδν
341 648 416 717 μὴ
441 644 789 712 ἀναισχύντῳ
822 638 1107 711 προσώπῳ
1130 639 1224 691 καὶ
1252 635 1619 708 ἀναιδεστάτῃ
1656 638 1810 709 φωνῇ

198 741 286 805 ὦ⁶ς
354 754 505 801 τινες
557 736 816 805 ἄφρονες,
845 732 1313 804 ἀπεριφυλάκτως
1362 729 1662 802 κράζωμεν
1716 730 1812 785 δύο

202 828 420 900 φυσικὰ
472 827 756 896 θελήματα
792 825 887 878 καὶ
931 824 1027 877 δύο
1070 823 1309 892 φυσικὰς
1363 824 1669 897 ἐνεργείας,
1714 822 1810 877 καὶΙ

198 925 301 979 δύο
332 922 541 992 φυσικά
586 920 707 973 τόδε
757 918 853 972 καὶ
884 918 1028 981 τόδε,
1062 917 1198 970 ἀλλὰ
1233 918 1349 987 μετ’
1379 916 1675 981 εὐλαϐείας
1711 916 1808 973 καὶ

202 1016 378 1085 φόϐου
411 1012 550 1067 Θεοῦ
593 1012 689 1064 καὶ
737 1010 1160 1080 περισκέψεως·
1195 1010 1310 1063 ἐστι
1348 1009 1458 1079 γάρ
1503 1009 1598 1063 καὶ
1648 1008 1809 1061 εὐσε-

204 1108 325 1173 ϐῶς
352 1109 527 1160 εἰπεῖν
557 1105 615 1158 ὲν
638 1103 860 1175 Χριστῷ
899 1104 995 1157 καὶ
1033 1102 1136 1165 τὰς
1172 1101 1267 1155 δύο
1298 1101 1515 1170 φύσεις.
1572 1100 1808 1169 Ὁμοίως

204 1200 328 1253 ἐστι
367 1199 463 1252 καὶ
490 1196 669 1267 ὀρθῶς
716 1196 811 1248 καὶ
851 1193 1132 1264 στρεϐλῶς
1156 1195 1335 1247 εἰπεῖν
1382 1196 1441 1248 ὲν
1502 1193 1655 1263 αὑτῷ
1711 1193 1809 1245 καὶ

208 1294 495 1363 θελήματα
524 1291 621 1344 καὶ
651 1288 936 1359 ἐνεργείας
958 1304 974 1319 ·
1011 1289 1106 1342 καλ⁸
1143 1287 1251 1361 γὰρ
1286 1286 1383 1341 καὶ
1411 1286 1676 1356 Διόδωρος
1713 1286 1808 1339 καὶ

208 1386 511 1455 Νεστόριος
556 1384 785 1451 λέγουσι
830 1382 926 1435 δύο
966 1381 1161 1450 φύσεις
1201 1380 1465 1450 Χριστοῦ,
1523 1381 1639 1434 ἀλλ’
1675 1380 1808 1433 ὑπο-

213 1458 509 1540 στάτικῶς.
548 1477 658 1531 Καὶ
692 1476 969 1545 Θεόδωρος
1017 1477 1045 1528 ό
1074 1473 1386 1544 ’Λντιοχεὺς
1405 1474 1500 1529 καὶ
1533 1476 1750 1545 ’Λρειος
1780 1473 1810 1526 ό

224 1570 616 1642 ’Δλεξανδρεὺς
655 1569 876 1639 λέγουσι
918 1567 1013 1621 δύο
1044 1567 1353 1638 θελήματα,
1380 1566 1499 1622 ἀλλ’
1524 1565 1806 1630 ἐναντίως.

1914 543 2009 597 θοῦ
2050 539 2188 595 Θεοῦ
2221 541 2318 594 καὶ
2353 538 2596 611 πονηροῦ
2620 538 2837 611 ἑτέραν.
2873 535 2965 589 Διὸ
2994 533 3232 589 δυσωπῶ
3276 535 3335 588 ὲν
3367 535 3514 606 πάσῃ

1913 633 2239 706 περισκέψει
2269 635 2387 697 τοῖς
2427 631 2763 704 μαχομένοις
2805 625 3275 697 ἀπολογισώμεθα
3329 625 3518 695 λέγον-

1909 744 2001 790 τες
2032 726 2173 799 πρὸς
2206 726 2405 787 αύτούς
2439 724 2665 789 εὐθέως,
2708 724 2791 777 ὅτι
2837 721 2975 784 είτις
3006 719 3159 789 λέγει
3186 721 3245 773 ὲν
3291 719 3516 790 Χριστῷ

1912 816 2179 886 σαρκικὸν
2237 816 2461 888 θέλημα
2507 816 2541 887 ἢ
2601 814 2891 886 κοσμικδν,
2948 815 2981 886 ἢ
3030 815 3170 880 ὅλως
3231 815 3516 889 ἐνέργειαν

1910 909 2335 981 ἐναντιουμένην
2387 911 2454 981 τῇ
2500 908 2667 963 αὑτοῦ
2695 909 2955 978 ’θεότητῃ
2988 910 3022 981 ἡ
3056 908 3269 980 θέλημα
3300 910 3517 963 ἀντιπί-

1913 1023 2048 1061 πτον
2074 1006 2152 1077 τῷ
2170 1006 2291 1077 Θεῷ
2315 1005 2495 1076 Λόγῳ,
2524 1005 2666 1059 ἔστω
2693 1005 3053 1076 κατάκριτος·
3085 1007 3262 1060 πάντα
3284 1005 3354 1074 γά
3364 1024 3393 1077 ρ
3418 1007 3518 1059 ὅσα

1913 1093 2063 1169 εἶχεν
2091 1099 2125 1168 ἡ
2151 1098 2245 1151 τοῦ
2274 1096 2459 1150 δούλου
2488 1097 2694 1167 μορφὴ,
2724 1094 3018 1149 ὑπέκειντο
3039 1096 3136 1150 καὶ
3153 1098 3347 1167 ἤγοντο
3376 1095 3515 1149 κατά

1912 1193 1974 1247 τὸ
2010 1192 2192 1263 νεῦμα
2231 1193 2328 1246 καὶ
2378 1191 2632 1262 βούλημα
2671 1192 2771 1261 τῆς
2815 1190 2907 1244 τοῦ
2940 1190 3213 1243 Δεσπότου
3245 1190 3338 1243 τοῦ
3373 1186 3511 1242 Θεοῦ

1916 1286 2094 1355 Λόγου
2127 1286 2363 1357 μορφῆς.
2409 1284 2551 1338 Ἀλλ’
2581 1285 2733 1349 ὅπως
2773 1283 2848 1355 μὴ
2890 1285 3206 1354 ποιήσωμεν
3238 1285 3337 1353 τὴν
3357 1283 3511 1337 Θείαν

1917 1379 2081 1448 φύσιν
2140 1377 2307 1431 αὑτοῦ
2364 1377 2738 1448 ὑποκειμένην
2798 1376 2995 1429 πάθεσι
3050 1376 3145 1430 καὶ
3205 1375 3281 1439 ὡς
3327 1376 3513 1429 δοῦλον

1918 1471 2297 1526 ὑποπίπτοντα
2321 1469 2413 1523 τὸν
2449 1470 2608 1538 λόγον
2640 1468 2718 1540 τῷ
2750 1468 2949 1540 Πατρὶ,
2974 1467 3168 1522 τούτου
3192 1467 3352 1539 χάριν
3380 1468 3518 1520 ἑκα-

1916 1568 2057 1641 τέρᾳ
2091 1565 2255 1638 φύσει
2291 1564 2536 1638 Χριστοῦ
2564 1564 2889 1635 ἀδιαιρέτως
2917 1562 2989 1617 τὰ
3017 1562 3121 1617 ίδια
3143 1562 3515 1634 άπονέμομεν.

1822 1806 1923 1869 IV.

727 1922 1127 1980 Ἀναστασίου
1174 1922 1543 1994 ’Δντιοκείας
1588 1922 1659 1978 ἐκ
1706 1921 1819 1993 τῆς
1868 1922 2023 1993 πρὸς
2058 1922 2310 1995 Σέργιον
2343 1920 2455 1977 τὸν
2477 1919 2902 1991 Γραμματικόν
2932 1919 3034 1993 (I).

1369 2035 1528 2109 (Anc.
1570 2035 1699 2103 MAI,
1732 2034 1931 2109 δοτῆρι.
1974 2036 2088 2092 Vet.
2120 2034 2237 2105 VII,
2273 2034 2393 2107 27.)

289 2160 624 2230 Κέκρυπται
662 2152 719 2206 δὲ
762 2152 886 2213 ταῖς
934 2148 1221 2220 ἀληθείαις
1255 2150 1362 2204 ὑπὸ
1395 2152 1496 2223 τῆς
1525 2149 1679 2214 θείας
1713 2148 1821 2219 φύ-
1851 2159 1893 2214 Β
1923 2146 2053 2202 πεία
2072 2147 2236 2219 φύσις
2251 2146 2515 2201 ένωθεῖσα
2542 2145 2621 2217 τῷ
2645 2145 2766 2216 Θεῷ
2788 2144 2948 2216 Λόγῳ
2972 2143 3361 2218 κατεκρατὴθη
3387 2161 3517 2201 τοσ.

217 2272 360 2316 σεως
400 2255 431 2323 ἡ
458 2246 799 2320 ἀνθρωπεία,
831 2246 936 2299 κᾶν
965 2245 994 2298 ὁ
1024 2245 1185 2314 λόγος
1224 2246 1481 2318 διακρίνῃ
1509 2245 1607 2317 τὴν
1630 2245 1822 2307 οὐσίαν

216 2346 426 2415 αὐτῆς·
466 2342 606 2395 ῶστε
647 2340 720 2411 μὴ
758 2338 943 2410 ῥᾴδιον
984 2333 1128 2392 εἶναι
1172 2338 1468 2407 διαγνῶναι
1503 2338 1602 2409 τὴν
1660 2338 1823 2409 φύσιν

216 2437 417 2505 αὐτῆς,
453 2431 861 2500 καταποθείσης
923 2424 1034 2483 οἷον
1075 2429 1168 2483 καὶ
1198 2419 1666 2502 μεταποιηῦείσης
1690 2428 1825 2500 7:90;

214 2528 317 2598 τὴν
342 2524 779 2593 προσλαϐοῦσαν·
801 2522 1077 2592 ῶσπερτά
1105 2522 1183 2592 τῷ
1212 2522 1347 2594 πυρὶ
1381 2523 1483 2592 τῆς
1516 2521 1609 2575 τοῦ
1648 2521 1824 2593 πυρὸς

222 2617 636 2690 μεταλαμϐάνει
657 2617 961 2686 ποιότητος,
983 2616 1058 2677 ὡς
1077 2615 1263 2685 σχεδὸν
1282 2615 1561 2683 ἄγνωστον
1575 2610 1825 2686 εἶναιτὴν

213 2711 494 2782 διάκρισιν
517 2708 610 2762 τοῦ
638 2726 695 2762 τε
724 2709 1091 2778 μετεχομένου
1130 2708 1226 2761 καὶ
1262 2706 1354 2761 τοῦ
1383 2707 1734 2778 μετέχοντος.

295 2803 411 2855 Οὐκ
458 2802 571 2856 ξστι
628 2802 725 2872 μὲν
775 2796 867 2853 οῦν
920 2800 1102 2868 εὑρεῖν
1158 2800 1343 2853 εἰκόνα
1408 2799 1826 2872 παραστατικὴν

218 2894 328 2963 τῆς
374 2894 620 2957 ἐνιὶισεως
669 2894 907 2963 ταύτης·
953 2894 1095 2962 πλὴν
1147 2891 1470 2963 πειρώμεθά
1526 2910 1650 2950 τινα
1680 2911 1825 2966 παρ..

238 2989 473 3054 αγαγεῖν
498 2984 735 3056 μετρίως
765 2984 865 3053 μὲν
881 2982 958 3045 ὡς
993 2982 1125 3052 πρὸς
1150 2982 1211 3035 τὸ
1246 2983 1476 3052 μέγεθος
1495 2982 1589 3036 τοῦ
1621 3000 1827 3054 μυστη-

228 3081 372 3151 ρίου,
408 3080 516 3131 τῶν
549 3079 606 3132 δὲ
653 3078 861 3131 λοιπῶν
901 3076 1276 3149 ἀληθεστέραν
1323 3078 1628 3147 ἐμφέρειαν
1663 3076 1824 3147 ἔχου-

228 3190 335 3225 σαν
355 3188 369 3203 ·
403 3165 517 3224 οἷον
541 3170 651 3240 γὰρ
678 3170 741 3223 ἄν
775 3187 858 3233 τις
889 3169 1107 3222 εἰκάσαι
1144 3168 1321 3221 πάντα
1355 3168 1446 3221 τὸν
1480 3168 1637 3231 ἐκτὸς
1659 3173 1828 3239 ούρα-

229 3262 327 3318 νοῦ
382 3263 519 3332 ἀέρα
567 3260 1059 3332 πεπυραγτῶσθαι,
1126 3261 1327 3331 μᾶλλον
1386 3261 1443 3313 δὲ
1490 3260 1602 3331 πῦρ
1659 3256 1822 3327 εἶναι,

226 3357 434 3410 κόκκον
457 3356 513 3408 δὲ
564 3354 839 3417 σινάπεως
869 3353 901 3424 ἢ
935 3354 1172 3425 κέγχρου
1203 3352 1574 3425 ἐμϐεϐλῆσθαι
1600 3352 1676 3424 τῷ
1699 3370 1825 3407 τοσ‹

225 3449 375 3519 ούτῳ
442 3448 597 3520 πυρὶ,
630 3448 849 3519 ἀνάγκη
903 3448 1157 3501 κάκεῖνον
1202 3446 1342 3517 πρὸς
1383 3446 1443 3499 τὸ
1490 3445 1828 3518 ἐπικρατοῦν

1929 2240 2112 2308 οῦτον,
2185 2241 2262 2305 ῶς
2312 2242 2387 2313 μὴ
2446 2241 2625 2295 δοκεῖν
2672 2239 2754 2294 ἔτι
2807 2239 2972 2309 φύσιν
3018 2236 3313 2307 ἀνθρώπου
3340 2234 3518 2295 εἶναι’

1929 2332 2102 2403 ταύτῃ
2139 2349 2196 2384 τε
2240 2330 2423 2400 λέγειν
2452 2330 2576 2395 τοὺς
2627 2330 2873 2402 πατέρας
2918 2328 3221 2381 τεθεῶσθαι
3281 2329 3357 2397 μὴ
3412 2330 3521 2383 ἀπ·-

1933 2424 2164 2494 οκνῆσαι
2199 2422 2299 2494 τὴν
2334 2423 2496 2493 φύσιν
2517 2440 2531 2453 ⁸
2574 2424 2621 2477 εί
2651 2424 2707 2477 δὲ
2748 2425 2841 2477 κἀὶ
2870 2423 2964 2476 ἐπὶ
2999 2421 3255 2476 τοσοῦτον
3285 2424 3522 2495 ἀνέκρα-

1927 2512 2068 2582 τήθη
2123 2512 2222 2584 τὴν
2273 2513 2481 2577 οὑσίαν,
2527 2515 2611 2567 δεῖ
2653 2530 2717 2582 γε
2764 2513 2958 2577 σώζειν
2988 2514 3087 2583 τὴν
3113 2512 3415 2584 διαφοράν·
3456 2512 3519 2567 οὑ

1928 2605 2041 2675 γὰρ
2072 2606 2215 2659 κατὰ
2246 2607 2464 2678 πρῶτον
2493 2607 2648 2676 λόγον
2677 2608 2874 2678 ἑαυτῆς
2898 2607 3091 2679 ἐξέστη
3119 2624 3131 2636 ·
3166 2608 3261 2661 καὶ
3290 2608 3399 2679 γὰρ
3428 2607 3521 2661 καὶ

1929 2699 1961 2767 ἡ
1993 2698 2111 2752 θεία
2145 2699 2308 2768 φύσις
2347 2701 2665 2773 μεμένηκεν
2695 2702 3058 2766 ἀναλλοίωτος
3101 2702 3161 2756 ὲν
3184 2705 3250 2772 τῇ
3284 2702 3381 2755 τοῦ
3416 2720 3520 2772 φυ-

1931 2793 2178 2864 ράματος
2234 2794 2391 2865 ἡμῶν
2432 2796 2776 2867 προσλήψει·
2811 2797 2949 2866 ὅπερ
2989 2797 3143 2851 πᾶσα
3188 2797 3522 2867 παρίστησιν

1930 2887 1962 2958 ἡ
1996 2886 2223 2941 Οεόπνευ
2234 2906 2356 2953 στος
2382 2889 2595 2962 Γραφή.

2546 2984 2658 3039 Τοῦ
2690 2984 2899 3040 αὐτοῦ.

2012 3073 2153 3127 Ἀλλ’
2182 3078 2214 3146 ἡ
2244 3076 2442 3141 ένωσις
2488 3077 2618 3148 μίαν
2658 3078 2941 3145 ὑπέδειξεν
2967 3080 3101 3149 ἡμῖν
3153 3078 3254 3149 τὴν
3283 3077 3525 3150 προσκύ-

1928 3182 2108 3236 νησιν,
2139 3167 2234 3221 τοῦ
2268 3186 2328 3222 τε
2361 3169 2791 3240 θεοποιὴσαντος
2822 3172 2915 3224 καὶ
2949 3170 3043 3225 τοῦ
3083 3170 3521 3242 θεοποιηθέντος·

1933 3256 2033 3325 μία
2075 3260 2185 3329 γάρ
2222 3261 2373 3315 ἐστιν
2419 3262 2725 3335 ἀχώριστος
2779 3264 3079 3327 ὑπόστασις
3108 3280 3122 3294 ’
3164 3264 3224 3318 οὑ
3269 3264 3381 3318 τῶν
3420 3264 3524 3336 φύ-

1932 3365 2072 3403 σεων
2106 3351 2531 3420 άλλοιωθεισῶν,
2562 3358 2685 3411 οὐδὲ
2712 3357 2820 3410 τῶν
2843 3359 3124 3429 ίδιοτήτων
3141 3358 3286 3412 κατά
3305 3359 3526 3429 πρῶτον

1930 3439 2089 3510 λόγον
2138 3444 2533 3517 ἀμειφθεισῶν,
2565 3446 2703 3502 ἀλλὰ
2727 3448 2871 3502 κατά
2898 3448 2990 3503 τὸν
3016 3449 3115 3519 τῆς
3143 3448 3524 3519 ἀνακράσεως,

227 3507 537 3606 πεπόσθαι,⁸
558 3538 634 3603 ῶς
678 3507 762 3611 μὴ.
782 3507 961 3595 δοκεῖν
1004 3538 1093 3592 ’ἐτε
1104 3554 1194 3609 ρον
1224 3507 1363 3590 εῖναι
1386 3537 1449 3591 τδ
1478 3507 1697 3609 πῦρ,ἐί
1730 3540 1825 3591 καὶ
1855 3507 1896 3563 C
1930 3507 2193 3602 Iv’Voﬁtwg'
2213 3507 2373 3605 εἴπω,
2395 3507 2619 3611 τρόπον,
2644 3541 2767 3595 καθ’
2789 3541 2817 3594 ὂ
2836 3541 2899 3595 ἂν
2923 3507 3182 3605 είποίτις
3202 3507 3365 3596 αὑτὸν
3393 3507 3527 3597 Θεόν

227 3631 335 3703 τῆς
361 3632 549 3697 οὐσίας
589 3632 619 3685 6
650 3632 808 3703 λόγος
852 3632 1161 3705 ὑφέστηκεν
1182 3646 1195 3662 ·
1230 3629 1375 3685 οὓτω
1405 3632 1501 3685 καὶ
1530 3632 1564 3701 ἡ
1599 3629 1818 3700 ἀνθρω-

1852 3878 1900 3940 V

1928 3631 2023 3686 καὶ
2055 3631 2365 3703 ἄνθρωπον,
2396 3634 2493 3688 καὶ
2525 3634 2645 3689 ὅλον
2674 3634 2806 3689 Θεὸν
2828 3636 2923 3689 καὶ
2970 3633 3091 3689 ὅλον
3130 3635 3440 3707 ἄνθρωπον.

1274 3980 1357 4042 ΙΝ
1399 3981 1906 4043 EVANGELIUM
1941 3984 2213 4045 SANCTI
2254 3984 2491 4045 LUCIE.

950 4106 1109 4179 (Anc.
1139 4107 1268 4175 ΜΑι,
1298 4106 1495 4179 Scripl.
1537 4107 1648 4163 νει.
1679 4126 1796 4165 nov.

1926 4110 1947 4165 ν.
1986 4118 2024 4165 ι.
2063 4109 2156 4178 1x,
2189 4110 2315 4177 648,
2356 4108 2482 4175 650,
2518 4108 2643 4177 65⁵5,
2668 4107 2816 4181 706.)

834 4223 1251 4278 Ἆναστασίου.

318 4318 585 4391 ’Υψηλότε
596 4308 686 4390 ρον
702 4316 779 4383 δὲ,
805 4316 920 4371 ὅσοι
951 4317 1038 4370 διά
1060 4318 1156 4369 τοῦ
1178 4314 1438 4387 ἐνεργοῦς
1466 4315 1563 4370 καὶ
1583 4317 1828 4387 τομωτέ-

237 4432 336 4487 pou
355 4414 494 4486 ὑπὲρ
514 4413 697 4466 πᾶσαν
713 4411 989 4482 μάχαιραν
1004 4409 1259 4479 δίστομον
1276 4407 1422 4462 θείου
1441 4410 1625 4478 λόγου,
1646 4413 1829 4467 πᾶσαν

236 4507 521 4580 ῥυπαρίαν
556 4506 652 4559 καὶ
686 4503 958 4576 σαρκικὴν
1001 4501 1303 4572 ἐπιθυμίαν
1345 4502 1403 4569 ἐξ
1448 4503 1661 4557 ἑαυτῶν
1694 4504 1830 4558 ἀπο-

230 4598 530 4671 τέμνουσι·
576 4598 671 4653 καὶ
713 4597 775 4651 τὸ
821 4598 885 4649 ὲκ
932 4594 1199 4665 γενέσεως
1234 4595 1501 4666 κάλυμμα
1528 4599 1629 4667 τῆς
1657 4596 1835 4665 ἀγνωο

236 4694 366 4757 σίας
389 4696 452 4746 ἐκ
471 4692 563 4746 τοῦ
590 4692 800 4747 ἑαυτῶν
828 4690 1161 4763 ἡγεμονικοῦ
1194 4689 1629 4760 ἀπορρίπτουσιν
1650 4706 1663 4719 ·
1687 4684 1833 4744 οῦτοι

234 4783 421 4846 καλῶς
458 4783 558 4854 τὴν
602 4782 800 4853 ὀγδόην
846 4782 1062 4853 ἡμέραν
1104 4781 1207 4850 τῆς
1245 4784 1550 4852 περιτομῆς
1594 4779 1689 4833 τοῦ
1729 4783 1836 4835 Κυ-

237 4876 364 4947 ρίου
395 4875 741 4928 ἐπιτελοῦσιν
762 4892 776 4905 ·
801 4877 965 4944 ἡμεῖς
993 4874 1103 4945 γάρ
1136 4874 1306 4944 ἐσμεν
1338 4876 1385 4927 οἱ
1422 4874 1479 4927 ὲν
1510 4873 1661 4944 αὑτῷ
1691 4891 1839 4947 περι-

233 4970 567 5041 τεμνόμενοι
599 4971 949 5039 πνευματικῇ
981 4970 1255 5039 περιτομῇ
1289 4967 1711 5039 ἀχειροποιήτῳ.

877 5059 989 5114 Τοῦ
1025 5060 1237 5117 αὐτοῦ.

325 5154 492 5209 Ἀλλά
536 5153 801 5225 ζητητέον
847 5153 1068 5223 πρῶτον
1110 5153 1231 5221 μὲν,
1267 5151 1399 5225 περὶ
1440 5152 1585 5215 τίνος
1623 5151 1830 5223 γέγρα-

236 5264 376 5300 πται
405 5246 470 5301 τὸ
517 5248 652 5319 περὶ
689 5244 784 5300 τοῦ
818 5244 1166 5316 καθαρισμοῦ
1202 5244 1385 5299 αὐτῶν
1406 5262 1421 5277 ·
1457 5245 1718 5317 δεύτερον
1751 5246 1829 5313 δὲ,

239 5341 376 5412 περὶ
402 5340 495 5394 τοῦ
540 5342 893 5411 παραστῆσαι
924 5339 1085 5393 αὑτὸν
1113 5336 1194 5411 τῷ
1230 5340 1423 5409 Κυρίῳ
1443 5356 1457 5371 ⁸
1492 5340 1586 5393 καὶ
1616 5339 1823 5410 τρίτον,

234 5437 296 5491 τί
335 5437 594 5508 σημαίνει
638 5437 700 5489 τὸ
748 5435 947 5503 ζεῦγος
996 5432 1107 5487 τῶν
1161 5434 1461 5504 τρυγόνων,
1493 5433 1591 5487 καὶ
1639 5434 1689 5485 οἱ
1737 5432 1831 5485 δύο

236 5533 456 5582 νεοσσοὶ
486 5527 593 5582 τῶν
626 5525 969 5599 περιστερῶν
991 5542 1004 5555 ⁸
1044 5524 1093 5577 εί
1124 5523 1234 5593 γὰρ
1275 5525 1337 5576 τὸ
1371 5524 1503 5594 περὶ
1531 5524 1623 5575 τού
1656 5523 1827 5576 καθα-

240 5621 447 5691 ρισμοῦ
480 5621 685 5686 αὐτῶν,
730 5621 863 5692 περὶ
910 5620 1013 5689 τῆς
1065 5618 1230 5687 ἁγίας
1280 5616 1567 5679 Θεοτόκου,
1616 5618 1647 5688 ἢ
1698 5618 1827 5689 περὶ

240 5708 342 5766 τοῦ
375 5710 606 5784 Κυρίου,
647 5711 862 5783 νομίσει
908 5728 992 5775 τις
1038 5708 1321 5778 λέγεσθαι,
1368 5706 1660 5778 ἀσεϐήσει·
1701 5709 1827 5763 οὔτε

1939 4227 2049 4299 γὰρ
2074 4229 2102 4282 6
2149 4225 2349 4300 Ἰωσὴφ
2377 4226 2518 4297 ἔγνω
2564 4225 2663 4295 τὴν
2709 4224 2868 4293 ἁγίαν
2897 4224 3195 4298 Παρθένον,
3229 4224 3353 4280 οῦτε
3385 4226 3525 4300 αὑτὴ

1936 4322 1997 4375 ὲν
2025 4320 2284 4392 ἅνομίαις
2315 4318 2579 4374 συνέλαϐε
2621 4317 2806 4383 καθὼς
2839 4321 2895 4373 αί
2925 4319 3085 4375 ἄλλαι
3117 4323 3399 4390 γυναῖκες,
3441 4322 3529 4375 ἵνα

1937 4415 2192 4487 περὶτοῦ
2222 4414 2572 4488 καθαρισμοῦ
2617 4416 2828 4469 έαυτῶν
2873 4416 3341 4487 προσενέγκωσιν,
3388 4415 3526 4469 ἀλλὰ

1936 4506 2195 4577 ἀσπόρως
2230 4508 2493 4561 συνέλαϐε
2528 4508 2619 4561 καὶ
2653 4508 2913 4579 ἀφθόρως
2958 4508 3178 4561 ἔτεκεν·
3211 4508 3343 4561 ὅπου
3374 4507 3430 4560 δὲ
3461 4509 3525 4561 οὑ

1937 4599 2198 4666 γυναικὸς
2231 4599 2326 4652 καὶ
2351 4600 2544 4673 ἀνδρὸς
2582 4602 2820 4667 σύνοδος,
2866 4601 2964 4671 οὑχ
2995 4599 3184 4664 ὑπνος,
3225 4600 3321 4670 οὑχ
3360 4600 3523 4671 ἡδονὴ

1939 4690 2308 4755 συνελθόντος,
2346 4692 2406 4745 οὑ
2446 4693 2806 4762 συνδυασμὸς,
2848 4692 2931 4755 τίς
2962 4694 3119 4763 χρεία
3148 4691 3521 4763 καθαρισμοῦ;

1939 4779 2055 4834 ἀλλ’
2086 4782 2207 4834 οὐδὲ
2248 4784 2380 4854 περὶ
2418 4782 2514 4836 τοῦ
2550 4784 2761 4856 Κυρίου
2790 4784 2948 4837 τοῦτο
2982 4784 3218 4854 εἴρηται,
3257 4783 3350 4837 τοῦ
3383 4785 3524 4854 ἀκη-

1940 4874 2108 4946 ράτου
2140 4876 2236 4930 καὶ
2267 4876 2408 4947 ὑπὲρ
2439 4877 2621 4930 πᾶσαν
2657 4877 3027 4947 καθαρότητα.

2556 4968 2669 5023 Τοῦ
2706 4970 2916 5024 αὐτοῦ.

2007 5061 2392 5133 Θεωρὴσωμεν
2430 5063 2507 5129 δὲ,
2539 5062 2592 5115 τί
2632 5063 2696 5115 ἄν
2735 5080 2819 5126 τις
2864 5062 3034 5117 ποιῶν
3073 5063 3171 5136 τὴν
3197 5064 3522 5137 ὑπαπαντὴν

1934 5153 2116 5217 καλῶς
2151 5154 2440 5225 ὲορτάζοι·
2474 5156 2502 5208 ὁ
2529 5154 2599 5208 τὰ
2641 5154 2776 5225 μέλη
2827 5155 2893 5208 τὰ
2932 5156 3025 5209 ἐπὶ
3051 5158 3152 5227 τῆς
3178 5155 3285 5226 γῆς
3315 5156 3521 5228 νεκρώ-

1931 5260 2052 5309 σας,
2085 5244 2179 5297 καὶ
2224 5244 2325 5315 τὴν
2373 5242 2646 5314 νέκρωσιν
2691 5243 2784 5296 τοῦ
2835 5244 3075 5316 Χριστοῦ
3107 5249 3164 5300 ἐν
3201 5247 3277 5317 τῷ
3307 5246 3519 5318 σώματι

1929 5338 2269 5410 περιφέρων,
2305 5336 2398 5391 καὶ
2430 5339 2495 5408 τῇ
2532 5336 2695 5409 πολιᾷ
2716 5337 2818 5408 τῆς
2853 5338 3121 5405 συνέσεως
3152 5342 3247 5395 καὶ
3272 5344 3336 5412 τῇ
3358 5343 3521 5414 σοφίᾳ

1931 5435 2326 5503 κοσμούμενος,
2368 5432 2463 5485 καὶ
2512 5432 2752 5504 ὑπήκοος
2776 5432 2887 5488 τῶν
2931 5434 3091 5490 θείων
3120 5436 3351 5490 ἐντολῶν
3376 5438 3521 5505 γινὸ·

1936 5541 2117 5595 μενος,
2168 5526 2262 5578 καὶ
2319 5523 2420 5595 τὴν
2467 5524 2829 5597 Ἰερουσαλὴμ
2868 5528 3064 5592 οἰκῶν,
3113 5529 3257 5597 λέγω
3301 5529 3365 5600 δὴ
3419 5531 3520 5601 τὴν

1937 5617 2213 5686 ἀτάραχον
2248 5618 2344 5670 καὶ
2392 5618 2676 5689 είρηναίαν
2716 5619 2829 5685 ’ἐξιν
2864 5620 2954 5675 διὰ
2997 5623 3096 5692 τῆς
3128 5622 3360 5694 ἡσυχίας
3389 5639 3521 5693 κτη-

1941 5711 2201 5781 σάμενος,
2248 5710 2343 5762 καὶ
2386 5710 2481 5764 τὸν
2521 5712 2664 5766 θεῖον
2712 5713 2873 5783 λόγον
2923 5714 2985 5767 οὐ
3026 5715 3519 5789 καταφρονητικῶς

322 5830 399 5902 (1)
433 5830 593 5901 Apud
620 5828 861 5894 LEQUIEN
896 5828 1080 5886 Sancti
1108 5827 1431 5887 Damascem’
1455 5825 1588 5904 Opp.
1628 5828 1725 5885 Ed.
1760 5847 1877 5887 nov.
1907 5840 1946 5888 t.
1973 5830 2015 5898 I,
2043 5829 2371 5901 I‘alrologiac
2393 5846 2527 5886 vero
2558 5829 2743 5900 XCIV,
2772 5831 2878 5888 col.
2910 5831 3069 5887 1067.
