4072 6526
598 344 735 412 1287
1801 347 1860 409 S.
1907 345 2308 409 ANASTASII
2349 344 2678 407 SINAITXE
3724 345 3845 413 1288

582 457 989 533 ἀποθούμενος,
1042 456 1179 517 ἀλλά
1231 463 1512 532 μυστικῶς
1554 462 1640 517 διὰ
1670 462 1767 533 τῆς
1798 462 2055 536 πράξεως
2098 462 2180 523 είς
2210 466 2252 522 Α
2283 457 2379 514 δύο
2408 459 2718 531 Διαθὴκας·
2760 462 2793 530 ἡ
2824 459 2881 514 δὲ
2912 458 3360 532 ἀνθρωπώνυμος
3413 458 3596 531 κώμη,
3638 463 3724 516 τὸν
3762 466 3846 518 κό-

588 557 687 621 τάς
716 556 968 625 ἀγκάλας
993 554 1314 625 δεχόμενος·
1344 556 1618 627 σύμϐολον
1650 557 1758 628 γὰρ
1791 558 1845 611 αί
1868 558 2051 626 χεῖρες
2086 554 2182 610 καὶ
2288 571 2430 623 σμον
2467 553 2658 607 τοῦτον
2707 553 3027 621 αἰνίττεται,
3070 553 3129 617 ὃς
3149 552 3410 607 ἀπέναντί
3440 553 3557 606 ἐστι
3591 554 3695 608 τῶν
3729 555 3847 609 ἀπο-

589 651 645 705 αί
676 648 938 717 ἀγκάλαι,
972 646 1227 718 πράξεως
1247 662 1262 677 °
1304 649 1400 701 καὶ
1425 648 1564 719 μετά
1591 648 1701 703 τῶν
1731 648 2006 702 τοσούτων
2032 665 2172 701 κατ-

590 739 929 810 ορθωμάτων
996 737 1305 808 ἑτοιμάζων
1338 738 1532 792 ἑαυτὸν
1573 739 1889 807 ὑπαντῆσαι
1919 736 1998 808 τῷ
2024 738 2183 807 ἐρχο-

594 830 740 900 μένῳ
784 828 974 901 ὥσπερ
1022 830 1104 892 είς
1149 830 1351 883 οἰκεῖον
1409 828 1536 883 ναὸν
1583 828 1678 886 τὸν
1724 828 1934 899 κόσμον
1971 827 2180 894 τοῦτον,

590 924 772 994 κρῖναι
810 921 1022 987 ζῶντας
1069 922 1164 976 καὶ
1207 922 1475 995 νεκρούςο
1513 922 1682 987 ὅντως
1714 922 1859 977 κατά
1902 920 1995 976 τὸν
2040 922 2184 977 θεῖον

591 1015 811 1081 σκοπὸν,
853 1014 953 1084 τὴν
1000 1013 1332 1087 ὑπαπαντὴν
1359 1014 1453 1069 τοῦ
1482 1015 1694 1085 Κυρίου
1731 1014 2006 1087 ἑορτάζει,
2034 1014 2185 1082 γινό-

593 1125 753 1177 μενος
796 1106 1170 1177 πνευματικὺς
1219 1106 1472 1178 Συμεὼν,
1505 1108 1758 1161 τουτέστι
1802 1107 2041 1180 ὑπήκοος
2070 1106 2183 1161 τῶν

590 1201 751 1256 θείων
796 1201 1268 1273 προσταγμάτων,
1325 1201 1423 1256 κα)¹
1476 1202 1658 1256 πάντα
1706 1200 2068 1272 κατορθώσας
2111 1200 2185 1255 δι-

589 1294 761 1357 καίως
798 1295 895 1347 καὶ
926 1293 1173 1358 εὑλαϐῶς
1206 1293 1464 1359 πάντοτε,
1496 1294 1589 1348 καὶ
1635 1294 1780 1349 κατὰ
1823 1295 1922 1366 τὴν
1963 1293 2182 1366 ἡμέραν

588 1388 690 1458 τῆς
728 1386 908 1451 ἐξόδου
936 1387 1128 1453 αὑτοῦ,
1155 1386 1304 1456 λέγει
1329 1387 1389 1441 τό
1408 1404 1421 1417 ·
1451 1407 1468 1439 ι
1495 1386 1611 1442 Νῦν
1636 1388 1897 1453 ἀπολύεις
1936 1386 2029 1442 τὸν
2056 1386 2181 1441 δοῦ-

589 1480 683 1535 λόν
714 1498 806 1534 σου
825 1497 839 1511 '
868 1500 887 1534 ›
923 1483 952 1535 ό
983 1481 1027 1535 δ’
1048 1482 1106 1535 ὲν
1137 1484 1405 1553 ταραχαῖς
1433 1483 1525 1535 καὶ
1551 1482 1883 1552 πειρασμοῖς
1907 1480 2180 1550 βιωτικοῖς

2289 645 2664 715 στελλομένων
2685 664 2699 677 ·
2730 646 3034 700 ἀντίκειται
3057 646 3166 717 γάρ
3198 644 3416 716 ἀληθῶς
3431 648 3541 710 τοῖς
3561 645 3849 702 ἀκολουθεῖν

2286 738 2382 790 καὶ
2408 736 2735 808 μαθητεύειν
2760 736 3076 807 θέλουσιτῷ
3101 735 3295 808 Κυρίῳ
3321 738 3355 807 ἡ
3388 736 3482 789 τοῦ
3514 735 3716 806 κόσμου
3739 738 3848 792 τοὺ-

2285 840 2381 883 του
2430 828 2584 899 φιλία
2603 871 2618 894 ,
2653 832 2797 883 κατὰ
2823 830 2882 883 τὸ
2912 829 3325 901 γεγραμμένον,
3358 829 3439 882 ὅτι
3468 830 3502 899 ἡ
3532 828 3625 882 τοῦ
3655 830 3844 899 κόσμου

2284 917 2477 973 τούτου
2513 920 2686 990 φιλία,
2722 920 2891 992 ἔχθρα
2911 920 3008 973 τοῦ
3041 920 3178 974 Θεοῦ
3208 921 3386 975 ἐστιν·
3425 921 3458 991 ἡ
3488 919 3606 983 ovo;
3630 920 3685 973 δὲ
3716 924 3747 992 ἡ
3776 923 3851 975 δε-

2284 1012 2483 1084 δεμένη
2539 1013 2636 1067 καὶ
2685 1015 2715 1067 ό
2761 1013 2966 1079 πῶλος,
2998 1014 3099 1085 τὴν
3138 1012 3370 1067 καθόλου
3420 1012 3532 1066 τῶν
3569 1012 3851 1084 ἀνθρώπων

2286 1103 2450 1174 φύσιν
2479 1104 2803 1171 αἰνίττεται,
2843 1106 2965 1177 ἥτις
3002 1106 3096 1161 καὶ
3126 1106 3209 1170 εἰς
3236 1104 3328 1159 δύο
3364 1103 3527 1167 λαοὺς
3583 1105 3851 1175 γνωμικῶς

2283 1194 2510 1267 διῃρέθη
2532 1210 2547 1225 ο
2590 1195 2870 1249 τουτέστιν
2908 1197 2989 1259 είς
3029 1196 3317 1259 Ἰουδαίους
3349 1196 3441 1248 καὶ
3486 1194 3581 1248 τὸν
3612 1196 3724 1249 νέον
3761 1196 3851 1249 τῶν

2283 1282 2453 1336 ἐθνῶν
2475 1281 2624 1349 λαὸν,
2638 1282 2772 1347 οὒςό
2793 1284 2998 1356 Κύριος
3024 1285 3268 1356 βούλεται
3296 1284 3383 1339 διὰ
3401 1284 3503 1356 τῆς
3532 1284 3639 1339 τῶν
3663 1303 3851 1357 προφη-

2282 1374 2454 1429 τικῶν
2502 1376 2599 1429 καὶ
2636 1377 3008 1446 εὑαγγελικῶν
3056 1379 3317 1451 ῥημάτων
3338 1378 3701 1443 διδασκαλίας,
3736 1381 3851 1450 ἣδι⁸

2282 1465 2601 1522 ἀποστόλων
2643 1469 2738 1523 καὶ
2764 1471 3168 1538 εὑαγγελιστῶν
3191 1470 3416 1543 λυθῆναι
3435 1472 3537 1543 τῆς
3558 1471 3651 1526 τοῦ
3669 1473 3849 1545 κόσμου

2244 1563 2252 1570 ’
2288 1559 2651 1631 ματαιότητος
2670 1562 2765 1615 καὶ
2795 1562 3118 1630 φαντασίας,
3151 1563 3410 1635 καὶπρὸς
3432 1564 3595 1618 αὑτὸν
3623 1564 3847 1633 ἄγεσθαι.

2906 1654 3018 1709 Τοῦ
3049 1654 3260 1711 αὐτοῦ.

589 1573 1089 1645 ἀναστρεφόμενος,
1120 1573 1216 1628 καὶ
1249 1572 1522 1644 μηδέποτε
1573 1572 1681 1626 τῶν
1721 1572 1882 1625 θείων
1915 1572 2179 1644 ῥημάτων

589 1663 830 1734 ὑπήκοος
858 1661 1121 1730 γεγονὼς,
1155 1661 1273 1727 πῶς
1295 1663 1439 1728 λέξει
1480 1661 1559 1715 τό·
1594 1679 1612 1712 ι
1646 1657 1800 1715 Εἶδον
1828 1662 1878 1713 οί
1906 1660 2178 1731 ὀφθαλμοί

594 1772 697 1825 μου
714 1755 774 1809 τὸ
792 1755 1060 1828 σωτήριόν
1091 1771 1208 1809 σου’
1238 1775 1256 1808 ι
1297 1756 1529 1809 πάντοτε
1550 1755 1659 1809 τῶν
1688 1753 1983 1825 ὀφθαλμῶν
2010 1753 2177 1809 αὑτοῦ
2213 1818 2255 1828 “
2356 1746 2429 1801 Τὸ
2459 1747 2559 1818 μὲν
2581 1743 2676 1801 οὖν
2707 1746 3037 1817 στρωννύειν
3055 1746 3126 1799 τὰ
3153 1747 3362 1801 ἑαυτῶν
3392 1747 3610 1818 ἱμάτια,
3634 1745 3728 1817 τὴν
3748 1746 3851 1816 ἠθι-

589 1818 701 1900 τῶν
734 1818 1010 1917 αἰσθητῶν
1039 1845 1132 1899 καὶ
1162 1845 1273 1899 τῶν
1290 1846 1522 1915 νοητῶν,
1555 1847 1635 1908 είς
1658 1818 1963 1915 φαντασίας
1990 1863 2184 1917 κοσμι-
2213 1818 2261 1878 Β
2290 1839 2391 1911 κὴν
2424 1838 2576 1909 δηλοῖ
2603 1838 2887 1893 παίδευσιν
2912 1853 2925 1867 ⁸
2960 1839 3022 1891 τὸ
3051 1838 3109 1892 δὲ
3139 1837 3231 1891 καὶ
3272 1837 3505 1900 κλάδους
3537 1837 3747 1891 κόπτειν
3771 1837 3852 1890 καὶ

592 1938 695 2000 κάς
738 1937 834 1991 καὶ
885 1936 1184 2007 ἐπιθυμίας
1227 1936 1499 2005 ἀσελγεῖς,
1556 1936 1981 2007 ἀσχολουμένων
2010 1952 2025 2003 ;
2081 1935 2183 1989 οὑκ
2293 1927 2756 2001 ὑποστρωννύειν,
2787 1929 2850 1981 τὸ
2878 1927 2939 1993 ἐξ
2973 1928 3232 1993 ἀπιστίας
3258 1928 3452 2001 ῶσπερ
3483 1928 3546 1993 ἐξ
3567 1928 3850 1998 ἀγριελαίου

594 2029 741 2084 ἔστιν
765 2028 938 2092 οὕτως
966 2028 1251 2100 ἑορτάζειν
1286 2028 1501 2100 Κυρίῳ,
1535 2029 1635 2082 οὑκ
1679 2028 1829 2082 ἔστιν
1883 2025 2007 2081 οὔτε
2047 2024 2186 2098 μετὰ
2291 2021 2583 2076 ἐκκόπτειν
2611 2061 2627 2085 ,
2679 2020 2776 2074 καὶ
2822 2019 2911 2074 διά
2953 2019 3192 2083 πίστεως
3228 2020 3394 2091 ὀρθῆς
3431 2020 3749 2074 ὑποτάσσειν
3786 2021 3853 2089 τῷ

592 2120 853 2176 τοιούτων
904 2112 1089 2192 ἔργων
1136 2121 1361 2193 θαρρεῖν
1407 2122 1503 2175 καὶ
1568 2120 1811 2184 ἐλπίζειν
1867 2120 2183 2191 ἀπαντῆσαι
2293 2113 2519 2185 Κυρίῳ·
2569 2114 2632 2167 τὸ
2671 2113 2799 2184 βαΐα
2835 2115 3093 2184 φοινίκων
3124 2112 3440 2184 βαστάζειν,
3485 2112 3853 2186 χαρακτηρίζει

591 2212 765 2285 αὐτῷ,
808 2214 951 2268 κατὰ
986 2215 1067 2277 τὸ,
1122 2232 1140 2264 ι
1191 2211 1657 2284 Ἀρπαγησόμεθα
1699 2212 1759 2267 ὲν
1800 2211 2054 2281 νεφέλαις
2103 2211 2184 2275 εἰς
2287 2207 2386 2278 τὴν
2406 2206 2565 2277 νίκην
2595 2206 2661 2276 ἣν
2689 2207 2831 2277 ὑπὲρ
2859 2206 3017 2277 ἡμῶν
3050 2206 3331 2276 νενίκηκε’
3370 2206 3642 2277 σύμϐολον
3668 2207 3767 2278 γὰρ
3789 2206 3853 2259 νί-

590 2307 894 2377 ἀπάντησιν
921 2306 1012 2359 τοῦ
1038 2305 1268 2377 Κυρίου,
1298 2308 1378 2370 εἰς
1408 2306 1563 2377 ἀέρα.
1592 2323 1612 2357 ι
2288 2317 2394 2370 κης
2425 2300 2493 2353 τὰ
2523 2299 2651 2370 βαΐα
2675 2315 2688 2330 ·
2725 2299 2786 2352 τὸ
2814 2299 2869 2352 δὲ
2915 2297 3165 2364 Ὡσαννὰ,
3194 2298 3564 2371 ἑρμηνεύεται
3591 2298 3743 2369 χάρις
3775 2298 3853 2351 καὶ

1214 2397 1327 2452 Τοῦ
1360 2398 1572 2452 αὑτοῦ.
2288 2391 2419 2458 δόξα
2444 2390 2523 2461 τῷ
2558 2391 2674 2444 Υίῶ
2700 2390 2887 2457 Δαϐὶδ,
2912 2391 3103 2461 ἀμέλει
3129 2394 3158 2446 ό
3187 2392 3329 2457 θεῖος
3359 2393 3606 2459 Λουκᾶς,
3642 2391 3731 2444 ἐπὶ
3751 2390 3853 2443 τού-

662 2485 944 2559 Βηθφαγὴ,
961 2482 1125 2555 οἶκος
1138 2488 1439 2557 σιαγόνων
1455 2487 1837 2559 ἑρμηνεύεται·
1854 2487 1911 2540 αί
1935 2486 2183 2555 σιαγόνες
2289 2501 2407 2548 του,
2434 2503 2453 2536 ι
2482 2484 2620 2549 Δόξα
2644 2486 2701 2538 ὲν
2744 2482 3014 2554 ὑψίστοις,
3051 2504 3070 2538 ι
3106 2480 3226 2538 εἷπε
3247 2501 3262 2516 ⁶
3290 2485 3350 2538 τὸ
3375 2486 3434 2539 δὲ
3458 2485 3523 2538 τὸ
3542 2484 3671 2539 αὐτὸ
3699 2483 3853 2553 λέγειν

589 2578 668 2644 δὲ,
688 2580 768 2643 είς
784 2579 950 2633 τύπον
978 2579 1071 2633 τοῦ
1098 2580 1256 2649 λόγου
1282 2579 1383 2651 τῆς
1410 2579 1756 2643 διδασκαλίας
1785 2578 2178 2648 λαμϐάνονται,
2280 2576 2408 2641 τούς
2426 2594 2486 2631 τε
2513 2578 2852 2649 προάγοντας
2870 2578 2963 2632 καὶ
2986 2578 3113 2641 τοὺς
3134 2577 3359 2632 ὄπισθεν
3388 2579 3604 2651 ὄχλους,
3634 2578 3726 2650 τὴν
3746 2582 3853 2647 όμοδ

590 2674 649 2729 αἳ
675 2675 787 2734 τοῖς
819 2672 1026 2745 ἱερεῦσι
1057 2673 1198 2727 κατά
1224 2672 1314 2726 τὸν
1351 2671 1515 2742 νόμον
1541 2672 1795 2727 ἑδίδοντο’
1824 2670 2063 2742 Βηθανία
2091 2670 2173 2736 δὲ,
2283 2670 2493 2740 φωνίαν
2530 2670 2784 2743 σημαίνει
2825 2671 2921 2726 καὶ
2955 2670 3247 2741 ὁμολογίαν
3278 2673 3382 2742 τῆς
3401 2675 3485 2737 εἰς
3505 2673 3666 2728 αὑτὸν
3708 2670 3855 2742 ὀρθῆς

590 2760 756 2830 οἶκος
772 2763 1074 2835 ὑπακοῆς·
1114 2764 1469 2837 Ἰερουσαλὴμ
1500 2764 1578 2829 δὲ,
1603 2764 1814 2831 ὅρασις
1830 2762 2079 2830 εἰρήνης
2100 2778 2113 2790 ’
2136 2761 2187 2815 οί
2294 2762 2532 2828 πίστεως
2559 2765 2672 2820 τῶν
2705 2765 2813 2837 πρὸ
2845 2766 2943 2837 τῆς
2978 2766 3248 2836 ἐνσάρκου
3275 2765 3440 2819 αὑτοῦ
3469 2764 3850 2836 πραγματείας,

591 2855 650 2911 δὲ
669 2855 1034 2925 πεμπόμενοι,
1062 2855 1350 2910 ἀπόστολοι
1382 2855 1476 2908 καὶ
1504 2854 1809 2926 προφῆται,
1835 2855 1869 2926 ἢ
1900 2854 1993 2907 καὶ
2018 2854 2186 2923 ἀγγε-
2291 2857 2386 2909 καὶ
2409 2856 2519 2912 τῶν
2545 2858 2687 2928 μετὰ
2703 2857 2908 2930 ταύτην
2940 2860 3019 2921 εἰς
3048 2858 3209 2912 αὑτὸν
3241 2858 3417 2929 ὀρθῶς
3443 2858 3853 2921 πιστευσάντων,

592 2946 675 3001 λοι
702 2947 1102 3020 ὑπηρετοῦντες
1140 2949 1218 3021 τῷ
1246 2949 1390 3019 Χρισ
1402 2947 1478 3018 τῷ
1506 2946 1645 3017 πρὸς
1665 2947 1945 3016 ἡμετέραν
1976 2944 2183 3017 λύτρω-
2289 2948 2385 3003 καὶ
2414 2949 2503 3003 διὰ
2539 2950 2778 3015 πίστεως
2806 2951 2902 3005 καὶ
2932 2951 3184 3022 πράξεως
3211 2951 3306 3006 καὶ⁵
3332 2949 3595 3018 γνώσεως
3625 2949 3766 3021 αὑτῷ
3782 2949 3857 3002 εὑιδ

595 3055 680 3093 σιν
703 3054 718 3071 ·
750 3039 811 3094 τὸ
840 3035 978 3096 εἶναι
1018 3040 1113 3093 δύο
1157 3040 1285 3105 τοὺς
1323 3037 1859 3109 ἀποστελλόμενους,
1891 3037 2043 3109 δηλοῖ
2082 3037 2181 3102 τὰς
2209 3078 2252 3135 C
2289 3043 2738 3113 αρεστησάντων.

665 3288 921 3379 Ejusdem
947 3288 1217 3379 Anastasii
1242 3296 1425 3379 exstat
1450 3288 1821 3379 frag‘me'nntu‘i'n
1851 3292 1962 3379 de._
1976 3290 2043 3379 δὲ
2061 3292 2333 3379 ,Τήροάονί
2358 3295 2595 3379 imagine
2641 3312 2673 3349 a
2697 3293 2989 3379 Saracenis
3005 3295 3302 3365 perforata.
3321 3294 3666 3379 Interppera
3692 3294 3857 3379 Sancti

593 3357 827 3435 {cannis
876 3360 1199 3435 Damasceni
1234 3360 1357 3435 _ed.
1396 3357 1817 3435 nov._'_t,AXClV,
1848 3379 1902 3434 p.
1942 3364 2115 3428 1394;
2166 3380 2386 3420 necnon
2442 3357 2499 3421 et
2552 3364 2922 3435 fragmentum
2970 3357 3027 3418 in
3092 3357 3286 3421 novam
3336 3357 3673 3421 Dominicam
3715 3377 3766 3421 et
3810 3368 3855 3422 in

598 3428 853 3485 Thomam
884 3430 1202 3498 apostolum,
1233 3431 1273 3486 l.
1306 3446 1382 3497 c.,
1418 3446 1475 3502 p.
1510 3432 1635 3487 415.

2198 3538 2299 3599 VI.

1602 3643 1700 3704 DE
1742 3644 2155 3707 DIGNITATE
2198 3648 2725 3713 SACERDOTALI
2759 3649 2868 3732 (2).

1622 3767 1781 3840 (ANG.
1819 3770 1946 3837 MAI,
1977 3770 2160 3843 Spicil.
2184 3772 2339 3829 Rom.
2373 3785 2414 3830 t.
2439 3776 2626 3848 Vll,p.
2659 3778 2852 3849 xxvn.)

666 3878 776 3938 Pro
822 3881 1170 3938 immunitate
1218 3883 1597 3941 ecclesiastica
1644 3896 1823 3942 exstat
1879 3889 1936 3942 in
1988 3888 2187 3945 eodem
2223 3892 2487 3962 synodico
2549 3893 3160 3965 Constantinopolitano
3222 3897 3413 3953 codice
3440 3896 3613 3953 breve
3641 3909 3857 3967 opuscu‘

595 3977 710 4034 lum
739 3977 1014 4033 Anastasii
1043 3977 1264 4034 Sinaitze
1295 4019 1310 4044 ,
1364 3982 1513 4049 quod
1544 3988 1604 4036 ut
1636 3980 1908 4038 ineditum
1948 3994 2223 4041 memorat
2259 3986 2425 4043 etiam
2491 3989 2739 4058 Cavzeus,
2773 4008 2829 4062 p.
2861 3993 2965 4048 546
3003 3993 3069 4047 Ι).
3114 3994 3246 4066 Ejus
3291 3994 3516 4049 titulum
3557 4004 3614 4050 et
3658 3994 3855 4049 initium

594 4085 744 4127 nunc
774 4069 1044 4127 recitabo.

665 4184 1077 4240 Demonstratio
1109 4185 1260 4255 quod
1294 4202 1494 4259 magna
1534 4198 1589 4243 et
1632 4189 1879 4261 angelica
1909 4192 1982 4247 sit
2009 4192 2181 4265 digni-

2375 4194 2675 4262 Ἀπόδειξις
2706 4197 2785 4249 ὅτι
2820 4196 2964 4267 μέγα
2986 4199 3079 4252 καί⁵
3097 4198 3388 4268 ἀγγελικὸν
3415 4199 3634 4270 ἀξίωμα
3659 4202 3689 4270 ἡ
3720 4201 3858 4270 ἱερω-

594 4287 678 4334 tas
707 4279 1112 4345 sacerdotium;
1142 4290 1198 4334 et
1232 4280 1379 4350 quod
1416 4282 1644 4336 omnino
1674 4283 1793 4338 ﬁeri
1839 4294 2100 4355 nequeat,
2133 4300 2181 4341 ιιι

2294 4287 2449 4358 σύνηο
2487 4289 2582 4343 καὶ
2623 4290 2704 4343 ὅτι
2740 4289 3005 4345 ἀδύνατον
3045 4293 3434 4363 ἀνακρίνεσθαι
3463 4295 3727 4365 ἀρχιερέα
3763 4294 3855 4346 ὑπὸ

589 4371 801 4444 judicet
834 4371 1007 4426 laicus
1042 4371 1110 4427 de
1142 4372 1450 4438 sacerdote,
1498 4374 1593 4443 qui
1646 4375 1870 4431 nonnisi
1914 4393 1942 4430 a
1988 4380 2181 4450 majore

2291 4381 2504 4444 λαῖκοῦ,
2537 4383 2655 4436 ἀλλ’
2695 4382 2802 4436 ὑπὸ
2844 4384 3092 4455 μείζονος
3128 4387 3455 4458 ἀρχιερέως,
3484 4386 3667 4451 καθὼς
3695 4386 3784 4440 καὶ
3813 4385 3855 4438 oi

594 4465 1215 4537 pontiﬁcejudicandus
1259 4475 1381 4533 est,
1437 4477 1498 4522 ut
1542 4470 1718 4524 sancti
1765 4486 2005 4528 canones
2046 4472 2181 4527 ailir-

2292 4473 2438 4540 ἆγιοι
2468 4472 2689 4537 κανόνες
2725 4475 2893 4543 φασίν
2913 4490 2927 4505 °
2962 4475 3216 4548 καθάπερ
3248 4477 3343 4530 καὶ
3394 4478 3450 4529 ὲν
3486 4481 3551 4550 τῇ
3582 4478 3855 4548 ὲκκλησια·

594 4568 769 4622 mant,
800 4566 856 4612 et
888 4560 943 4612 in
985 4558 1367 4614 ecclesiastica
1408 4561 1574 4615 etiam
1610 4562 1859 4619 Philonis
1890 4565 1967 4636 (ὅ)
2011 4567 2181 4635 philo-

2294 4566 2449 4634 στικῇ
2485 4564 2697 4635 ἱστορίᾳ
2729 4566 2964 4631 Φίλωνος
3012 4566 3106 4621 τοῦ
3153 4567 3466 4638 φιλοσόφου.
3503 4601 3573 4611 —
3615 4570 3672 4623 Ὀ
3700 4568 3853 4640 τιμῶν

592 4650 753 4721 sophi
789 4650 1022 4705 historia
1065 4650 1288 4706 dicitur.
1313 4684 1382 4692 ——
1403 4651 1509 4719 Qui
1547 4656 1889 4712 sacerdotem
1923 4658 2180 4724 honorat,

2286 4654 2379 4709 τὸν
2419 4657 2594 4727 ἱερέα,
2637 4657 2730 4712 τὸν
2773 4658 2909 4714 Θεὸν
2937 4660 3185 4731 τιμήσει·
3220 4663 3250 4715 ὁ
3289 4661 3347 4715 δὲ
3378 4661 3568 4733 μαθὼν
3595 4664 3685 4716 τὸν
3722 4662 3853 4732 ἱερέα

590 4743 765 4799 Deum
815 4759 1036 4815 quoque
1085 4744 1417 4811 honorabit;
1460 4747 1555 4817 qui
1603 4757 1787 4804 autem
1840 4752 2180 4807 sacerdotem

2286 4750 2677 4818 καταφρονεῖν,
2701 4748 2809 4821 όδῷ
2848 4749 3159 4822 προϐαίνων
3195 4752 3291 4805 καὶ
3332 4754 3413 4816 εἰς
3461 4751 3555 4807 τὸν
3617 4754 3744 4808 Θεὸν
3774 4756 3849 4806 ἐν·

592 4850 855 4904 spernere
902 4836 1202 4900 assuescit,
1239 4837 1477 4893 ulterius
1521 4855 1873 4911 progressus,
1928 4842 2040 4897 Deo
2076 4842 2181 4913 ipsi

2286 4839 2499 4911 υϐρίσει
2522 4842 2676 4897 ποτέ.
2716 4842 2774 4896 '0
2795 4842 3082 4914 δεχόμενος
3096 4845 3260 4913 ὑμᾶς,
3286 4846 3469 4916 φησὶν,
3502 4846 3604 4916 ἐμὲ
3632 4847 3847 4917 δέχεται·

590 4928 983 4983 contumeliam
1017 4929 1315 4999 aliquando
1348 4931 1535 4987 faciet.
1573 4933 1677 5000 Qui
1714 4950 1813 4990 vos
1852 4934 2065 5006 recipit,
2095 4935 2181 4989 in-

2287 4933 2381 4987 καὶ
2409 4934 2595 5006 ἕτερος
2628 4935 2862 5006 ἀλλαχοῦ
2888 4954 2900 4968 ·
2930 4937 3066 4999 Τοὺς
3105 4937 3270 5009 ἱερεῖς
3291 4938 3484 5003 αὑτοῦ,
3518 4940 3702 5009 φησὶν,
3728 4938 3849 4990 ἐντί-

591 5019 714 5089 quit
745 5019 1024 5087 Christus,
1058 5037 1147 5077 me
1179 5023 1397 5094 recipit.
1428 5024 1586 5081 Alius
1615 5042 1747 5082 vero
1792 5027 1924 5083 alibi
1951 5044 1965 5081 :
1996 5043 2181 5084 sacer-

2290 5045 2426 5099 μους
2453 5028 2565 5099 ἔχε’
2599 5029 2849 5083 ἐντεῦθεν
2881 5030 3082 5102 ἔμαθον
3120 5032 3170 5085 οί
3204 5032 3446 5086 Ἰουδαῖοι
3485 5033 3581 5087 τοῦ
3612 5032 3735 5086 Θεοῦ
3762 5049 3848 5083 κα-

590 5111 815 5168 dotibus
864 5113 1114 5179 Domini,
1167 5115 1366 5186 inquit,
1405 5117 1673 5174 honorem
1715 5120 1992 5175 exhibete.
2040 5121 2174 5177 Pro-

2280 5119 2607 5185 ταφρονείν,
2668 5119 2751 5171 ὅτι
2802 5119 3047 5183 Μωσέως
3092 5122 3535 5195 κατεφρόνησαν,
3580 5124 3662 5175 ὅτι
3706 5122 3845 5173 αὑτὸν

589 5201 735 5257 tecto
778 5210 835 5255 et
872 5201 1047 5257 Judaei
1092 5203 1223 5259 hinc
1275 5206 1447 5260 Deum
1502 5208 1783 5275 aspernari
1835 5206 2171 5273 didicerunt.

2284 5208 2552 5275 ἐλίθαζον,
2588 5227 2642 5266 κ.
2680 5228 2728 5269 τ.
2755 5210 2805 5265 λ.

589 5299 717 5369 quia
770 5298 1008 5371 Moysem
1052 5312 1414 5371 spreverunt,
1466 5313 1522 5356 et
1572 5303 1845 5373 lapidibus
1886 5304 2293 5375 appetiverunt,
2339 5315 2446 5361 etc.

658 5420 830 5490 Porro
859 5422 1036 5489 locus,
1072 5424 1167 5493 qui
1195 5422 1337 5477 infra
1367 5423 1572 5477 citatur
1595 5426 1662 5478 ab
1697 5424 1989 5479 Anastasio
2027 5440 2095 5480 ex
2126 5426 2413 5497 deperdita
2454 5428 2704 5485 Philonis
2740 5430 3038 5490 Christiani
3073 5435 3338 5504 historia,
3385 5438 3529 5495 idem
3570 5444 3653 5494 est
3693 5448 3837 5507 quem

589 5515 784 5570 reeitat
813 5516 1007 5589 Glycas
1041 5516 1098 5571 in
1123 5516 1483 5582 Aannalibus,
1518 5517 1609 5571 ed.
1640 5518 1840 5584 Paris,
1873 5534 1927 5588 p.
1957 5518 2082 5573 282.

660 5636 738 5725 (2'1
766 5635 919 5725 Idem
967 5637 1331 5725 fragmentum
1373 5647 1642 5725 memorat
1678 5656 1741 5695 ac
1776 5641 2170 5725 citatnAllatius
2282 5644 2416 5724 riam
2443 5643 2915 5725 “Ecclesiasticam
2974 5650 3253 5725 condidit,
3307 5654 3409 5725 vel
3446 5670 3554 5725 quo
3613 5663 3835 5723 tempore

586 5706 976 5790 Del’erpetua.
993 5706 1465 5790 consensio-need.
1495 5709 1800 5790 Co_lon.,_p.
1827 5713 1953 5790 2262
2280 5714 2503 5790 vixerit,
2550 5731 2636 5772 me
2667 5718 2827 5788 plane
2874 5722 3088 5777 nescire
3131 5706 3327 5781 fateor,
3349 5706 3831 5785 ’ὸλξῖιίέέέῖὶξὶεη

658 5780 736 5850 (ὅ)
770 5779 904 5844 Quis
952 5779 1116 5835 fuerit
1161 5779 1251 5835 hic
1281 5780 1435 5836 Philo
1468 5779 1833 5853 philosophus
1862 5784 1956 5854 qui
1988 5782 2170 5839 liisto-
2279 5798 2333 5852 p.
2373 5784 2493 5837 546.
