4072 6516
333 493 494 501 mo—
501 457 3378 500 m—meﬁa-
3387 481 3414 487 υ
3446 484 3449 486 .
3461 482 3505 487 --
3519 479 3552 488 η.

1603 657 1770 700 ANNO
1815 655 2044 699 DOMINI
2091 654 2313 698 DXCIX.

1005 859 2685 1072 ANASTASIUS
2839 865 2934 1065 Ι

863 1235 2024 1352 ANTIOCHENUS
2121 1231 3046 1348 EPISCOPUS.

1701 1633 2208 1726 NOTITIA

1940 1829 1989 1889 Ι.

715 1777 742 1786 .,-
800 1778 822 1786 ξ.

1156 1995 1232 2049 Ex
1266 1993 1544 2048 (inuno.
1589 1990 1703 2043 νει.
1754 1987 1984 2042 Patrum
2025 1987 2280 2043 Biblioth.
2319 1998 2355 2042 t.
2391 1989 2503 2058 XII,
2543 2006 2596 2062 p.
2628 2006 2758 2049 xvn.
2855 2006 2858 2008 ·

392 2303 435 2358 1.
498 2301 858 2364 Anastasius,
917 2314 1120 2370 genere
1160 2298 1522 2361 Palaestinus,
1577 2297 1921 2368 professione
1959 2297 2300 2365 monachus,
2347 2314 2474 2354 cum
2514 2300 2868 2357 eruditorum
2903 2301 3188 2376 plerisque
3222 2319 3365 2377 quos
3391 2307 3580 2365 laudat

324 2395 616 2452 Fabricius
649 2393 786 2468 (l),
830 2393 1261 2464 distinguendus
1293 2393 1519 2448 omnino
1547 2392 1771 2448 videtur
1801 2392 1869 2448 ab
1894 2393 2190 2447 Anastasio
2217 2392 2428 2448 Sinaita
2461 2393 2556 2464 qui
2585 2395 2826 2465 Μωῦσῆς
2852 2395 2971 2460 νέος
3003 2412 3034 2451 a
3062 2395 3270 2455 Graecis
3301 2402 3580 2456 recentio-

324 2489 480 2543 ribus
511 2488 723 2543 dicitur
743 2527 758 2552 ,
808 2495 870 2541 ut
896 2485 1068 2540 refert
1099 2485 1390 2540 Simonius
1423 2485 1486 2555 (2
1506 2487 1542 2548 ).
1606 2485 1958 2556 Quapropter
1987 2487 2214 2540 minime
2243 2486 2562 2541 audiendus
2585 2493 2672 2540 est
2695 2486 3063 2555 Nicephoras,
3103 2490 3199 2559 qui
3225 2489 3580 2546 Anastasium

321 2579 390 2635 de
419 2595 530 2650 quo
564 2580 845 2650 loquimur
889 2593 1000 2632 non
1031 2577 1210 2632 solum
1253 2593 1380 2633 cum
1408 2577 1622 2632 Sinaita
1649 2577 1963 2641 confundit,
2005 2578 2102 2632 sed
2135 2587 2191 2632 et
2217 2593 2344 2631 cum
2374 2578 2550 2632 altero
2574 2577 3134 2648 Anastasiojuniore,
3166 2580 3261 2648 qui
3287 2580 3581 2634 Anastasio

321 2673 389 2725 de
431 2687 542 2741 quo
590 2671 682 2725 hic
724 2671 1006 2740 loquimur
1056 2670 1112 2723 in
1145 2669 1471 2739 episcopatu
1539 2668 1838 2733 successit,
1887 2679 1944 2723 et
1976 2684 2123 2723 anno
2158 2669 2262 2723 609
2285 2668 2494 2723 Christi
2528 2677 2737 2739 martyr
2763 2669 3031 2723 occubuit
3071 2669 3199 2738 (5).
3254 2669 3582 2725 Anastasius

320 2766 508 2835 itaque
557 2776 682 2836 post
713 2766 987 2820 Domnum
1019 2764 1135 2818 sive
1164 2762 1499 2817 Domninum
1543 2763 1610 2816 ad
1645 2763 1830 2817 sedem
1863 2763 2324 2832 TheOpolitanam
2361 2775 2456 2816 seu
2486 2762 2892 2818 Antiochenam
2929 2761 3036 2817 fuit
3061 2771 3310 2817 evectus.
3353 2762 3577 2818 Initium

315 2861 439 2930 ejus
469 2859 824 2928 pontificatus
848 2864 1005 2928 juxta
1033 2856 1332 2926 Nicephori
1363 2854 1661 2910 Chronicon
1692 2872 1757 2910 ac
1789 2856 2148 2925 Theophanis
2178 2855 2430 2920 Tabulas,
2463 2871 2529 2911 ex
2558 2855 2708 2926 Pagii
2741 2854 2817 2926 (4)
2849 2865 2905 2910 et
2929 2854 3221 2924 Lequienii
3253 2855 3328 2924 (5)
3356 2863 3580 2909 senten-

318 2956 416 3018 tia,
455 2953 780 3024 illigandum
813 2968 958 3006 anno
990 2952 1118 3016 559,
1156 2965 1316 3006 secus
1347 2959 1514 3019 atque
1544 2950 1637 3004 alii
1672 2950 1769 3019 qui
1797 2958 2050 3005 statuunt
2079 2966 2289 3004 annum
2321 2949 2447 3004 561.
2504 2949 2638 3020 Ejus
2662 2950 2813 3004 enim
2841 2948 3134 3012 decessor,
3173 2947 3267 3017 qui
3299 2963 3446 3002 anno
3475 2948 3582 3004 545

313 3050 718 3106 Antiochenam
749 3047 935 3102 sedem
970 3047 1237 3110 obtinuit,
1280 3062 1458 3101 annos
1492 3047 1556 3100 M
1590 3061 1710 3100 eam
1736 3046 2040 3100 Ecclesiam
2079 3046 2311 3112 rexisse,
2350 3045 2603 3114 adeoque
2637 3043 2989 3098 Anastasium
3019 3047 3272 3096 nostrum
3300 3054 3449 3096 anno
3473 3040 3576 3096 559

314 3159 696 3199 successorem
751 3142 1012 3196 habuisse
1065 3140 1428 3208 comperitur.
1491 3141 1600 3194 Res
1630 3139 1699 3194 ab
1728 3155 1794 3193 eo
1824 3141 2088 3209 prmclare
2118 3148 2300 3208 gestas
2332 3137 2633 3208 descripsit
2663 3137 2934 3207 Evagrius
2960 3135 3060 3208 (6).
3102 3135 3198 3192 Vir
3228 3135 3442 3190 scilicet
3473 3134 3579 3189 fuit

311 3248 434 3293 tum
474 3237 546 3291 ob
590 3236 926 3292 eminentem
956 3234 1084 3289 vitae
1118 3235 1476 3289 sanctitatem
1503 3274 1518 3298 ,
1575 3243 1692 3288 tum
1726 3234 1798 3288 ob
1823 3233 2081 3287 eximiam
2110 3232 2425 3286 doctrinam
2460 3231 2669 3301 ubique
2700 3229 2757 3285 in
2783 3229 3009 3285 Oriente
3037 3237 3341 3300 spectatus.
3379 3229 3572 3300 Magna

311 3332 549 3403 insuper
580 3333 893 3387 constantia
924 3338 981 3386 et
1005 3329 1177 3384 animi
1206 3329 1542 3383 celsitudine
1575 3329 1632 3383 in
1657 3337 1823 3383 recta:
1851 3328 1977 3382 fidei
2005 3327 2332 3384 defensione
2359 3327 2628 3397 praeditus
2651 3326 2822 3382 fuisse
2851 3326 3201 3397 perhibetur.
3249 3326 3578 3397 Imperatori

310 3441 553 3496 namque
582 3426 900 3481 Iustiniano
934 3425 990 3479 in
1021 3422 1278 3478 hazresim
1302 3421 1934 3491 Aphthartodocitarum
1961 3422 2115 3492 lapso
2153 3420 2387 3475 ﬁrmiter
2415 3420 2635 3477 obstitit
2676 3438 2691 3476 :
2727 3421 2822 3491 qui
2849 3429 3144 3492 propterea
3171 3420 3351 3492 ipsum
3377 3421 3576 3476 exsilio

312 3524 564 3593 relegare
595 3523 960 3589 decreverat;
1001 3520 1122 3586 sed,
1157 3518 1462 3590 improviso
1491 3518 1606 3574 fato
1639 3519 1932 3588 perculsus
1963 3533 2111 3572 anno
2137 3517 2262 3580 565.
2290 3518 2545 3588 iniquum
2573 3517 2872 3573 consilium
2904 3517 3174 3588 perlicere
3199 3516 3348 3572 haud
3371 3516 3576 3587 potuit.

310 3619 459 3676 Illud
491 3629 676 3677 tamen
709 3621 924 3693 aliquot
951 3629 1077 3692 post
1105 3636 1283 3676 annos
1320 3619 1624 3691 perfecisse
1655 3619 2020 3690 intelligimus
2054 3619 2232 3674 nihilo
2258 3619 2562 3687 aequiorem
2593 3618 2652 3672 in
2681 3626 2936 3673 sanctum
2967 3616 3279 3672 antistitem
3304 3615 3578 3672 Iustinia-

309 3716 373 3771 ni
424 3725 724 3786 cognatum
779 3716 1062 3773 Justinum
1114 3717 1396 3789 juniorem
1421 3756 1437 3782 ,
1493 3715 1591 3786 qui
1626 3731 1754 3770 eum
1786 3723 1982 3769 octavo
2013 3714 2235 3785 imperii
2261 3729 2409 3768 anno
2441 3713 2789 3769 Antiochena
2815 3714 2944 3768 sede
2972 3712 3316 3776 deturbavit,
3356 3712 3578 3782 ipsique

309 3809 646 3880 Gregorium
695 3810 917 3866 suffecit
971 3810 1231 3866 asccterii
1281 3811 1486 3866 montis
1518 3809 1653 3864 Sina
1687 3810 2031 3880 praefectum.
2091 3810 2167 3864 De
2201 3809 2290 3863 his
2328 3825 2397 3863 ex
2428 3808 2665 3879 Evagrio
2695 3793 3016 3872 erudimur,
3055 3809 3149 3878 qui
3185 3807 3441 3878 pluribus
3474 3808 3578 3863 ista

310 3904 674 3975 prosequitur
707 3904 823 3972 (7).
870 3903 1020 3958 Hanc
1051 3903 1332 3959 Anastasii
1363 3903 1778 3972 depositionem
1814 3917 1958 3972 aegre
1987 3900 2286 3955 admodum
2319 3901 2446 3954 tulit
2476 3899 2781 3970 Gregorius
2812 3900 3059 3970 Magnus.
3100 3900 3335 3954 Exstant
3365 3901 3580 3971 aliquot

309 3999 439 4068 ejus
464 3997 718 4068 epistolae
745 3998 844 4068 (8)
879 3997 948 4050 ad
982 3997 1240 4052 eumdem
1275 3996 1686 4051 Antiochenum
1715 3997 2031 4065 prtesulem,
2070 3995 2125 4048 in
2152 3993 2359 4063 quibus
2390 3993 2570 4062 ipsum
2605 3992 2852 4061 impense
2878 3991 3066 4046 laudat
3113 4008 3126 4044 :
3171 4001 3404 4047 testatus
3434 4009 3578 4062 pra:-

313 4097 466 4144 terea
521 4106 580 4145 se
636 4090 782 4161 apud
833 4087 1224 4144 serenissimos
1271 4086 1530 4141 dominos
1581 4085 1932 4155 (Mauritium
1963 4086 2194 4155 ejusque
2227 4083 2402 4138 lilium
2431 4080 2852 4151 Theodosium)
2896 4082 3133 4136 summis
3159 4083 3418 4152 precibus
3445 4099 3578 4153 sug-

308 4185 625 4255 gestionem
656 4184 880 4245 fecisse,
917 4191 980 4236 ut
1009 4184 1133 4238 viro
1161 4181 1488 4235 beatissimo
1526 4195 1663 4234 suus
1689 4180 1869 4234 honor
1895 4180 2313 4233 restitueretur.

388 4275 451 4330 Il.
486 4276 820 4330 Pontilicatu
849 4275 1019 4330 cessit
1044 4273 1373 4328 Anastasius
1403 4289 1551 4327 anno
1579 4273 1682 4328 569
1731 4281 1970 4327 exeunte
2001 4273 2088 4326 vel
2113 4281 2330 4336 exacto,
2361 4277 2654 4341 postquam
2679 4270 2861 4342 prima
2885 4269 3006 4328 vice
3033 4271 3270 4328 sedisset
3293 4289 3470 4328 annos
3489 4275 3581 4344 11,

311 4367 411 4436 ἐτη
449 4364 544 4431 ια’,
577 4377 638 4421 ut
669 4367 910 4421 habetur
942 4366 997 4419 in
1027 4365 1333 4434 Nicephori
1357 4363 1615 4420 Chronico
1649 4380 1714 4418 ac
1741 4363 2100 4433 TheOphanis
2133 4362 2380 4428 Tabulis;
2415 4363 2577 4433 cujus
2607 4371 2905 4432 propterea
2936 4364 3192 4419 exsilium
3221 4364 3406 4420 minus
3429 4375 3579 4421 recte

312 4459 492 4515 refert
523 4459 725 4530 Pagius
752 4458 845 4529 (9)
879 4459 948 4512 ad
982 4473 1193 4512 annum
1223 4457 1348 4512 565.
1415 4458 1589 4512 Porro
1629 4456 1953 4527 Gregorius,
1983 4456 2166 4511 eidem
2194 4456 2463 4511 suffectus
2494 4471 2640 4510 anno
2670 4456 2804 4521 570,
2839 4456 3144 4513 Ecclesiam
3177 4460 3578 4514 Antiochenam

313 4552 529 4607 rexisse
584 4569 758 4623 usque
795 4552 862 4606 ad
902 4554 1187 4607 ineuntem
1220 4567 1428 4606 annum
1464 4552 1569 4606 595
1604 4559 1951 4621 compertum
2007 4552 2068 4606 lit
2117 4567 2184 4606 ex
2226 4550 2594 4620 inscriptione
2639 4550 2920 4607 Orationis
2965 4568 3128 4622 quam
3164 4553 3359 4607 habuit
3387 4562 3579 4612 noster

308 4646 664 4708 Anastasius,
687 4660 811 4700 cum
843 4655 968 4715 post
992 4659 1172 4699 annos
1203 4655 1315 4698 tres
1341 4654 1399 4699 et
1419 4643 1636 4714 viginti,
1655 4643 1919 4697 thronum
1945 4657 2108 4698 suum
2139 4643 2572 4714 patriarchalem
2603 4660 2801 4699 rursus
2825 4644 3056 4713 recepit.
3092 4643 3334 4715 Hujusce
3357 4645 3579 4702 Oratio-

309 4737 403 4793 nis
457 4736 882 4807 inscriptionem
938 4737 1020 4792 sic
1067 4737 1242 4792 refert
1290 4737 1623 4792 Lambecius
1665 4735 1802 4806 (10)
1843 4753 1856 4790 :
1897 4737 1917 4789 '1

1967 4736 2005 4789 ὦ
2049 4737 2216 4790 αὑτοῦ
2253 4737 2611 4803 Ἀναστασίου
2657 4737 3000 4808 πατριάρχου
3040 4739 3372 4808 ’Δντιοχείας
3400 4739 3575 4808 Λόγος

308 4830 556 4898 ὁπηνίκα
583 4830 892 4897 ἐπανῆλθεν
924 4833 1019 4885 ἐπὶ
1048 4833 1140 4885 τὸν
1166 4831 1358 4903 Θρόνον
1392 4831 1481 4886 διὰ
1509 4829 1678 4902 τριῶν
1708 4831 1806 4883 καὶ
1831 4830 1916 4883 εῖκ

1969 4847 2008 4882 η
2033 4830 2267 4899 χρόνων,
2299 4847 2355 4885 κ.
2386 4848 2439 4884 τ.
2464 4830 2515 4884 λ.
2549 4830 2805 4900 Ejusdem
2831 4829 3107 4885 Anastasii
3130 4835 3450 4901 patriarcha:
3467 4834 3577 4889 An-

309 4920 541 4973 tioc/tem'
591 4919 808 4988 Oratio,
856 4939 977 4976 cum
1002 4931 1118 4994 post
1152 4941 1320 4977 annos
1354 4924 1540 4993 viginti
1571 4933 1696 4987 tres,
1730 4923 1799 4976 ad
1824 4923 2002 4976 sedem
2035 4923 2216 4976 rediit.
2278 4921 2397 4989 Qua
2445 4922 2515 4978 de
2559 4922 2922 4991 inscriptione
2961 4923 3188 4998 Pagium
3218 4925 3329 4995 (11)
3359 4935 3416 4982 et
3440 4927 3574 4984 Bos-

310 5010 502 5066 chium
533 5013 663 5082 (12)
696 5014 953 5069 consulas
980 5016 1171 5069 velim.
1211 5015 1473 5069 Eamdem
1507 5029 1730 5084 quoque
1759 5017 1959 5070 recitat
1987 5016 2307 5085 Lequienus
2339 5015 2469 5086 (15)
2512 5034 2525 5070 :
2565 5015 2658 5071 sed
2696 5016 2845 5071 aliud
2877 5017 3054 5088 egisse
3085 5018 3308 5075 videtur
3333 5021 3418 5074 vir
3442 5036 3574 5076 eru-

308 5102 499 5170 ditus,
550 5106 682 5160 dum
710 5107 984 5165 scriberet
1007 5110 1359 5164 Anastasium
1393 5109 1568 5165 fuisse
1600 5123 1630 5160 a
1659 5111 1914 5165 Mauritio
1943 5111 2280 5180 imperatore
2314 5108 2673 5164 Antiochenaa
2702 5109 2820 5164 sedi
2851 5110 3168 5165 restitutum
3201 5114 3435 5166 vicesimo
3463 5122 3574 5165 ter-

391 5282 466 5358 (I)
502 5284 718 5358 fabric.
747 5285 882 5358 Bibl.
909 5286 1002 5341 Gr.
1035 5295 1075 5341 t.
1105 5287 1195 5349 IX,
1229 5305 1352 5358 pag.
1375 5288 1501 5343 515.
1996 5288 2158 5358 epist.
2186 5287 2290 5351 39;
2332 5297 2388 5342 et
2416 5286 2514 5341 lib.
2539 5303 2632 5349 vn,
2659 5287 2824 5358 epist.
2846 5289 2936 5352 27,
2974 5289 3109 5344 edit.
3135 5289 3238 5344 BB.

411 5356 465 5432 ἓ)
500 5354 713 5432 ξί-ιηοῃ.
747 5355 884 5432 Qibl.
915 5359 1074 5432 cacis.
1109 5366 1147 5410 t.
1177 5354 1394 5432 I‘l,_c_ap.
1424 5358 1546 5421 ιη,
1580 5359 1815 5432 pag._27.
2032 5354 2047 5358 ⁷
2069 5359 2150 5432 (9)
2181 5358 2332 5432 Pagi.
2359 5359 2427 5432 ad
2454 5375 2584 5432 ann.
2612 5354 2734 5420 565,
2768 5359 2870 5432 §3_.

412 5424 464 5498 5)
500 5425 898 5498 ﬁiceph.Call.
931 5427 1065 5480 Hist.
1097 5427 1221 5480 εδει.
1256 5424 1356 5483 lib.‘
1379 5445 1526 5493 xvm,
1553 5424 1676 5498 cap:
1700 5430 1789 5482 44.

2069 5429 2180 5496 (10)
2223 5424 2412 5483 l.amb.
2469 5424 2872 5482 Commentfde
2917 5428 3055 5482 Bibl.
3096 5428 3296 5485 (Σίκων.
3343 5432 3438 5486 lib.
3478 5449 3569 5498 vn,

412 5493 462 5567 1)
500 5493 746 5567 PagiIad
775 5511 906 5567 ann.
931 5497 1054 5567 561,
1080 5498 1106 5566 §
1128 5501 1180 5552 2.
1623 5493 1636 5498 ’
1996 5493 2198 5567 p.159.

501 5564 1110 5654 Ϋϐιενὶςρέ.
1148 5578 1278 5622 ῑοιη.
1307 5569 1374 5630 II,
1400 5568 1604 5654 ρςιδι.

1504 5568 1604 5622 (5.1.
1997 5564 2008 5567 ⁷
2219 5567 2375 5654 Επεὶ..
2405 5568 2628 5654 ad'ann.
2655 5569 2785 5654 5194'.
2810 5569 2868 5654 g5
2898 5569 3112 5654 ilse‘qq.

389 5633 464 5716 (ρ)
501 5633 700 5716 Evagr.
729 5636 864 5691 Hist.
891 5637 1238 5716 ecclLlibLtv,
1265 5633 1502 5710 ωρίιο.
2072 5633 2418 5716 (l?)__Bo_§c_h.
2451 5638 2622 5716 Tract.
2655 5639 2718 5693 de
2740 5633 2895 5716 Pati.
2919 5633 3188 5707 Antioch,
3226 5641 3292 5695 ad
3324 5641 3443 5698 Act.
3472 5642 3569 5698 SS.

390 5704 465 5777 (ἶ)
502 5706 575 5777 [υ.
607 5704 782 5777 lib._v,
814 5721 975 5777 capp.
1001 5707 1033 5760 5
1055 5709 1180 5762 et6.
1334 5704 1350 5710 ’
2001 5704 2133 5763 tom.
2161 5708 2250 5765 IV.
2279 5707 2384 5761 Jul.
2418 5723 2472 5777 p.
2495 5707 2582 5762 98.
2617 5725 2769 5764 num.
2797 5711 2917 5766 455.

392 5773 467 5842 (8)
499 5774 756 5845 Greg.M.
805 5773 985 5840 lib—fl,
1031 5779 1197 5847 epist.
1240 5781 1292 5842 7,
1334 5778 1425 5845 25,
1460 5780 1567 5842 ‘26;
1618 5788 1673 5835 et
1712 5779 1812 5835 lib.
1837 5796 1891 5845 v,

1735 5779 1812 5834 ib.
1837 5796 1891 5845 v,
2075 5777 2185 5848 (15)
2226 5773 2491 5847 Lequién.
2531 5777 2621 5831 0r.
2649 5778 2841 5834 Christ.
2877 5791 3007 5836 tom.
3038 5781 3103 5843 ll,
3137 5797 3190 5850 p.
3217 5781 3337 5836 756.

637 5868 911 5933 Parnm“
955 5876 1068 5933 GR.
1093 5875 1418 5935 LXXXIX.

3120 5873 3188 5933 ἂι
3389 5880 3392 5884 ’
