3820 6520
78 375 192 438 ιέξΰ
1511 369 1845 432 ΝΟἸΊΤΙΛ.
3173 377 3309 441 ῙΞΜ

76 501 186 549 runt
227 498 332 542 tres
364 487 808 560 Quadragesimte
843 502 958 544 suae
991 504 1054 542 ex
1092 488 1334 546 concilio
1367 486 1759 549 Triburiensl,
1818 483 2267 555 Capitula'ribus,
2315 491 2626 557 Amalario,
2683 494 2919 564 aliisque
2973 495 3308 552 testimoniis

73 599 156 652 per
199 579 339 633 viros
384 579 580 635 doctos
631 579 977 635 coacervatis
1025 581 1351 635 notissimae.
1395 576 1638 632 Proinde
1688 578 1842 648 juxta
1896 592 2111 633 morem
2163 595 2325 636 suum
2382 585 2584 643 callide
2636 585 3009 658 Hieronymus
3040 589 3209 658 epist.
3239 591 3309 645 54

71 674 126 727 ad
151 671 480 736 Marcellam,
519 672 784 728 adversus
811 671 1132 727 Montanum
1189 690 1204 730 :
1265 691 1284 725 ι
1316 671 1460 736 Nos,
1493 670 1698 742 inquit,
1729 687 1894 726 unam
1920 671 2415 743 Quadragesimam
2445 679 2756 736 secundum
2784 681 3141 738 traditionem
3171 699 3309 754 apo-

73 767 328 827 stolorum,
367 772 483 819 toto
515 777 680 826 anno,
716 769 966 834 tempore
997 762 1162 817 nobis
1190 777 1460 832 congruo,
1483 761 1804 833 jejunamus
1831 779 1842 815 :
1873 761 1954 815 illi
1991 769 2105 817 tres
2136 761 2193 818 in
2223 779 2368 820 anno
2400 766 2614 823 faciunt
2639 767 3122 840 Quadragesimas,
3151 777 3309 846 quasi

71 873 165 913 tres
186 858 320 928 passi
350 858 466 913 sint
495 858 862 925 Salvatores,»
889 867 995 914 etc.
1015 858 1152 913 Vide
1182 855 1442 911 eumdem
1471 871 1730 927 magnum
1758 855 2044 912 doctorem
2073 858 2141 913 ad
2165 859 2346 932 Aggtei
2377 877 2500 933 cap.
2525 879 2564 926 ι,
2591 876 2646 921 et
2672 866 2739 922 ad
2766 867 3006 924 Matthzei
3041 885 3162 940 cap.
3197 887 3270 925 rx.
3289 891 3304 922 ο

72 952 321 1008 Hactenus
357 953 416 1008 V.
445 951 510 1009 C.

1647 1272 1726 1331 Π.

707 1432 1026 1479 amsrssu
1064 1429 1442 1481 amoenam
1487 1427 1592 1474 AN.
1632 1408 1744 1469 599
1778 1427 2084 1472 parum“
2129 1431 2215 1472 sm

1123 1429 1442 1481 mocum
1487 1427 1592 1474 AN.
1632 1408 1744 1469 599
1778 1427 2084 1472 parum“
2129 1430 2380 1474 SCRIPTA
2427 1432 2631 1476 eum.

917 1571 984 1619 Es
1022 1568 1220 1618 ΡΑιιιιις.
1255 1562 1483 1615 Biblioth.
1517 1565 1704 1622 erca,
1732 1562 1858 1613 edit.
1885 1563 2062 1624 Hm",
2100 1571 2135 1614 t.
2169 1565 2225 1624 Χ,
2258 1579 2306 1627 p.
2333 1565 2443 1614 593.

133 1722 178 1778 1.
214 1724 345 1793 Περὶ
374 1719 488 1774 τῶν
523 1719 646 1773 καθ’
678 1719 824 1792 ἡμᾶς
858 1717 1041 1790 ὀρθῶν
1073 1719 1170 1786 τῆς
1199 1716 1464 1784 ἀληθείας
1491 1715 1641 1785 δογμι

1507 1715 1784 1785 Ξογμάτων
1815 1715 1966 1783 λόγοι
1994 1716 2055 1768 ε’.
2096 1715 2172 1770 De
2204 1718 2501 1772 orthodoxa
2531 1717 2638 1787 ﬁde
2665 1735 2933 1774 sermones
2960 1721 3015 1775 V.

259 1823 329 1871 α’.
369 1816 443 1868 lle
456 1815 512 1884 p‘t
541 1814 638 1882 τῆς
669 1813 833 1881 ἁγίας
859 1811 1114 1882 Τριάδος.
1150 1809 1228 1864 De
1252 1818 1441 1863 structa
1473 1809 1753 1864 Trinitatc.

1814 1807 2016 1878 Incipit
2061 1826 2073 1862 :
2120 1809 2225 1861 Τὸν
2255 1810 2388 1881 περὶ
2417 1811 2516 1882 τῆς
2549 1813 2735 1880 ὑγιοῦς
2765 1813 2922 1883 ήμῶν
2949 1815 3188 1880 πίστεως
3220 1819 3313 1872 καὶ

429 1908 542 1962 τῶν
571 1906 810 1976 ἀληθῶν.

254 2002 324 2072 β’.
359 2002 500 2072 Περὶ
533 1999 979 2072 ἀπεριγράπτου.
1015 1996 1093 2053 De
1117 1995 1593 2064 incircumscripto.
1635 1993 1762 2047 Πανί

1015 1996 1093 2053 De
1117 1995 1593 2064 incircumscripto.
1635 1993 1820 2047 Πάντα
1849 1992 2027 2064 τολμᾷ
2060 1991 2286 2061 γλῶσσα
2317 1992 2492 2048 δολία.

251 2101 319 2162 γ’.
359 2095 497 2163 Περὶ
536 2093 687 2153 θείας
716 2089 1054 2159 οἰκονομίας.
1091 2087 1168 2141 Dc
1199 2088 1380 2140 divina
1405 2087 1759 2139 incarnationt

1375 2087 1796 2139 :incarnationc.
1842 2085 2072 2149 Ἰκανῶς
2104 2087 2237 2156 ἡμῖν
2271 2085 2382 2139 τῶν
2411 2085 2544 2156 περὶ
2576 2086 2883 2156 θεολογίας.

250 2189 316 2241 δ’.
359 2186 500 2257 Περὶ
530 2184 742 2248 πάθους
773 2184 868 2238 καὶ
895 2180 1166 2243 ἀπαθείας
1192 2178 1455 2251 Χριστοῦ.
1518 2177 1595 2231 De
1619 2180 1757 2248 passi

1813 2195 1861 2232 te
1891 2188 1939 2231 et
1970 2179 2398 2250 impossibilitate
2417 2179 2632 2235 Christi.
2662 2182 2854 2248 Δείξας
2878 2187 3070 2241 ἑαυτὸν
3095 2191 3184 2244 διά
3209 2193 3319 2246 τῶν

446 2281 586 2352 παρ’
621 2276 810 2332 αὐτοῦ.

261 2384 320 2431 ε’.
363 2377 505 2447 Περὶ
547 2371 926 2434 ἀναστάσεως.
987 2369 1063 2424 De
1106 2367 1508 2423 resurrectione.
1572 2365 1734 2419 Ἀλλά

1811 2365 1882 2438 ἀρ
1930 2365 1990 2420 οὗ
2029 2371 2157 2437 περὶ
2187 2365 2394 2420 τούτων
2424 2367 2586 2438 μόνον
2644 2369 2832 2442 [conti
2865 2389 3053 2445 supra,
3087 2377 3197 2430 vol.
3224 2375 3316 2442 IX,

477 2509 491 2523 .
520 2467 648 2530 710.
684 2482 742 2520 n.
771 2463 864 2536 6.]

136 2567 192 2620 lli
217 2485 997 2637 quinqutfselzi’i'ozesolilrtece
1032 2571 1134 2610 ms.
1173 2554 1226 2609 in
1262 2553 1399 2608 bibl.
1425 2552 1677 2609 Cassarea
1712 2561 1852 2606 teste
1880 2551 2200 2617 Lambecio,
2228 2549 2341 2614 Vll,
2375 2567 2428 2621 p.
2460 2551 2560 2608 167
2585 2568 2703 2624 seq.
2737 2555 2877 2625 (34).
2916 2556 3096 2612 Etiam
3131 2559 3184 2613 in
3214 2559 3323 2613 Va-

79 2664 264 2726 ticana,
297 2660 558 2729 aliisque.
616 2655 869 2712 Latinam
903 2651 1186 2708 Francisci
1216 2650 1477 2706 'l‘urriani
1516 2649 1572 2705 S.
1600 2649 1649 2704 .l.
1683 2649 1930 2718 vulgavit
1962 2649 2165 2704 Petrus
2190 2647 2504 2704 Stevartius
2534 2650 2590 2704 in
2622 2665 2723 2706 suo
2751 2653 3006 2708 Auctario
3032 2655 3325 2712 lectionum

79 2757 396 2824 antiquarum
432 2751 608 2807 Henr.
639 2746 872 2810 Canisii,
901 2745 1201 2817 lngolstad.
1237 2745 1395 2807 1616,
1428 2746 1482 2809 -1,
1520 2760 1643 2815 pag.
1673 2741 1939 2798 460-516.
1976 2741 2072 2815 [In
2099 2743 2189 2797 ed.
2219 2742 2496 2813 Basnagii,
2533 2751 2573 2797 t.
2599 2743 2641 2807 1,
2677 2760 2731 2816 p.
2760 2746 2924 2819 436.]
2963 2748 3119 2805 Unde
3156 2765 3324 2805 rec"-

83 2863 130 2902 sa
155 2855 228 2902 est
265 2847 320 2902 in
350 2855 483 2900 tom.
515 2843 588 2899 IX
626 2841 764 2896 Bibl.
792 2840 1018 2894 Patrum
1055 2837 1197 2892 edit.
1229 2835 1406 2906 Lugd.
1445 2851 1569 2906 pag.
1617 2834 1740 2890 923.
1802 2833 1921 2888 Alia
1968 2832 2224 2890 Godl‘ridi
2275 2835 2550 2891 Tilmanni
2597 2838 2995 2910 interpretatio
3039 2844 3326 2914 prodierat

83 2941 228 2997 Paris.
257 2940 412 3006 1556,
440 2939 512 3005 8;
552 2946 719 3008 atque
751 2935 880 2990 inde
914 2935 969 2990 in
1000 2931 1367 2988 Bibliothecis
1393 2931 1616 2986 Patrum
1647 2929 2081 2985 Parisiensibus.
2117 2930 2276 2985 Fasti.
2320 2932 2665 2988 Aubertinus
2685 2975 2699 2996 ,
2736 2935 2814 2990 De
2839 2950 3180 2994 sacramento
3213 2938 3324 2994 Eu-

83 3039 340 3103 rharistic,
391 3053 448 3108 p.
494 3034 640 3099 894,
698 3040 892 3089 censet
944 3030 1228 3086 orationes
1264 3028 1386 3084 illas
1420 3027 1667 3098 quinque
1703 3041 1827 3081 esse
1853 3041 1995 3096 opus
2017 3026 2326 3096 genuinum
2353 3028 2630 3084 Anastasii
2656 3028 2886 3086 Sinaita:
2911 3041 2966 3086 et
2988 3034 3322 3090 Antiocheni

81 3134 292 3205 episcopi
324 3132 588 3194 senioris,
617 3147 669 3186 a.
699 3131 802 3185 599
829 3129 1070 3193 mortui;
1099 3125 1410 3196 refragatur
1431 3140 1567 3179 vero
1590 3123 1795 3179 Oudin.
1822 3123 1860 3177 1.
1889 3139 1939 3178 c.
1971 3138 2025 3193 p.
2053 3123 2156 3178 569
2181 3138 2324 3194 seq.,
2359 3133 2524 3194 atque
2553 3125 2860 3181 subscribit
2879 3127 3095 3197 judicio
3123 3128 3198 3184 Du
3224 3131 3326 3187 Pin

84 3227 127 3281 in
168 3227 399 3282 Biblioth.
435 3243 576 3282 nova
607 3225 734 3279 eccl.
773 3238 886 3279 sec.
912 3239 986 3286 vr,
1020 3238 1076 3292 p.
1101 3221 1170 3276 95
1191 3259 1205 3283 ,
1263 3219 1399 3274 istas
1423 3215 1718 3274 Orationes
1751 3217 1992 3288 plurima
2018 3216 2307 3272 continere
2335 3218 2798 3274 scholasticorum
2827 3220 3122 3276 ratiocinia
3144 3263 3158 3287 ,
3205 3239 3328 3293 qua

87 3336 210 3380 recte
239 3326 302 3380 ad
332 3327 603 3381 saeculum
629 3339 680 3377 χι
713 3337 874 3393 posse
901 3318 1100 3375 referri
1135 3318 1322 3381 docet,
1356 3315 1593 3386 ideoque
1624 3313 1861 3368 ascribit
1891 3314 2014 3368 illas
2039 3314 2355 3378 Anastasio,
2393 3315 2641 3370 nominis
2670 3326 2888 3387 quarto.
2939 3316 3110 3372 lianc.

139 3417 184 3470 ἓ.
219 3418 305 3482 Εἰς
330 3417 422 3471 τὸν
450 3413 870 3484 Εὑαγγελισμόν
896 3429 910 3444 ο
969 3411 1032 3465 In
1062 3410 1541 3465 Annuatiationem
1572 3406 1633 3460 Β.

1818 3423 1852 3460 τ
1883 3405 2114 3477 Virginis
2140 3422 2410 3461 sermones
2435 3407 2513 3461 II.
2554 3407 2722 3462 Prior
2758 3408 2957 3479 incipit
3007 3427 3021 3464 :
3075 3411 3326 3483 Σήμερον

85 3517 210 3585 ὑμῖν,
237 3510 279 3570 ὦ
306 3516 527 3587 ἄριστοι
561 3513 775 3576 παῖδες.
814 3511 1096 3566 Posterior
1130 3525 1142 3561 :
1173 3508 1239 3560 Τί
1274 3507 1437 3561 πάλιν
1467 3505 1560 3558 ἐπὶ
1589 3505 1690 3574 τῆς
1717 3505 1822 3574 γῆς
1853 3507 1880 3557 ὁ
1915 3504 2089 3573 μέγας
2121 3502 2374 3572 βούλεται
2402 3504 2644 3576 Γαϐριὴλ
2671 3507 2828 3576 ἡμῖν.
2863 3506 3051 3562 Graece
3080 3509 3328 3580 vulgavit

86 3614 291 3671 Joannes
319 3613 604 3670 Meursius
658 3611 716 3666 in
763 3610 938 3663 Variis
981 3608 1202 3668 diuinis,
1247 3621 1303 3674 p.
1343 3606 1408 3659 l9
1453 3613 1509 3659 et
1540 3603 1633 3664 55,
1669 3601 1845 3672 Lugd.
1874 3599 1993 3655 Bat.
2023 3600 2182 3655 1619.
2207 3601 2262 3655 4.
2316 3600 2496 3674 [Rcc.
2533 3601 2588 3655 in
2619 3601 2844 3657 Meursii
2874 3601 3039 3675 0pp.,
3074 3605 3327 3663 Florem,

87 3709 218 3776 1716,
251 3719 289 3763 t.
322 3708 459 3774 Vlll,
497 3725 555 3780 p.
582 3707 706 3762 685.
733 3704 751 3778 ]
809 3703 1006 3759 Latine
1051 3711 1231 3756 exstat
1272 3701 1326 3754 in
1355 3698 1680 3754 Bibliotheca
1711 3697 1962 3759 Patrum,
1998 3695 2135 3749 edit.
2166 3695 2342 3766 Lugd.
2381 3705 2420 3749 t.
2451 3694 2540 3760 IX,
2574 3713 2628 3767 p.
2655 3697 2778 3763 959,
2801 3699 2944 3760 94οξ
2995 3709 3052 3755 et
3084 3699 3139 3755 in
3178 3710 3329 3756 tomo

86 3815 216 3860 sexto
246 3805 378 3860 Bibl.
407 3803 828 3859 condonatoriw
855 3797 1199 3856 Combetisii.
1235 3796 1426 3852 Graece
1464 3804 1521 3850 et
1553 3794 1749 3848 Latine
1796 3793 1851 3848 in
1887 3802 2038 3848 tomo
2065 3793 2249 3863 primo
2270 3793 2514 3848 Auctarii
2546 3796 2666 3849 naui
2700 3796 2951 3867 ejusdem
2981 3796 3328 3864 Combetisii,

87 3917 132 3970 p.
159 3902 268 3968 850,
304 3903 476 3958 Paris.
524 3901 662 3957 1648
688 3899 784 3954 fol.
821 3897 982 3953 FABR.
1042 3893 1326 3950 Posterior
1373 3890 1610 3962 repetita
1641 3900 1727 3945 est
1761 3890 1815 3944 in
1843 3890 1930 3944 ιο.
1956 3891 2174 3945 Ραῑυεαι
2203 3887 2612 3960 Encyclopa'dia
2639 3891 2983 3964 philologica,
3009 3894 3102 3950 Gr.
3133 3898 3328 3953 Venet.

90 4000 220 4068 1710,
242 4003 291 4064 8,
314 4003 424 4058 vol.
450 4003 526 4066 11,
562 4017 618 4071 p.
648 3999 751 4054 338
774 4013 930 4068 seqq.
975 4024 1044 4034 —-
1081 3994 1175 4057 Εἰς
1203 3992 1293 4044 τὸν
1323 3991 1598 4058 εὐαγγελιι

1821 3991 1875 4060 ἧς
1912 3989 2202 4052 Θεοτόκου,
2243 3987 2447 4053 Leidze,
2477 3988 2533 4043 in
2559 3989 2684 4044 cod.
2715 3991 2947 4047 Vulcan.
2973 4009 2988 4046 :
3017 3994 3098 4049 sic
3123 3996 3329 4050 citatur

89 4093 133 4144 in
159 4091 312 4149 Catal.
344 4094 484 4149 bibl.
516 4090 676 4154 Leid,
705 4107 757 4160 p.
783 4087 909 4153 3M,
936 4104 992 4141 ιι.
1020 4085 1072 4139 ι.
1114 4113 1182 4123 --
1223 4082 1366 4136 Adtl.
1403 4082 1472 4136 de
1500 4081 1627 4137 cod.
1660 4083 1836 4138 Paris.
1870 4091 1987 4138 not.
2021 4082 2090 4137 ad
2121 4091 2261 4138 sect.
2289 4085 2344 4149 5,
2382 4099 2439 4138 n.
2474 4084 2561 4139 18.
2583 4114 2654 4125 -
2676 4084 2798 4141 Alia
2831 4101 2999 4156 supra
3033 4089 3090 4144 in
3122 4089 3178 4145 h.
3211 4092 3324 4146 vol.

89 4198 134 4250 p.
157 4185 240 4240 28l
275 4186 376 4241 sub
405 4190 534 4250 Iin.,
561 4191 697 4254 etp.
723 4181 818 4235 2M
850 4197 866 4246 ;
922 4179 1031 4234 alia
1065 4179 1118 4230 in
1163 4176 1292 4230 Jt-‘stt
1326 4185 1632 4246 pra'sentat.
1663 4178 1716 4230 in
1751 4175 1964 4246 templo.
1997 4206 2066 4218 --
2108 4177 2254 4231 Duas
2285 4193 2510 4249 quoque
2542 4179 2667 4235 illas
2689 4188 2833 4234 orat.
2859 4179 3066 4237 Oudin.
3097 4184 3204 4239 loc.
3230 4185 3326 4240 cit.

89 4292 132 4344 p.
154 4277 244 4333 527
271 4288 322 4334 et
344 4279 469 4344 585,
506 4276 756 4348 assignat
787 4273 1082 4330 Anastasio
1109 4283 1323 4343 quarto.
1363 4273 1530 4330 ΗΑιιι.

143 4368 190 4423 3.
226 4367 315 4434 Είς
345 4371 444 4441 τὴν
469 4365 926 4438 Μεταμόρφωσιν
960 4363 1054 4418 τοῦ
1086 4364 1294 4434 Κυρίου
1328 4365 1358 4433 ἡ
1369 4363 1484 4433 μῶν
1501 4362 1651 4434 Ἰησοε

1827 4364 1954 4417 στοῦ
1978 4406 1990 4418 .
2033 4365 2219 4418 Sermo
2248 4366 2304 4418 in
2337 4365 2888 4438 Transﬁgurationem
2921 4370 3135 4426 Domini
3162 4373 3330 4426 nostri

97 4459 190 4512 lusu
217 4461 420 4517 Christi.
447 4459 655 4531 Incipit
685 4477 698 4512 :
730 4460 790 4511 ὐ
821 4457 1214 4529 φιλάνθρωπος
1250 4457 1482 4527 Ἰησοῦς.
1523 4457 1605 4512 La

1839 4465 1974 4512 tom.
2001 4457 2074 4513 1X
2104 4457 2242 4513 Bibl.
2271 4458 2523 4523 Patrum,
2561 4460 2696 4516 edit.
2726 4461 2902 4534 Logd.
2936 4480 2992 4534 p.
3019 4465 3148 4527 291,
3184 4473 3242 4522 et
3271 4467 3327 4520 in

91 4554 375 4611 Bibliotheca
419 4555 822 4611 concionatoria
865 4552 1164 4608 Combetis.
1207 4563 1248 4609 t.
1281 4553 1395 4608 νη.
1449 4553 1639 4610 Graece
1668 4562 1726 4608 ct
1755 4552 1952 4610 Latine
1999 4554 2056 4609 in
2088 4563 2240 4609 tomo
2270 4553 2456 4624 primo
2486 4556 2732 4613 Auctarii
2761 4558 2882 4613 noui
2909 4558 3328 4626 Combetislani,

92 4666 133 4717 p.
159 4649 284 4716 866;
339 4651 431 4706 sed
463 4657 717 4703 extrema
747 4655 903 4718 parte
930 4647 1147 4700 mutila.
1183 4661 1240 4717 p.
1265 4647 1390 4710 881,
1428 4662 1550 4716 quae
1581 4662 1600 4700 ε

1823 4647 1943 4702 ιιεῑὶ
1973 4647 2144 4705 debet
2189 4667 2204 4702 :
2253 4650 2594 4716 ’Δναγκαίως
2617 4647 2714 4705 οὖν
2742 4653 3054 4708 ἐνετείλατο
3084 4659 3196 4722 τοῖς
3224 4675 3331 4728 μα-

91 4743 252 4811 θηταῖς
285 4744 562 4816 σιωπῆσαι
594 4741 662 4796 τά
684 4739 976 4811 ὁραθέντα,
1013 4739 1209 4811 μέχρις
1235 4734 1296 4794 οὗ
1333 4739 1550 4809 φθάσας
1575 4739 1740 4804 αὐτὸς
1771 4741 2182 4795 καταπαλαίσει
2211 4740 2302 4794 τὸν
2329 4740 2584 4808 θάνατον,
2621 4745 2706 4798 ἵνα
2736 4745 2810 4818 μὴ
2838 4746 3108 4814 γένωνται
3134 4751 3194 4803 ἐν
3217 4750 3333 4804 ἔθει

91 4836 166 4888 τοῦ
194 4839 434 4891 ἀπιστεῖν
464 4839 580 4899 τοῖς
611 4835 741 4905 παρ’
766 4831 949 4888 αὐτῶν
981 4830 1303 4900 λεγομένοις
1333 4831 1382 4884 οί
1413 4830 1727 4892 ἀκούοντες.
1765 4831 1925 4886 Μετά
1947 4831 2058 4903 γάρ
2086 4832 2186 4902 τὴν
2210 4832 2516 4886 ἀνάστασιν
2545 4833 2638 4887 τοῦ
2668 4837 3019 4906 πρωτοτόκου
3055 4840 3154 4893 σὺν
3185 4845 3334 4914 παῤ-

95 4933 234 5005 mai;
281 4935 376 5006 τὴν
418 4935 644 4988 πάντων
684 4930 1041 5001 ὲδημοσίευον
1081 4929 1380 4982 ἀνάστασιν
1401 4970 1415 4995 ,
1468 4929 1564 4982 καὶ
1605 4929 1685 4992 είς
1722 4932 1824 4998 τὴν
1855 4929 1966 4984 ἀπὸ
1991 4930 2102 4982 τῶν
2129 4932 2466 5001 παχυτέρων
2498 4932 2594 4985 ἐπὶ
2621 4932 2692 4986 τὰ
2719 4936 3070 5003 πνευματικὰ
3097 4938 3330 5009 σώματα

95 5032 546 5101 μεταστοιχείωσιν
569 5071 585 5094 ,
645 5026 1022 5096 ἐντελλόμενοι
1067 5025 1311 5089 ἀπασιν,
1363 5025 1447 5078 ὅτι
1469 5062 1484 5086 ,
1537 5023 1731 5094 ὥσπερ
1765 5027 1792 5078 ὸ
1825 5026 2072 5096 Χριστὸς
2101 5026 2344 5089 ἀναστὰς
2370 5028 2436 5081 ἐκ
2462 5028 2694 5099 νεκρῶν,
2731 5029 2833 5083 οὐκ
2862 5030 2941 5084 ἔτι
2971 5032 3329 5107 ἀποθνήσκει,

93 5124 172 5176 καὶ
200 5123 415 5192 θάνατος
447 5124 603 5197 αὑτῷ
634 5123 696 5177 οὐ
722 5123 992 5195 κυριεύει,
1027 5121 1204 5185 οὕτως
1233 5121 1326 5176 καὶ
1357 5122 1506 5192 ἡμᾶς
1535 5121 1900 5192 συμμόρφους
1929 5122 2154 5192 ποιήσει
2183 5122 2283 5191 τῆς
2308 5122 2468 5194 δόξης
2497 5122 2687 5191 αὑτοῦ,
2726 5125 2820 5179 καὶ
2853 5131 3331 5200 μετασχηματίσει

155 5309 404 5384 (διχὸἰνο
437 5327 561 5383 pag.
596 5311 702 5384 555
744 5308 834 5364 ed.
867 5309 1180 5384 Kollar._—
1221 5305 1395 5384 Oxon.
1445 5307 1498 5361 in
1542 5321 1638 5360 co-
1749 5306 2111 5384 in_cod._reg.
2136 5305 2262 5384 200,
2295 5306 2476 5384 m2},
2516 5307 2793 5364 Anastasii
2845 5313 3102 5368 monachi
3163 5329 3335 5384 opus-

98 5378 200 5459 dice
235 5382 322 5436 159
351 5377 546 5459 collegi.
570 5380 735 5446 novi,
789 5395 834 5459 s.
887 5395 942 5432 n.
985 5377 1383 5459 ll05_,.tom..l,
1410 5387 1552 5459 part.
1580 5395 1636 5441 ιι,
1747 5378 1932 5459 culum
1962 5377 2040 5459 Pe
2069 5377 2359 5459 ortliodoxa
2384 5377 2514 5459 ﬁde,
2533 5390 2948 5459 ercet-ptume;
2970 5384 3024 5438 S.
3047 5377 3332 5459 Scriptura

97 5450 198 5524 ραι.
239 5469 359 5508 mss.
405 5448 564 5523 Angl.
613 5462 722 5524 etc.
779 5451 982 5524 Anast.‘
1015 5448 1604 5524 arcltiep.‘Auti_oc-_h_i;e

1833 5448 1930 5502 SS.
1960 5449 2326 5524 Doctoribus;
2352 5449 2494 5524 _inc.
2533 5448 2841 5524 Ἄρχῆτῶν
2866 5453 3040 5524 λόγων
3067 5448 3327 5524 ἀλήθεια·

100 5467 198 5503 uat.
239 5469 359 5508 mss.
405 5467 564 5523 angl.
613 5467 722 5507 etc.
779 5467 972 5504 nnasu
1015 5467 1261 5518 arCltlt‘p.
1296 5467 1634 5511 .onuocnue,
1746 5467 1801 5502 et
1833 5467 1930 5502 an.
1960 5467 2326 5514 uocrorious;
2383 5467 2494 5503 mc.
2546 5467 2713 5574 Αρχηὶ
2732 5469 2841 5504 των
2866 5467 3040 5519 Αογων
3067 5467 3328 5524 amour

100 5520 364 5578 Semnones
386 5525 633 5590 quidam,
654 5519 1240 5581 Gr.—Orationcsxu,
1262 5519 1315 5572 in
1337 5519 1648 5590 cod.Westc
1750 5520 1815 5590 Υ.
1848 5529 1955 5573 cat.
1997 5519 2158 5590 codd.
2183 5519 2304 5590 _Gr.
2352 5519 2544 5590 Taur.,
2594 5537 2646 5590 p.
2716 5522 2805 5582 99,
2839 5523 2989 5578 etde
3021 5526 3145 5580 aliis
3167 5525 3330 5579 codd.

103 5603 368 5674 monastcr.
404 5588 464 5656 8,
500 5611 544 5674 s_.
585 5611 639 5674 ῃ,
672 5593 830 5674 1097,
858 5592 979 5674 (lat.
1007 5591 1101 5644 cit.
1128 5591 1180 5644 2.
1217 5619 1293 5674 Γ-
1345 5589 1648 5674 sermones
1751 5589 1980 5674 [aut-in:
2019 5588 2390 5674 Mpntfaucon.
2430 5590 2484 5644 in
2519 5588 2925 5674 Bibl._bibli_oth.
2958 5611 3080 5674 inst.
3111 5612 3165 5664 p.
3188 5595 3335 5674 .l594

103 5662 317 5732 quinque
345 5666 402 5718 in
432 5666 556 5721 cod.
594 5663 841 5719 Vatican.
875 5663 1079 5716 Romae.
1107 5691 1176 5701 -—
1205 5661 1477 5716 Anastasii
1528 5675 1611 5712 mo

107 5734 240 5788 mlChl
293 5735 610 5798 Orationes,
666 5731 956 5788 Mediolani
1008 5733 1062 5786 in
1105 5731 1230 5785 cod.
1291 5729 1611 5785 AmbrosJ

1840 5667 1894 5713 et
1932 5661 1998 5716 Α.
2057 5660 2197 5714 Add.
2247 5662 2412 5731 paulo
2454 5671 2576 5731 post
2620 5663 2687 5718 ad
2717 5679 2772 5718 n.
2797 5665 2850 5717 4.
2877 5693 2946 5704 --
2979 5664 3096 5718 Duo
3114 5659 3335 5734 priores

1827 5747 2040 5785 rntoucs
2087 5749 2119 5782 α
2169 5739 2224 5785 et
2266 5735 2318 5798 β,
2359 5731 2537 5794 citati,
2573 5732 2817 5790 Florent.
2847 5734 2901 5787 in
2930 5735 3055 5790 cod.
3081 5736 3335 5790 Lauren-

109 5798 370 5880 blontfauc.
401 5805 533 5880 Bibl.
563 5802 1292 5880 bibltollt.}lt88._l,_P._13.A
1312 5841 1326 5863 ,
1369 5798 1617 5880 (gi—592.1]

1840 5800 1968 5880 21..
1999 5817 2056 5855 n.
2238 5802 2462 5880 anlut.
2489 5803 2539 5857 1.
2578 5802 2633 5856 l".
2669 5804 2896 5860 Bandini
2931 5805 3047 5860 Cat.
3081 5807 3206 5861 cod.
3234 5805 3333 5863 Gr.

109 5869 226 5927 Adtl.
256 5891 415 5948 supra
461 5878 524 5934 ad
555 5885 693 5933 sect.
719 5876 754 5930 ‘2
785 5875 853 5930 de
877 5873 1012 5930 cod.-
1033 5869 1261 5944 llodegi.
1302 5900 1369 5913 -ον
1410 5870 1616 5926 Taurin

937 5869 1261 5944 »ιι-110609.
1302 5900 1369 5913 -ον
1410 5869 1638 5926 Taurini
1752 5870 1914 5926 Laur.
1956 5872 2000 5940 Ξ,
2036 5887 2089 5943 p.
2116 5871 2237 5928 511.
2281 5869 2445 5927 ΙΙλιιι..
