3820 6550
477 364 498 427 l
509 369 616 431 299

1646 383 1708 444 S.
1749 383 2151 445 ANASTASII
2212 383 2684 446 ANTIOCHENI

3593 385 3697 452 tam

473 482 572 546 cti,
604 480 839 542 oﬁicina,
868 486 1162 557 prodiisse.
1203 487 1417 547 Monuit
1458 490 1630 547 etiam
1673 490 2063 549 Henscﬁenius
2114 504 2251 549 tom.
2278 493 2324 549 II
2354 494 2559 564 April.,
2592 510 2646 564 p.
2679 492 2805 557 858,
2834 490 2987 548 illius
3034 502 3294 564 tempore
3343 490 3547 547 nullum
3569 494 3700 550 fuisse

474 589 663 648 regem
696 577 990 634 Persarum
1013 580 1354 650 Arcnatum,
1381 583 1479 640 sed
1514 593 1636 656 post
1662 583 1971 654 Cbosroen,
1997 587 2094 658 qui
2132 588 2295 643 annis
2327 585 2918 658 duodequinquaginta
2947 586 3191 657 praefuit,
3225 586 3573 643 Hormisdatn
3598 605 3696 659 reg-

474 683 639 727 nasse
667 672 830 730 annis
860 674 1215 747 quindecim.|

542 765 636 823 21.
669 769 967 835 Anastasii,
1004 772 1329 829 Damasceni
1359 781 1419 830 et
1447 774 1688 830 aliorum
1732 776 2037 847 ἐρωτήσεις
2070 795 2077 811 ·

2180 775 2201 829 l
2241 774 2505 840 πίστεως.
2537 773 2665 831 Mss.
2698 772 2962 830 Lambec.
2994 771 3130 839 VIII,
3162 789 3217 844 p.
3249 772 3384 829 356.
3418 770 3635 841 Incipit:
3658 774 3706 825 Ii

472 860 776 927 πιστεύεις,
812 863 1129 935 Χριστιανὲ,
1166 865 1262 920 καὶ
1298 865 1435 930 πῶς.
1467 865 1652 939 [ϐοηῖ.
1678 875 1796 922 not.
1829 867 1898 922 ad
1933 875 2072 922 sect.

2194 884 2252 922 ιι.
2287 864 2371 939 4].

544 954 635 1008 22.
666 954 956 1025 Κεφάλαια
985 955 1101 1013 sive
1132 956 1312 1028 capita
1357 966 1584 1014 centum
1629 960 1699 1015 ad
1731 958 1986 1031 Sergium
2019 960 2419 1016 scholasticum
2447 960 2697 1016 citantur
2723 958 2778 1015 in
2805 959 3035 1016 Joannis
3063 956 3410 1013 Antiocheni
3434 956 3619 1027 eclogis
3646 972 3709 1011 as-

476 1048 671 1105 ceticis
706 1066 837 1106 mss.
870 1052 1016 1123 apud
1041 1052 1399 1111 Lambecium
1429 1056 1494 1122 V,
1526 1073 1581 1127 p.
1619 1055 1741 1113 105.
1778 1056 1862 1130 [P.
1883 1057 1991 1112 225
2016 1056 2108 1113 ed.
2159 1057 2423 1131 Kollar.].

542 1143 633 1200 25.
663 1144 1047 1213 Deﬁnitioncs,
1066 1148 1360 1219 Κεφάλαια
1381 1152 1725 1222 ὲμφιλόσοφσ.
1751 1152 1862 1224 ρνβ¹
1881 1150 2051 1225 (162),

2180 1171 2238 1207 να
2261 1155 2318 1208 ὲν
2341 1154 2456 1218 τοῖς
2482 1151 2651 1217 Θείοις
2673 1151 2911 1223 δόγμασι
2937 1149 3234 1214 διαπαντδς
3260 1149 3586 1220 ἐμφέρεται.
3608 1146 3706 1202 Ias.

473 1239 528 1294 in
554 1240 693 1297 bibl.
718 1242 988 1299 Caesarea.
1025 1244 1266 1316 Incipit:
1303 1247 1642 1321 Ἐπειδήπερ
1680 1249 1852 1321 χωρὶς
1876 1249 2076 1321 ⁵ὀρθοδό

2180 1288 2194 1304 .
2232 1249 2367 1305 Vide
2400 1248 2734 1313 Nesselium,
2760 1255 3009 1318 partetv,
3046 1263 3100 1316 p.
3130 1245 3224 1309 45,
3251 1260 3316 1299 n.
3347 1242 3435 1297 ﬂ.
3469 1239 3709 1295 Faune-

476 1339 758 1397 ﬁnitiones
796 1357 866 1397 ex
914 1342 1207 1398 Anastasio
1256 1344 1512 1416 aliisque.
1567 1347 1645 1402 De
1675 1346 1840 1402 codd.
1874 1345 2192 1402 Vindobon.
2241 1347 2479 1417 aliisque
2539 1344 2654 1400 vid.
2687 1343 2758 1399 ad
2794 1343 2821 1416 ᾗ
2852 1343 2887 1398 2
2932 1342 3026 1397 ﬁn.
3060 1341 3253 1397 adnot.
3307 1368 3383 1380 -—
3428 1336 3640 1408 llosqua
3671 1338 3710 1391 ia

472 1432 597 1487 cod.
630 1432 717 1498 46,
742 1433 1043 1499 Anastasii,
1067 1435 1400 1505 patriarchae
1421 1438 1681 1495 Antioch.
1707 1438 2072 1495 Deﬁnitiones

2180 1438 2365 1509 ncipit.
2397 1439 2624 1504 Ίστέον,
2647 1438 2743 1492 καὶ
2770 1438 2847 1508 μὴ
2871 1434 3193 1505 ἁγνοητέον.
3232 1431 3294 1487 Υ.
3324 1431 3562 1486 Matthxi
3586 1429 3711 1483 nolit.

473 1526 628 1581 citat.
689 1542 746 1597 p.
802 1526 926 1591 524,
984 1543 1041 1580 n.
1079 1526 1235 1582 8.—
1266 1525 1515 1585 Venetiis
1558 1530 1615 1586 in
1667 1529 1791 1585 cod.
1852 1528 2077 1585 Marcia:

2190 1528 2318 1585 257.
2380 1527 2440 1583 γ.
2498 1529 2573 1584 cl.
2626 1527 2841 1585 Morelli
2896 1524 3036 1580 Bibl.
3064 1541 3193 1578 mss.
3232 1522 3335 1577 Gr.
3368 1530 3427 1576 et
3453 1519 3586 1585 Lat...
3610 1528 3711 1574 tom.

476 1617 521 1680 I,
550 1633 605 1688 p.
641 1618 746 1674 144
773 1635 891 1691 seq.
919 1619 1090 1676 IIARL.

1062 1987 1684 2082 ANASTASII
1770 1987 2528 2083 ANTIOCHENI
2608 1986 3157 2079 EPISCOPI

1294 2470 1448 2545 (Acta
1472 2480 1800 2541 sanctorum,
1829 2472 2005 2544 April.
2049 2479 2090 2528 t.
2125 2471 2193 2538 II,
2219 2489 2273 2543 p.
2311 2473 2410 2529 851
2437 2488 2452 2538 ;
2483 2471 2591 2528 Iul.
2627 2478 2666 2526 t.
2695 2470 2784 2538 IV,
2808 2468 2925 2539 97.)

1491 2795 1545 2841 8.
1589 2794 1913 2840 ANASTASII
1954 2793 2075 2838 RES
2103 2793 2315 2840 (ὶΕὸτῶ
2350 2793 2428 2838 ET
2457 2792 2721 2840 CULTUS.

1675 2941 1762 3013 (Α.
1801 2938 1901 2996 SS.
1937 2948 1978 2995 t.
2012 2940 2058 2995 II
2085 2938 2289 3012 April.,
2323 2956 2378 3011 p.
2412 2940 2565 3012 851.)

554 3098 767 3156 Saecula
822 3109 978 3156 sexto
1031 3107 1090 3155 et
1142 3099 1303 3155 initio
1343 3098 1622 3169 sequenti,
1667 3100 1900 3154 inerunt
1952 3097 2066 3153 duo
2096 3106 2140 3162 Α
2170 3107 2227 3154 et
2253 3097 2539 3170 ponderis,
2575 3106 2634 3155 et
2683 3114 2807 3171 quae
2855 3099 3038 3170 ipsum
3082 3099 3262 3156 Deum
3315 3099 3621 3157 viderentur
3654 3108 3715 3155 at-

482 3192 814 3251 Antiocheni
842 3207 941 3252 seu
982 3193 1375 3265 Thcopolitani
1401 3192 1753 3264 patriarcha,
1792 3192 2070 3248 Anastasii

482 3283 764 3354 appellati.
800 3283 1010 3339 Horum
1046 3283 1261 3355 primus
1300 3282 1371 3339 ab
1403 3281 1709 3353 aliquibus,
1746 3282 1842 3337 sed
1879 3297 2072 3353 perpe-

482 3387 622 3436 ram,
650 3371 859 3427 Sinaita
878 3371 1082 3440 dictus,
1101 3373 1292 3429 sedem
1312 3373 1462 3428 illam
1479 3372 1550 3428 ab
1563 3388 1655 3427 an.
1679 3372 1776 3428 561
1802 3374 2069 3438 obtinuit,

482 3467 589 3524 sub
622 3476 876 3523 extrema
920 3468 1221 3526 Iustiniani
1261 3468 1612 3538 imperatoris
1652 3474 1943 3540 tempora;
1975 3468 2073 3524 sed

482 3577 515 3615 a
548 3561 770 3617 Iustino
795 3562 1026 3618 Juniore
1056 3578 1089 3618 a
1125 3561 1259 3619 sede
1283 3562 1615 3619 deturbatus
1642 3570 1729 3618 est
1767 3577 1912 3618 anno
1945 3563 2069 3627 572,

484 3654 790 3710 substituto
819 3655 1080 3727 Georgio,
1111 3657 1270 3728 cujus
1305 3665 1434 3728 post
1471 3665 1734 3724 mortem,
1762 3657 2072 3729 imperante

481 3748 774 3813 Mauricio,
792 3748 1082 3821 pristinam
1106 3749 1434 3822 dignitatem
1452 3751 1827 3822 recuperavit,
1855 3761 1913 3807 et
1937 3750 1992 3806 in
2009 3767 2074 3806 ea

484 3841 624 3898 vixit
661 3858 838 3913 usque
876 3842 946 3898 ad
1005 3859 1137 3898 ann.
1172 3843 1298 3911 598,
1332 3854 1431 3900 aut
1459 3854 1817 3917 sequentem;
1851 3845 2075 3916 quando

485 3933 565 3989 illi
596 3943 816 3990 mortuo
841 3936 1112 3992 successit
1135 3937 1277 3993 alter
1300 3936 1651 4006 Anastasius,
1684 3947 1894 4010 martyr
1932 3954 2077 3994 nun-

484 4037 743 4099 cupatus,
773 4028 920 4100 quod
940 4045 972 4085 a
995 4030 1205 4087 Iudaeis
1226 4031 1657 4088 excarniﬁcatus
1673 4032 1746 4089 sit
1761 4032 1907 4088 circa
1937 4047 2071 4087 ann.

485 4121 613 4186 608,
645 4130 741 4176 aut
766 4131 1116 4192 sequentem,
1150 4124 1546 4197 Martyrologio
1592 4126 1847 4181 Romano
1877 4123 2077 4180 inscri-

485 4222 618 4285 ptus
642 4213 715 4270 ad
737 4214 888 4271 diem
911 4216 983 4271 25
1016 4216 1364 4284 Decembris,
1400 4218 1483 4273 uti
1518 4218 1674 4290 prior
1700 4218 1771 4273 ad
1816 4217 1965 4274 hunc
2006 4218 2071 4272 21

485 4309 698 4380 Aprilis
740 4308 831 4365 bis
868 4310 1063 4367 verbis
1101 4328 1115 4364 :
1156 4330 1175 4362 ι
1212 4310 1524 4366 Antiochiae
1572 4310 1751 4367 sancti
1799 4309 2077 4367 Anastasii

488 4403 719 4461 Sinaita:
750 4403 1023 4475 episcopi,
1054 4422 1072 4456 ι
1109 4411 1166 4459 et
1191 4404 1246 4458 in
1281 4405 1431 4460 notis
1474 4404 1755 4460 indicatur
1781 4404 1852 4461 de
1878 4405 2077 4460 eodem

487 4512 652 4568 agere
677 4495 902 4553 Graecos
924 4496 1032 4552 hac
1065 4495 1156 4553 die
1190 4497 1246 4552 in
1276 4497 1592 4570 Menologio
1614 4499 1742 4569 :qui
1766 4515 1900 4556 sane
1928 4498 2078 4555 Ana-

487 4589 647 4645 stasii
688 4588 919 4646 Sinaita:
948 4588 1345 4656 meminerunt,
1395 4591 1492 4647 sed
1539 4592 1691 4647 nulla
1746 4591 1888 4648 facta
1922 4608 2080 4647 men-

488 4682 641 4738 tione
665 4681 977 4738 Antiochiae
992 4692 1089 4738 aut
1106 4682 1483 4754 episcopatus.
1504 4684 1656 4740 Idem
1685 4684 1834 4741 inter
1856 4694 2081 4742 sanctos

486 4775 683 4830 Patres
717 4783 1043 4851 recensetur
1076 4774 1133 4829 in
1165 4774 1378 4848 synodo
1406 4775 1627 4832 Nicaana
1659 4791 1695 4831 η
1717 4816 1733 4842 ,
1772 4785 1833 4832 et
1877 4777 2082 4847 passim

488 4864 546 4921 in
596 4866 774 4922 titulis
820 4866 1063 4938 praeﬁxis
1103 4876 1234 4923 ante
1267 4868 1390 4939 ejus
1422 4883 1594 4939 opera
1626 4868 1771 4925 infra
1819 4868 2079 4925 indicata.

493 4959 671 5030 Ilujus
698 4960 965 5030 temporis
988 4962 1228 5032 scriptor
1254 4960 1358 5016 fuit
1381 4961 1653 5033 Evagrius
1678 4961 2079 5030 Scholasticus,

492 5051 589 5121 qui
646 5052 683 5106 Ι.
734 5067 786 5107 rv
816 5051 1068 5109 Historia:
1118 5052 1526 5120 Ecclesiasticat,
1559 5070 1680 5126 cap.
1719 5055 1810 5122 38,
1856 5057 2079 5124 asserit,

494 5158 622 5220 post
655 5148 988 5204 Domninum
1017 5150 1342 5220 episcopum
1375 5150 1855 5222 Theopolitarum,
1888 5150 1944 5207 id
1995 5160 2082 5208 est

493 5240 993 5307 Antiochenorum,
1036 5252 1287 5297 creatum
1338 5242 1715 5311 Anastasium,
1769 5251 1826 5299 et
1860 5259 1981 5315 cap.
2014 5243 2084 5300 39

495 5329 619 5400 ejus
644 5328 829 5384 studia
865 5338 923 5385 et
964 5345 1054 5385 res
1102 5341 1285 5402 gestas
1323 5334 1554 5403 exponit
1587 5333 1676 5389 his
1702 5334 1913 5391 verbis.

576 5440 593 5474 ι
628 5422 955 5479 Anastasius
1000 5423 1086 5479 vir
1114 5433 1388 5479 eratcum
1422 5424 1479 5480 in
1523 5440 1811 5483 sacrarum
1839 5426 2081 5484 Littera-

494 5529 620 5570 rum
662 5514 979 5586 cognitione
1003 5515 1253 5586 apprime
1285 5515 1551 5581 disertus,
1593 5527 1711 5574 tum
1745 5519 1804 5576 in
1832 5520 2085 5577 moribus

496 5627 561 5667 ac
595 5616 710 5665 tota
757 5610 886 5667 vitae
948 5610 1163 5665 ratione
1215 5608 1357 5666 adeo
1406 5611 1741 5683 exquisitus,
1793 5620 1856 5668 ut
1911 5613 2079 5669 etiam

496 5720 684 5760 rerum
713 5704 1083 5760 levicularum
1117 5718 1372 5774 magnam
1398 5718 1587 5758 curam
1613 5703 1870 5772 haberet,
1900 5720 2082 5776 neque

2176 3192 2411 3264 tingere.
2444 3191 2591 3260 Quin
2613 3193 2782 3248 etiam
2810 3193 2886 3249 ita
2911 3210 3074 3250 suum
3101 3194 3447 3266 temperavi:
3466 3195 3714 3267 ingenium.

2175 3298 2237 3345 ut
2278 3304 2461 3360 neque
2503 3297 2739 3360 propter
2766 3288 3055 3346 lenitatem
3100 3289 3280 3346 animi
3320 3300 3489 3363 atque
3534 3291 3715 3347 comita-

2175 3391 2310 3449 tem,
2364 3381 2534 3438 nimis
2583 3382 2749 3439 facile
2805 3382 2896 3438 his
2952 3382 3122 3439 rebus
3159 3399 3291 3454 qua:
3334 3383 3517 3439 minus
3562 3382 3713 3437 rationi

2175 3476 2594 3533 consentientes
2622 3484 2806 3541 erant,
2838 3475 3095 3543 cederet;
3132 3492 3324 3547 neque
3363 3483 3577 3548 prapter
3601 3490 3715 3530 seve-

2176 3568 2398 3624 ritatem
2425 3578 2482 3624 et
2506 3566 2945 3634 inclementiam,
2977 3581 3122 3637 azgre
3151 3566 3239 3621 his
3284 3581 3414 3636 qua:
3441 3573 3577 3620 recta
3609 3562 3713 3616 ratio

2176 3657 2494 3730 postulabat
2553 3657 2944 3714 assentiretur.
3005 3656 3194 3713 Rebus
3254 3656 3429 3712 seriis
3482 3651 3711 3710 audiendis

2176 3751 2299 3821 ejus
2336 3750 2602 3821 patebant
2633 3764 2820 3816 aures,
2851 3758 2909 3805 et
2951 3758 3015 3806 ut
3065 3765 3333 3806 sermone
3364 3747 3636 3820 proﬂuens,
3659 3745 3711 3797 ita

2178 3844 2237 3899 in
2278 3844 2686 3916 quaestionibus
2730 3843 3103 3900 dissolvendis
3146 3852 3355 3899 acutus
3406 3850 3461 3899 et
3483 3840 3708 3913 perspicax

2178 3936 2305 4004 fuit,
2361 3938 2531 3994 rebus
2586 3946 2775 3994 autem
2842 3937 3047 4008 ineptis
3102 3946 3162 3993 et
3218 3936 3440 3993 nullius
3502 3929 3708 3989 momenti

2179 4027 2415 4084 occlusit
2471 4044 2638 4086 aures
2696 4047 2709 4083 :
2774 4029 3018 4100 linguam
3066 4044 3205 4085 vero
3257 4029 3347 4085 sic
3407 4028 3553 4101 quasi
3595 4026 3707 4081 {rem

2180 4120 2437 4175 cohibuit
2510 4129 2571 4175 ut
2623 4128 2680 4176 et
2734 4136 3051 4176 sermonem
3092 4119 3316 4177 ratione
3367 4120 3705 4176 moderaretur,

2179 4221 2237 4268 ct
2284 4213 2571 4268 silentium
2615 4214 2835 4285 loquela
2871 4212 3250 4285 prastabilius
3280 4213 3541 4269 elﬁceret.
3583 4209 3703 4265 lana

2182 4311 2445 4376 tanquam
2498 4314 2711 4360 turrem
2762 4306 3201 4363 munitissimam
3248 4321 3564 4380 oppugnare
3598 4300 3706 4359 omni

2181 4398 2567 4456 machinarum
2635 4414 2839 4471 genere
2889 4415 3183 4472 aggressus
3243 4412 3339 4459 est
3404 4399 3703 4459 Justiniaw.

2183 4490 2320 4548 illud
2353 4492 2568 4548 scilicet
2587 4493 2965 4563 complectens
3003 4493 3210 4561 animo,
3242 4510 3305 4551 se
3347 4495 3394 4552 si
3424 4495 3573 4551 istum
3594 4504 3705 4547 crer-

2183 4596 2348 4655 teret,
2396 4586 2551 4642 nullo
2593 4586 2783 4642 labore
2813 4586 3093 4642 civitatem
3140 4595 3316 4643 totam
3347 4594 3700 4659 occupaturum.

2184 4691 2339 4737 recta
2383 4679 2513 4736 ﬁdei
2555 4680 2817 4751 dogmata
2866 4680 3221 4737 redacturum
3255 4692 3511 4753 tanquam
3546 4678 3593 4733 in
3617 4690 3702 4731 ser

2182 4774 2440 4839 vitutem,
2491 4781 2549 4828 et
2581 4787 2715 4829 oves
2742 4771 2951 4828 Christi
3002 4771 3247 4845 denique
3280 4773 3520 4845 captivas
3556 4764 3701 4824 abiic-

2184 4865 2353 4922 clesia
2385 4865 2781 4921 abducturum.
2826 4865 3031 4921 Verum
3081 4866 3410 4923 Anastasius
3459 4865 3530 4920 sic
3564 4859 3697 4916 divina

2184 4957 2423 5029 quadam
2456 4956 2629 5013 animi
2678 4957 3013 5013 celsitudine
3058 4959 3241 5013 elatus
3269 4957 3377 5013 luit
3407 4958 3540 5026 (nam
3578 4962 3696 5018 supra

2185 5051 2399 5106 ﬁrmam
2437 5049 2569 5105 ﬁdei
2623 5056 2839 5121 petram
2876 5048 3151 5122 constitit)
3200 5059 3263 5105 ut
3317 5047 3601 5106 Justiniano
3627 5052 3696 5109 per

2183 5145 2399 5202 litteras
2450 5160 2582 5201 suas
2641 5144 2819 5200 libere
2867 5153 2924 5199 et
2960 5153 3151 5216 aperte
3189 5142 3692 5201 contradicere“mn

2183 5238 2477 5312 perspicue
2493 5236 2814 5304 admodum,
2837 5245 2956 5293 tum
2980 5237 3189 5294 diserte
3203 5236 3511 5299 ostendens,
3530 5229 3692 5288 divinos

2182 5330 2466 5403 apostolos
2512 5336 2572 5385 et
2605 5335 2831 5384 sanctos
2862 5327 3057 5383 Patres
3102 5326 3388 5383 confessos
3437 5338 3547 5382 esse
3571 5328 3690 5387 atque

2184 5422 2324 5479 adeo
2373 5421 2690 5486 tradidisse,
2739 5436 2946 5492 corpus
2996 5420 3215 5476 Domini
3269 5415 3595 5477 internecioni
3616 5410 3688 5466 ob-

2185 5506 2414 5572 nexium
2443 5514 2637 5580 fuisse,
2667 5521 2725 5570 et
2750 5512 3109 5570 aﬁectionum
3156 5529 3282 5586 quae
3317 5520 3441 5569 sunt
3466 5517 3625 5565 natura
3648 5502 3687 5552 in

2183 5608 2388 5667 animis
2430 5609 2732 5680 impressae,
2788 5623 3024 5680 quasque
3062 5606 3482 5681 reprehensione
3524 5604 3683 5657 carent.

2185 5703 2482 5775 particeps.
2528 5700 2738 5758 Eodem
2785 5699 2951 5758 modo
2995 5698 3166 5756 etiam
3202 5697 3472 5757 monachis
3517 5683 3683 5761 Maioris

499 5797 557 5853 in
604 5798 713 5853 illis
745 5813 776 5851 a
827 5796 1105 5853 constanti
1146 5805 1203 5853 et
1235 5796 1417 5853 stabili
1468 5797 1639 5854 animi
1668 5799 1755 5854 sui
1795 5800 2156 5879 propositoc
2186 5805 2245 5854 et
2292 5795 2521 5854 Minoris
2577 5794 2768 5867 Syriae,
2815 5798 2938 5869 ejus
2985 5797 3053 5854 de
3090 5798 3192 5854 hac
3245 5811 3304 5850 re
3347 5781 3678 5849 sciscitantibus

500 5892 767 5950 deocdere
799 5893 983 5961 vcllct,
1016 5890 1218 5948 nedum
1260 5890 1317 5947 in
1346 5891 1516 5949 rebus
1552 5892 1777 5952 maximi
1807 5893 2071 5952 momenti

2182 5890 2541 5959 sententiam,
2568 5890 2932 5963 respondens,
2958 5892 3209 5949 omnium
3240 5881 3547 5948 conﬁrmavit
3569 5887 3683 5931 metr
