3820 6530
119 335 232 400 130i

1619 337 1659 392 Υ
1673 338 1788 396 l'l‘A
1802 382 1814 394 .

3209 333 3348 398 1302

115 466 202 518 tes,
242 464 399 524 atque
457 454 528 509 ad
575 464 854 511 certamen
927 452 1231 510 ineundum
1295 451 1622 522 praeparavit
1659 467 1671 502 :
1705 457 1748 510 Α
1778 451 2042 522 Gregorio
2080 452 2448 515 Antiocheno,
2495 451 2692 506 Joanni
2744 449 3266 521 Hlerosolymitano,
3300 460 3357 506 et

113 546 159 599 in
196 544 431 599 Ecclesia
480 546 718 617 denique
755 547 1026 603 lectitavit
1052 542 1305 613 quotidie
1336 542 1487 596 illam
1523 541 1676 597 Pauli

111 636 238 689 vasis
275 636 568 694 electionis
620 638 950 692 sententiam
993 655 1005 690 :
1045 635 1100 691 Si
1134 636 1251 705 quis
1280 634 1422 687 vobis
1456 649 1680 702 evange-

109 729 326 782 h'xaoerit
365 738 562 799 prazter
603 729 657 787 id
691 729 829 799 quod
863 729 1158 798 accepistis,
1207 727 1416 779 etiamsi
1458 723 1677 793 angelus

108 823 162 874 de
183 821 300 874 caelo
345 823 434 885 sit,
471 823 758 876 anathema
812 831 918 875 esto
955 820 1157 880 (Gulat.
1213 835 1252 881 ι,
1311 817 1420 886 19).
1466 815 1678 882 Quibus

106 930 298 976 omnes,
347 914 544 983 paucis
599 915 870 983 exceptis,
929 913 1164 976 assensi,
1207 910 1387 966 simile
1432 909 1676 965 studium

106 1021 219 1075 erga
252 1003 378 1059 lidei
412 1005 793 1059 defensionem
829 1003 1203 1058 declararunt.

174 1116 190 1150 ς
213 1096 357 1152 idem
379 1113 552 1167 porro
573 1097 896 1152 Anastasius
915 1113 1041 1152 cum
1061 1094 1390 1167 accepisset,
1411 1095 1677 1150 Justinia-

106 1207 221 1245 num
253 1190 388 1244 velle
416 1191 598 1254 ipsum
620 1189 673 1244 in
693 1191 950 1245 exsilium
977 1189 1219 1254 mittere,
1243 1189 1463 1258 scripsit
1485 1188 1550 1242 ad
1571 1189 1682 1242 An-

109 1279 379 1334 tiochenos
395 1281 734 1342 orationem,
763 1296 872 1349 qua
892 1296 1084 1335 eorum
1103 1280 1318 1334 animos
1336 1279 1390 1332 in
1421 1279 1526 1334 ﬁde
1548 1293 1680 1334 con-

107 1371 380 1427 ﬁrmaret:
415 1387 544 1440 qua:
583 1380 698 1426 tum
739 1373 810 1426 ob
851 1372 1127 1428 sermonis
1166 1371 1520 1442 elegantiam,
1561 1379 1676 1424 tum

104 1461 166 1517 ob
185 1460 539 1516 crebritatem
558 1461 980 1526 sententiarum,
1004 1469 1118 1514 tum
1136 1460 1208 1514 ob
1225 1459 1673 1515 testimoniorum

103 1567 130 1605 ο
148 1551 305 1606 sacris
327 1551 557 1608 Litteris
575 1553 871 1623 petitorum
888 1553 1280 1622 frequentiam,
1309 1561 1423 1606 tum
1442 1551 1681 1622 denique

104 1645 165 1696 ob
189 1643 494 1708 historiam,
519 1660 640 1714 quae
673 1655 780 1700 tam
813 1644 1105 1700 commode
1134 1645 1189 1698 in
1219 1659 1284 1699 ea
1323 1652 1544 1699 narrata
1573 1650 1680 1706 est,

105 1737 292 1804 optimo
309 1736 437 1806 jure
469 1751 603 1790 sane
634 1738 918 1808 permagni
936 1735 1182 1792 facienda
1209 1746 1314 1791 est.
1332 1736 1533 1792 Verum
1554 1736 1680 1791 Jus-

1781 542 2072 597 Anastasio
2123 543 2450 612 patriarchae
2501 542 2868 607 Antiocheno,
2902 561 2919 593 ι
2963 542 3144 598 adhuc
3169 558 3200 596 a
3225 544 3356 599 sedo

1779 635 2011 706 depulso
2037 637 2156 691 :cui
2183 637 2413 692 seorsim
2437 646 2759 706 sequentem
2781 635 3069 705 epistolam
3093 636 3164 691 25
3185 637 3354 702 misit,

1780 737 1835 781 et
1863 728 1917 783 in
1949 729 2037 782 his
2065 730 2178 798 agit
2226 728 2294 783 de
2333 743 2501 783 onere
2536 728 2793 798 pastorali
2823 727 2928 782 sibi
2980 727 3271 797 imposito;
3302 737 3358 784 et

1779 833 1903 887 cap.
1962 819 2029 872 27
2073 818 2269 874 scribit
2335 818 2657 873 Sebastiano
2712 819 2974 888 episcopo
3034 817 3355 875 Risiniensi.

1782 910 2038 966 indicans
2088 911 2492 981 suggestionem
2528 927 2586 964 se
2618 910 2762 980 apud
2799 910 3074 980 piissimos
3103 909 3360 964 dominos

1781 1002 2008 1057 summis
2036 1003 2293 1072 precibus
2342 1003 2558 1072 plenam
2593 1001 2810 1065 fecisse,
2855 1010 2916 1054 ut
2951 1001 3129 1054 virum
3157 1000 3362 1056 beatis-

1779 1093 2004 1157 simum,
2050 1094 2335 1148 dominum
2376 1094 2726 1148 Anastasium
2779 1093 3172 1163 patriarcham,
3219 1107 3356 1148 conor

1780 1201 1938 1239 cesso
1990 1201 2092 1240 usu
2138 1186 2312 1255 pallii,
2344 1185 2410 1240 ad
2442 1185 2588 1240 beati
2622 1185 2771 1239 Petri
2799 1184 3178 1255 apostolorum
3205 1184 3357 1252 prin-

1780 1278 1919 1348 cipis
1953 1279 2142 1332 limina
2183 1293 2369 1333 secum
2402 1277 2810 1333 eelebraturum
2867 1277 3132 1333 solemnia
3165 1275 3356 1331 Missa-

1785 1387 1928 1433 rum,
1981 1369 2356 1426 transmittere
2408 1369 2756 1432 debuissent,
2793 1379 3067 1438 quatenus
3101 1368 3145 1423 si
3188 1368 3238 1422 ei
3288 1368 3356 1422 ad

1782 1462 1967 1518 sedem
2017 1478 2171 1517 suam
2199 1462 2428 1517 minime
2472 1462 2675 1517 reverti
2703 1461 2914 1525 liceret,
2948 1461 3138 1516 saltem
3167 1475 3356 1515 secum

1782 1555 1836 1609 in
1886 1554 2099 1609 honore
2151 1569 2252 1608 suo
2294 1554 2524 1610 viveret.
2557 1551 2816 1623 Ejusdem
2845 1551 3052 1606 domini
3085 1551 3358 1607 Anastasii

1783 1644 2030 1700 animum
2081 1644 2340 1714 cognosci
2391 1653 2448 1698 et
2495 1643 2766 1714 quidquid
2802 1645 2852 1698 ei
2891 1643 2959 1697 de
2999 1642 3102 1697 hac
3138 1657 3196 1695 re
3241 1642 3362 1710 pla-

1785 1736 1983 1799 cuerit,
2034 1736 2140 1790 sibi
2191 1736 2422 1790 indicari
2467 1736 2639 1806 cupit.
2674 1755 2691 1787 ι
2741 1735 2985 1789 Atlihro
3029 1750 3081 1788 Iv
3127 1733 3357 1803 epistola

108 1803 282 1881 tiniani
311 1803 561 1881 edictum
590 1803 777 1882 divina
799 1803 1305 1897 P'rovidentia,qua
1346 1828 1544 1882 melius
1573 1843 1674 1882 no-
1709 1803 1750 1858 Β
1779 1829 1866 1892 57,
1929 1830 2053 1884 data
2107 1828 2408 1883 indictione
2451 1803 2706 1893 l3,vanno
2757 1826 2884 1890 59l,
2937 1822 3356 1894 congratulatur

111 1922 183 1974 bis
203 1927 556 1990 prospectum
585 1919 710 1985 fuit,
762 1919 989 1975 minime
1013 1920 1352 1991 divulgatum
1383 1928 1486 1974 est.
1537 1919 1673 1975 Nam

105 2012 456 2074 Justiuianus,
514 2012 609 2081 qui
656 2012 947 2068 Anastasio
999 2022 1056 2068 et
1113 2013 1232 2068 suis
1294 2010 1676 2068 sacerdotibus

106 2105 338 2159 exsilium
393 2103 694 2168 indixerat,
739 2121 806 2160 ex
858 2105 1160 2175 improviso
1206 2105 1516 2174 perculsus,
1551 2120 1674 2160 cum

108 2197 311 2266 triginta
367 2205 498 2252 octo
546 2213 724 2253 annos
772 2198 1016 2268 integros
1047 2207 1103 2252 et
1149 2213 1369 2253 menses
1415 2207 1542 2253 octo
1585 2213 1675 2252 re-

108 2298 326 2360 gnasset,
367 2306 436 2344 ex
486 2291 611 2346 luce
669 2291 947 2360 migravit.
976 2311 992 2342 ι
1040 2291 1166 2345 llaec
1205 2290 1303 2344 ibi.
1354 2290 1676 2346 Eustathius

107 2389 278 2434 auctor
308 2396 555 2447 coaevus,
591 2383 646 2436 in
679 2381 794 2435 Vita
826 2383 999 2435 sancti
1044 2380 1290 2452 Eutychii
1347 2381 1677 2452 patriarcha:

108 2471 712 2544 Constantinopolitani,
761 2473 955 2528 eadem
989 2473 1058 2528 de
1103 2489 1270 2529 causa
1301 2489 1330 2528 a
1364 2473 1677 2529 Iustiniano

111 2561 157 2616 in
200 2563 452 2618 exsilium
489 2563 622 2622 acti,
657 2563 762 2618 ista
791 2563 1092 2632 interponit
1142 2578 1298 2618 num.
1331 2562 1393 2617 3i
1437 2563 1505 2616 ad
1530 2561 1675 2616 diem

111 2672 154 2711 vt
206 2657 426 2727 Aprilis.
489 2677 508 2711 ι
563 2658 699 2712 Nam
761 2673 956 2712 omnes
1012 2657 1338 2727 patriarchae
1409 2657 1677 2726 multique

112 2749 335 2818 episcopi
363 2752 758 2820 praecipueque
808 2751 1110 2804 orientales
1141 2758 1468 2804 recusarunt
1502 2748 1671 2818 impe-

114 2842 309 2895 ratoria:
347 2842 599 2910 Opinioni
651 2841 1027 2900 subscribere.
1085 2842 1246 2911 eique
1302 2849 1414 2894 tum
1470 2841 1678 2911 synodo

116 2938 217 2982 tum
254 2931 480 3000 scriptis
540 2930 890 2995 restiterunt,
942 2942 1068 2984 ante
1112 2947 1306 2985 omnes
1343 2941 1526 2984 autem
1561 2946 1680 2986 sano

114 3022 373 3079 clissimus
427 3023 733 3093 Theopolis
803 3024 1116 3094 patriarcha
1173 3024 1512 3086 Anastasius,
1581 3024 1675 3094 qui

1776 1921 1980 1985 cidem,
2023 1921 2169 1991 quod
2214 1922 2330 1977 sedi
2365 1937 2480 1976 suae
2532 1919 2889 1976 Antiochente
2927 1919 2998 1973 sit
3045 1916 3354 1979 restitutus.

1778 2013 1834 2069 in
1877 2029 1986 2084 qua
2029 2013 2133 2069 sub
2193 2013 2357 2068 finem
2403 2013 2506 2068 ista
2557 2011 2728 2067 habet
2780 2029 2793 2066 :
2853 2028 2871 2063 ι
2907 2009 3356 2064 Benedictionem

1778 2117 2013 2162 vestram
2047 2123 2156 2176 qua
2205 2106 2520 2169 debuimus,
2571 2112 2755 2160 mente
2813 2103 3181 2172 suscepimus,
3216 2102 3356 2156 bene

1779 2199 2142 2264 redolentem,
2187 2199 2331 2256 bene
2366 2199 2673 2268 sapientem
2707 2216 2721 2252 :
2758 2205 2815 2252 et
2845 2195 3212 2265 omnipotenti
3243 2195 3356 2250 Deo

1777 2291 1985 2364 gratias
2025 2292 2260 2364 agimus,
2291 2293 2420 2362 quia
2453 2301 2509 2346 et
2533 2292 2706 2346 odora
2740 2298 2872 2345 sunt
2901 2297 2954 2344 et
2988 2303 3202 2357 sapora,
3234 2301 3356 2356 quae

1777 2385 1958 2455 agitis,
1991 2399 2112 2454 qua:
2147 2383 2356 2447 dicitis,
2385 2399 2506 2452 qua:
2530 2383 2692 2437 datis.
2725 2382 2799 2436 De
2832 2381 2941 2435 vita
2977 2380 3143 2449 igitur
3175 2386 3354 2431 vestra

1778 2477 2029 2532 dicamus
2049 2476 2278 2546 pariter,
2301 2475 2553 2529 dicamus
2573 2489 2768 2528 omnes
2797 2492 2810 2527 :
2843 2471 3026 2528 Gloria
3054 2473 3109 2524 in
3139 2468 3355 2522 excelsis

1783 2569 1907 2632 Deo,
1940 2570 2070 2622 etin
2106 2578 2250 2622 terra
2293 2584 2399 2637 pax
2445 2568 2740 2622 hontinibus
2775 2565 2924 2619 bona:
2975 2564 3279 2618 voluntatis.
3331 2579 3354 2613 θ

1779 2659 1970 2715 Eidem
2009 2659 2138 2714 dein
2191 2659 2362 2713 variis
2397 2657 2789 2713 occasionibus
2865 2655 3090 2724 scripsit
3134 2663 3358 2708 sanctus

1777 2750 2100 2822 Gregorius,
2148 2765 2213 2805 ex
2259 2749 2463 2818 quibus
2511 2749 2756 2818 epistolae
2786 2747 2856 2802 ει
2907 2756 2964 2802 et
2995 2747 3058 2800 51
3120 2746 3248 2800 libri
3305 2762 3357 2798 vr

1779 2841 1920 2895 datae
1962 2851 2090 2896 sunt
2135 2856 2280 2895 anno
2325 2841 2450 2904 597,
2476 2839 2668 2896 indict.
2702 2839 2788 2904 15,
2807 2849 2863 2894 et
2907 2839 2940 2893 5
2973 2837 3102 2892 libri
3131 2853 3200 2892 vn
3232 2837 3358 2891 data

1780 2950 1924 2988 anno
1957 2935 2081 2998 598,
2116 2934 2310 2989 indict.
2336 2935 2386 2997 i,
2426 2950 2534 3003 qua
2567 2933 2885 2988 consolatur
2917 2947 3046 2986 eum
3084 2931 3228 2986 inter
3261 2931 3358 2984 ad-

1782 3027 2074 3092 versitates
2107 3027 2273 3098 hujus
2296 3026 2511 3080 mundi.
2539 3045 2556 3078 ‹
2579 3026 2742 3089 Ecce,
2768 3024 2968 3094 inquit,
2996 3023 3051 3078 in
3073 3030 3358 3077 senectute

113 3115 315 3170 easdem
345 3132 486 3186 quas
509 3133 743 3186 magnus
768 3116 1093 3188 Eutychius,
1123 3131 1468 3172 :erumnasne
1498 3117 1675 3172 dicam
1707 3137 1752 3196 ο
1789 3129 1978 3176 sancta
2047 3128 2230 3175 vestra
2310 3117 2598 3174 beatitudo
2654 3118 2847 3172 multis
2907 3112 3361 3170 tribulationibus

115 3220 174 3260 an
199 3209 472 3263 coronas?
528 3208 778 3278 pertulit.
811 3227 828 3259 ι
889 3208 1012 3264 Ηεεο
1047 3209 1389 3264 Eustathius.
1431 3209 1677 3265 Mortuus

117 3304 189 3350 est
206 3295 549 3353 Justinianus
589 3299 651 3353 Μ
674 3299 901 3353 Novem.
925 3316 1056 3353 ann.
1087 3300 1212 3362 576,
1244 3315 1368 3355 cum
1400 3308 1679 3370 regnasset

119 3407 272 3448 annos
311 3393 400 3456 59,
438 3409 664 3448 menses
701 3395 758 3457 7,
794 3393 916 3448 dies
961 3395 1050 3449 25.
1104 3393 1384 3448 Successit
1429 3393 1679 3448 Justinus

118 3482 311 3549 iunior,
347 3486 502 3540 illius
553 3503 618 3540 ex
677 3502 870 3542 sorore
924 3486 1215 3557 Vigilantia
1249 3501 1437 3556 nepos.
1497 3486 1572 3542 De
1614 3503 1680 3540 eo

118 3585 168 3632 et
208 3577 497 3634 Anastasio
553 3580 697 3634 idem
757 3581 1026 3651 Evagrius
1080 3580 1177 3634 lib.
1225 3598 1276 3643 ν,
1325 3595 1447 3650 cap.
1478 3580 1531 3644 5,
1577 3581 1680 3635 ista

120 3667 269 3721 tradit
311 3686 324 3722 :
362 3687 381 3720 ι
408 3669 668 3724 Justinus
705 3686 871 3740 porro
917 3671 1287 3728 Anastasium.
1327 3671 1413 3724 his
1460 3671 1535 3725 illi
1586 3670 1684 3724 ob-

114 3758 256 3828 jectis
305 3760 665 3825 criminibus,
703 3759 941 3831 primum
995 3761 1142 3830 quod
1199 3777 1415 3816 sacrum
1459 3762 1681 3816 thesau-

119 3865 222 3904 rum
261 3860 411 3908 extra
441 3853 673 3907 modum
709 3862 763 3907 et
793 3854 847 3908 in
875 3853 1087 3907 nullum
1120 3870 1278 3908 usum
1309 3853 1678 3908 necessarium

121 3943 447 4010 profuderat,
479 3946 679 4001 deinde
706 3947 854 4016 quod
879 3949 1130 4002 convicia
1173 3947 1225 4002 in
1260 3949 1442 4018 ipsum
1469 3950 1680 4019 jecerat

123 4037 478 4102 (Anastasium
509 4039 678 4098 enim,
712 4053 836 4092 cum
875 4047 1160 4109 rogaretur
1181 4037 1313 4108 quid
1340 4054 1517 4093 causa:
1540 4049 1685 4093 esset

121 4144 208 4182 cur
241 4130 566 4185 thesaurum
623 4147 840 4186 sacrum
891 4141 998 4185 tam
1045 4132 1218 4186 ell'use
1267 4132 1681 4201 absumpsisset,

123 4220 338 4292 ingenue
375 4224 738 4294 respondisse
771 4225 958 4280 ferunt
999 4243 1012 4278 :
1055 4225 1134 4279 Ne
1163 4242 1193 4279 a
1243 4223 1482 4288 Justino,
1533 4240 1682 4280 com-

123 4315 259 4368 muni
291 4317 470 4372 totius
515 4317 668 4372 orbis
697 4317 958 4388 pernicie,
991 4317 1374 4387 diriperetur),
1413 4317 1540 4372 sede
1572 4318 1687 4373 An-

126 4409 362 4468 tiochena
391 4414 734 4469 exturbavit.
786 4412 926 4480 Quin
963 4414 1130 4468 etiam
1176 4414 1384 4469 dicitur
1409 4412 1685 4470 Justinum

1784 3213 2019 3268 laborat.
2062 3231 2080 3264 ι
2142 3212 2211 3267 Et
2245 3219 2436 3288 postea
2490 3227 2506 3266 :
2547 3229 2564 3262 ι
2592 3210 2807 3266 lndicat
2854 3208 2988 3264 mihi
3037 3207 3362 3262 suavissima

1786 3307 2050 3362 sanctitas
2099 3315 2304 3368 vestra,
2357 3303 2504 3374 quod
2559 3319 2798 3366 mecum,
2829 3301 2874 3356 si
2914 3300 3186 3372 potuisset
3217 3298 3358 3361 ﬁeri.

1787 3401 1907 3454 sine
1961 3399 2154 3453 charta
2201 3407 2257 3453 et
2304 3398 2516 3452 calamo
2567 3397 2714 3466 loqui
2757 3395 3049 3453 voluisset,
3100 3403 3158 3447 et
3210 3391 3363 3446 dolet

1787 3493 1934 3564 quod
1981 3491 2144 3546 nobis
2195 3489 2442 3545 Orientis
2486 3505 2627 3558 pene
2665 3499 2720 3543 et
2761 3486 3080 3543 Occidentis
3125 3484 3361 3553 spatium

1789 3586 2098 3655 iuterjacet.
2148 3583 2256 3638 Sed
2304 3582 2410 3637 hoc
2465 3580 2611 3651 quod
2647 3580 2829 3634 sentio
2880 3592 3070 3632 verum
3101 3576 3226 3630 dico
3260 3593 3274 3629 :
3307 3583 3364 3630 et

1791 3679 1846 3732 In
1897 3677 2086 3732 charta
2119 3675 2256 3730 mihi
2289 3688 2447 3729 mens
2480 3679 2665 3728 vestra
2687 3673 2807 3726 sine
2841 3670 3029 3725 charta
3067 3667 3315 3738 loquitur
3345 3685 3360 3722 :

1787 3769 1920 3840 quia
1947 3768 2002 3822 in
2025 3768 2193 3822 verba
2219 3776 2414 3822 vestra:
2437 3765 2744 3820 sanctitatis
2767 3764 2884 3819 sola
2910 3762 3148 3818 charitas
3170 3769 3360 3827 sonat;

1790 3871 1846 3917 et
1893 3861 2058 3915 divisi
2093 3861 2232 3916 locis
2275 3876 2384 3914 non
2421 3875 2636 3921 sumus,
2669 3859 2764 3928 qui
2819 3874 2886 3913 ex
2928 3856 3077 3910 dono
3107 3855 3362 3924 omnipo-

1791 3955 1962 4008 tentis
1991 3953 2211 4007 Domini
2243 3952 2562 4006 dilectionis
2589 3951 2812 4005 vincuio
2843 3949 2983 4004 uniti
3017 3963 3228 4003 sumus.
3254 3946 3366 4002 Cur

1793 4051 1961 4120 igitur
1989 4048 2243 4117 accipere
2279 4061 2488 4116 pennas
2515 4044 2784 4100 columbae
2813 4043 3182 4112 deargentatte
3215 4057 3367 4112 quaa-

1794 4137 1935 4201 ritis,
1970 4151 2107 4206 quas
2144 4136 2255 4205 jam
2295 4133 2546 4188 habetis?
2577 4135 2774 4188 Pennaa
2822 4132 3025 4202 quippe
3074 4132 3195 4201 ejus
3239 4141 3368 4185 sunt

1793 4229 2038 4286 Charitas
2085 4227 2183 4282 Dei
2229 4236 2285 4282 et
2330 4225 2588 4296 proximi.
2627 4225 2731 4280 Per
2783 4224 2927 4294 ipsas
2973 4223 3123 4278 enim
3179 4234 3366 4277 sancta

1796 4322 2040 4377 Ecclesia
2075 4319 2278 4383 evolat,
2313 4334 2410 4388 per
2438 4318 2584 4387 ipsas
2613 4327 2833 4373 terrena
2868 4318 3051 4371 omnia
3087 4328 3370 4373 transcen~

1797 4416 1917 4470 dit:
1949 4431 2088 4484 quas
2130 4415 2175 4470 si
2207 4423 2391 4468 vestra
2439 4413 2704 4467 sanctitas
2745 4426 2855 4466 non
2897 4411 3146 4472 haberet,
3183 4411 3253 4463 ad
3283 4426 3369 4463 me

126 4499 396 4558 Anastasio
449 4505 853 4568 succensuisse,
903 4505 1050 4574 quod
1102 4506 1401 4575 postulanti
1439 4506 1488 4559 ei
1520 4520 1686 4573 pecu-
1724 4501 1920 4564 Deum
1981 4517 2128 4563 tanta
2189 4507 2457 4562 charitate
2513 4521 2612 4575 per
2675 4505 2890 4560 litteras
2940 4519 3054 4558 non
3101 4502 3366 4557 venisset»

129 4591 279 4659 niam,
308 4611 439 4650 cum
467 4596 764 4666 episcopus
803 4604 948 4650 esset
984 4596 1327 4666 designatus,
1365 4596 1690 4653 Anastasius

129 4682 244 4738 dare
285 4687 550 4741 noluerit.
588 4687 706 4742 Alia
763 4697 1028 4757 pratereo
1077 4688 1330 4753 crimina,
1389 4687 1604 4759 objecta
1660 4704 1689 4743 a

131 4775 470 4842 quibusdam,
511 4779 604 4849 qui
654 4779 1006 4849 imperatoris
1049 4781 1330 4844 instituto,
1375 4780 1565 4842 credo.
1603 4781 1689 4835 in-

133 4869 322 4925 servire
352 4872 672 4926 studebant.
705 4873 834 4927 Post
870 4872 1023 4926 illum
1056 4872 1353 4943 Gregorius
1379 4873 1444 4927 ad
1473 4888 1690 4928 sacrum

133 4957 465 5031 episcopatus
495 4963 724 5033 gradum
749 4962 928 5016 elatus
953 4969 1056 5016 est.
1084 4962 1203 5028 Quo
1232 4971 1470 5027 mortuo,
1515 4962 1692 5031 inquit

138 5051 266 5106 idem
302 5056 567 5127 Evagrius
604 5071 724 5125 cap.
783 5055 876 5118 23,
927 5070 994 5109 eo
1048 5064 1296 5123 tempore
1351 5070 1461 5123 quo
1484 5053 1692 5124 Grego-

141 5143 245 5197 rius
285 5145 510 5216 Magnus
551 5147 935 5216 episcopatum
982 5146 1224 5215 antiqua:
1285 5145 1471 5199 Romae
1502 5143 1690 5214 gessit,

139 5237 442 5293 Anastasius
471 5248 596 5308 post
641 5238 834 5308 viginti
867 5248 980 5292 tres
1024 5253 1199 5292 annos
1244 5236 1391 5292 sedis
1439 5252 1554 5291 sua:
1581 5235 1692 5290 An-

144 5326 396 5386 tiochena:
437 5334 730 5386 restitutus
775 5339 880 5387 est.
919 5351 935 5382 ι
978 5331 1053 5385 Ac
1103 5340 1220 5385 tum
1280 5332 1546 5402 Evagrius
1576 5331 1694 5386 linit

143 5433 282 5475 suam
336 5423 627 5480 llistoriam
682 5439 828 5477 anno
880 5423 946 5476 12
985 5423 1139 5494 regni
1193 5421 1430 5476 Mauritii
1463 5423 1697 5492 impera-

146 5512 287 5578 toris,
335 5517 424 5584 qui
470 5516 677 5586 iucepit
710 5516 776 5570 15
827 5515 1077 5586 Augusti,
1131 5530 1276 5569 anno
1326 5515 1448 5570 593.

209 5602 431 5663 Sanctus
469 5607 766 5678 Gregorius
801 5606 1025 5676 Magnus
1053 5606 1197 5660 inter
1244 5607 1508 5675 epistolas
1545 5622 1694 5669 suas,

148 5695 350 5765 scripsit
390 5702 651 5772 aliquam,
695 5703 920 5756 relatam
981 5701 1077 5755 lib.
1117 5719 1130 5756 ι
1178 5701 1405 5771 Registri
1433 5716 1553 5770 cap.
1606 5701 1695 5764 Ἡ,

159 5787 401 5847 rloanni
468 5794 730 5866 episcopo
794 5792 936 5859 ΟΡ..
994 5791 1223 5860 Eulogio
1290 5792 1695 5857 Alexandrino,

1793 4601 1946 4670 Rogo
1981 4608 2187 4662 autem,
2219 4607 2276 4652 ut
2322 4613 2422 4668 pro
2451 4598 2560 4652 mei
2598 4596 2783 4651 cordis
2805 4596 3126 4650 infirmitate
3150 4595 3370 4650 enixius

1794 4693 2021 4762 rogetis,
2057 4699 2333 4759 quatenus
2359 4689 2709 4758 omnipotens
2742 4690 2887 4742 Deus
2915 4697 3153 4742 mentem
3191 4701 3366 4743 meam

1793 4799 1894 4854 pro
1932 4791 2113 4837 vestra
2166 4781 2564 4836 intercessione
2605 4787 2855 4843 tueatur,
2884 4787 2941 4833 et-
2969 4779 3138 4833 citius
3179 4793 3265 4832 me
3299 4777 3367 4834 de

1796 4883 1876 4928 tot
1913 4873 2176 4942 procellis
2230 4871 2395 4939 hujus
2445 4868 2794 4938 tempestatis
2827 4868 3050 4937 eripiat,
3093 4877 3260 4938 atque
3310 4868 3366 4922 in

1793 4972 1998 5019 aeterna
2027 4961 2235 5031 quietis
2256 4961 2443 5015 littora
2472 4958 2759 5030 perducat.
2793 4957 3214 5012 Benedictiones
3236 4973 3367 5012 vero

1797 5053 2262 5124 locupletissimas
2321 5067 2515 5106 omnes
2546 5066 2667 5119 quze
2706 5049 2933 5103 directa:
2962 5060 3092 5103 sunt
3125 5049 3365 5118 suscepi,

1795 5162 1918 5217 quae
1966 5146 2098 5200 mihi
2152 5145 2238 5200 vir
2283 5145 2377 5199 Dei
2417 5159 2629 5213 pauper
2661 5143 2860 5212 spiritu
2894 5141 3270 5202 transmisisti,
3297 5141 3367 5195 de

1796 5236 1998 5306 quibus
2029 5235 2249 5290 dicitis:
2276 5234 2418 5300 Quid
2450 5234 2598 5287 enim
2626 5232 2722 5288 det
2757 5248 2988 5303 pauper,
3017 5233 3120 5286 nisi
3155 5249 3218 5286 ea
3248 5250 3369 5302 qu:e

1799 5328 2062 5398 pauperis
2086 5327 2257 5382 sunt?
2289 5325 2395 5381 Sed
2434 5325 2541 5379 nisi
2587 5341 2686 5379 vos
2717 5340 2814 5394 per
2846 5323 3173 5378 humilitatis
3201 5322 3366 5392 spiri-

1800 5433 1914 5477 tum
1966 5437 2241 5492 pauperes
2287 5419 2508 5484 essetis,
2538 5419 2956 5474 benedictiones
2985 5428 3180 5472 vestr-.e
3212 5418 3368 5470 locu-

1799 5516 1972 5584 pletes
2017 5529 2128 5568 non
2177 5513 2436 5567 fuissent.
2470 5512 2831 5582 Omnipotens
2875 5513 3018 5565 Deus
3053 5525 3149 5564 sua
3196 5525 3290 5561 vos
3339 5525 3367 5561 a

1803 5605 1960 5660 malis
2001 5607 2262 5660 omnibus
2312 5605 2659 5674 protectionc
2690 5601 2951 5658 defendat
2978 5622 2989 5656 :
3022 5611 3076 5655 et
3107 5601 3367 5670 quoniam

1803 5700 1913 5753 vita
1956 5708 2137 5754 vestra
2193 5699 2351 5753 bonis
2402 5697 2662 5751 omnibus
2708 5695 2866 5749 valde
2916 5707 2998 5748 est
3031 5692 3366 5750 necessaria,

1803 5801 1926 5862 post
1971 5793 2135 5861 longa
2169 5791 2348 5847 adhuc
2388 5799 2634 5859 tempora
2673 5803 2768 5842 vos
2802 5786 2868 5844 ad
2907 5784 3145 5843 caelestis
3180 5785 3371 5854 patriae
