4072 6590
500 349 635 414 1303

1643 351 1704 410 S.
1750 350 2151 411 ANASTASII
2199 350 2674 413 ANTIOCHENI

3624 334 3755 401 1304

490 461 695 531 gaudia
728 458 1017 531 perducat.
1053 479 1071 513 ι
1105 459 1233 514 Haec
1265 459 1340 516 ibi
1366 459 1434 514 ad
1464 460 1814 516 Anastasium
1844 461 2067 531 episco-
2094 469 2137 525 Α
2168 462 2484 534 patriarcha
2517 462 2723 525 occiso,
2751 457 2933 514 virilia
2962 456 3017 512 in
3048 456 3168 527 ejus
3196 470 3259 511 os
3289 455 3675 514 inseruerunt,
3704 459 3759 505 et

497 570 627 624 pum
648 553 877 624 scripta.
906 570 1015 623 qua
1039 553 1212 608 videri
1245 562 1477 624 possunt
1495 553 1595 608 lib.
1622 569 1660 619 ι,
1686 570 1743 607 n.
1771 554 1872 620 49;
1896 552 1993 607 lib.
2013 568 2069 615 ll,

496 663 554 700 η.
614 647 676 702 15
721 654 778 701 et
824 646 927 713 49;
973 654 1030 701 et
1067 646 1168 701 lib.
1222 662 1296 711 iv,
1350 662 1407 701 n.
1455 647 1481 700 1
1524 657 1579 702 et
1629 646 1719 701 25.

567 739 682 795 Nec
715 740 812 795 diu
845 740 983 795 vixit
1001 739 1355 810 postmodum
1385 738 1710 795 Anastasius
1737 738 2071 810 patriarcha,

496 834 592 902 qui
625 832 732 888 hoc
758 832 945 888 forsan
968 832 1151 888 adhuc
1175 848 1321 887 anno
1347 832 1452 888 598
1480 839 1577 887 aut
1600 831 1761 887 initio
1792 834 2077 903 sequentis

498 929 609 982 vita
659 928 904 992 functus,
954 941 1116 982 suum
1179 925 1616 997 patriarchatmn
1683 926 1849 981 cessit
1916 926 2075 981 alteri

498 1022 808 1088 Anastasio,
848 1037 879 1075 a
930 1037 1042 1091 quo
1075 1037 1200 1076 cum
1233 1030 1459 1076 sanctus
1492 1018 1788 1091 Gregorius
1837 1036 1980 1091 papa
2007 1036 2076 1076 ex

499 1097 655 1169 more
701 1114 1100 1192 professionem
1164 1114 1291 1168 fidei
1338 1114 1665 1182 accepisset,
1717 1114 1943 1183 scripsit
1995 1114 2074 1168 illi

498 1206 788 1275 epistolam
839 1206 1145 1261 indictione
1180 1208 1235 1272 2,
1263 1222 1410 1261 anno
1434 1207 1559 1271 599,
1585 1223 1708 1277 qua:
1751 1214 1837 1262 est
1867 1207 1965 1261 lib.
2005 1223 2077 1262 vn

499 1298 728 1370 Registri
770 1316 891 1371 cap.
943 1301 1036 1355 47.
1083 1300 1385 1372 Utriusque
1437 1300 1719 1357 Anastasii
1750 1304 1959 1357 mentio
1993 1310 2079 1357 est

499 1392 557 1446 in
607 1391 811 1448 tabulis
842 1393 1065 1448 insertis
1112 1393 1571 1464 chronographite
1617 1393 1994 1464 The0phanis,
2022 1406 2078 1450 et

499 1484 745 1555 catalogo
767 1484 1155 1554 episcoporum
1169 1484 1643 1541 Antiochenorum
1666 1488 1809 1556 apud
1828 1497 2076 1543 sanctum

500 1576 877 1646 Nicephorum
943 1576 1312 1646 patriarcham
1372 1576 2074 1649 Constantinopolitanum,

498 1673 667 1733 atque
708 1664 765 1718 in
802 1665 1037 1719 Historia
1082 1666 1435 1722 ecclesiastica
1484 1668 1783 1739 Nicephori
1837 1671 2074 1735 Callisti,

501 1754 599 1824 qui
646 1769 716 1809 ex
764 1755 1020 1825 Evagrio,
1066 1770 1190 1825 qua:
1240 1771 1408 1827 supra
1468 1757 1760 1822 dedimus,
1815 1759 2078 1815 describit

501 1843 540 1898 l.
576 1859 707 1907 xvu,
741 1859 864 1915 cap.
887 1844 955 1900 29
986 1844 1088 1899 sub
1116 1844 1301 1911 finem,
1337 1863 1458 1917 cap.
1483 1848 1553 1904 59
1583 1849 1821 1919 integro,
1858 1851 1924 1906 de
1958 1852 2078 1922 ejus

502 1934 849 2006 depositione
900 1952 1024 2007 cap.
1081 1937 1170 2004 56,
1214 1947 1270 1993 et
1314 1939 1382 1994 de
1411 1940 1756 1998 restitutione
1796 1944 1896 1999 lib.
1928 1962 2076 2012 xvru,

503 2043 627 2099 cap.
672 2029 764 2085 26.
796 2029 999 2085 Verum
1044 2029 1349 2087 destitutus
1417 2032 1567 2089 dicto
1616 2034 1758 2091 duce
1810 2037 2075 2108 Evagrio,

504 2119 666 2188 plane
695 2118 934 2181 aberrat,
968 2120 1100 2174 dum
1127 2135 1248 2192 cap.
1279 2121 1347 2176 44
1379 2121 1512 2177 dicti
1548 2124 1674 2178 libri
1703 2142 1831 2181 xvm
1863 2128 2077 2194 scribit,

503 2208 858 2263 Anastasium
887 2207 1090 2263 vixisse
1124 2209 1192 2263 ad
1243 2217 1492 2279 tempora
1524 2227 1699 2280 usque
1750 2213 1946 2269 Phocae
1973 2213 2080 2268 im-

504 2298 808 2368 peratoris;
833 2315 1070 2369 eumque
1098 2300 1448 2355 interfectum
1478 2317 1507 2356 a
1533 2302 1739 2357 Judaais
1766 2321 1779 2357 :
1806 2303 1913 2359 hoc
1932 2305 2080 2361 enim

509 2391 631 2461 ejus
680 2392 1011 2455 successori,
1063 2393 1229 2446 etiam
1271 2393 1565 2449 Anastasio
1615 2395 1787 2463 dicto,
1851 2398 2085 2469 contigit

507 2498 601 2538 an.
652 2484 684 2537 7
719 2484 937 2553 imperii
984 2485 1202 2549 Phocaa,
1260 2486 1329 2540 ad
1382 2502 1550 2557 quem
1596 2488 1961 2559 Theophanes
2008 2491 2084 2548 ita

509 2573 708 2630 scribit
732 2593 745 2629 :
773 2595 791 2627 ι
813 2575 929 2630 Hoc
948 2591 1116 2642 anno,
1138 2575 1414 2631 seditione
1439 2587 1607 2643 mota,
1640 2578 1856 2635 Hebraei
1885 2582 2085 2637 Antio-

510 2667 672 2723 cheni
689 2670 1007 2725 tumultuati
1024 2678 1172 2735 sunt,
1190 2678 1244 2726 et
1264 2669 1553 2728 Anastasio
1572 2672 1766 2743 Magno
1782 2674 2089 2731 Antiochiae

2174 570 2274 626 per
2327 555 2537 611 medias
2570 554 2727 609 urbis
2779 552 2900 608 vias
2956 558 3235 621 raptatum
3282 546 3754 603 interfecerunt.»

2175 649 2467 705 Secundus
2526 649 2631 704 iste
2686 645 3016 702 Anastasius
3050 644 3107 697 in
3140 641 3347 697 tabulis
3394 636 3763 707 Theophanis

2175 743 2537 799 substituitur
2569 740 2745 813 priori
2801 740 2869 795 ad
2905 754 3038 793 ann.
3102 737 3171 792 19
3221 735 3435 806 imperii
3473 730 3759 787 Mauritii:

2175 835 2448 892 Caeterum
2478 834 2570 890 hic
2598 849 2777 899 error,
2820 848 2933 904 quo
2970 832 3111 887 duos
3139 827 3462 885 Anastasios
3499 826 3562 879 in
3594 840 3766 878 unum

2177 928 2440 985 conflavit
2484 927 2853 997 Nicephorus,
2888 924 3071 995 potuit
3116 939 3149 978 a
3179 921 3371 977 multis
3396 918 3631 973 facilius
3665 930 3765 970 no-

2180 1022 2307 1087 tari,
2358 1037 2523 1093 quam
2557 1021 2698 1075 alius
2735 1019 2804 1074 ab
2850 1018 3045 1073 eodem
3098 1015 3431 1071 commissus
3472 1012 3533 1066 in
3582 1010 3768 1079 priore

2180 1114 2492 1178 Anastasio,
2548 1113 2771 1183 quando
2813 1126 2942 1166 cum
2986 1118 3046 1164 et
3100 1114 3353 1163 sanctum
3404 1099 3766 1158 Anastasium

2180 1207 2515 1262 monachum
2572 1203 2840 1260 Sinaitam
2888 1217 3059 1257 unum
3107 1197 3482 1267 eumdemque
3520 1192 3681 1249 fecit.
3712 1190 3768 1245 ld

2179 1309 2363 1356 autem
2397 1298 2547 1363 fecit,
2602 1305 2663 1352 ut
2708 1298 2821 1367 jam
2863 1295 3204 1357 monuimus,
3238 1290 3370 1345 dum
3402 1285 3684 1343 describit
3706 1299 3768 1339 ex

2181 1391 2400 1463 Evagrii
2451 1390 2686 1444 Historia
2744 1394 2911 1458 caput
2956 1386 3024 1441 59
3082 1384 3210 1439 libri
3258 1399 3353 1447 iv,
3413 1377 3771 1435 immutando

2183 1483 2433 1547 titulunr;
2482 1488 2536 1535 et
2569 1494 2694 1535 cum
2746 1476 3020 1548 Evagrius
3053 1476 3200 1530 hunc
3229 1480 3613 1544 praeponeret,
3640 1469 3770 1538 Περὶ

2192 1576 2548 1629 ’Λναστασίου
2587 1570 3026 1643 ἀρχιεπισκόπου
3074 1566 3430 1637 Ἀντιοχείας,
3452 1564 3580 1634 ipse
3609 1562 3769 1616 istum

2181 1667 2279 1722 lib.
2330 1683 2440 1721 xvu
2479 1681 2603 1736 cap.
2653 1665 2723 1720 29
2757 1664 2993 1719 collocat
3036 1680 3052 1718 :
3086 1661 3225 1731 Περὶ
3270 1655 3645 1711 Ἀναστασὶου
3680 1653 3772 1705 τοῦ

2181 1759 2535 1821 Θεουπόλεως
2563 1756 2657 1812 τοῦ
2683 1755 2954 1810 Σιναίτου.
3004 1752 3212 1809 Eodem
3247 1747 3413 1804 modo
3438 1745 3596 1800 libro
3624 1759 3769 1805 mu,

2181 1866 2305 1920 cap.
2352 1849 2420 1905 16
2450 1848 2601 1903 hunc
2648 1847 2873 1902 titulum
2920 1844 3134 1900 habet:
3169 1839 3443 1907 Quomodo
3474 1844 3599 1909 post
3645 1835 3772 1892 Gre-

2180 1943 2390 2013 gorium
2420 1941 2737 1996 Anastasius
2780 1937 3011 1993 Sinaites
3055 1934 3229 1989 sedem
3281 1946 3440 1988 suam
3494 1927 3769 1998 receperit.

2182 2032 2290 2089 Sed
2309 2031 2395 2087 vel
2422 2031 2660 2087 maxime
2679 2030 2784 2085 hoc
2808 2028 2941 2084 fecit
2963 2042 3086 2097 cap.
3105 2026 3176 2080 41»
3216 2022 3472 2095 ejusdem
3491 2018 3598 2074 lib.
3626 2031 3770 2080 mu,

2181 2125 2277 2181 ubi
2335 2133 2638 2195 utrumque
2686 2137 2938 2178 errorem
2999 2134 3162 2174 suum
3217 2111 3606 2172 combinando
3660 2109 3770 2163 ait:

2189 2237 2208 2270 ι
2235 2218 2375 2273 Huic
2416 2215 2727 2279 Anastasio,
2762 2222 3057 2285 prepterea
3098 2209 3333 2282 quodin
3364 2207 3558 2262 Siuaeo
3588 2209 3773 2257 monte

2184 2310 2609 2381 philosophatus
2642 2310 2735 2373 sit,
2769 2317 2828 2363 et
2860 2322 3087 2363 sensum
3123 2306 3200 2361 ibi
3247 2304 3434 2360 carnis
3467 2296 3770 2358 domuerit.

2187 2401 2412 2456 Sinaita:
2454 2416 2762 2473 cognomen
2817 2399 3053 2454 inditum
3080 2406 3183 2452 est.
3217 2397 3397 2466 Atque
3427 2393 3527 2448 ille
3551 2389 3773 2461 quidem

2188 2493 2243 2548 in
2296 2493 2486 2564 populi
2534 2495 2781 2549 tumultu
2821 2500 3151 2563 peremptus
3180 2492 3353 2546 vitam
3391 2486 3562 2541 finiit.
3593 2504 3612 2535 ι
3646 2482 3773 2549 ουκ

2189 2586 2384 2642 ultima
2419 2598 2550 2642 sunt
2577 2584 2885 2642 successori
2916 2586 3038 2656 ejus
3063 2583 3357 2639 Anastasio
3386 2574 3770 2634 attribuenda.

2191 2690 2248 2734 et
2275 2679 2461 2750 priora
2492 2690 2684 2735 sancto
2715 2678 3009 2734 Anastasio
3039 2675 3314 2733 monacho
3354 2671 3569 2727 montis
3598 2667 3745 2724 Sina.

1707 2810 1859 2882 (Acta
1894 2810 1990 2867 ss.
2025 2814 2135 2870 Jul.
2167 2824 2209 2871 t.
2246 2817 2334 2884 tv,
2369 2819 2573 2891 p.97.)

581 2944 817 3002 Sanctus
842 2945 1187 3010 Anastasius,
1212 2961 1379 3017 quem
1418 2946 1690 3007 Baronius
1724 2947 1928 3017 aliique
1959 2948 2086 3017 plu-

511 3036 637 3090 rimi
670 3052 795 3091 cum
825 3045 1017 3091 sancto
1046 3036 1338 3092 Anastasio
1363 3036 1573 3093 Sinaita
1620 3052 1733 3092 non
1782 3047 1929 3093 recte
1953 3055 2086 3095 con-

2193 2957 2405 3027 phanes
2440 2956 2508 3012 ad
2539 2971 2747 3011 annum
2777 2955 2983 3011 divinae
3020 2949 3435 3011 Incarnationis
3463 2944 3771 3003 secundum

2189 3050 2597 3106 Alexandrinos
2621 3048 2746 3113 562,
2783 3049 2879 3118 qui
2910 3063 3089 3118 usque
3128 3046 3202 3102 ad
3233 3041 3632 3113 Septembrem
3663 3036 3773 3091 fere

511 3128 773 3193 fundunt,
813 3130 1157 3200 professione
1179 3130 1486 3185 monachus
1513 3129 1639 3193 fuit,
1673 3144 1873 3201 genere
1906 3132 2083 3187 Palte-
2113 3167 2160 3227 ϐ
2189 3160 2314 3200 cum
2347 3159 2494 3199 anno
2529 3140 2733 3199 Christi
2766 3142 2868 3197 57o
2898 3140 3167 3196 decurrit,

512 3222 712 3286 stinus,
748 3232 884 3278 teste
929 3232 1121 3279 sancto
1172 3222 1443 3295 Symeone
1475 3223 1696 3294 juniore
1742 3223 1959 3294 Stylita,
1991 3223 2088 3293 qui

513 3313 670 3369 illum
706 3315 980 3371 Domniuo
1027 3332 1417 3372 successurum
1470 3315 1800 3386 pradixerat
1829 3316 1888 3370 in
1937 3316 2091 3372 Actis

513 3418 834 3464 sanctorum
875 3408 966 3465 die
993 3408 1064 3465 25
1084 3410 1231 3475 Maii,
1260 3424 1381 3480 pag.
1413 3409 1541 3474 579,
1569 3424 1725 3464 num.
1770 3408 1894 3464 192.
1921 3410 2092 3481 Egre-

513 3501 634 3572 gias
671 3501 792 3573 ejus
823 3502 1083 3568 virtutes,
1108 3501 1443 3566 doctrinam,
1469 3501 1697 3573 scripta,
1730 3517 1929 3573 resque
1956 3519 2094 3574 pra:-

512 3593 668 3650 clare
735 3602 917 3665 gestas
965 3604 1021 3649 et
1077 3595 1289 3649 cultum
1340 3611 1505 3664 supra
1552 3594 1811 3650 dedimus
1838 3596 1894 3649 in
1943 3596 2094 3651 Actis

517 3694 837 3740 sanctorum
859 3684 950 3739 die
977 3685 1047 3740 26
1073 3684 1301 3754 Aprilis.
1334 3684 1467 3755 Legi
1522 3686 1692 3740 etiam
1719 3694 1954 3755 possunt
1978 3686 2096 3756 epi-

518 3778 676 3834 stola:
700 3778 879 3832 sancti
903 3776 1154 3847 Gregorii
1199 3777 1379 3847 Magni
1420 3776 1545 3832 istic
1574 3781 1756 3833 citatac
1785 3795 1851 3833 ex
1889 3779 2096 3849 quibus

520 3870 686 3924 datur
713 3868 969 3939 intelligi,
1005 3876 1062 3922 et
1120 3876 1329 3938 quanto
1354 3869 1646 3939 praesulem
1701 3869 1851 3926 hunc
1904 3885 2096 3925 amore

519 3961 768 4031 pontifex
796 3960 889 4016 ille
910 3960 1278 4032 undequaque
1301 3962 1573 4018 maximus
1605 3973 1936 4032 prosecutus
1963 3965 2096 4019 olim

520 4052 710 4119 fuerit,
738 4059 797 4107 et
824 4067 990 4122 quam
1018 4052 1316 4109 sublimem
1340 4054 1408 4109 de
1442 4055 1643 4110 eximia
1664 4056 1784 4127 ejus
1819 4072 1947 4113 cum
1995 4056 2099 4112 do-

522 4146 703 4201 ctrina
754 4154 870 4201 tum
908 4148 1204 4204 sanctitate
1252 4159 1579 4222 conceptam
1616 4152 1804 4208 animo
1866 4156 2101 4225 gesserit

522 4240 862 4312 opinionem.
903 4239 1089 4295 Solam
1115 4240 1207 4296 hic
1236 4256 1368 4312 ergo
1407 4243 1827 4316 chronologiam
1869 4247 1991 4317 ejus
2014 4254 2101 4301 at-

523 4334 753 4404 tingam.
786 4332 1092 4389 Ecclesiam
1116 4333 1305 4403 itaque
1329 4333 1769 4394 Antiochensem
1788 4339 2104 4410 gubernan-

523 4426 651 4481 dam
705 4427 975 4497 suscepit,
1026 4442 1175 4482 anno
1229 4426 1439 4484 Christi
1473 4429 1599 4495 559,
1635 4446 1827 4486 mense
1878 4431 2104 4488 circiter

2258 3237 2407 3292 Idem
2434 3246 2624 3291 narrat
2664 3234 2934 3305 Evagrius
2966 3233 3066 3288 lib.
3111 3249 3168 3296 v,
3210 3246 3331 3301 cap.
3357 3229 3431 3284 5:
3473 3238 3536 3283 et
3568 3225 3639 3281 ab
3677 3223 3774 3277 hac

2191 3329 2517 3401 depulsione
2540 3345 2718 3400 usque
2739 3330 2806 3384 ad
2838 3330 2961 3401 ejus
2986 3326 3396 3384 revocatiOnem
3423 3330 3582 3377 recte
3608 3329 3773 3373 annos

2192 3434 2449 3480 numerat
2461 3424 2552 3481 25.
2573 3424 2885 3496 Eutychius
2900 3432 3038 3480 tom.
3065 3421 3132 3488 Il,
3154 3437 3277 3492 pag.
3304 3418 3405 3474 185
3421 3419 3501 3473 ait
3529 3414 3769 3485 quidem,

2191 3532 2322 3572 eum
2369 3524 2498 3572 ante
2538 3518 2796 3571 exsilium
2842 3532 2938 3571 sex
2984 3523 3201 3570 tantum
3250 3512 3413 3566 annis
3450 3509 3770 3578 episcopum

2194 3610 2406 3676 fuisse;
2432 3609 2529 3665 sed
2562 3626 2812 3665 errorem
2843 3610 2995 3663 hunc
3030 3612 3289 3678 arguent,
3318 3618 3442 3674 qua:
3471 3616 3634 3656 num.
3662 3611 3770 3665 seq.

2197 3702 2265 3757 de
2289 3702 2566 3757 Anastasii
2608 3702 2965 3757 restitutione
2995 3699 3232 3755 dicenda
3279 3705 3433 3758 sunt,
3469 3710 3545 3749 ex
3584 3690 3772 3762 quibus

2196 3793 2361 3848 etiam
2394 3793 2755 3848 chronotaxis
2777 3792 3091 3847 Baroniana
3122 3786 3541 3849 emendabitur,
3575 3796 3638 3838 ac
3666 3789 3769 3836 sta-

2198 3886 2428 3942 bilietur
2462 3895 2671 3941 nostra.
2696 3884 2979 3941 Credibile
3010 3899 3146 3939 vero
3186 3897 3295 3937 non
3328 3887 3435 3944 est,
3468 3875 3621 3948 quod
3661 3874 3769 3927 loco

2200 3979 2370 4035 citato
2392 3986 2584 4033 narrat
2602 3978 2927 4050 Eutychius,
2954 3982 3378 4031 exauctoratum
3403 3966 3768 4028 Anastasium,

2208 4094 2224 4123 ι
2256 4070 2610 4127 dissimulato
2651 4070 2870 4133 habitu,
2900 4067 3279 4139 Hierosolyma
3300 4062 3615 4135 profectum
3636 4069 3765 4119 esse.

2204 4165 2300 4220 ubi
2333 4165 2390 4220 in
2452 4163 2658 4231 templo
2714 4161 3167 4217 Resurrectionis
3216 4156 3543 4225 candelapta
3584 4152 3765 4211 factus,

2203 4255 2461 4311 lucernas
2490 4253 2830 4321 accenderit,
2859 4266 3038 4321 eoque
3065 4264 3295 4304 munere
3332 4247 3403 4302 24
3432 4244 3601 4300 annis
3654 4241 3765 4296 fun-

2204 4354 2328 4402 ctus
2351 4345 2493 4402 sit...
2518 4344 2739 4400 nemine
2772 4343 2994 4400 interim
3024 4342 3204 4412 ipsum
3247 4336 3627 4409 patriarchatu
3654 4332 3766 4387 fun«

2206 4447 2354 4492 ctum
2385 4452 2506 4492 esse
2530 4436 2891 4507 dignoscente
2924 4452 2939 4488 :
2974 4453 2993 4487 ι
3030 4433 3151 4487 lucc
3170 4430 3318 4485 enim
3347 4441 3458 4483 non
3498 4427 3766 4482 cohzrrent

524 4518 774 4589 Augusto
795 4528 891 4573 aut
908 4518 1219 4589 Septembri
1243 4519 1659 4590 ;obtinuitque,
1676 4523 1830 4593 juxta
1847 4531 2101 4578 sanctum
2135 4516 2181 4574 D
2210 4544 2335 4585 cum
2364 4527 2618 4597 epistolis
2658 4527 2835 4581 sancti
2864 4522 3118 4594 Gregorii
3166 4519 3346 4592 Magni
3373 4529 3493 4574 tum
3527 4516 3602 4571 de
3636 4516 3763 4585 ipso,

522 4613 900 4683 Nicephorum
929 4628 993 4668 ac
1019 4612 1440 4682 Theophanem,
1473 4630 1572 4684 per
1595 4631 1771 4671 annos
1801 4617 2062 4672 undecim
2086 4634 2102 4683 ;

525 4716 693 4776 atque
725 4706 866 4762 adeo
908 4722 1086 4777 usque
1120 4706 1188 4761 ad
1227 4722 1432 4762 annum
1462 4707 1670 4763 Christi
1727 4708 1852 4774 570,
1884 4712 2107 4780 quando

534 4816 554 4849 σ
592 4812 826 4869 magnus
862 4799 955 4854 ille
983 4798 1312 4854 Anastasius
1338 4799 1653 4856 Antiochiae
1684 4800 2105 4872 episcopus.....

527 4890 731 4947 Justini
766 4893 1027 4949 mandato
1060 4893 1192 4948 sede
1227 4892 1498 4965 depulsus
1520 4903 1626 4961 est,
1648 4913 1665 4946 ι
1705 4894 1891 4965 inquit
1922 4894 2107 4952 Theo-

2206 4631 2322 4677 tum
2350 4620 2418 4675 ad
2476 4619 2658 4688 ipsum
2706 4618 2955 4674 nondum
2989 4622 3313 4671 revocatum
3370 4611 3613 4681 scriptis,
3660 4619 3767 4677 qua:

2203 4727 2335 4767 sane
2370 4718 2478 4764 tam
2509 4709 2757 4780 ignotum
2789 4706 2920 4778 ﬁngi
2953 4721 3053 4777 per
3098 4705 3155 4762 id
3189 4712 3408 4775 tempus
3432 4695 3765 4756 Anastasium

2206 4803 2532 4873 neutiquam
2559 4801 2873 4871 patiuntur.
2934 4852 2937 4855 γ

1767 5028 1921 5085 (Acta
1959 5027 2056 5085 SS.
2089 5028 2194 5084 loc.
2224 5028 2317 5081 cit.
2349 5041 2405 5087 ι).
2438 5024 2557 5093 99.)

602 5172 908 5226 Rcversum
934 5171 999 5225 ad
1023 5170 1313 5240 pristinam
1338 5170 1665 5241 dignitatem
1687 5177 1941 5225 sanctum
1958 5170 2107 5223 Ana-

533 5263 766 5320 stasium
798 5278 920 5319 esse
952 5277 1098 5317 anno
1129 5262 1335 5319 Christi
1364 5262 1488 5327 595,
1529 5278 1722 5318 mense
1754 5262 1970 5325 Martio,
1995 5261 2109 5331 jam

534 5357 902 5413 ostendimus.
939 5355 1145 5422 Quare,
1176 5371 1303 5411 cum
1330 5356 1485 5410 illum
1506 5355 1710 5411 deinde
1732 5355 2113 5410 EcclesiaaAn-

536 5448 813 5504 tiochenaa
854 5446 1185 5518 praesedisse
1230 5463 1324 5503 sex
1368 5448 1529 5502 annis
1580 5456 1836 5502 asserant
1890 5453 2115 5501 sanctus

534 5539 886 5610 Nicephorus
917 5539 973 5593 in
1003 5538 1201 5594 chron.
1229 5548 1286 5595 et
1334 5538 1391 5593 in
1436 5539 1673 5594 lamellis
1721 5538 2111 5609 Theophanes,

538 5634 607 5690 ad
652 5649 860 5689 annum
890 5631 1095 5689 Christi
1125 5631 1227 5687 599
1265 5631 1491 5687 circiter
1549 5631 1841 5701 pertigisse
1886 5644 2115 5684 necesse

539 5736 647 5781 est.
669 5725 904 5782 Vivebat
928 5733 1079 5781 certe
1101 5723 1303 5788 adhuc,
1327 5722 1459 5777 dum
1484 5738 1613 5776 eum
1644 5738 1743 5793 per
1762 5721 2058 5793 epistolam
2082 5720 2117 5773 5

542 5819 671 5874 libri
729 5835 838 5887 vn,
884 5825 1109 5874 sanctus
1172 5815 1478 5888 Gregorius
1527 5814 1785 5886 pontifex
1841 5813 2115 5869 maximus

2210 5172 2448 5220 exeunte
2473 5177 2619 5217 anno
2655 5160 2862 5216 Christi
2887 5159 2988 5215 597
3032 5157 3354 5213 consolatus
3390 5166 3512 5213 est:
3547 5172 3647 5212 nec
3681 5154 3760 5209 diu

2213 5257 2511 5313 admodum
2541 5255 2751 5311 obiisse
2773 5261 3012 5324 poterat,
3042 5266 3170 5307 cum
3193 5253 3489 5306 Anastasio
3516 5250 3758 5307 secundo.

2213 5350 2310 5420 qui
2343 5347 2634 5402 Anastasio
2668 5346 2849 5415 primo
2875 5358 3072 5399 recens
3090 5350 3459 5406 successerat,
3488 5342 3759 5409 statimque

2215 5439 2617 5511 professionem
2650 5437 2777 5492 fidei
2802 5436 2908 5492 sub
2963 5434 3277 5506 ingressum
3328 5434 3677 5505 episcopatus
3702 5427 3756 5482 ad

2215 5541 2465 5589 sanctum
2514 5530 2844 5600 Gregorium
2901 5529 3323 5594 destinaverat,.
3352 5544 3451 5598 per
3491 5525 3756 5598 epistolam

2215 5628 2305 5692 ιτ,
2346 5627 2486 5683 alias
2539 5626 2629 5688 48,
2657 5626 2759 5681 lib.
2814 5641 2910 5689 vu,
2945 5623 3276 5697 respondit;
3328 5636 3495 5695 quam
3538 5612 3755 5687 Gregorii

2215 5719 2506 5791 epistolam
2536 5718 2738 5789 Pagius
2764 5718 2823 5774 in
2854 5717 2994 5775 Crit.
3035 5718 3239 5775 Baron.
3266 5717 3335 5773 ad
3359 5728 3565 5771 annum
3584 5703 3755 5769 Christi

2218 5811 2341 5878 599,
2376 5825 2534 5865 num.
2566 5809 2621 5876 2,
2650 5810 2833 5867 datam
2866 5810 2942 5866 ait
2983 5830 3000 5864 ο
3044 5808 3353 5866 Indictionc
3385 5823 3443 5875 ιι,
3472 5819 3653 5863 mense
3685 5798 3754 5854 Ja-
