4072 6588
348 368 498 436 1305

346 485 592 549 "uario;
669 483 910 557 Indeque
976 497 1169 545 contra
1235 490 1539 547 Barouium
1613 494 1935 560 concludit,

343 576 630 633 Anastasii
680 580 845 649 primi
898 581 1118 637 obitum
1150 584 1219 639 ad
1255 601 1463 641 annum
1525 587 1935 658 praecedentem

345 669 655 738 pertinere.

421 759 593 814 Recte
638 761 692 814 id
745 763 994 832 quidem,
1044 764 1091 819 si
1144 766 1384 836 epistola
1439 768 1534 823 illa
1591 768 1801 839 scripta
1864 770 1939 826 sit

344 867 545 907 mense
570 853 869 923 Januario;
937 874 1132 915 verum
1196 862 1343 917 unde
1378 862 1432 916 id
1490 865 1744 918 constat?
1795 864 1937 920 Sane

341 945 629 1003 editiones
680 964 784 1020 ego
836 967 1066 1021 operum
1116 955 1297 1009 sancti
1362 954 1620 1026 Gregorii
1676 957 1933 1011 consului

344 1050 614 1107 quatuor,
650 1056 887 1111 quarum
919 1043 1042 1099 duae
1071 1046 1338 1115 epistolas
1365 1063 1582 1113 omnes,
1636 1064 1758 1117 quae
1787 1049 1934 1103 rcci-

346 1139 543 1186 tantur
571 1148 603 1187 a
638 1149 827 1190 mense
845 1136 1113 1193 Januario
1148 1154 1325 1208 usque
1362 1139 1431 1194 ad
1468 1140 1638 1195 linem
1671 1140 1935 1195 indictio-

342 1224 436 1278 nis
465 1241 523 1289 ιι,
548 1226 702 1280 nullo
721 1228 958 1297 amplius
986 1229 1314 1300 interposito
1334 1247 1523 1286 mense
1548 1231 1925 1301 distinguunt;

341 1317 469 1371 aliae
502 1318 648 1382 duae,
683 1336 881 1390 nempe
914 1322 1169 1378 Duacena
1201 1324 1335 1378 anni
1362 1325 1520 1387 1615,
1550 1335 1607 1380 et
1634 1324 1928 1380 Labbcana

342 1414 480 1463 tom.
520 1408 563 1463 V
588 1410 824 1477 Concil.,
856 1429 885 1468 a
913 1414 1177 1471 Januario
1208 1431 1383 1486 usque
1436 1416 1503 1470 ad
1555 1432 1802 1471 mensem
1825 1416 1927 1472 Ju-

342 1500 500 1567 lium,
533 1504 746 1559 nullum
790 1507 1042 1576 epistolis
1072 1523 1319 1563 mensem
1354 1509 1718 1581 interjiciunt.
1776 1510 1927 1565 Inter

339 1595 608 1663 epistolas
631 1612 766 1651 vero
800 1599 922 1653 illas
947 1599 1192 1655 medium
1221 1600 1339 1655 fere
1374 1600 1559 1656 locum
1589 1601 1805 1656 obtinet
1833 1617 1920 1664 ea,

338 1684 408 1740 de
433 1700 540 1755 qua
565 1688 729 1745 nobis
756 1688 848 1744 hic
865 1705 1047 1746 sermo
1074 1700 1181 1747 est.
1213 1691 1327 1747 Cur
1375 1693 1544 1763 igitur
1571 1693 1803 1763 propius
1853 1693 1921 1747 ad

1877 391 2049 451 VITA
2062 437 2076 450 .

1972 545 2009 598 A

3470 386 3605 453 1306

2039 494 2361 552 Januarium
2418 495 2712 568 redigitur,
2742 512 2909 567 quam
2963 496 3034 551 ad
3080 511 3328 553 mensem
3354 498 3628 558 Junium?

2045 587 2315 657 Equidem
2346 589 2452 644 hoc
2476 605 2647 644 unum
2687 590 2935 645 arbitror
2978 588 3179 645 conﬁci
3211 605 3281 644 ex
3338 591 3444 647 hoc
3480 592 3623 653 loco.

2045 695 2230 750 posse,
2259 680 2548 751 epistolam
2572 682 2721 736 illam
2779 698 2962 753 neque
3006 691 3134 739 ante
3176 684 3501 739 Januarium
3531 686 3620 739 in-

2041 772 2303 829 dictionis
2358 791 2393 828 n
2426 775 2650 829 missam
2681 790 2825 841 esse,
2872 791 3050 846 neque
3107 785 3230 848 post
3259 777 3507 832 Junium.
3549 778 3622 834 At

2040 865 2169 921 inde
2198 881 2543 936 consequens
2569 867 2723 921 nullo
2750 867 2915 922 modo
2941 878 3028 924 est
3082 877 3145 923 ut
3192 885 3304 924 non
3344 870 3475 926 totis
3498 870 3616 925 fere

2044 974 2138 1013 sex
2170 959 2329 1012 annis
2356 959 2683 1013 Anastasius
2717 960 2958 1029 primum
2985 962 3258 1022 redditam
3291 962 3481 1016 sedem
3518 977 3616 1017 oc-

2037 1050 2284 1120 cuparit;
2320 1051 2632 1120 vixeritque
2666 1051 2923 1120 proinde,
2979 1060 3040 1106 ut
3075 1053 3291 1122 putavit
3320 1055 3612 1118 Baronius,

2035 1158 2211 1214 usque
2243 1142 2311 1198 ad
2340 1159 2547 1198 annum
2579 1143 2787 1199 Christi
2813 1145 2936 1209 599,
2999 1161 3359 1218 mensemqne
3388 1149 3615 1204 circiter

2035 1236 2310 1291 Martium.
2346 1236 2523 1291 Porro
2548 1252 2613 1291 ex
2651 1237 2741 1290 his
2768 1237 2944 1306 liquet
2999 1234 3259 1309 Eutychii
3306 1241 3609 1310 prolapsio,

2030 1326 2124 1396 qui
2184 1336 2375 1381 sancto
2399 1327 2691 1381 Anastasio
2732 1329 2843 1398 jam
2871 1329 3126 1384 restituto
3176 1347 3354 1386 annos
3410 1347 3611 1389 novem

2030 1419 2271 1489 assignat
2311 1428 2449 1473 tom.
2476 1418 2541 1484 ll,
2582 1435 2705 1490 pag.
2750 1420 2870 1475 192.
2900 1419 3141 1489 Turpius
3170 1422 3392 1477 aberrat
3442 1423 3611 1477 Nice-

2029 1509 2243 1578 phorus
2264 1508 2549 1574 Callistus,
2587 1511 2707 1580 qui,
2741 1510 2927 1565 omnia
2952 1511 3319 1580 permiscens,
3373 1514 3607 1568 Anasta-

2028 1601 2174 1655 sium
2210 1602 2452 1671 primum
2492 1618 2665 1672 usque
2717 1603 2785 1657 ad
2816 1603 3014 1659 Phocze
3041 1612 3288 1674 tempora
3345 1605 3609 1675 relinquit

2028 1712 2082 1749 Ill
2117 1710 2278 1750 VIVIS.

1482 1832 1637 1905 (Acta
1671 1831 1768 1887 SS.
1803 1832 1981 1903 April.
2016 1843 2055 1889 t.
2092 1833 2160 1900 ll,
2192 1850 2247 1905 p.
2284 1833 2435 1905 855.)

408 1969 531 2025 Non
585 1970 785 2026 minori
843 1970 1095 2028 doctrina
1119 1973 1193 2029 ob
1219 1973 1395 2030 libros
1429 1974 1667 2045 scriptos
1715 1977 1908 2032 claruit

2016 1975 2312 2047 prmposito
2353 1975 2517 2030 titulo
2546 1992 2561 2030 :
2585 1974 2691 2028 Τοῦ
2719 1976 2777 2028 ἐν
2808 1975 2982 2043 ἁγίοις
3011 1975 3227 2045 Πατρὸς
3249 1975 3406 2046 ἡμῶν
3449 1976 3605 2031 Ἀνα-

333 2073 560 2118 sanctus
582 2064 909 2121 Anastasius
956 2067 1273 2137 patriarcha
1313 2068 1720 2134 Autiochenus,
1756 2072 1919 2142 cujus

334 2158 549 2213 utinam
602 2157 867 2228 epistolas
894 2158 964 2213 ad
1007 2170 1261 2215 sanctum
1295 2158 1622 2232 Gregorium
1664 2161 1915 2231 Magnum

333 2255 391 2302 et
441 2248 580 2303 alios
633 2249 785 2304 viros
849 2249 1099 2305 illustres
1151 2251 1501 2321 conscriptas
1558 2252 1912 2309 haberemus.

332 2341 606 2396 Nonnulla
652 2357 719 2396 ex
750 2343 926 2398 sancti
959 2342 1214 2415 Gregorii
1253 2346 1535 2414 responsis
1560 2356 1617 2401 et
1664 2346 1916 2416 epistolis

332 2433 402 2487 ad
444 2433 605 2488 illum
661 2450 829 2505 supra
865 2435 1214 2507 collegimus.
1262 2438 1406 2503 Quin
1458 2438 1515 2492 in
1557 2438 1789 2508 epistola
1820 2440 1912 2503 2'2,

333 2526 461 2581 libri
492 2543 526 2580 x
546 2569 560 2593 ,
593 2527 662 2582 ad
688 2527 958 2584 Joannem
986 2529 1391 2585 subdiaconum
1427 2531 1735 2587 Romanum
1758 2573 1772 2597 ,
1810 2533 1911 2587 ista

332 2618 501 2675 habet
546 2620 849 2691 Gregorius
889 2641 902 2677 :
957 2640 975 2674 ι
1002 2623 1385 2680 Dilectissimae
1434 2624 1717 2680 memoriae
1770 2626 1914 2680 Ana-

335 2714 500 2769 tolius
564 2716 875 2782 diaconus,
926 2720 1197 2788 quaerenti
1268 2736 1333 2776 ac
1378 2717 1597 2792 jubenti
1663 2721 1912 2777 Romano

330 2805 653 2877 imperatori
686 2808 887 2864 librum
918 2810 1142 2882 Regula:
1169 2813 1483 2882 pastoralis,
1524 2812 1710 2880 dedit;
1746 2830 1909 2884 quem

329 2900 718 2954 sanctissimus
761 2901 932 2957 frater
982 2912 1040 2959 et
1087 2906 1456 2975 coepiscopus
1484 2921 1642 2963 meus
1670 2906 1908 2961 Anasta-

327 2992 445 3047 sius
484 2994 863 3051 Antiochenus
895 2997 949 3052 in
1004 2996 1252 3053 Grzecum
1302 2999 1605 3065 transtulit,
1636 3020 1653 3051 ι
1696 3000 1910 3056 scilicet

327 3084 530 3157 lingua:
575 3088 741 3143 etiam
785 3089 998 3145 Latinae
1045 3106 1270 3160 gnarus.
1324 3091 1698 3148 Meminerunt
1743 3094 1909 3160 huius

333 3178 715 3233 translationis
752 3179 993 3235 Joannes
1024 3182 1307 3237 Diaconus
1335 3183 1433 3238 lib.
1489 3200 1541 3237 ιν
1586 3182 1716 3238 Vita:
1735 3186 1907 3238 sancti

327 3268 585 3339 Gregorii,
631 3271 953 3343 Sigebertus
975 3284 1031 3329 et
1070 3276 1273 3345 passim
1312 3277 1669 3332 recentiores.
1726 3278 1783 3332 In
1808 3278 1904 3332 Ni-

325 3378 475 3418 caena
503 3382 535 3419 ιι
561 3367 772 3437 synodo
801 3369 1167 3433 mcumenica,
1195 3385 1341 3424 anno
1367 3369 1473 3426 787
1519 3370 1726 3435 habita,
1759 3374 1905 3426 inter

322 3457 465 3512 alios
499 3467 719 3515 sanctos
766 3460 959 3516 Patres
993 3477 1094 3531 pro
1131 3464 1287 3518 cultu
1330 3471 1386 3518 et
1430 3464 1785 3519 veneratione
1818 3480 1905 3518 sa-

322 3562 545 3602 crarum
597 3549 897 3617 imaginum
946 3552 1213 3622 prolatos,
1268 3553 1508 3609 Joannes
1534 3555 1824 3626 presbyter
1849 3565 1904 3610 ct

321 3638 567 3694 vicarius
609 3641 900 3709 apostolici
952 3643 1403 3701 throniOrientis
1432 3646 1635 3701 obtulit
1677 3647 1899 3712 librum,

322 3730 380 3785 in
420 3748 530 3801 quo
565 3731 762 3789 beatus
802 3737 1128 3791 Anastasius
1168 3736 1331 3792 docet
1362 3738 1430 3793 de
1457 3738 1675 3795 diversa
1703 3738 1901 3795 adora-

324 3822 496 3885 tionc,
527 3838 592 3876 ex
623 3838 734 3893 quo
750 3824 907 3893 jussu
939 3837 1142 3882 sanctae
1158 3828 1350 3899 synodi
1371 3828 1687 3898 Stephanus
1714 3845 1903 3884 mona-

320 3912 458 3967 chus
476 3914 575 3968 ista
604 3914 798 3986 legisse
816 3915 1023 3971 ibidem
1044 3916 1313 3972 traditur:
1334 3918 1440 3971 Τοῦ
1454 3918 1611 3987 ἁγίου
1641 3918 1693 3971 Ἀ
1704 3935 1901 3973 ναστα-

319 4004 437 4058 σίου
487 4007 785 4059 ἐπισκόπου
820 4007 1171 4072 Θεουπόλεως
1242 4009 1525 4080 ἐπιστολή,
1555 4020 1664 4064 etc.
1718 4009 1899 4065 Sancti

318 4098 595 4155 Anastasii
622 4103 847 4172 episcopi
902 4101 1218 4172 Theopoleos
1254 4101 1478 4173 epistola
1508 4102 1577 4155 ad
1616 4104 1897 4173 quemdam

316 4194 711 4249 scholasticam.
765 4194 1168 4251 Constantinus
1217 4194 1735 4265 etiam,episcopus
1756 4196 1900 4250 Con—

318 4286 539 4343 stantize
583 4285 772 4358 Cypri,
839 4286 1045 4341 librum
1107 4285 1339 4340 tradidit
1388 4284 1566 4341 sancti
1619 4287 1896 4342 Anastasii

317 4379 563 4449 episcopi
617 4378 985 4448 Theopoleos,
1040 4393 1108 4433 ex
1137 4392 1247 4447 quo
1292 4376 1604 4447 Stephanus
1631 4375 1897 4433 diaconus

318 4480 376 4527 et
408 4474 662 4526 notarius
705 4471 808 4525 ista
833 4470 965 4542 legit
1000 4487 1014 4524 :
1057 4489 1074 4522 ι
1107 4469 1292 4525 Sancti
1328 4469 1504 4524 Patris
1538 4467 1713 4524 nostri
1748 4470 1895 4523 Ana-

319 4564 471 4620 stasii
523 4563 592 4618 ad
646 4562 961 4618 Simeonem
994 4561 1318 4632 episc0pum
1348 4560 1557 4615 Bostrze
1607 4575 1790 4615 sermo
1826 4560 1894 4614 de

2020 2068 2241 2122 στασίου
2284 2068 2715 2138 ἁρχιεπισκόπου
2772 2069 3099 2138 Ἀντιοχείας
3144 2071 3225 2132 εἰς
3254 2069 3344 2121 τὸν
3373 2070 3604 2136 εὐαγγε-

2016 2158 2209 2230 λισμὸν
2228 2159 2329 2229 τῆς
2346 2159 2722 2230 πανακράντου
2742 2159 2834 2211 καὶ
2846 2159 3110 2213 Θεοτόκου
3128 2159 3345 2225 Μαρίας
3363 2160 3512 2227 λόγοι
3532 2160 3600 2231 β’.

2016 2252 2317 2321 Utramque
2346 2268 2376 2306 a
2410 2250 2559 2306 dicto
2582 2250 2825 2305 Meursio
2858 2251 3087 2316 editam,
3133 2251 3327 2307 Latine
3361 2252 3602 2308 reddidit

2017 2344 2349 2399 Franciscus
2385 2343 2690 2407 Combclls,
2724 2343 3072 2412 inseruitque
3102 2342 3355 2397 Auctario
3388 2341 3599 2398 Greco-

2016 2438 2210 2493 Latino
2247 2439 2568 2493 bibliotheca!
2597 2437 2818 2490 Patrum
2844 2445 2900 2491 et
2945 2445 3097 2490 tomo
3135 2435 3202 2490 Vl
3260 2433 3598 2487 Bibliotheca

2014 2532 2242 2587 Patrum
2269 2531 2678 2585 concionatoriaa
2726 2529 2794 2583 ad
2831 2529 2901 2583 25
2934 2528 3134 2592 Martii,
3168 2526 3494 2596 addiditque
3529 2542 3598 2579 ex

2014 2624 2206 2679 codice
2257 2617 2431 2694 Regio
2463 2622 2625 2676 aliam
2658 2622 2760 2676 sub
2790 2622 2897 2676 hoc
2940 2620 3101 2674 titulo
3140 2637 3158 2674 :
3194 2618 3379 2674 Sancti
3412 2619 3595 2676 Patris

2014 2718 2183 2773 nostri
2232 2715 2524 2777 Anastasii,
2563 2716 2941 2786 archiepiswpi
2971 2714 3302 2779 Antiocheni,
3337 2730 3508 2767 sermo
3540 2715 3596 2766 in

2013 2810 2561 2882 Transﬁgurationem
2589 2808 2797 2867 Domini
2818 2811 2987 2863 nostri
3011 2809 3135 2863 Jcsu
3164 2807 3356 2863 Christi
3387 2826 3400 2863 :
3430 2823 3594 2877 quam

2010 2905 2176 2960 etiam
2206 2903 2467 2959 eamdem
2494 2901 2669 2957 edidit
2704 2900 2898 2957 Latine
2933 2912 3082 2956 torno
3130 2901 3217 2955 Vll
3256 2899 3594 2954 Bibliotheca

2009 2998 2236 3054 Patrum
2268 2997 2677 3051 concionatorite
2728 2994 2794 3050 ad
2840 2995 2988 3050 diem
3035 2995 3066 3050 6
3102 2994 3355 3064 Augusti.
3388 2994 3594 3063 Estque

2007 3107 2072 3146 ea
2111 3091 2273 3162 plane
2304 3088 2524 3144 diversa
2579 3089 2647 3143 ab
2688 3104 2751 3143 ca
2794 3105 2958 3157 quam
2991 3105 3021 3142 a
3067 3094 3258 3141 sancto
3305 3087 3594 3140 Anastasio

2009 3184 2221 3240 Sinaita
2282 3182 2656 3252 conscriptam
2704 3166 2899 3235 fuisse
2933 3195 3098 3249 supra
3156 3177 3415 3232 diximus.
3460 3176 3595 3232 Aliae

2011 3286 2121 3331 tres
2152 3276 2436 3331 orationes
2464 3275 2584 3345 ejus
2612 3281 2831 3328 exstant
2863 3290 2891 3327 a
2932 3271 3226 3328 Francisco
3250 3270 3523 3324 Turriano
3561 3286 3593 3325 e

2007 3371 2197 3426 Graeco
2236 3369 2516 3422 translatae
2557 3365 2905 3438 lngolstadii,
2964 3374 3021 3420 et
3052 3381 3082 3417 a
3124 3363 3289 3417 Petro
3317 3361 3592 3417 Stevartio

2009 3472 2156 3517 tomo
2202 3458 2470 3529 singulari
2530 3458 2830 3529 insignium
2886 3467 3177 3510 auctorum
3232 3456 3472 3517 insertas,
3528 3468 3593 3508 ac

2004 3560 2194 3621 postea
2230 3566 2439 3605 recusat:
2459 3548 2705 3603 Colonize
2726 3557 2874 3603 tomo
2901 3546 2968 3603 Vl
2993 3545 3329 3600 Bibliotheca:
3352 3554 3592 3599 veterum

2002 3642 2251 3707 Patrum,
2300 3657 2423 3713 qua:
2481 3648 2610 3695 ante
2657 3656 2725 3694 ex
2780 3637 3247 3709 interpretatione
3303 3636 3589 3692 Godel‘ridi

2004 3731 2281 3787 Tilmanni
2333 3731 2626 3785 exstabant
2657 3730 2711 3784 in
2748 3728 3071 3783 Bibliotheca
3109 3727 3335 3782 Patrum
3361 3726 3589 3781 Parisiis

2002 3841 2237 3881 excusa:
2258 3823 2505 3877 omnium
2534 3831 2718 3877 autem
2742 3822 2937 3875 titulus
2964 3820 3235 3891 generalis
3268 3827 3374 3884 est,
3404 3816 3589 3873 Sancti

2001 3917 2273 3972 Anastasii
2318 3916 2638 3985 patriarchae
2672 3913 3003 3976 Antiochcni,
3058 3912 3117 3964 de
3146 3911 3299 3964 rectis
3327 3909 3589 3980 dogmati-

2000 4009 2093 4063 bus
2127 4009 2411 4063 verissima:
2443 4006 2567 4074 ﬁdei
2603 4014 2841 4070 nostraz;
2882 4016 2937 4058 et
2971 4004 3126 4066 dein,
3156 4003 3347 4057 Oratio
3386 4002 3584 4071 prima,

1998 4100 2078 4154 De
2117 4107 2306 4154 sancta
2353 4097 2654 4163 Trinitate;
2709 4096 2976 4157 secunda.
3010 4095 3089 4149 De
3129 4096 3585 4160 incircumscripta

2003 4191 2095 4245 Dei
2130 4190 2391 4255 essentia;
2433 4188 2616 4253 tertia,
2674 4186 2749 4241 De
2803 4187 2983 4240 divina
3029 4187 3339 4248 aconomia,
3386 4182 3441 4236 id
3477 4190 3583 4246 est,

1999 4283 2403 4341 incarnatione.
2449 4282 2589 4337 Ante
2627 4288 2968 4337 memoratus
3002 4279 3116 4335 Leo
3153 4278 3388 4333 Allatius
3418 4276 3584 4331 aliam

1997 4377 2273 4433 Anastasii
2316 4375 2723 4446 archiepiscopi
2754 4374 3139 4444 Theopolitani
3167 4372 3473 4426 orationem
3500 4370 3585 4424 in-

1998 4470 2164 4534 dicat,
2205 4484 2328 4539 pag.
2368 4468 2488 4533 104,
2521 4467 2595 4521 De
2630 4467 2949 4538 Hypapante
2973 4464 3090 4520 sive
3112 4462 3342 4517 Occursu
3369 4462 3583 4537 Domini

1998 4563 2104 4619 hoc
2151 4562 2419 4617 exordio:
2458 4561 2632 4614 Πάλαι
2664 4559 2891 4629 Συμεὼν
2916 4559 2974 4612 ὲν
3012 4558 3283 4626 ἀγκάλαις
3318 4554 3581 4625 βαστάζει

319 4656 583 4720 Sabbato,
619 4665 727 4711 etc.
759 4674 778 4707 ι
823 4654 955 4721 Quae
984 4654 1199 4716 eadem,
1244 4653 1411 4707 citato
1451 4652 1741 4707 Anastasio
1777 4653 1895 4721 epi-

2012 4658 2086 4708 ςδν
2110 4653 2413 4725 Δεσπότην.
2445 4653 2797 4723 Nicephorus
2839 4650 3103 4706 Callistus
3140 4649 3310 4703 citato
3361 4663 3482 4716 cap.
3511 4647 3583 4701 41»

319 4762 487 4818 scopo
536 4744 846 4801 Antiochia:
870 4744 938 4799 ad
983 4743 1301 4799 Simeonem
1338 4743 1657 4797 Bostrorum
1680 4742 1896 4811 episco-

318 4856 471 4911 pum,
490 4840 752 4909 leguntur
768 4837 911 4907 apud
936 4842 1187 4891 sanctum
1209 4834 1474 4890 Joannem
1495 4833 1894 4889 Damascenum

319 4935 375 4989 in
398 4933 644 4987 oratione
673 4931 830 4986 tertia
859 4929 935 4983 De
970 4928 1321 5000 imaginibus,
1355 4927 1657 4983 clarissime
1695 4926 1897 4983 distin-

317 5034 490 5098 guunt
536 5041 565 5079 a
614 5024 952 5078 Damasceno
992 5021 1316 5078 Anastasios
1359 5021 1520 5076 duos.

387 5120 499 5173 Leo
538 5118 793 5176 Allatins.
858 5115 912 5169 in
970 5129 1137 5184 supra
1189 5122 1489 5168 memorata
1544 5112 1781 5167 Diatriba
1832 5113 1895 5167 de

314 5210 621 5264 Simeonum
653 5206 884 5275 scriptis,
912 5204 1050 5259 duas
1070 5202 1362 5259 Orationes
1386 5203 1553 5258 habet
1579 5203 1635 5258 in
1662 5203 1894 5259 Annuu-

316 5302 605 5358 tiationem
656 5300 905 5369 Deiparze
930 5296 1173 5369 Virginis
1209 5315 1222 5351 :
1257 5296 1461 5367 prioris
1498 5297 1717 5352 initium
1754 5298 1895 5353 indi-

316 5403 475 5449 catur
500 5407 621 5462 pag.
652 5391 772 5454 109,
797 5391 886 5446 his
906 5391 1092 5446 verbis
1115 5408 1129 5445 ε
1156 5389 1405 5462 Σήμερον
1434 5390 1583 5461 ὑμῖν,
1610 5385 1655 5443 ὧ
1682 5392 1893 5460 ἄριστοι

316 5486 528 5551 παῖδες,
557 5485 717 5551 λόγον
764 5484 892 5554 ὲριῖ).
914 5483 1156 5539 Alterius
1176 5484 1282 5539 hoc
1330 5484 1590 5549 traditur,
1617 5500 1742 5556 pag.
1768 5484 1891 5551 111,

318 5576 605 5633 exordium
642 5593 655 5630 :
699 5575 761 5628 Τί
793 5575 955 5629 πάλιν
984 5576 1077 5628 ἐπὶ
1112 5575 1265 5645 γῆςό
1301 5577 1476 5646 μέγας
1501 5575 1750 5646 βούλεται
1785 5575 1892 5631 Fac

320 5670 480 5741 ὕριὴλ
503 5672 657 5739 ἡμῖν.
686 5668 988 5740 Utramque
1023 5669 1327 5725 orationem
1359 5671 1502 5740 typis
1532 5669 1894 5724 Elzevirianis

318 5759 491 5815 edidit
512 5758 699 5815 Graece
721 5758 971 5829 Lugduni
1003 5759 1333 5814 Batavorum
1359 5760 1600 5816 Joannes
1619 5760 1895 5816 Meursius

322 5854 374 5911 in
410 5853 553 5909 libro
589 5852 868 5909 Variorum
918 5853 1235 5920 divinorum,
1287 5868 1412 5908 cum
1463 5853 1568 5909 hoc
1618 5867 1647 5907 a
1689 5851 1893 5907 Grrccis

1993 4748 2121 4803 libri
2171 4764 2325 4812 xvm,
2372 4746 2571 4801 asserit
2626 4765 2644 4797 ι
2685 4760 2744 4799 se
2773 4745 3080 4799 orationem
3111 4739 3405 4812 quamdam
3430 4740 3580 4794 Ana-

1996 4842 2148 4898 stasii
2185 4841 2384 4913 legisse
2422 4840 2489 4895 ad
2541 4839 2918 4894 Antiochenos
2955 4837 3012 4890 in
3047 4835 3280 4890 introitu
3308 4850 3412 4888 suo
3442 4833 3581 4888 scri-

1994 4943 2165 5005 ptam,
2185 4942 2242 4989 et
2264 4932 2693 5004 pacificatoriam
2727 4930 2913 4992 aliam,
2934 4947 3097 4995 quam
3119 4931 3386 4987 vicesimo
3412 4930 3580 4986 tertio

1995 5041 2140 5080 anno
2168 5026 2223 5078 in
2266 5025 2525 5078 thronum
2561 5039 2722 5077 suum
2754 5022 3095 5091 postliminio
3137 5038 3396 5079 reversus
3423 5038 3576 5078 com-

1997 5116 2202 5187 posuit,
2245 5114 2503 5170 Mauritio
2548 5115 2840 5184 imperium
2872 5116 3182 5181 obtinente,
3215 5133 3379 5187 quem
3409 5119 3579 5173 etiam

2002 5210 2057 5264 in
2080 5225 2148 5264 eo
2181 5209 2409 5279 scripto,
2436 5207 2586 5279 quod
2618 5207 2688 5261 ab
2711 5207 2906 5262 exsilio
2937 5217 3230 5265 revocatus
3273 5209 3365 5274 sit,
3396 5210 3579 5265 laudi-

1999 5302 2105 5358 bus
2119 5302 2301 5357 ell‘ert.
2321 5322 2338 5353 ι
2366 5302 2497 5368 Quae
2513 5300 2631 5355 sine
2652 5299 2844 5363 dubio,
2865 5300 2908 5354 si
2928 5300 3241 5355 exstiterint
3259 5301 3579 5371 aliquando,

2000 5394 2226 5449 luerunt
2267 5394 2442 5448 sancti
2497 5392 2771 5447 Anastasii
2820 5392 3151 5447 Autiocheni
3190 5408 3403 5463 :quem
3452 5408 3579 5447 cum

2001 5484 2211 5556 synodo
2264 5501 2301 5538 ιι
2358 5483 2704 5537 memnenica
2755 5483 2977 5539 Nicaeus
3039 5491 3095 5537 et
3153 5483 3278 5537 aliis
3333 5481 3582 5552 antiquis

2001 5576 2367 5646 scriptoribus
2389 5584 2633 5629 sanctum
2660 5575 3076 5647 compellamus.
3115 5576 3383 5647 Evagrius
3414 5590 3579 5645 supra

1999 5669 2187 5724 laudat
2206 5669 2514 5725 orationem
2546 5670 2667 5741 ejus
2691 5669 2979 5740 scriptam,
3003 5685 3129 5725 cum
3150 5669 3253 5725 sub
3266 5667 3580 5723 Justiniano

1998 5762 2333 5832 imperatore
2365 5770 2485 5815 erat
2521 5761 2572 5816 ei
2604 5761 2858 5816 exsilium
2901 5761 3315 5817 demandatum.

2066 5853 2215 5909 lntcr
2244 5854 2381 5909 alias
2421 5853 2585 5925 hujus
2628 5852 2899 5909 Anastasii
2946 5854 3363 5910 lucubrationes
3388 5858 3579 5909 censet
