3820 6580
470 371 605 437 1307

1606 355 1668 414 S.
1710 348 2118 412 ANASTASU
2159 345 2634 407 ANTIOCHENI

465 488 579 544 Leo
626 482 905 545 Allatius,
958 493 1081 550 pag.
1139 474 1239 539 83,
1288 466 1612 525 relationem
1662 463 1731 519 de
1785 460 1959 517 rebus
1995 457 2050 511 in
2078 457 2128 515 A
2156 456 2312 550 stasii
2345 466 2578 550 mortem
2620 474 2635 510 :
2681 452 2884 550 citat‘ur
2917 455 3082 550 etiam
3131 465 3366 511 sanctus
3404 455 3700 525 Nicephon.
3784 490 3785 523 χ

464 577 693 636 Perside
739 574 907 648 gestis
969 584 1095 626 cum
1147 567 1255 620 hoc
1315 559 1545 618 exordio
1591 575 1606 612 :
1659 553 2055 648 Bactlebovroc

479 644 780 743 'quvérou
801 665 899 733 τῆς
930 659 1205 728 Περσικῆς
1234 653 1441 727 χώρας,
1494 650 1685 743 γέγονε
1724 644 2055 743 φιλονειξιία.

468 739 684 821 Asserit
731 762 1030 817 Gretserus
1092 753 1150 808 in
1205 747 1532 806 Praefatione
1578 742 1649 799 ad
1699 739 2058 797 Anastasium

472 854 741 909 Sinaitam
776 847 845 905 de
893 846 1000 901 Via:
1036 844 1186 907 duce,
1217 856 1277 895 se
1315 853 1443 894 eam
1488 834 1592 891 sub
1620 832 1901 889 Anastasii
1937 830 2061 902 epi-

472 945 627 1014 sc0pi
676 937 1070 1011 Theopolitani
1136 933 1366 989 nomine
1423 927 1697 999 reperisse
1750 925 1807 979 in
1870 924 2062 981 codice

474 1055 580 1094 ms.
615 1037 962 1105 Augustano,
1020 1030 1076 1083 in
1132 1041 1310 1097 eaque
1351 1024 1437 1094 agi
1495 1021 1607 1077 «de
1657 1019 2064 1091 disceptatione

473 1128 920 1195 Christianorum
960 1122 1259 1194 praesulum
1295 1133 1422 1174 cum
1453 1113 1725 1177 Ethnicis,
1772 1111 1985 1168 Graecis
2010 1118 2067 1166 et

474 1222 702 1285 Judreis,
748 1217 936 1290 judice
986 1210 1397 1284 Aphrodisiano
1452 1206 1597 1278 regis
1628 1206 1927 1262 Persarum
1976 1220 2067 1259 ar—

476 1310 805 1379 chimagiro,
827 1307 918 1362 cui
944 1304 1112 1359 etiam
1138 1318 1197 1357 se
1219 1298 1543 1355 Anastasius
1561 1296 1890 1351 interfuisse
1909 1294 2066 1358 dicit,

479 1415 537 1459 et
565 1401 793 1473 quidem
823 1399 1001 1454 solum
1030 1412 1097 1451 ex
1129 1392 1359 1449 Romani
1388 1389 1606 1460 imperii
1626 1388 1928 1458 episcopis.
1961 1386 2068 1443 Sed

482 1496 664 1550 oratio
690 1493 781 1546 illa
827 1491 931 1563 (uti
975 1486 1174 1557 addit),
1204 1485 1320 1540 olet
1346 1482 1534 1540 nescio
1565 1480 1697 1551 quid
1730 1481 2069 1545 fabularum,

484 1597 548 1643 ut
579 1584 801 1641 diilicile
857 1581 1075 1638 creditu
1130 1579 1203 1634 sit
1255 1593 1323 1632 ex
1353 1573 1629 1631 Anastasii
1678 1573 1897 1629 ollicina
1940 1589 2073 1643 pro-

485 1679 680 1734 diisse.
718 1696 735 1728 ι
770 1675 1026 1745 C(eperat
1078 1672 1194 1741 ipse
1241 1684 1365 1724 eam
1416 1667 1473 1721 in
1528 1664 1778 1735 linguam
1824 1664 2071 1720 Latinam

488 1776 712 1822 vertere
753 1781 768 1818 :
820 1762 916 1818 sed
973 1780 989 1813 ‹
1023 1758 1380 1815 multitudine
1414 1756 1748 1812 mendorum
1777 1766 1833 1811 et
1863 1755 2074 1810 fabula-

492 1874 615 1912 rum
648 1856 843 1927 pedem
891 1854 1164 1909 retraxit:
1199 1865 1379 1921 neque
1424 1848 1519 1905 ulli
1590 1859 1755 1920 putat
1797 1851 1941 1905 hanc
1992 1850 2073 1902 δι-

492 1952 694 2018 ήγησιν
720 1947 837 2001 fore
857 1944 1126 2015 perviam,
1150 1942 1257 1997 nisi
1287 1939 1731 1997 emendatiorem
1761 1949 1857 1996 aut
1886 1939 2076 2011 plures

495 2036 906 2107 manuscriptos
943 2034 1165 2090 codices
1195 2031 1463 2103 acquirat.
1498 2051 1515 2082 ι
1543 2029 1717 2099 Quale
1741 2041 1935 2087 nactus
1958 2031 2077 2086 fue-

496 2130 571 2183 rit
608 2126 988 2198 apographum
1044 2123 1278 2180 Allatius
1322 2121 1626 2178 nescimus.
1675 2121 1879 2178 Saltem
1947 2124 2076 2178 vivo

496 2220 785 2276 Anastasio
828 2217 1180 2275 Antiocheno
1228 2215 1418 2271 nullus
1467 2213 1576 2271 luit
1628 2232 1726 2272 rex
1785 2216 2075 2271 Persarum

497 2325 665 2380 supra
719 2308 999 2364 indicatus
1052 2308 1346 2370 Arenatus,
1380 2306 1479 2361 sed
1520 2308 1682 2362 annis
1735 2324 1891 2362 xtvm
1934 2307 2077 2363 Cho-

497 2416 674 2463 sroes.
702 2408 762 2456 et
796 2399 927 2456 dein
958 2398 1279 2454 llormisdas
1310 2398 1474 2455 annis
1501 2415 1591 2465 xv,
1619 2399 1697 2454 uti
1724 2415 1824 2456 eos
1851 2400 2081 2457 exhibet

499 2491 890 2562 Theophanes.

570 2584 761 2638 Exstat
794 2581 1081 2654 Responsio
1109 2583 1382 2638 Anastasii
1414 2584 1637 2654 episcopi
1672 2584 1741 2638 ad
1770 2584 2084 2639 orthodoxa-

501 2692 620 2729 rum
678 2675 985 2747 aliquorum
1041 2673 1473 2731 Christianorum
1532 2677 1971 2749 interrogationes
2020 2678 2083 2732 de

498 2767 720 2822 diuersis
789 2766 1047 2838 capitibus
1094 2766 1497 2835 ecclesiasticis;
1563 2783 1726 2838 quam
1781 2766 2085 2825 Gentianus

505 2860 778 2914 llervetus
802 2857 1050 2913 Latinam
1068 2857 1220 2923 fecit,
1245 2858 1553 2928 tribuitque
1577 2858 1797 2914 cuidam
1824 2859 2085 2930 episcopo

503 2951 726 3006 Nicaeuo
757 2949 1049 3006 Anastasio
1084 2949 1253 3015 dicto,
1299 2948 1356 3005 in
1388 2949 1707 3004 Bibliotheca
1743 2949 1970 3005 Patrum
1996 2965 2085 3006 se-

505 3041 689 3096 cundo
723 3041 987 3097 editionis
1035 3041 1369 3097 Parisiensis
1404 3050 1553 3096 tomo
1595 3042 1777 3113 primo
1803 3058 2081 3099 excusam.

506 3135 711 3190 Contra
740 3134 894 3190 hunc
926 3142 1247 3198 tractatum,
1294 3135 1526 3206 ejusque
1566 3142 1774 3189 textum
1823 3134 2088 3205 plurimas

508 3226 798 3282 cautiones
828 3227 1168 3298 prasscripsit
1212 3227 1453 3281 Joannes
1484 3226 1649 3281 Maria
1684 3227 2089 3283 Brasichellen-

511 3320 609 3383 sis,
647 3319 789 3374 sacri
826 3318 1017 3389 palatii
1068 3318 1359 3390 apostolici
1412 3317 1673 3389 magister
1729 3327 1878 3372 tomo
1911 3319 2091 3388 primo

514 3411 715 3466 Indicis
764 3411 1034 3466 librorum
1096 3410 1533 3482 prohibitorum;
1562 3410 1776 3480 aliquas
1798 3412 1966 3466 etiam
1998 3411 2095 3466 ad-

510 3502 645 3572 jecit
686 3502 945 3558 Nicolaus
975 3503 1335 3568 Alamannus,
1365 3502 1499 3558 olim
1533 3503 1889 3558 bibliothecae
1939 3501 2093 3557 Vati-

515 3609 667 3649 canae
707 3595 1037 3665 praefectus:
1070 3611 1208 3667 quas
1239 3610 1433 3651 omnes
1459 3595 1623 3650 simul
1650 3594 1825 3651 edidit
1856 3595 2096 3651 Jacobus

516 3685 861 3742 Gretserus:
898 3689 993 3759 qui
1037 3687 1215 3744 dictas
1265 3686 1591 3753 Quwstiones
1636 3697 1685 3742 et
1716 3687 2098 3758 Responsiones

520 3778 694 3833 multo
732 3779 1014 3835 auctiores
1042 3778 1219 3833 edidit
1275 3778 1752 3845 Graeco-Latinas;
1792 3778 1888 3834 sed
1921 3778 2099 3836 fallaci

523 3867 686 3922 titulo
734 3868 1008 3936 suﬂ'ultas,
1058 3868 1146 3924 his
1199 3867 1430 3923 verbis:
1468 3887 1486 3919 ‹
1523 3867 1693 3922 Liber
1738 3866 1834 3937 qui
1873 3875 2103 3923 vocatur

537 3960 800 4029 Ὀδηγὸς,
843 3961 949 4015 hoc
989 3968 1105 4028 est,
1149 3959 1272 4015 Dux
1301 3961 1419 4014 vita.
1471 3959 1657 4015 Sancti
1698 3960 1877 4015 Patris
1928 3959 2101 4014 nostri

521 4052 797 4108 Anastasii
844 4051 1090 4119 Sinaitaa,
1131 4052 1377 4124 episcopi
1412 4051 1768 4118 Antiocheni,
1793 4052 2106 4124 Interroga-

526 4148 689 4200 tiones
723 4154 772 4201 et
809 4145 1188 4217 Responsiones
1247 4145 1318 4201 de
1361 4144 1601 4201 diversis
1631 4145 1910 4216 capitibus
1946 4162 1976 4200 a
2017 4144 2106 4199 di-

523 4237 704 4294 versis
741 4237 1057 4309 pr0positae.
1103 4238 1424 4294 Solutiones
1473 4254 1586 4293 non
1638 4254 1708 4293 ex
1757 4238 1963 4309 seipso,
2012 4237 2107 4292 sed

523 4330 594 4410 ab
626 4330 969 4400 experientia
1013 4338 1071 4386 et
1107 4347 1176 4386 ex
1213 4332 1389 4386 sacris
1445 4330 1674 4387 Litteris
1718 4330 2049 4401 desumpsit.
2084 4348 2101 4382 ι

525 4423 605 4477 lta
633 4423 833 4493 aliquis
855 4423 1100 4488 Graecus,
1127 4422 1315 4479 forsan
1338 4424 1690 4493 Nicephorus
1709 4423 1989 4488 Callistus,
2016 4433 2110 4478 aut

2159 546 2478 619 patriarcha
2535 544 3203 616 Constantinopolitanus,
3247 560 3423 616 quem
3463 556 3698 605 mort-un
3784 588 3785 625 ξ

2158 656 2282 697 esse
2305 656 2453 696 anno
2475 639 2580 696 828
2603 639 2950 696 ostendimus
2975 639 3043 695 ad
3067 641 3186 711 ejus
3210 641 3405 695 Vitam
3435 640 3501 694 is
3527 640 3700 696 lanii:
3784 646 3785 695 ἰ

2161 733 2407 788 citantur
2437 733 2678 805 denique
2729 732 3185 805 Olympiodorus,
3215 732 3322 803 qui
3373 732 3441 787 ad
3475 731 3701 789 decimum

2164 828 2428 884 saeculum
2465 836 2713 897 spectat;
2760 837 2984 881 sanctus
3026 825 3299 880 Maximus
3359 827 3640 882 monachus
3665 841 3705 884 et

2164 929 2395 991 martyr,
2428 919 2685 974 Moschus
2717 927 2775 973 et
2816 918 2935 981 alii,
2975 917 3222 988 iuniores
3256 932 3483 971 omnes.
3524 917 3703 976 Del-un

2165 1013 2231 1067 ad
2266 1012 2628 1083 quaestionem
2664 1011 2763 1066 H7
2812 1009 3181 1080 respondetur
3225 1009 3343 1064 sub
3391 1008 3572 1074 finem,
3608 1022 3707 1067 tunc

2167 1104 2721 1175 septingentesimum
2793 1118 3000 1158 annum
3048 1101 3159 1172 agi,
3204 1100 3369 1172 quod
3421 1101 3597 1157 Ariani
3627 1105 3709 1159 sint

2167 1196 2382 1267 expulsi
2430 1212 2498 1251 ex
2545 1196 2684 1251 locis
2736 1194 2966 1259 sanctis,
3019 1210 3194 1264 eaque
3242 1211 3277 1249 a
3332 1193 3581 1249 Barbaris
3619 1212 3709 1251 esse

2169 1299 2457 1360 occupata,
2487 1300 2550 1343 ut
2585 1291 2790 1344 mirum
2832 1304 2944 1343 non
2975 1287 3049 1343 sit
3088 1288 3135 1343 si
3180 1297 3265 1343 tot
3310 1304 3535 1343 errores
3572 1300 3713 1360 poste

2174 1398 2361 1436 mrum
2395 1380 2707 1437 Graecorum
2744 1382 2858 1436 sint
2888 1380 3078 1436 infarsi
3125 1380 3215 1437 his
3262 1379 3638 1445 Quaestionum
3678 1394 3712 1436 et

2170 1473 2634 1543 Responsionibzts,
2675 1488 2813 1542 quas
2854 1472 3222 1527 eliminandas
3258 1472 3503 1527 omnino
3550 1472 3717 1541 judica-

2175 1580 2297 1619 mus
2330 1580 2361 1619 e
2390 1565 2637 1635 catalogo
2681 1564 3064 1629 Tractatuum,
3092 1573 3200 1619 tam
3225 1578 3434 1619 eorum
3467 1578 3599 1633 quos
3625 1581 3717 1617 san-

2174 1667 2299 1712 ctus
2334 1657 2659 1712 Anastasius
2718 1656 2951 1722 Sinaita,
3008 1672 3175 1729 quam
3231 1672 3392 1729 quos
3451 1656 3719 1711 Anastasius

2178 1750 2559 1805 Antiochenus
2603 1749 2935 1819 composuit.

2252 1842 2527 1898 Anastasii
2553 1841 2882 1914 patriarchae
2913 1841 3313 1912 Theopolitani
3346 1851 3407 1897 et
3432 1840 3611 1909 Cyrilli
3633 1842 3722 1894 Alc-

2181 1936 2439 1994 xandrini
2481 1937 2895 2007 compendiaria
2930 1937 3058 1993 ﬁdei
3089 1937 3426 1993 orthodoxa:
3469 1936 3721 2005 Explicatis

2182 2038 2362 2085 exstat
2417 2038 2567 2085 tomo
2610 2029 2679 2085 IV
2726 2028 3061 2085 Bibliotheca:
3092 2028 3331 2082 Patrum
3370 2028 3429 2082 in
3477 2026 3723 2082 edi:ioue2

2182 2121 2506 2185 Parisiensi,
2553 2138 2676 2192 quae
2722 2121 2779 2176 in
2827 2120 3075 2177 editione
3120 2118 3457 2176 Coloniensi
3508 2127 3642 2188 parte
3680 2136 3719 2175 ιι.

2186 2215 2319 2271 tomi
2365 2214 2446 2271 Vl'
2480 2214 2748 2269 tribuitur
2789 2212 3001 2284 iuniori
3079 2212 3395 2267 Anastasio
3455 2210 3722 2281 patriarcha

2187 2305 2559 2370 Antiocheno,
2612 2320 2643 2360 a
2665 2303 2871 2361 Iudaeis
2897 2302 3195 2359 interfecto
3233 2320 3248 2357 :
3284 2300 3443 2374 quod
3479 2301 3610 2356 idem
3630 2300 3722 2354 fecit

2185 2400 2490 2457 Autbertus
2532 2397 2753 2456 Miraeus
2821 2397 2900 2451 De
2952 2397 3303 2468 scriptoribus
3378 2395 3722 2453 ecclesiasticis.

2190 2511 2313 2566 pag.
2356 2493 2481 2548 215.
2514 2490 2623 2548 Sed
2655 2507 2766 2562 qua
2808 2490 2878 2548 de
2906 2507 3075 2547 causa
3118 2491 3197 2546 ita
3238 2488 3582 2552 censuerint,
3611 2504 3722 2557 pror-

2188 2606 2285 2647 sus
2336 2599 2541 2645 tacent.
2594 2587 2830 2643 Videtur
2872 2586 2965 2641 illa
2996 2583 3419 2655 compendiaria
3448 2581 3567 2637 fidei
3595 2581 3725 2649 expli-

2189 2682 2337 2740 catio
2375 2681 2563 2753 potius
2601 2696 2670 2735 ex
2720 2678 2881 2734 libris
2927 2676 3026 2735 SS.
3077 2675 3274 2749 Cyrilli
3308 2682 3371 2731 et
3403 2672 3649 2731 Anastasii
3677 2672 3722 2725 ab

2190 2772 2378 2843 aliquo
2414 2770 2579 2827 tertio
2604 2775 2874 2825 extracta.
2902 2766 3246 2837 Margarinus
3292 2764 3370 2820 de
3402 2764 3455 2819 la
3484 2763 3632 2833 Bigue
3654 2761 3724 2813 sli-

2191 2881 2299 2937 qua
2331 2862 2694 2919 Anastasiana
2730 2875 2901 2932 opera
2925 2858 3137 2914 inedita
3174 2864 3593 2919 commemorat,
3616 2852 3724 2907 vide-

2192 2961 2323 3016 licet
2341 2977 2353 3013 :
2369 2958 2449 3013 Ad
2465 2959 2791 3025 interrogata
2811 2953 3253 3008 monasteriorum
3272 2951 3466 3021 prima
3481 2956 3528 3002 et
3541 2948 3725 3002 secunde

2195 3051 2364 3124 Syria:
2402 3047 2817 3118 Responsiones;
2845 3042 2942 3099 sed
2978 3042 3062 3097 ha!
3088 3041 3278 3096 forsan
3306 3048 3445 3096 sunt
3471 3039 3536 3095 de
3574 3037 3724 3107 quibus

2114 3166 2157 3224 ε
2190 3147 2304 3216 jam
2330 3150 2456 3197 ante
2473 3140 2706 3211 egimus.
2732 3136 2815 3192 Ad
2838 3136 3185 3192 Antiochenos
3230 3133 3614 3203 συντακτήρων
3641 3130 3723 3183 εἰη

2193 3238 2267 3292 De
2301 3235 2695 3291 coordinatione
2737 3239 2830 3285 aut
2882 3227 3376 3299 disciplina.-—-De
3410 3224 3724 3280 construction!

2191 3329 2416 3385 hominis
2432 3327 2560 3383 libri
2579 3326 2712 3380 duo.
2730 3355 2801 3364 —
2818 3321 3211 3393 Contemplatio
3233 3321 3459 3391 mystica
3483 3317 3722 3389 passiam!

2193 3418 2819 3479 Christi.——Encomium
2887 3415 3125 3486 Egypti.
3157 3412 3477 3479 —szstio
3531 3410 3723 3464 adserit:

2194 3530 2302 3580 eos,
2351 3511 2440 3583 qui
2474 3510 2654 3564 dicunt
2696 3517 2801 3562 tres
2841 3507 3091 3560 cssentias
3128 3506 3183 3559 in
3218 3505 3434 3563 diuinis,
3467 3509 3631 3557 contra
3656 3497 3721 3551 Ju-

2198 3604 2365 3668 daaos,
2415 3602 2542 3657 libri
2595 3601 2728 3656 duo.
2766 3599 2831 3654 Hi
2863 3598 3044 3653 ultimi
3094 3596 3292 3651 Latine
3326 3593 3527 3649 redditi
3555 3588 3719 3645 aFran-

2199 3697 2350 3751 cisco
2372 3692 2671 3754 Turriano.
2692 3689 2827 3747 editi
2852 3696 2985 3744 sunt
3011 3699 3159 3744 tomo
3185 3686 3253 3742 lll
3286 3686 3529 3755 Antiqua
3546 3682 3717 3735 lectionis

2200 3786 2425 3843 Henrici
2473 3783 2703 3847 Canisii,
2776 3780 2872 3837 sed
2924 3790 3119 3837 auctor
3178 3778 3412 3843 citatur,
3464 3771 3717 3832 Anastasius

2203 3880 2375 3934 abbas
2413 3884 2607 3932 contra
2652 3874 2893 3938 Judzeos,
2922 3873 3017 3943 qui
3047 3880 3265 3926 etatem
3316 3884 3470 3924 suam
3500 3863 3713 3934 exprimit.

2204 3971 2337 4025 dum
2365 3968 2465 4033 ait,
2512 3986 2531 4019 ι
2550 3968 2661 4038 jam
2687 3964 3207 4031 octingentesimum
3235 3975 3448 4016 annum
3475 3969 3528 4012 et
3546 3954 3717 4024 amplius

2206 4062 2313 4129 agi,
2340 4075 2408 4114 ex
2434 4074 2545 4129 quo
2566 4056 2785 4114 Iudaeos
2810 4057 2954 4111 Deus
2996 4053 3284 4125 dispersit,
3316 4061 3375 4108 et
3414 4050 3577 4106 Titum
3600 4056 3714 4112 atque

2212 4138 2606 4219 Vespasianum
2648 4145 2714 4199 ad
2739 4144 3063 4200 vastandam
3095 4143 3294 4198 urbem
3335 4140 3559 4197 vocavit.
3587 4156 3602 4190 ι
3629 4135 3715 4190 Flo-

2213 4242 2322 4297 ruit
2361 4257 2492 4311 ergo
2530 4240 2622 4296 hic
2673 4239 2847 4295 abbas
2890 4239 3217 4293 Anastasius
3245 4237 3354 4292 sub
3397 4235 3547 4289 linem
3579 4227 3712 4285 seculi

2210 4351 2282 4390 ix.
2318 4334 2449 4400 Quae
2480 4333 2647 4388 citata
2684 4341 2770 4387 est
2797 4330 3187 4401 Contemplatio
3222 4331 3445 4400 mystica
3482 4325 3714 4396 ρωίοιιει

2212 4421 2406 4478 Christi
2435 4420 2659 4475 videtur
2702 4434 2826 4474 esse
2876 4417 3149 4473 Anastasii
3188 4416 3415 4472 Sinaitae
3449 4413 3516 4468 De
3537 4411 3711 4481 passione

525 4512 669 4567 alius
701 4528 830 4568 eum
855 4521 1102 4577 secutus,
1128 4512 1234 4567 nisi
1264 4513 1559 4567 aberrandi
1592 4514 1941 4569 occasionem
1969 4529 2106 4584 prie-
2138 4516 2179 4569 Ι)
2213 4525 2261 4569 et
2292 4511 2717 4584 impassibilitate
2746 4510 2977 4577 Christi;
3006 4520 3063 4566 et
3110 4509 3191 4565 sic
3227 4508 3325 4564 alii
3364 4505 3491 4562 libri
3524 4502 3609 4558 sub
3631 4497 3713 4554 aliis

529 4604 719 4661 buerit
739 4605 1028 4676 aliquanto
1060 4605 1268 4670 senior,
1289 4605 1603 4661 Graecorum
1629 4620 1847 4661 errores
1867 4606 2103 4663 infarsit.

528 4698 738 4769 Nempe
772 4698 905 4767 quia
940 4698 1269 4755 Anastasius
1316 4698 1528 4755 Sinaita
1574 4698 1845 4753 illustrem
1905 4708 2105 4754 tracta-

531 4796 650 4842 tum
696 4797 1108 4858 composuerat,
1152 4788 1249 4859 qui
1302 4788 1547 4860 Ὀδηγὸς,
1585 4788 1690 4842 hoc
1722 4797 1807 4843 est
1850 4787 1972 4843 Dux
2011 4791 2107 4843 via:

528 4890 757 4934 vocatus
800 4880 926 4945 fuit,
968 4881 1226 4937 eumdem
1257 4880 1478 4937 titulum
1506 4881 1663 4952 operi
1693 4880 1826 4935 huic
1859 4880 2107 4935 furfureo

529 4981 724 5025 auctor
762 4972 1041 5043 adaptavit
1078 4990 1093 5027 :
1142 4974 1237 5045 qui
1285 4973 1414 5045 quia
1462 4974 1810 5044 Nieephorus
1849 4974 2109 5031 Callistus

529 5064 786 5120 eumdem
832 5065 1182 5123 Anastasium
1228 5066 1495 5123 Sinaitam
1542 5082 1832 5137 perperam
1889 5076 2110 5122 vocarat

530 5156 853 5226 episcopum
891 5157 1319 5223 Antiochenum,
1354 5173 1499 5213 unus
1528 5158 1784 5229 idemque
1814 5168 1871 5213 et
1900 5158 2110 5213 Sinaita

530 5256 590 5303 et
624 5246 1003 5305 Antiochenus
1043 5251 1221 5307 videri
1262 5251 1458 5313 voluit.
1506 5266 1573 5306 ex
1607 5250 2110 5307 Constitutionibus

532 5340 932 5410 apostolorum,
967 5357 1090 5411 quae
1129 5341 1233 5397 sub
1270 5344 1494 5399 nomine
1541 5342 1844 5399 Clementis
1875 5344 2110 5399 Romani

533 5447 564 5486 a
596 5430 833 5502 posteris
879 5437 1151 5502 protrusae
1184 5442 1334 5520 sqnt,
1372 5434 1547 5487 multa
1588 5449 1908 5504 excerpens,
1942 5450 2111 5505 seque

534 5525 643 5580 hoc
684 5524 803 5594 ipso
844 5522 1237 5580 demonstrans
1281 5540 1403 5581 esse
1454 5526 1838 5596 impostorem.
1890 5528 1949 5582 In
2003 5528 2114 5584 illis

532 5620 701 5675 etiam
734 5616 1145 5686 Quaestionibus
1179 5618 1422 5674 citantur
1462 5619 1715 5676 Canones
1746 5620 1942 5693 synodi
1973 5620 2113 5687 Qui-

538 5712 766 5767 uisexta:
814 5710 929 5767 sive
956 5708 1255 5776 'l‘rullanae,
1296 5708 1772 5783 Constantinopoli
1820 5727 1965 5766 anno
2011 5711 2113 5766 707

530 5803 766 5870 conditi,
795 5802 1009 5876 integro
1032 5801 1241 5861 scilicet
1271 5802 1470 5862 saeculo
1500 5810 1625 5877 post
1654 5802 1942 5875 utriusque
1970 5803 2115 5861 Ana~

2214 4608 2398 4663 forsan
2450 4606 2629 4661 titulis
2676 4606 2870 4660 latent.

2282 4700 2588 4758 Occasione
2621 4699 2803 4754 oblata
2840 4696 2966 4752 misi
3001 4695 3277 4769 Synopsin
3308 4697 3472 4767 hujus
3487 4694 3708 4750 ϐοωωαι-

2215 4793 2339 4849 tarii
2372 4792 2601 4849 Romam
2631 4789 2700 4845 ad
2724 4790 2841 4845 Β...
2867 4789 3090 4844 Petrum
3118 4787 3430 4850 Possinum,
3462 4783 3545 4855 qui
3569 4775 3705 4851 postrr

2214 4887 2305 4942 die
2351 4884 2632 4939 Kalendas
2680 4882 2805 4937 Maii
2842 4882 2971 4936 anni
3000 4881 3127 4935 1671
3166 4880 3241 4934 ita
3284 4876 3549 4949 respondit
3581 4867 3703 4925 HM

2214 4996 2277 5035 ea
2310 4994 2432 5047 qua:
2470 4977 2539 5031 de
2578 4975 2887 5033 Anastasiis
2919 4983 2975 5030 et
3014 4988 3207 5028 eorum
3249 4971 3468 5043 scriptis
3516 4960 3701 5033 disquirit

2214 5077 2553 5140 annotatque
2607 5067 2827 5122 erudite
2863 5066 2930 5121 Κ.
2978 5065 3043 5121 V.
3090 5072 3153 5118 ut
3177 5064 3383 5134 aliquid
3436 5066 3699 5130 reponerent.

2215 5162 2467 5220 consului
2508 5161 2801 5216 Vaticanus
2833 5158 3048 5214 Indices
3088 5167 3146 5212 et
3187 5157 3345 5227 plura
3396 5155 3553 5223 longe,
3590 5157 3699 5217 quam

2216 5256 2374 5311 vobis
2419 5262 2551 5310 nota
2580 5261 2709 5308 sunt
2756 5252 2813 5307 in
2860 5251 2931 5308 iis
2961 5249 3162 5322 reperi.
3204 5247 3384 5304 Solius
3426 5242 3612 5300 Sinaita
3630 5234 3698 5289 Ca-

2219 5349 2433 5419 talogus
2481 5344 2606 5401 istic
2655 5351 3005 5399 servatorum
3053 5356 3283 5413 operum
3328 5323 3697 5409 quatuorimpk‘

2218 5454 2445 5511 magnas
2509 5436 2755 5507 paginas.
2803 5431 3040 5487 Omnino
3103 5439 3290 5502 posset
3344 5420 3693 5509 lucubrationis!

2219 5533 2340 5603 ejus
2373 5529 2555 5586 Patris
2584 5526 2665 5584 uti
2720 5535 2778 5582 et
2829 5527 3065 5581 aliorum
3099 5523 3341 5594 plurium
3385 5515 3603 5603 praelata
3623 5513 3695 5603 υιξξ

2221 5600 2347 5683 liter
2374 5621 2547 5679 editio
2595 5618 2809 5690 vulgari
2840 5634 2855 5673 :
2889 5616 2986 5671 sed
3018 5615 3111 5669 ubi
3151 5614 3446 5685 reperietur
3476 5602 3551 5675 qui
3575 5600 3691 5669 p055“

2220 5723 2277 5769 et
2313 5713 2444 5769 velit
2480 5728 2603 5768 eam
2641 5724 2869 5782 operam
2920 5706 3218 5779 praestare?
3253 5704 3346 5760 ubi
3372 5700 3455 5772 qui
3490 5693 3689 5782 summm

2224 5807 2278 5864 in
2324 5805 2627 5864 editionem
2680 5780 2971 5862 retulerat?
3003 5818 3021 5854 ι
3076 5797 3201 5856 llaec
3258 5793 3511 5854 Possiuus.
3546 5780 3683 5834 Vorm"
