4072 6584
362 560 465 618 fuit
496 565 672 620 otium
702 567 850 624 inter
882 586 1005 627 sese
1044 572 1367 630 conferendi
1411 578 1541 643 alia,
1574 579 1620 634 si
1654 579 1784 636 hinc
1819 581 1947 640 inde

360 672 391 709 a
433 671 567 711 vero
595 656 945 727 deﬂeximus,
997 667 1318 724 meminerit
1357 670 1589 728 criticus
1638 675 1838 743 lector,
1888 679 1943 734 id

360 747 541 803 solum
594 766 699 807 nos
750 770 914 824 agere
962 757 1228 825 voluisse,
1276 777 1388 831 quo
1429 763 1945 827 demonstrarcmus

360 840 757 932 distinguenda
795 861 922 903 esse
970 849 1198 906 Sinaita:
1242 863 1299 909 et
1343 854 1678 915 Antiocheni
1731 876 1941 932 opera:

361 931 566 1024 quibus
611 938 996 997 examinandis
1046 942 1502 1018 illustrandisque
1560 951 1705 1006 alius
1756 931 1943 1024 quivis

363 1020 488 1092 plus
532 1024 633 1080 otii
664 1038 864 1085 nactus
892 1031 1112 1088 laudem
1154 1043 1345 1105 posset
1375 1040 1598 1096 mereri.
1637 1020 1946 1100 Videbatur

1976 515 2019 571 Α
2049 498 2181 602 oliui
2233 501 2289 557 in
2333 503 2483 602 bu-nc
2531 509 2777 568 laborem
2828 516 3006 575 Lucas
3035 474 3356 584 Holstenius
3386 474 3627 602 prope;

2046 590 2223 691 dere:
2258 596 2354 651 sed
2386 598 2519 654 dum
2553 602 2713 662 libris
2746 610 3006 679 parandis
3055 590 3401 691 edendisque
3440 590 3629 681 moro-

2047 686 2163 790 sius
2189 688 2479 790 incumbit,
2500 711 2531 749 e
2545 696 2660 790 vita
2680 700 2931 759 sublatus
2956 716 3042 762 est
3058 722 3207 764 anno
3232 686 3385 778 1661,
3405 719 3630 785 quando

2048 778 2230 876 eidem
2264 783 2598 843 moribundo
2642 801 2944 850 extremam
2988 812 3109 852 eam
3142 815 3366 872 Operam
3414 778 3628 876 impen-

2049 871 2252 939 dimus,
2274 892 2442 945 quam
2477 879 2533 934 in
2553 883 2825 952 ejusmodi
2853 890 3090 947 articulo
3117 871 3351 965 possunt
3370 907 3426 953 et
3444 871 3629 955 solent

2046 967 2243 1023 amicis
2274 967 2600 1042 impendere
2635 976 2877 1049 religiosi
2927 986 3264 1044 sacerdotes.

379 1237 3618 1319 MM—

1035 1450 1721 1613 SANCTI
1843 1461 2925 1682 ANASTASII,

1458 1750 1996 1818 PATBIARCHE
2039 1758 2563 1841 ANTIOCHENI,

500 1957 646 2049 DE
752 1962 1264 2057 NOSTBIS
1370 1970 1783 2064 RECTIS
1887 1975 2655 2074 DOGMATIBUS
2757 1985 3468 2120 VERITATIS,

944 2208 1995 2347 ORATIONES
2109 2222 2970 2374 QUINQUE.

1519 2475 1817 2551 Interprele
1846 2478 2128 2541 Francisco
2160 2485 2444 2543 Turriano.

1961 2681 2039 2700 α..

1972 2841 2025 2903 Ι.

1608 3000 1719 3062 DE
1756 3000 1862 3063 SS.
1913 3000 2382 3065 TRINITATE.

421 3308 461 3366 l.
505 3308 646 3365 Cum
692 3306 801 3379 iam
833 3304 1049 3377 pridem
1092 3302 1161 3360 de
1195 3301 1300 3360 fide
1340 3311 1530 3361 nostra
1560 3320 1693 3361 sana
1717 3346 1732 3371 ,
1770 3313 1826 3361 et
1863 3305 1933 3361 de
1963 3311 2005 3367 Β
2035 3303 2375 3369 studuimus,
2402 3304 2570 3361 nullis
2604 3305 2844 3360 aliorum
2867 3305 3116 3378 vestigiis
3145 3308 3486 3379 insistentes,
3517 3312 3619 3370 sed

349 3404 500 3460 veris
547 3399 809 3457 Ecclesiae
850 3395 1209 3469 dogmatibus
1250 3395 1572 3466 incorrupte
1611 3405 1668 3454 et
1705 3396 1935 3468 probate
2038 3398 2260 3454 illorum
2327 3407 2541 3454 tantum
2578 3398 2673 3469 qui
2718 3415 2748 3454 a
2805 3398 3016 3470 Spiritu
3065 3411 3260 3456 sancto
3314 3401 3615 3461 illuminati

350 3493 733 3551 tractavissem
764 3489 937 3545 variis
958 3487 1322 3543 Orationibus
1342 3488 1398 3543 in
1430 3486 1677 3543 Ecclesia
1701 3487 1933 3553 habitis,
2037 3498 2208 3557 sunt;
2244 3490 2484 3561 primum
2509 3488 2736 3560 quidem
2767 3492 3027 3561 apostoli,
3051 3491 3281 3548 secundi
3306 3496 3615 3565 propheta,

328 3590 405 3642 ἐι
426 3584 675 3642 recitatis
707 3593 840 3639 tunc
866 3597 992 3636 cum
1011 3580 1262 3637 scribere
1285 3579 1602 3636 etlidenter
1621 3580 1773 3651 loqui
1796 3580 1934 3638 lice-
2038 3581 2189 3637 tertii
2225 3581 2505 3637 doctores.
2560 3581 2891 3653 Quicunque
2940 3585 3112 3656 igitur
3144 3585 3466 3659 incorrupte
3488 3629 3504 3655 ,
3555 3597 3618 3644 ut

350 3681 464 3746 bat,
487 3695 614 3735 cum
636 3692 802 3733 nemo
831 3675 1190 3747 impudenter
1220 3674 1469 3731 audebat
1503 3674 1694 3731 dicere
1731 3691 1746 3730 :
1776 3672 1931 3740 Tace,
2034 3673 2301 3740 diximus,
2324 3673 2547 3744 legerit,
2578 3689 2691 3730 non
2714 3683 3101 3747 estarrogans,
3127 3678 3172 3734 si
3196 3678 3397 3745 dicam,
3425 3697 3617 3752 reper-

347 3783 397 3828 et
423 3789 488 3827 ne
507 3772 747 3843 .oquaris
771 3772 827 3835 ¹;
856 3767 1245 3826 existimabam
1276 3783 1401 3840 qua:
1420 3777 1554 3823 tunc
1575 3768 1929 3838 scripseram,
2034 3775 2221 3822 turum
2247 3765 2487 3821 lucidam
2516 3766 2946 3823 declarationem
2973 3769 3226 3826 veritatis
3268 3779 3326 3825 et
3359 3772 3616 3829 falsitatis

348 3865 483 3921 satis
519 3877 642 3919 esse
680 3871 738 3918 et
780 3860 850 3916 ad
903 3856 1325 3930 coarguendum
1360 3858 1738 3924 mendacium,
1777 3867 1832 3914 et
1862 3857 1931 3914 ad
2031 3859 2470 3917 confutationem
2506 3877 2519 3913 :
2559 3858 2695 3914 fides
2723 3859 2873 3915 enim
2896 3869 3021 3928 est,
3068 3878 3193 3932 quae
3234 3863 3522 3934 praedicat,
3557 3873 3617 3921 et

346 3955 788 4031 patefaciendam
817 3953 1112 4010 veritatem
1137 3970 1151 4007 :
1176 3967 1280 4007 nec
1302 3950 1618 4008 arbitrabar
1647 3966 1788 4021 opus
1809 3966 1931 4006 esse

345 4051 586 4123 amplius
614 4049 896 4113 laborare,
926 4062 1037 4102 non
1066 4045 1247 4101 solum
1283 4042 1413 4114 quia
1445 4042 1646 4097 vitium
1678 4042 1931 4112 loquaci-

348 4144 480 4199 tatis
509 4140 850 4205 metuebam,
869 4137 966 4194 sed
980 4139 1110 4209 quia
1128 4135 1417 4208 putabam,
1454 4144 1515 4190 ut
1544 4132 1680 4198 dixi,
1708 4132 1930 4189 abunde

345 4235 600 4293 sufﬁcere
634 4232 899 4289 omnibus
930 4231 1136 4303 quibus
1169 4228 1419 4286 studium
1438 4225 1689 4283 discendi
1722 4240 1930 4296 propo-

345 4330 515 4386 situm
541 4336 709 4392 esset,
741 4341 864 4397 qua:
890 4324 1097 4380 litteris
1125 4322 1477 4379 mandassem
1507 4327 1565 4376 et
1596 4317 1926 4374 edidissem:

342 4438 468 4493 qua:
509 4420 606 4492 qui
654 4419 869 4476 vellent
902 4419 1085 4489 legere
1115 4457 1131 4483 ,
1172 4415 1546 4488 cognitionem
1607 4412 1928 4484 dogmatum

341 4514 646 4586 perfectam
670 4511 878 4568 habere
901 4518 1167 4581 possent;
1200 4516 1258 4565 et
1281 4507 1377 4578 qui
1396 4508 1506 4579 jam
1526 4520 1697 4577 perse
1723 4519 1934 4576 cogno-

2030 3970 2160 4010 vera
2191 3962 2367 4019 est,et
2397 3968 2508 4008 non
2534 3962 2619 4009 est
2649 3952 2704 4007 in
2732 3953 2816 4008 eis
2851 3954 3226 4010 mendacium.
3256 3955 3407 4012 lianc
3427 3966 3613 4013 autem
3652 4016 3655 4017 ν

2031 4046 2158 4101 dico
2188 4061 2373 4100 veram
2394 4089 2409 4110 ,
2439 4061 2552 4100 non
2581 4044 2711 4115 quia
2759 4061 2790 4099 a
2830 4061 2919 4102 me
2949 4047 3155 4118 scripta
3184 4056 3271 4103 est
3306 4067 3318 4102 :
3354 4065 3467 4103 non
3510 4050 3616 4106 hoc

2030 4139 2179 4203 dico,
2210 4152 2284 4194 ne
2306 4137 2435 4208 quis
2464 4137 2571 4192 hoc
2604 4146 2783 4208 putet,
2810 4154 2915 4194 nec
2959 4140 3245 4195 existimet
3297 4157 3384 4196 me
3420 4142 3490 4196 de
3528 4158 3615 4198 me

2031 4229 2262 4293 sentire,
2332 4237 2695 4299 praeterquam
2743 4229 2949 4286 sentire
2993 4240 3231 4301 oportet.
3283 4231 3408 4287 Scio
3438 4233 3619 4299 enim,

2031 4338 2156 4377 cum
2190 4321 2294 4377 sim
2334 4329 2478 4379 terra
2511 4331 2567 4377 et
2600 4321 2761 4387 cinis,
2784 4338 2966 4394 neque
2996 4339 3179 4379 sermo
3208 4324 3281 4379 sit
3310 4326 3471 4390 mibi,
3502 4342 3616 4396 quo

2031 4413 2197 4485 digna
2228 4421 2314 4470 est
2348 4413 2705 4484 praedicatio;
2744 4414 2840 4471 sed
2869 4414 3002 4485 quia
3029 4415 3288 4472 doctrina
3325 4424 3412 4473 est
3451 4417 3614 4474 theo-

2030 4505 2280 4577 logorum
2308 4505 2582 4570 virorum,
2613 4514 2670 4561 et
2693 4504 2917 4562 traditio
2940 4507 3191 4579 perfecta
3212 4549 3226 4574 ,
3252 4525 3377 4581 qua:
3408 4509 3477 4565 ad
3512 4526 3618 4566 nos

342 4615 599 4672 scerent,
631 4604 720 4661 vel
755 4602 1069 4666 discerent,
1095 4601 1186 4657 vel
1216 4601 1412 4655 saltem
1438 4598 1663 4654 labores
1704 4606 1929 4652 nostros
1970 4668 1994 4672 λ
2034 4607 2295 4668 tanquam
2317 4607 2550 4670 paterna
2584 4599 2883 4656 haereditas
2915 4600 3160 4672 legitime
3188 4601 3344 4658 venit
3373 4600 3442 4656 ad
3471 4603 3618 4659 filios

341 4668 608 4768 sutl‘ragio
642 4710 746 4751 suo
771 4691 1239 4763 comprobarent,
1273 4691 1321 4746 si
1356 4690 1493 4744 tales
1515 4703 1639 4744 esse
1665 4685 1929 4743 videren-
1956 4668 1999 4728 (ἶ
2034 4668 2335 4762 legitimos?
2361 4708 2391 4747 a
2431 4691 2689 4762 patribus
2727 4668 3150 4763 spiritual'ibus;
3187 4709 3331 4763 quos
3364 4704 3613 4759 secutus,

345 4798 472 4858 tur;
516 4788 772 4845 fortassis
825 4786 975 4842 enim
1019 4783 1114 4840 alii
1161 4782 1541 4853 improbarent
1574 4798 1587 4836 :
1618 4796 1731 4836 non
1776 4779 1929 4836 enim

342 4887 529 4951 potest
554 4893 675 4934 esse
702 4894 812 4933 una
843 4875 1093 4932 omnium
1119 4873 1423 4939 sententia,
1467 4871 1599 4943 quia
1629 4878 1759 4926 sunt
1788 4870 1929 4925 alle-

342 4972 559 5028 ctiones
584 4980 792 5027 nostra:
822 4968 1147 5025 ditl’erentes
1168 4983 1183 5035 ;
1208 4975 1265 5023 et
1285 4980 1399 5022 non
1421 4979 1616 5021 omnes
1637 4962 1707 5019 de
1731 4962 1927 5019 eadem

343 5081 404 5122 re
432 5081 543 5121 uno
570 5065 739 5121 modo
760 5062 1054 5120 sentimus.

412 5156 481 5212 ll.
512 5156 790 5213 Caeterum
826 5163 1110 5226 utcunque
1136 5150 1398 5224 judicent
1428 5148 1525 5221 qui
1553 5148 1673 5204 haec
1695 5146 1923 5217 scripta,

305 5247 319 5269 '
342 5259 405 5305 ut
427 5249 720 5323 probabile
743 5258 864 5314 est,
894 5246 1097 5304 lecturi
1122 5252 1284 5311 sunt,
1318 5242 1362 5300 si
1396 5242 1542 5299 forte
1576 5241 1790 5314 integra
1820 5255 1884 5297 ea
1905 5282 1920 5307 ,

340 5351 396 5398 et
426 5356 539 5407 non
591 5339 662 5399 ab
714 5338 959 5396 inimicis
987 5338 1285 5408 depravata
1334 5334 1484 5391 nacti
1532 5333 1747 5389 fuerint
1780 5351 1793 5387 :
1826 5348 1929 5406 ego

343 5444 529 5489 tamen
574 5434 668 5489 illa
723 5440 1059 5503 magnopere
1094 5429 1298 5485 conlidi
1341 5430 1492 5485 nulla
1550 5445 1619 5485 ex
1680 5440 1839 5500 parte
1896 5444 1929 5485 a

342 5525 580 5582 veritate
596 5524 941 5594 discrepare,
978 5520 1076 5576 sed
1100 5521 1285 5592 potius
1309 5537 1434 5577 cum
1460 5521 1799 5593 incorruptis
1827 5520 1929 5577 do-

340 5618 547 5675 ctrinis
593 5617 819 5674 Patrum
864 5614 1179 5671 consentire
1228 5629 1294 5670 ac
1331 5628 1661 5681 consonare,
1717 5629 1857 5685 quas
1894 5628 1928 5667 a

342 5710 608 5784 pueritia,
631 5719 690 5767 et
719 5717 783 5767 ut
810 5708 1013 5766 dicitur
1032 5747 1048 5774 ,
1093 5722 1127 5763 a
1158 5705 1371 5763 teneris
1398 5707 1716 5780 unguiculis
1760 5704 1918 5778 sequi

416 5874 433 5904 '
462 5872 647 5929 Amos.
676 5886 750 5933 γ..
792 5873 873 5927 ll.

953 5874 971 5904 ’
999 5872 1040 5928 ll
1069 5870 1192 5928 Cor.
1230 5886 1322 5938 xu,
1357 5870 1442 5927 ll.
1520 5872 1540 5904 ⁸
1570 5870 1614 5927 ll
1644 5870 1770 5929 Cor.
1798 5888 1911 5937 xm,
1942 5870 1995 5925 5.

2033 4793 2090 4841 et
2118 4784 2202 4840 eis
2225 4784 2538 4840 assentiens
2573 4784 2641 4840 ad
2675 4785 2793 4841 haec
2820 4786 3176 4842 scribendum
3210 4788 3420 4845 accessi
3445 4828 3461 4853 ,
3487 4788 3615 4860 jura

2034 4884 2253 4945 patrum
2313 4890 2565 4930 meorum
2619 4875 2758 4930 mihi
2806 4874 3098 4929 vindicans
3156 4875 3296 4945 (haec
3332 4876 3484 4932 enim
3528 4885 3616 4933 est

2033 4968 2120 5024 lex
2138 4968 2348 5039 optime
2369 4967 2720 5038 constituta),
2751 4974 2809 5022 et
2832 4981 3026 5022 eorum
3050 4967 3337 5025 laboribus
3352 4977 3613 5041 tanquam

2032 5062 2275 5133 propriis
2297 5061 2462 5117 bonis
2499 5060 2745 5132 glorians
2777 5076 2792 5114 :
2822 5069 2881 5116 et
2910 5059 2963 5114 id
2993 5058 3220 5129 quidem
3262 5075 3375 5114 non
3410 5061 3613 5131 injuria

2034 5165 2091 5211 et
2116 5154 2416 5211 immerito.
2455 5153 2630 5210 Nemo
2676 5152 2846 5225 igitur
2874 5151 3284 5208 contumeliose
3320 5151 3456 5207 vitio
3482 5168 3611 5207 vcr-

2036 5257 2115 5304 tat
2146 5267 2159 5303 :
2191 5247 2448 5304 Parentes
2474 5244 2623 5302 enim
2651 5246 3013 5301 thesaurizant
3043 5244 3172 5315 ﬁliis
3202 5247 3221 5276 ‘
3239 5262 3260 5312 ;
3291 5245 3374 5302 sic
3395 5245 3567 5300 Paulo
3590 5246 3612 5279 '

2030 5342 2087 5399 in
2122 5359 2233 5414 quo
2261 5341 2522 5398 Christus
2547 5340 2904 5412 loquebatur,
2923 5339 3104 5395 visum
3122 5348 3230 5395 est.
3255 5338 3324 5394 Et
3353 5338 3610 5394 Salomon

2030 5434 2109 5491 ait
2133 5452 2146 5488 :
2176 5432 2441 5491 Gloriatio
2477 5431 2716 5503 ﬁliorum
2741 5439 2922 5502 patres
2945 5447 3128 5485 eorum
3154 5430 3197 5485 ‘.

2100 5526 2192 5582 lll.
2225 5525 2496 5594 Quoniam
2543 5524 2711 5597 igitur
2736 5532 2959 5594 oportet
2998 5540 3126 5581 eum
3164 5524 3259 5596 qui
3300 5523 3482 5579 factus
3522 5529 3611 5577 est

2027 5616 2311 5688 particeps
2374 5617 2668 5683 sermonis,
2704 5613 3010 5688 praesertim
3051 5617 3121 5674 de
3174 5616 3281 5671 fide
3335 5615 3477 5687 (haec
3521 5624 3611 5672 est

2028 5704 2230 5776 reliqui
2288 5705 2507 5762 aedificii
2570 5706 3023 5778 firmamentum),
3059 5703 3333 5776 impertiri
3400 5702 3607 5759 libera-

2077 5870 2093 5901 ⁸
2124 5867 2286 5926 Prov.
2316 5886 2444 5938 xm,
2473 5872 2522 5924 6.
