4072 6586
512 371 643 437 ifill

508 578 719 632 enitare
748 591 815 630 ex
857 574 927 629 iis
971 590 1091 644 quae.
1119 572 1355 636 didicit,
1389 579 1724 627 metuentem
1768 566 2084 638 exemplum

509 671 631 741 ejus
652 668 746 738 qui
776 669 1039 722 talentum
1066 665 1313 731 defodit;
1341 663 1551 719 ideirco
1584 677 1867 732 nunquam
1896 659 2087 715 destiti

514 764 666 833 loqui
693 773 746 817 et
771 761 1016 817 scribere
1047 775 1171 814 eum
1212 767 1430 828 tempus
1449 765 1591 821 erat,
1624 771 1751 811 eum
1776 753 1984 824 alioqui
2018 752 2089 807 ad

518 856 661 909 nihil
717 852 869 907 aliud
921 850 1143 921 penitus
1194 850 1432 905 idoneus
1492 864 1710 909 essem.
1753 846 1959 917 quippe
1996 846 2091 916 qui

516 963 714 1016 ettpers
745 960 924 1000 essem
956 943 1298 1013 disciplinae,
1331 950 1388 996 et
1427 942 1639 996 nullum
1669 940 1991 1011 magistrum
2025 954 2094 993 ex

518 1035 763 1091 externis
788 1032 1133 1104 sapientibus
1150 1032 1284 1084 mihi
1312 1030 1613 1100 professus.
1647 1030 1762 1083 lloc
1787 1038 1971 1082 autem
1999 1043 2097 1081 au-

520 1128 625 1183 deo
645 1127 851 1189 dicere,
889 1141 976 1180 me
1007 1140 1039 1178 a
1069 1124 1302 1178 veritate
1323 1138 1607 1190 nunquam
1629 1120 1939 1182 aberrasse,
1964 1120 2098 1173 licet

521 1216 588 1270 ad
613 1231 734 1271 eam
774 1211 1256 1268 demonstrandam
1278 1225 1460 1264 sermo
1492 1208 1744 1263 inlirmus
1768 1207 1971 1272 fuerit;
1997 1222 2100 1262 nec

526 1308 579 1362 in
620 1306 972 1377 dogmatibus
1025 1304 1192 1358 verba
1242 1302 1339 1356 Dei
1370 1301 1552 1355 libens
1587 1299 1882 1363 recusavi,
1918 1314 2101 1368 neque

525 1404 676 1450 retro
706 1392 1109 1448 confessionem
1139 1390 1369 1459 reliqui;
1402 1388 1497 1444 sed
1521 1388 1705 1458 potius
1734 1397 2008 1458 quantum
2045 1386 2100 1440 in

525 1504 613 1543 me
652 1487 779 1550 fuit,
809 1486 1035 1540 semitas
1071 1485 1293 1538 Patrum
1321 1498 1572 1538 meorum
1601 1490 1927 1552 persecutus
1954 1497 2100 1543 sum,

526 1583 619 1652 qui
657 1580 903 1643 aiebant,
931 1592 1131 1646 meque
1156 1576 1428 1631 docebant
1460 1593 1473 1629 :
1504 1595 1522 1627 ι
1557 1576 1774 1630 Nitatur
1796 1589 1979 1630 sermo
2002 1591 2105 1630 no-

526 1680 642 1726 ster
679 1672 734 1724 in
760 1678 943 1724 mente
978 1676 1101 1730 tua;
1133 1682 1288 1723 serva
1318 1667 1573 1721 mandata
1600 1681 1721 1720 mea
1746 1707 1760 1731 ,
1788 1681 1860 1719 ne
1902 1666 2104 1721 oblivi-

528 1763 721 1828 scaris,
762 1777 867 1817 nec
910 1761 1160 1832 negligas
1202 1760 1315 1815 oris
1341 1760 1519 1815 nostri
1577 1761 1769 1815 verba.
1807 1779 1825 1811 ι
1859 1761 2103 1832 Vestigia

890 446 899 453 ,
1634 369 1696 430 S.
1722 361 2125 427 ANASTASII
2152 360 2622 422 AN'I‘IOCHENI

509 486 637 541 liter
658 484 727 538 iis
759 482 854 554 qul
880 481 1132 552 indigent
1154 478 1239 535 vel
1270 478 1438 535 etiam
1472 486 1692 549 petunt,
1721 486 1778 532 et
1812 476 1952 531 nihil
1989 490 2084 529 oc-
2118 485 2157 533 Α

3649 352 3776 418 1312

2192 472 2246 527 in
2277 471 2510 526 humilia
2539 467 2908 523 humanitatis
2945 474 3169 531 nostrae,
3199 475 3256 522 et
3296 476 3527 538 propter
3563 484 3667 522 nos
3696 485 3778 524 asa

2192 574 2448 635 sumpta.
2476 564 2548 619 Ut
2584 569 2770 616 autem
2805 559 2861 613 in
2892 559 2982 615 his
3016 558 3435 630 progrediamur
3459 602 3474 626 ,
3504 559 3782 630 supplice-

2192 675 2317 715 mus
2343 659 2500 728 prius
2527 658 2640 711 Deo
2664 696 2678 719 ,
2717 655 2798 710 sic
2839 668 2968 707 eum
3015 660 3303 722 precantes
3334 670 3349 705 :
3378 651 3576 707 Reveta
3610 653 3782 709 oculos

2192 769 2336 810 meos
2364 791 2378 816 ,
2410 760 2459 805 et
2489 747 2833 804 considerabo
2866 745 3137 801 mirabilia
3172 746 3235 800 de
3267 745 3381 817 lege
3410 754 3502 801 tua
3524 747 3587 812 ‘;
3622 747 3781 802 intel-

2194 846 2430 915 ligentes
2459 842 2682 897 nomine
2709 840 2836 911 legis
2887 854 3109 893 omnem
3138 847 3385 893 sanetam
3425 848 3481 893 et
3514 838 3785 893 divinitus

2198 938 2435 993 afllatam
2466 935 2832 1004 Scripturam,
2860 948 2928 986 ex
2957 948 3063 1001 qua
3107 940 3369 1001 tanquam
3410 948 3475 986 ex
3520 931 3785 986 thesauro

2200 1028 2440 1091 Domini,
2463 1032 2785 1097 promentes
2799 1039 2945 1078 nova
2971 1032 3029 1078 et
3046 1030 3256 1085 vetera,
3283 1022 3641 1079 studebimus
3663 1038 3789 1077 eon-

2201 1120 2379 1175 servis
2415 1117 2794 1172 distribuere:
2844 1115 2961 1170 haec
3005 1122 3188 1169 autem
3232 1113 3561 1166 distributio
3603 1112 3787 1167 divina

2202 1211 2377 1281 gratia
2401 1217 2458 1265 et
2484 1207 2778 1278 sapientia,
2802 1223 2867 1261 ac
2894 1205 3191 1277 prudentia
3214 1205 3442 1275 indiget.
3462 1203 3602 1269 Quis
3619 1204 3782 1265 enim,

2206 1304 2406 1372 inquit,
2437 1302 2738 1371 estsapiens
2761 1299 3097 1368 dispensator
3118 1307 3167 1351 et
3187 1296 3445 1367 prudens,
3479 1313 3645 1366 quem
3670 1313 3789 1349 con-

2204 1396 2373 1449 stituit
2403 1392 2645 1449 dominus
2672 1408 2830 1462 super
2862 1390 3125 1461 familiam
3143 1407 3299 1443 suam
3326 1397 3385 1442 ut
3416 1390 3502 1442 det
3537 1389 3711 1442 cibum
3736 1389 3788 1442 in

2209 1496 2442 1558 tempore
2476 1487 2495 1517 ⁷
2516 1487 2540 1540 ?
2563 1485 2755 1541 Divina
2784 1485 2953 1555 igitur
2980 1482 3392 1538 illuminatione
3424 1497 3574 1552 opus
3601 1492 3688 1536 est
3715 1482 3780 1534 lo

2209 1577 2401 1649 quenti
2421 1576 2487 1632 de
2509 1578 2622 1632 Deo
2649 1595 2661 1632 :
2690 1577 2900 1645 absque
2937 1575 3087 1629 enim
3113 1590 3180 1630 eo
3206 1572 3416 1643 aliquid
3445 1572 3517 1628 de
3541 1588 3614 1628 eo
3641 1573 3786 1643 loqui

2209 1670 2367 1725 valde
2395 1669 2772 1740 periculosum
2801 1680 2907 1723 est.

2283 1762 2349 1817 ν.
2381 1763 2621 1833 Purgato
2656 1761 2822 1832 igitur
2869 1758 3019 1814 omni
3052 1773 3219 1813 sensu
3241 1799 3257 1823 ,
3293 1758 3380 1813 vel
3422 1756 3619 1828 potius
3643 1757 3787 1811 omni

530 1852 730 1922 pedum
766 1866 958 1905 eorum
990 1851 1044 1905 in
1077 1849 1281 1904 divinis
1316 1848 1668 1919 dogmatibus
1704 1858 1930 1905 secutus
1962 1865 2105 1916 sum,
2143 1851 2182 1905 Β
2212 1869 2376 1909 sensu
2402 1854 2620 1918 relicto,
2649 1862 2705 1907 et
2735 1867 2899 1921 supra
2930 1859 3133 1905 terram
3168 1851 3223 1904 in
3256 1850 3431 1904 altum
3461 1849 3701 1913 sublati,
3731 1864 3791 1903 ac

530 1960 634 1999 nec
666 1943 735 1998 ad
761 1943 1009 1998 dextram
1041 1958 1145 1998 nec
1178 1942 1243 1997 ad
1282 1941 1565 1996 sinistram
1602 1957 1846 2012 unquam
1880 1942 2101 1998 deﬂexi.

530 2035 924 2102 Quamobrem,
954 2035 1071 2089 Non
1122 2035 1371 2089 abscondi
1421 2036 1843 2090 misericordiam
1883 2036 2002 2101 Dei,
2056 2046 2104 2091 et

530 2128 806 2181 ceritatem
833 2128 947 2197 ejus
988 2145 1020 2180 a
1055 2144 1325 2198 synagoga
1368 2128 1658 2182 multorum
1682 2130 1725 2193 ",
1763 2139 1824 2183 ut
1848 2129 2105 2199 loquerer

534 2220 588 2273 in
619 2220 849 2274 ecclesia
873 2220 1200 2289 p0pulorum
1232 2220 1535 2274 multorum
1561 2221 1980 2291 iustificationes
2001 2224 2108 2277 Do-

532 2310 708 2373 mini,
738 2327 875 2381 quas
911 2327 942 2365 a
987 2310 1247 2366 Patribus
1308 2310 1502 2366 didici.
1554 2312 1745 2383 Itaque
1799 2315 2106 2384 comperies

532 2412 718 2473 patres
766 2418 865 2471 per
896 2418 981 2457 me
1023 2402 1279 2458 docuisse
1325 2402 1454 2473 (nisi
1499 2403 1723 2459 audacis
1754 2413 1839 2459 est
1877 2405 1984 2461 hoc
2018 2406 2107 2459 di-

533 2494 683 2563 cere)
710 2494 856 2564 quod
891 2496 945 2549 in
969 2495 1039 2550 iis
1063 2511 1185 2565 qua:
1208 2496 1339 2550 olim
1374 2512 1404 2551 a
1449 2512 1535 2550 me
1568 2498 1773 2566 scripta
1803 2506 1933 2551 sunt
1956 2540 1971 2564 ,
2016 2498 2107 2552 in-

534 2597 795 2657 corrupte
831 2587 1006 2659 legis:
1039 2604 1108 2644 ex
1143 2589 1370 2659 copioso
1396 2589 1543 2644 enim
1582 2590 1737 2645 fonte
1766 2590 2019 2645 laborum
2046 2591 2111 2645 il-

535 2678 715 2733 lorum
775 2688 861 2735 est
904 2680 1021 2736 haec
1074 2682 1322 2752 guttula,
1371 2691 1430 2737 et
1473 2698 1542 2737 ex
1597 2683 1831 2753 perenni
1882 2683 2108 2740 ﬂumine

533 2768 767 2839 exiguus
809 2778 1065 2827 torrens:
1100 2772 1275 2828 instar
1314 2788 1551 2842 namque
1603 2774 1944 2844 aspersionis
1983 2791 2108 2830 eum

536 2878 701 2916 amne
724 2872 1036 2931 comparata
1067 2873 1196 2920 sunt
1224 2881 1343 2919 mea
1371 2881 1497 2920 cum
1522 2865 1630 2921 illis
1651 2866 1870 2930 collata,
1888 2866 2110 2922 tametsi

528 2960 770 3022 cognata
806 2954 916 3008 illis
943 2962 1103 3019 sunt;
1135 2953 1341 3023 quibus
1378 2954 1487 3026 jam
1518 2954 1685 3009 editis
1735 2954 1804 3010 iis
1847 2956 1942 3026 qui
1982 2964 2113 3012 tunc

536 3060 604 3099 ea
633 3045 950 3109 voluerunt,
989 3062 1434 3117 supervacaneus
1454 3056 1569 3102 erat
1599 3047 1690 3102 hic
1711 3064 1868 3103 meus
1896 3049 1949 3103 in
1974 3067 2112 3120 βηθ-

542 3135 685 3189 senti
717 3136 891 3201 lahor,
925 3137 971 3191 si
1001 3138 1090 3191 illa
1116 3137 1391 3191 adessent.
1424 3128 1655 3191 Possent
1691 3138 1838 3193 enim
1866 3138 1982 3209 ipsa
2011 3155 2111 3209 pro

2213 1963 2410 2003 rursus
2436 1962 2622 2002 aerem
2649 1948 2830 2017 ipsum
2856 1960 3080 2001 sursum
3107 1952 3564 2007 transeuntes,et
3589 1943 3659 1998 ad
3683 1957 3789 1997 co:-

2212 2042 2325 2096 lum
2360 2040 2582 2107 elevati,
2611 2049 2667 2094 et
2690 2040 2734 2093 si
2788 2038 2908 2093 fieri
2954 2045 3140 2107 potest
3168 2076 3182 2101 ,
3220 2050 3385 2105 supra
3438 2036 3631 2105 ipsum
3674 2049 3795 2103 pro-

2214 2133 2384 2197 vecti,
2412 2141 2468 2187 et
2500 2139 2686 2187 mente
2718 2131 2787 2184 ab
2823 2130 2974 2184 omni
2994 2127 3330 2199 cogitatione
3366 2143 3573 2183 sensus
3598 2142 3790 2195 corpo.

2214 2227 2295 2280 rei
2326 2224 2524 2289 libera,
2542 2222 2689 2277 nuda
2709 2221 3073 2292 intelligentia
3100 2219 3441 2288 incorporeis
3470 2234 3580 2273 nos
3607 2217 3795 2286 adjun-

2215 2330 2429 2387 gamus,
2462 2330 2491 2367 a
2525 2312 2733 2383 quibus
2770 2311 2927 2381 quasi
2958 2326 3122 2365 manu
3147 2310 3299 2364 ducti
3324 2319 3380 2363 et
3408 2308 3599 2362 edocti
3634 2316 3788 2362 natu-

2216 2422 2333 2461 rain
2380 2421 2503 2476 quae
2549 2413 2761 2459 natura:
2808 2402 3115 2467 antecellit,
3164 2412 3223 2456 et
3263 2401 3639 2456 substantiam
3678 2416 3791 2468 qua

2216 2495 2563 2560 substantiae,
2606 2494 3084 2563 contemplemur,
3130 2492 3411 2563 cognitam
3451 2492 3685 2561 quidem
3728 2505 3787 2544 ex

2216 2588 2602 2652 afﬁrmatione,
2636 2601 2747 2641 non
2778 2586 2913 2656 quid
2943 2594 3050 2650 est,
3087 2587 3183 2641 sed
3210 2586 3356 2656 quod
3380 2595 3499 2650 est;
3532 2601 3603 2640 ex
3635 2600 3790 2655 nega-

2220 2681 2369 2736 tione
2400 2696 2533 2735 vero
2565 2679 2769 2735 dictam
2801 2679 2936 2749 quid
2963 2694 3077 2733 non
3103 2686 3209 2734 est.
3242 2679 3362 2734 Non
3386 2679 3540 2733 enim
3566 2693 3695 2733 vera
3713 2685 3787 2732 est

2216 2770 2442 2842 positio,
2458 2786 2579 2841 quae
2594 2770 2662 2825 de
2684 2768 2993 2824 substantia
3010 2785 3132 2838 qua:
3156 2770 3371 2825 ratione
3399 2767 3786 2838 comprehendi

2217 2880 2330 2919 non
2362 2871 2568 2934 potest,
2609 2862 2976 2933 praedicatur;
3004 2862 3216 2917 ablatio
3239 2871 3423 2917 autem
3458 2862 3640 2931 magis
3668 2876 3785 2915 vera

2219 2967 2342 3021 est,
2374 2973 2496 3026 qua:
2532 2964 2696 3026 negat
2730 2973 2743 3008 :
2776 2953 2821 3010 si
2851 2954 3077 3024 quando
3118 2970 3250 3009 vero
3283 2970 3411 3009 vera
3441 2954 3555 3008 erit
3597 2953 3787 3023 positio

2219 3065 2342 3120 qua:
2373 3047 2489 3118 ipsa
2519 3047 2747 3111 dicitur,
2787 3062 2899 3100 non
2927 3045 3234 3101 declarabit
3270 3045 3638 3100 audientibus
3665 3043 3786 3113 quid

2220 3152 2326 3205 est,
2358 3157 2464 3196 nec
2495 3140 2707 3210 aperiet
2735 3151 2991 3194 naturam
3032 3140 3306 3210 ignotam;
3339 3139 3435 3193 sed
3473 3137 3786 3208 patefaciet,

544 3240 604 3279 se
630 3226 988 3295 respondere,
1009 3238 1065 3281 et
1091 3226 1358 3281 studiosis
1381 3226 1594 3292 nostri,
1629 3236 1685 3282 et
1717 3205 1929 3284 sciendi
1956 3205 2112 3300 cupi-
2142 3205 2184 3261 ο
2218 3235 2495 3306 quomodo
2599 3233 2801 3288 habeat
2819 3233 2887 3287 ad
2919 3248 2985 3286 ea
3016 3205 3139 3301 qua:
3161 3247 3228 3285 ex
3256 3231 3374 3300 ipsa
3405 3205 3689 3300 pendent:
3716 3226 3789 3281 id-

538 3312 631 3367 dis
655 3312 902 3369 debitum
931 3315 1144 3370 solvere
1178 3331 1191 3368 :
1222 3314 1351 3384 quia
1381 3330 1513 3368 vero
1544 3331 1698 3370 nunc
1741 3316 1834 3372 illa
1880 3334 1990 3372 non
2021 3336 2116 3374 su-

544 3417 774 3477 persunt
827 3417 1055 3479 propter
1109 3408 1353 3463 divinam
1416 3408 1790 3466 visitationem
1847 3428 1953 3482 qua
2014 3429 2118 3468 nos

544 3509 794 3555 amanter
819 3508 874 3554 et
903 3500 1139 3571 benigne
1178 3500 1424 3566 instruit,
1456 3510 1512 3556 et
1533 3500 1600 3556 ad
1625 3512 2001 3574 contemptum
2034 3521 2120 3560 re-

546 3607 669 3645 rum
692 3602 1040 3647 terrenarum
1072 3610 1193 3664 qua:
1219 3595 1376 3651 fluxa:
1414 3603 1470 3651 et
1500 3596 1722 3652 caduca:
1757 3608 1907 3664 sunt,
1957 3616 2116 3655 excr-

548 3694 657 3748 cet,
682 3694 742 3739 ut
771 3684 863 3740 illa
882 3686 1046 3757 digna
1068 3702 1187 3741 esse
1212 3687 1557 3757 possessione
1573 3690 1973 3758 existimemus,
2000 3709 2121 3763 qua:

550 3777 712 3848 dirigi
739 3793 846 3832 non
864 3787 1118 3849 possunt.
1151 3780 1230 3834 Tu
1276 3796 1407 3835 vero
1455 3782 1757 3837 amicorum
1790 3785 1995 3854 optime
2017 3826 2031 3850 ,
2066 3792 2124 3841 et

549 3868 793 3924 virorum
826 3870 1251 3928 honoratissime
1278 3913 1293 3938 ,
1343 3872 1661 3944 frequenter
1694 3891 1724 3929 a
1761 3892 1848 3932 me
1886 3876 2029 3947 petis
2066 3887 2125 3934 et

551 3977 733 4030 rogas,
764 3971 819 4018 et
841 3964 1092 4034 plerique
1122 3965 1218 4019 alii
1252 3974 1434 4021 tecum
1461 4007 1475 4031 ,
1511 3978 1573 4023 ut
1595 3968 1793 4025 scribis
1816 4013 1832 4037 ,
1870 3979 1931 4026 ut
1958 3987 2121 4043 quam

550 4050 663 4104 vim
701 4051 793 4105 illa
830 4053 1118 4119 haberent,
1154 4055 1253 4110 tibi
1279 4072 1574 4128 exponam.

621 4145 711 4200 lV'.
749 4144 1117 4213 Quamobrem
1150 4161 1408 4220 oportere
1434 4151 1745 4208 existimavi
1767 4194 1781 4217 ,
1810 4160 1873 4208 ut
1901 4163 2127 4211 senten-

553 4238 683 4292 tiam
708 4238 930 4294 illorum
964 4240 1019 4295 in
1054 4257 1227 4311 pauca
1258 4244 1627 4310 contrahens,
1661 4244 1882 4302 brevem
1922 4249 2125 4319 repeti-

553 4330 761 4386 tionem
788 4335 1106 4389 summatim
1149 4336 1387 4391 facerem
1408 4380 1421 4401 ,
1451 4339 1624 4393 multa
1655 4340 1845 4409 paucis
1880 4341 2125 4412 comple-

551 4432 743 4491 ctens;
781 4433 837 4481 et
868 4426 1117 4482 fortassis
1161 4429 1573 4485 accommodate
1614 4431 1681 4485 ad
1718 4439 1932 4502 tempus
1978 4434 2124 4504 quod

2219 3344 2327 3398 que
2360 3327 2517 3382 valde
2549 3326 2792 3382 tenuiter
2835 3333 2892 3379 et
2936 3324 3186 3390 minute;
3218 3332 3279 3378 ut
3301 3323 3345 3377 si
3371 3324 3498 3392 quis
3531 3322 3705 3376 solem
3736 3320 3784 3374 in

2221 3436 2364 3490 aqua
2392 3428 2449 3475 et
2477 3419 2531 3473 in
2574 3417 2799 3489 speculo
2826 3415 3093 3472 ostendit.
3141 3414 3433 3483 Quomodo
3462 3414 3637 3485 igitur
3679 3413 3785 3468 ﬁeri

2222 3520 2424 3582 potest,
2451 3522 2512 3566 ut
2542 3526 2799 3566 sermone
2822 3509 3103 3571 laudetur.
3128 3509 3225 3578 qui
3254 3507 3525 3563 rationem
3553 3517 3614 3564 et
3635 3506 3784 3561 intel-

2222 3604 2509 3675 ligentiam
2536 3603 2798 3674 superat?
2824 3611 2919 3657 aut
2939 3599 3074 3672 quid
3102 3600 3213 3656 diei
3253 3608 3455 3671 potest,
3490 3610 3554 3654 ut
3593 3616 3623 3654 a
3659 3615 3785 3669 quo-

2223 3696 2369 3767 piam
2392 3712 2494 3767 pro
2523 3695 2793 3766 dignitate
2812 3694 3229 3749 demonstretur
3248 3693 3497 3756 notione,
3516 3692 3614 3762 qui
3635 3708 3785 3762 supra

2223 3790 2506 3847 notionem
2563 3789 2689 3844 est?
2746 3787 2846 3843 llic
2900 3796 2985 3842 est
3032 3787 3280 3842 omniunt
3347 3786 3783 3845 ﬁrmamentum,

2226 3882 2476 3937 omnium
2502 3881 2696 3948 robur,
2728 3880 2977 3935 omnium
3008 3877 3343 3949 principium
3371 3918 3385 3941 ,
3416 3877 3566 3933 unde
3618 3876 3783 3931 omnia

2227 3983 2476 4039 manant,
2499 3983 2555 4029 et
2574 3988 2683 4044 quo
2700 3972 2885 4027 omnia
2911 3979 3185 4041 spectant,
3212 3969 3547 4040 principium
3578 3977 3635 4024 et
3653 3967 3782 4026 ﬁnis.

2226 4078 2284 4124 et
2297 4066 2469 4138 Alpha
2489 4065 2713 4136 (inquit)
2731 4073 2780 4118 et
2801 4063 3021 4133 Omega,
3044 4064 3189 4116 sicut
3204 4062 3347 4116 dixit
3367 4062 3689 4133 theologans
3702 4058 3781 4128 qui

2230 4161 2546 4230 theologum
2572 4156 2841 4222 docuit“;
2876 4155 2972 4226 qui
3012 4153 3165 4219 facit,
3202 4163 3265 4209 ut
3286 4168 3409 4223 qua:
3442 4162 3599 4216 sunt,
3629 4152 3783 4211 sint’;

2228 4263 2279 4307 et
2310 4268 2431 4322 quae
2455 4249 2701 4306 nondum
2731 4256 2861 4305 sunt
2887 4289 2901 4310 .
2949 4257 3011 4303 ut
3055 4248 3277 4317 capiant
3302 4255 3487 4300 ortum
3517 4287 3532 4312 ,
3584 4245 3676 4317 qui
3712 4251 3784 4299 est

2228 4347 2366 4402 ordo
2396 4361 2589 4402 eorum
2616 4361 2739 4416 qua:
2770 4360 2839 4399 ex
2866 4342 3042 4397 nihilo
3071 4342 3212 4397 facta
3245 4350 3392 4407 sunt,
3418 4349 3475 4397 et
3496 4341 3711 4396 duratio
3730 4352 3783 4393 ac

2228 4439 2601 4502 conservatio,
2628 4446 2827 4492 natura
2854 4436 3133 4499 creatrix,
3177 4434 3362 4489 virtus
3404 4433 3681 4497 efﬁciens,
3714 4432 3784 4485 in-

549 4516 715 4571 nobis
738 4520 1001 4588 suppetit,
1034 4528 1090 4575 et
1123 4519 1190 4574 ad
1242 4520 1485 4590 inopiam
1515 4522 1786 4578 librorum
1819 4539 1926 4594 qua
1969 4524 2113 4580 labo-

2234 4544 2398 4588 tuens
2426 4540 2483 4585 et
2508 4530 2832 4601 providens,
2856 4528 2970 4583 vita
2987 4527 3203 4591 vivens,
3233 4534 3290 4580 et
3310 4525 3525 4579 vivifica
3548 4523 3783 4579 substaito

554 4623 765 4664 ramus.
797 4609 866 4665 Et
895 4611 1026 4680 quia
1070 4612 1185 4668 scio
1218 4613 1510 4684 plerosque
1540 4615 1958 4671 multitudinem
1987 4617 2129 4673 scri-

554 4712 779 4773 ptorum
798 4702 1048 4759 fastidire
1076 4706 1250 4760 veluti
1272 4717 1622 4770 nauseantes,
1640 4706 1782 4762 sicut
1799 4707 1893 4778 qui
1912 4718 2128 4765 vastum

556 4809 708 4850 mare
746 4797 1100 4867 navigarunt,
1131 4807 1187 4853 et
1208 4799 1274 4854 ad
1301 4799 1477 4854 solum
1502 4809 1785 4870 aspectum
1820 4803 1999 4875 magni
2032 4819 2131 4859 vo-

555 4886 783 4944 luminis
809 4889 1190 4959 desperantes;
1221 4900 1447 4962 propter
1480 4892 1582 4949 hos
1618 4894 1819 4949 melius
1837 4912 1957 4951 esse
1980 4895 2133 4951 arbi-

552 4988 736 5035 tratus
760 4997 904 5046 sum,
933 4982 1179 5038 breviter
1204 4984 1451 5040 scribere
1468 5026 1483 5051 ,
1513 4996 1569 5041 et
1590 4986 1901 5044 satietatem
1924 4989 2131 5043 oratio-

550 5071 647 5125 nis
678 5073 866 5142 lugere
887 5113 902 5139 ,
930 5085 987 5129 et
1010 5090 1109 5145 per
1146 5084 1198 5131 te
1239 5077 1503 5133 omnibus
1530 5095 1843 5150 proponere
1880 5081 2128 5136 limatam

550 5163 870 5234 dogmatum
895 5169 1314 5237 expositionem.
1339 5187 1459 5241 qua:
1486 5173 1616 5227 satis
1637 5175 1708 5228 sit
1731 5173 1797 5228 ad
1817 5174 2129 5229 docendum

546 5270 654 5310 eos
682 5256 777 5325 qui
809 5273 873 5312 ea
905 5266 1153 5329 utantur,
1185 5279 1308 5333 quae
1334 5263 1542 5319 sentire
1575 5265 1642 5319 de
1671 5264 1739 5320 iis
1768 5282 1890 5336 quae
1927 5266 2127 5321 dicun-

552 5357 672 5411 tur,
697 5356 753 5404 et
785 5366 907 5419 qua:
937 5368 1129 5407 cavere
1158 5364 1411 5425 oporteat
1437 5373 1451 5410 :
1484 5357 1746 5426 procedet
1774 5366 1961 5412 autem
2003 5372 2129 5412 ora-

552 5439 639 5495 tio
664 5442 808 5498 serie
836 5453 892 5498 et
916 5443 1111 5500 ordine
1134 5489 1149 5514 ,
1180 5458 1449 5516 quantum
1488 5449 1752 5520 consequi
1796 5458 2012 5520 potero,
2061 5449 2131 5506 ab

553 5536 853 5593 altioribus
868 5553 924 5592 et
952 5555 1074 5609 quae
1100 5557 1265 5611 supra
1285 5558 1389 5598 nos
1405 5554 1531 5599 sunt
1551 5560 1766 5611 exorsa,
1791 5552 1846 5599 et
1874 5543 2134 5601 desinens

630 5661 650 5690 '
700 5659 845 5717 Psal.
888 5676 1066 5726 xxxix,
1120 5662 1206 5716 Η.

2235 4621 2328 4675 tia.
2361 4619 2487 4678 Sola
2517 4629 2715 4673 natura
2749 4617 3074 4688 μεθεκτικὴ,
3118 4616 3173 4673 id
3202 4626 3289 4672 est
3310 4657 3327 4681 ,
3361 4616 3781 4677 communicatis,

2232 4728 2330 4783 per
2361 4710 2548 4766 omnia
2580 4726 2773 4766 means
2799 4752 2815 4775 ,
2862 4708 3069 4764 nullius
3096 4709 3389 4779 complexu
3421 4718 3677 4765 contenta
3704 4715 3783 4760 :et

2232 4802 2368 4874 quid
2395 4803 2543 4857 ullus
2572 4810 2755 4873 potest
2777 4801 2965 4857 dicere
2995 4800 3062 4855 de
3091 4800 3362 4855 ineﬂabili
3385 4801 3602 4855 inﬁnita
3622 4794 3779 4853 dicere

2236 4894 2500 4949 molitus?
2529 4893 2689 4960 Quod
2717 4894 2866 4948 enim
2895 4891 3148 4963 expromi
3189 4908 3301 4947 non
3344 4900 3548 4963 potest,
3576 4909 3679 4947 non
3701 4906 3771 4944 ει-

2234 4985 2566 5056 plicabitur;
2600 4992 2657 5039 et
2711 4984 2858 5053 quod
2907 4993 2993 5039 est
3040 5000 3211 5055 supra
3266 4998 3487 5038 omnem
3542 4992 3776 5043 mentem,

2231 5079 2385 5133 nulla
2403 5094 2559 5132 mens
2588 5077 3046 5146 comprehendet,
3076 5076 3330 5146 quamvis
3356 5075 3427 5130 sit
3448 5073 3775 5130 subtilissima

2232 5169 2301 5222 ad
2325 5167 2750 5238 penetrandum,
2779 5177 2837 5224 et
2860 5169 3177 5224 acutissima
3197 5168 3265 5222 ad
3289 5166 3776 5237 contemplandum:

2236 5276 2400 5316 nemo
2433 5261 2600 5331 igitur
2634 5268 2791 5331 putet
2815 5278 2875 5316 se
2904 5260 3443 5329 eomprehensurum
3474 5259 3621 5329 quod
3650 5271 3773 5313 com-

2237 5355 2506 5427 prehendi
2546 5372 2655 5409 non
2685 5362 2888 5425 potest,
2922 5369 3026 5409 nec
3064 5362 3417 5423 reperturum
3465 5352 3615 5424 quod
3648 5364 3775 5419 repe-

2238 5449 2335 5504 riri
2371 5465 2483 5504 non
2514 5456 2721 5520 potest.
2780 5447 3005 5501 Frustra
3051 5444 3180 5515 quia
3226 5454 3613 5515 persequetur,
3656 5438 3771 5511 quod

2239 5543 2460 5616 assequi
2488 5560 2599 5598 non
2626 5542 2855 5615 poterit.
2886 5542 3018 5596 Post
3056 5538 3300 5596 infinitas
3318 5554 3447 5610 ergo
3474 5538 3773 5609 excogitatas

1284 5662 1303 5693 ⁸
1326 5661 1466 5718 Psal.
1509 5664 1790 5729 cxvnt,18.
1863 5666 1881 5695 "
1904 5662 2039 5720 Luc.
2072 5666 2272 5731 “1,43.
2350 5665 2373 5696 ⁸
2398 5664 2568 5733 Apoc.
2591 5678 2626 5728 t,
2658 5662 2709 5715 8.
2788 5661 2807 5692 ⁸
2838 5660 2993 5714 Rom.
3025 5674 3098 5725 tv,
3140 5657 3220 5711 Π.

1866 5781 2102 5840 VARUE
2138 5778 2537 5837 LECTIONES.

629 5862 662 5889 ⁸
705 5852 843 5916 Quia
876 5851 1056 5915 Ferte,
1092 5852 1226 5918 quis.
