4072 6568
326 372 465 435 1313

1329 377 1616 438 ORATIO
1656 377 1705 439 Ι.
1731 400 1801 413 -ο
1832 373 1931 435 DE
1972 374 2078 437 SS.
2120 376 2562 443 TRINITATE.

3470 395 3607 461 131i

320 501 381 546 et
428 490 756 547 adinvcntas
788 492 1038 548 rationes
1063 531 1078 556 ,
1127 491 1307 546 solum
1340 492 1661 547 videbimur
1692 499 1911 549 ventos.
1943 491 1987 547 Α
2017 488 2088 543 Et
2114 498 2235 543 erat
2260 490 2315 546 in
2340 493 2503 547 Patre
2527 501 2582 548 et
2605 494 2751 565 apud
2787 495 3006 554 Patrem
3028 540 3043 565 ,
3066 515 3177 556 non
3202 500 3387 560 ferens
3407 524 3608 567 secun-

323 595 387 639 ut
413 585 470 639 in
497 584 805 641 Proverbio
829 585 1057 652 dicitur,
1084 586 1139 640 in
1162 585 1290 640 sinu
1319 585 1608 656 colligere,
1634 592 1691 638 et
1712 598 1914 654 aquam

325 672 383 727 in
414 672 581 744 pallio
617 689 815 746 cogere
846 683 905 729 et
936 674 1291 746 couglobare.
1319 673 1377 729 Si
1409 675 1559 729 enim
1590 682 1837 730 extrema
1860 674 1916 729 in

320 767 599 825 creaturis
610 769 776 823 nobis
790 767 1123 823 mortalibus
1147 766 1426 839 incognita
1448 776 1579 823 sunt
1601 768 1751 839 (quis
1764 767 1914 823 enim

319 860 677 915 altitudinem
707 862 834 917 (ια)ιί
867 876 1094 917 mensus
1121 860 1250 915 est?
1287 868 1383 914 aut
1409 861 1537 930 quis
1575 859 1913 930 profundum

318 953 492 1009 maris
513 953 1138 1024 comprehendit?aeris
1166 952 1395 1018 ﬁuxum,
1422 963 1716 1007 ventorum
1738 953 1916 1023 impc-

322 1056 434 1111 tus,
470 1054 630 1101 terra:
655 1046 1011 1117 gravitatem,
1042 1055 1100 1100 et
1121 1045 1333 1115 reliqua
1364 1044 1689 1100 substantiae
1717 1060 1916 1115 corpo-

319 1142 476 1209 reae),
505 1140 551 1196 si
578 1141 717 1206 haec.
751 1138 1002 1210 inquam,
1037 1139 1301 1210 cognosci
1342 1153 1454 1193 non
1490 1148 1746 1209 possunt,
1776 1154 1915 1207 quo-

317 1233 487 1289 modo
530 1233 704 1304 ipsam
763 1244 1022 1289 naturam
1050 1250 1173 1306 qua:
1214 1230 1403 1287 omnia
1442 1230 1671 1299 creavit,
1712 1230 1914 1286 intelli-

312 1324 506 1396 gentia
538 1325 935 1394 comprehendi
969 1341 1132 1396 posse
1161 1321 1516 1386 existimare,
1552 1336 1662 1376 non
1695 1337 1911 1379 summa

319 1414 601 1470 dementia
623 1424 708 1468 est
730 1415 753 1467 ?

393 1507 477 1561 Vl.
512 1506 818 1562 Taceamus
849 1506 1019 1577 igitur
1045 1522 1169 1571 nos,
1199 1515 1259 1561 ut
1284 1522 1515 1579 necesse
1542 1514 1627 1561 est
1652 1548 1667 1573 ,
1703 1505 1911 1574 quibus

317 1611 504 1651 sermo
528 1611 640 1650 non
672 1596 939 1665 suppetit,
980 1604 1037 1651 et
1065 1604 1221 1651 tonet
1246 1612 1440 1654 rursus
1487 1611 1729 1666 superne
1762 1594 1910 1649 ﬁlius

320 1687 576 1752 tonitrui,
607 1702 638 1741 e
669 1686 889 1757 superis
920 1687 1068 1741 unde
1093 1686 1352 1743 eruditus
1386 1687 1514 1753 fuit,
1560 1687 1778 1743 caelesti
1815 1704 1905 1742 sa-

316 1781 528 1852 pientia
554 1781 791 1850 loquens
821 1797 835 1833 :
865 1779 961 1834 det
989 1780 1284 1834 exordium
1316 1781 1608 1851 proposito
1636 1781 1903 1844 sermoni,

2017 580 2137 647 das,
2170 582 2288 637 sive
2320 586 2611 655 temporis,
2645 589 2763 644 sive
2792 593 3014 659 saeculi;
3052 603 3115 649 ut
3148 611 3260 650 non
3294 599 3484 670 aliquo
3520 607 3609 660 in-

2018 676 2323 745 terposito,
2362 694 2391 731 a
2432 678 2710 751 principio
2746 682 2803 736 in
2841 699 2953 753 quo
2988 694 3146 749 erat,
3184 700 3503 759 separetur,
3553 706 3611 750 et

2014 776 2115 831 per
2162 763 2458 819 absurdam
2506 768 2817 836 posituram
2859 771 3202 842 principium
3230 776 3414 846 capiat
3457 779 3607 837 istud

2016 871 2121 909 non
2153 866 2291 911 erat.
2321 857 2477 924 Quod
2499 859 2568 914 ab
2590 860 2700 915 alio
2729 864 3091 934 anticipatur,
3114 883 3226 922 non
3252 880 3435 939 potest
3457 888 3608 928 sem-

2013 949 2237 1019 piterne
2273 951 2349 1017 in,
2388 951 2669 1025 principio
2719 956 2905 1025 cerni;
2966 975 3150 1031 neque
3203 962 3406 1033 recipit
3466 965 3606 1022 illud

2015 1050 2151 1097 erat.

2084 1134 2196 1189 Vll.
2236 1134 2333 1190 Sin
2363 1146 2549 1192 autem
2575 1146 2697 1193 erat
2726 1138 2781 1194 in
2817 1140 3100 1213 principio
3127 1145 3366 1200 Verbum
3389 1187 3405 1212 ,
3455 1157 3513 1203 et
3553 1149 3602 1205 si

2012 1226 2156 1295 apud
2180 1227 2351 1281 Deum
2380 1239 2467 1284 est
2488 1228 2756 1295 Verbum,
2790 1232 3004 1289 scilicet
3027 1234 3174 1305 apud
3203 1238 3421 1293 Patrem
3448 1258 3462 1305 ;
3489 1256 3600 1296 non

2013 1333 2312 1388 possumus
2345 1322 2713 1393 contemplari
2748 1325 2961 1390 Deum,
2990 1326 3099 1381 nisi
3131 1328 3298 1383 simul
3346 1340 3601 1387 contem-

2010 1411 2230 1482 plemur
2258 1413 2504 1468 Verbum
2533 1416 2679 1485 apud
2707 1432 2849 1471 eum.
2892 1417 2963 1472 Et
3011 1419 3055 1472 si
3087 1423 3268 1475 omnia
3300 1439 3393 1492 per
3426 1425 3601 1495 ipsum

2010 1504 2155 1574 facta
2180 1513 2326 1571 sunt,
2355 1515 2412 1560 et
2438 1507 2619 1577 ipsum
2662 1510 2876 1579 quando
2921 1526 3020 1580 per
3066 1527 3194 1565 eum
3228 1514 3432 1569 factum
3464 1525 3550 1571 est
3580 1534 3596 1582 ;

2009 1612 2139 1666 pars
2188 1599 2339 1652 enim
2389 1600 2658 1669 temporis
2706 1610 2789 1656 est
2833 1603 3068 1673 quando.
3104 1605 3172 1661 Et
3199 1608 3395 1661 sazcula
3429 1609 3599 1680 igitur

2008 1701 2110 1756 per
2158 1702 2287 1742 eum
2344 1688 2489 1744 facta
2519 1700 2692 1746 sunt:
2739 1693 3020 1761 quomodo
3078 1695 3251 1766 igitur
3298 1698 3433 1753 illud
3490 1700 3597 1754 ali-

2008 1778 2243 1848 quando,
2278 1780 2566 1851 antiquius
2594 1791 2821 1837 auctore
2852 1787 3184 1842 saeculorum
3214 1803 3339 1843 esse
3368 1793 3598 1860 potest?

314 1883 371 1930 et
398 1875 470 1930 sit
501 1874 614 1928 dux
642 1872 807 1928 nobis
838 1873 894 1927 in
922 1873 1027 1929 hac
1060 1873 1149 1929 via
1176 1889 1303 1928 cum
1352 1873 1563 1943 Spiritu
1606 1873 1902 1944 principali
1940 1862 1977 1916 Β
2006 1872 2225 1927 Vanum
2256 1873 2427 1944 igitur
2452 1874 2747 1930 estdicere
2768 1916 2782 1939 ,
2811 1876 3111 1946 aliquando
3152 1895 3262 1933 non
3296 1896 3416 1935 esse
3437 1922 3451 1945 ,
3496 1881 3595 1952 qui

315 1981 483 2036 quem
514 1964 900 2037 participavit,
936 1974 994 2019 et
1015 1979 1045 2019 a
1075 1980 1187 2034 quo
1216 1964 1410 2020 didicit
1443 1965 1499 2020 id
1534 1964 1601 2019 ad
1635 1964 1785 2035 quod
1822 1964 1904 2018 fe-

314 2058 610 2123 stinamus,
648 2065 705 2112 et
739 2056 886 2111 dicat
928 2073 942 2110 :
984 2055 1047 2110 In
1081 2058 1345 2128 principio
1381 2067 1498 2125 erat
1555 2056 1776 2111 Verbum
1801 2096 1816 2120 ,
1853 2064 1903 2109 et

317 2148 542 2205 Verbum
575 2156 692 2203 erat
722 2148 865 2218 apud
896 2148 1101 2214 Deum;
1133 2159 1181 2202 et
1206 2148 1348 2203 Deus
1376 2157 1492 2204 erat
1529 2148 1773 2203 Verbum.
1794 2149 1904 2203 Hoc

314 2249 431 2296 erat
461 2243 515 2296 in
553 2242 813 2312 principio
853 2241 997 2312 apud
1019 2241 1209 2295 Deum.
1234 2239 1424 2297 Omnia
1438 2258 1532 2312 per
1555 2242 1729 2311 ipsum
1757 2242 1902 2311 facta

310 2344 434 2387 sunt
450 2333 513 2387 ‘°.
537 2332 633 2388 His
654 2332 803 2388 enim
828 2333 1021 2403 paucis
1042 2333 1541 2403 propositionibus,
1560 2335 1700 2406 quod
1716 2344 1901 2389 notum

312 2438 392 2481 est
416 2427 526 2492 Dei,
559 2427 742 2497 dignis
772 2426 887 2481 Deo
921 2426 1278 2482 manifestum
1315 2427 1477 2494 fecit;
1520 2436 1714 2483 notum
1766 2445 1901 2484 vero

312 2517 461 2580 dico,
491 2517 641 2587 quod
666 2525 723 2572 et
745 2531 813 2571 ex
834 2517 1006 2572 Paulo
1038 2516 1234 2582 didici,
1261 2518 1355 2587 qui
1387 2533 1456 2573 ex
1480 2528 1615 2573 noto
1648 2518 1766 2585 Dei,
1795 2519 1901 2574 ali-

311 2607 447 2678 quid
480 2608 729 2679 ignotum
752 2607 847 2662 Dei
876 2622 1000 2662 esse
1028 2607 1380 2678 signiﬁcavit.
1418 2608 1590 2680 Igitur
1619 2609 1765 2679 quod
1797 2626 1900 2664 no-

312 2709 429 2755 tum
450 2709 535 2756 est
568 2701 709 2771 ejus,
746 2709 808 2755 ut
845 2698 982 2764 dixi,
1011 2699 1099 2754 his
1131 2700 1633 2771 propositionibus,
1658 2702 1902 2758 Joannes

309 2795 493 2865 ampla
524 2794 778 2849 oratione
811 2792 1057 2849 declarat
1085 2810 1097 2847 :
1136 2794 1462 2849 Illumt'nans
1492 2812 1576 2849 eos
1618 2798 1709 2866 qui
1733 2798 1787 2850 in
1820 2805 1900 2850 te-

310 2886 485 2940 nebris
512 2887 551 2918 ”
579 2885 910 2955 ignorantia:
940 2892 1092 2946 sunt,
1120 2899 1188 2939 eo
1210 2884 1421 2939 lumine
1450 2885 1599 2954 quod
1624 2885 1899 2941 illuminat

310 2995 523 3034 omnem
558 2979 826 3032 hominem
862 2977 1158 3030 venientem
1190 2977 1247 3030 in
1286 2977 1423 3031 hunc
1464 2977 1722 3031 mundum
1750 2978 1814 3044 “,
1840 2988 1896 3032 et

308 3072 647 3128 necessitate
690 3086 755 3126 ac
788 3071 841 3125 vi
890 3069 1165 3125 orationis
1213 3070 1517 3126 obstruens
1574 3087 1739 3128 omne
1790 3088 1893 3135 os.

309 3165 458 3237 quod
491 3173 683 3221 contra
717 3165 892 3219 Deum
938 3163 1189 3233 loquitur
1228 3164 1555 3235 injustitiam
1600 3172 1659 3220 et
1692 3166 1892 3235 sempi-

2007 1975 2128 2031 est;
2159 1975 2280 2020 erat
2304 1966 2452 2020 enim
2481 1982 2703 2036 semper
2726 1970 2820 2038 qui
2847 1978 2931 2024 est
2952 1986 2966 2035 ;
2987 1970 3080 2040 qui
3098 1980 3183 2026 est
3206 1979 3333 2027 ante
3356 1974 3591 2042 saecula;

2004 2056 2102 2127 qui
2138 2058 2256 2112 sine
2288 2059 2494 2122 medio,
2527 2075 2595 2113 cx
2625 2060 2783 2114 Patre
2809 2076 2910 2131 per
2924 2063 3338 2131 generationem
3361 2080 3594 2134 proces-

2005 2146 2097 2201 sit.
2126 2147 2276 2202 Nihil
2303 2148 2452 2202 cnim
2478 2148 2876 2204 intermedium
2901 2150 3104 2206 divinae
3132 2161 3189 2206 et
3216 2154 3481 2209 ineﬁ‘abili
3503 2172 3594 2225 ge-

2004 2240 2280 2295 nerationi
2310 2241 2558 2307 exstitit;
2598 2257 2778 2313 neque
2808 2244 3031 2312 penitus
3059 2246 3363 2317 quidquam
3392 2247 3593 2303 divina:

2004 2342 2217 2389 natura:
2250 2334 2451 2398 adfuit,
2491 2343 2554 2389 ut
2580 2334 2973 2404 interpositum
3004 2348 3189 2403 esset,
3217 2355 3326 2393 non
3357 2342 3592 2396 materia

2003 2421 2238 2478 rationis
2289 2432 2347 2478 et
2397 2422 2614 2479 ordinis
2641 2439 2865 2494 expers,
2898 2432 2959 2479 ut
2999 2425 3293 2482 dementes
3324 2428 3502 2494 aiunt,
3533 2439 3593 2484 et

2002 2515 2217 2570 ratione
2249 2530 2482 2586 prorsus
2507 2523 2561 2570 et
2581 2516 2779 2571 ordine
2809 2527 3091 2584 carentes;
3122 2534 3233 2573 non
3263 2520 3432 2575 chaos
3460 2520 3589 2575 inﬁ-

2002 2608 2202 2674 nitum,
2239 2617 2296 2664 et
2335 2608 2746 2678 inseparabile;
2769 2625 2881 2664 non
2908 2610 3185 2676 tenebrae;
3215 2626 3325 2665 non
3354 2614 3589 2681 profun-

2002 2700 2173 2767 dum;
2202 2717 2312 2756 non
2344 2701 2664 2767 silentium;
2707 2717 2820 2756 non
2848 2718 3196 2773 quiscunque
3238 2703 3395 2774 ﬁngit
3431 2722 3590 2762 mens

2001 2809 2123 2863 qua:
2146 2801 2430 2848 auctorem
2458 2808 2619 2848 suum
2653 2793 2889 2864 ignorat,
2929 2804 2984 2849 et
3012 2795 3222 2851 ﬁctioni
3258 2813 3372 2852 sua:
3395 2814 3591 2855 errans

2000 2884 2201 2948 credit,
2227 2885 2456 2939 minime
2482 2885 2778 2941 advertens
2811 2886 3116 2941 absurdum
3139 2929 3154 2953 ,
3186 2889 3299 2944 imo
3319 2890 3585 2957 absurda,

1999 2992 2122 3047 qum
2151 2993 2218 3033 ex
2252 2977 2379 3032 ﬁcta
2406 2984 2464 3031 et
2508 2978 2889 3033 commentitia
2934 2980 3198 3049 opinione
3251 2993 3589 3052 sequuntur.

1998 3070 2216 3125 Etenim
2249 3069 2294 3123 si
2329 3069 2463 3139 quid
2487 3070 2775 3140 generanti
2801 3080 2858 3126 et
2882 3072 3073 3141 genito
3104 3072 3459 3146 interjectum
3486 3093 3584 3146 po-

1997 3163 2180 3227 nitur,
2219 3162 2313 3232 qui
2341 3162 2448 3217 hoc
2477 3161 2661 3217 facere
2693 3162 2885 3227 audet,
2923 3164 3291 3220 substantiam
3318 3167 3585 3224 indecen-

309 3269 524 3313 ternam
550 3256 832 3327 Unigeniti
860 3255 1213 3319 divinitatem
1240 3264 1426 3326 negat,
1454 3272 1522 3312 ex
1555 3273 1668 3327 quo
1701 3258 1892 3328 cogni-
1921 3236 1963 3294 ε
1995 3257 2082 3305 tcr
2115 3250 2352 3317 scindit;
2396 3259 2451 3306 ct
2482 3266 2603 3306 eam
2654 3267 2683 3306 a
2738 3268 2797 3308 se
2834 3254 2949 3323 ipsa
3006 3256 3250 3328 sejungit
3280 3297 3294 3319 ,
3336 3260 3583 3317 sectione

310 3350 389 3405 tio
435 3350 532 3405 Dei
592 3350 771 3405 Patris
818 3348 887 3404 ad
943 3364 1046 3403 nos
1097 3350 1361 3404 manavit.
1422 3349 1477 3405 Si
1508 3349 1657 3404 enim
1687 3358 1806 3405 erat
1836 3350 1891 3405 in

308 3444 584 3514 principio
602 3444 745 3515 apud
767 3444 940 3497 Deum
966 3442 1112 3497 Deus
1131 3442 1372 3498 Verbum
1395 3459 1410 3510 ;
1431 3442 1694 3499 omnibus
1710 3453 1893 3500 mente

308 3536 560 3606 prarditis
589 3526 943 3590 manifestum
974 3543 1081 3601 est,
1118 3534 1267 3604 quod
1294 3542 1415 3589 erat
1444 3534 1722 3604 quoddam
1741 3536 1894 3607 priu-

307 3629 516 3699 cipium
544 3627 597 3680 in
612 3642 722 3696 quo
737 3625 1152 3692 eratVerbum;
1180 3624 1325 3695 quod
1340 3624 1677 3695 principium
1694 3641 1888 3681 neces-

307 3717 456 3772 sario
490 3723 611 3770 erat
648 3714 795 3768 Deus
841 3713 987 3784 apud
1034 3730 1201 3783 quem
1240 3721 1363 3768 erat
1413 3714 1679 3768 Verbum.
1736 3714 1893 3769 Sicut

304 3810 479 3881 igitur
506 3824 619 3864 non
647 3816 834 3879 potest
868 3806 1348 3877 comprehendere
1368 3807 1707 3877 principium
1736 3823 1895 3863 mens

306 3919 530 3957 sursum
566 3901 801 3957 tendens
828 3943 843 3966 ,
884 3916 1107 3970 seraper
1140 3899 1291 3954 enim
1334 3900 1580 3970 reperiet
1629 3900 1800 3973 altius
1832 3916 1890 3956 se

305 3994 681 4066 principium;
709 3994 789 4048 sic
814 4008 926 4063 non
952 4000 1135 4062 potest
1173 3994 1430 4061 superari
1479 3998 1535 4045 et
1573 3991 1887 4045 transcendi

305 4089 443 4143 illud
474 4098 590 4143 erat
619 4106 638 4154 ;
670 4102 890 4159 semper
922 4086 1073 4141 enim
1107 4086 1354 4140 occurrit
1375 4085 1547 4139 altius
1576 4093 1715 4150 erat,
1740 4085 1889 4138 omni

303 4181 641 4253 cogitatione
674 4192 730 4236 et
757 4196 994 4235 ascensu
1013 4179 1146 4233 etin
1183 4177 1483 4233 sublimius
1507 4178 1693 4232 volatu
1721 4177 1890 4232 altius

304 4275 573 4344 positum.
603 4273 757 4328 Licet
788 4273 935 4327 enim
977 4286 1036 4326 se
1070 4271 1252 4340 ipsum
1285 4271 1412 4340 quis
1447 4278 1632 4325 mente
1663 4278 1719 4324 et
1742 4270 1892 4340 cogi-

306 4367 513 4422 tatione
563 4380 784 4435 semper
832 4364 1061 4420 elevet:
1115 4363 1350 4417 ulterius
1402 4361 1768 4433 progrediens
1825 4378 1891 4418 ac

302 4473 660 4530 promovens,
683 4472 968 4525 nunquam
996 4454 1255 4511 transibit
1272 4462 1407 4508 erat.
1426 4452 1886 4523 Auticipatﬁnem

302 4550 664 4622 principium,
702 4548 852 4620 quod
887 4564 999 4603 non
1022 4548 1236 4619 patitur
1267 4547 1466 4617 prmire
1508 4562 1882 4617 quemquam:

302 4644 351 4699 si
376 4643 527 4699 enim
557 4642 896 4713 principium
944 4652 1060 4706 est,
1110 4657 1227 4695 non
1272 4639 1382 4695 erit
1427 4639 1524 4693 ulli
1554 4639 1883 4695 secundum.

303 4736 623 4791 Secundum
656 4734 804 4790 enim
838 4750 948 4789 non
976 4743 1061 4788 est
1098 4733 1469 4804 principium;
1515 4740 1572 4786 et
1614 4732 1762 4803 quod
1802 4742 1889 4789 est

300 4833 357 4884 in
390 4831 672 4901 principio,
703 4845 817 4884 non
852 4838 939 4884 est
969 4835 1095 4899 post
1128 4826 1488 4898 principium.
1509 4825 1653 4897 Ergo
1679 4826 1724 4881 si
1748 4827 1888 4883 Ver-

303 4926 435 4980 bum
475 4934 596 4980 erat
632 4923 687 4978 in
735 4922 1013 4993 principio
1038 4961 1053 4986 ,
1093 4920 1320 4975 omnino
1358 4934 1587 4975 necesse
1626 4927 1714 4974 est
1750 4934 1887 4974 con-

303 5016 558 5087 templari
591 5016 754 5071 simul
790 5013 1027 5069 Verbum
1079 5012 1227 5083 quod
1262 5019 1378 5067 erat
1409 5014 1463 5066 in
1497 5012 1791 5083 principio,
1829 5020 1886 5067 et

302 5106 637 5179 principium
666 5107 721 5159 in
755 5121 865 5175 quo
887 5112 1008 5159 erat
1035 5104 1311 5169 Verbum;
1335 5112 1473 5158 etex
1507 5118 1619 5173 quo
1643 5101 1887 5158 dicimus

302 5216 425 5255 esse
459 5198 821 5270 principium,
870 5213 936 5252 ex
985 5212 1052 5251 eo
1101 5212 1207 5251 una
1260 5193 1514 5250 conﬁteri
1544 5193 1785 5249 Verbum
1827 5194 1880 5249 in

302 5291 601 5364 principio.
640 5290 814 5363 Igitur
840 5306 953 5344 non
987 5288 1156 5344 habet
1185 5288 1369 5342 locum
1396 5327 1411 5351 ,
1441 5303 1546 5340 non
1573 5295 1723 5351 erat,
1755 5287 1887 5357 quia

303 5401 409 5439 non
436 5394 552 5439 erat
586 5383 931 5439 contrarium
956 5389 1043 5437 est
1074 5381 1151 5436 illi
1183 5390 1323 5435 erat.
1353 5379 1423 5435 Et
1466 5378 1513 5434 si
1559 5388 1680 5433 erat
1704 5418 1721 5443 ,
1751 5395 1891 5449 quo-

305 5476 468 5531 modo
499 5492 610 5532 non
637 5475 795 5531 erat?
823 5473 965 5542 Quid
996 5474 1166 5545 igitur
1198 5471 1497 5527 dicendum
1525 5471 1887 5543 relinquitur,

304 5568 412 5624 nisi
457 5567 610 5639 quod
642 5585 748 5622 non
771 5573 889 5621 erat
932 5574 1229 5631 non-erat;
1256 5581 1367 5619 non
1401 5564 1552 5620 enim
1580 5579 1691 5619 non
1727 5572 1886 5631 erat;

305 5659 403 5717 sed
434 5675 655 5731 semper
684 5668 807 5715 erat
856 5657 1170 5715 subsistens
1196 5696 1211 5721 ,
1253 5656 1323 5711 de
1367 5653 1713 5743 quodicitur
1747 5665 1887 5710 erat.

380 5853 427 5884 “
460 5852 618 5909 Joan.
650 5867 689 5919 ι,
726 5852 777 5918 l,
809 5851 862 5907 5.
941 5852 982 5883 “
1034 5851 1194 5907 Rom.
1224 5866 1261 5916 I,
1298 5848 1383 5904 l9.
1460 5847 1503 5881 "
1542 5846 1677 5904 Luc.
1722 5865 1761 5915 ι,
1819 5844 1905 5901 19.

1997 3354 2254 3415 tanquam
2281 3344 2467 3400 medio
2500 3346 2735 3415 pariete,
2760 3355 2817 3402 ct
2849 3348 2945 3403 illo
2972 3350 3232 3420 quopiam
3251 3351 3585 3424 interposito

1994 3433 2385 3502 interceptam.
2417 3434 2486 3489 Et
2526 3433 2677 3490 illius
2719 3451 2915 3491 rursus
2965 3438 3130 3508 primi
3169 3440 3377 3511 magis,
3411 3459 3578 3513 quam

1995 3525 2091 3580 ﬁlii
2113 3526 2430 3595 reperietur
2452 3541 2617 3581 causa
2648 3543 2771 3583 esse
2793 3529 2976 3584 Pater.
3028 3532 3099 3585 At
3121 3534 3401 3602 quomodo
3424 3535 3580 3589 dice-

1997 3630 2087 3675 tur
2110 3619 2352 3690 amplius
2380 3620 2769 3691 primogenitus
2801 3625 2972 3677 omnis
2999 3635 3261 3680 creatura:
3286 3627 3351 3692 “,
3374 3627 3417 3682 si
3436 3629 3581 3684 alius

1992 3714 2151 3785 prius
2175 3712 2448 3783 occupet?
2482 3712 2887 3785 primogenitus
2914 3716 3061 3771 enim
3091 3717 3303 3788 primus
3334 3730 3421 3775 est
3454 3736 3577 3775 om-

1991 3808 2278 3873 nium;et
2303 3807 2414 3876 ipse
2461 3814 2537 3859 est
2558 3809 2791 3861 omnium
2813 3809 2878 3874 ",
2935 3809 3079 3865 sicut
3124 3810 3422 3883 Apostolus
3477 3814 3576 3879 ait,

1995 3912 2259 3970 tanquam
2286 3905 2599 3954 coaeternus
2620 3910 2832 3955 aeterno
2861 3901 3009 3956 Patri
3032 3904 3228 3959 aeterni
3266 3905 3392 3960 Filii
3421 3924 3434 3959 :
3463 3922 3575 3961 non

1990 3992 2141 4048 enim
2174 3991 2354 4046 solum
2384 3992 2531 4046 Deus
2563 3999 2668 4058 est,
2699 3992 2795 4046 sed
2827 3993 2993 4047 etiam
3023 3993 3219 4062 Pater;
3275 4008 3332 4052 et
3360 4013 3427 4053 ex
3464 4015 3574 4069 quo

1992 4083 2160 4147 Deus,
2192 4097 2258 4135 ex
2289 4097 2358 4137 eo
2393 4082 2576 4137 Pater.
2601 4082 2766 4136 Pater
2801 4097 2936 4136 vero
2973 4084 3096 4138 Filii
3127 4085 3311 4151 Pater,
3341 4089 3436 4157 qui
3463 4105 3579 4145 non

1991 4183 2175 4245 potest
2210 4174 2374 4229 aliter
2402 4189 2525 4229 esse
2560 4175 2755 4238 Pater,
2784 4174 2894 4229 nisi
2918 4178 3233 4232 necessario
3263 4179 3575 4236 subsisten-

1994 4270 2063 4322 tis
2093 4267 2412 4323 Filii:sine
2462 4267 2625 4322 Patre
2676 4267 2824 4322 enim
2883 4283 2996 4323 non
3042 4279 3128 4324 est
3182 4271 3376 4327 Filius.
3432 4272 3581 4329 Ante

1990 4362 2177 4417 omnia
2204 4361 2375 4433 igitur
2406 4370 2491 4416 est
2515 4360 2727 4428 Filius,
2772 4360 2867 4431 qui
2892 4361 3254 4419 iueﬁ’abiliter
3299 4382 3365 4420 ex
3413 4367 3579 4423 Patre

1989 4454 2086 4526 qui
2143 4470 2271 4510 cum
2330 4454 2563 4525 genuit,
2614 4454 2887 4525 processit
2926 4472 2941 4509 :
2972 4471 3076 4511 nec
3110 4457 3260 4513 enim
3294 4474 3360 4512 cx
3398 4460 3577 4515 nihilo

1989 4545 2257 4620 produxit
2290 4562 2442 4612 eum,
2494 4553 2554 4600 ut
2589 4555 2881 4603 creaturas
2910 4558 2968 4603 et
2997 4564 3192 4603 earum
3223 4560 3435 4620 partes;
3479 4551 3579 4607 sed

1990 4657 2059 4695 ex
2101 4655 2160 4695 se
2204 4639 2426 4693 vivente
2477 4639 2674 4693 vivens
2718 4647 2775 4695 et
2828 4639 3142 4695 subsistens
3188 4641 3467 4707 Verbum,
3520 4651 3576 4698 ct

1992 4734 2188 4799 Deum,
2222 4740 2279 4788 et
2304 4731 2534 4787 Filium.
2567 4732 2749 4799 Quare
2798 4733 2892 4803 qui
2941 4732 3080 4787 dicit
3125 4748 3192 4787 ex
3242 4734 3420 4790 nihilo
3452 4751 3581 4791 esse

1993 4841 2146 4890 eum,
2182 4824 2278 4895 qui
2319 4839 2387 4878 ex
2417 4839 2485 4877 eo
2515 4822 2609 4894 qui
2644 4832 2730 4878 est
2755 4866 2770 4887 ,
2804 4824 3090 4895 prodivit;
3123 4825 3297 4897 magis
3328 4827 3380 4881 in
3421 4829 3581 4898 geni-

1994 4928 2191 4984 torem,
2228 4931 2392 4987 quam
2442 4915 2497 4969 in
2557 4915 2803 4986 genitum
2860 4916 3261 4986 blasphemiam
3308 4920 3579 4989 profert:

1992 5010 2127 5081 quid
2157 5009 2305 5065 enim
2337 5009 2517 5080 magis
2554 5007 2781 5079 impium
2821 5018 2936 5072 est,
2973 5025 3137 5078 quam
3171 5026 3296 5065 eum
3324 5012 3417 5082 qui
3456 5023 3581 5077 est,

1993 5103 2181 5158 dicere
2216 5117 2328 5156 non
2358 5102 2516 5156 esse?
2545 5117 2671 5155 nam
2718 5101 2763 5157 si
2805 5118 2872 5157 ex
2903 5103 3063 5158 Patre
3092 5103 3317 5174 quidem
3353 5104 3582 5176 genitus»

1989 5202 2098 5261 est,
2120 5195 2215 5264 qui
2246 5210 2375 5250 vere
2404 5202 2507 5259 est,
2532 5194 2697 5249 Pater
2722 5203 2828 5249 est.

2060 5286 2199 5343 Vlll.
2232 5285 2495 5340 Nonnulli
2562 5301 2695 5341 vero
2748 5286 2905 5341 aiunt
2961 5302 3081 5344 esse
3110 5303 3237 5345 eum
3276 5304 3343 5345 ex
3391 5291 3583 5347 nihilo

1989 5378 2262 5449 genitum.
2296 5376 2471 5445 Quam
2524 5377 2597 5433 sit
2625 5377 2730 5433 hoc
2760 5379 3086 5445 absurdum,
3143 5382 3406 5438 omnibus
3441 5383 3583 5439 licet

1990 5470 2351 5542 perspicere;
2377 5485 2606 5527 necesse
2635 5487 2873 5543 namque
2907 5480 3013 5538 est,
3049 5481 3112 5527 ut
3137 5474 3285 5544 quod
3317 5490 3428 5535 non
3458 5484 3566 5539 est,

1988 5562 2322 5618 honoratius
2345 5561 2418 5617 sit
2457 5577 2526 5617 co
2559 5563 2707 5633 quod
2735 5580 2801 5619 ex
2828 5564 2953 5635 ipso
2980 5566 3289 5636 processit:
3326 5575 3384 5621 et
3406 5581 3569 5638 repe-

1991 5656 2169 5711 rietur
2196 5654 2346 5726 quod
2409 5655 2722 5713 substantia
2757 5666 2934 5722 caret,
2987 5658 3235 5714 nobilius
3273 5672 3397 5713 esse
3435 5660 3579 5713 sub-

2001 5847 2232 5907 "Joan.
2278 5863 2317 5917 ι,
2345 5848 2397 5905 9.
2477 5848 2523 5882 ¹⁸
2561 5847 2776 5906 Coloss.
2819 5866 2875 5917 ι,
2919 5848 3002 5904 15.
3094 5848 3138 5882 ’⁵
3175 5845 3391 5903 Coloss.
3423 5845 3568 5912 1,1:7.
