3820 6552
477 391 615 457 1315

1617 386 1677 446 S.
1702 383 2102 444 ANASTASII
2147 382 2620 443 ANTIOCIIENI

3580 379 3679 440 Γιὶῦ

474 504 718 570 stantia;
772 510 829 558 et
856 499 1093 572 privatio
1129 497 1372 554 nobilior
1405 495 1635 562 habitu;
1688 505 1786 552 aut
1836 496 2058 551 dicetur
2087 503 2133 558 Α
2163 511 2384 566 semper
2410 494 2736 566 procedere.
2779 492 2871 548 Sic
2902 490 3054 547 enim
3100 490 3180 546 ait
3215 484 3508 546 Densius:
3542 491 3598 546 de
3641 515 3682 548 se

478 614 589 652 non
612 611 737 652 esse
768 595 949 658 Pater,
984 593 1079 664 qui
1115 592 1307 663 genuit
1339 589 1537 645 Filium
1561 598 1618 644 et
1642 593 1722 644 cx'
1745 605 1857 660 quo
1885 589 2059 644 Filius

479 690 700 760 genitus
726 696 832 752 est,
863 701 1028 756 quem
1060 684 1350 748 aiuntisti,
1381 683 1499 738 vice
1525 683 1728 746 Patris,
1786 699 1854 738 ex
1883 682 2060 737 nihilo

477 793 622 834 esse.
646 777 854 834 Deinde
877 775 1156 846 quomodo
1188 773 1304 829 ﬁeri
1342 781 1545 844 potest,
1579 782 1638 828 ut
1662 791 1729 829 ex
1788 789 1855 829 eo
1912 773 2061 844 quod

482 872 786 927 substantia
820 879 988 934 caret,
1007 878 1064 925 et
1093 884 1204 922 non
1235 875 1339 933 est,
1364 883 1546 938 neque
1574 867 1849 937 principio
1878 883 1978 936 per
2004 883 2062 922 se

480 963 714 1023 exstitit,
744 963 869 1017 talis
894 963 1073 1015 virtus
1095 960 1477 1014 substantialis
1498 959 1811 1029 prodierit?
1839 959 1894 1014 Si
1913 959 2064 1014 enim

481 1073 594 1112 non
625 1065 730 1119 est,
766 1070 874 1108 non
913 1063 998 1108 est
1019 1053 1364 1109 subsistens:
1391 1052 1672 1122 quomodo
1698 1069 1831 1123 ergo
1856 1069 1924 1107 ex
1952 1067 2062 1106 non

481 1148 784 1204 exsistente
806 1147 914 1200 erit
934 1145 1206 1200 exsistens
1225 1183 1242 1210 ,
1271 1152 1326 1199 et
1347 1160 1414 1199 ex
1451 1160 1519 1198 eo
1541 1143 1687 1214 quod
1714 1159 2062 1213 nequaquam

483 1249 588 1305 est,
619 1240 988 1296 substantiam
1005 1239 1188 1308 capiet
1213 1237 1357 1307 quod
1388 1237 1510 1291 est?
1534 1237 1670 1291 Nam
1694 1235 1740 1291 si
1765 1237 2064 1303 est,;unmn

483 1331 736 1387 omnium
753 1340 864 1397 est;
903 1338 958 1386 et
995 1331 1039 1384 si
1086 1330 1338 1385 omnium
1361 1345 1532 1384 unum
1567 1335 1674 1390 est.
1727 1344 1826 1398 per
1861 1327 2064 1383 Filium

483 1426 736 1496 profecto
772 1425 980 1479 factum
1010 1432 1124 1479 est:
1170 1421 1447 1493 siquidem
1511 1423 1692 1476 omnia
1754 1439 1846 1489 per
1893 1423 2064 1493 ipsum

484 1518 627 1588 facta
660 1526 804 1572 sunt.
861 1517 918 1572 Si
952 1529 1138 1572 autem
1161 1515 1310 1586 quod
1333 1531 1445 1569 non
1477 1525 1582 1579 est,
1619 1524 1725 1580 est,
1771 1523 1829 1569 et
1873 1513 2068 1568 dicunt

485 1611 686 1666 Filium
716 1625 838 1665 esse
860 1625 928 1664 ex
975 1609 1185 1676 nihilo;
1224 1608 1385 1678 prius
1412 1608 1594 1677 ipsum
1634 1608 1783 1676 quod
1817 1623 1928 1660 non
1956 1614 2061 1670 est,

485 1702 690 1758 faciant
720 1700 1088 1758 substantiam
1123 1717 1266 1767 esse,
1307 1710 1364 1755 et
1412 1710 1546 1756 tunc
1597 1700 1847 1756 tribuant
1868 1699 1918 1755 ei
1952 1699 2065 1753 vim

484 1793 827 1866 producendi
863 1793 990 1848 talia
1016 1794 1288 1863 germina.

556 1885 650 1939 1X.
701 1884 842 1939 Illud
873 1893 1063 1939 autem
1095 1900 1207 1939 non
1267 1893 1354 1939 est
1381 1883 1870 1948 dissimulandum,
1915 1883 2067 1954 quod

483 1973 551 2030 ad
574 1975 912 2046 propositam
949 1976 1338 2031 tractationem
1370 1975 1528 2030 valde
1555 1976 1932 2031 necessarium
1961 1984 2067 2041 est,

485 2083 649 2122 omne
707 2067 855 2137 quod
910 2083 978 2122 ex
1022 2067 1202 2122 nihilo
1249 2067 1455 2122 factum
1486 2077 1592 2133 est,
1624 2068 1736 2122 vim
1760 2068 1968 2123 habere
2009 2076 2071 2122 ut

485 2161 552 2216 ad
604 2161 841 2215 nihilum
903 2176 1100 2215 rursus
1132 2160 1345 2227 redeat,
1376 2160 1630 2231 quamvis
1674 2162 2070 2232 proprietatem

485 2255 607 2324 ejus
632 2253 946 2308 naturalem
979 2255 1157 2325 major
1187 2263 1434 2324 potestas
1492 2254 1716 2308 vincat:
1753 2262 1807 2308 at
1859 2253 2071 2308 sentire

487 2347 592 2400 hoc
620 2345 688 2400 de
722 2345 882 2410 Filio,
946 2353 1232 2401 extremus
1280 2347 1478 2400 animae
1540 2345 1806 2400 interitus
1835 2353 1941 2399 est.
1992 2345 2072 2400 Ex

484 2439 648 2494 Patre
679 2438 849 2508 igitur
877 2446 964 2493 est
995 2436 1305 2492 secundum
1357 2446 1636 2502 naturam,
1675 2446 1730 2491 et
1757 2453 1865 2491 non
1897 2453 1965 2491 ex
1991 2437 2074 2491 ni-

487 2531 602 2586 hilo
625 2530 832 2585 Filius:
865 2529 1014 2600 quod
1036 2529 1081 2584 si
1105 2537 1192 2584 est
1214 2545 1280 2583 ex
1303 2530 1463 2584 Patre
1481 2529 1788 2584 secundum
1815 2539 2072 2583 naturam

487 2624 684 2687 Filius,
748 2631 834 2677 est
871 2621 1039 2692 igitur
1071 2620 1422 2685 homousios,
1456 2619 1511 2674 id
1562 2629 1668 2683 est,
1704 2619 2072 2674 consubstan-

489 2715 640 2770 tialis
675 2713 826 2769 Patri
867 2713 963 2783 qui
997 2712 1220 2784 genuit:
1259 2728 1424 2768 omne
1449 2712 1600 2768 enim
1633 2712 1883 2783 genitum
1941 2727 2076 2767 con-

485 2809 854 2865 substantiale
881 2818 966 2862 est
1007 2807 1149 2879 patri
1207 2806 1525 2878 generanti;
1572 2815 1630 2861 et
1675 2805 1825 2876 quod
1883 2814 2073 2875 aptum

487 2912 677 2958 natum
710 2909 796 2955 est
825 2900 894 2955 ad
929 2898 1326 2971 generandum,
1363 2898 1614 2969 ejusdem
1649 2897 1976 2952 substantia:
1991 2905 2076 2951 est

486 3010 614 3050 cum
642 3009 709 3048 eo
756 2993 848 3048 cui
895 3001 1091 3047 natura
1139 2991 1368 3046 insitqu
1406 3001 1492 3047 est
1524 3005 1811 3062 generare.
1845 2988 1958 3044 liae
1991 3005 2078 3043 ra-

488 3088 639 3142 tione
678 3087 872 3142 dicunt
933 3085 1124 3140 Patres
1177 3083 1231 3136 in
1261 3083 1482 3138 Nicamo
1510 3082 1768 3148 concilio,
1817 3081 1986 3136 Deum
2014 3096 2077 3134 ex

489 3181 596 3235 Deo
618 3198 635 3247 ;
658 3188 716 3234 et
741 3193 937 3233 rursus
981 3177 1159 3231 lumen
1187 3193 1250 3230 ex
1273 3176 1501 3230 lumine:
1531 3175 1716 3246 qualis
1733 3175 1882 3229 enim
1913 3175 2078 3229 Pater

485 3282 592 3339 est,
631 3272 759 3327 talis
805 3271 979 3326 Filius
1030 3269 1337 3325 secundum
1389 3267 1779 3323 substantiam.
1827 3267 2081 3322 Declarat

490 3368 595 3421 hoc
615 3365 778 3436 plane
806 3364 1054 3435 energia,
1089 3363 1142 3417 id
1178 3371 1266 3417 est
1292 3362 1582 3432 operatio:
1620 3361 1896 3431 siquidem
1942 3374 2081 3430 quo-

489 3477 611 3514 rum
639 3467 726 3515 est
759 3473 870 3513 una
909 3457 1160 3528 energia,
1196 3470 1306 3510 una
1334 3440 1420 3510 est
1461 3454 1772 3510 substantia
1800 3470 1815 3520 ;
1874 3462 1930 3508 et
1958 3452 2079 3507 vice

487 3573 669 3622 versa,
692 3569 930 3627 quorum
962 3564 1048 3609 est
1077 3553 1387 3608 substantia
1421 3567 1555 3616 una,
1590 3565 1702 3606 una
1725 3549 1889 3621 plane
1921 3564 2081 3604 ener-

488 3651 577 3723 gia
609 3650 725 3704 sive
750 3645 1003 3718 operatio
1024 3645 1214 3700 est.Et
1237 3644 1506 3698 Dominus
1535 3642 1602 3697 ad
1626 3639 2078 3711 redarguendum

488 3742 733 3808 Judaeos,
758 3757 885 3796 eum
916 3738 1304 3794 obtrectabant
1330 3737 1404 3801 ei,
1437 3736 1584 3807 quod
1621 3735 1883 3790 dixisset:
1914 3732 2079 3788 Filius

493 3834 589 3887 Dei
622 3849 739 3886 sum
771 3830 832 3896 “,
861 3829 1052 3884 docuit
1083 3828 1465 3898 operationem
1487 3841 1608 3882 esse
1638 3826 1812 3879 instar
1833 3822 2079 3878 omnium

489 3925 728 3980 aliorum
757 3922 823 3977 ad
853 3921 1222 3976 attestandam
1264 3917 1590 3983 veritatem,
1633 3932 1759 3971 cum
1797 3915 1977 3970 dixit:
2022 3912 2080 3970 Si

491 4035 601 4075 non
633 4018 770 4090 facio
803 4032 964 4087 opera
1008 4014 1184 4068 Patris
1221 4013 1346 4075 mei,
1409 4027 1475 4064 ne
1533 4010 1730 4065 credite
1787 4010 1956 4064 mihi:
1997 4010 2079 4062 sin

493 4119 676 4166 autem
722 4108 857 4178 facio
883 4148 898 4172 ,
944 4107 1040 4161 etsi
1088 4105 1219 4159 mihi
1252 4120 1357 4157 non
1413 4103 1649 4168 creditis,
1684 4101 1924 4174 operibus
1952 4101 2079 4154 meis

490 4206 706 4269 credite,
731 4210 787 4256 ut
810 4202 990 4256 sciatis
1020 4209 1068 4254 et
1126 4198 1474 4270 cognoscatis,
1507 4195 1646 4267 quod
1670 4212 1764 4267 ego
1781 4197 1837 4250 in
1898 4194 2077 4259 Patre,

493 4313 542 4356 et
568 4300 733 4355 Pater
757 4301 811 4354 in
846 4314 929 4352 me
956 4305 1032 4350 est
1075 4296 1138 4348 ⁸⁷.
1165 4295 1348 4361 Quare
1379 4292 1634 4347 absoluta
1678 4289 2080 4345 demonstratio

491 4403 601 4460 est,
629 4402 684 4449 et
718 4409 840 4463 quae
874 4389 1078 4446 sullieit
1108 4397 1164 4443 et
1206 4385 1383 4441 refelli
1418 4401 1532 4439 non
1582 4392 1787 4454 potest,
1840 4381 2082 4436 consub-

493 4483 876 4542 stantialitatis
919 4482 1114 4537 eadem
1171 4479 1353 4534 Patris
1401 4487 1458 4532 et
1491 4476 1617 4532 Filii
1643 4475 2080 4546 Operatiozquaa

493 4578 644 4634 enim
699 4576 852 4630 videt
902 4574 1122 4630 Patrem
1171 4571 1493 4635 facientem,
1539 4568 1671 4622 facit
1721 4568 1924 4635 Filius;
1968 4583 2080 4623 non

490 4670 676 4742 qualia
700 4668 851 4731 facit,
878 4664 977 4721 sed
1020 4680 1142 4734 qua:
1175 4663 1326 4718 facit.

562 4762 633 4820 Χ.
671 4761 822 4816 Idem
852 4760 920 4814 de
950 4758 1162 4829 Spiritu
1197 4766 1391 4812 sancto
1417 4764 1473 4810 et
1512 4754 1794 4810 credimus
1817 4763 1872 4809 et
1901 4754 2077 4808 confi-

494 4867 697 4919 temur,
725 4870 847 4910 esse
881 4853 1094 4908 scilicet
1118 4849 1652 4906 consubstantialem
1679 4849 1828 4904 Patri
1851 4858 1907 4903 et
1936 4848 2077 4902 Filio

491 4956 929 5011 etcoaatcrnum,
962 4953 1153 5015 utpote
1183 4960 1403 5015 semper
1439 4943 1862 4999 coexsistentem
1885 4959 1899 4996 :
1926 4942 2075 5013 quod

491 5041 643 5096 enim
675 5050 759 5094 est
802 5039 1108 5094 secundum
1136 5037 1507 5093 substantiam
1537 5037 1699 5091 Pater
1729 5035 1824 5106 qui
1861 5036 2072 5106 genuit,

493 5143 552 5187 et
576 5131 750 5188 Filius
777 5129 873 5201 qui
923 5129 1145 5200 genitus
1173 5137 1281 5195 est,
1327 5127 1436 5182 hoc
1472 5128 1651 5198 ipsum
1702 5134 1788 5180 est
1835 5125 2076 5196 Spiritus

495 5234 757 5292 sanctus;
789 5232 845 5278 et
869 5223 1014 5277 sicut
1067 5221 1243 5276 Filius
1267 5236 1335 5276 ex
1381 5220 1566 5285 Patre,
1603 5218 1683 5274 sic
1725 5227 1782 5272 et
1835 5217 2079 5288 Spiritus

497 5327 726 5374 sanctus
745 5332 812 5371 ex
841 5315 986 5370 Deo:
1013 5314 1103 5368 ille
1121 5313 1344 5383 quidem
1363 5314 1609 5385 genitus,
1641 5321 1691 5367 et
1723 5311 1850 5366 ideo
1874 5311 2076 5380 Filius;

498 5410 589 5465 hic
612 5416 796 5462 autem
853 5405 1178 5477 procedens,
1226 5415 1282 5460 et
1312 5413 1397 5460 est
1442 5404 1713 5475 Spiritus:
1753 5404 1837 5459 vel
1895 5406 2079 5475 potius

496 5497 795 5556 dicendum
821 5504 927 5563 est,
962 5496 1116 5551 illum
1137 5494 1361 5566 quidem
1392 5495 1681 5565 generari,
1710 5495 1860 5550 hunc
1891 5505 2077 5549 autem

1077 5615 1117 5646 ¹⁷
1141 5613 1274 5669 ibid.
1311 5612 1496 5667 57-58.
1611 5613 1652 5644 ¹¹⁸
1679 5613 1842 5668 Prov.
1866 5629 1978 5680 vni,
2005 5613 2094 5668 2'3.

1239 5686 1283 5716 ²³
1313 5684 1520 5738 Thren.
1551 5699 1624 5748 iv,
1672 5683 1761 5738 20.

572 5617 793 5674 “Joan.
820 5633 876 5681 x,
907 5615 995 5670 '56.

494 5689 586 5744 ﬁt}.
665 5688 893 5746 "Joan.
946 5703 1021 5753 ιν,
1069 5685 1160 5739 24.

2162 585 2420 656 quidem;
2448 588 2584 641 Ante
2610 603 2791 640 omnes
2810 584 2968 638 colles
2998 591 3218 654 generat
3242 599 3326 635 me
3350 583 3413 646 ",
3441 582 3503 637 de
3522 583 3684 655 Spiritu

2163 690 2349 736 autem
2376 689 2592 742 sancto,
2638 679 2741 744 Qui
2782 695 2846 732 ea:
2876 678 3039 733 Patre
3067 677 3300 749 procedit
3343 676 3406 730 “.
3450 677 3687 733 Diversila!

2164 784 2352 831 autem
2376 773 2757 846 generationis
2779 782 2835 828 et
2860 771 3233 842 processionis
3256 784 3368 824 non
3412 768 3688 825 demonstrat

2164 869 2489 924 substantia:
2531 867 2904 922 diﬂ‘erentiam
2927 883 2941 919 :
2975 880 3088 920 non
3109 864 3263 919 enim
3281 862 3573 917 diﬂerentia
3586 864 3692 916 exsi-

2167 961 2385 1016 stentia:
2413 959 2693 1032 signiﬁcat
2715 975 2859 1022 esse,
2895 958 2991 1014 sed
3023 956 3311 1028 quomodo
3343 970 3464 1011 esse
3481 954 3688 1016 declarat.

2167 1063 2428 1108 manente
2454 1053 2650 1109 eadem
2684 1051 2997 1107 substantia
3032 1052 3153 1122 ejus
3190 1067 3263 1106 ex
3297 1065 3430 1119 quo,
3469 1057 3519 1102 et
3550 1063 3692 1102 eorum

2165 1148 2260 1217 qni
2290 1163 2359 1203 ex
2387 1148 2509 1218 ipso
2537 1157 2688 1211 sunt,
2714 1145 3027 1202 secundum
3051 1143 3415 1198 diil‘erentem
3460 1142 3636 1194 modum
3657 1145 3691 1200 δ,

2169 1239 2221 1293 id
2257 1249 2364 1305 est,
2387 1239 2736 1294 intellectum.
2760 1238 2955 1294 Modus
2980 1252 3134 1307 ergo,
3163 1245 3227 1290 ut
3253 1234 3464 1290 dictum
3489 1235 3697 1295 εει,ωεὶ-

2168 1334 2385 1388 stentize
2413 1333 2680 1390 differens
2705 1341 2818 1398 est;
2854 1333 2994 1387 ratio
3017 1346 3153 1386 vero
3183 1328 3510 1385 substantia
3527 1326 3693 1388 eadem;

2166 1441 2234 1481 ex
2263 1427 2457 1482 eodem
2492 1427 2664 1492 enim,
2690 1428 2824 1481 licet
2843 1441 2953 1480 non
2980 1424 3265 1480 similiter.

2237 1520 2330 1574 Xl.
2363 1520 2442 1576 Ne
2470 1520 2740 1576 miremur
2789 1521 2958 1591 igitur
3012 1518 3339 1580 Dominum,
3372 1529 3492 1571 cum
3543 1511 3698 1568 utrius~

2168 1631 2276 1684 que
2303 1615 2535 1678 exitum,
2567 1615 2778 1669 exitum
2800 1630 2872 1669 ex
2901 1613 3064 1668 Patre
3100 1620 3302 1672 vocat;
3339 1609 3450 1678 Ego
3492 1609 3626 1667 enim,
3649 1607 3702 1659 in-

2169 1705 2308 1775 quit,
2343 1721 2406 1758 ea:
2438 1704 2604 1759 Patre
2646 1705 2804 1768 exivi,
2857 1711 2904 1757 et
2931 1703 3083 1757 uenio
3114 1703 3181 1754 '°.
3208 1700 3283 1756 Et
3328 1713 3547 1753 rursus:
3574 1694 3701 1765 Spiri-

2171 1808 2274 1862 tus,
2316 1800 2462 1870 quia
2519 1798 2685 1852 Patre
2709 1798 2944 1868 procedit
2993 1797 3062 1848 ¹¹.
3113 1794 3236 1850 Etsi
3293 1792 3446 1848 enim
3486 1791 3632 1851 exire,
3665 1802 3703 1842 et

2102 1864 2142 1918 Β
2172 1864 2478 1964 procedere
2516 1890 2660 1946 idem
2709 1864 2812 1945 hic
2861 1888 3202 1960 significant,
3255 1884 3529 1958 praecipue
3569 1892 3700 1937 tamen

2172 1983 2586 2054 processionem
2622 1981 2860 2052 Spiritui
2887 1989 3080 2035 sancto
3105 1975 3562 2039 accommodavit,
3602 1974 3703 2028 sicut

2171 2075 2276 2131 sibi
2307 2075 2747 2146 generationem.
2784 2074 2943 2129 Sicut
2965 2073 3114 2127 enim
3138 2072 3315 2127 Pater
3341 2076 3560 2123 vocatur
3579 2066 3704 2136 Spiri-

2174 2180 2284 2233 tus,
2311 2179 2367 2223 et
2389 2169 2563 2223 Filius
2596 2167 2727 2222 item
2759 2167 3026 2237 Spiritus,
3053 2164 3369 2220 secundum
3427 2162 3553 2216 illud
3580 2180 3593 2213 :
3618 2158 3702 2226 Spi-

2174 2264 2306 2316 ritus
2340 2269 2416 2316 est
2449 2262 2531 2323 ”;
2566 2272 2622 2316 et
2655 2260 2814 2323 illud,
2850 2258 3082 2330 Spiritus
3111 2259 3270 2330 faciei
3315 2265 3508 2311 nostri:
3527 2252 3704 2309 Christus

2175 2352 2428 2407 Dominus
2465 2355 2541 2408 “z
2575 2354 2798 2425 proprie
2822 2351 3112 2406 tamenhic
3131 2360 3220 2406 est
3251 2348 3492 2420 Spiritus
3519 2355 3703 2402 sanctus,

2172 2447 2269 2519 qui
2315 2456 2563 2503 sanctam
2597 2447 2926 2502 Trinitatem
2982 2444 3252 2515 complet.
3309 2442 3423 2505 Sic,
3458 2441 3551 2494 etsi
3583 2439 3706 2493 l-‘ilins

2173 2550 2232 2596 et
2262 2539 2506 2610 Spiritus
2535 2548 2762 2596 sanctus
2812 2539 3078 2593 dicuntur
3114 2537 3276 2591 exire
3309 2551 3377 2590 ex
3413 2535 3590 2596 Patre,
3616 2548 3705 2602 pm-

2175 2633 2354 2687 cessio
2386 2641 2570 2686 tamen
2615 2631 2893 2701 praecipue
2957 2628 3199 2699 Spiritus
3236 2627 3420 2683 sancti
3474 2633 3568 2687 est,
3605 2623 3706 2678 sicut

2174 2725 2460 2798 generatio
2495 2731 2580 2779 est
2607 2723 2755 2779 Filii.
2780 2723 2961 2790 Quare
2987 2733 3008 2762 ε
3045 2721 3363 2791 ingenitum
3412 2727 3466 2774 et
3516 2717 3703 2788 genitum

2175 2828 2232 2874 et
2286 2817 2617 2889 procedens,
2663 2833 2787 2887 quae
2840 2815 3066 2887 quidem
3122 2821 3379 2870 sanctam
3437 2810 3704 2866 Trinitatem

2176 2909 2550 2970 constituunt,
2573 2907 2739 2961 unius
2768 2914 2825 2960 et
2859 2905 3108 2976 ejusdem
3151 2913 3375 2958 natura:
3411 2911 3564 2957 sunt:
3592 2902 3703 2970 inge-

2177 3000 2353 3055 nitum
2387 3011 2570 3055 autem
2596 3013 2741 3062 esse,
2785 3005 2842 3052 et
2886 2997 3133 3067 genitum
3163 2997 3314 3057 esse,
3361 3003 3417 3048 et
3465 2991 3704 3064 procedere

2178 3108 2288 3146 non
2320 3101 2447 3146 sunt
2469 3091 2614 3145 inter
2645 3105 2703 3145 se
2733 3088 2972 3144 similia:
2998 3087 3185 3142 dill'ert
3212 3088 3370 3142 enim
3402 3083 3703 3157 generatioah

2105 3220 2148 3277 ο
2184 3183 2625 3254 ingeneratione,
2658 3190 2716 3236 et
2748 3180 3041 3252 processio
3074 3197 3103 3235 a
3134 3181 3494 3252 generatione
3528 3177 3704 3245 etingeo

2183 3277 2500 3342 neratione;
2555 3276 2612 3330 in
2669 3275 2874 3345 quibus
2910 3283 3095 3328 autem
3139 3274 3264 3329 haec
3322 3281 3469 3336 sunt,
3515 3269 3700 3342 ejusdem

2181 3370 2505 3427 substantite
2524 3378 2579 3424 et
2603 3378 2818 3424 natura:
2845 3378 2995 3424 sunt.
3030 3369 3298 3423 Eamdem
3334 3366 3704 3439 igitursubstan-

2183 3462 2312 3517 tiam
2356 3461 2594 3515 dicimus
2648 3469 2850 3514 sancta:
2878 3458 3206 3525 Trinitatis;
3269 3457 3578 3527 Trinitatem
3601 3453 3700 3508 dici-

2181 3573 2306 3613 mus
2331 3572 2442 3612 non
2489 3556 2955 3621 substantiarum,
3014 3555 3110 3611 sed
3163 3570 3546 3627 personarum:
3579 3566 3702 3605 unum

2181 3652 2329 3706 enim
2355 3652 2527 3706 Deum
2552 3650 2881 3718 proﬁtemur
2921 3666 3033 3705 non
3065 3665 3329 3714 numero,
3388 3648 3479 3704 sed
3517 3657 3698 3702 natura:

2181 3759 2291 3798 non
2315 3743 2464 3798 enim
2495 3742 2644 3812 quod
2662 3752 2750 3798 est
2777 3742 3006 3797 omnino
3039 3759 3209 3797 unum
3236 3732 3491 3808 numero,
3537 3740 3700 3794 omnino

2180 3837 2348 3892 etiam
2371 3845 2458 3891 est
2482 3850 2652 3890 unum
2699 3843 2919 3889 natura.
2958 3835 3028 3889 Et
3087 3852 3264 3889 unum
3303 3833 3601 3899 substantia,
3623 3846 3696 3885 non

2181 3937 2266 3985 est
2294 3929 2523 3984 omnino
2560 3945 2732 3983 unum
2760 3944 3020 3983 numero.
3066 3929 3325 3997 Exempli
3377 3944 3528 3983 causa
3581 3941 3697 3979 mun-

2181 4020 2311 4074 dum
2330 4035 2648 4076 sumemus:
2683 4018 2775 4074 hic
2805 4029 2888 4074 est
2910 4035 3146 4074 numero
3179 4021 3412 4090 quidem
3446 4034 3596 4081 unus;
3622 4032 3695 4070 non

2181 4122 2368 4168 autem
2405 4120 2492 4169 est
2524 4129 2669 4167 unus
2699 4122 2919 4176 natura,
2941 4111 3038 4167 sed
3059 4114 3230 4169 multa
3275 4130 3346 4170 ex
3384 4115 3565 4186 quibus
3596 4125 3698 4165 com—

2183 4206 2404 4276 positus
2430 4215 2549 4261 est:
2589 4221 2654 4260 ac
2690 4222 2884 4261 rursus
2924 4206 3112 4271 homo,
3143 4222 3295 4262 unus
3321 4206 3529 4278 quidem
3557 4212 3619 4259 est
3635 4218 3697 4255 na-

2185 4307 2344 4362 tura;
2402 4297 2658 4353 inﬁnitus
2697 4305 2883 4353 autem
2930 4314 3185 4353 numero.
3243 4299 3319 4356 Et
3361 4308 3532 4354 sancta
3579 4297 3696 4366 igitur

2183 4391 2428 4445 Trinitas
2464 4406 2607 4445 unus
2631 4392 2778 4446 Deus
2806 4400 2892 4445 est
2936 4392 3272 4455 substantia,
3326 4406 3538 4447 numero
3564 4397 3692 4443 autem

2181 4485 2424 4539 Trinitas
2456 4484 2511 4538 in
2536 4485 2718 4553 Patre,
2752 4492 2809 4539 et
2842 4485 3003 4551 Filio,
3046 4494 3102 4540 et
3128 4485 3342 4555 Spiritu
3367 4483 3695 4540 sanctoadora-

2115 4577 2158 4632 Ι)
2187 4587 2259 4643 ta,
2287 4587 2341 4632 et
2383 4577 2677 4649 ὁριζομένη
2702 4595 2715 4630 :
2751 4594 3039 4647 nunquam
3067 4588 3260 4632 autem
3290 4588 3553 4634 contracta
3592 4576 3689 4629 intra

2186 4671 2544 4735 Trinitatem,
2593 4686 2697 4725 nec
2747 4670 2866 4724 fusa
2907 4680 3059 4725 extra
3118 4671 3261 4726 hanc
3281 4673 3350 4727 ad
3380 4673 3530 4726 alium
3557 4682 3691 4723 nume-

2185 4777 2344 4828 rum;
2380 4777 2491 4815 non
2531 4761 2681 4815 enim
2707 4760 2789 4815 fas
2823 4769 2906 4816 est
2947 4769 3041 4814 aut
3072 4761 3395 4818 dualitatem
3437 4761 3686 4831 intelligere.

2183 4849 2733 4919 autquatcrnitatem
2788 4848 3167 4915 introducere,
3225 4860 3472 4906 autcum
3507 4850 3591 4903 hoc
3609 4863 3686 4915 my-

2182 4943 2321 4997 stico
2369 4950 2575 4996 sanctae
2635 4941 2922 4996 Trinitatis
2973 4958 3210 4997 numero
3259 4945 3584 5014 conjungere,
3626 4945 3686 4992 aut

2181 5034 2392 5105 aliquid
2441 5051 2508 5089 ex
2546 5049 2612 5089 eo
2635 5034 2878 5090 demere.
2920 5034 3165 5090 Trinitas
3206 5036 3356 5092 enim
3385 5044 3464 5091 est
3512 5047 3684 5102 semper.

2187 5136 2299 5181 tota
2326 5126 2589 5193 creatrix,
2644 5134 2757 5182 tota
2804 5128 3108 5194 adoranda,
3165 5142 3433 5186 cozeterna
3474 5129 3578 5191 sibi,
3609 5123 3684 5179 sola

2187 5220 2467 5274 increata:
2501 5228 2654 5274 creat
2680 5213 2871 5284 'enim,
2911 5235 3021 5274 non
3083 5233 3332 5277 creatur:
3361 5223 3484 5278 nihil
3510 5237 3560 5275 ea
3589 5215 3684 5272 anti-

2187 5312 2372 5381 quius,
2400 5319 2496 5365 aut
2524 5311 2802 5382 posterius
2831 5328 2844 5366 :
2875 5311 3008 5366 illud
3033 5312 3181 5367 enim
3206 5323 3330 5368 ante
3350 5324 3400 5370 et
3421 5323 3538 5385 post,
3553 5317 3683 5380 partes

2189 5403 2456 5474 temporis
2477 5415 2641 5470 sunt;
2667 5404 2815 5459 Deus
2849 5413 3031 5459 autem
3057 5415 3364 5476 temporum
3389 5414 3576 5460 auctor:
3606 5413 3679 5452 non

2186 5497 2338 5551 enim
2366 5496 2469 5550 sub
2500 5503 2751 5567 tempore
2780 5508 2896 5552 est:
2949 5498 3289 5569 impossibile
3334 5502 3581 5554 autemest
3610 5490 3682 5543 ali-

2206 5613 2250 5647 "
2283 5614 2445 5670 Joan.
2475 5630 2566 5681 xv,
2594 5613 2685 5670 26.
2801 5616 2848 5648 “
2875 5615 3036 5673 Joan.
3064 5635 3174 5688 xvr,
3208 5619 3297 5675 27.
3399 5618 3435 5650 "
3463 5617 3587 5672 Joan.
3614 5622 3676 5670 ιν,

1779 5800 2016 5856 V’AtiIJE
2058 5801 2466 5859 LECTIONES.

601 5898 626 5939 δ
657 5898 866 5954 Hodum
897 5897 1149 5971 ἔκληψιν.

1251 5906 1274 5936 ο
1313 5894 1500 5967 Ingcn.
1537 5895 1696 5968 genit.
1733 5903 1781 5949 et
1817 5898 2026 5967 prored.
2064 5895 2381 5970 ἀγιννησξα,
2427 5897 2703 5969 γέννησις,
2748 5896 3092 5970 ἐκπύρωσις.
