3820 6518
63 366 173 434 1317

1047 356 1335 420 ORATIO
1374 352 1425 418 1.
1459 378 1519 391 ·-
1553 350 1653 413 DE
1692 349 1797 411 SS.
1835 347 2280 411 TRINITATE.

3154 342 3290 409 1318

58 483 168 558 quid
193 478 325 535 intra
342 475 672 532 Trinitatem
703 471 1057 542 intelligere;
1095 466 1371 539 siquidem
1454 460 1599 534 quod
1633 468 1676 521 Α
1706 459 1922 523 uitatis,
1957 474 2068 514 una
2107 458 2258 513 enim
2286 464 2403 523 est;
2456 464 2513 511 at
2538 470 2648 510 non
2685 453 2765 511 sic
2809 463 2895 510 est
2941 466 3198 527 angusta,
3230 467 3294 513 ut

59 576 177 632 infra
197 568 555 627 substantiam
578 565 902 627 collocatur,
929 576 1115 618 secum
1138 558 1309 615 infert
1329 572 1453 628 qua
1473 563 1603 610 sunt

57 666 271 741 ejusdem
342 659 689 718 substantiae.
766 657 979 713 Idcirco
1037 654 1183 710 nihil
1257 649 1472 707 humile
1534 648 1603 741 de

58 738 148 813 uno
179 752 495 817 sentiamus,
543 764 612 805 ne
663 746 830 803 simul
884 745 1096 801 humile
1133 742 1435 797 reddamus
1482 738 1606 793 uni-

58 860 412 905 versum:non
438 842 590 898 enim
624 841 839 913 patitur
874 839 1025 894 Deus
1059 854 1091 892 a
1138 831 1603 892 consubstantiali

58 940 511 1012 separarimeque
559 934 791 1006 gloriam
841 930 1001 986 ducit
1027 929 1274 985 dedecus
1322 928 1466 999 ejus,
1507 925 1603 995 qui

58 1050 157 1089 eum
186 1032 326 1102 ipso:
356 1039 443 1085 est
469 1037 658 1084 autem
699 1024 944 1081 dedecus
972 1022 1109 1078 illud
1147 1020 1384 1093 quando,
1414 1028 1471 1075 et
1499 1036 1603 1073 non

56 1132 166 1187 erat,
185 1131 238 1176 et
266 1128 528 1184 creatum,
560 1126 616 1174 et
648 1133 713 1171 ea:
742 1132 847 1171 non
882 1114 1288 1169 metuentibus:
1323 1128 1447 1181 quae
1473 1121 1605 1166 sunt

58 1215 210 1269 omnia
228 1230 255 1268 a
273 1212 444 1283 gloria
465 1212 566 1266 Dei
592 1211 798 1266 aliena.

113 1304 212 1362 ΧΠ.
238 1304 337 1372 Qui
386 1303 563 1374 igitur
609 1314 858 1358 sanctam
892 1300 1226 1357 Trinitatem
1274 1300 1448 1354 Deum
1480 1312 1604 1353 esse

60 1401 368 1471 proﬁtemur,
394 1412 746 1467 quaecunque
774 1395 844 1450 de
882 1396 997 1450 Deo
1024 1392 1195 1459 dicta,
1220 1393 1427 1447 absona
1452 1400 1603 1457 sunt,

62 1493 175 1549 nihil
221 1506 409 1547 eorum
439 1505 511 1544 ne
534 1489 845 1559 cogitemus
880 1487 1130 1559 quidem,
1174 1486 1381 1542 nedum
1417 1485 1606 1555 lingua

62 1587 337 1641 efferamus.
360 1583 502 1640 Cum
535 1591 773 1639 testatur
794 1582 943 1637 Deus
963 1581 1033 1636 de
1062 1581 1203 1636 Filio
1228 1598 1259 1634 a
1287 1594 1346 1635 se
1394 1579 1604 1649 genito,

64 1675 183 1747 quod
209 1691 268 1729 ex
289 1682 437 1727 utero
464 1683 592 1728 ante
622 1672 921 1743 Luciferum
941 1671 1131 1743 genuit
1153 1686 1281 1724 eum
1303 1670 1370 1733 ",
1393 1678 1605 1722 uterum

65 1768 271 1837 intelligo
290 1767 346 1821 in
382 1765 607 1821 occulto
632 1764 975 1819 reconditam
1014 1773 1071 1818 et
1109 1762 1446 1818 ineli‘abilem
1471 1762 1606 1817 suh-

1707 567 1817 606 una
1874 550 2190 624 hypostasis
2217 548 2532 605 divinitatis
2583 548 3118 605 circumscribatur:
3170 566 3295 620 quae

1705 660 1815 699 una
1846 643 2074 715 quidem
2108 650 2215 708 est,
2244 651 2305 697 ut
2332 642 2633 708 divinitas;
2665 648 2726 696 ut
2777 649 2963 697 autem
2998 651 3127 698 sunt
3161 658 3293 712 pro-

1706 737 1974 808 prietates
1988 735 2457 791 characteristica:
2469 750 2855 807 personarum,
2876 734 2931 790 id
2949 743 3054 801 est,
3076 734 3298 807 signan-

1709 842 1794 887 tes
1817 845 2105 901 personas,
2133 838 2247 884 tres
2268 835 2429 882 sunt:
2460 836 2548 882 est
2577 827 2726 882 enim
2762 827 2947 891 Pater,
2980 827 3163 891 Pater,
3196 826 3294 896 qui

1707 938 1821 978 non
1854 922 2081 993 quidem
2136 921 2313 977 Filius
2340 928 2449 984 est,
2510 921 2661 975 Deus
2690 936 2822 974 vero
2851 930 2970 975 est:
3023 928 3080 973 et
3122 918 3299 975 Filius

1709 1016 1972 1073 similiter
2006 1014 2206 1079 Filius,
2236 1014 2331 1083 qui
2363 1027 2479 1067 non
2511 1011 2737 1081 quidem
2775 1012 2941 1066 Pater
2999 1019 3107 1075 est,
3149 1012 3297 1066 Deus

1710 1118 1893 1161 tamen
1919 1115 2005 1161 est
2037 1123 2050 1159 :
2081 1115 2137 1160 et
2168 1104 2412 1174 Spiritus
2434 1110 2661 1158 sanctus
2690 1118 2873 1171 neque
2901 1103 3086 1169 Pater,
3110 1118 3296 1172 neque

1710 1200 1885 1257 Filius
1911 1207 2018 1263 est,
2045 1197 2141 1253 sed
2166 1198 2232 1263 is,
2262 1196 2359 1267 qui
2388 1195 2596 1250 dicitur
2616 1194 2859 1264 Spiritus
2885 1202 3131 1258 sanctus,
3150 1194 3297 1248 Deus

1708 1308 1874 1347 verus
1902 1300 2027 1348 est:
2056 1290 2204 1361 quod
2240 1288 2391 1343 enim
2424 1296 2509 1343 est
2551 1286 2866 1342 substantia
2904 1287 3296 1357 unusquisque

1707 1402 1900 1440 eorum
1926 1385 2021 1456 qui
2079 1384 2214 1439 dicti
2251 1392 2403 1446 sunt,
2442 1384 2549 1436 hoc
2602 1388 2733 1437 sunt
2761 1380 2856 1451 qui
2889 1380 3053 1434 simul
3111 1380 3299 1435 nomi-

1710 1488 1936 1542 nantur,
1963 1487 2017 1533 et
2046 1476 2212 1532 simul
2247 1485 2404 1530 sunt:
2434 1474 2587 1531 circa
2611 1489 2880 1545 personas
2903 1472 3054 1526 enim
3077 1480 3165 1527 est
3183 1472 3290 1526 dif-

1710 1570 1964 1635 ferentia,
1987 1586 2098 1624 non
2132 1569 2281 1624 circa
2314 1567 2705 1621 substantiam.

1781 1664 1925 1720 XIII.
1958 1662 2115 1731 Quod
2172 1678 2307 1733 ergo
2352 1669 2440 1715 est
2473 1660 2638 1716 Pater
2676 1659 2772 1730 qui
2804 1658 3019 1729 genuit,
3056 1657 3165 1712 hoc
3211 1665 3299 1713 est

1712 1756 1888 1811 Filius
1915 1755 2160 1827 genitus,
2202 1753 2459 1823 quamvis
2506 1767 2619 1807 non
2670 1751 2896 1822 genuit:
2932 1747 3213 1820 siquidem
3241 1758 3299 1804 et

65 1827 319 1910 stantiam:
344 1863 401 1910 et
423 1870 624 1909 rursus
656 1870 782 1909 cum
803 1853 940 1909 dicit
992 1853 1061 1909 de
1105 1853 1320 1923 Spiritu
1384 1862 1603 1918 sancto,
1638 1827 1681 1884 Β
1712 1852 1803 1907 ille
1819 1866 1933 1905 non
1958 1849 2200 1921 genitus.
2230 1847 2327 1919 qui
2356 1847 2585 1919 genuit:
2626 1845 2774 1916 quod
2804 1852 2892 1899 est
2922 1843 3168 1916 genitus,
3192 1843 3301 1899 hoc

66 1944 256 2014 Spiritus
280 1961 311 1997 ι
332 1959 413 1996 me
437 1944 597 2001 exibit
629 1942 702 2007 ";
729 1942 984 1996 Salvator
1032 1957 1164 1996 vero
1210 1949 1400 1997 noster
1448 1941 1609 1996 Jesus

65 2036 119 2091 de
138 2034 579 2091 eonsubstantiali
611 2050 712 2089 suo
738 2034 1026 2089 Paracleto
1054 2033 1153 2099 ait,
1186 2033 1334 2103 quod
1358 2050 1423 2088 ea:
1445 2032 1610 2089 Patre

65 2128 254 2199 quidem
279 2129 512 2199 procedit
541 2129 624 2195 ης
657 2128 862 2198 accipit
890 2138 1077 2183 autem
1115 2142 1181 2181 ex
1207 2127 1373 2193 Filio,
1422 2127 1608 2181 omnia

65 2237 162 2290 qua:
187 2221 354 2276 Patris
391 2229 528 2277 sunt
564 2222 631 2285 ν,
667 2220 773 2277 sibi
826 2220 1050 2291 propria
1108 2218 1348 2276 faciente
1404 2231 1461 2276 et
1507 2220 1610 2275 ha-

68 2310 200 2367 bente
230 2330 243 2365 :
269 2328 371 2366 una
403 2327 650 2381 namque
678 2311 989 2366 substantia
1031 2319 1137 2375 est,
1169 2320 1228 2365 et
1279 2312 1447 2367 unius
1476 2313 1610 2367 sub-

68 2402 245 2457 stantia:
271 2401 590 2457 communia
620 2401 840 2468 omnia;
888 2402 1200 2457 communis
1256 2418 1390 2458 vero
1442 2403 1608 2459 etiam

68 2494 330 2549 substantia
356 2512 370 2548 :
402 2494 680 2548 naturalis
699 2491 847 2548 enim
871 2503 955 2548 est
979 2493 1255 2548 habitudo
1278 2512 1291 2548 :
1318 2505 1512 2565 etquae
1540 2495 1609 2550 ad

66 2584 240 2654 aliquid
291 2585 481 2656 aliquo
544 2586 708 2641 modo
738 2601 797 2640 se
826 2586 1076 2650 habent,
1114 2602 1304 2641 secum
1358 2587 1611 2645 inferunt

70 2677 150 2732 alia
173 2678 233 2732 ad
261 2694 378 2749 quae
399 2678 736 2734 naturaliter
759 2678 969 2734 habent
995 2679 1410 2736 habitudinem:
1443 2682 1612 2738 infert

68 2786 173 2842 ergo
217 2788 397 2827 secum
430 2772 603 2828 Pater
648 2772 881 2839 Filium,
936 2781 994 2829 et
1043 2772 1216 2829 Filius
1253 2774 1496 2841 Patrem,
1556 2784 1611 2830 et

72 2865 183 2918 alter
230 2863 345 2920 sine
377 2865 562 2920 altero
600 2863 839 2935 intelligi
892 2880 1004 2920 non
1058 2874 1271 2935 potest:
1324 2864 1430 2921 nisi
1461 2866 1609 2922 enim

73 2956 210 3013 Filius
246 2957 334 3022 sit,
369 2957 599 3028 penitus
627 2957 792 3012 Pater
827 2972 940 3012 non
970 2957 1100 3013 erit.
1142 2957 1279 3025 Quis
1321 2960 1470 3014 enim
1506 2960 1615 3015 erit

73 3048 273 3115 Pater,si
297 3067 406 3106 non
428 3050 506 3106 sit
536 3048 751 3105 Filiusi
769 3057 827 3104 et
854 3064 1053 3103 rursus
1082 3049 1365 3119 quomodo
1415 3050 1607 3114 Filius,

1709 1954 1793 1999 est
1820 1943 1936 2014 ipse
1955 1942 2198 2013 genitor,
2227 1938 2537 1996 secundum
2567 1937 2959 1993 substantiam.
3016 1936 3294 1993 Similiter

1711 2036 1958 2108 Spiritus
1978 2044 2228 2099 sanctus,
2260 2033 2355 2105 qui
2399 2047 2583 2102 neque
2612 2030 2830 2101 genuit,
2864 2046 3046 2100 neque
3073 2028 3301 2101 genitus

1709 2138 1817 2197 est,
1844 2128 2154 2184 secundum
2192 2134 2448 2181 naturam
2502 2124 2609 2179 hoc
2662 2124 2842 2193 ipsum
2882 2132 2990 2188 est,
3021 2121 3166 2193 quod
3202 2121 3297 2191 qui

1710 2221 1926 2294 genuit,
1962 2228 2020 2277 et
2054 2220 2148 2290 qui
2180 2219 2403 2291 genitus
2422 2226 2543 2273 est:
2581 2216 2969 2286 unusquisque
2997 2214 3145 2270 enim
3169 2228 3297 2267 cum

1711 2312 1986 2387 ejusdem,
2021 2322 2079 2367 et
2101 2310 2289 2370 unius.
2316 2325 2382 2364 ac
2416 2308 2612 2370 solius,
2648 2307 2913 2362 increata:
2952 2314 3166 2359 natura:
3190 2302 3296 2368 sit;

1712 2406 1923 2479 proprii
1951 2404 2124 2470 modi,
2149 2412 2211 2457 ut
2236 2403 2311 2457 ita
2338 2401 2543 2457 dicam.
2573 2398 2971 2471 proprietatem
3004 2396 3299 2452 characte-

1715 2501 1961 2557 ristieam
1996 2496 2310 2570 personalis
2347 2493 2666 2566 hypostasis
2698 2491 2934 2546 sortitus
2960 2498 3064 2545 est.
3112 2490 3298 2549 Pater,

1713 2591 2048 2662 ingenitum;
2070 2586 2266 2647 Filius.
2308 2586 2575 2656 genitum;
2606 2581 2855 2653 Spiritus
2894 2588 3139 2644 sanctus,
3169 2595 3298 2649 pro-

1712 2683 2037 2746 cationem;
2071 2687 2129 2734 et
2158 2692 2270 2733 non
2295 2675 2436 2730 fiunt
2473 2674 2590 2728 haec
2619 2671 2957 2733 communia,
2980 2670 3124 2725 sicut
3150 2684 3303 2723 com-

1714 2789 1940 2830 munem
1971 2770 2337 2829 substantiam
2357 2768 2624 2824 dicimus:
2675 2781 2786 2822 non
2819 2764 2970 2821 enim
3009 2764 3300 2836 proprium

1714 2869 1773 2924 in
1801 2881 2099 2923 commune
2148 2863 2378 2929 transit;
2439 2860 2649 2931 alioqui
2680 2859 2962 2930 quomodo
3005 2858 3297 2929 proprium

1715 2960 1900 3016 esset?
1924 2969 1982 3015 et
2032 2956 2184 3029 quod
2225 2969 2523 3012 commune
2554 2952 2806 3007 omnium
2848 2960 2956 3017 est,
3015 2949 3302 3022 quomodo

1717 3053 2010 3124 proprium
2045 3051 2284 3122 alicujus
2312 3063 2559 3119 unquam
2590 3047 2742 3103 erit?
2779 3045 2928 3101 sicut
2969 3045 3121 3100 enim
3176 3045 3303 3099 risi-

72 3143 224 3200 sinon
249 3144 318 3201 sit
346 3145 551 3201 Pater?
594 3144 905 3200 sicutenim
926 3143 1052 3208 hoc,
1083 3145 1164 3199 sic
1187 3144 1608 3201 illud.Verhum
1640 3176 1685 3235 ο
1719 3148 1841 3212 bile,
1871 3146 2033 3203 verbi
2064 3146 2269 3217 gratia,
2316 3158 2426 3198 non
2487 3151 2572 3197 est
2622 3141 2912 3212 pr0prium
2965 3138 3303 3211 cujuspiam,

74 3245 225 3293 autem
267 3253 388 3295 cum
422 3239 495 3294 sit
545 3238 756 3305 Filius,
809 3252 1000 3292 secum
1052 3236 1219 3292 simul
1268 3237 1613 3295 demonstrat

76 3328 337 3399 Spiritum;
370 3332 617 3389 Verbum
650 3331 798 3385 enim
828 3346 942 3385 non
985 3339 1071 3386 est
1099 3330 1308 3401 absque
1365 3330 1611 3403 Spiritu;

76 3434 222 3489 neque
244 3436 394 3477 mens
416 3421 634 3490 absque
678 3418 906 3475 Verbo:
965 3429 1208 3475 mentem
1246 3430 1432 3475 autem
1472 3421 1615 3476 dici-

79 3528 175 3569 mus
193 3514 395 3569 Patrem
416 3512 626 3580 Verbi;
655 3519 900 3569 mentem
930 3509 1083 3576 dico,
1116 3510 1173 3566 in
1203 3526 1312 3582 qua
1343 3510 1614 3577 Verbum,

80 3620 180 3659 eum
211 3623 311 3677 quo
335 3607 586 3679 Spiritus
606 3615 850 3669 sanctus,
881 3603 976 3675 qui
1000 3605 1224 3675 spiritus
1249 3606 1356 3659 oris
1388 3604 1487 3659 Dei
1515 3619 1616 3660 vo-

80 3708 205 3753 catur
233 3699 305 3766 ";
338 3715 399 3755 os
424 3714 671 3769 namque
698 3697 877 3753 Patris
901 3694 1075 3751 Filius
1118 3706 1223 3752 est.
1284 3698 1465 3765 Quare
1512 3713 1614 3754 nec

81 3790 284 3845 cessatio
314 3805 587 3846 numerus
634 3788 929 3844 Trinitatis
961 3788 1018 3843 in
1066 3788 1255 3843 divina
1294 3798 1495 3844 natura
1523 3804 1618 3843 ac-

82 3882 251 3951 cipitur
272 3883 335 3938 ad
370 3881 915 3939 demonstrationem
939 3895 1328 3950 personarum,
1364 3881 1460 3950 qui
1516 3897 1620 3935 nu-

83 3986 237 4026 merus
261 3972 646 4029 habitudinem
671 3987 862 4026 earum
908 3971 1327 4025 substantialem
1387 3981 1444 4026 et
1483 3970 1617 4027 sub-

84 4064 262 4122 stantiae
291 4078 627 4123 coaeternam
660 4063 928 4119 ostendit.
961 4064 1291 4119 Trinitatem
1324 4080 1458 4119 vero
1480 4065 1619 4120 dici-

84 4171 183 4211 mus
211 4174 309 4213 non
340 4158 649 4215 secundum
672 4157 1130 4227 compositionem
1165 4158 1439 4212 unitatum
1470 4173 1621 4213 com-

85 4249 365 4315 positam,et
380 4250 828 4322 progredientem
846 4248 914 4302 ab
930 4248 1141 4302 unitate
1164 4247 1231 4302 ad
1250 4247 1578 4303 Trinitatem
1602 4267 1615 4303 :

86 4342 320 4398 antecedit
379 4345 533 4398 enim
580 4340 900 4410 huiusmodi
941 4339 1270 4395 Trinitatem
1326 4341 1531 4407 unitas,
1563 4350 1621 4396 et

88 4429 310 4499 dualitas;
328 4443 382 4489 et
396 4449 599 4489 rursus
620 4432 871 4503 sequitur
882 4432 1248 4502 quaternitas,
1265 4440 1321 4489 et
1334 4432 1615 4504 deinceps.

1717 3250 1804 3298 est
1839 3241 1987 3297 enim
2020 3239 2271 3297 omnium
2295 3254 2309 3292 :
2331 3237 2413 3293 sic
2444 3252 2555 3291 non
2573 3245 2658 3291 est
2688 3234 2936 3289 omnium
2974 3235 3310 3299 simum,aut

1721 3335 2011 3397 aduncum,
2041 3329 2136 3385 sed
2172 3329 2340 3385 unius
2361 3334 2492 3382 sunt
2519 3326 2687 3381 talia:
2731 3333 2787 3379 at
2822 3323 3077 3394 exempla
3108 3322 3307 3393 imagi-

1719 3424 1808 3479 nis
1839 3421 2063 3492 indigna
2093 3428 2244 3487 sunt,
2296 3418 2507 3482 fateor;
2554 3416 2806 3487 exempla
2846 3424 3028 3470 tamen
3078 3422 3207 3468 sunt
3235 3412 3305 3469 ad

1718 3513 2136 3577 declarandum,
2167 3511 2321 3566 nullo
2356 3508 2525 3564 modo
2561 3508 2681 3563 fieri
2719 3521 2907 3578 posse,
2936 3514 2997 3560 ut
3019 3520 3142 3575 qua:
3173 3520 3308 3574 pro-

1719 3609 1841 3680 prie
1881 3605 2052 3662 alicui
2076 3605 2288 3670 insunt,
2353 3612 2567 3657 natura:
2626 3599 2993 3655 mutationem
3039 3596 3305 3653 etiiciant.

1716 3699 1855 3755 Cum
1898 3695 2049 3751 enim
2093 3692 2427 3758 communis,
2491 3701 2551 3746 ut
2595 3690 2732 3755 dixi,
2776 3688 2850 3745 sit
2876 3689 3191 3745 substantia
3245 3688 3305 3743 in

1719 3800 1907 3845 sancta
1962 3786 2260 3852 Trinitate,
2308 3784 2597 3855 proprium
2647 3782 2792 3853 quod
2850 3782 2995 3837 inest
3028 3781 3304 3852 personis,

1720 3884 2052 3955 hypostases
2088 3877 2424 3947 distinguit:
2489 3884 2684 3946 estque
2722 3874 2897 3930 solius
2941 3874 3121 3929 Patris
3176 3889 3308 3944 pro-

1721 3976 1932 4047 prium,
1960 3972 2301 4044 ingenitum;
2332 3968 2479 4033 Filii,
2513 3969 2788 4039 genitum;
2824 3967 3066 4038 Spiritus
3126 3967 3304 4022 sancti

1720 4068 2043 4140 procedens:
2079 4079 2183 4119 nec
2218 4070 2445 4133 oportet
2477 4061 2532 4115 in
2589 4061 2811 4130 propria
2857 4060 2963 4114 ista
3000 4060 3303 4122 intuentes,

1721 4158 2092 4216 diﬂ‘erentiam
2123 4169 2347 4226 quoque
2373 4152 2699 4209 substantia:
2725 4166 2974 4221 quarere
3000 4168 3015 4205 :
3071 4151 3305 4221 impium

1720 4254 1871 4311 enim
1907 4260 1993 4307 est
2018 4249 2183 4305 simul
2206 4256 2263 4303 et
2297 4246 2528 4302 stultum
2552 4245 2669 4301 haec
2692 4243 3001 4315 suspicari:
3028 4242 3125 4315 qui
3154 4242 3305 4298 enim

1723 4344 1829 4400 hoc
1858 4350 2016 4415 putat
2042 4355 2239 4397 verum
2272 4355 2416 4404 esse,
2457 4346 2513 4393 et
2568 4337 2733 4393 simul
2764 4351 2889 4391 cum
2940 4332 3307 4405 proprietati-

1722 4434 1829 4490 bus
1852 4430 2232 4502 singularibus
2255 4440 2278 4467 ο
2295 4428 2664 4484 substantiam
2694 4435 2905 4491 mutat;
2931 4433 3090 4495 putet
3115 4424 3304 4485 etiam,

88 4519 302 4579 Sanctam
353 4542 487 4583 vero
518 4526 842 4581 Trinitatem
877 4542 988 4581 non
1034 4525 1371 4580 antecedunt
1419 4526 1622 4591 unitas,
1657 4534 1702 4590 ι)
1733 4537 1794 4580 ut
1824 4537 2172 4593 consequens
2209 4528 2315 4586 est,
2351 4519 2523 4575 Adam
2568 4530 2625 4575 et
2686 4519 2856 4574 Evam
2902 4526 2959 4571 et
3004 4515 3139 4571 Abel
3194 4531 3306 4570 non

90 4613 155 4666 vel
183 4614 421 4683 dualitas,
453 4633 640 4688 neque
679 4615 936 4687 sequitur
969 4615 1333 4686 quaternitas,
1374 4624 1431 4671 et
1458 4616 1617 4672 dein-

90 4714 218 4771 ceps;
250 4716 434 4763 natura
462 4710 614 4763 enim
633 4716 719 4762 est
741 4706 985 4762 Trinitas
998 4694 1219 4777 semper
1232 4707 1429 4763 eodem
1453 4709 1620 4763 modo

91 4805 137 4845 se
163 4792 371 4863 habens,
410 4815 594 4871 neque
619 4798 905 4865 deficiens,
954 4815 1056 4855 nec
1095 4799 1412 4856 abundans:
1450 4802 1623 4873 siqui-

90 4882 267 4942 demin
293 4892 500 4947 unitate
544 4891 872 4946 Trinitatem
918 4892 1388 4962 eontemplamur;
1453 4901 1511 4947 et
1566 4894 1620 4948 in

92 4972 324 5034 Trinitate
350 4984 647 5037 unitatem:
700 4997 827 5037 cum
874 4981 1025 5035 enim
1058 4980 1422 5035 substantiam
1457 4981 1620 5036 intel-

95 5064 299 5136 ligimus,
328 5074 630 5145 simplicem
660 5074 936 5128 unitatem
979 5072 1459 5142 contemplamur;
1494 5088 1619 5127 cum

95 5170 205 5213 vero
250 5160 585 5234 hypostases,
636 5163 963 5220 Trinitatem
1020 5163 1384 5235 profitemur:
1449 5180 1623 5234 usque

96 5249 151 5301 ad
176 5253 333 5309 solam
392 5258 541 5313 enim
574 5257 902 5313 Trinitatem
952 5273 1314 5327 personarum
1362 5257 1625 5313 dilatatur

97 5341 252 5400 unitas
273 5348 617 5407 substantiae:
653 5352 760 5406 etsi
802 5351 951 5406 enim
982 5362 1067 5408 est
1095 5366 1204 5405 una
1251 5360 1446 5405 natura
1478 5351 1625 5406 divi-

1721 4636 1845 4676 esse
1906 4615 2154 4687 ejusdem
2198 4613 2563 4667 substantiae:
2605 4611 2736 4681 quia
2784 4609 2956 4664 Adam
2992 4615 3077 4662 est
3107 4606 3309 4660 forma-

1724 4722 1814 4768 tus
1842 4709 1861 4749 τ
1886 4728 1900 4777 ;
1922 4708 2034 4763 Eva
2063 4704 2305 4760 abscissa
2328 4721 2342 4769 ;
2364 4702 2499 4759 Abel
2528 4702 2777 4773 genitus:
2803 4710 2861 4755 et
2885 4698 3055 4753 Adam
3081 4696 3305 4767 quidem

1722 4814 1903 4875 pater,
1927 4802 2042 4856 Eva
2066 4813 2200 4853 vero
2255 4806 2455 4860 mater,
2505 4793 2641 4849 Abel
2668 4801 2854 4848 autem
2895 4791 3073 4845 Iilius:
3114 4805 3307 4844 omnes

1725 4905 1905 4951 tamen
1926 4892 2184 4947 homines
2221 4887 2527 4944 secundum
2558 4885 2929 4942 substantiam
2977 4883 3118 4937 nihil
3161 4882 3307 4938 inter

1724 5002 1783 5042 se
1824 4984 2166 5046 differentes,
2193 4978 2410 5034 tametsi
2446 4976 2617 5032 Adam
2648 4992 2755 5031 non
2781 4984 2866 5030 est
2894 4974 3222 5029 naturaliter
3239 4990 3306 5029 ex

1721 5074 2071 5147 parentibus,
2128 5069 2223 5126 sed
2259 5070 2528 5124 formatus
2575 5076 2662 5123 est
2708 5066 2803 5121 Dei
2869 5065 3162 5131 manibus;
3191 5063 3305 5119 Eva

1722 5184 1850 5239 pars
1881 5175 1968 5221 est
2000 5162 2243 5227 formati,
2280 5176 2348 5216 es
2377 5160 2501 5214 viro
2532 5159 2803 5224 abscissa;
2840 5156 2976 5212 Abel
3004 5164 3187 5211 autem
3237 5171 3305 5209 ex

1725 5261 1969 5315 formato
1997 5266 2053 5313 et
2107 5253 2352 5311 abscissa
2391 5253 2728 5307 naturaliter
2773 5260 2958 5306 ortum
3015 5248 3182 5321 cepit,
3237 5264 3304 5303 es

1725 5351 2054 5423 parentibus
2084 5348 2337 5421 genitus:
2372 5362 2484 5401 non
2515 5346 2663 5401 enim
2685 5342 2974 5413 multiplex
3013 5340 3305 5412 productio

154 5489 194 5535 ﬂ
224 5494 352 5553 p33].
391 5516 493 5570 οη,
521 5503 575 5557 3,
657 5502 701 5534 "
735 5501 817 5558 [sa
853 5517 977 5567 LVII,
1010 5501 1095 5557 i6.
1171 5502 1219 5533 “
1248 5503 1406 5559 Joan.
1436 5501 1612 5567 xiv,21

1734 5502 1957 5558 "Joan.
1984 5515 2096 5566 xvi,
2141 5498 2226 5553 14.
2297 5498 2342 5529 ’⁸
2373 5496 2517 5551 Psal.
2545 5512 2709 5560 χχχιι,
2749 5494 2803 5551 6.

1346 5657 1581 5713 VARIE
1620 5654 2029 5714 LECTIONES.

50 5774 56 5780 ‘
149 5762 419 5841 Signiﬁcat.
446 5788 553 5827 non
576 5787 697 5827 esse
716 5769 1043 5825 Trinitatem
1070 5768 1125 5824 in
1156 5783 1357 5841 genere
1385 5768 1731 5841 substantia,
1758 5766 1853 5823 sed
1886 5780 2055 5841 supra
2082 5762 2470 5841 subs_tantiam_,
2500 5778 2625 5833 quae
2648 5771 2733 5818 est
2763 5761 2817 5817 in
2854 5760 3300 5834 praedicamento.

105 5836 125 5866 ⁸
150 5830 289 5906 Prop.
318 5830 444 5912 ring.
482 5842 833 5916 μονοτρόποις
871 5841 1145 5912 ἱδιώμασι.

1238 5841 1258 5883 ι
1292 5838 1470 5895 Form.
1506 5839 1647 5897 abre.
1683 5854 1804 5911 gen.
1843 5833 2091 5908 πλὰὸμα,
2130 5833 2347 5905 τμῆμα,
2399 5835 2664 5905 γέννημα.
