4072 6558
569 356 703 418 I3I9

1699 352 1759 410 S.
1800 349 2207 411 ANASTASII
2268 348 2739 410 ANTIOCHENI

3699 361 3811 425 I320

559 479 619 521 et
643 462 876 520 variatio
893 478 1002 533 qua
1023 462 1377 526 exstiterunt,
1402 467 1660 525 naturam
1675 460 2157 527 variavit.Quare,
2187 465 2231 519 A
2261 459 2428 513 simul
2458 475 2649 514 secum
2691 459 2892 526 infert;
2933 468 2990 515 et
3032 460 3335 527 sublatum,
3388 462 3632 520 alterum
3674 470 3813 524 simul

564 570 626 613 ut
655 572 799 627 sape
830 555 1095 617 diximus,
1131 552 1447 624 proprietas
1467 552 1616 607 circa
1647 551 2017 607 substantiam
2044 567 2153 606 non

562 651 729 706 simul
782 642 962 711 mutat
998 646 1394 712 substantiam,
1452 660 1635 715 neque
1696 645 1933 711 scindit;
1966 652 2157 699 manet

561 741 711 797 enim
735 739 953 809 integra
989 738 1014 777 ε
1040 737 1099 791 in
1129 735 1345 790 sortitis
1369 735 1754 790 exsistentiam
1780 734 2154 798 diﬂ‘erentem,

562 842 620 889 et
646 841 761 887 tota
796 840 884 891 est
932 830 1053 885 sine
1090 828 1345 883 sectione
1379 837 1438 883 et
1470 827 1750 882 divisione
1806 827 1861 882 in
1896 826 2154 898 singulis,

564 940 676 980 non
716 923 862 977 facta
883 920 1108 991 propria
1151 920 1465 976 secundum
1519 919 1947 989 proprietatem.
1986 936 2004 969 ι
2028 917 2160 973 0m-

564 1017 653 1072 nis
680 1016 830 1071 enim
857 1015 1027 1069 homo
1091 1014 1259 1068 homo
1299 1020 1407 1078 est,
1460 1020 1631 1067 totam
1680 1010 2047 1066 substantiam
2102 1009 2159 1064 in

565 1126 625 1165 se
646 1109 768 1177 ipso
797 1107 1020 1162 habens
1046 1106 1463 1175 impartibilem.
1493 1124 1511 1157 ν
1548 1104 1608 1159 In
1649 1103 1940 1159 divinitate
1967 1103 2157 1173 igitur,

565 1200 714 1270 quod
746 1198 956 1254 dicitur
976 1213 1099 1252 esse
1124 1196 1432 1252 secundum
1458 1194 1827 1251 substantiam
1859 1194 1907 1249 is
1937 1209 2006 1248 ex
2023 1208 2157 1263 quo,

567 1290 623 1346 id
655 1299 764 1353 est,
806 1291 955 1345 Deus
976 1290 1177 1355 Pater;
1217 1289 1324 1343 hoc
1356 1287 1621 1343 dicuntur
1648 1301 1779 1345 esse
1814 1286 1909 1356 qui
1962 1301 2030 1340 ex
2067 1300 2157 1349 eo,

569 1384 623 1439 id
651 1391 757 1449 est,
791 1383 966 1437 Filius
988 1389 1045 1436 et
1072 1380 1316 1450 Spiritus
1340 1388 1602 1435 sanctus:
1642 1379 1737 1434 ubi
1776 1379 1924 1434 enim
1942 1394 2054 1432 non
2073 1384 2160 1433 est

569 1477 830 1548 qualitas,
868 1476 954 1529 veI
978 1474 1284 1544 quantitas,
1318 1473 1405 1528 vel
1435 1482 1674 1542 tempus,
1720 1471 1808 1526 vel
1861 1472 2040 1535 locus,
2070 1470 2158 1524 vel

569 1569 743 1633 situs,
769 1567 915 1622 unde
948 1566 1058 1623 erit
1086 1565 1405 1621 differentia
1437 1564 1768 1619 substantia
1796 1561 2159 1633 impartibilis

571 1660 880 1716 secundum
949 1666 1244 1720 naturam,
1305 1656 1453 1711 unde
1501 1656 1772 1711 exsistent
1829 1653 2157 1709 substantia

571 1751 982 1823 particulares?
1006 1759 1062 1805 et
1091 1750 1137 1804 si
1177 1764 1305 1820 pars
1344 1747 1669 1803 substantia
1725 1755 1831 1809 est,
1878 1744 2157 1816 quomodo

2258 563 2451 604 secum
2483 549 2689 603 aufert.
2750 546 2806 602 Si
2862 548 3015 603 enim
3087 549 3423 620 cogitatione
3469 566 3639 622 neges
3679 554 3814 619 Abel,

2257 643 2424 697 simul
2441 642 2653 714 negasti
2671 651 2886 713 patrem
2908 643 3031 711 ejus
3049 658 3169 697 esse
3191 642 3384 698 Adam.
3403 643 3528 699 Hoc
3547 646 3689 700 enim
3707 650 3816 702 sua

2256 736 2462 790 stantia
2483 736 2604 806 ejus
2634 734 2880 790 nominis
2896 742 2953 789 et
2978 751 3088 789 non
3109 735 3380 791 habitudo
3400 737 3473 793 ad
3502 737 3673 793 aliud.
3691 739 3818 797 Idem

2258 827 2432 899 igitur
2463 834 2783 897 repetentes
2813 825 3066 881 dicemus
3094 843 3262 882 unum
3288 844 3410 885 esse
3457 830 3655 894 Deum,
3678 848 3819 901 quem

2260 920 2318 975 in
2352 920 2534 975 tribus
2552 919 2809 990 personis
2836 920 3281 989 contemplamur
3301 938 3315 975 :
3338 921 3512 991 idque
3536 937 3659 977 cum
3684 924 3821 993 plane

2257 1012 2429 1068 sciret
2450 1012 2665 1083 Moyses
2692 1012 2943 1066 omnium
2976 1013 3376 1082 prophetarum
3392 1013 3821 1084 antiquissimus:

2257 1105 2420 1170 Audi,
2450 1104 2655 1175 inquit,
2686 1102 2863 1159 Israel
2881 1120 2899 1159 :
2924 1102 3185 1159 Dominus
3205 1103 3369 1171 Deus,
3414 1104 3677 1161 Dominus
3709 1124 3821 1163 unus

2259 1206 2338 1251 est
2379 1198 2445 1250 ³⁸.

2330 1287 2470 1345 XVI.
2501 1287 2579 1342 Ac
2605 1303 2714 1342 non
2751 1288 2934 1343 solum
2966 1288 3201 1361 Moyses,
3244 1289 3341 1345 sed
3396 1305 3600 1347 omnes
3650 1308 3822 1350 conse-

2258 1378 2375 1435 cuti
2401 1378 2665 1448 theologi,
2726 1378 2959 1448 spiritus
2985 1379 3281 1450 theologici
3343 1380 3651 1451 participes
3692 1383 3820 1448 facti,

2258 1471 2611 1528 divinitatem
2642 1469 2810 1525 trium
2828 1486 3192 1541 personarum
3220 1471 3469 1541 perfecte
3491 1476 3823 1544 contemplati

2259 1574 2413 1627 sunt,
2450 1563 2877 1634 doctrinamque
2907 1580 3105 1635 puram
3140 1573 3198 1619 et
3227 1566 3509 1621 sinceram
3552 1568 3708 1623 nobis
3733 1579 3825 1623 tra-

2259 1657 2526 1712 diderunt
2556 1656 2853 1726 promendi
2885 1664 2942 1711 et
2966 1656 3290 1713 celebrandi
3320 1658 3604 1715 unitatem
3655 1661 3705 1715 in
3724 1662 3827 1716 'I'ri-

2261 1750 2456 1814 nitate,
2489 1757 2545 1804 et
2581 1748 2915 1805 Trinitatem
2947 1749 3005 1804 in
3064 1750 3302 1817 unitate,
3349 1767 3479 1808 cum
3541 1753 3825 1811 admirabili

574 1846 747 1900 Filius
773 1844 832 1899 in
881 1859 940 1899 se
975 1844 1096 1912 ipso
1133 1843 1352 1895 Palrem
1409 1840 1752 1894 demonstral
1772 1879 1787 1903 ν
1822 1837 2155 1908 quandoque
2186 1832 2233 1893 B
2263 1843 2466 1898 unione
2496 1850 2555 1895 et
2580 1841 2974 1897 distinctione:
3000 1858 3106 1898 nec
3133 1841 3282 1898 enim
3307 1842 3623 1908 distinctio,
3647 1846 3828 1902 aliena-

576 1936 863 2005 iuquiens:
897 1935 1010 2004 Ego
1044 1934 1098 1987 in
1119 1932 1305 1995 Patre,
1329 1942 1377 1984 et
1401 1932 1562 1985 Pater
1589 1932 1645 1983 in
1668 1947 1749 1983 me
1773 1939 1849 1983 est
1872 1934 1916 1961 "
1943 1946 1959 1994 ;
1983 1944 2159 1999 quan-

574 2029 757 2097 doque
789 2026 857 2080 ad
889 2025 1245 2095 Philippum:
1286 2021 1388 2088 Qui
1413 2022 1538 2077 vidit
1561 2037 1663 2085 me,
1706 2022 1832 2075 uidit
1862 2031 1909 2074 et
1943 2020 2162 2074 Patrem

574 2134 748 2172 meum
776 2118 849 2183 ³⁰;
885 2117 951 2170 Et
975 2129 1169 2169 rursus
1192 2131 1206 2166 :
1242 2113 1356 2183 Ego
1383 2120 1431 2166 et
1462 2112 1625 2166 Pater
1651 2128 1813 2165 unum
1866 2128 2049 2165 sumus
2076 2111 2114 2141 ³³
2141 2110 2164 2163 ?

574 2211 673 2266 Est
702 2225 834 2277 ergo
872 2207 1044 2262 Filius
1071 2222 1140 2261 ex
1165 2206 1347 2269 Patre,
1374 2212 1431 2259 et
1454 2220 1565 2259 non
1589 2218 1718 2273 pars
1766 2203 1920 2272 ejus;
1973 2201 2163 2257 lumen

574 2318 644 2357 ex
666 2302 894 2365 lumine,
916 2309 972 2353 et
998 2314 1108 2352 non
1135 2296 1473 2368 particulare
1504 2296 1726 2361 lumen;
1755 2295 1902 2349 Deus
1928 2308 1996 2348 ex
2026 2293 2160 2359 Deo,

576 2405 633 2450 et
671 2411 778 2449 non
828 2409 958 2464 pars
991 2390 1305 2447 divinitatis
1350 2391 1438 2443 vel
1493 2388 1841 2443 substantia.
1896 2385 2165 2442 Similiter

577 2486 815 2557 Spiritus
848 2496 1093 2539 sanctus.
1129 2483 1199 2537 Et
1228 2491 1313 2537 est
1340 2483 1503 2536 Pater
1527 2496 1691 2536 verus
1708 2482 1883 2546 Deus;
1919 2480 1999 2535 sic
2014 2480 2163 2535 enim

576 2588 735 2632 vocat
763 2577 959 2639 Filius,
992 2590 1117 2629 cum
1145 2575 1224 2628 ait
1249 2592 1261 2628 :
1297 2574 1362 2629 Ut
1392 2581 1709 2645 cognoscant
1729 2582 1778 2627 te
1794 2572 1966 2626 solum
1983 2588 2164 2627 verum

576 2669 747 2725 Deum
778 2670 820 2701 ³⁸
843 2686 858 2734 ;
885 2684 944 2723 se
972 2677 1157 2722 autem
1192 2668 1468 2720 veritatem
1503 2675 1665 2721 vocat
1723 2665 1982 2735 inquiens
2011 2683 2023 2718 :
2052 2664 2165 2735 Ego

577 2780 695 2817 sum
721 2762 915 2816 veritas
946 2762 1024 2827 ³³;
1063 2769 1120 2814 et
1152 2760 1399 2830 Spiritus
1429 2768 1678 2823 sanctus,
1714 2756 1943 2829 Spiritus
1970 2758 2165 2811 verita-

580 2858 646 2909 tis
679 2855 887 2909 dicitur
922 2855 986 2907 ".
1012 2853 1114 2908 IIic
1148 2859 1333 2906 autem
1361 2867 1431 2907 ex
1471 2851 1635 2905 Patre
1666 2849 1922 2920 procedit
1961 2850 2036 2904 "z
2070 2864 2164 2903 ac-

578 2949 714 3018 cipit
748 2955 933 3001 antem
965 2946 1151 3001 omnia
1188 2944 1336 3010 Filii,
1365 2943 1621 2998 habentis
1659 2941 1845 2996 omnia
1879 2940 2060 2996 Patris
2094 2940 2162 3006 ³⁸,

579 3042 646 3095 ad
674 3038 1167 3095 demonstrandum
1184 3036 1612 3092 etmanil‘estum
1628 3033 1971 3098 faciendum,
1998 3048 2164 3087 unam

582 3133 948 3188 substantiam
974 3147 1097 3188 esse
1140 3140 1196 3186 et
1229 3130 1583 3200 accipientis,
1632 3138 1689 3183 et
1718 3129 1838 3198 ejus
1867 3143 1898 3181 a
1928 3142 2038 3197 quo
2064 3142 2159 3181 ac-

581 3223 738 3293 cipit,
802 3232 859 3278 et
889 3223 1012 3292 ejus
1063 3238 1132 3275 ex
1176 3237 1286 3291 quo
1335 3221 1664 3275 naturaliter
1722 3218 2004 3289 procedit:
2057 3234 2160 3274 nec

581 3318 731 3373 enim
763 3317 1036 3388 processit
1063 3332 1131 3371 ex
1160 3316 1348 3386 aliquo
1391 3316 1628 3371 diversa
1670 3315 2026 3379 substantia;
2062 3328 2167 3367 nec

583 3413 799 3482 accepit
856 3410 1162 3480 quidquam
1218 3423 1287 3463 ex
1351 3423 1461 3462 non
1526 3406 2015 3462 consubstantiali.
2067 3404 2165 3460 Sin

582 3513 767 3559 autem
826 3503 1077 3573 ejusdem
1111 3501 1434 3557 substantia
1478 3514 1604 3554 cum
1654 3514 1722 3554 eo
1772 3505 1926 3563 sunt,
1956 3513 2024 3553 ex
2055 3512 2166 3568 quo

584 3598 874 3670 processit,
900 3605 957 3651 et
993 3612 1021 3649 a
1046 3610 1156 3665 quo
1198 3593 1433 3663 accipit;
1478 3600 1537 3647 et
1570 3591 1649 3647 illi
1686 3592 2000 3647 necessario
2021 3591 2168 3645 inter

584 3705 643 3745 se
668 3697 835 3743 erunt
854 3687 1103 3758 ejusdem
1138 3685 1503 3741 substantia:
1540 3685 1634 3753 qui
1654 3683 1803 3738 enim
1827 3682 2010 3738 eidem
2036 3690 2167 3737 sunt

586 3779 1112 3843 consubstantiales,
1139 3786 1197 3833 et
1244 3777 1391 3831 inter
1420 3791 1480 3832 se
1512 3787 1700 3841 erunt,
1743 3784 1800 3831 et
1853 3786 1983 3832 sunt
2036 3790 2165 3830 vere

584 3873 833 3945 ejusdem
859 3871 1209 3927 substantia.

653 3963 791 4019 XIV.
824 3962 1197 4029 Quamobrem
1230 3960 1554 4016 necessario
1592 3958 2080 4031 congloriiicantur
2108 3966 2165 4013 et

584 4058 978 4121 coadorantur,
1018 4071 1143 4110 cum
1161 4054 1407 4110 Trinitas
1432 4053 1925 4109 consubstantialis
1958 4053 2008 4119 h;
2042 4068 2165 4123 qua

583 4152 748 4206 simul
783 4150 972 4221 utique
997 4149 1340 4213 nominatur,
1377 4158 1433 4203 et
1456 4148 1527 4203 ad
1555 4146 2032 4218 regenerationem
2063 4146 2162 4200 ha-

583 4244 916 4316 ptizatorum
955 4241 1011 4296 in
1051 4256 1348 4296 commune
1380 4239 1714 4294 adhibetur:
1779 4237 1983 4293 ctenim
2033 4235 2163 4306 quia

582 4353 649 4391 ex
681 4337 799 4406 ipsa
827 4343 1011 4387 ortum
1042 4332 1312 4402 cepimus,
1347 4338 1621 4386 vetustate
1653 4330 1836 4384 allecti
1864 4344 1962 4399 per
1991 4327 2162 4398 ipsam

584 4444 945 4485 renovantur:
987 4441 1097 4481 non
1147 4425 1297 4480 enim
1358 4423 1426 4478 ad
1492 4422 1665 4476 ullum
1705 4422 1876 4476 alium
1921 4419 2163 4491 pertinet

2265 1935 2341 1989 tio
2361 1942 2419 1989 et
2444 1935 2723 2005 separatio
2735 1942 2851 2001 est;
2889 1949 2994 1990 nec
3018 1936 3175 2000 unio,
3202 1936 3610 2006 conglutinatio
3639 1948 3693 1994 et
3710 1956 3824 1995 cou-

2262 2026 2409 2081 fusio
2444 2038 2565 2080 est:
2593 2025 2691 2080 sed
2726 2026 2915 2096 potius
2950 2027 3083 2082 unio
3117 2037 3204 2083 est
3236 2027 3615 2098 simplicitas;
3649 2040 3704 2085 et
3729 2031 3825 2086 dis-

2261 2119 2458 2176 tinctio
2487 2118 2861 2175 admiranda:
2896 2128 3198 2191 utrumque
3224 2131 3413 2178 autem
3448 2124 3629 2179 Deum
3666 2124 3823 2180 decet.

2260 2211 2402 2278 Quia
2428 2227 2562 2266 vero
2600 2210 2944 2283 hypostasim
2998 2213 3224 2283 quidam
3270 2214 3532 2270 arbitrati
3563 2227 3691 2271 sunt
3723 2233 3825 2273 esse

2262 2314 2517 2359 naturam
2538 2304 2961 2374 particularem,
3008 2315 3063 2361 et
3109 2306 3227 2362 hac
3260 2307 3365 2363 fuit
3393 2324 3597 2365 eorum
3626 2311 3821 2381 opinio;

2262 2396 2570 2453 cavendum
2598 2408 2706 2462 est,
2738 2414 2809 2453 ne
2831 2398 2914 2454 sic
2946 2400 3283 2456 sentiamus:
3322 2418 3437 2457 non
3465 2403 3618 2458 enim
3649 2412 3827 2460 esteo-

2262 2506 2385 2544 rum
2402 2490 2593 2560 opinio
2622 2489 2864 2552 sincera.
2890 2501 2947 2546 et
2980 2507 3107 2546 cum
3136 2493 3409 2565 theologis
3461 2496 3820 2562 consentiens;

2263 2592 2461 2637 natura
2514 2582 2664 2636 enim
2730 2583 3084 2653 particularis
3137 2586 3507 2655 partitionem
3560 2589 3823 2646 declarat:

2264 2675 2406 2729 nihil
2454 2684 2639 2730 autem
2669 2675 2931 2745 partibile
2969 2676 3134 2732 Deus.
3163 2677 3347 2744 Quare
3363 2696 3475 2735 non
3507 2691 3595 2736 est
3617 2681 3822 2737 dicenda

2266 2770 2504 2835 persona
2530 2774 2730 2820 natura
2757 2767 3051 2836 specialis:
3082 2785 3193 2823 non
3222 2771 3374 2824 enim
3410 2771 3719 2842 hypostasis
3739 2789 3825 2828 na-

2268 2866 2391 2912 tura
2416 2866 2533 2923 est;
2564 2859 2708 2913 sicut
2739 2874 2920 2928 neque
2947 2869 3169 2923 natura,
3219 2861 3539 2932 hypostasis
3568 2865 3681 2920 sive
3717 2881 3823 2936 per-

2265 2963 2434 3005 sona:
2468 2959 2666 3005 natura
2688 2966 2927 3021 namque
2958 2951 3125 3008 unius
3154 2954 3346 3009 forma
3373 2956 3389 2995 ί
3428 2965 3539 3021 est,
3568 2967 3625 3012 et
3646 2957 3822 3028 impar-

2268 3040 2480 3096 tibilis:
2519 3050 2576 3098 et
2599 3044 2831 3097 stultum
2873 3051 2960 3098 est
3000 3054 3189 3114 partes
3222 3062 3477 3117 quarere
3514 3049 3571 3103 in
3606 3050 3822 3119 imparti-

2266 3134 2399 3189 bili:
2429 3137 2865 3205 compositorum
2884 3138 3032 3191 enim
3069 3146 3153 3192 est
3192 3138 3369 3193 scindi
3403 3146 3464 3195 et
3498 3141 3821 3210 partitionem

2268 3243 2489 3298 capere.
2521 3228 2793 3296 Quocirca
2818 3232 2911 3300 qui
2939 3231 3021 3287 sic
3059 3232 3386 3301 opinantur,
3435 3250 3552 3289 non
3592 3236 3820 3290 solumin

2269 3318 2386 3374 hac
2414 3319 2657 3375 absurda
2691 3320 2962 3387 incidunt,
2996 3321 3092 3376 sed
3146 3329 3259 3378 tres
3311 3325 3681 3393 particulares
3709 3326 3821 3380 deos

2266 3412 2588 3467 necessario
2621 3422 2923 3481 reponunt,
2962 3414 3310 3469 sortitionem
3341 3415 3550 3472 divina
3597 3417 3823 3471 substan-

2268 3505 2378 3571 tia,
2435 3504 2547 3559 imo
2605 3505 3046 3561 substantiarum
3077 3506 3133 3561 in
3182 3522 3242 3562 se
3292 3507 3425 3578 ipsis
3477 3509 3749 3565 facientes.
3771 3509 3817 3563 Si

2266 3596 2551 3651 enim'tres
2580 3606 2744 3663 sunt;
2792 3612 2903 3651 non
2927 3605 3011 3653 est
3063 3614 3174 3653 una
3234 3605 3290 3654 et
3336 3600 3598 3669 simplex,
3630 3612 3683 3656 et
3726 3616 3817 3655 non

2266 3689 2593 3759 composita.
2618 3688 3000 3760 Nequaquam,
3035 3691 3290 3760 quamvis
3312 3691 3725 3749 similitudinem
3750 3692 3817 3747 eis

2270 3777 2536 3843 tribuant,
2567 3776 2663 3846 qui
2689 3778 2792 3832 ista
2818 3778 3049 3834 audent.
3098 3779 3154 3835 Si
3206 3781 3355 3836 enim
3402 3782 3815 3853 uniuscujusque

2264 3880 2351 3925 est
2385 3880 2583 3924 natura
2602 3871 2850 3940 propria,
2881 3880 2939 3926 et
2975 3886 3084 3926 non
3116 3880 3297 3942 potest
3334 3873 3570 3931 alterius
3600 3876 3816 3946 proprie-

2267 3974 2436 4020 tatem
2468 3963 2695 4031 subire;
2727 3965 3006 4035 quomodo
3037 3976 3223 4030 erunt,
3255 3970 3539 4039 quomodo
3564 3970 3813 4025 habebunt

2266 4057 2400 4112 illud
2449 4057 2977 4114 consubstantiale:
3038 4059 3497 4130 quandoquidem
3558 4062 3726 4117 simile
3764 4062 3810 4115 in

2264 4147 2539 4202 Trinitate
2576 4146 2789 4213 dicere,
2840 4142 3201 4202 temerarium
3254 4158 3309 4204 et
3362 4150 3809 4206 inconsideratum

2264 4247 2382 4303 est;
2413 4238 2680 4308 quoniam
2729 4237 2911 4293 simile
2939 4239 3027 4293 vel
3060 4240 3348 4309 qualitate,
3388 4243 3477 4299 vel
3534 4245 3808 4313 quantitate

2264 4329 2449 4386 simile
2483 4329 2721 4396 dicitur;
2753 4329 2847 4385 ubi
2872 4338 3060 4384 autem
3083 4331 3222 4387 nihil
3267 4333 3464 4388 horum
3525 4344 3609 4391 est
3669 4336 3808 4405 (Deus

2262 4422 2411 4476 enim
2446 4437 2647 4491 expers
2666 4422 2949 4491 qualitatis
2965 4431 3021 4477 et
3045 4423 3368 4493 quantitatis
3396 4425 3530 4497 est),
3562 4424 3805 4497 quomodo

583 4535 875 4581 renovare,
907 4532 1073 4587 quam
1107 4515 1174 4570 ad
1211 4531 1338 4569 eum
1366 4513 1462 4584 qui
1500 4513 1557 4567 in
1605 4513 1880 4583 principio
1914 4511 2156 4566 creavit:
2192 4533 2236 4588 ι)
2265 4515 2443 4570 simile
2479 4514 2664 4569 locum
2697 4513 2961 4568 habebit?

579 4621 639 4667 et
671 4626 952 4681 nunquam
974 4607 1182 4679 aliquid
1207 4606 1274 4661 ad
1296 4605 1706 4660 renovationem
1727 4602 2036 4666 vocabitur,
2056 4602 2162 4658 nisi

582 4704 753 4758 fuerit
773 4719 801 4758 a
838 4700 1116 4773 principio
1142 4698 1477 4770 productum
1517 4704 1573 4751 et
1603 4695 1911 4751 conditum.

656 4795 769 4851 XV.
832 4796 1046 4850 Rursus
1092 4807 1224 4862 ergo
1263 4790 1534 4852 dicemus,
1576 4804 1748 4844 unum
1805 4789 1979 4843 Deum
2035 4801 2158 4842 esse

583 4887 934 4951 Trinitatem,
966 4884 1221 4955 quamvis
1251 4880 1642 4937 dill'erentihus
1687 4879 2009 4935 nominibus
2057 4894 2158 4948 ap-

584 4981 855 5052 pelletur;
891 4994 1015 5049 qua
1039 4976 1266 5048 quidem
1297 4974 1520 5031 nomina
1549 4990 1661 5029 non
1679 4973 1992 5045 signiﬁcant
2014 4991 2155 5043 esse,

587 5072 684 5127 sed
704 5071 985 5141 quomodo
1028 5086 1174 5126 esse.
1221 5069 1336 5126 Nec
1382 5068 1532 5123 enim
1581 5067 1679 5137 qui
1729 5067 1950 5123 Patrem
1997 5067 2157 5136 dixit,

586 5163 954 5225 substantiam
996 5160 1351 5233 significavit,
1374 5159 1471 5215 sed
1531 5160 1692 5229 plane
1750 5159 2157 5215 habitudinem.

586 5254 647 5309 Si
677 5262 862 5309 autem
894 5253 1054 5308 Pater
1075 5251 1343 5306 habitudo
1365 5259 1452 5306 est
1480 5250 1867 5321 signiﬁcando,
1898 5266 2159 5306 necessa-

587 5345 673 5401 rio
700 5345 866 5399 etiam
885 5343 1090 5408 Filius;
1117 5351 1415 5412 utrumque
1452 5341 1599 5396 enim
1624 5341 1888 5411 positum,
1921 5343 2158 5398 alterum

663 5481 707 5511 ”
728 5480 886 5534 .Ioan.
944 5496 1051 5541 xvr,
1095 5478 1175 5532 IO.
1255 5479 1297 5509 ³⁸
1338 5476 1475 5531 Ibid.
1530 5476 1582 5531 9.

587 5551 805 5607 “Joau.
834 5566 942 5615 xw,
971 5551 1057 5615 M,
1092 5546 1177 5604 I5.
1250 5549 1295 5580 ³⁸
1330 5548 1490 5602 Deut.
1544 5564 1618 5610 γι,
1655 5548 1721 5614 4;
1750 5548 1921 5604 Marc.
1967 5567 2022 5615 ι,
2057 5551 2146 5605 29.

1699 5477 1738 5509 ³¹
1779 5478 1938 5533 Joan.
1981 5496 2037 5541 ι.
2103 5478 2194 5533 30.

2333 4605 2495 4662 XVII.
2523 4606 2634 4661 Nos
2656 4622 2786 4677 ergo
2807 4622 2987 4675 neque
3014 4607 3271 4673 similem,
3310 4622 3489 4677 neque
3512 4607 3799 4664 dissimilem

2262 4699 2593 4770 profitemur
2618 4692 2947 4753 Trinitatem
2993 4699 3267 4768 qualitate
3306 4709 3364 4754 et
3394 4701 3695 4769 quantitate
3730 4713 3802 4753 ca-

2262 4802 2475 4848 rentem
2499 4809 2515 4857 ;
2566 4791 2665 4849 sed
2690 4791 3224 4847 consubstantialem
3251 4800 3307 4848 et
3333 4791 3689 4848 individuam.
3715 4790 3797 4857 Qui

2261 4900 2392 4940 vero
2418 4883 2696 4951 dividunt,
2745 4892 2801 4939 et
2841 4882 3052 4939 faciunt
3081 4899 3248 4939 unam
3286 4892 3420 4951 tres,
3469 4884 3621 4956 impii
3672 4891 3795 4946 sunt,

2259 4983 2316 5029 et
2339 4973 2749 5030 multitudinem
2812 4974 3042 5029 deorum
3084 4974 3467 5039 introducunt,
3515 4986 3571 5031 et
3613 4988 3797 5029 monar-

2261 5067 2444 5121 chiam
2499 5074 2791 5136 respuunt,
2850 5064 2990 5120 nihil
3045 5065 3359 5135 periculum
3408 5065 3684 5122 divisionis
3715 5078 3794 5118 ve-

2263 5159 2393 5213 riti:
2426 5158 2652 5228 partitio
2682 5156 2832 5213 enim
2864 5156 3299 5212 substantiarum
3331 5167 3388 5214 et
3420 5156 3725 5231 adaquatio,
3750 5161 3793 5208 et

2264 5252 2494 5306 variatio
2519 5251 2686 5322 hujus
2720 5248 3049 5306 substantia
3086 5249 3156 5305 ab
3211 5250 3325 5316 illa,
3364 5253 3538 5308 sectio
3598 5261 3672 5307 est
3712 5264 3790 5304 eo-

2264 5359 2385 5398 rum
2433 5343 2527 5413 qui
2588 5350 2719 5398 sunt
2765 5341 2932 5397 unius
2976 5350 3210 5398 natura.
3247 5342 3530 5414 Siquidem
3570 5344 3655 5415 qui
3682 5340 3791 5396 dicit

2308 5480 2351 5519 ³³
2391 5479 2547 5534 Joan.
2604 5494 2755 5543 xvur,
2804 5479 2858 5534 3.
2974 5477 3178 5534 “Joan.
3211 5496 3319 5545 xrv,
3354 5480 3407 5535 6.
3521 5478 3783 5537 “ibidJ'l.

1827 5661 2058 5719 VABIA'S
2091 5661 2493 5719 LECTIONES.

660 5763 686 5802 ι
708 5824 719 5827 Α
736 5755 964 5827 integra.
1009 5754 1285 5827 ἀκέραιος.

588 5824 815 5892 νοειδῆς.

1388 5754 1415 5797 ιι
1454 5753 1600 5809 Trin.
1653 5754 1866 5809 consub.
1905 5753 2221 5826 chendum
2269 5754 2509 5820 videtur,
2564 5753 2707 5809 Trin.
2766 5768 2846 5808 sir
2877 5757 3094 5811 consub.

3199 5756 3211 5797 ί
3255 5754 3418 5812 Unius
3479 5758 3660 5828 forma.
3704 5770 3784 5828 μο-
