4072 6568
344 397 476 462 1321

1341 391 1637 452 ORATIO
1672 389 1728 449 Ι.
1760 389 1948 449 -Ἰ)Ε
1985 388 2094 448 SS.
2120 383 2574 447 "I‘RINITA'I'E.

3457 377 3600 443 ηεξ

331 506 705 568 substantiam
750 503 930 560 Patris
986 502 1404 573 particularem,
1435 515 1557 570 qua:
1583 513 1694 554 non
1749 497 1924 569 possit
1953 506 1998 562 Α
2027 493 2210 564 inquit
2255 493 2554 556 Dominus,
2623 489 2857 560 proderit
2902 488 3138 552 'homini,
3205 489 3247 542 si
3287 489 3602 544 universum

340 619 466 660 esse
493 609 692 658 natura
731 597 880 660 Filii,
923 611 1151 666 prorsus
1208 593 1576 648 substantiam
1629 591 1916 654 variatam,

340 697 459 750 imo
481 689 820 747 substantias
846 686 1019 741 dicit:
1049 683 1330 755 quomodo
1354 680 1708 744 homousion,
1725 678 1780 734 id
1813 687 1919 744 est,

341 782 820 843 consubstantiale
851 780 910 835 in
959 777 1350 834 differentibus
1386 773 1717 832 substantiis
1757 785 1921 841 repe-

342 878 554 935 rietur?
596 877 803 930 frustra
825 887 957 943 ergo
1005 869 1330 941 praedicant,
1376 866 1710 923 bomousion
1747 863 1922 921 simu-

341 970 522 1026 lantes
546 965 819 1037 proﬁteri,
856 962 1006 1034 quod
1039 977 1150 1017 non
1197 959 1528 1032 proﬁtentur
1569 973 1723 1022 vere,
1782 953 1924 1008 divi-

333 1063 543 1118 dentes
567 1057 933 1115 substantiam
952 1053 1319 1110 individuam.
1344 1052 1414 1106 Et
1433 1051 1660 1114 mirum,
1684 1047 1792 1103 nisi
1818 1045 1923 1117 ipsi

331 1154 537 1219 etiam,
568 1160 630 1204 ut
669 1149 842 1206 verbo
882 1145 1168 1216 Evangelii
1223 1151 1346 1200 utar
1386 1142 1452 1207 ⁸⁷,
1493 1140 1816 1196 dividantur
1867 1145 1926 1192 ει

344 1254 565 1316 partem
594 1258 720 1298 cum
753 1237 1059 1312 hypocritis
1113 1235 1412 1306 accipiant,
1444 1233 1538 1304 qui
1571 1231 1799 1286 minime
1836 1227 1924 1283 di-

342 1346 552 1391 cuntur
583 1333 843 1395 credere;
899 1330 1032 1400 quin
1070 1329 1256 1398 potius
1285 1335 1478 1382 contra
1525 1338 1647 1377 .non
1693 1329 1927 1392 possunt

331 1428 600 1491 credere,
635 1435 894 1494 tanquam
919 1429 1295 1491 cauponantes
1322 1416 1715 1479 ﬁdem,eteam
1746 1411 1927 1482 pretio

348 1520 533 1575 inanis
585 1527 641 1572 et
683 1514 1076 1587 praetereuntis
1113 1511 1302 1583 gloria:
1342 1507 1671 1572 vendentes,
1721 1504 1928 1574 quibus

339 1611 618 1666 Dominus
639 1609 794 1680 prius
824 1607 1001 1662 dixit:
1059 1603 1333 1670 Quomodo
1402 1599 1619 1671 potestis
1681 1595 1926 1661 credere,

338 1701 693 1774 .quigloriam
731 1700 796 1752 ab
820 1698 1041 1766 inuicem
1071 1695 1328 1766 accipitis,
1359 1700 1406 1745 et
1438 1689 1666 1762 gloriam
1705 1701 1836 1757 qua:
1866 1701 1929 1739 ea:

351 1795 463 1848 Deo
489 1792 601 1848 solo
630 1800 728 1857 est,
755 1807 859 1843 non
888 1788 1122 1859 quwritis
1156 1784 1320 1839 ³⁸⁸2Ηὶ
1350 1782 1580 1854 gloriam
1638 1777 1928 1834 hominum

2013 585 2280 640 mundum
2317 583 2574 647 lucretur,
2598 582 2793 636 anima:
2818 596 2940 635 vero
2969 594 3080 632 sua:
3103 578 3478 636 detrimentum
3506 599 3603 650 pa-

2023 677 2228 733 tiatur?
2257 686 2352 731 aut
2405 691 2568 746 quam
2617 674 2764 728 dabit
2824 673 2976 726 homo
3009 673 3475 728 commutationem
3507 691 3604 742 pro

2025 768 2210 822 anima
2237 764 2378 820 sua?
2404 763 2579 818 Veniet
2609 763 2750 816 enim
2779 759 2944 815 Filius
2961 761 3186 816 hominis
3218 760 3273 814 in
3295 759 3467 830 gloria
3491 759 3606 816 Pa-

2009 859 2120 912 .‘tris
2151 858 2255 922 sui,
2305 864 2354 910 et
2407 862 2533 908 tunc
2578 854 2757 908 reddet
2793 853 3074 922 unicuique
3111 851 3399 907 secundum
3442 868 3606 923 opera

2020 967 2123 1005 sua
2160 950 2227 1004 ⁸³.
2285 949 2349 1004 lu
2413 945 2551 1002 illud
2597 960 2733 1016 ergo
2777 944 3049 1015 judicium
3097 945 3276 999 aciem
3315 945 3603 999 oculorum

2013 1039 2225 1094 anima:
2251 1037 2609 1093 intendent-es
2633 1045 2900 1105 tanquam
2945 1035 3002 1090 in
3048 1035 3344 1104 quamdam
3403 1035 3604 1099 facem,

2025 1147 2192 1202 quam
2230 1130 2516 1187 occultare
2559 1127 2706 1183 soliti
2745 1133 2878 1182 sunt
2923 1127 3019 1198 qui
3056 1127 3110 1182 in
3145 1128 3282 1184 mari
3323 1129 3604 1200 navigant,

2028 1230 2183 1278 recta
2234 1221 2302 1276 ad
2356 1227 2580 1290 portum
2632 1217 2828 1273 salutis
2874 1233 3210 1288 pergemus:
3266 1218 3606 1290 ﬁgetnusque

2016 1314 2304 1369 anchoras
2331 1312 2388 1367 in
2439 1311 2566 1366 ﬁdei
2613 1319 2771 1380 petra
2802 1309 3098 1376 immobili,
3147 1311 3286 1366 nihil
3339 1312 3606 1367 facientes

2019 1413 2126 1460 aut
2170 1405 2442 1469 dicentes,
2485 1403 2567 1458 ad
2601 1403 2827 1457 oculum
2863 1402 3172 1456 servientes
3225 1402 3293 1467 “,
3347 1411 3606 1474 tanquam

2029 1496 2352 1552 hominibus
2376 1497 2599 1566 placere
2643 1494 2903 1559 velimus,
2949 1493 3048 1549 sed
3101 1493 3286 1563 potius
3347 1503 3606 1566 tauquam

2029 1591 2175 1646 servi
2195 1590 2298 1646 Dei
2330 1588 2481 1644 omni
2505 1587 2788 1659 hypocrisi
2817 1595 2876 1641 et
2907 1586 3263 1641 simulatione
3284 1587 3476 1655 ejecta,
3511 1589 3610 1642 Pa.

2020 1691 2171 1739 trem
2192 1691 2414 1753 patrem
2445 1679 2848 1752 gloriﬁcemus;
2906 1677 3108 1734 Filium
3178 1677 3354 1732 ﬁlium
3408 1677 3610 1734 adore-

2031 1790 2192 1840 mus;
2225 1773 2496 1844 Spiritum
2533 1779 2788 1827 sanctum
2824 1770 3212 1834 conﬁteamur,
3275 1785 3440 1824 unam
3474 1772 3610 1826 sub-

351 1884 527 1955 magis
553 1897 719 1952 quam
751 1880 846 1934 Dei
866 1887 1136 1942 amantes,
1171 1890 1393 1931 sensum
1421 1872 1710 1944 pr0prium
1733 1869 1925 1941 gratiae
1957 1882 1996 1935 Β
2026 1869 2363 1926 stantiam-et
2391 1868 2643 1924 diversas
2669 1881 2938 1936 personas
2967 1864 3184 1921 sincere
3219 1876 3604 1936 agnoscentes,

348 1992 516 2032 causa
543 1974 877 2045 largiuntur,
908 1970 1245 2025 redimentes
1270 1977 1538 2036 tempora,
1583 1974 1640 2019 et
1696 1963 1801 2018 ﬁde
1833 1976 1930 2016 vo-

349 2070 512 2124 latica
539 2067 712 2122 veluti
735 2064 860 2120 talis
894 2063 1151 2118 ludentes
1183 2103 1200 2127 ,
1230 2060 1361 2115 dum
1391 2074 1512 2114 eam
1558 2058 1930 2111 transmutant

339 2161 417 2216 ad
442 2161 783 2215 voluntatem
819 2155 1104 2220 ductoris;
1142 2151 1347 2223 quibus
1376 2151 1585 2206 melius
1613 2158 1744 2204 erat
1784 2146 1930 2201 ferre

352 2250 664 2306 mercedem
691 2264 871 2310 suam,
913 2246 1069 2300 .sicut
1097 2245 1170 2300 iis
1200 2243 1293 2314 qui
1329 2251 1458 2297 sunt
1511 2239 1834 2312 hypocrita,
1870 2245 1933 2292 ut

341 2345 648 2399 videantur
666 2340 988 2394 hominibus
1007 2339 1260 2409 jcjunarc
1282 2346 1338 2390 et
1372 2333 1761 2389 misericordes
1784 2345 1928 2394 esse,

340 2445 410 2492 -ει
462 2452 573 2490 nou
640 2447 927 2488 reservare
987 2432 1092 2487 sibi
1151 2428 1483 2500 supplicium
1534 2435 1591 2481 et
1645 2424 1931 2480 materiam

353 2530 499 2600 ignis
513 2524 997 2598 inexstiuguibilis.
1013 2524 1185 2577 Nemo
1204 2519 1667 2593 igiturautgratia
1682 2516 1932 2580 alterius,

341 2630 455 2676 .aut
490 2618 761 2674 voluntati
806 2633 921 2672 suae
939 2629 1160 2670 .morem
1193 2628 1396 2684 gerens
1437 2627 1468 2664 a
1497 2624 1630 2664 sana
1663 2606 1936 2662 sententia

345 2711 631 2775 discedat,
652 2724 834 2780 neque
863 2707 992 2762 ﬁdei
1013 2705 1375 2762 constitutum
1404 2702 1687 2773 depravet,
1706 2699 1791 2754 vel
1813 2713 1938 2769 pro-

354 2816 480 2875 pter
515 2812 722 2858 motum
756 2797 1040 2871 supplicii,
1073 2799 1159 2853 vel
1184 2804 1413 2867 propter
1454 2794 1633 2848 minas
1667 2789 1935 2860 direptio-

356 2897 445 2950 nis
471 2895 765 2956 bonorum.
791 2891 933 2959 Quid
960 2889 1107 2947 enim
1156 2889 1450 2959 diripietur
1477 2901 1576 2957 par
1613 2893 1670 2940 et
1724 2882 1937 2953 aequale

359 2987 521 3042 fidei?
578 2987 689 3040 imo
713 2999 892 3055 neque
952 2991 1178 3054 propter
1212 2997 1365 3050 spem
1400 2978 1576 3032 lucri:
1624 2975 1756 3046 quid
1787 2974 1936 3030 enim

355 3076 686 3132 lucrifacere
725 3082 938 3145 potest,
970 3072 1066 3142 qui
1095 3076 1368 3143 jacturam
1393 3069 1495 3124 Dei
1549 3067 1719 3124 facit?
1748 3064 1936 3136 Siqui-

344 3169 483 3224 dem
511 3168 805 3223 universus
831 3165 1073 3220 mundus
1088 3179 1301 3236 parvus
1331 3171 1435 3228 est,
1475 3161 1520 3216 si
1545 3176 1672 3216 cum
1701 3158 1937 3214 fabrica-

359 3270 480 3315 tore
512 3260 633 3332 ejus
663 3257 1014 3314 conferatur:
1047 3273 1151 3311 nec
1198 3256 1376 3328 ipsum
1411 3254 1612 3310 cmlum
1658 3251 1934 3324 magnitu-
1963 3245 2004 3303 C

344 3351 812 3408 diuemauctoris
831 3350 917 3406 sui
951 3357 1344 3420 repraesentare
1389 3354 1606 3417 potest;
1637 3345 1786 3415 quod
1839 3343 1934 3414 qui

348 3443 626 3507 amiserit,
680 3443 810 3514 quid
845 3441 1082 3511 amplius
1106 3438 1367 3494 habebit?
1398 3437 1531 3508 quid
1572 3436 1679 3492 erit
1731 3435 1936 3490 amisso

349 3552 460 3606 par
486 3545 542 3592 et
569 3535 778 3606 mquale
799 3534 821 3588 ?
842 3535 1034 3603 Neque
1062 3532 1225 3586 ﬁdem
1260 3530 1592 3601 supprimat,
1627 3529 1724 3598 qui
1747 3528 1936 3583 volue-

358 3629 436 3683 rit
461 3645 584 3684 esse
612 3643 741 3683 vere
764 3626 973 3681 ﬁdelis:
1011 3623 1333 3695 suppressio
1356 3623 1505 3678 enim
1528 3620 1936 3693 quodammodo

345 3728 444 3776 est
474 3720 728 3790 negatio:
772 3717 1024 3774 conﬁteri
1068 3727 1255 3771 autem
1313 3714 1570 3781 ﬁdenter,
1609 3713 1935 3769 firmitatem

354 3812 489 3866 ﬁdei
522 3809 794 3866 ostendit:
839 3810 1009 3880 igitur
1047 3809 1179 3862 licet
1220 3807 1406 3878 justus
1455 3805 1782 3876 supprimat,
1823 3804 1936 3874 jam

349 3919 470 3956 .non
495 3910 580 3958 est
602 3903 818 3972 justus:
851 3901 970 3957 Non
1000 3899 1196 3972 placet,
1249 3899 1452 3970 inquit,
1488 3898 1686 3953 animat
1721 3895 1936 3952 .meazin

346 3996 472 4064 .ipso
497 3994 564 4048 ”.

309 4193 334 4212 ι
430 4129 616 4185 XVlll.
647 4131 862 4184 Rursus
900 4141 1033 4183 vero
1057 4127 1126 4182 ab
1163 4126 1283 4197 ipso
1302 4125 1543 4181 Domino
1582 4123 1932 4178 audivimus:

348 4219 542 4275 Omnis
575 4221 668 4290 qui
686 4219 1026 4288 conﬁtebitur
1052 4235 1134 4272 me
1180 4233 1361 4271 coram
1411 4214 1728 4279 hominibus,
1769 4211 1936 4281 conﬁ-

358 4310 505 4364 tebor
540 4319 590 4362 et
623 4326 714 4380 ego
743 4325 863 4363 eum
887 4325 1069 4364 coram
1089 4308 1252 4362 Patre
1273 4323 1387 4360 meo
1407 4307 1496 4376 qui
1523 4307 1579 4360 in
1597 4305 1736 4360 caelis
1769 4313 1844 4358 est
1864 4304 1934 4358 "°.

360 4401 420 4454 lu
455 4414 794 4468 unoquoque
849 4398 1000 4453 enim
1046 4396 1226 4451 simile
1283 4394 1538 4450 redditur
1579 4402 1933 4462 antegresso;

350 4489 636 4546 confessio
663 4488 1025 4553 confessioni,
1051 4487 1274 4558 negatio
1307 4486 1610 4556 negationi,
1673 4483 1769 4539 sed
1823 4499 1935 4538 non

2019 1971 2086 2018 ει
2111 1976 2538 2032 unamquamque
2571 1975 2851 2028 personam
2876 1959 3072 2021 Deum,
3105 1973 3216 2014 non
3269 1966 3450 2014 tamen
3481 1960 3611 2015 sub-

2033 2056 2289 2112 stantiam
2319 2053 2707 2124 particularem
2734 2051 3050 2116 habentem,
3085 2065 3195 2105 non
3223 2065 3605 2116 communem,

2028 2145 2251 2201 tametsi
2277 2160 2376 2215 per
2410 2158 2468 2198 se
2493 2143 2638 2197 Deus
2679 2141 3042 2196 nominetur:
3100 2140 3432 2211 particulare
3452 2142 3606 2197 enim

2031 2250 2140 2288 non
2177 2232 2612 2297 estsubstautia,
2639 2231 2914 2301 siquidem
2952 2231 3263 2286 substantia
3295 2247 3469 2303 genus
3489 2241 3606 2299 est;

2032 2335 2090 2380 et
2108 2325 2362 2396 generale
2390 2340 2505 2380 non
2529 2332 2616 2378 est
2644 2323 3006 2392 particulare,
3053 2323 3202 2378 sicut
3231 2338 3408 2394 neque
3427 2327 3611 2394 .parti-

2035 2420 2221 2473 culare
2250 2416 2506 2486 generale
2529 2429 2650 2471 est:
2674 2425 2732 2470 et
2761 2415 3015 2486 quamvis
3038 2416 3257 2472 dicatur
3269 2434 3610 2489 una-qumque

2026 2525 2270 2580 persona
2305 2509 2487 2574 Deus;
2518 2523 2631 2563 non
2667 2515 2850 2563 tamen
2879 2507 3142 2562 divinitas
3192 2507 3389 2575 divisa,
3416 2518 3500 2565 est
3530 2509 3616 2564 di-

2034 2601 2257 2664 v-initas,
2289 2617 2472 2671 neque
2507 2599 2746 2656 edicitur
2771 2599 2996 2671 propria
3021 2609 3083 2656 et
3110 2602 3485 2671 particular-is-
3514 2618 3613 2658 ua-

2037 2695 2288 2748 turaliter
2345 2693 2651 2748 secundum
2702 2692 3082 2750 diversitatem
3129 2694 3476 2762 substantiae,
3513 2695 3612 2750 sed

2027 2783 2335 2854 .perfcctam
2370 2792 2426 2840 et
2451 2791 2620 2838 totam
2653 2784 2822 2840 habet
2855 2800 3204 2840 communem
3223 2786 3612 2844 substantiam.

2035 2876 2408 2942 Quamobrem
2444 2884 2568 2932 tres
2619 2876 2884 2932 dicuntur
2943 2889 2999 2932 et
3035 2885 3166 2932 sunt
3218 2894 3383 2945 unus,
3414 2887 3614 2950 utpote

2037 2967 2206 3023 unius
2227 2968 2548 3023 substantias
2563 2983 2675 3023 non
2690 2967 2881 3024 divisa:
2907 2968 2964 3022 in
3001 2977 3133 3036 tres,
3167 2970 3423 3048 quamvis
3440 2984 3616 3026 unus-

2037 3061 2273 3130 quisque
2301 3076 2400 3131 per
2431 3075 2493 3116 sc
2547 3061 2903 3127 nominetur;
2933 3076 3036 3117 nec
3071 3069 3315 3118 extensae
3341 3061 3616 3119 inmulti-

2039 3152 2462 3219 tudinem,-cum
2489 3163 2602 3210 tres
2625 3154 2769 3209 inter
2793 3169 2852 3210 se
2881 3153 3258 3210 nominantur.

2107 3286 2250 3342 XlX.
2284 3287 2467 3354 Quare
2485 3288 2775 3343 veritatem
2800 3287 3084 3358 depravat,
3113 3288 3208 3360 qui
3229 3297 3344 3346 tres
3363 3305 3474 3361 ,pro
3503 3305 3616 3345 uno

2036 3379 2171 3436 deos
2202 3393 2327 3435 esse
2362 3378 2625 3450 opinatur
2649 3398 2661 3433 :
2689 3380 2951 3450 opinatur
2993 3390 3184 3438 autem
3217 3381 3373 3448 deos,
3397 3383 3490 3454 qui
3517 3383 3618 3455 hy-

2030 3483 2307 3542 postases,
2328 3480 2556 3528 naturas
2591 3473 2861 3544 speciales
2885 3473 3003 3530 sive
3033 3475 3402 3546 particulares
3432 3485 3614 3532 vocat.

2038 3563 2128 3618 Sic
2158 3563 2310 3619 enim
2357 3571 2573 3619 natura:
2627 3565 2895 3635 speciales
2943 3574 3169 3634 essent;
3234 3568 3381 3623 Deus
3427 3578 3617 3625 autem

2037 3666 2234 3710 natura
2263 3663 2370 3718 est,
2408 3669 2535 3710 cum
2593 3653 2731 3711 dicit
2778 3656 3092 3727 Propheta:
3157 3657 3299 3713 Deus
3352 3668 3530 3713 noster
3559 3661 3616 3714 in

2015 3747 2184 3810 -αειυ,
2211 3755 2262 3800 et
2292 3747 2347 3800 in
2361 3755 2516 3801 :terra
2548 3748 2626 3813 ”.;
2661 3756 2711 3801 et
2733 3757 3071 3820 cognoscant,
3107 3750 3249 3820 quod
3281 3758 3337 3804 tu
3357 3751 3615 3807 Dominus

2036 3837 2178 3892 Deus
2207 3837 2349 3892 solus
2381 3839 2447 3893 ιη.
2481 3839 2557 3894 De
2585 3854 2696 3910 quo
2740 3855 2874 3911 ergo
2911 3840 3078 3895 trium
3107 3841 3283 3897 dicit?
3314 3859 3425 3898 non
3463 3845 3615 3899 enim

2031 3931 2224 4001 posuit
2249 3931 2623 3987 multitudinis
2648 3931 3110 4002 signiﬁcationem
3132 3951 3146 4000 ;
3168 3944 3381 3991 natura:
3426 3946 3612 3992 autem

2037 4025 2308 4094 speciales
2352 4024 2769 4081 multitudinem
2827 4027 3154 4083 ostendunt.
3213 4027 3312 4084 Sin
3363 4045 3498 4084 vero
3546 4031 3615 4086 de

2037 4118 2224 4173 divina
2263 4116 2596 4181 substantia,
2617 4118 2781 4173 unica
2805 4126 2861 4174 et
2882 4117 3118 4188 simplici
3142 4133 3325 4175 sermo
3363 4120 3454 4186 sit,
3471 4122 3616 4178 hanc

2037 4218 2224 4265 autem
2257 4226 2431 4265 unum
2456 4211 2630 4266 Deum
2659 4210 2860 4266 divina:
2903 4211 3204 4282 Scriptura:
3256 4222 3485 4281 vocant;
3507 4216 3613 4271 etsi

2039 4310 2149 4356 tres
2177 4301 2346 4356 habet
2366 4301 2774 4372 proprietates:
2811 4318 2923 4358 una
2952 4303 3142 4374 utique
3168 4313 3368 4360 natura
3392 4313 3448 4361 et
3478 4307 3616 4362 sub-

2037 4392 2239 4448 stantia
2266 4391 2570 4448 divinitatis
2596 4402 2702 4448 est.
2735 4392 2794 4449 Si
2819 4401 3003 4450 autem
3029 4411 3138 4450 una
3161 4403 3266 4460 est,
3293 4409 3458 4451 nemo
3481 4397 3615 4451 sub-

2035 4485 2271 4540 stantias
2293 4485 2656 4554 particulares
2689 4485 2854 4551 dicat,
2884 4487 2929 4542 si
2953 4487 3158 4560 refugit
3205 4487 3436 4544 deorum
3467 4490 3612 4543 mul-

357 4582 650 4636 similiter:
684 4580 958 4650 siquidem
989 4579 1269 4633 confessio
1291 4587 1349 4632 et
1364 4577 1585 4647 negatio
1604 4586 1935 4646 antegressa:
1968 4597 2009 4652 ο
2039 4575 2336 4631 titudinem
2411 4577 2724 4633 nominare.
2800 4579 3254 4635 .Demonstratum
3303 4581 3452 4635 enim
3503 4591 3610 4646 est,

350 4675 416 4729 in
449 4673 770 4727 hominibus
788 4679 946 4736 sunt;
983 4677 1282 4740 sequentes
1310 4684 1444 4724 vero
1474 4670 1531 4722 in
1571 4667 1854 4722 Salvatore
1878 4674 1934 4720 et

357 4767 570 4836 angelis
613 4765 839 4820 sanctis.
873 4763 1242 4830 Quamobrem
1301 4762 1536 4832 quisque
1590 4775 1648 4815 se
1697 4759 1931 4824 muniat,

351 4865 616 4911 metuens
643 4855 952 4925 periculum
978 4852 1340 4923 impendens;
1373 4860 1429 4906 et
1462 4865 1681 4906 omnem
1725 4860 1932 4905 metum

359 4948 685 5010 humanum,
712 4955 767 5000 et
797 4960 1017 5000 omnem
1051 4944 1278 5015 gratiam
1307 4942 1568 5007 hominis,
1602 4942 1778 4996 instar
1806 4941 1934 5010 pul-

355 5038 528 5104 veris,
569 5037 814 5093 excutiat
851 5053 921 5092 ex
950 5037 1066 5091 suis
1123 5035 1582 5106 cogitationibus:
1616 5034 1772 5087 illum
1813 5043 1931 5088 tan-

361 5141 479 5187 tum
508 5137 737 5192 metuat,
770 5131 859 5199 qui
879 5137 1044 5198 potest
1079 5129 1316 5181 animam
1343 5135 1390 5178 et
1421 5140 1606 5195 corpus
1627 5125 1854 5194 perdere
1877 5125 1935 5178 in

358 5222 598 5291 gelienna
622 5221 690 5285 “,
721 5219 1031 5287 habeatque
1057 5230 1404 5287 persuasum,
1459 5214 1608 5284 quod
1651 5213 1934 5284 dispersit,

358 5320 416 5364 et
443 5311 704 5381 disperget
727 5309 982 5363 Dominus
1002 5323 1119 5361 ossa
1148 5323 1351 5371 eorum,
1387 5306 1476 5377 qui
1503 5305 1796 5360 hominibus
1816 5303 1934 5374 pla-

348 5413 476 5456 .cent
505 5403 572 5456 δ’.
595 5401 809 5457 Idcirco
833 5400 890 5454 in
917 5398 1344 5469 solamgloriam
1369 5397 1466 5452 Dei
1514 5396 1830 5460 intuemur;
1879 5405 1936 5450 et

354 5497 540 5554 solum
573 5479 814 5552 Verbum
866 5492 1111 5564 judicem
1143 5499 1548 5561 exspectamus.
1597 5490 1736 5556 Quid
1768 5491 1935 5554 enim,

432 5675 478 5708 "’
515 5675 707 5731 Matth.
738 5691 880 5739 ηυγ,
914 5675 966 5729 5.

352 5745 402 5780 “
439 5747 574 5802 ibid.
609 5747 699 5801 28.
783 5745 828 5778 ⁵⁸
863 5745 1011 5801 μΡεεΙ.
1037 5760 1136 5809 ur,
1179 5745 1232 5799 6.

356 5833 473 5882 vni,
509 5817 592 5872 lO.

560 5909 831 5970 Puram.
871 5908 990 5970 (in.
1022 5907 1375 5970 LXXXIX.

1048 5675 1093 5707 ³⁸
1135 5674 1294 5729 Joan.
1335 5687 1388 5735 ν,
1431 5671 1520 5725 44.

1601 5670 1644 5701 ³⁸
1671 5669 1782 5724 Jer.
1817 5687 1904 5734 xv,
1933 5668 2220 5734 l;Ezecb.
2257 5687 2404 5735 χχιιι,
2456 5671 2554 5736 18;
2627 5671 2793 5727 Zach.
2847 5689 2922 5738 χι,
2963 5672 3015 5730 8.

1340 5744 1384 5776 ⁵³
1413 5742 1603 5798 Matth.
1634 5757 1744 5805 XVI,
1774 5741 1865 5807 26,
1896 5741 1987 5795 2-7.

2037 4668 2377 4741 principium
2407 4685 2542 4726 esse
2565 4670 2941 4726 multitudinis
2961 4671 3215 4738 deorum,
3247 4672 3614 4742 particularcs

2035 4767 2259 4814 naturas
2275 4759 2592 4816 nominare:
2625 4769 2682 4816 et
2703 4762 2962 4817 existimo
2983 4763 3198 4816 nullum
3219 4779 3439 4834 quoque
3471 4764 3612 4821 adeo

2033 4850 2271 4906 nudasse
2297 4860 2483 4922 caput,
2515 4852 2568 4907 id
2596 4861 2702 4918 est,
2733 4867 2800 4909 eo
2855 4853 3209 4924 impudentia:
3254 4857 3610 4926 processisse,

2035 4950 2094 4995 ut
2120 4941 2253 4996 deos
2272 4958 2505 4998 numero
2542 4944 3210 5012 multitudinisnominet;
3239 4945 3344 5001 etsi
3367 4961 3435 5001 ex
3464 4961 3615 5002 sum—

2036 5033 2319 5103 ptionibus
2335 5050 2526 5091 eorum
2543 5037 3380 5103 necessarioconcluditur,deos
3401 5039 3610 5102 dicere,

2040 5126 2085 5180 si
2117 5135 2362 5182 sanctam
2392 5127 2720 5183 Trinitatem
2750 5141 2978 5185 naturas
3004 5131 3271 5201 speciales
3304 5131 3611 5186 nominant:

2040 5216 2092 5270 id
2117 5217 2263 5288 quod
2295 5233 2330 5272 a
2364 5219 2527 5273 nobis
2560 5220 2722 5289 plane
2751 5221 3191 5278 demonstratum
3210 5233 3316 5290 est,
3338 5239 3461 5278 cum
3487 5239 3617 5294 pro-

2039 5307 2160 5375 prio
2191 5306 2314 5361 loco
2354 5317 2547 5362 contra
2579 5323 2676 5364 eos
2729 5309 2825 5380 qui
2854 5320 2966 5367 tres
3007 5313 3348 5370 substantias
3398 5314 3612 5376 dicunt,

2035 5398 2379 5469 scripsimus,
2401 5413 2529 5454 cum
2547 5416 2733 5472 nuper
2757 5402 2826 5457 dc
2845 5402 2949 5459 hac
2970 5404 3274 5476 quaestione
3303 5406 3484 5476 posita
3501 5405 3617 5460 dis-

2038 5496 2356 5560 ceptaretur
2395 5506 2410 5544 :
2447 5499 2503 5547 et
2531 5489 2766 5549 fortasse
2805 5476 2906 5565 qui.
2931 5494 3025 5549 illa
3065 5503 3295 5565 quaeret,
3338 5496 3613 5566 reperiet:

3117 5672 3163 5705 ‘°
3208 5674 3398 5728 Matth.
3424 5691 3480 5741 ι,
3527 5672 3616 5728 32.

2095 5739 2140 5772 ⁸⁵
2178 5741 2380 5813 Ephes.
2445 5759 2516 5810 vi,
2557 5742 2612 5798 6.
2727 5744 2771 5776 "
2798 5744 2946 5800 Psal.
2998 5759 3126 5809 exn,
3163 5744 3216 5811 5,
3257 5745 3309 5799 6.
3383 5747 3431 5778 “
3468 5739 3616 5801 'Tob.

3095 5907 3171 5967 Η.
