4072 6588
389 406 528 471 13Ξό

1421 406 1704 469 ORATIO
1742 409 1791 468 Ι.
1818 408 2009 469 --DE
2040 410 2145 470 SS.
2185 410 2622 474 TRINITATB.

3520 412 3657 480 1323.6

384 533 540 589 quem
582 517 752 571 mittet
801 517 944 571 vobis
991 515 1154 571 Pater
1186 517 1266 582 6’;
1299 526 1355 571 et
1386 522 1584 573 iterum
1625 535 1639 572 :
1681 516 1739 574 Si
1772 519 1969 584 abiero,
2003 527 2045 583 Α
2078 520 2279 592 cuique
2300 522 2447 579 enim
2471 538 2721 595 personae
2748 524 3069 595 hujusmodi
3094 524 3499 597 appellationes
3528 541 3655 602 apte

385 612 597 664 mittam
646 626 766 665 eum
816 608 887 663 ad
916 626 1008 665 ros
1050 609 1127 675 ‘3;
1161 608 1227 664 ad
1272 609 1577 680 discipulos
1623 610 1881 666 scilicet:
1912 619 1967 665 et

384 703 555 759 David
582 703 909 774 prophetice
930 703 997 758 ad
1023 719 1152 759 eum
1176 722 1188 758 :
1218 703 1467 768 Emittes,
1495 702 1700 774 inquit,
1720 705 1967 774 spiritum

384 803 558 858 tuum,
589 805 637 848 et
675 795 1036 861 creabantur;
1076 805 1125 849 et
1162 796 1439 850 renouabis
1485 796 1673 866 faciem
1715 806 1872 851 terra:
1901 797 1966 850 ".

386 887 575 958 Neque
605 903 743 943 vero
770 888 905 959 quia
941 887 1186 942 mittitur
1206 887 1455 959 Spiritus
1500 899 1750 955 sanctus,
1786 890 1969 946 mino-

389 996 507 1035 rem
559 980 724 1036 Patre
759 989 816 1036 et
856 980 1000 1036 Filio
1038 982 1355 1038 secundum
1402 982 1769 1038 substantiam
1812 992 1971 1053 puta~

386 1088 561 1128 Inus:
608 1088 819 1144 apage;
876 1088 1040 1129 nemo
1075 1074 1195 1129 .hoc
1236 1076 1596 1146 suspicetur:
1648 1092 1762 1131 non
1817 1076 1967 1132 enim

387 1180 451 1223 ut
499 1165 754 1221 minister
789 1165 1055 1233 mittitur,
1100 1167 1198 1224 sed
1246 1176 1308 1223 ut
1353 1169 1866 1235 consubstantiaiis,
1915 1177 1972 1224 et

386 1259 618 1331 aequalis
654 1259 903 1323 honoris,
950 1268 1009 1315 et
1053 1261 1290 1331 ejusdem
1336 1273 1550 1318 natura:
1592 1270 1641 1316 ο.
1680 1262 1967 1333 Siquidem

387 1363 445 1410 et
488 1354 668 1425 ipsum
716 1350 916 1405 Filium
964 1351 1197 1407 missum
1230 1368 1353 1409 esse
1381 1352 1690 1410 didicimus
1734 1369 1843 1409 non
1879 1370 1971 1411 so-

389 1448 501 1502 lum
550 1463 581 1502 a
632 1448 819 1511 Patre,
870 1444 970 1499 sed
1008 1445 1078 1499 ab
1125 1444 1339 1515 Spiritu
1392 1453 1605 1510 sancto,
1659 1445 1803 1501 sicut
1854 1448 1971 1516 ipse

388 1539 529 1594 dixit
575 1554 676 1609 per
726 1538 925 1593 Isaiam
966 1558 980 1591 :
1019 1538 1088 1592 Et
1130 1554 1270 1593 nunc
1296 1537 1554 1592 Dominus
1594 1539 1738 1591 misit
1778 1554 1881 1603 me,
1921 1545 1971 1591 et

389 1631 620 1704 Spiritus
653 1632 767 1703 ejus
805 1631 875 1686 '°.
922 1631 1167 1687 Vocatur
1208 1638 1396 1685 autem
1432 1630 1580 1685 Deus
1608 1629 1882 1700 Spiritus;
1916 1640 1973 1685 et

392 1741 585 1781 rursus
613 1742 627 1779 :
670 1724 926 1779 Dominus
956 1733 1136 1779 autem
1174 1722 1404 1795 Spiritus
1431 1732 1507 1776 est
1530 1723 1615 1787 τ¹;
1645 1731 1702 1778 ει
1732 1721 1974 1794 Spiritus

390 1828 637 1883 sanctus,
694 1818 929 1889 spiritus
977 1817 1097 1883 Dei,
1144 1826 1202 1873 et
1246 1816 1482 1886 spiritus
1513 1814 1747 1878 Christi.
1774 1825 1831 1871 et
1863 1817 1976 1887 spi-

2076 613 2438 680 adhibentur,
2468 625 2753 672 reservato
2780 617 2882 673 soli
2910 618 3082 684 Patri,
3112 627 3174 673 ut
3204 619 3277 674 sit
3306 621 3492 689 Pater,
3527 626 3656 694 quia

2077 703 2229 760 solus
2270 714 2357 761 est
2388 706 2759 777 principium;
2790 716 2848 763 et
2877 708 3039 774 Filio,
3069 718 3130 765 ut
3180 710 3252 766 sit
3286 712 3483 778 Filius,
3524 718 3657 784 quia

2076 797 2229 851 solus
2277 798 2498 867 genitus
2552 808 2667 862 est;
2718 810 2775 855 et
2810 800 3125 867 Paracleto,
3174 812 3239 857 ut
3281 805 3355 858 sit
3413 805 3659 875 Spiritus

2079 898 2341 955 Sanctus;
2410 890 2694 961 propriam
2739 892 2891 948 enim
2946 893 3113 950 habet
3149 898 3567 967 processionem
3624 916 3657 956 a

2078 982 2260 1039 Patre.

2150 1072 2339 1128 XXIV.
2366 1074 2521 1145 Saepe
2550 1074 2815 1141 diximus,
2842 1075 3215 1135 differentiam
3235 1084 3520 1139 nominum
3544 1102 3658 1142 non

2078 1164 2295 1220 variare
2327 1176 2582 1223 naturam
2612 1184 2626 1221 :
2654 1183 2758 1224 nec
2794 1169 2945 1224 enim
2978 1168 3163 1238 Pater,
3198 1175 3325 1244 quia
3363 1177 3524 1233 Pater
3553 1188 3657 1244 est,

2078 1255 2288 1313 idcirco
2323 1259 2473 1315 Deus
2498 1267 2617 1327 est;
2646 1277 2830 1331 neque
2856 1264 2988 1333 quia
3024 1265 3199 1321 Filius
3232 1283 3345 1322 non
3368 1280 3457 1325 est
3474 1270 3657 1336 Pater,

2078 1350 2289 1405 idcirco
2303 1367 2412 1407 non
2431 1361 2516 1409 est
2535 1354 2710 1421 Deus;
2736 1355 2999 1412 similiter
3019 1355 3261 1427 Spiritus
3280 1372 3504 1417 sanctus
3523 1381 3536 1418 :
3558 1364 3658 1420 sed

2081 1442 2208 1499 ideo
2239 1446 2388 1502 Deus
2427 1456 2534 1513 est,
2567 1448 2697 1518 quia
2739 1459 2829 1505 est
2865 1450 3195 1519 increatum,
3220 1461 3513 1521 aeternum,
3556 1457 3661 1511 im-

2079 1538 2368 1604 mutabile,
2414 1540 2863 1611 incorruptibile,
2893 1541 3245 1610 invariabile,
3275 1556 3474 1602 auctor
3512 1550 3661 1615 vitae,

2080 1640 2300 1686 creator
2331 1646 2654 1703 corporum,
2685 1642 2742 1689 Ct
2772 1649 2964 1690 eorum
2991 1651 3114 1705 (111τὲ
3147 1636 3476 1708 incorporea
3507 1650 3660 1697 sunt.

2079 1721 2209 1778 Haec
2242 1724 2391 1779 enim
2441 1735 2571 1781 sunt
2619 1727 2845 1797 propria
2884 1727 3221 1795 divinitatis;
3269 1740 3325 1786 et
3372 1732 3565 1789 insunt
3604 1735 3662 1790 in

2083 1831 2415 1886 unaquaque
2464 1832 2725 1887 persona,
2767 1828 2826 1874 et
2873 1826 3104 1891 propter
3158 1821 3276 1877 haec
3318 1839 3665 1897 unaquaeque

392 1908 534 1964 ritus
574 1909 730 1964 Jesu.
774 1908 881 1963 Per
932 1916 1078 1962 totas
1136 1907 1466 1977 hypostascs
1508 1905 1856 1961 demonstrat
1888 1906 1975 1961 di-
2008 1904 2051 1964 Β
2079 1921 2315 1975 persona
2376 1908 2525 1963 Deus
2568 1917 2673 1974 est,
2730 1909 3011 1980 siquidem
3059 1911 3223 1967 Pater
3267 1924 3496 1983 pr0ptcr
3547 1916 3666 1972 haec

393 2000 557 2055 v-inus
598 2014 784 2055 sermo
832 2000 1145 2055 naturalem
1172 1999 1561 2070 cognationem
1590 2008 1618 2048 P
1642 1997 1974 2055 divinitatis.

391 2091 636 2163 Spiritus
668 2091 896 2163 quidem
926 2091 1105 2147 sancti
1143 2092 1235 2146 hic
1260 2100 1346 2147 est
1371 2090 1637 2163 proprius
1665 2091 1976 2156 character,

391 2186 487 2257 qui
511 2186 617 2241 hac
643 2185 1019 2257 appellatione
1046 2185 1427 2257 signiﬁcatur;
1456 2193 1542 2240 est
1563 2185 1712 2240 enim
1736 2183 1980 2255 Spiritus

390 2289 625 2335 sanctus
668 2298 681 2333 :
722 2278 997 2350 Spiritum
1039 2288 1225 2334 autem
1276 2285 1532 2332 sanctum
1568 2285 1747 2332 totum
1783 2277 1865 2331 sic
1891 2276 1977 2331 di-

391 2382 547 2429 ctum
573 2381 631 2427 ω
658 2382 921 2427 vocatum
953 2387 1065 2425 non
1099 2370 1354 2424 invenies
1380 2369 1572 2423 alium.
1598 2368 1746 2423 Deus
1770 2377 1978 2431 autem,

395 2474 458 2520 ut
488 2473 653 2519 antea
704 2462 841 2528 dixi,
892 2462 1104 2518 dicitur
1162 2461 1441 2531 Spiritus;
1476 2469 1532 2517 et
1573 2461 1724 2517 Deus
1773 2461 1982 2516 dicitur

393 2565 627 2613 sanctus
660 2574 675 2609 :
710 2555 879 2610 ambo
906 2570 1040 2610 vero
1062 2554 1291 2609 nomina
1313 2554 1628 2624 composita
1663 2560 1982 2624 congruunt

391 2651 470 2716 ei,
514 2651 609 2721 qui
663 2648 886 2720 proprie
933 2647 1143 2702 dicitur
1196 2645 1441 2715 Spiritus
1496 2654 1748 2707 sanctus,
1817 2644 1981 2699 sicuti

395 2759 599 2798 nomen
654 2742 836 2797 Patris
897 2738 1123 2811 proprie
1171 2738 1440 2793 convenit
1487 2738 1766 2808 principio
1819 2748 1881 2803 s;
1930 2746 1985 2791 et

391 2851 601 2893 nomen
648 2834 773 2889 Filii
821 2833 897 2897 ci,
945 2832 1041 2902 qui
1092 2829 1412 2885 immediate
1465 2845 1531 2884 ex
1573 2828 1851 2899 principio
1888 2837 1987 2884 :ct

395 2928 516 2985 hac
548 2925 775 2982 nomina
812 2940 923 2995 niui
966 2932 1384 2979 commutantur
1445 2920 1591 2975 inter
1635 2935 1694 2977 se
1732 2937 1746 2974 :
1784 2930 1985 2977 caetera

395 3019 585 3076 omnia
614 3025 908 3072 moventur
925 3024 983 3072 et
1003 3016 1400 3070 immutantur.
1435 3012 1589 3068 Sicut
1616 3013 1765 3068 enim
1797 3014 1981 3079 Pater,

395 3113 494 3184 qui
529 3113 675 3168 Deus
704 3119 795 3165 est
842 3117 899 3164 et
945 3108 1126 3172 Pater,
1161 3105 1488 3162 nominibus
1523 3105 1773 3176 Spiritus
1803 3106 1988 3176 appel-

398 3208 583 3272 latur,
638 3212 866 3261 sanctus
904 3202 1119 3259 scilicet
1150 3211 1227 3281 et
1273 3200 1524 3271 spiritus,
1564 3200 1822 3270 quamvis
1875 3214 1983 3254 non

399 3298 714 3370 appellatur
764 3304 941 3352 totum
975 3296 1081 3350 hoc
1131 3294 1377 3365 Spiritus
1409 3302 1669 3359 sanctus;
1701 3293 1786 3347 sic
1812 3292 1982 3347 etiam

399 3392 646 3463 Spiritus
678 3398 925 3453 sanctus,
954 3387 1049 3459 qui
1083 3400 1171 3444 est
1200 3388 1432 3457 spiritus
1466 3394 1523 3442 et
1551 3394 1797 3451 sanctus,
1839 3386 1986 3440 Deus

398 3491 507 3549 est,
552 3492 610 3540 et
654 3482 978 3537 nominatur
1008 3501 1021 3537 :
1050 3489 1107 3536 et
1146 3480 1402 3535 Salvator
1449 3479 1730 3547 similiter,
1761 3479 1859 3549 qui
1901 3487 1987 3534 est

400 3577 598 3642 Filius,
648 3583 705 3632 et
748 3574 1021 3630 Dominus
1064 3582 1324 3637 vocatur,
1381 3588 1494 3628 non
1551 3573 1705 3628 solus
1738 3587 1874 3627 usus
1901 3580 1988 3626 est

400 3671 509 3726 hac
554 3667 925 3741 appellatione
976 3666 1219 3730 Domini,
1252 3666 1348 3721 sed
1388 3665 1553 3721 Pater
1588 3666 1756 3720 etiam
1804 3664 1986 3720 nomi-

398 3770 569 3818 natur
629 3761 935 3825 Dominus;
1000 3768 1058 3814 et
1101 3757 1346 3829 Spiritus
1401 3766 1626 3813 sanctus
1668 3758 1989 3813 nominatur

400 3853 571 3908 etiam
612 3850 915 3917 Dominus;
957 3852 1104 3906 sicut
1131 3859 1190 3905 et
1218 3851 1339 3920 ipse
1381 3849 1555 3904 Filius
1584 3848 1732 3904 Deus
1764 3857 1821 3904 et
1864 3848 1991 3918 Spi-

398 3946 553 4002 ritus
588 3954 647 3999 et
682 3953 909 4000 sanctus
941 3953 1196 4015 vocatur.

477 4037 670 4093 XXIII.
712 4034 839 4091 Hinc
883 4034 1257 4091 communitas
1286 4032 1718 4105 appellationum
1750 4031 1805 4088 in
1842 4032 1990 4089 Scri-

404 4140 573 4203 ptura
603 4136 794 4184 sancta
825 4126 1191 4193 (economiee,
1222 4134 1283 4181 ut
1315 4126 1390 4181 ita
1439 4126 1641 4191 dicam,
1679 4125 1880 4189 fertur,
1930 4134 1993 4179 ut

408 4222 619 4277 nullam
658 4220 903 4275 habeant
954 4218 1211 4273 homines
1259 4216 1565 4288 impietatis
1616 4215 1987 4279 occasionem,

394 4322 468 4370 et
513 4313 818 4385 opinentur
867 4326 991 4367 esse
1040 4319 1153 4365 tres
1185 4307 1345 4366 deos.
1375 4308 1587 4365 idcirco
1619 4308 1803 4364 divina
1836 4307 1989 4363 Scri-

407 4414 598 4478 ptura,
632 4413 696 4460 ut
725 4417 947 4459 omnem
983 4402 1301 4473 hujusmodi
1326 4402 1697 4473 suspicionem
1733 4401 1991 4456 omnibus

407 4497 761 4570 praecideret,
791 4497 1012 4552 Patrem
1034 4494 1261 4565 quidem
1292 4494 1531 4565 appellat
1555 4495 1759 4559 Deum;
1790 4492 1990 4548 Filium

2081 1998 2230 2055 Deus
2267 2006 2398 2055 est:
2439 2009 2502 2057 et
2549 2017 2659 2056 non
2708 2002 2841 2071 quia
2884 2003 3048 2058 Pater
3079 2012 3186 2060 cst.
3235 2006 3295 2061 Si
3336 2007 3489 2061 enim
3534 2010 3664 2079 quia

2082 2091 2247 2145 Pater
2278 2100 2384 2157 est,
2430 2093 2578 2149 Deus
2630 2102 2754 2159 est,
2809 2097 2993 2151 omnis
3046 2106 3201 2167 pater
3248 2100 3397 2155 Deus
3455 2111 3603 2157 esset
3646 2122 3661 2157 :

2082 2196 2230 2237 nunc
2258 2191 2441 2239 autem
2475 2200 2587 2239 non
2615 2184 2699 2240 sic
2723 2185 2924 2250 habet;
2951 2187 3087 2256 quin
3116 2188 3301 2257 potius
3327 2192 3663 2261 appellatio-

2082 2289 2184 2329 nes
2217 2274 2541 2334 dill‘erentes
2568 2278 2819 2334 eamdem
2845 2279 3214 2335 substantiam
3241 2282 3480 2354 signant,
3498 2286 3664 2341 simul

2082 2367 2330 2437 ejusdem
2352 2378 2567 2426 natum
2586 2372 3034 2427 communionem
3056 2373 3426 2442 declarantes,
3450 2386 3505 2433 et
3527 2378 3665 2434 nihil

2084 2462 2153 2517 ab
2194 2479 2302 2519 una
2334 2472 2534 2519 natura
2575 2466 2821 2521 alienum
2860 2466 3242 2524 admittentes.
3277 2468 3492 2526 Idcirco
3536 2472 3668 2527 uni-

2084 2573 2245 2613 versa
2281 2558 2571 2629 plenitudo
2614 2559 2925 2617 divinitatis
2970 2577 3117 2618 unus
3173 2564 3319 2621 Deus
3353 2574 3461 2631 est,
3503 2583 3667 2639 super

2085 2653 2287 2717 omnia,
2330 2660 2379 2705 et
2409 2669 2503 2722 per
2526 2654 2730 2720 omnia,
2765 2662 2812 2708 et
2849 2656 2905 2709 in
2953 2656 3191 2711 omnibus
3220 2657 3286 2689 ⁷¹“
3320 2675 3333 2711 :
3380 2659 3483 2714 etsi
3514 2661 3665 2717 enim

2087 2742 2275 2797 divina
2309 2740 2595 2814 Scriptura
2639 2743 2877 2798 diversis
2918 2745 3243 2801 nominibus
3270 2749 3509 2819 appellat
3540 2766 3666 2807 san-

2087 2843 2233 2889 etam
2298 2834 2633 2889 Trinitatem
2698 2850 2860 2905 quam
2932 2835 3230 2892 adoramus
3282 2846 3339 2893 et
3395 2829 3665 2908 colimus,

2087 2926 2411 2983 occasiones
2462 2936 2649 2981 tamen
2684 2926 2955 2997 speciales
2993 2935 3224 2984 naturas
3269 2928 3665 2988 introducendi

2088 3015 2335 3082 sustulit,
2374 3032 2500 3072 cum
2553 3033 2718 3071 unam
2764 3017 3131 3072 substantiam
3194 3029 3253 3075 et
3300 3021 3551 3078 eamdem
3596 3037 3667 3080 ex

2086 3110 2296 3164 eisdem
2342 3108 2766 3178 operationibus
2814 3109 3236 3179 demonstravit,
3279 3114 3431 3169 nulla
3459 3114 3667 3172 erroris

2088 3216 2255 3256 causa
2301 3201 2495 3256 relicta
2543 3201 2613 3256 iis
2655 3202 2750 3272 qui
2810 3202 2996 3257 lumen
3060 3204 3398 3276 participare
3447 3207 3664 3275 volunt,

2087 3302 2144 3347 et
2188 3310 2297 3348 non
2340 3294 2528 3366 potius
2576 3302 2819 3351 mentem
2851 3309 3152 3360 excmcare,
3204 3307 3266 3352 ut
3298 3299 3383 3353 vel
3408 3313 3665 3357 naturam

2088 3402 2187 3457 per
2232 3387 2391 3452 illud,
2421 3387 2735 3458 aliquando,
2766 3395 2823 3442 et
2854 3387 3015 3453 illud,
3054 3405 3158 3443 non
3205 3398 3357 3457 erat;
3387 3401 3483 3446 aut
3521 3392 3667 3448 divi-

2087 3482 2317 3537 nitatem
2382 3481 2816 3552 particularibus
2860 3482 3190 3539 substantiis
3237 3483 3510 3541 dividere.
3551 3487 3666 3544 Nec

2087 3576 2235 3631 enim
2288 3575 2430 3631 sicut
2477 3574 2635 3630 stella
2680 3574 2749 3629 ab
2796 3574 2954 3630 stella
3002 3575 3296 3644 splendore
3345 3576 3554 3644 diﬁcrt,
3606 3588 3667 3633 ut

2088 3663 2243 3719 verbi
2293 3663 2507 3734 gratia,
2572 3664 2751 3735 major
2802 3679 2833 3718 a
2874 3663 3132 3726 minore,
3202 3680 3306 3721 nec
3351 3676 3412 3722 ut
3465 3683 3668 3740 corpus

2089 3770 2329 3827 corpore
2379 3758 2557 3828 majus
2607 3766 2695 3813 cst
2739 3757 2908 3821 mole,
2951 3765 3013 3812 ut
3056 3773 3261 3829 corpus
3303 3760 3668 3818 adolescentis

2088 3864 2321 3919 corpore
2369 3850 2550 3917 pueri,
2602 3864 2705 3905 nec
2752 3858 2815 3904 ut
2862 3850 3029 3905 homo
3074 3858 3325 3922 tempore
3363 3852 3665 3924 antiquior,

2090 3951 2149 3995 ut
2196 3942 2435 4011 exempli
2467 3957 2655 4007 causa,
2687 3941 2967 3998 Abraham
3010 3943 3298 4014 antiquior
3338 3946 3532 4011 David,
3571 3954 3668 4002 aut

2089 4032 2260 4088 David
2307 4031 2684 4098 Zorobabele;
2730 4032 2809 4087 sic
2846 4032 2901 4087 in
2948 4034 3201 4103 personis
3254 4046 3456 4091 sancta:
3481 4036 3667 4093 Trini-

2091 4126 2221 4182 tatis
2278 4125 2427 4195 loqui
2469 4127 2587 4179 "aut
2647 4124 2856 4180 sentire
2907 4124 3223 4180 didicimus.
3280 4125 3424 4192 Quin
3482 4129 3669 4198 potius

2090 4218 2440 4289 operationes
2467 4216 2689 4287 quidem
2715 4218 2994 4272 naturales
3031 4232 3351 4273 communes
3365 4218 3558 4287 habet;
3585 4221 3669 4277 hae

2090 4323 2224 4363 vero
2258 4307 2623 4363 substantiam
2665 4307 2829 4377 plane
2876 4306 3159 4361 declarant
3210 4324 3222 4362 :
3259 4308 3427 4364 simul
3481 4320 3667 4367 autem

2091 4414 2359 4471 personas
2410 4413 2596 4453 secum
2633 4398 2778 4453 inter
2810 4413 2892 4464 se,
2928 4406 2982 4453 et
3027 4398 3083 4453 in
3131 4414 3191 4455 se
3239 4399 3375 4471 ipsis
3422 4402 3666 4459 vicissim

2094 4492 2542 4563 inseparabiliter
2593 4492 2648 4546 in
2668 4490 2858 4546 eadem
2898 4491 3074 4561 gloria
3117 4501 3173 4546 et
3208 4502 3479 4564 potestate
3516 4498 3669 4550 exsi-

409 4603 548 4644 vero
588 4588 920 4653 Dominum;
945 4593 1005 4642 et
1037 4585 1305 4657 Spiritum
1340 4594 1590 4641 sanctum
1618 4585 1991 4640 Paracletum:
2027 4601 2071 4656 ι)
2095 4590 2243 4639 stere
2270 4582 2729 4652 contemplamur,
2764 4581 3214 4653 quandoquidem
3258 4583 3506 4658 ejusdem
3538 4586 3668 4641 sub-

412 4687 477 4736 et’
514 4679 561 4735 si
600 4679 734 4744 .hoc,
772 4694 927 4735 more
960 4678 1265 4749 paedagogi,
1312 4677 1586 4748 providit,
1643 4691 1755 4730 non
1814 4684 1996 4730 tamen

412 4773 658 4844 privavit
701 4772 887 4827 divina
916 4786 1052 4827 voce
1098 4770 1300 4826 Filium
1332 4777 1390 4824 et
1423 4768 1690 4840 Spiritum
1718 4775 1993 4832 sanctum,

412 4878 595 4934 neque
644 4878 838 4918 vocem
880 4862 1099 4917 Domini
1149 4862 1205 4917 in
1252 4862 1417 4917 Patre
1451 4870 1507 4915 et
1552 4857 1763 4929 Spiritu
1805 4864 1997 4912 sancto

411 4953 690 5008 reticuit:
733 4953 846 5007 imo
897 4965 1082 5022 neque
1126 4950 1556 5021 appellationem
1602 4946 1999 5004 sanctiﬁcantis

411 5046 483 5100 ab
527 5044 711 5114 aliqua
746 5057 987 5114 persona
1024 5040 1318 5096 Trinitatis
1366 5039 1651 5095 alienavit.
1689 5039 1826 5093 Cum
1861 5053 1996 5092 vero

412 5136 607 5192 eadem
642 5137 715 5192 sit
755 5144 960 5191 sanctae
991 5133 1281 5189 Trinitatis
1314 5132 1599 5196 divinitas,
1630 5131 1718 5187 vel
1741 5130 1997 5187 substan-

415 5228 513 5293 tia,
536 5228 622 5284 vel
648 5238 866 5292 natura,
890 5227 1008 5283 sive
1038 5225 1204 5281 aliter
1232 5240 1432 5281 vocare
1452 5224 1655 5295 placet,
1682 5230 1996 5278 commeant

414 5318 656 5374 vicissim
708 5318 827 5373 haec
875 5316 1100 5372 nomina
1150 5316 1315 5380 Deus,
1342 5315 1621 5379 Dominus,
1663 5323 1712 5368 et
1740 5312 1992 5382 Spiritus,

414 5419 644 5482 propter
689 5418 943 5466 naturam
980 5411 1389 5480 incorporcam,
1434 5417 1489 5463 et
1537 5414 1753 5462 sanctus
1791 5420 1809 5457 :
1867 5403 1993 5459 uni-

2094 4672 2309 4728 stantite
2355 4679 2413 4726 et
2459 4681 2669 4726 natura:
2720 4680 2870 4727 sunt.

2167 4763 2330 4819 XXV.
2380 4763 2538 4829 Quod
2600 4773 2785 4817 autem
2841 4771 3085 4833 potestas
3130 4773 3333 4819 sanctae
3381 4765 3668 4821 Trinitatis

2095 4854 2383 4910 individua
2414 4862 2516 4918 est,
2543 4854 2707 4910 sicuti
2739 4862 2795 4909 et
2825 4854 3159 4919 substantia,
3192 4855 3364 4910 David
3398 4855 3664 4921 declarat,

2095 4960 2219 5001 cum
2249 4944 2558 5016 deprecans
2589 4944 2765 5000 Deum
2798 4944 2937 4999 dixit
2969 4962 2983 4999 :
3012 4945 3128 5012 Quo
3156 4947 3239 5001 ibo
3266 4963 3296 5000 a
3323 4948 3511 5016 spiritu
3537 4949 3669 5001 tuo?

2098 5043 2147 5089 et
2185 5051 2286 5106 quo
2333 5053 2365 5088 a
2411 5035 2544 5104 facie
2588 5042 2679 5087 tua
2736 5034 2938 5106 fugiam
2987 5037 3073 5090 7'?
3120 5050 3183 5090 ac
3233 5037 3411 5107 primo
3448 5038 3667 5108 quidem

2096 5126 2256 5197 ponit
2301 5126 2555 5196 spiritum
2612 5126 2733 5181 Filii
2775 5127 2871 5196 qui
2931 5137 3018 5182 est
3066 5128 3236 5184 facies
3286 5129 3485 5193 Patris,
3541 5131 3669 5200 quia

2095 5215 2262 5272 estin
2307 5216 2489 5277 Patre,
2520 5216 2590 5269 et‘
2625 5216 2787 5270 Pater
2821 5216 2877 5270 in
2904 5216 3059 5286 ipso;
3088 5232 3201 5273 non
3228 5227 3412 5274 autem
3449 5229 3671 5290 separat

2096 5307 2400 5380 energiam,
2451 5307 2504 5361 id
2553 5316 2657 5371 est,
2707 5309 3110 5379 operationem,
3159 5312 3245 5367 vel
3298 5311 3498 5367 dividit
3536 5313 3669 5367 sub-

2098 5401 2380 5467 stantiam,
2421 5399 2514 5455 sed
2552 5400 2730 5456 solum
2769 5401 3059 5472 distinguit
3091 5402 3432 5475 hypostases,
3461 5402 3668 5474 signiti-

493 5566 535 5597 "
554 5566 709 5621 Joan.
731 5582 843 5632 xw,
868 5566 956 5622 26.
1035 5565 1080 5598 ⁸⁸
1101 5565 1259 5621 Joan.
1284 5579 1393 5628 xvi,
1416 5562 1470 5616 7.
1546 5563 1590 5593 ⁶⁹
1621 5561 1762 5616 Psal.
1787 5575 1897 5626 Clit,
1923 5557 1982 5615 5G

2086 5558 2130 5590 ⁷⁸
2157 5556 2259 5613 lsa.
2288 5573 2470 5621 mni,
2496 5556 2582 5611 16.
2662 5558 2702 5590 ⁷³
2726 5557 2883 5614 Joan.
2914 5575 2988 5626 ιν,
3020 5559 3108 5615 24.
3187 5561 3248 5592 ⁷¹⁶
3276 5558 3478 5630 Ephes.
3512 5574 3586 5626 tv,
3611 5556 3665 5614 6.

415 5636 461 5669 "
491 5635 635 5695 Psal.
670 5652 926 5703 cxxxvm,
959 5637 1012 5691 7.

1699 5765 1783 5819 VA
1796 5764 1935 5821 ΒΙᾸΞ
1970 5760 2375 5818 LECTIONES.

405 5848 409 5852 ’
495 5874 522 5901 ⁸³
550 5864 746 5936 Ejusd.
789 5874 902 5921 nat.
942 5856 1631 5936 aupepuéq,_connaturalis.

1719 5866 1746 5906 Ρ
1776 5854 2002 5932 Cagnat.
2048 5852 2385 5924 συγγένειαν.
2461 5862 2487 5900 τι
2522 5850 2807 5922 Principio.
2843 5850 2919 5921 τῷ
2954 5852 3128 5923 αἰτίῳ.
