  <div class='ocr_page' id='page_1' title='image "/cluster/home/n/w/nwhite01/storage/ocr_20150623/89/hvd.32044010610574/671.png"; bbox 0 0 4072 6582; ppageno 0'>
   <div class='ocr_carea' id='block_1_1' title="bbox 458 384 3721 463">
    <p class='ocr_par' dir='ltr' id='par_1_1' title="bbox 458 384 3721 463">
     <span class='ocr_line' id='line_1_1' title="bbox 458 384 3721 463; baseline -0.004 0"><span class='ocrx_word' id='word_1_1' title='bbox 458 397 591 463; x_wconf 73' lang='grc'>1227</span> <span class='ocrx_word' id='word_1_2' title='bbox 1585 396 1645 457; x_wconf 92' lang='lat' dir='ltr'><strong>S.</strong></span> <span class='ocrx_word' id='word_1_3' title='bbox 1683 393 2083 457; x_wconf 82' lang='lat' dir='ltr'><strong>ANASTASII</strong></span> <span class='ocrx_word' id='word_1_4' title='bbox 2124 392 2589 455; x_wconf 83' lang='lat' dir='ltr'><strong>ANTIOCHENI</strong></span> <span class='ocrx_word' id='word_1_5' title='bbox 3580 384 3721 449; x_wconf 66' lang='lat'><strong>1228</strong></span> 
     </span>
    </p>
   </div>
   <div class='ocr_carea' id='block_1_2' title="bbox 454 494 3724 572">
    <p class='ocr_par' dir='ltr' id='par_1_2' title="bbox 454 494 3724 572">
     <span class='ocr_line' id='line_1_2' title="bbox 454 494 3724 572; baseline -0.003 -9"><span class='ocrx_word' id='word_1_6' title='bbox 454 524 589 565; x_wconf 87' lang='lat' dir='ltr'><strong>cans</strong></span> <span class='ocrx_word' id='word_1_7' title='bbox 638 522 747 561; x_wconf 90' lang='lat' dir='ltr'><strong>non</strong></span> <span class='ocrx_word' id='word_1_8' title='bbox 782 520 904 561; x_wconf 92' lang='lat' dir='ltr'><strong>esse</strong></span> <span class='ocrx_word' id='word_1_9' title='bbox 964 501 1245 559; x_wconf 79' lang='lat' dir='ltr'><strong>confusas.</strong></span> <span class='ocrx_word' id='word_1_10' title='bbox 1290 501 1441 557; x_wconf 80' lang='lat' dir='ltr'><strong>Dixit</strong></span> <span class='ocrx_word' id='word_1_11' title='bbox 1484 512 1758 572; x_wconf 66' lang='lat' dir='ltr'><strong>praeterea</strong></span> <span class='ocrx_word' id='word_1_12' title='bbox 1798 501 1945 557; x_wconf 90' lang='lat' dir='ltr'><strong>idem</strong></span> <span class='ocrx_word' id='word_1_13' title='bbox 1982 500 2037 554; x_wconf 91' lang='lat' dir='ltr'><strong>in</strong></span> <span class='ocrx_word' id='word_1_14' title='bbox 2068 504 2113 561; x_wconf 76' lang='grc' dir='ltr'>Α</span> <span class='ocrx_word' id='word_1_15' title='bbox 2144 501 2504 571; x_wconf 68' lang='lat' dir='ltr'><strong>intelligatur,</strong></span> <span class='ocrx_word' id='word_1_16' title='bbox 2556 512 2614 556; x_wconf 89' lang='lat' dir='ltr'><strong>et</strong></span> <span class='ocrx_word' id='word_1_17' title='bbox 2649 501 2811 554; x_wconf 85' lang='lat' dir='ltr'><strong>Pater</strong></span> <span class='ocrx_word' id='word_1_18' title='bbox 2866 514 3054 554; x_wconf 83' lang='lat' dir='ltr'><strong>secum</strong></span> <span class='ocrx_word' id='word_1_19' title='bbox 3101 497 3328 552; x_wconf 91' lang='lat' dir='ltr'><strong>inducat</strong></span> <span class='ocrx_word' id='word_1_20' title='bbox 3376 494 3617 563; x_wconf 87' lang='lat' dir='ltr'><strong>Filium;</strong></span> <span class='ocrx_word' id='word_1_21' title='bbox 3659 506 3724 553; x_wconf 86' lang='lat' dir='ltr'><strong>et</strong></span> 
     </span>
    </p>
   </div>
   <div class='ocr_carea' id='block_1_3' title="bbox 452 594 2042 665">
    <p class='ocr_par' dir='ltr' id='par_1_3' title="bbox 452 594 2042 665">
     <span class='ocr_line' id='line_1_3' title="bbox 452 594 2042 665; baseline -0.009 -9"><span class='ocrx_word' id='word_1_22' title='bbox 452 603 565 657; x_wconf 89' lang='lat' dir='ltr'><strong>alio</strong></span> <span class='ocrx_word' id='word_1_23' title='bbox 596 601 719 654; x_wconf 90' lang='lat' dir='ltr'><strong>loco</strong></span> <span class='ocrx_word' id='word_1_24' title='bbox 754 615 770 651; x_wconf 91' lang='lat'><strong>:</strong></span> <span class='ocrx_word' id='word_1_25' title='bbox 802 595 1014 651; x_wconf 83' lang='lat' dir='ltr'><strong>Faciem</strong></span> <span class='ocrx_word' id='word_1_26' title='bbox 1042 605 1212 661; x_wconf 83' lang='lat' dir='ltr'><strong>tuam,</strong></span> <span class='ocrx_word' id='word_1_27' title='bbox 1248 594 1492 661; x_wconf 80' lang='lat' dir='ltr'><strong>Domine,</strong></span> <span class='ocrx_word' id='word_1_28' title='bbox 1540 595 1814 665; x_wconf 79' lang='lat' dir='ltr'><strong>requiram</strong></span> <span class='ocrx_word' id='word_1_29' title='bbox 1856 594 1939 660; x_wconf 70' lang='lat'><strong>7&#39;;</strong></span> <span class='ocrx_word' id='word_1_30' title='bbox 1984 602 2042 647; x_wconf 88' lang='lat' dir='ltr'><strong>et</strong></span> 
     </span>
    </p>
   </div>
   <div class='ocr_carea' id='block_1_4' title="bbox 459 686 2041 761">
    <p class='ocr_par' dir='ltr' id='par_1_4' title="bbox 459 686 2041 761">
     <span class='ocr_line' id='line_1_4' title="bbox 459 686 2041 761; baseline -0.006 -12"><span class='ocrx_word' id='word_1_31' title='bbox 459 708 656 749; x_wconf 79' lang='lat' dir='ltr'><strong>rursus</strong></span> <span class='ocrx_word' id='word_1_32' title='bbox 688 710 702 746; x_wconf 89' lang='lat'><strong>:</strong></span> <span class='ocrx_word' id='word_1_33' title='bbox 742 690 1066 761; x_wconf 83' lang='lat' dir='ltr'><strong>Deprecatus</strong></span> <span class='ocrx_word' id='word_1_34' title='bbox 1097 705 1217 744; x_wconf 79' lang='lat' dir='ltr'><strong>sum</strong></span> <span class='ocrx_word' id='word_1_35' title='bbox 1265 688 1453 759; x_wconf 77' lang='lat' dir='ltr'><strong>{aciem</strong></span> <span class='ocrx_word' id='word_1_36' title='bbox 1483 698 1633 743; x_wconf 90' lang='lat' dir='ltr'><strong>tuam</strong></span> <span class='ocrx_word' id='word_1_37' title='bbox 1660 687 1718 742; x_wconf 91' lang='lat' dir='ltr'><strong>in</strong></span> <span class='ocrx_word' id='word_1_38' title='bbox 1747 694 1853 742; x_wconf 89' lang='lat' dir='ltr'><strong>toto</strong></span> <span class='ocrx_word' id='word_1_39' title='bbox 1883 686 2041 741; x_wconf 86' lang='lat' dir='ltr'><strong>corde</strong></span> 
     </span>
    </p>
   </div>
   <div class='ocr_carea' id='block_1_5' title="bbox 458 778 2041 851">
    <p class='ocr_par' dir='ltr' id='par_1_5' title="bbox 458 778 2041 851">
     <span class='ocr_line' id='line_1_5' title="bbox 458 778 2041 851; baseline -0.006 -10"><span class='ocrx_word' id='word_1_40' title='bbox 458 804 572 841; x_wconf 86' lang='lat' dir='ltr'><strong>meo</strong></span> <span class='ocrx_word' id='word_1_41' title='bbox 620 785 690 839; x_wconf 70' lang='grc'><strong>⁷⁸.</strong></span> <span class='ocrx_word' id='word_1_42' title='bbox 747 784 871 839; x_wconf 84' lang='lat' dir='ltr'><strong>Non</strong></span> <span class='ocrx_word' id='word_1_43' title='bbox 916 782 1068 838; x_wconf 91' lang='lat' dir='ltr'><strong>enim</strong></span> <span class='ocrx_word' id='word_1_44' title='bbox 1115 789 1328 851; x_wconf 89' lang='lat' dir='ltr'><strong>partem</strong></span> <span class='ocrx_word' id='word_1_45' title='bbox 1389 778 1665 850; x_wconf 89' lang='lat' dir='ltr'><strong>corporis,</strong></span> <span class='ocrx_word' id='word_1_46' title='bbox 1714 788 1813 833; x_wconf 91' lang='lat' dir='ltr'><strong>aut</strong></span> <span class='ocrx_word' id='word_1_47' title='bbox 1858 778 2041 833; x_wconf 87' lang='lat' dir='ltr'><strong>locum</strong></span> 
     </span>
    </p>
   </div>
   <div class='ocr_carea' id='block_1_6' title="bbox 457 870 2041 942">
    <p class='ocr_par' dir='ltr' id='par_1_6' title="bbox 457 870 2041 942">
     <span class='ocr_line' id='line_1_6' title="bbox 457 870 2041 942; baseline -0.007 -7"><span class='ocrx_word' id='word_1_48' title='bbox 457 893 725 935; x_wconf 85' lang='lat' dir='ltr'><strong>sensuum</strong></span> <span class='ocrx_word' id='word_1_49' title='bbox 761 876 898 932; x_wconf 83' lang='lat' dir='ltr'><strong>dicit</strong></span> <span class='ocrx_word' id='word_1_50' title='bbox 925 890 1048 932; x_wconf 88' lang='lat' dir='ltr'><strong>esse</strong></span> <span class='ocrx_word' id='word_1_51' title='bbox 1075 874 1273 930; x_wconf 80' lang='lat' dir='ltr'><strong>faciem</strong></span> <span class='ocrx_word' id='word_1_52' title='bbox 1301 872 1518 939; x_wconf 83' lang='lat' dir='ltr'><strong>Patris;</strong></span> <span class='ocrx_word' id='word_1_53' title='bbox 1554 871 1650 927; x_wconf 89' lang='lat' dir='ltr'><strong>sed</strong></span> <span class='ocrx_word' id='word_1_54' title='bbox 1691 870 2041 942; x_wconf 89' lang='lat' dir='ltr'><strong>unigenitum</strong></span> 
     </span>
    </p>
   </div>
   <div class='ocr_carea' id='block_1_7' title="bbox 459 963 2041 1038">
    <p class='ocr_par' dir='ltr' id='par_1_7' title="bbox 459 963 2041 1038">
     <span class='ocr_line' id='line_1_7' title="bbox 459 963 2041 1038; baseline -0.004 -13"><span class='ocrx_word' id='word_1_55' title='bbox 459 970 728 1034; x_wconf 83' lang='lat' dir='ltr'><strong>Verbum,</strong></span> <span class='ocrx_word' id='word_1_56' title='bbox 778 967 875 1038; x_wconf 87' lang='lat' dir='ltr'><strong>qui</strong></span> <span class='ocrx_word' id='word_1_57' title='bbox 901 966 1115 1038; x_wconf 90' lang='lat' dir='ltr'><strong>judicat</strong></span> <span class='ocrx_word' id='word_1_58' title='bbox 1147 966 1333 1020; x_wconf 88' lang='lat' dir='ltr'><strong>omnia</strong></span> <span class='ocrx_word' id='word_1_59' title='bbox 1361 964 1667 1019; x_wconf 89' lang='lat' dir='ltr'><strong>secundum</strong></span> <span class='ocrx_word' id='word_1_60' title='bbox 1698 963 2041 1019; x_wconf 79' lang='lat' dir='ltr'><strong>voluntatem</strong></span> 
     </span>
    </p>
   </div>
   <div class='ocr_carea' id='block_1_8' title="bbox 460 1055 2042 1126">
    <p class='ocr_par' dir='ltr' id='par_1_8' title="bbox 460 1055 2042 1126">
     <span class='ocr_line' id='line_1_8' title="bbox 460 1055 2042 1126; baseline -0.006 -8"><span class='ocrx_word' id='word_1_61' title='bbox 460 1062 642 1118; x_wconf 88' lang='lat' dir='ltr'><strong>Patris</strong></span> <span class='ocrx_word' id='word_1_62' title='bbox 683 1060 794 1126; x_wconf 89' lang='lat' dir='ltr'><strong>sui,</strong></span> <span class='ocrx_word' id='word_1_63' title='bbox 826 1059 970 1114; x_wconf 87' lang='lat' dir='ltr'><strong>sicut</strong></span> <span class='ocrx_word' id='word_1_64' title='bbox 1018 1057 1167 1114; x_wconf 90' lang='lat' dir='ltr'><strong>idem</strong></span> <span class='ocrx_word' id='word_1_65' title='bbox 1211 1057 1385 1111; x_wconf 86' lang='lat' dir='ltr'><strong>David</strong></span> <span class='ocrx_word' id='word_1_66' title='bbox 1436 1055 1578 1112; x_wconf 82' lang='lat' dir='ltr'><strong>dixit</strong></span> <span class='ocrx_word' id='word_1_67' title='bbox 1626 1072 1640 1110; x_wconf 90' lang='lat'><strong>:</strong></span> <span class='ocrx_word' id='word_1_68' title='bbox 1680 1055 1725 1113; x_wconf 83' lang='lat' dir='ltr'><strong><em>A</em></strong></span> <span class='ocrx_word' id='word_1_69' title='bbox 1767 1055 1902 1125; x_wconf 79' lang='lat' dir='ltr'><strong>facie</strong></span> <span class='ocrx_word' id='word_1_70' title='bbox 1949 1064 2042 1109; x_wconf 88' lang='lat' dir='ltr'><strong>tua</strong></span> 
     </span>
    </p>
   </div>
   <div class='ocr_carea' id='block_1_9' title="bbox 463 1146 2044 1226">
    <p class='ocr_par' dir='ltr' id='par_1_9' title="bbox 463 1146 2044 1226">
     <span class='ocr_line' id='line_1_9' title="bbox 463 1146 2044 1226; baseline -0.005 -16"><span class='ocrx_word' id='word_1_71' title='bbox 463 1155 718 1226; x_wconf 78' lang='lat' dir='ltr'><strong>judicium</strong></span> <span class='ocrx_word' id='word_1_72' title='bbox 744 1168 921 1208; x_wconf 87' lang='lat' dir='ltr'><strong>meum</strong></span> <span class='ocrx_word' id='word_1_73' title='bbox 951 1160 1107 1205; x_wconf 64' lang='lat' dir='ltr'><strong>exeat</strong></span> <span class='ocrx_word' id='word_1_74' title='bbox 1135 1151 1204 1204; x_wconf 81' lang='lat'><strong>&quot;.</strong></span> <span class='ocrx_word' id='word_1_75' title='bbox 1239 1149 1429 1205; x_wconf 82' lang='lat' dir='ltr'><strong>Facies</strong></span> <span class='ocrx_word' id='word_1_76' title='bbox 1453 1148 1622 1219; x_wconf 81' lang='lat' dir='ltr'><strong>igitur</strong></span> <span class='ocrx_word' id='word_1_77' title='bbox 1654 1146 1837 1203; x_wconf 83' lang='lat' dir='ltr'><strong>Patris</strong></span> <span class='ocrx_word' id='word_1_78' title='bbox 1869 1146 2044 1202; x_wconf 88' lang='lat' dir='ltr'><strong>Filius</strong></span> 
     </span>
    </p>
   </div>
   <div class='ocr_carea' id='block_1_10' title="bbox 461 1237 2044 1313">
    <p class='ocr_par' dir='ltr' id='par_1_10' title="bbox 461 1237 2044 1313">
     <span class='ocr_line' id='line_1_10' title="bbox 461 1237 2044 1313; baseline -0.006 -13"><span class='ocrx_word' id='word_1_79' title='bbox 461 1245 692 1309; x_wconf 86' lang='lat' dir='ltr'><strong>dicitur,</strong></span> <span class='ocrx_word' id='word_1_80' title='bbox 739 1252 999 1313; x_wconf 83' lang='lat' dir='ltr'><strong>tanquam</strong></span> <span class='ocrx_word' id='word_1_81' title='bbox 1040 1241 1222 1311; x_wconf 83' lang='lat' dir='ltr'><strong>imago</strong></span> <span class='ocrx_word' id='word_1_82' title='bbox 1245 1250 1302 1295; x_wconf 94' lang='lat' dir='ltr'><strong>et</strong></span> <span class='ocrx_word' id='word_1_83' title='bbox 1332 1240 1621 1295; x_wconf 83' lang='lat' dir='ltr'><strong>character</strong></span> <span class='ocrx_word' id='word_1_84' title='bbox 1649 1239 1789 1310; x_wconf 87' lang='lat' dir='ltr'><strong>ejus,</strong></span> <span class='ocrx_word' id='word_1_85' title='bbox 1816 1237 1911 1308; x_wconf 88' lang='lat' dir='ltr'><strong>qui</strong></span> <span class='ocrx_word' id='word_1_86' title='bbox 1946 1251 2044 1307; x_wconf 84' lang='lat' dir='ltr'><strong>po-</strong></span> 
     </span>
    </p>
   </div>
   <div class='ocr_carea' id='block_1_11' title="bbox 464 1327 2042 1405">
    <p class='ocr_par' dir='ltr' id='par_1_11' title="bbox 464 1327 2042 1405">
     <span class='ocr_line' id='line_1_11' title="bbox 464 1327 2042 1405; baseline -0.008 -12"><span class='ocrx_word' id='word_1_87' title='bbox 464 1347 717 1393; x_wconf 84' lang='lat' dir='ltr'><strong>testatem</strong></span> <span class='ocrx_word' id='word_1_88' title='bbox 764 1336 933 1391; x_wconf 84' lang='lat' dir='ltr'><strong>habet</strong></span> <span class='ocrx_word' id='word_1_89' title='bbox 974 1349 1139 1405; x_wconf 87' lang='lat' dir='ltr'><strong>quam</strong></span> <span class='ocrx_word' id='word_1_90' title='bbox 1173 1348 1202 1387; x_wconf 91' lang='lat' dir='ltr'><strong>a</strong></span> <span class='ocrx_word' id='word_1_91' title='bbox 1252 1333 1416 1387; x_wconf 86' lang='lat' dir='ltr'><strong>Patre</strong></span> <span class='ocrx_word' id='word_1_92' title='bbox 1461 1332 1693 1401; x_wconf 88' lang='lat' dir='ltr'><strong>accepit,</strong></span> <span class='ocrx_word' id='word_1_93' title='bbox 1730 1327 2042 1400; x_wconf 90' lang='lat' dir='ltr'><strong>judicandi,</strong></span> 
     </span>
    </p>
   </div>
   <div class='ocr_carea' id='block_1_12' title="bbox 461 1421 2047 1497">
    <p class='ocr_par' dir='ltr' id='par_1_12' title="bbox 461 1421 2047 1497">
     <span class='ocr_line' id='line_1_12' title="bbox 461 1421 2047 1497; baseline -0.009 -12"><span class='ocrx_word' id='word_1_94' title='bbox 461 1430 603 1486; x_wconf 87' lang='lat' dir='ltr'><strong>sicut</strong></span> <span class='ocrx_word' id='word_1_95' title='bbox 641 1428 911 1497; x_wconf 88' lang='lat' dir='ltr'><strong>scriptum</strong></span> <span class='ocrx_word' id='word_1_96' title='bbox 947 1435 1035 1480; x_wconf 88' lang='lat' dir='ltr'><strong>est</strong></span> <span class='ocrx_word' id='word_1_97' title='bbox 1072 1443 1085 1478; x_wconf 87' lang='lat'><strong>:</strong></span> <span class='ocrx_word' id='word_1_98' title='bbox 1120 1423 1302 1478; x_wconf 83' lang='lat' dir='ltr'><strong>Facies</strong></span> <span class='ocrx_word' id='word_1_99' title='bbox 1357 1422 1571 1477; x_wconf 84' lang='lat' dir='ltr'><strong>Domini</strong></span> <span class='ocrx_word' id='word_1_100' title='bbox 1598 1437 1758 1491; x_wconf 83' lang='lat' dir='ltr'><strong>super</strong></span> <span class='ocrx_word' id='word_1_101' title='bbox 1787 1421 2047 1491; x_wconf 78' lang='lat' dir='ltr'><strong>facientes</strong></span> 
     </span>
    </p>
   </div>
   <div class='ocr_carea' id='block_1_13' title="bbox 462 1510 2045 1587">
    <p class='ocr_par' dir='ltr' id='par_1_13' title="bbox 462 1510 2045 1587">
     <span class='ocr_line' id='line_1_13' title="bbox 462 1510 2045 1587; baseline -0.008 -10"><span class='ocrx_word' id='word_1_102' title='bbox 462 1522 631 1587; x_wconf 87' lang='lat' dir='ltr'><strong>mala,</strong></span> <span class='ocrx_word' id='word_1_103' title='bbox 672 1531 728 1575; x_wconf 92' lang='lat' dir='ltr'><strong>ut</strong></span> <span class='ocrx_word' id='word_1_104' title='bbox 776 1518 950 1573; x_wconf 78' lang='lat' dir='ltr'><strong>deleat</strong></span> <span class='ocrx_word' id='word_1_105' title='bbox 1001 1517 1065 1571; x_wconf 89' lang='lat' dir='ltr'><strong>de</strong></span> <span class='ocrx_word' id='word_1_106' title='bbox 1096 1525 1240 1570; x_wconf 84' lang='lat' dir='ltr'><strong>terra</strong></span> <span class='ocrx_word' id='word_1_107' title='bbox 1296 1515 1607 1569; x_wconf 86' lang='lat' dir='ltr'><strong>memoriam</strong></span> <span class='ocrx_word' id='word_1_108' title='bbox 1637 1528 1819 1567; x_wconf 86' lang='lat' dir='ltr'><strong>eorum</strong></span> <span class='ocrx_word' id='word_1_109' title='bbox 1841 1512 1917 1575; x_wconf 70' lang='lat'><strong>7“;</strong></span> <span class='ocrx_word' id='word_1_110' title='bbox 1944 1510 2045 1566; x_wconf 81' lang='lat' dir='ltr'><strong>sed</strong></span> 
     </span>
    </p>
   </div>
   <div class='ocr_carea' id='block_1_14' title="bbox 459 1603 2044 1669">
    <p class='ocr_par' dir='ltr' id='par_1_14' title="bbox 459 1603 2044 1669">
     <span class='ocr_line' id='line_1_14' title="bbox 459 1603 2044 1669; baseline -0.009 -2"><span class='ocrx_word' id='word_1_111' title='bbox 459 1614 607 1669; x_wconf 83' lang='lat' dir='ltr'><strong>sicut</strong></span> <span class='ocrx_word' id='word_1_112' title='bbox 652 1611 823 1667; x_wconf 82' lang='lat' dir='ltr'><strong>facies</strong></span> <span class='ocrx_word' id='word_1_113' title='bbox 859 1608 1079 1665; x_wconf 90' lang='lat' dir='ltr'><strong>Domini</strong></span> <span class='ocrx_word' id='word_1_114' title='bbox 1132 1607 1313 1662; x_wconf 88' lang='lat' dir='ltr'><strong>malos</strong></span> <span class='ocrx_word' id='word_1_115' title='bbox 1354 1604 1504 1659; x_wconf 89' lang='lat' dir='ltr'><strong>delet</strong></span> <span class='ocrx_word' id='word_1_116' title='bbox 1540 1603 1610 1659; x_wconf 91' lang='lat' dir='ltr'><strong>dc</strong></span> <span class='ocrx_word' id='word_1_117' title='bbox 1644 1614 1813 1666; x_wconf 89' lang='lat' dir='ltr'><strong>terra,</strong></span> <span class='ocrx_word' id='word_1_118' title='bbox 1842 1615 1952 1655; x_wconf 90' lang='lat' dir='ltr'><strong>non</strong></span> <span class='ocrx_word' id='word_1_119' title='bbox 1981 1606 2044 1654; x_wconf 80' lang='lat' dir='ltr'><strong>ut</strong></span> 
     </span>
    </p>
   </div>
   <div class='ocr_carea' id='block_1_15' title="bbox 460 1692 2094 1763">
    <p class='ocr_par' dir='ltr' id='par_1_15' title="bbox 460 1692 2094 1763">
     <span class='ocr_line' id='line_1_15' title="bbox 460 1692 2094 1763; baseline -0.007 -6"><span class='ocrx_word' id='word_1_120' title='bbox 460 1704 603 1759; x_wconf 82' lang='lat' dir='ltr'><strong>nihil</strong></span> <span class='ocrx_word' id='word_1_121' title='bbox 623 1701 849 1757; x_wconf 92' lang='lat' dir='ltr'><strong>omnino</strong></span> <span class='ocrx_word' id='word_1_122' title='bbox 888 1708 1039 1763; x_wconf 91' lang='lat' dir='ltr'><strong>sunt,</strong></span> <span class='ocrx_word' id='word_1_123' title='bbox 1067 1698 1164 1753; x_wconf 89' lang='lat' dir='ltr'><strong>sed</strong></span> <span class='ocrx_word' id='word_1_124' title='bbox 1201 1706 1260 1752; x_wconf 92' lang='lat' dir='ltr'><strong>ut</strong></span> <span class='ocrx_word' id='word_1_125' title='bbox 1291 1711 1402 1751; x_wconf 90' lang='lat' dir='ltr'><strong>non</strong></span> <span class='ocrx_word' id='word_1_126' title='bbox 1430 1695 1541 1751; x_wconf 92' lang='lat' dir='ltr'><strong>sint</strong></span> <span class='ocrx_word' id='word_1_127' title='bbox 1569 1693 1735 1759; x_wconf 88' lang='lat' dir='ltr'><strong>mali;</strong></span> <span class='ocrx_word' id='word_1_128' title='bbox 1767 1692 1848 1749; x_wconf 88' lang='lat' dir='ltr'><strong>sic</strong></span> <span class='ocrx_word' id='word_1_129' title='bbox 1875 1692 2043 1747; x_wconf 90' lang='lat' dir='ltr'><strong>etiam</strong></span> <span class='ocrx_word' id='word_1_130' title='bbox 2088 1714 2094 1721; x_wconf 82' lang='lat'><strong><em>-</em></strong></span> 
     </span>
    </p>
   </div>
   <div class='ocr_carea' id='block_1_16' title="bbox 2145 589 3729 662">
    <p class='ocr_par' dir='ltr' id='par_1_16' title="bbox 2145 589 3729 662">
     <span class='ocr_line' id='line_1_16' title="bbox 2145 589 3729 662; baseline -0.003 -15"><span class='ocrx_word' id='word_1_131' title='bbox 2145 590 2388 662; x_wconf 88' lang='lat' dir='ltr'><strong>Spiritus</strong></span> <span class='ocrx_word' id='word_1_132' title='bbox 2413 600 2642 647; x_wconf 89' lang='lat' dir='ltr'><strong>sanctus</strong></span> <span class='ocrx_word' id='word_1_133' title='bbox 2687 606 2813 645; x_wconf 90' lang='lat' dir='ltr'><strong>cum</strong></span> <span class='ocrx_word' id='word_1_134' title='bbox 2849 591 3009 647; x_wconf 87' lang='lat' dir='ltr'><strong>Patre</strong></span> <span class='ocrx_word' id='word_1_135' title='bbox 3028 601 3084 646; x_wconf 89' lang='lat' dir='ltr'><strong>et</strong></span> <span class='ocrx_word' id='word_1_136' title='bbox 3128 591 3270 645; x_wconf 86' lang='lat' dir='ltr'><strong>Filio</strong></span> <span class='ocrx_word' id='word_1_137' title='bbox 3294 589 3458 644; x_wconf 87' lang='lat' dir='ltr'><strong>simul</strong></span> <span class='ocrx_word' id='word_1_138' title='bbox 3493 590 3729 645; x_wconf 79' lang='lat' dir='ltr'><strong>exsistat</strong></span> 
     </span>
    </p>
   </div>
   <div class='ocr_carea' id='block_1_17' title="bbox 2146 682 3734 753">
    <p class='ocr_par' dir='ltr' id='par_1_17' title="bbox 2146 682 3734 753">
     <span class='ocr_line' id='line_1_17' title="bbox 2146 682 3734 753; baseline 0 -16"><span class='ocrx_word' id='word_1_139' title='bbox 2146 691 2405 753; x_wconf 89' lang='lat' dir='ltr'><strong>tanquam</strong></span> <span class='ocrx_word' id='word_1_140' title='bbox 2453 699 2581 738; x_wconf 87' lang='lat' dir='ltr'><strong>cum</strong></span> <span class='ocrx_word' id='word_1_141' title='bbox 2618 692 2803 740; x_wconf 88' lang='lat' dir='ltr'><strong>mente</strong></span> <span class='ocrx_word' id='word_1_142' title='bbox 2838 691 2897 739; x_wconf 91' lang='lat' dir='ltr'><strong>ct</strong></span> <span class='ocrx_word' id='word_1_143' title='bbox 2959 683 3157 739; x_wconf 88' lang='lat' dir='ltr'><strong>Verbo.</strong></span> <span class='ocrx_word' id='word_1_144' title='bbox 3200 682 3420 738; x_wconf 86' lang='lat' dir='ltr'><strong>Etenim</strong></span> <span class='ocrx_word' id='word_1_145' title='bbox 3454 682 3734 737; x_wconf 87' lang='lat' dir='ltr'><strong>Dominus</strong></span> 
     </span>
    </p>
   </div>
   <div class='ocr_carea' id='block_1_18' title="bbox 2142 774 3733 847">
    <p class='ocr_par' dir='ltr' id='par_1_18' title="bbox 2142 774 3733 847">
     <span class='ocr_line' id='line_1_18' title="bbox 2142 774 3733 847; baseline -0.002 -15"><span class='ocrx_word' id='word_1_146' title='bbox 2142 775 2536 832; x_wconf 86' lang='lat' dir='ltr'><strong>demonstrans</strong></span> <span class='ocrx_word' id='word_1_147' title='bbox 2565 793 2633 832; x_wconf 82' lang='lat' dir='ltr'><strong>ex</strong></span> <span class='ocrx_word' id='word_1_148' title='bbox 2664 793 2724 833; x_wconf 90' lang='lat' dir='ltr'><strong>se</strong></span> <span class='ocrx_word' id='word_1_149' title='bbox 2764 778 2886 847; x_wconf 90' lang='lat' dir='ltr'><strong>ipso</strong></span> <span class='ocrx_word' id='word_1_150' title='bbox 2911 777 3093 847; x_wconf 92' lang='lat' dir='ltr'><strong>ipsum</strong></span> <span class='ocrx_word' id='word_1_151' title='bbox 3112 775 3405 841; x_wconf 78' lang='lat' dir='ltr'><strong>exsistere,</strong></span> <span class='ocrx_word' id='word_1_152' title='bbox 3438 774 3733 830; x_wconf 83' lang='lat' dir='ltr'><strong>insumans</strong></span> 
     </span>
    </p>
   </div>
   <div class='ocr_carea' id='block_1_19' title="bbox 2143 856 3733 941">
    <p class='ocr_par' dir='ltr' id='par_1_19' title="bbox 2143 856 3733 941">
     <span class='ocr_line' id='line_1_19' title="bbox 2143 856 3733 941; baseline -0.002 -17"><span class='ocrx_word' id='word_1_153' title='bbox 2143 868 2432 939; x_wconf 85' lang='lat' dir='ltr'><strong>discipulis</strong></span> <span class='ocrx_word' id='word_1_154' title='bbox 2453 869 2628 926; x_wconf 83' lang='lat' dir='ltr'><strong>dixit:</strong></span> <span class='ocrx_word' id='word_1_155' title='bbox 2648 856 2880 941; x_wconf 72' lang='lat' dir='ltr'><strong>Accipite</strong></span> <span class='ocrx_word' id='word_1_156' title='bbox 2903 868 3164 941; x_wconf 84' lang='lat' dir='ltr'><strong>Spiritum</strong></span> <span class='ocrx_word' id='word_1_157' title='bbox 3183 876 3428 923; x_wconf 82' lang='lat' dir='ltr'><strong>sanctum</strong></span> <span class='ocrx_word' id='word_1_158' title='bbox 3444 868 3485 899; x_wconf 77' lang='grc'><strong>³⁸</strong></span> <span class='ocrx_word' id='word_1_159' title='bbox 3510 885 3527 933; x_wconf 87' lang='grc'>;</span> <span class='ocrx_word' id='word_1_160' title='bbox 3559 882 3733 938; x_wconf 86' lang='lat' dir='ltr'><strong>quem</strong></span> 
     </span>
    </p>
   </div>
   <div class='ocr_carea' id='block_1_20' title="bbox 2142 962 3734 1035">
    <p class='ocr_par' dir='ltr' id='par_1_20' title="bbox 2142 962 3734 1035">
     <span class='ocr_line' id='line_1_20' title="bbox 2142 962 3734 1035; baseline -0.003 -17"><span class='ocrx_word' id='word_1_161' title='bbox 2142 962 2369 1033; x_wconf 83' lang='lat' dir='ltr'><strong>quidem</strong></span> <span class='ocrx_word' id='word_1_162' title='bbox 2392 962 2494 1035; x_wconf 87' lang='lat' dir='ltr'><strong>ipsi</strong></span> <span class='ocrx_word' id='word_1_163' title='bbox 2517 962 2778 1034; x_wconf 84' lang='lat' dir='ltr'><strong>discipuli</strong></span> <span class='ocrx_word' id='word_1_164' title='bbox 2801 962 3050 1018; x_wconf 88' lang='lat' dir='ltr'><strong>adhibita</strong></span> <span class='ocrx_word' id='word_1_165' title='bbox 3074 962 3393 1033; x_wconf 87' lang='lat' dir='ltr'><strong>precatione</strong></span> <span class='ocrx_word' id='word_1_166' title='bbox 3419 977 3519 1033; x_wconf 89' lang='lat' dir='ltr'><strong>per</strong></span> <span class='ocrx_word' id='word_1_167' title='bbox 3548 962 3734 1031; x_wconf 86' lang='lat' dir='ltr'><strong>impo-</strong></span> 
     </span>
    </p>
   </div>
   <div class='ocr_carea' id='block_1_21' title="bbox 2140 1055 3742 1125">
    <p class='ocr_par' dir='ltr' id='par_1_21' title="bbox 2140 1055 3742 1125">
     <span class='ocr_line' id='line_1_21' title="bbox 2140 1055 3742 1125; baseline -0.002 -13"><span class='ocrx_word' id='word_1_168' title='bbox 2140 1057 2401 1113; x_wconf 87' lang='lat' dir='ltr'><strong>sitionem</strong></span> <span class='ocrx_word' id='word_1_169' title='bbox 2431 1072 2695 1112; x_wconf 83' lang='lat' dir='ltr'><strong>manuum</strong></span> <span class='ocrx_word' id='word_1_170' title='bbox 2732 1056 3093 1112; x_wconf 88' lang='lat' dir='ltr'><strong>credentibus</strong></span> <span class='ocrx_word' id='word_1_171' title='bbox 3126 1056 3469 1111; x_wconf 86' lang='lat' dir='ltr'><strong>tribuebant.</strong></span> <span class='ocrx_word' id='word_1_172' title='bbox 3500 1055 3582 1109; x_wconf 80' lang='lat' dir='ltr'><strong>Ex</strong></span> <span class='ocrx_word' id='word_1_173' title='bbox 3617 1069 3742 1125; x_wconf 87' lang='lat' dir='ltr'><strong>quo</strong></span> 
     </span>
    </p>
   </div>
   <div class='ocr_carea' id='block_1_22' title="bbox 2139 1148 3739 1219">
    <p class='ocr_par' dir='ltr' id='par_1_22' title="bbox 2139 1148 3739 1219">
     <span class='ocr_line' id='line_1_22' title="bbox 2139 1148 3739 1219; baseline -0.002 -15"><span class='ocrx_word' id='word_1_174' title='bbox 2139 1148 2273 1205; x_wconf 90' lang='lat' dir='ltr'><strong>licet</strong></span> <span class='ocrx_word' id='word_1_175' title='bbox 2322 1149 2694 1205; x_wconf 82' lang='lat' dir='ltr'><strong>diﬂ‘erentiam</strong></span> <span class='ocrx_word' id='word_1_176' title='bbox 2724 1149 3011 1205; x_wconf 79' lang='lat' dir='ltr'><strong>servitutis</strong></span> <span class='ocrx_word' id='word_1_177' title='bbox 3048 1156 3104 1205; x_wconf 88' lang='lat' dir='ltr'><strong>et</strong></span> <span class='ocrx_word' id='word_1_178' title='bbox 3137 1148 3471 1219; x_wconf 67' lang='lat' dir='ltr'><strong>mqualitatis</strong></span> <span class='ocrx_word' id='word_1_179' title='bbox 3524 1148 3739 1202; x_wconf 74' lang='lat' dir='ltr'><strong>intelli-</strong></span> 
     </span>
    </p>
   </div>
   <div class='ocr_carea' id='block_1_23' title="bbox 2142 1237 3739 1312">
    <p class='ocr_par' dir='ltr' id='par_1_23' title="bbox 2142 1237 3739 1312">
     <span class='ocr_line' id='line_1_23' title="bbox 2142 1237 3739 1312; baseline -0.003 -16"><span class='ocrx_word' id='word_1_180' title='bbox 2142 1239 2565 1312; x_wconf 81' lang='lat' dir='ltr'><strong>gerc.Apostoli</strong></span> <span class='ocrx_word' id='word_1_181' title='bbox 2603 1241 2754 1296; x_wconf 88' lang='lat' dir='ltr'><strong>enim</strong></span> <span class='ocrx_word' id='word_1_182' title='bbox 2787 1248 3079 1311; x_wconf 89' lang='lat' dir='ltr'><strong>precantes</strong></span> <span class='ocrx_word' id='word_1_183' title='bbox 3107 1247 3165 1296; x_wconf 89' lang='lat' dir='ltr'><strong>et</strong></span> <span class='ocrx_word' id='word_1_184' title='bbox 3202 1249 3471 1309; x_wconf 88' lang='lat' dir='ltr'><strong>tanquam</strong></span> <span class='ocrx_word' id='word_1_185' title='bbox 3493 1237 3739 1293; x_wconf 90' lang='lat' dir='ltr'><strong>Domino</strong></span> 
     </span>
    </p>
   </div>
   <div class='ocr_carea' id='block_1_24' title="bbox 2143 1330 3737 1404">
    <p class='ocr_par' dir='ltr' id='par_1_24' title="bbox 2143 1330 3737 1404">
     <span class='ocr_line' id='line_1_24' title="bbox 2143 1330 3737 1404; baseline -0.003 -15"><span class='ocrx_word' id='word_1_186' title='bbox 2143 1332 2522 1404; x_wconf 87' lang='lat' dir='ltr'><strong>supplicantes</strong></span> <span class='ocrx_word' id='word_1_187' title='bbox 2549 1332 2819 1403; x_wconf 86' lang='lat' dir='ltr'><strong>Spiritum</strong></span> <span class='ocrx_word' id='word_1_188' title='bbox 2840 1341 3095 1387; x_wconf 84' lang='lat' dir='ltr'><strong>sanetum</strong></span> <span class='ocrx_word' id='word_1_189' title='bbox 3114 1331 3183 1387; x_wconf 93' lang='lat' dir='ltr'><strong>iis</strong></span> <span class='ocrx_word' id='word_1_190' title='bbox 3206 1330 3465 1402; x_wconf 85' lang='lat' dir='ltr'><strong>quidigni</strong></span> <span class='ocrx_word' id='word_1_191' title='bbox 3484 1330 3737 1385; x_wconf 89' lang='lat' dir='ltr'><strong>adventu</strong></span> 
     </span>
    </p>
   </div>
   <div class='ocr_carea' id='block_1_25' title="bbox 2141 1421 3743 1496">
    <p class='ocr_par' dir='ltr' id='par_1_25' title="bbox 2141 1421 3743 1496">
     <span class='ocr_line' id='line_1_25' title="bbox 2141 1421 3743 1496; baseline -0.003 -16"><span class='ocrx_word' id='word_1_192' title='bbox 2141 1425 2263 1496; x_wconf 86' lang='lat' dir='ltr'><strong>ejus</strong></span> <span class='ocrx_word' id='word_1_193' title='bbox 2303 1432 2485 1489; x_wconf 87' lang='lat' dir='ltr'><strong>erant,</strong></span> <span class='ocrx_word' id='word_1_194' title='bbox 2518 1423 2696 1479; x_wconf 89' lang='lat' dir='ltr'><strong>veluti</strong></span> <span class='ocrx_word' id='word_1_195' title='bbox 2723 1421 3085 1479; x_wconf 87' lang='lat' dir='ltr'><strong>inducebant.</strong></span> <span class='ocrx_word' id='word_1_196' title='bbox 3118 1422 3368 1479; x_wconf 80' lang='lat' dir='ltr'><strong>Salvator</strong></span> <span class='ocrx_word' id='word_1_197' title='bbox 3385 1438 3516 1479; x_wconf 85' lang='lat' dir='ltr'><strong>vero</strong></span> <span class='ocrx_word' id='word_1_198' title='bbox 3540 1429 3743 1477; x_wconf 84' lang='lat' dir='ltr'><strong>noster</strong></span> 
     </span>
    </p>
   </div>
   <div class='ocr_carea' id='block_1_26' title="bbox 2141 1513 3742 1588">
    <p class='ocr_par' dir='ltr' id='par_1_26' title="bbox 2141 1513 3742 1588">
     <span class='ocr_line' id='line_1_26' title="bbox 2141 1513 3742 1588; baseline -0.003 -15"><span class='ocrx_word' id='word_1_199' title='bbox 2141 1533 2208 1573; x_wconf 86' lang='lat' dir='ltr'><strong>ex</strong></span> <span class='ocrx_word' id='word_1_200' title='bbox 2238 1533 2298 1574; x_wconf 90' lang='lat' dir='ltr'><strong>se</strong></span> <span class='ocrx_word' id='word_1_201' title='bbox 2332 1518 2474 1588; x_wconf 87' lang='lat' dir='ltr'><strong>ipso,</strong></span> <span class='ocrx_word' id='word_1_202' title='bbox 2503 1528 2763 1588; x_wconf 90' lang='lat' dir='ltr'><strong>tanquam</strong></span> <span class='ocrx_word' id='word_1_203' title='bbox 2783 1533 2852 1572; x_wconf 76' lang='lat' dir='ltr'><strong>ex</strong></span> <span class='ocrx_word' id='word_1_204' title='bbox 2869 1516 3108 1588; x_wconf 84' lang='lat' dir='ltr'><strong>quodam</strong></span> <span class='ocrx_word' id='word_1_205' title='bbox 3133 1516 3418 1580; x_wconf 86' lang='lat' dir='ltr'><strong>thesauro,</strong></span> <span class='ocrx_word' id='word_1_206' title='bbox 3451 1513 3742 1585; x_wconf 67' lang='lat' dir='ltr'><strong>praebebat</strong></span> 
     </span>
    </p>
   </div>
   <div class='ocr_carea' id='block_1_27' title="bbox 2140 1608 3743 1680">
    <p class='ocr_par' dir='ltr' id='par_1_27' title="bbox 2140 1608 3743 1680">
     <span class='ocr_line' id='line_1_27' title="bbox 2140 1608 3743 1680; baseline -0.002 -15"><span class='ocrx_word' id='word_1_207' title='bbox 2140 1625 2269 1666; x_wconf 92' lang='lat' dir='ltr'><strong>eum</strong></span> <span class='ocrx_word' id='word_1_208' title='bbox 2302 1611 2370 1665; x_wconf 88' lang='lat' dir='ltr'><strong>iis</strong></span> <span class='ocrx_word' id='word_1_209' title='bbox 2413 1610 2509 1680; x_wconf 93' lang='lat' dir='ltr'><strong>qui</strong></span> <span class='ocrx_word' id='word_1_210' title='bbox 2538 1609 2670 1664; x_wconf 83' lang='lat' dir='ltr'><strong>facti</strong></span> <span class='ocrx_word' id='word_1_211' title='bbox 2702 1618 2865 1665; x_wconf 89' lang='lat' dir='ltr'><strong>erant</strong></span> <span class='ocrx_word' id='word_1_212' title='bbox 2898 1624 3000 1680; x_wconf 90' lang='lat' dir='ltr'><strong>per</strong></span> <span class='ocrx_word' id='word_1_213' title='bbox 3040 1608 3342 1679; x_wconf 87' lang='lat' dir='ltr'><strong>puritatem</strong></span> <span class='ocrx_word' id='word_1_214' title='bbox 3370 1610 3500 1664; x_wconf 69' lang='lat' dir='ltr'><strong>vitae</strong></span> <span class='ocrx_word' id='word_1_215' title='bbox 3544 1608 3743 1663; x_wconf 86' lang='lat' dir='ltr'><strong>idonei</strong></span> 
     </span>
    </p>
   </div>
   <div class='ocr_carea' id='block_1_28' title="bbox 2142 1699 3745 1773">
    <p class='ocr_par' dir='ltr' id='par_1_28' title="bbox 2142 1699 3745 1773">
     <span class='ocr_line' id='line_1_28' title="bbox 2142 1699 3745 1773; baseline -0.001 -17"><span class='ocrx_word' id='word_1_216' title='bbox 2142 1700 2211 1757; x_wconf 90' lang='lat' dir='ltr'><strong>ad</strong></span> <span class='ocrx_word' id='word_1_217' title='bbox 2231 1701 2612 1772; x_wconf 80' lang='lat' dir='ltr'><strong>excipiendam</strong></span> <span class='ocrx_word' id='word_1_218' title='bbox 2634 1701 2916 1773; x_wconf 88' lang='lat' dir='ltr'><strong>energiam</strong></span> <span class='ocrx_word' id='word_1_219' title='bbox 2937 1702 3079 1773; x_wconf 88' lang='lat' dir='ltr'><strong>ejus.</strong></span> <span class='ocrx_word' id='word_1_220' title='bbox 3112 1700 3293 1771; x_wconf 82' lang='lat' dir='ltr'><strong>Atque</strong></span> <span class='ocrx_word' id='word_1_221' title='bbox 3321 1699 3589 1771; x_wconf 86' lang='lat' dir='ltr'><strong>apostolis</strong></span> <span class='ocrx_word' id='word_1_222' title='bbox 3612 1700 3745 1771; x_wconf 85' lang='lat' dir='ltr'><strong>qui-</strong></span> 
     </span>
    </p>
   </div>
   <div class='ocr_carea' id='block_1_29' title="bbox 462 1786 3747 1866">
    <p class='ocr_par' dir='ltr' id='par_1_29' title="bbox 462 1786 3747 1866">
     <span class='ocr_line' id='line_1_29' title="bbox 462 1786 3747 1866; baseline -0.003 -17"><span class='ocrx_word' id='word_1_223' title='bbox 462 1795 598 1851; x_wconf 88' lang='lat' dir='ltr'><strong>illud</strong></span> <span class='ocrx_word' id='word_1_224' title='bbox 643 1813 656 1848; x_wconf 87' lang='lat'><strong>:</strong></span> <span class='ocrx_word' id='word_1_225' title='bbox 695 1794 922 1848; x_wconf 69' lang='lat' dir='ltr'><strong>Emitte:</strong></span> <span class='ocrx_word' id='word_1_226' title='bbox 977 1792 1225 1862; x_wconf 82' lang='lat' dir='ltr'><strong>spiritum</strong></span> <span class='ocrx_word' id='word_1_227' title='bbox 1272 1798 1443 1854; x_wconf 84' lang='lat' dir='ltr'><strong>tuum,</strong></span> <span class='ocrx_word' id='word_1_228' title='bbox 1491 1797 1542 1842; x_wconf 89' lang='lat' dir='ltr'><strong>et</strong></span> <span class='ocrx_word' id='word_1_229' title='bbox 1604 1786 1943 1851; x_wconf 73' lang='lat' dir='ltr'><strong>creabantur,</strong></span> <span class='ocrx_word' id='word_1_230' title='bbox 1992 1793 2044 1838; x_wconf 83' lang='lat' dir='ltr'><strong>et</strong></span> <span class='ocrx_word' id='word_1_231' title='bbox 2078 1794 2272 1866; x_wconf 77' lang='lat' dir='ltr'><strong>_dem</strong></span> <span class='ocrx_word' id='word_1_232' title='bbox 2317 1794 2508 1851; x_wconf 58' lang='lat' dir='ltr'><strong>aderat</strong></span> <span class='ocrx_word' id='word_1_233' title='bbox 2562 1810 2783 1864; x_wconf 67' lang='lat' dir='ltr'><strong>semper</strong></span> <span class='ocrx_word' id='word_1_234' title='bbox 2836 1796 3208 1866; x_wconf 61' lang='lat' dir='ltr'><strong>participare;</strong></span> <span class='ocrx_word' id='word_1_235' title='bbox 3258 1793 3531 1850; x_wconf 63' lang='lat' dir='ltr'><strong>salvatori</strong></span> <span class='ocrx_word' id='word_1_236' title='bbox 3600 1809 3747 1850; x_wconf 68' lang='grc' dir='ltr'><em>νει-ο</em></span> 
     </span>
    </p>
   </div>
   <div class='ocr_carea' id='block_1_30' title="bbox 462 1854 3748 1959">
    <p class='ocr_par' dir='ltr' id='par_1_30' title="bbox 462 1854 3748 1959">
     <span class='ocr_line' id='line_1_30' title="bbox 462 1854 3748 1959; baseline -0.005 -2"><span class='ocrx_word' id='word_1_237' title='bbox 462 1887 737 1941; x_wconf 61' lang='lat' dir='ltr'><strong>&quot;novabis</strong></span> <span class='ocrx_word' id='word_1_238' title='bbox 768 1885 958 1956; x_wconf 69' lang='grc' dir='ltr'><strong>Ῑαείετη</strong></span> <span class='ocrx_word' id='word_1_239' title='bbox 989 1893 1146 1938; x_wconf 68' lang='grc' dir='ltr'><em>ιενναδ</em></span> <span class='ocrx_word' id='word_1_240' title='bbox 1171 1883 1240 1948; x_wconf 66' lang='grc'><strong>⁷⁷,</strong></span> <span class='ocrx_word' id='word_1_241' title='bbox 1265 1881 1370 1937; x_wconf 76' lang='lat'><strong>1100</strong></span> <span class='ocrx_word' id='word_1_242' title='bbox 1388 1890 1495 1944; x_wconf 62' lang='lat' dir='ltr'><strong>est.</strong></span> <span class='ocrx_word' id='word_1_243' title='bbox 1520 1878 1801 1933; x_wconf 76' lang='lat' dir='ltr'><strong>hominem</strong></span> <span class='ocrx_word' id='word_1_244' title='bbox 1831 1895 1845 1931; x_wconf 78' lang='lat'><em>=</em></span> <span class='ocrx_word' id='word_1_245' title='bbox 1878 1877 2046 1932; x_wconf 74' lang='grc' dir='ltr'><strong>ἀθοοτ</strong></span> <span class='ocrx_word' id='word_1_246' title='bbox 2078 1854 2123 1914; x_wconf 68' lang='grc' dir='ltr'><strong>Β</strong></span> <span class='ocrx_word' id='word_1_247' title='bbox 2147 1886 2372 1943; x_wconf 89' lang='lat' dir='ltr'><strong>Christo</strong></span> <span class='ocrx_word' id='word_1_248' title='bbox 2420 1896 2478 1943; x_wconf 91' lang='lat' dir='ltr'><strong>et</strong></span> <span class='ocrx_word' id='word_1_249' title='bbox 2518 1887 2631 1943; x_wconf 91' lang='lat' dir='ltr'><strong>Deo</strong></span> <span class='ocrx_word' id='word_1_250' title='bbox 2667 1854 2883 1953; x_wconf 72' lang='lat' dir='ltr'><strong>nostrd,</strong></span> <span class='ocrx_word' id='word_1_251' title='bbox 2933 1854 3194 1959; x_wconf 75' lang='lat' dir='ltr'><strong>tanquam</strong></span> <span class='ocrx_word' id='word_1_252' title='bbox 3224 1887 3748 1943; x_wconf 86' lang='lat' dir='ltr'><strong>consubstantialis.</strong></span> 
     </span>
    </p>
   </div>
   <div class='ocr_carea' id='block_1_31' title="bbox 460 1968 2046 2041">
    <p class='ocr_par' dir='ltr' id='par_1_31' title="bbox 460 1968 2046 2041">
     <span class='ocr_line' id='line_1_31' title="bbox 460 1968 2046 2041; baseline -0.008 -6"><span class='ocrx_word' id='word_1_253' title='bbox 460 1981 611 2037; x_wconf 90' lang='lat' dir='ltr'><strong>enim</strong></span> <span class='ocrx_word' id='word_1_254' title='bbox 664 1987 828 2035; x_wconf 84' lang='lat' dir='ltr'><strong>terrae</strong></span> <span class='ocrx_word' id='word_1_255' title='bbox 879 1984 967 2032; x_wconf 92' lang='lat' dir='ltr'><strong>est</strong></span> <span class='ocrx_word' id='word_1_256' title='bbox 1018 1976 1223 2041; x_wconf 87' lang='lat' dir='ltr'><strong>homo;</strong></span> <span class='ocrx_word' id='word_1_257' title='bbox 1266 1973 1413 2029; x_wconf 87' lang='lat' dir='ltr'><strong>sicut</strong></span> <span class='ocrx_word' id='word_1_258' title='bbox 1454 1972 1625 2028; x_wconf 89' lang='lat' dir='ltr'><strong>decor</strong></span> <span class='ocrx_word' id='word_1_259' title='bbox 1674 1968 1916 2026; x_wconf 87' lang='lat' dir='ltr'><strong>hominis</strong></span> <span class='ocrx_word' id='word_1_260' title='bbox 1962 1977 2046 2024; x_wconf 90' lang='lat' dir='ltr'><strong>est</strong></span> 
     </span>
    </p>
   </div>
   <div class='ocr_carea' id='block_1_32' title="bbox 462 2076 652 2131">
    <p class='ocr_par' dir='ltr' id='par_1_32' title="bbox 462 2076 652 2131">
     <span class='ocr_line' id='line_1_32' title="bbox 462 2076 652 2131; baseline -0.021 0"><span class='ocrx_word' id='word_1_261' title='bbox 462 2076 652 2131; x_wconf 76' lang='lat' dir='ltr'><strong>facies.</strong></span> 
     </span>
    </p>
   </div>
   <div class='ocr_carea' id='block_1_33' title="bbox 532 2159 2046 2231">
    <p class='ocr_par' dir='ltr' id='par_1_33' title="bbox 532 2159 2046 2231">
     <span class='ocr_line' id='line_1_33' title="bbox 532 2159 2046 2231; baseline -0.008 -10"><span class='ocrx_word' id='word_1_262' title='bbox 532 2165 724 2222; x_wconf 76' lang='lat' dir='ltr'><strong>XXVI.</strong></span> <span class='ocrx_word' id='word_1_263' title='bbox 763 2162 946 2231; x_wconf 86' lang='lat' dir='ltr'><strong>Quare</strong></span> <span class='ocrx_word' id='word_1_264' title='bbox 987 2161 1216 2231; x_wconf 87' lang='lat' dir='ltr'><strong>copiose</strong></span> <span class='ocrx_word' id='word_1_265' title='bbox 1265 2159 1706 2214; x_wconf 90' lang='lat' dir='ltr'><strong>demonstratum</strong></span> <span class='ocrx_word' id='word_1_266' title='bbox 1737 2164 1842 2223; x_wconf 89' lang='lat' dir='ltr'><strong>est,</strong></span> <span class='ocrx_word' id='word_1_267' title='bbox 1881 2168 2046 2209; x_wconf 91' lang='lat' dir='ltr'><strong>unam</strong></span> 
     </span>
    </p>
   </div>
   <div class='ocr_carea' id='block_1_34' title="bbox 462 2251 2046 2323">
    <p class='ocr_par' dir='ltr' id='par_1_34' title="bbox 462 2251 2046 2323">
     <span class='ocr_line' id='line_1_34' title="bbox 462 2251 2046 2323; baseline -0.01 -7"><span class='ocrx_word' id='word_1_268' title='bbox 462 2275 585 2317; x_wconf 88' lang='lat' dir='ltr'><strong>esse</strong></span> <span class='ocrx_word' id='word_1_269' title='bbox 642 2265 847 2314; x_wconf 66' lang='lat' dir='ltr'><strong>sancta:</strong></span> <span class='ocrx_word' id='word_1_270' title='bbox 893 2253 1188 2311; x_wconf 87' lang='lat' dir='ltr'><strong>Trinitatis</strong></span> <span class='ocrx_word' id='word_1_271' title='bbox 1248 2251 1658 2323; x_wconf 89' lang='lat' dir='ltr'><strong>operationem,</strong></span> <span class='ocrx_word' id='word_1_272' title='bbox 1707 2264 1830 2320; x_wconf 70' lang='lat' dir='ltr'><strong>qua:</strong></span> <span class='ocrx_word' id='word_1_273' title='bbox 1880 2261 2046 2302; x_wconf 89' lang='lat' dir='ltr'><strong>unam</strong></span> 
     </span>
    </p>
   </div>
   <div class='ocr_carea' id='block_1_35' title="bbox 464 2340 2047 2411">
    <p class='ocr_par' dir='ltr' id='par_1_35' title="bbox 464 2340 2047 2411">
     <span class='ocr_line' id='line_1_35' title="bbox 464 2340 2047 2411; baseline -0.009 -3"><span class='ocrx_word' id='word_1_274' title='bbox 464 2350 830 2409; x_wconf 89' lang='lat' dir='ltr'><strong>substantiam</strong></span> <span class='ocrx_word' id='word_1_275' title='bbox 855 2362 978 2403; x_wconf 88' lang='lat' dir='ltr'><strong>esse</strong></span> <span class='ocrx_word' id='word_1_276' title='bbox 1012 2345 1179 2402; x_wconf 89' lang='lat' dir='ltr'><strong>simul</strong></span> <span class='ocrx_word' id='word_1_277' title='bbox 1204 2345 1586 2409; x_wconf 85' lang='lat' dir='ltr'><strong>demonstrat;</strong></span> <span class='ocrx_word' id='word_1_278' title='bbox 1614 2340 1887 2411; x_wconf 85' lang='lat' dir='ltr'><strong>siquidem</strong></span> <span class='ocrx_word' id='word_1_279' title='bbox 1919 2340 2047 2409; x_wconf 89' lang='lat' dir='ltr'><strong>quia</strong></span> 
     </span>
    </p>
   </div>
   <div class='ocr_carea' id='block_1_36' title="bbox 466 2432 2048 2506">
    <p class='ocr_par' dir='ltr' id='par_1_36' title="bbox 466 2432 2048 2506">
     <span class='ocr_line' id='line_1_36' title="bbox 466 2432 2048 2506; baseline -0.013 -1"><span class='ocrx_word' id='word_1_280' title='bbox 466 2464 575 2504; x_wconf 88' lang='lat' dir='ltr'><strong>una</strong></span> <span class='ocrx_word' id='word_1_281' title='bbox 628 2443 939 2503; x_wconf 84' lang='lat' dir='ltr'><strong>substantia</strong></span> <span class='ocrx_word' id='word_1_282' title='bbox 987 2439 1305 2496; x_wconf 77' lang='lat' dir='ltr'><strong>divinitatis</strong></span> <span class='ocrx_word' id='word_1_283' title='bbox 1338 2452 1459 2493; x_wconf 90' lang='lat' dir='ltr'><strong>esse</strong></span> <span class='ocrx_word' id='word_1_284' title='bbox 1514 2432 1891 2506; x_wconf 80' lang='lat' dir='ltr'><strong>cognoscitur,</strong></span> <span class='ocrx_word' id='word_1_285' title='bbox 1939 2447 2048 2487; x_wconf 86' lang='lat' dir='ltr'><strong>una</strong></span> 
     </span>
    </p>
   </div>
   <div class='ocr_carea' id='block_1_37' title="bbox 464 2522 2048 2595">
    <p class='ocr_par' dir='ltr' id='par_1_37' title="bbox 464 2522 2048 2595">
     <span class='ocr_line' id='line_1_37' title="bbox 464 2522 2048 2595; baseline -0.013 0"><span class='ocrx_word' id='word_1_286' title='bbox 464 2540 632 2595; x_wconf 90' lang='lat' dir='ltr'><strong>etiam</strong></span> <span class='ocrx_word' id='word_1_287' title='bbox 681 2545 738 2593; x_wconf 89' lang='lat' dir='ltr'><strong>et</strong></span> <span class='ocrx_word' id='word_1_288' title='bbox 761 2534 956 2591; x_wconf 90' lang='lat' dir='ltr'><strong>eadem</strong></span> <span class='ocrx_word' id='word_1_289' title='bbox 987 2530 1189 2594; x_wconf 85' lang='lat' dir='ltr'><strong>Patris,</strong></span> <span class='ocrx_word' id='word_1_290' title='bbox 1222 2536 1279 2586; x_wconf 90' lang='lat' dir='ltr'><strong>et</strong></span> <span class='ocrx_word' id='word_1_291' title='bbox 1308 2528 1456 2594; x_wconf 85' lang='lat' dir='ltr'><strong>Filii,</strong></span> <span class='ocrx_word' id='word_1_292' title='bbox 1501 2536 1559 2583; x_wconf 86' lang='lat' dir='ltr'><strong>et</strong></span> <span class='ocrx_word' id='word_1_293' title='bbox 1589 2524 1837 2595; x_wconf 88' lang='lat' dir='ltr'><strong>Spiritus</strong></span> <span class='ocrx_word' id='word_1_294' title='bbox 1869 2522 2048 2578; x_wconf 90' lang='lat' dir='ltr'><strong>sancti</strong></span> 
     </span>
    </p>
   </div>
   <div class='ocr_carea' id='block_1_38' title="bbox 467 2613 2050 2686">
    <p class='ocr_par' dir='ltr' id='par_1_38' title="bbox 467 2613 2050 2686">
     <span class='ocr_line' id='line_1_38' title="bbox 467 2613 2050 2686; baseline -0.012 0"><span class='ocrx_word' id='word_1_295' title='bbox 467 2627 781 2686; x_wconf 90' lang='lat' dir='ltr'><strong>substantia</strong></span> <span class='ocrx_word' id='word_1_296' title='bbox 804 2639 929 2681; x_wconf 89' lang='lat' dir='ltr'><strong>esse</strong></span> <span class='ocrx_word' id='word_1_297' title='bbox 951 2622 1372 2678; x_wconf 87' lang='lat' dir='ltr'><strong>demonstratur</strong></span> <span class='ocrx_word' id='word_1_298' title='bbox 1397 2635 1411 2673; x_wconf 89' lang='lat'><strong>:</strong></span> <span class='ocrx_word' id='word_1_299' title='bbox 1441 2617 1626 2673; x_wconf 89' lang='lat' dir='ltr'><strong>statim</strong></span> <span class='ocrx_word' id='word_1_300' title='bbox 1655 2614 1805 2671; x_wconf 88' lang='lat' dir='ltr'><strong>enim</strong></span> <span class='ocrx_word' id='word_1_301' title='bbox 1836 2623 1897 2669; x_wconf 91' lang='lat' dir='ltr'><strong>ut</strong></span> <span class='ocrx_word' id='word_1_302' title='bbox 1924 2613 2050 2668; x_wconf 90' lang='lat' dir='ltr'><strong>bra-</strong></span> 
     </span>
    </p>
   </div>
   <div class='ocr_carea' id='block_1_39' title="bbox 464 2699 2052 2776">
    <p class='ocr_par' dir='ltr' id='par_1_39' title="bbox 464 2699 2052 2776">
     <span class='ocr_line' id='line_1_39' title="bbox 464 2699 2052 2776; baseline -0.014 0"><span class='ocrx_word' id='word_1_303' title='bbox 464 2721 657 2776; x_wconf 91' lang='lat' dir='ltr'><strong>chium</strong></span> <span class='ocrx_word' id='word_1_304' title='bbox 693 2725 751 2773; x_wconf 91' lang='lat' dir='ltr'><strong>et</strong></span> <span class='ocrx_word' id='word_1_305' title='bbox 800 2728 999 2771; x_wconf 90' lang='lat' dir='ltr'><strong>manus</strong></span> <span class='ocrx_word' id='word_1_306' title='bbox 1051 2709 1237 2767; x_wconf 90' lang='lat' dir='ltr'><strong>Patris</strong></span> <span class='ocrx_word' id='word_1_307' title='bbox 1272 2706 1447 2763; x_wconf 89' lang='lat' dir='ltr'><strong>Filius</strong></span> <span class='ocrx_word' id='word_1_308' title='bbox 1494 2704 1837 2768; x_wconf 88' lang='lat' dir='ltr'><strong>nominatur,</strong></span> <span class='ocrx_word' id='word_1_309' title='bbox 1882 2699 2052 2756; x_wconf 78' lang='lat' dir='ltr'><strong>fabri-</strong></span> 
     </span>
    </p>
   </div>
   <div class='ocr_carea' id='block_1_40' title="bbox 467 2794 2051 2866">
    <p class='ocr_par' dir='ltr' id='par_1_40' title="bbox 467 2794 2051 2866">
     <span class='ocr_line' id='line_1_40' title="bbox 467 2794 2051 2866; baseline -0.011 0"><span class='ocrx_word' id='word_1_310' title='bbox 467 2821 621 2866; x_wconf 90' lang='lat' dir='ltr'><strong>cator</strong></span> <span class='ocrx_word' id='word_1_311' title='bbox 666 2816 726 2864; x_wconf 94' lang='lat' dir='ltr'><strong>et</strong></span> <span class='ocrx_word' id='word_1_312' title='bbox 764 2812 981 2862; x_wconf 90' lang='lat' dir='ltr'><strong>creator</strong></span> <span class='ocrx_word' id='word_1_313' title='bbox 1010 2817 1133 2857; x_wconf 90' lang='lat' dir='ltr'><strong>esse</strong></span> <span class='ocrx_word' id='word_1_314' title='bbox 1164 2799 1521 2863; x_wconf 87' lang='lat' dir='ltr'><strong>declaratur;</strong></span> <span class='ocrx_word' id='word_1_315' title='bbox 1559 2794 1756 2850; x_wconf 90' lang='lat' dir='ltr'><strong>eodem</strong></span> <span class='ocrx_word' id='word_1_316' title='bbox 1792 2806 2051 2849; x_wconf 88' lang='lat' dir='ltr'><strong>sermone</strong></span> 
     </span>
    </p>
   </div>
   <div class='ocr_carea' id='block_1_41' title="bbox 467 2885 2048 2968">
    <p class='ocr_par' dir='ltr' id='par_1_41' title="bbox 467 2885 2048 2968">
     <span class='ocr_line' id='line_1_41' title="bbox 467 2885 2048 2968; baseline -0.013 -10"><span class='ocrx_word' id='word_1_317' title='bbox 467 2901 631 2959; x_wconf 85' lang='lat' dir='ltr'><strong>simul</strong></span> <span class='ocrx_word' id='word_1_318' title='bbox 661 2896 899 2968; x_wconf 85' lang='lat' dir='ltr'><strong>Spiritus</strong></span> <span class='ocrx_word' id='word_1_319' title='bbox 929 2902 1155 2949; x_wconf 88' lang='lat' dir='ltr'><strong>sanctus</strong></span> <span class='ocrx_word' id='word_1_320' title='bbox 1182 2888 1389 2945; x_wconf 89' lang='lat' dir='ltr'><strong>similia</strong></span> <span class='ocrx_word' id='word_1_321' title='bbox 1408 2888 1590 2942; x_wconf 82' lang='lat' dir='ltr'><strong>facere</strong></span> <span class='ocrx_word' id='word_1_322' title='bbox 1615 2885 2048 2948; x_wconf 88' lang='lat' dir='ltr'><strong>demonstratur,</strong></span> 
     </span>
    </p>
   </div>
   <div class='ocr_carea' id='block_1_42' title="bbox 468 2976 2054 3051">
    <p class='ocr_par' dir='ltr' id='par_1_42' title="bbox 468 2976 2054 3051">
     <span class='ocr_line' id='line_1_42' title="bbox 468 2976 2054 3051; baseline -0.014 0"><span class='ocrx_word' id='word_1_323' title='bbox 468 3009 595 3050; x_wconf 88' lang='lat' dir='ltr'><strong>cum</strong></span> <span class='ocrx_word' id='word_1_324' title='bbox 633 2988 838 3046; x_wconf 92' lang='lat' dir='ltr'><strong>dicitur</strong></span> <span class='ocrx_word' id='word_1_325' title='bbox 872 3004 885 3040; x_wconf 89' lang='lat'><strong>:</strong></span> <span class='ocrx_word' id='word_1_326' title='bbox 922 2984 1113 3041; x_wconf 79' lang='lat' dir='ltr'><strong>Manus</strong></span> <span class='ocrx_word' id='word_1_327' title='bbox 1161 2993 1265 3037; x_wconf 76' lang='lat' dir='ltr'><strong>tua:</strong></span> <span class='ocrx_word' id='word_1_328' title='bbox 1299 2984 1537 3051; x_wconf 77' lang='lat' dir='ltr'><strong>fecerunt</strong></span> <span class='ocrx_word' id='word_1_329' title='bbox 1584 2994 1666 3032; x_wconf 92' lang='lat' dir='ltr'><strong>me</strong></span> <span class='ocrx_word' id='word_1_330' title='bbox 1713 2986 1764 3031; x_wconf 87' lang='lat' dir='ltr'><strong>et</strong></span> <span class='ocrx_word' id='word_1_331' title='bbox 1814 2976 2054 3048; x_wconf 84' lang='lat' dir='ltr'><strong>plasma-</strong></span> 
     </span>
    </p>
   </div>
   <div class='ocr_carea' id='block_1_43' title="bbox 467 3069 2053 3144">
    <p class='ocr_par' dir='ltr' id='par_1_43' title="bbox 467 3069 2053 3144">
     <span class='ocr_line' id='line_1_43' title="bbox 467 3069 2053 3144; baseline -0.01 -2"><span class='ocrx_word' id='word_1_332' title='bbox 467 3092 654 3142; x_wconf 78' lang='lat' dir='ltr'><strong>oerunt</strong></span> <span class='ocrx_word' id='word_1_333' title='bbox 699 3098 780 3138; x_wconf 88' lang='lat' dir='ltr'><strong>me</strong></span> <span class='ocrx_word' id='word_1_334' title='bbox 819 3080 882 3134; x_wconf 82' lang='grc'><strong>⁷⁸.</strong></span> <span class='ocrx_word' id='word_1_335' title='bbox 950 3077 1165 3133; x_wconf 90' lang='lat' dir='ltr'><strong>Dicitur</strong></span> <span class='ocrx_word' id='word_1_336' title='bbox 1213 3075 1361 3131; x_wconf 90' lang='lat' dir='ltr'><strong>enim</strong></span> <span class='ocrx_word' id='word_1_337' title='bbox 1408 3074 1527 3144; x_wconf 90' lang='lat' dir='ltr'><strong>ipse</strong></span> <span class='ocrx_word' id='word_1_338' title='bbox 1588 3072 1758 3127; x_wconf 90' lang='lat' dir='ltr'><strong>etiam</strong></span> <span class='ocrx_word' id='word_1_339' title='bbox 1810 3069 2053 3142; x_wconf 87' lang='lat' dir='ltr'><strong>Spiritus</strong></span> 
     </span>
    </p>
   </div>
   <div class='ocr_carea' id='block_1_44' title="bbox 2147 1979 3741 2050">
    <p class='ocr_par' dir='ltr' id='par_1_44' title="bbox 2147 1979 3741 2050">
     <span class='ocr_line' id='line_1_44' title="bbox 2147 1979 3741 2050; baseline -0.001 -14"><span class='ocrx_word' id='word_1_340' title='bbox 2147 1979 2215 2036; x_wconf 82' lang='lat' dir='ltr'><strong>Et</strong></span> <span class='ocrx_word' id='word_1_341' title='bbox 2262 1979 2411 2035; x_wconf 89' lang='lat' dir='ltr'><strong>idem</strong></span> <span class='ocrx_word' id='word_1_342' title='bbox 2451 1980 2597 2035; x_wconf 87' lang='lat' dir='ltr'><strong>Deus</strong></span> <span class='ocrx_word' id='word_1_343' title='bbox 2647 1984 2753 2035; x_wconf 88' lang='lat' dir='ltr'><strong>hac</strong></span> <span class='ocrx_word' id='word_1_344' title='bbox 2799 1979 3017 2035; x_wconf 89' lang='lat' dir='ltr'><strong>ratione</strong></span> <span class='ocrx_word' id='word_1_345' title='bbox 3063 1980 3273 2037; x_wconf 92' lang='lat' dir='ltr'><strong>dicitur</strong></span> <span class='ocrx_word' id='word_1_346' title='bbox 3322 1979 3566 2050; x_wconf 92' lang='lat' dir='ltr'><strong>Spiritus</strong></span> <span class='ocrx_word' id='word_1_347' title='bbox 3614 1979 3741 2045; x_wconf 80' lang='lat' dir='ltr'><strong>Dei,</strong></span> 
     </span>
    </p>
   </div>
   <div class='ocr_carea' id='block_1_45' title="bbox 2146 2070 3751 2141">
    <p class='ocr_par' dir='ltr' id='par_1_45' title="bbox 2146 2070 3751 2141">
     <span class='ocr_line' id='line_1_45' title="bbox 2146 2070 3751 2141; baseline -0.003 -12"><span class='ocrx_word' id='word_1_348' title='bbox 2146 2080 2204 2129; x_wconf 85' lang='lat' dir='ltr'><strong>et</strong></span> <span class='ocrx_word' id='word_1_349' title='bbox 2224 2070 2466 2141; x_wconf 87' lang='lat' dir='ltr'><strong>Spiritus</strong></span> <span class='ocrx_word' id='word_1_350' title='bbox 2494 2070 2724 2136; x_wconf 82' lang='lat' dir='ltr'><strong>Christi,</strong></span> <span class='ocrx_word' id='word_1_351' title='bbox 2769 2086 2881 2125; x_wconf 89' lang='lat' dir='ltr'><strong>non</strong></span> <span class='ocrx_word' id='word_1_352' title='bbox 2908 2071 3057 2126; x_wconf 86' lang='lat' dir='ltr'><strong>sicut</strong></span> <span class='ocrx_word' id='word_1_353' title='bbox 3091 2071 3478 2126; x_wconf 80' lang='lat' dir='ltr'><strong>ministrantes</strong></span> <span class='ocrx_word' id='word_1_354' title='bbox 3508 2070 3751 2140; x_wconf 83' lang='lat' dir='ltr'><strong>spiritus</strong></span> 
     </span>
    </p>
   </div>
   <div class='ocr_carea' id='block_1_46' title="bbox 2147 2161 3747 2230">
    <p class='ocr_par' dir='ltr' id='par_1_46' title="bbox 2147 2161 3747 2230">
     <span class='ocr_line' id='line_1_46' title="bbox 2147 2161 3747 2230; baseline -0.004 -10"><span class='ocrx_word' id='word_1_355' title='bbox 2147 2163 2215 2220; x_wconf 90' lang='lat' dir='ltr'><strong>ad</strong></span> <span class='ocrx_word' id='word_1_356' title='bbox 2264 2162 2637 2219; x_wconf 85' lang='lat' dir='ltr'><strong>ministerium</strong></span> <span class='ocrx_word' id='word_1_357' title='bbox 2686 2161 2840 2218; x_wconf 90' lang='lat' dir='ltr'><strong>missi</strong></span> <span class='ocrx_word' id='word_1_358' title='bbox 2877 2184 2891 2218; x_wconf 87' lang='lat'><strong>:</strong></span> <span class='ocrx_word' id='word_1_359' title='bbox 2930 2162 3013 2217; x_wconf 92' lang='lat' dir='ltr'><strong>illi</strong></span> <span class='ocrx_word' id='word_1_360' title='bbox 3056 2162 3205 2218; x_wconf 87' lang='lat' dir='ltr'><strong>enim</strong></span> <span class='ocrx_word' id='word_1_361' title='bbox 3257 2161 3747 2230; x_wconf 84' lang='lat' dir='ltr'><strong>circumscriptam</strong></span> 
     </span>
    </p>
   </div>
   <div class='ocr_carea' id='block_1_47' title="bbox 2149 2253 3753 2325">
    <p class='ocr_par' dir='ltr' id='par_1_47' title="bbox 2149 2253 3753 2325">
     <span class='ocr_line' id='line_1_47' title="bbox 2149 2253 3753 2325; baseline -0.002 -13"><span class='ocrx_word' id='word_1_362' title='bbox 2149 2257 2516 2313; x_wconf 90' lang='lat' dir='ltr'><strong>substantiam</strong></span> <span class='ocrx_word' id='word_1_363' title='bbox 2549 2255 2777 2321; x_wconf 87' lang='lat' dir='ltr'><strong>habent,</strong></span> <span class='ocrx_word' id='word_1_364' title='bbox 2799 2255 2874 2310; x_wconf 93' lang='lat' dir='ltr'><strong>ita</strong></span> <span class='ocrx_word' id='word_1_365' title='bbox 2895 2264 2956 2311; x_wconf 92' lang='lat' dir='ltr'><strong>ut</strong></span> <span class='ocrx_word' id='word_1_366' title='bbox 2986 2271 3097 2310; x_wconf 91' lang='lat' dir='ltr'><strong>non</strong></span> <span class='ocrx_word' id='word_1_367' title='bbox 3121 2262 3329 2325; x_wconf 89' lang='lat' dir='ltr'><strong>posset,</strong></span> <span class='ocrx_word' id='word_1_368' title='bbox 3352 2253 3595 2325; x_wconf 80' lang='lat' dir='ltr'><strong>exempli</strong></span> <span class='ocrx_word' id='word_1_369' title='bbox 3623 2269 3753 2325; x_wconf 77' lang='lat' dir='ltr'><strong>gra-</strong></span> 
     </span>
    </p>
   </div>
   <div class='ocr_carea' id='block_1_48' title="bbox 2152 2344 3753 2416">
    <p class='ocr_par' dir='ltr' id='par_1_48' title="bbox 2152 2344 3753 2416">
     <span class='ocr_line' id='line_1_48' title="bbox 2152 2344 3753 2416; baseline -0.004 -11"><span class='ocrx_word' id='word_1_370' title='bbox 2152 2350 2249 2415; x_wconf 87' lang='lat' dir='ltr'><strong>tia,</strong></span> <span class='ocrx_word' id='word_1_371' title='bbox 2289 2348 2514 2405; x_wconf 86' lang='lat' dir='ltr'><strong>Gabriel</strong></span> <span class='ocrx_word' id='word_1_372' title='bbox 2539 2362 2662 2403; x_wconf 89' lang='lat' dir='ltr'><strong>esse</strong></span> <span class='ocrx_word' id='word_1_373' title='bbox 2692 2347 2751 2402; x_wconf 92' lang='lat' dir='ltr'><strong>in</strong></span> <span class='ocrx_word' id='word_1_374' title='bbox 2771 2347 2938 2413; x_wconf 62' lang='lat' dir='ltr'><strong>caelo,</strong></span> <span class='ocrx_word' id='word_1_375' title='bbox 2966 2347 3130 2402; x_wconf 92' lang='lat' dir='ltr'><strong>simul</strong></span> <span class='ocrx_word' id='word_1_376' title='bbox 3154 2354 3213 2402; x_wconf 89' lang='lat' dir='ltr'><strong>et</strong></span> <span class='ocrx_word' id='word_1_377' title='bbox 3245 2345 3392 2416; x_wconf 89' lang='lat' dir='ltr'><strong>apud</strong></span> <span class='ocrx_word' id='word_1_378' title='bbox 3416 2344 3703 2415; x_wconf 77' lang='lat' dir='ltr'><strong>Virginem</strong></span> <span class='ocrx_word' id='word_1_379' title='bbox 3728 2360 3753 2409; x_wconf 65' lang='grc' dir='ltr'>ς</span> 
     </span>
    </p>
   </div>
   <div class='ocr_carea' id='block_1_49' title="bbox 2149 2435 3747 2511">
    <p class='ocr_par' dir='ltr' id='par_1_49' title="bbox 2149 2435 3747 2511">
     <span class='ocr_line' id='line_1_49' title="bbox 2149 2435 3747 2511; baseline -0.006 -13"><span class='ocrx_word' id='word_1_380' title='bbox 2149 2458 2255 2498; x_wconf 85' lang='lat' dir='ltr'><strong>nec</strong></span> <span class='ocrx_word' id='word_1_381' title='bbox 2280 2440 2426 2511; x_wconf 88' lang='lat' dir='ltr'><strong>apud</strong></span> <span class='ocrx_word' id='word_1_382' title='bbox 2453 2440 2738 2495; x_wconf 81' lang='lat' dir='ltr'><strong>Danielem</strong></span> <span class='ocrx_word' id='word_1_383' title='bbox 2762 2438 2817 2494; x_wconf 88' lang='lat' dir='ltr'><strong>in</strong></span> <span class='ocrx_word' id='word_1_384' title='bbox 2845 2438 3169 2510; x_wconf 85' lang='lat' dir='ltr'><strong>Babylonia,</strong></span> <span class='ocrx_word' id='word_1_385' title='bbox 3200 2446 3259 2493; x_wconf 89' lang='lat' dir='ltr'><strong>et</strong></span> <span class='ocrx_word' id='word_1_386' title='bbox 3293 2437 3351 2492; x_wconf 89' lang='lat' dir='ltr'><strong>in</strong></span> <span class='ocrx_word' id='word_1_387' title='bbox 3372 2436 3566 2494; x_wconf 66' lang='lat' dir='ltr'><strong>Iudaea</strong></span> <span class='ocrx_word' id='word_1_388' title='bbox 3595 2435 3747 2506; x_wconf 76' lang='lat' dir='ltr'><strong>apud</strong></span> 
     </span>
    </p>
   </div>
   <div class='ocr_carea' id='block_1_50' title="bbox 2150 2527 3751 2602">
    <p class='ocr_par' dir='ltr' id='par_1_50' title="bbox 2150 2527 3751 2602">
     <span class='ocr_line' id='line_1_50' title="bbox 2150 2527 3751 2602; baseline -0.004 -12"><span class='ocrx_word' id='word_1_389' title='bbox 2150 2534 2476 2591; x_wconf 85' lang='lat' dir='ltr'><strong>Ilabbacum</strong></span> <span class='ocrx_word' id='word_1_390' title='bbox 2510 2549 2526 2587; x_wconf 90' lang='lat'><strong>:</strong></span> <span class='ocrx_word' id='word_1_391' title='bbox 2560 2530 2836 2602; x_wconf 89' lang='lat' dir='ltr'><strong>siquidem</strong></span> <span class='ocrx_word' id='word_1_392' title='bbox 2878 2539 3063 2587; x_wconf 91' lang='lat' dir='ltr'><strong>creata</strong></span> <span class='ocrx_word' id='word_1_393' title='bbox 3108 2538 3194 2585; x_wconf 91' lang='lat' dir='ltr'><strong>est</strong></span> <span class='ocrx_word' id='word_1_394' title='bbox 3242 2539 3441 2584; x_wconf 89' lang='lat' dir='ltr'><strong>natura</strong></span> <span class='ocrx_word' id='word_1_395' title='bbox 3481 2529 3624 2601; x_wconf 86' lang='lat' dir='ltr'><strong>ejus.</strong></span> <span class='ocrx_word' id='word_1_396' title='bbox 3674 2527 3751 2583; x_wconf 85' lang='lat' dir='ltr'><strong>At</strong></span> 
     </span>
    </p>
   </div>
   <div class='ocr_carea' id='block_1_51' title="bbox 2152 2619 3750 2697">
    <p class='ocr_par' dir='ltr' id='par_1_51' title="bbox 2152 2619 3750 2697">
     <span class='ocr_line' id='line_1_51' title="bbox 2152 2619 3750 2697; baseline -0.006 -15"><span class='ocrx_word' id='word_1_397' title='bbox 2152 2626 2394 2697; x_wconf 81' lang='lat' dir='ltr'><strong>Spiritus</strong></span> <span class='ocrx_word' id='word_1_398' title='bbox 2443 2630 2668 2680; x_wconf 91' lang='lat' dir='ltr'><strong>sanctus</strong></span> <span class='ocrx_word' id='word_1_399' title='bbox 2717 2622 2811 2694; x_wconf 80' lang='lat' dir='ltr'><strong>qui</strong></span> <span class='ocrx_word' id='word_1_400' title='bbox 2865 2624 3050 2678; x_wconf 84' lang='lat' dir='ltr'><strong>omnia</strong></span> <span class='ocrx_word' id='word_1_401' title='bbox 3085 2623 3296 2694; x_wconf 85' lang='lat' dir='ltr'><strong>implet,</strong></span> <span class='ocrx_word' id='word_1_402' title='bbox 3349 2628 3407 2677; x_wconf 92' lang='lat' dir='ltr'><strong>et</strong></span> <span class='ocrx_word' id='word_1_403' title='bbox 3453 2620 3511 2676; x_wconf 86' lang='lat' dir='ltr'><strong>in</strong></span> <span class='ocrx_word' id='word_1_404' title='bbox 3555 2619 3750 2676; x_wconf 71' lang='lat' dir='ltr'><strong>Judzna</strong></span> 
     </span>
    </p>
   </div>
   <div class='ocr_carea' id='block_1_52' title="bbox 2151 2713 3755 2788">
    <p class='ocr_par' dir='ltr' id='par_1_52' title="bbox 2151 2713 3755 2788">
     <span class='ocr_line' id='line_1_52' title="bbox 2151 2713 3755 2788; baseline -0.006 -14"><span class='ocrx_word' id='word_1_405' title='bbox 2151 2718 2342 2775; x_wconf 88' lang='lat' dir='ltr'><strong>aderat</strong></span> <span class='ocrx_word' id='word_1_406' title='bbox 2370 2716 2688 2788; x_wconf 88' lang='lat' dir='ltr'><strong>prophetis;</strong></span> <span class='ocrx_word' id='word_1_407' title='bbox 2739 2726 2796 2771; x_wconf 90' lang='lat' dir='ltr'><strong>et</strong></span> <span class='ocrx_word' id='word_1_408' title='bbox 2824 2715 3062 2785; x_wconf 88' lang='lat' dir='ltr'><strong>captivis</strong></span> <span class='ocrx_word' id='word_1_409' title='bbox 3090 2715 3145 2769; x_wconf 92' lang='lat' dir='ltr'><strong>in</strong></span> <span class='ocrx_word' id='word_1_410' title='bbox 3201 2713 3622 2785; x_wconf 80' lang='lat' dir='ltr'><strong>Bahylonia;et</strong></span> <span class='ocrx_word' id='word_1_411' title='bbox 3644 2725 3755 2766; x_wconf 79' lang='lat' dir='ltr'><strong>eos</strong></span> 
     </span>
    </p>
   </div>
   <div class='ocr_carea' id='block_1_53' title="bbox 2151 2803 3755 2881">
    <p class='ocr_par' dir='ltr' id='par_1_53' title="bbox 2151 2803 3755 2881">
     <span class='ocr_line' id='line_1_53' title="bbox 2151 2803 3755 2881; baseline -0.004 -17"><span class='ocrx_word' id='word_1_412' title='bbox 2151 2811 2247 2881; x_wconf 90' lang='lat' dir='ltr'><strong>qui</strong></span> <span class='ocrx_word' id='word_1_413' title='bbox 2296 2810 2353 2865; x_wconf 90' lang='lat' dir='ltr'><strong>in</strong></span> <span class='ocrx_word' id='word_1_414' title='bbox 2406 2809 2641 2881; x_wconf 69' lang='lat' dir='ltr'><strong>IEgypto</strong></span> <span class='ocrx_word' id='word_1_415' title='bbox 2679 2817 2859 2872; x_wconf 88' lang='lat' dir='ltr'><strong>erant,</strong></span> <span class='ocrx_word' id='word_1_416' title='bbox 2926 2823 3038 2863; x_wconf 88' lang='lat' dir='ltr'><strong>non</strong></span> <span class='ocrx_word' id='word_1_417' title='bbox 3092 2806 3417 2872; x_wconf 82' lang='lat' dir='ltr'><strong>deserebat;</strong></span> <span class='ocrx_word' id='word_1_418' title='bbox 3482 2803 3755 2859; x_wconf 81' lang='lat' dir='ltr'><strong>omnibus</strong></span> 
     </span>
    </p>
   </div>
   <div class='ocr_carea' id='block_1_54' title="bbox 2156 2896 3749 2975">
    <p class='ocr_par' dir='ltr' id='par_1_54' title="bbox 2156 2896 3749 2975">
     <span class='ocr_line' id='line_1_54' title="bbox 2156 2896 3749 2975; baseline -0.003 -19"><span class='ocrx_word' id='word_1_419' title='bbox 2156 2918 2422 2974; x_wconf 64' lang='lat' dir='ltr'><strong>praesens,</strong></span> <span class='ocrx_word' id='word_1_420' title='bbox 2476 2909 2544 2956; x_wconf 88' lang='lat' dir='ltr'><strong>ut</strong></span> <span class='ocrx_word' id='word_1_421' title='bbox 2578 2901 2818 2971; x_wconf 88' lang='lat' dir='ltr'><strong>quisque</strong></span> <span class='ocrx_word' id='word_1_422' title='bbox 2868 2914 3044 2969; x_wconf 79' lang='lat' dir='ltr'><strong>capax</strong></span> <span class='ocrx_word' id='word_1_423' title='bbox 3108 2907 3261 2975; x_wconf 58' lang='lat' dir='ltr'><strong>erat.</strong></span> <span class='ocrx_word' id='word_1_424' title='bbox 3301 2908 3360 2953; x_wconf 87' lang='lat' dir='ltr'><strong>et</strong></span> <span class='ocrx_word' id='word_1_425' title='bbox 3414 2896 3749 2967; x_wconf 80' lang='lat' dir='ltr'><strong>sapientiam</strong></span> 
     </span>
    </p>
   </div>
   <div class='ocr_carea' id='block_1_55' title="bbox 2154 2988 3751 3062">
    <p class='ocr_par' dir='ltr' id='par_1_55' title="bbox 2154 2988 3751 3062">
     <span class='ocr_line' id='line_1_55' title="bbox 2154 2988 3751 3062; baseline -0.004 -14"><span class='ocrx_word' id='word_1_426' title='bbox 2154 2992 2382 3049; x_wconf 87' lang='lat' dir='ltr'><strong>tradens</strong></span> <span class='ocrx_word' id='word_1_427' title='bbox 2425 3007 2527 3062; x_wconf 90' lang='lat' dir='ltr'><strong>pro</strong></span> <span class='ocrx_word' id='word_1_428' title='bbox 2588 2990 2951 3061; x_wconf 84' lang='lat' dir='ltr'><strong>proportione</strong></span> <span class='ocrx_word' id='word_1_429' title='bbox 3006 2989 3161 3045; x_wconf 83' lang='lat' dir='ltr'><strong>ﬁdei.</strong></span> <span class='ocrx_word' id='word_1_430' title='bbox 3212 2988 3500 3059; x_wconf 89' lang='lat' dir='ltr'><strong>Siquidem</strong></span> <span class='ocrx_word' id='word_1_431' title='bbox 3550 3002 3751 3044; x_wconf 87' lang='lat' dir='ltr'><strong>omnes</strong></span> 
     </span>
    </p>
   </div>
   <div class='ocr_carea' id='block_1_56' title="bbox 2153 3080 3749 3155">
    <p class='ocr_par' dir='ltr' id='par_1_56' title="bbox 2153 3080 3749 3155">
     <span class='ocr_line' id='line_1_56' title="bbox 2153 3080 3749 3155; baseline -0.004 -16"><span class='ocrx_word' id='word_1_432' title='bbox 2153 3084 2437 3155; x_wconf 86' lang='lat' dir='ltr'><strong>apostolos</strong></span> <span class='ocrx_word' id='word_1_433' title='bbox 2476 3083 2768 3155; x_wconf 87' lang='lat' dir='ltr'><strong>implevit:</strong></span> <span class='ocrx_word' id='word_1_434' title='bbox 2799 3083 2870 3138; x_wconf 86' lang='lat' dir='ltr'><strong>Et</strong></span> <span class='ocrx_word' id='word_1_435' title='bbox 2909 3081 3261 3152; x_wconf 79' lang='lat' dir='ltr'><strong>loquebantur</strong></span> <span class='ocrx_word' id='word_1_436' title='bbox 3308 3082 3472 3136; x_wconf 76' lang='lat' dir='ltr'><strong>variis</strong></span> <span class='ocrx_word' id='word_1_437' title='bbox 3520 3080 3749 3151; x_wconf 76' lang='lat' dir='ltr'><strong>tinguis,</strong></span> 
     </span>
    </p>
   </div>
   <div class='ocr_carea' id='block_1_57' title="bbox 469 3162 2051 3261">
    <p class='ocr_par' dir='ltr' id='par_1_57' title="bbox 469 3162 2050 3236">
     <span class='ocr_line' id='line_1_57' title="bbox 469 3162 2050 3236; baseline -0.013 -2"><span class='ocrx_word' id='word_1_438' title='bbox 469 3184 701 3235; x_wconf 85' lang='lat' dir='ltr'><strong>sanctus</strong></span> <span class='ocrx_word' id='word_1_439' title='bbox 744 3185 949 3227; x_wconf 85' lang='lat' dir='ltr'><strong>manus</strong></span> <span class='ocrx_word' id='word_1_440' title='bbox 985 3168 1170 3224; x_wconf 87' lang='lat' dir='ltr'><strong>Patris</strong></span> <span class='ocrx_word' id='word_1_441' title='bbox 1208 3184 1222 3222; x_wconf 89' lang='lat'><strong>:</strong></span> <span class='ocrx_word' id='word_1_442' title='bbox 1257 3165 1313 3221; x_wconf 90' lang='lat' dir='ltr'><strong>id</strong></span> <span class='ocrx_word' id='word_1_443' title='bbox 1358 3163 1509 3236; x_wconf 88' lang='lat' dir='ltr'><strong>quod</strong></span> <span class='ocrx_word' id='word_1_444' title='bbox 1558 3162 1779 3233; x_wconf 88' lang='lat' dir='ltr'><strong>planius</strong></span> <span class='ocrx_word' id='word_1_445' title='bbox 1814 3178 1883 3216; x_wconf 82' lang='lat' dir='ltr'><strong>ex</strong></span> <span class='ocrx_word' id='word_1_446' title='bbox 1919 3176 2050 3232; x_wconf 81' lang='lat' dir='ltr'><strong>pro-</strong></span> 
     </span>
    </p>
   </div>
   <div class='ocr_carea' id='block_1_58' title="bbox 2151 3162 3743 3261">
    <p class='ocr_par' dir='ltr' id='par_1_58' title="bbox 2156 3174 3743 3247">
     <span class='ocr_line' id='line_1_58' title="bbox 2156 3174 3743 3247; baseline -0.001 -17"><span class='ocrx_word' id='word_1_447' title='bbox 2156 3184 2311 3247; x_wconf 75' lang='lat' dir='ltr'><strong>prout</strong></span> <span class='ocrx_word' id='word_1_448' title='bbox 2341 3175 2574 3247; x_wconf 69' lang='lat' dir='ltr'><strong>Spiritus</strong></span> <span class='ocrx_word' id='word_1_449' title='bbox 2607 3185 2823 3231; x_wconf 79' lang='lat' dir='ltr'><strong>sanctus</strong></span> <span class='ocrx_word' id='word_1_450' title='bbox 2846 3176 3009 3230; x_wconf 89' lang='lat' dir='ltr'><strong>dabat</strong></span> <span class='ocrx_word' id='word_1_451' title='bbox 3041 3176 3115 3229; x_wconf 73' lang='lat' dir='ltr'><strong>eis</strong></span> <span class='ocrx_word' id='word_1_452' title='bbox 3146 3174 3319 3245; x_wconf 74' lang='lat' dir='ltr'><strong>eloqui</strong></span> <span class='ocrx_word' id='word_1_453' title='bbox 3361 3175 3444 3239; x_wconf 83' lang='grc'>⁸²;</span> <span class='ocrx_word' id='word_1_454' title='bbox 3494 3182 3553 3228; x_wconf 83' lang='grc' dir='ltr'><strong>ει</strong></span> <span class='ocrx_word' id='word_1_455' title='bbox 3580 3188 3743 3244; x_wconf 68' lang='grc' dir='ltr'><em>ρει-«ιο</em></span> 
     </span>
    </p>
   </div>
   <div class='ocr_carea' id='block_1_59' title="bbox 469 3253 2050 3342">
    <p class='ocr_par' dir='ltr' id='par_1_59' title="bbox 469 3253 2050 3342">
     <span class='ocr_line' id='line_1_59' title="bbox 469 3253 2050 3342; baseline -0.011 -17"><span class='ocrx_word' id='word_1_456' title='bbox 469 3266 681 3342; x_wconf 88' lang='lat' dir='ltr'><strong>phetiis</strong></span> <span class='ocrx_word' id='word_1_457' title='bbox 707 3263 1025 3321; x_wconf 83' lang='lat' dir='ltr'><strong>didicimus.</strong></span> <span class='ocrx_word' id='word_1_458' title='bbox 1056 3259 1115 3316; x_wconf 88' lang='lat' dir='ltr'><strong>Si</strong></span> <span class='ocrx_word' id='word_1_459' title='bbox 1142 3259 1297 3316; x_wconf 88' lang='lat' dir='ltr'><strong>enim</strong></span> <span class='ocrx_word' id='word_1_460' title='bbox 1340 3255 1624 3329; x_wconf 66' lang='lat' dir='ltr'><strong>prophetae</strong></span> <span class='ocrx_word' id='word_1_461' title='bbox 1660 3253 1810 3327; x_wconf 89' lang='lat' dir='ltr'><strong>pleni</strong></span> <span class='ocrx_word' id='word_1_462' title='bbox 1840 3253 2050 3325; x_wconf 88' lang='lat' dir='ltr'><strong>Spiritu</strong></span> 
     </span>
    </p>
   </div>
   <div class='ocr_carea' id='block_1_60' title="bbox 470 3346 2052 3420">
    <p class='ocr_par' dir='ltr' id='par_1_60' title="bbox 470 3346 2052 3420">
     <span class='ocr_line' id='line_1_60' title="bbox 470 3346 2052 3420; baseline -0.013 0"><span class='ocrx_word' id='word_1_463' title='bbox 470 3370 663 3420; x_wconf 88' lang='lat' dir='ltr'><strong>sancto</strong></span> <span class='ocrx_word' id='word_1_464' title='bbox 690 3360 1000 3414; x_wconf 88' lang='lat' dir='ltr'><strong>intererant</strong></span> <span class='ocrx_word' id='word_1_465' title='bbox 1024 3352 1235 3408; x_wconf 82' lang='lat' dir='ltr'><strong>futuris</strong></span> <span class='ocrx_word' id='word_1_466' title='bbox 1270 3359 1530 3420; x_wconf 88' lang='lat' dir='ltr'><strong>tanquam</strong></span> <span class='ocrx_word' id='word_1_467' title='bbox 1557 3346 1951 3419; x_wconf 84' lang='lat' dir='ltr'><strong>praesentibus,</strong></span> <span class='ocrx_word' id='word_1_468' title='bbox 1987 3346 2052 3401; x_wconf 38' lang='lat' dir='ltr'><strong>lie</strong></span> 
     </span>
    </p>
   </div>
   <div class='ocr_carea' id='block_1_61' title="bbox 472 3437 2052 3527">
    <p class='ocr_par' dir='ltr' id='par_1_61' title="bbox 472 3437 2052 3527">
     <span class='ocr_line' id='line_1_61' title="bbox 472 3437 2052 3527; baseline -0.011 -18"><span class='ocrx_word' id='word_1_469' title='bbox 472 3460 626 3527; x_wconf 89' lang='lat' dir='ltr'><strong>quet,</strong></span> <span class='ocrx_word' id='word_1_470' title='bbox 675 3448 1119 3520; x_wconf 89' lang='lat' dir='ltr'><strong>quotiescunque</strong></span> <span class='ocrx_word' id='word_1_471' title='bbox 1151 3444 1348 3499; x_wconf 88' lang='lat' dir='ltr'><strong>dicunt</strong></span> <span class='ocrx_word' id='word_1_472' title='bbox 1375 3459 1389 3496; x_wconf 88' lang='lat'><strong>:</strong></span> <span class='ocrx_word' id='word_1_473' title='bbox 1419 3439 1586 3495; x_wconf 85' lang='lat' dir='ltr'><strong>Facta</strong></span> <span class='ocrx_word' id='word_1_474' title='bbox 1616 3447 1694 3494; x_wconf 77' lang='lat' dir='ltr'><strong>est</strong></span> <span class='ocrx_word' id='word_1_475' title='bbox 1735 3454 1922 3493; x_wconf 80' lang='lat' dir='ltr'><strong>manus</strong></span> <span class='ocrx_word' id='word_1_476' title='bbox 1941 3437 2052 3492; x_wconf 88' lang='lat' dir='ltr'><strong>Do-</strong></span> 
     </span>
    </p>
   </div>
   <div class='ocr_carea' id='block_1_62' title="bbox 473 3525 2053 3613">
    <p class='ocr_par' dir='ltr' id='par_1_62' title="bbox 473 3525 2053 3613">
     <span class='ocr_line' id='line_1_62' title="bbox 473 3525 2053 3613; baseline -0.013 -12"><span class='ocrx_word' id='word_1_477' title='bbox 473 3525 605 3601; x_wconf 84' lang='lat' dir='ltr'><strong>mini</strong></span> <span class='ocrx_word' id='word_1_478' title='bbox 646 3556 808 3613; x_wconf 81' lang='lat' dir='ltr'><strong>super</strong></span> <span class='ocrx_word' id='word_1_479' title='bbox 842 3555 923 3594; x_wconf 87' lang='lat' dir='ltr'><strong>me</strong></span> <span class='ocrx_word' id='word_1_480' title='bbox 962 3538 1032 3603; x_wconf 84' lang='lat'><strong>&quot;,</strong></span> <span class='ocrx_word' id='word_1_481' title='bbox 1081 3534 1382 3590; x_wconf 84' lang='lat' dir='ltr'><strong>adventum</strong></span> <span class='ocrx_word' id='word_1_482' title='bbox 1436 3545 1536 3587; x_wconf 89' lang='lat' dir='ltr'><strong>eos</strong></span> <span class='ocrx_word' id='word_1_483' title='bbox 1582 3528 1824 3597; x_wconf 88' lang='lat' dir='ltr'><strong>Spiritus</strong></span> <span class='ocrx_word' id='word_1_484' title='bbox 1877 3525 2053 3584; x_wconf 89' lang='lat' dir='ltr'><strong>sancti</strong></span> 
     </span>
    </p>
   </div>
   <div class='ocr_carea' id='block_1_63' title="bbox 475 3628 2052 3706">
    <p class='ocr_par' dir='ltr' id='par_1_63' title="bbox 475 3628 2052 3706">
     <span class='ocr_line' id='line_1_63' title="bbox 475 3628 2052 3706; baseline -0.007 -10"><span class='ocrx_word' id='word_1_485' title='bbox 475 3641 766 3706; x_wconf 89' lang='lat' dir='ltr'><strong>nuntiare;</strong></span> <span class='ocrx_word' id='word_1_486' title='bbox 816 3633 1095 3706; x_wconf 88' lang='lat' dir='ltr'><strong>siquidem</strong></span> <span class='ocrx_word' id='word_1_487' title='bbox 1143 3648 1242 3703; x_wconf 91' lang='lat' dir='ltr'><strong>per</strong></span> <span class='ocrx_word' id='word_1_488' title='bbox 1288 3628 1558 3700; x_wconf 78' lang='lat' dir='ltr'><strong>Spiritum</strong></span> <span class='ocrx_word' id='word_1_489' title='bbox 1607 3636 1869 3684; x_wconf 83' lang='lat' dir='ltr'><strong>sanctum</strong></span> <span class='ocrx_word' id='word_1_490' title='bbox 1914 3630 2052 3685; x_wconf 86' lang='lat' dir='ltr'><strong>ﬁunt</strong></span> 
     </span>
    </p>
   </div>
   <div class='ocr_carea' id='block_1_64' title="bbox 475 3722 2054 3807">
    <p class='ocr_par' dir='ltr' id='par_1_64' title="bbox 475 3722 2054 3807">
     <span class='ocr_line' id='line_1_64' title="bbox 475 3722 2054 3807; baseline -0.01 -16"><span class='ocrx_word' id='word_1_491' title='bbox 475 3733 831 3807; x_wconf 66' lang='lat' dir='ltr'><strong>prophetiae:</strong></span> <span class='ocrx_word' id='word_1_492' title='bbox 878 3726 1029 3799; x_wconf 93' lang='lat' dir='ltr'><strong>quod</strong></span> <span class='ocrx_word' id='word_1_493' title='bbox 1082 3740 1246 3781; x_wconf 91' lang='lat' dir='ltr'><strong>nemo</strong></span> <span class='ocrx_word' id='word_1_494' title='bbox 1295 3724 1553 3780; x_wconf 90' lang='lat' dir='ltr'><strong>dubitare</strong></span> <span class='ocrx_word' id='word_1_495' title='bbox 1599 3722 1787 3787; x_wconf 83' lang='lat' dir='ltr'><strong>debet,</strong></span> <span class='ocrx_word' id='word_1_496' title='bbox 1836 3722 1930 3792; x_wconf 89' lang='lat' dir='ltr'><strong>qui</strong></span> <span class='ocrx_word' id='word_1_497' title='bbox 1966 3722 2054 3775; x_wconf 91' lang='lat' dir='ltr'><strong>in-</strong></span> 
     </span>
    </p>
   </div>
   <div class='ocr_carea' id='block_1_65' title="bbox 478 3812 2053 3891">
    <p class='ocr_par' dir='ltr' id='par_1_65' title="bbox 478 3812 2053 3891">
     <span class='ocr_line' id='line_1_65' title="bbox 478 3812 2053 3891; baseline -0.008 -12"><span class='ocrx_word' id='word_1_498' title='bbox 478 3823 774 3886; x_wconf 79' lang='lat' dir='ltr'><strong>tellexerit,</strong></span> <span class='ocrx_word' id='word_1_499' title='bbox 825 3835 950 3891; x_wconf 64' lang='lat' dir='ltr'><strong>quae</strong></span> <span class='ocrx_word' id='word_1_500' title='bbox 1000 3817 1260 3888; x_wconf 89' lang='lat' dir='ltr'><strong>superius</strong></span> <span class='ocrx_word' id='word_1_501' title='bbox 1305 3816 1547 3871; x_wconf 80' lang='lat' dir='ltr'><strong>diximus</strong></span> <span class='ocrx_word' id='word_1_502' title='bbox 1590 3814 1661 3869; x_wconf 91' lang='lat' dir='ltr'><strong>de</strong></span> <span class='ocrx_word' id='word_1_503' title='bbox 1714 3814 1887 3884; x_wconf 89' lang='lat' dir='ltr'><strong>digito</strong></span> <span class='ocrx_word' id='word_1_504' title='bbox 1932 3812 2053 3879; x_wconf 89' lang='lat' dir='ltr'><strong>Dei,</strong></span> 
     </span>
    </p>
   </div>
   <div class='ocr_carea' id='block_1_66' title="bbox 475 3908 2060 3982">
    <p class='ocr_par' dir='ltr' id='par_1_66' title="bbox 475 3908 2060 3982">
     <span class='ocr_line' id='line_1_66' title="bbox 475 3908 2060 3982; baseline -0.009 -9"><span class='ocrx_word' id='word_1_505' title='bbox 475 3933 599 3973; x_wconf 89' lang='lat' dir='ltr'><strong>esse</strong></span> <span class='ocrx_word' id='word_1_506' title='bbox 637 3914 855 3970; x_wconf 88' lang='lat' dir='ltr'><strong>scilicet</strong></span> <span class='ocrx_word' id='word_1_507' title='bbox 892 3927 1019 3967; x_wconf 91' lang='lat' dir='ltr'><strong>cum</strong></span> <span class='ocrx_word' id='word_1_508' title='bbox 1060 3910 1291 3982; x_wconf 88' lang='lat' dir='ltr'><strong>digitum</strong></span> <span class='ocrx_word' id='word_1_509' title='bbox 1339 3908 1604 3979; x_wconf 90' lang='lat' dir='ltr'><strong>Spiritum</strong></span> <span class='ocrx_word' id='word_1_510' title='bbox 1639 3914 1910 3968; x_wconf 86' lang='lat' dir='ltr'><strong>sanctum,</strong></span> <span class='ocrx_word' id='word_1_511' title='bbox 1946 3921 2060 3975; x_wconf 86' lang='lat' dir='ltr'><strong>quo</strong></span> 
     </span>
    </p>
   </div>
   <div class='ocr_carea' id='block_1_67' title="bbox 478 3998 2065 4079">
    <p class='ocr_par' dir='ltr' id='par_1_67' title="bbox 478 3998 2065 4079">
     <span class='ocr_line' id='line_1_67' title="bbox 478 3998 2065 4079; baseline -0.007 -16"><span class='ocrx_word' id='word_1_512' title='bbox 478 4007 653 4079; x_wconf 83' lang='lat' dir='ltr'><strong>digito</strong></span> <span class='ocrx_word' id='word_1_513' title='bbox 693 4006 782 4060; x_wconf 78' lang='lat' dir='ltr'><strong>lex</strong></span> <span class='ocrx_word' id='word_1_514' title='bbox 807 4003 1010 4075; x_wconf 84' lang='lat' dir='ltr'><strong>Moysis</strong></span> <span class='ocrx_word' id='word_1_515' title='bbox 1052 4002 1106 4057; x_wconf 90' lang='lat' dir='ltr'><strong>in</strong></span> <span class='ocrx_word' id='word_1_516' title='bbox 1139 4001 1377 4073; x_wconf 88' lang='lat' dir='ltr'><strong>lapideis</strong></span> <span class='ocrx_word' id='word_1_517' title='bbox 1418 3999 1627 4054; x_wconf 89' lang='lat' dir='ltr'><strong>tabulis</strong></span> <span class='ocrx_word' id='word_1_518' title='bbox 1655 3998 1779 4054; x_wconf 88' lang='lat' dir='ltr'><strong>data</strong></span> <span class='ocrx_word' id='word_1_519' title='bbox 1803 4007 1909 4054; x_wconf 91' lang='lat' dir='ltr'><strong>est.</strong></span> <span class='ocrx_word' id='word_1_520' title='bbox 1943 3998 2065 4052; x_wconf 81' lang='lat' dir='ltr'><strong>Hoc</strong></span> 
     </span>
    </p>
   </div>
   <div class='ocr_carea' id='block_1_68' title="bbox 476 4089 2059 4164">
    <p class='ocr_par' dir='ltr' id='par_1_68' title="bbox 476 4089 2059 4164">
     <span class='ocr_line' id='line_1_68' title="bbox 476 4089 2059 4164; baseline -0.008 -10"><span class='ocrx_word' id='word_1_521' title='bbox 476 4100 641 4155; x_wconf 89' lang='lat' dir='ltr'><strong>etiam</strong></span> <span class='ocrx_word' id='word_1_522' title='bbox 693 4097 926 4152; x_wconf 68' lang='lat' dir='ltr'><strong>Elisaaus</strong></span> <span class='ocrx_word' id='word_1_523' title='bbox 952 4094 1032 4149; x_wconf 85' lang='lat' dir='ltr'><strong>in</strong></span> <span class='ocrx_word' id='word_1_524' title='bbox 1070 4093 1359 4164; x_wconf 74' lang='lat' dir='ltr'><strong>aenigmate</strong></span> <span class='ocrx_word' id='word_1_525' title='bbox 1384 4089 1733 4161; x_wconf 75' lang='lat' dir='ltr'><strong>significavit,</strong></span> <span class='ocrx_word' id='word_1_526' title='bbox 1783 4105 1909 4146; x_wconf 92' lang='lat' dir='ltr'><strong>cum</strong></span> <span class='ocrx_word' id='word_1_527' title='bbox 1938 4089 2059 4143; x_wconf 84' lang='lat' dir='ltr'><strong>ait:</strong></span> 
     </span>
    </p>
   </div>
   <div class='ocr_carea' id='block_1_69' title="bbox 474 4181 2056 4262">
    <p class='ocr_par' dir='ltr' id='par_1_69' title="bbox 474 4181 2056 4262">
     <span class='ocr_line' id='line_1_69' title="bbox 474 4181 2056 4262; baseline -0.006 -16"><span class='ocrx_word' id='word_1_528' title='bbox 474 4192 708 4262; x_wconf 80' lang='lat' dir='ltr'><strong>Accipite</strong></span> <span class='ocrx_word' id='word_1_529' title='bbox 744 4190 874 4243; x_wconf 83' lang='lat' dir='ltr'><strong>mihi</strong></span> <span class='ocrx_word' id='word_1_530' title='bbox 903 4186 1242 4259; x_wconf 71' lang='lat' dir='ltr'><strong>psalientem.</strong></span> <span class='ocrx_word' id='word_1_531' title='bbox 1288 4183 1357 4238; x_wconf 84' lang='lat' dir='ltr'><strong>Et</strong></span> <span class='ocrx_word' id='word_1_532' title='bbox 1395 4184 1596 4254; x_wconf 78' lang='lat' dir='ltr'><strong>factum</strong></span> <span class='ocrx_word' id='word_1_533' title='bbox 1632 4191 1729 4247; x_wconf 79' lang='lat' dir='ltr'><strong>est,</strong></span> <span class='ocrx_word' id='word_1_534' title='bbox 1759 4199 1879 4237; x_wconf 89' lang='lat' dir='ltr'><strong>cum</strong></span> <span class='ocrx_word' id='word_1_535' title='bbox 1909 4181 2056 4253; x_wconf 80' lang='lat' dir='ltr'><strong>psal-</strong></span> 
     </span>
    </p>
   </div>
   <div class='ocr_carea' id='block_1_70' title="bbox 478 4276 2058 4353">
    <p class='ocr_par' dir='ltr' id='par_1_70' title="bbox 478 4276 2058 4353">
     <span class='ocr_line' id='line_1_70' title="bbox 478 4276 2058 4353; baseline -0.006 -16"><span class='ocrx_word' id='word_1_536' title='bbox 478 4285 609 4338; x_wconf 79' lang='lat' dir='ltr'><strong>leret</strong></span> <span class='ocrx_word' id='word_1_537' title='bbox 669 4284 759 4353; x_wconf 85' lang='lat' dir='ltr'><strong>qui</strong></span> <span class='ocrx_word' id='word_1_538' title='bbox 810 4278 1107 4352; x_wconf 64' lang='lat' dir='ltr'><strong>psaliebat,</strong></span> <span class='ocrx_word' id='word_1_539' title='bbox 1173 4276 1315 4346; x_wconf 79' lang='lat' dir='ltr'><strong>facta</strong></span> <span class='ocrx_word' id='word_1_540' title='bbox 1378 4282 1454 4329; x_wconf 78' lang='lat' dir='ltr'><strong>est</strong></span> <span class='ocrx_word' id='word_1_541' title='bbox 1505 4290 1663 4345; x_wconf 81' lang='lat' dir='ltr'><strong>super</strong></span> <span class='ocrx_word' id='word_1_542' title='bbox 1704 4290 1825 4329; x_wconf 91' lang='lat' dir='ltr'><strong>eum</strong></span> <span class='ocrx_word' id='word_1_543' title='bbox 1867 4291 2058 4329; x_wconf 79' lang='lat' dir='ltr'><strong>manus</strong></span> 
     </span>
    </p>
   </div>
   <div class='ocr_carea' id='block_1_71' title="bbox 477 4365 2057 4439">
    <p class='ocr_par' dir='ltr' id='par_1_71' title="bbox 477 4365 2057 4439">
     <span class='ocr_line' id='line_1_71' title="bbox 477 4365 2057 4439; baseline -0.007 -9"><span class='ocrx_word' id='word_1_544' title='bbox 477 4375 690 4430; x_wconf 87' lang='lat' dir='ltr'><strong>Domini</strong></span> <span class='ocrx_word' id='word_1_545' title='bbox 716 4374 798 4439; x_wconf 85' lang='grc'><strong>⁸⁰;</strong></span> <span class='ocrx_word' id='word_1_546' title='bbox 830 4382 889 4428; x_wconf 88' lang='grc' dir='ltr'><strong>ει</strong></span> <span class='ocrx_word' id='word_1_547' title='bbox 936 4370 1076 4426; x_wconf 84' lang='lat' dir='ltr'><strong>dixit</strong></span> <span class='ocrx_word' id='word_1_548' title='bbox 1116 4366 1439 4424; x_wconf 85' lang='lat' dir='ltr'><strong>declarandi</strong></span> <span class='ocrx_word' id='word_1_549' title='bbox 1493 4367 1670 4438; x_wconf 90' lang='lat' dir='ltr'><strong>gratia</strong></span> <span class='ocrx_word' id='word_1_550' title='bbox 1710 4384 1724 4421; x_wconf 89' lang='lat'><strong>:</strong></span> <span class='ocrx_word' id='word_1_551' title='bbox 1757 4366 1827 4422; x_wconf 87' lang='lat' dir='ltr'><strong>Et</strong></span> <span class='ocrx_word' id='word_1_552' title='bbox 1856 4365 2057 4435; x_wconf 81' lang='lat' dir='ltr'><strong>factum</strong></span> 
     </span>
    </p>
   </div>
   <div class='ocr_carea' id='block_1_72' title="bbox 477 4464 1461 4539">
    <p class='ocr_par' dir='ltr' id='par_1_72' title="bbox 477 4464 1461 4539">
     <span class='ocr_line' id='line_1_72' title="bbox 477 4464 1461 4539; baseline -0.01 -16"><span class='ocrx_word' id='word_1_553' title='bbox 477 4478 552 4523; x_wconf 84' lang='lat' dir='ltr'><strong>est</strong></span> <span class='ocrx_word' id='word_1_554' title='bbox 575 4465 808 4539; x_wconf 83' lang='lat' dir='ltr'><strong>Spiritus</strong></span> <span class='ocrx_word' id='word_1_555' title='bbox 856 4464 1071 4519; x_wconf 86' lang='lat' dir='ltr'><strong>Domini</strong></span> <span class='ocrx_word' id='word_1_556' title='bbox 1116 4476 1279 4532; x_wconf 78' lang='lat' dir='ltr'><strong>super</strong></span> <span class='ocrx_word' id='word_1_557' title='bbox 1319 4476 1461 4514; x_wconf 87' lang='lat' dir='ltr'><strong>eum.</strong></span> 
     </span>
    </p>
   </div>
   <div class='ocr_carea' id='block_1_73' title="bbox 2153 3268 3744 3340">
    <p class='ocr_par' dir='ltr' id='par_1_73' title="bbox 2153 3268 3744 3340">
     <span class='ocr_line' id='line_1_73' title="bbox 2153 3268 3744 3340; baseline -0.001 -17"><span class='ocrx_word' id='word_1_558' title='bbox 2153 3268 2476 3339; x_wconf 85' lang='lat' dir='ltr'><strong>grinabatur</strong></span> <span class='ocrx_word' id='word_1_559' title='bbox 2527 3283 2653 3324; x_wconf 88' lang='lat' dir='ltr'><strong>cum</strong></span> <span class='ocrx_word' id='word_1_560' title='bbox 2693 3268 3219 3340; x_wconf 79' lang='lat' dir='ltr'><strong>peregrinantibus;</strong></span> <span class='ocrx_word' id='word_1_561' title='bbox 3247 3276 3304 3323; x_wconf 89' lang='lat' dir='ltr'><strong>et</strong></span> <span class='ocrx_word' id='word_1_562' title='bbox 3337 3282 3464 3323; x_wconf 89' lang='lat' dir='ltr'><strong>cum</strong></span> <span class='ocrx_word' id='word_1_563' title='bbox 3493 3281 3744 3323; x_wconf 74' lang='lat' dir='ltr'><strong>comma-</strong></span> 
     </span>
    </p>
   </div>
   <div class='ocr_carea' id='block_1_74' title="bbox 2153 3360 3743 3431">
    <p class='ocr_par' dir='ltr' id='par_1_74' title="bbox 2153 3360 3743 3431">
     <span class='ocr_line' id='line_1_74' title="bbox 2153 3360 3743 3431; baseline -0.002 -14"><span class='ocrx_word' id='word_1_564' title='bbox 2153 3362 2409 3418; x_wconf 91' lang='lat' dir='ltr'><strong>rantibus</strong></span> <span class='ocrx_word' id='word_1_565' title='bbox 2438 3361 2908 3430; x_wconf 90' lang='lat' dir='ltr'><strong>commorabatur,</strong></span> <span class='ocrx_word' id='word_1_566' title='bbox 2964 3361 3249 3418; x_wconf 86' lang='lat' dir='ltr'><strong>individue</strong></span> <span class='ocrx_word' id='word_1_567' title='bbox 3295 3369 3354 3417; x_wconf 87' lang='lat' dir='ltr'><strong>et</strong></span> <span class='ocrx_word' id='word_1_568' title='bbox 3390 3360 3743 3431; x_wconf 84' lang='lat' dir='ltr'><strong>impartibili-</strong></span> 
     </span>
    </p>
   </div>
   <div class='ocr_carea' id='block_1_75' title="bbox 2154 3452 3739 3521">
    <p class='ocr_par' dir='ltr' id='par_1_75' title="bbox 2154 3452 3739 3521">
     <span class='ocr_line' id='line_1_75' title="bbox 2154 3452 3739 3521; baseline -0.003 -11"><span class='ocrx_word' id='word_1_569' title='bbox 2154 3464 2238 3511; x_wconf 87' lang='lat' dir='ltr'><strong>ter</strong></span> <span class='ocrx_word' id='word_1_570' title='bbox 2253 3469 2378 3510; x_wconf 91' lang='lat' dir='ltr'><strong>cum</strong></span> <span class='ocrx_word' id='word_1_571' title='bbox 2403 3454 2666 3509; x_wconf 91' lang='lat' dir='ltr'><strong>omnibus</strong></span> <span class='ocrx_word' id='word_1_572' title='bbox 2693 3454 2984 3521; x_wconf 89' lang='lat' dir='ltr'><strong>habitans;</strong></span> <span class='ocrx_word' id='word_1_573' title='bbox 3017 3463 3074 3509; x_wconf 90' lang='lat' dir='ltr'><strong>et</strong></span> <span class='ocrx_word' id='word_1_574' title='bbox 3102 3452 3409 3510; x_wconf 70' lang='lat' dir='ltr'><strong>Antiochia:</strong></span> <span class='ocrx_word' id='word_1_575' title='bbox 3433 3452 3739 3507; x_wconf 89' lang='lat' dir='ltr'><strong>Barnabam</strong></span> 
     </span>
    </p>
   </div>
   <div class='ocr_carea' id='block_1_76' title="bbox 2152 3545 3745 3617">
    <p class='ocr_par' dir='ltr' id='par_1_76' title="bbox 2152 3545 3745 3617">
     <span class='ocr_line' id='line_1_76' title="bbox 2152 3545 3745 3617; baseline -0.001 -14"><span class='ocrx_word' id='word_1_576' title='bbox 2152 3555 2210 3603; x_wconf 88' lang='lat' dir='ltr'><strong>et</strong></span> <span class='ocrx_word' id='word_1_577' title='bbox 2256 3546 2484 3604; x_wconf 87' lang='lat' dir='ltr'><strong>Saulum</strong></span> <span class='ocrx_word' id='word_1_578' title='bbox 2505 3546 2801 3603; x_wconf 84' lang='lat' dir='ltr'><strong>ordinabat</strong></span> <span class='ocrx_word' id='word_1_579' title='bbox 2827 3564 2844 3613; x_wconf 90' lang='lat'><strong>;</strong></span> <span class='ocrx_word' id='word_1_580' title='bbox 2878 3554 2939 3603; x_wconf 90' lang='lat' dir='ltr'><strong>et</strong></span> <span class='ocrx_word' id='word_1_581' title='bbox 2970 3562 3099 3603; x_wconf 89' lang='lat' dir='ltr'><strong>eum</strong></span> <span class='ocrx_word' id='word_1_582' title='bbox 3137 3547 3301 3603; x_wconf 87' lang='lat' dir='ltr'><strong>Petro</strong></span> <span class='ocrx_word' id='word_1_583' title='bbox 3331 3554 3499 3617; x_wconf 88' lang='lat' dir='ltr'><strong>atque</strong></span> <span class='ocrx_word' id='word_1_584' title='bbox 3529 3545 3745 3602; x_wconf 79' lang='lat' dir='ltr'><strong>Joanne</strong></span> 
     </span>
    </p>
   </div>
   <div class='ocr_carea' id='block_1_77' title="bbox 2155 3636 3744 3708">
    <p class='ocr_par' dir='ltr' id='par_1_77' title="bbox 2155 3636 3744 3708">
     <span class='ocr_line' id='line_1_77' title="bbox 2155 3636 3744 3708; baseline 0.001 -15"><span class='ocrx_word' id='word_1_585' title='bbox 2155 3638 2212 3693; x_wconf 92' lang='lat' dir='ltr'><strong>in</strong></span> <span class='ocrx_word' id='word_1_586' title='bbox 2244 3636 2491 3694; x_wconf 89' lang='lat' dir='ltr'><strong>Samaria</strong></span> <span class='ocrx_word' id='word_1_587' title='bbox 2538 3640 2760 3703; x_wconf 83' lang='lat' dir='ltr'><strong>aderat;</strong></span> <span class='ocrx_word' id='word_1_588' title='bbox 2806 3647 2863 3693; x_wconf 90' lang='lat' dir='ltr'><strong>et</strong></span> <span class='ocrx_word' id='word_1_589' title='bbox 2901 3637 2970 3693; x_wconf 91' lang='lat' dir='ltr'><strong>ad</strong></span> <span class='ocrx_word' id='word_1_590' title='bbox 3024 3639 3164 3695; x_wconf 89' lang='lat' dir='ltr'><strong>alios</strong></span> <span class='ocrx_word' id='word_1_591' title='bbox 3201 3638 3427 3708; x_wconf 89' lang='lat' dir='ltr'><strong>quidem</strong></span> <span class='ocrx_word' id='word_1_592' title='bbox 3479 3638 3744 3695; x_wconf 75' lang='lat' dir='ltr'><strong>veniebat</strong></span> 
     </span>
    </p>
   </div>
   <div class='ocr_carea' id='block_1_78' title="bbox 2154 3730 3748 3803">
    <p class='ocr_par' dir='ltr' id='par_1_78' title="bbox 2154 3730 3748 3803">
     <span class='ocr_line' id='line_1_78' title="bbox 2154 3730 3748 3803; baseline 0 -18"><span class='ocrx_word' id='word_1_593' title='bbox 2154 3746 2255 3801; x_wconf 86' lang='lat' dir='ltr'><strong>per</strong></span> <span class='ocrx_word' id='word_1_594' title='bbox 2284 3730 2695 3801; x_wconf 87' lang='lat' dir='ltr'><strong>impositionem</strong></span> <span class='ocrx_word' id='word_1_595' title='bbox 2738 3746 3004 3786; x_wconf 86' lang='lat' dir='ltr'><strong>manuum</strong></span> <span class='ocrx_word' id='word_1_596' title='bbox 3040 3732 3419 3803; x_wconf 87' lang='lat' dir='ltr'><strong>apostolorum</strong></span> <span class='ocrx_word' id='word_1_597' title='bbox 3467 3746 3571 3802; x_wconf 86' lang='lat' dir='ltr'><strong>per</strong></span> <span class='ocrx_word' id='word_1_598' title='bbox 3602 3746 3748 3801; x_wconf 80' lang='lat' dir='ltr'><strong>quos</strong></span> 
     </span>
    </p>
   </div>
   <div class='ocr_carea' id='block_1_79' title="bbox 2154 3821 3737 3895">
    <p class='ocr_par' dir='ltr' id='par_1_79' title="bbox 2154 3821 3737 3895">
     <span class='ocr_line' id='line_1_79' title="bbox 2154 3821 3737 3895; baseline 0.001 -19"><span class='ocrx_word' id='word_1_599' title='bbox 2154 3821 2518 3892; x_wconf 89' lang='lat' dir='ltr'><strong>loquebatur;</strong></span> <span class='ocrx_word' id='word_1_600' title='bbox 2584 3823 2725 3878; x_wconf 87' lang='lat' dir='ltr'><strong>alios</strong></span> <span class='ocrx_word' id='word_1_601' title='bbox 2793 3838 2929 3880; x_wconf 84' lang='lat' dir='ltr'><strong>vero</strong></span> <span class='ocrx_word' id='word_1_602' title='bbox 2988 3823 3059 3879; x_wconf 87' lang='lat' dir='ltr'><strong>ad</strong></span> <span class='ocrx_word' id='word_1_603' title='bbox 3122 3823 3279 3895; x_wconf 56' lang='lat' dir='ltr'><strong>praui</strong></span> <span class='ocrx_word' id='word_1_604' title='bbox 3300 3822 3543 3880; x_wconf 82' lang='lat' dir='ltr'><strong>candum</strong></span> <span class='ocrx_word' id='word_1_605' title='bbox 3612 3825 3737 3878; x_wconf 89' lang='lat' dir='ltr'><strong>mit-</strong></span> 
     </span>
    </p>
   </div>
   <div class='ocr_carea' id='block_1_80' title="bbox 2158 3914 3737 3985">
    <p class='ocr_par' dir='ltr' id='par_1_80' title="bbox 2158 3914 3737 3985">
     <span class='ocr_line' id='line_1_80' title="bbox 2158 3914 3737 3985; baseline 0.001 -16"><span class='ocrx_word' id='word_1_606' title='bbox 2158 3915 2328 3979; x_wconf 90' lang='lat' dir='ltr'><strong>tebat,</strong></span> <span class='ocrx_word' id='word_1_607' title='bbox 2367 3914 2504 3969; x_wconf 89' lang='lat' dir='ltr'><strong>alios</strong></span> <span class='ocrx_word' id='word_1_608' title='bbox 2559 3930 2673 3969; x_wconf 82' lang='lat' dir='ltr'><strong>non</strong></span> <span class='ocrx_word' id='word_1_609' title='bbox 2720 3915 2939 3971; x_wconf 85' lang='lat' dir='ltr'><strong>sinebat</strong></span> <span class='ocrx_word' id='word_1_610' title='bbox 2984 3916 3070 3970; x_wconf 90' lang='lat' dir='ltr'><strong>ire</strong></span> <span class='ocrx_word' id='word_1_611' title='bbox 3113 3931 3229 3985; x_wconf 84' lang='lat' dir='ltr'><strong>quo</strong></span> <span class='ocrx_word' id='word_1_612' title='bbox 3267 3916 3551 3971; x_wconf 85' lang='lat' dir='ltr'><strong>volebant.</strong></span> <span class='ocrx_word' id='word_1_613' title='bbox 3614 3915 3737 3971; x_wconf 65' lang='lat' dir='ltr'><strong>Haec</strong></span> 
     </span>
    </p>
   </div>
   <div class='ocr_carea' id='block_1_81' title="bbox 2156 4007 3735 4080">
    <p class='ocr_par' dir='ltr' id='par_1_81' title="bbox 2156 4007 3735 4080">
     <span class='ocr_line' id='line_1_81' title="bbox 2156 4007 3735 4080; baseline -0.001 -18"><span class='ocrx_word' id='word_1_614' title='bbox 2156 4007 2342 4063; x_wconf 88' lang='lat' dir='ltr'><strong>omnia</strong></span> <span class='ocrx_word' id='word_1_615' title='bbox 2408 4015 2538 4063; x_wconf 88' lang='lat' dir='ltr'><strong>sunt</strong></span> <span class='ocrx_word' id='word_1_616' title='bbox 2600 4010 2852 4080; x_wconf 81' lang='lat' dir='ltr'><strong>exempla</strong></span> <span class='ocrx_word' id='word_1_617' title='bbox 2927 4008 3248 4064; x_wconf 87' lang='lat' dir='ltr'><strong>divinarum</strong></span> <span class='ocrx_word' id='word_1_618' title='bbox 3313 4009 3735 4080; x_wconf 77' lang='lat' dir='ltr'><strong>operationem,</strong></span> 
     </span>
    </p>
   </div>
   <div class='ocr_carea' id='block_1_82' title="bbox 2156 4093 3364 4167">
    <p class='ocr_par' dir='ltr' id='par_1_82' title="bbox 2156 4093 3364 4167">
     <span class='ocr_line' id='line_1_82' title="bbox 2156 4093 3364 4167; baseline 0.004 -19"><span class='ocrx_word' id='word_1_619' title='bbox 2156 4093 2361 4163; x_wconf 85' lang='lat' dir='ltr'><strong>quibus</strong></span> <span class='ocrx_word' id='word_1_620' title='bbox 2417 4095 2729 4151; x_wconf 88' lang='lat' dir='ltr'><strong>substantia</strong></span> <span class='ocrx_word' id='word_1_621' title='bbox 2779 4107 2973 4167; x_wconf 88' lang='lat' dir='ltr'><strong>aperte</strong></span> <span class='ocrx_word' id='word_1_622' title='bbox 3024 4098 3364 4153; x_wconf 79' lang='lat' dir='ltr'><strong>declaratur.</strong></span> 
     </span>
    </p>
   </div>
   <div class='ocr_carea' id='block_1_83' title="bbox 2229 4186 3739 4260">
    <p class='ocr_par' dir='ltr' id='par_1_83' title="bbox 2229 4186 3739 4260">
     <span class='ocr_line' id='line_1_83' title="bbox 2229 4186 3739 4260; baseline 0.002 -19"><span class='ocrx_word' id='word_1_623' title='bbox 2229 4186 2468 4242; x_wconf 78' lang='lat' dir='ltr'><strong>XXVIII.</strong></span> <span class='ocrx_word' id='word_1_624' title='bbox 2502 4187 2688 4243; x_wconf 87' lang='lat' dir='ltr'><strong>Multis</strong></span> <span class='ocrx_word' id='word_1_625' title='bbox 2719 4188 3165 4260; x_wconf 87' lang='lat' dir='ltr'><strong>digressionibus</strong></span> <span class='ocrx_word' id='word_1_626' title='bbox 3198 4204 3334 4245; x_wconf 89' lang='lat' dir='ltr'><strong>usus</strong></span> <span class='ocrx_word' id='word_1_627' title='bbox 3371 4205 3501 4245; x_wconf 76' lang='lat' dir='ltr'><strong>sum</strong></span> <span class='ocrx_word' id='word_1_628' title='bbox 3537 4199 3595 4245; x_wconf 90' lang='lat' dir='ltr'><strong>et</strong></span> <span class='ocrx_word' id='word_1_629' title='bbox 3626 4190 3739 4246; x_wconf 86' lang='lat' dir='ltr'><strong>for-</strong></span> 
     </span>
    </p>
   </div>
   <div class='ocr_carea' id='block_1_84' title="bbox 2164 4278 3741 4351">
    <p class='ocr_par' dir='ltr' id='par_1_84' title="bbox 2164 4278 3741 4351">
     <span class='ocr_line' id='line_1_84' title="bbox 2164 4278 3741 4351; baseline 0.004 -18"><span class='ocrx_word' id='word_1_630' title='bbox 2164 4288 2305 4335; x_wconf 88' lang='lat' dir='ltr'><strong>tasse</strong></span> <span class='ocrx_word' id='word_1_631' title='bbox 2334 4293 2444 4333; x_wconf 89' lang='lat' dir='ltr'><strong>non</strong></span> <span class='ocrx_word' id='word_1_632' title='bbox 2472 4278 2768 4345; x_wconf 86' lang='lat' dir='ltr'><strong>inutiliter,</strong></span> <span class='ocrx_word' id='word_1_633' title='bbox 2792 4295 2925 4336; x_wconf 85' lang='lat' dir='ltr'><strong>eum.</strong></span> <span class='ocrx_word' id='word_1_634' title='bbox 2947 4281 3290 4351; x_wconf 84' lang='lat' dir='ltr'><strong>pr0positum</strong></span> <span class='ocrx_word' id='word_1_635' title='bbox 3318 4282 3491 4338; x_wconf 78' lang='lat' dir='ltr'><strong>fuerit</strong></span> <span class='ocrx_word' id='word_1_636' title='bbox 3514 4283 3741 4339; x_wconf 86' lang='lat' dir='ltr'><strong>demon-</strong></span> 
     </span>
    </p>
   </div>
   <div class='ocr_carea' id='block_1_85' title="bbox 2160 4369 3739 4445">
    <p class='ocr_par' dir='ltr' id='par_1_85' title="bbox 2160 4369 3739 4445">
     <span class='ocr_line' id='line_1_85' title="bbox 2160 4369 3739 4445; baseline 0.004 -20"><span class='ocrx_word' id='word_1_637' title='bbox 2160 4380 2337 4426; x_wconf 89' lang='lat' dir='ltr'><strong>strare</strong></span> <span class='ocrx_word' id='word_1_638' title='bbox 2374 4369 2630 4426; x_wconf 86' lang='lat' dir='ltr'><strong>eamdem</strong></span> <span class='ocrx_word' id='word_1_639' title='bbox 2670 4386 2794 4428; x_wconf 87' lang='lat' dir='ltr'><strong>esse</strong></span> <span class='ocrx_word' id='word_1_640' title='bbox 2837 4373 3238 4440; x_wconf 69' lang='lat' dir='ltr'><strong>substantiam,</strong></span> <span class='ocrx_word' id='word_1_641' title='bbox 3272 4384 3330 4429; x_wconf 88' lang='lat' dir='ltr'><strong>et</strong></span> <span class='ocrx_word' id='word_1_642' title='bbox 3368 4376 3739 4445; x_wconf 64' lang='lat' dir='ltr'><strong>equalitatem</strong></span> 
     </span>
    </p>
   </div>
   <div class='ocr_carea' id='block_1_86' title="bbox 2161 4462 3742 4534">
    <p class='ocr_par' dir='ltr' id='par_1_86' title="bbox 2161 4462 3742 4534">
     <span class='ocr_line' id='line_1_86' title="bbox 2161 4462 3742 4534; baseline 0.006 -21"><span class='ocrx_word' id='word_1_643' title='bbox 2161 4475 2551 4531; x_wconf 90' lang='lat' dir='ltr'><strong>personarum.</strong></span> <span class='ocrx_word' id='word_1_644' title='bbox 2597 4462 2783 4534; x_wconf 87' lang='lat' dir='ltr'><strong>Longe</strong></span> <span class='ocrx_word' id='word_1_645' title='bbox 2833 4464 2981 4518; x_wconf 90' lang='lat' dir='ltr'><strong>enim</strong></span> <span class='ocrx_word' id='word_1_646' title='bbox 3037 4463 3281 4520; x_wconf 90' lang='lat' dir='ltr'><strong>alienum</strong></span> <span class='ocrx_word' id='word_1_647' title='bbox 3336 4474 3424 4521; x_wconf 83' lang='lat' dir='ltr'><strong>est</strong></span> <span class='ocrx_word' id='word_1_648' title='bbox 3470 4481 3502 4521; x_wconf 89' lang='lat' dir='ltr'><strong>a</strong></span> <span class='ocrx_word' id='word_1_649' title='bbox 3557 4477 3742 4523; x_wconf 86' lang='lat' dir='ltr'><strong>sancta</strong></span> 
     </span>
    </p>
   </div>
   <div class='ocr_carea' id='block_1_87' title="bbox 545 4552 3740 4630">
    <p class='ocr_par' dir='ltr' id='par_1_87' title="bbox 545 4552 3740 4630">
     <span class='ocr_line' id='line_1_87' title="bbox 545 4552 3740 4630; baseline -0.001 -13"><span class='ocrx_word' id='word_1_650' title='bbox 545 4560 761 4618; x_wconf 67' lang='lat' dir='ltr'><strong>XXVII.</strong></span> <span class='ocrx_word' id='word_1_651' title='bbox 801 4559 1252 4615; x_wconf 90' lang='lat' dir='ltr'><strong>Demonstratum</strong></span> <span class='ocrx_word' id='word_1_652' title='bbox 1275 4568 1413 4625; x_wconf 90' lang='lat' dir='ltr'><strong>ergo</strong></span> <span class='ocrx_word' id='word_1_653' title='bbox 1445 4562 1532 4609; x_wconf 90' lang='lat' dir='ltr'><strong>est</strong></span> <span class='ocrx_word' id='word_1_654' title='bbox 1569 4552 1640 4609; x_wconf 90' lang='lat' dir='ltr'><strong>iis</strong></span> <span class='ocrx_word' id='word_1_655' title='bbox 1662 4553 1763 4624; x_wconf 87' lang='lat' dir='ltr'><strong>qui</strong></span> <span class='ocrx_word' id='word_1_656' title='bbox 1789 4569 1898 4609; x_wconf 88' lang='lat' dir='ltr'><strong>non</strong></span> <span class='ocrx_word' id='word_1_657' title='bbox 1921 4568 2055 4609; x_wconf 87' lang='lat' dir='ltr'><strong>con-</strong></span> <span class='ocrx_word' id='word_1_658' title='bbox 2089 4552 2135 4611; x_wconf 89' lang='grc' dir='ltr'><em>ι)</em></span> <span class='ocrx_word' id='word_1_659' title='bbox 2161 4553 2434 4608; x_wconf 82' lang='lat' dir='ltr'><strong>Trinitate</strong></span> <span class='ocrx_word' id='word_1_660' title='bbox 2466 4553 2655 4610; x_wconf 85' lang='lat' dir='ltr'><strong>dicere</strong></span> <span class='ocrx_word' id='word_1_661' title='bbox 2690 4556 2749 4610; x_wconf 91' lang='lat' dir='ltr'><strong>in</strong></span> <span class='ocrx_word' id='word_1_662' title='bbox 2782 4572 2847 4612; x_wconf 87' lang='lat' dir='ltr'><strong>ea</strong></span> <span class='ocrx_word' id='word_1_663' title='bbox 2880 4559 3061 4630; x_wconf 84' lang='lat' dir='ltr'><strong>majus</strong></span> <span class='ocrx_word' id='word_1_664' title='bbox 3095 4567 3153 4614; x_wconf 91' lang='lat' dir='ltr'><strong>et</strong></span> <span class='ocrx_word' id='word_1_665' title='bbox 3184 4561 3369 4614; x_wconf 77' lang='lat' dir='ltr'><strong>minus</strong></span> <span class='ocrx_word' id='word_1_666' title='bbox 3406 4576 3419 4611; x_wconf 91' lang='lat'><strong>:</strong></span> <span class='ocrx_word' id='word_1_667' title='bbox 3456 4559 3562 4615; x_wconf 85' lang='lat' dir='ltr'><strong>etsi</strong></span> <span class='ocrx_word' id='word_1_668' title='bbox 3597 4560 3740 4615; x_wconf 90' lang='lat' dir='ltr'><strong>enim</strong></span> 
     </span>
    </p>
   </div>
   <div class='ocr_carea' id='block_1_88' title="bbox 480 4646 2056 4713">
    <p class='ocr_par' dir='ltr' id='par_1_88' title="bbox 480 4646 2056 4713">
     <span class='ocr_line' id='line_1_88' title="bbox 480 4646 2056 4713; baseline -0.004 -7"><span class='ocrx_word' id='word_1_669' title='bbox 480 4652 761 4709; x_wconf 87' lang='lat' dir='ltr'><strong>tradicunt</strong></span> <span class='ocrx_word' id='word_1_670' title='bbox 806 4648 1175 4713; x_wconf 89' lang='lat' dir='ltr'><strong>contentiose,</strong></span> <span class='ocrx_word' id='word_1_671' title='bbox 1217 4646 1745 4703; x_wconf 85' lang='lat' dir='ltr'><strong>consubstantialem</strong></span> <span class='ocrx_word' id='word_1_672' title='bbox 1776 4661 1899 4702; x_wconf 81' lang='lat' dir='ltr'><strong>esse</strong></span> <span class='ocrx_word' id='word_1_673' title='bbox 1928 4661 2056 4701; x_wconf 86' lang='lat' dir='ltr'><strong>san-</strong></span> 
     </span>
    </p>
   </div>
   <div class='ocr_carea' id='block_1_89' title="bbox 478 4738 2056 4808">
    <p class='ocr_par' dir='ltr' id='par_1_89' title="bbox 478 4738 2056 4808">
     <span class='ocr_line' id='line_1_89' title="bbox 478 4738 2056 4808; baseline -0.004 -8"><span class='ocrx_word' id='word_1_674' title='bbox 478 4754 623 4800; x_wconf 90' lang='lat' dir='ltr'><strong>ctam</strong></span> <span class='ocrx_word' id='word_1_675' title='bbox 652 4743 1015 4808; x_wconf 88' lang='lat' dir='ltr'><strong>Trinitatem;</strong></span> <span class='ocrx_word' id='word_1_676' title='bbox 1067 4740 1230 4797; x_wconf 90' lang='lat' dir='ltr'><strong>simul</strong></span> <span class='ocrx_word' id='word_1_677' title='bbox 1263 4740 1429 4795; x_wconf 86' lang='lat' dir='ltr'><strong>etiam</strong></span> <span class='ocrx_word' id='word_1_678' title='bbox 1479 4738 1913 4796; x_wconf 89' lang='lat' dir='ltr'><strong>demonstratum</strong></span> <span class='ocrx_word' id='word_1_679' title='bbox 1949 4746 2056 4802; x_wconf 87' lang='lat' dir='ltr'><strong>est,</strong></span> 
     </span>
    </p>
   </div>
   <div class='ocr_carea' id='block_1_90' title="bbox 478 4830 2057 4905">
    <p class='ocr_par' dir='ltr' id='par_1_90' title="bbox 478 4830 2057 4905">
     <span class='ocr_line' id='line_1_90' title="bbox 478 4830 2057 4905; baseline -0.006 -13"><span class='ocrx_word' id='word_1_680' title='bbox 478 4836 634 4893; x_wconf 80' lang='lat' dir='ltr'><strong>nefas</strong></span> <span class='ocrx_word' id='word_1_681' title='bbox 686 4850 809 4891; x_wconf 84' lang='lat' dir='ltr'><strong>esse</strong></span> <span class='ocrx_word' id='word_1_682' title='bbox 861 4833 1228 4905; x_wconf 89' lang='lat' dir='ltr'><strong>particularcs</strong></span> <span class='ocrx_word' id='word_1_683' title='bbox 1285 4831 1624 4887; x_wconf 85' lang='lat' dir='ltr'><strong>substantias</strong></span> <span class='ocrx_word' id='word_1_684' title='bbox 1683 4830 1992 4901; x_wconf 80' lang='lat' dir='ltr'><strong>intelligere</strong></span> <span class='ocrx_word' id='word_1_685' title='bbox 2042 4846 2057 4883; x_wconf 89' lang='lat'><strong>:</strong></span> 
     </span>
    </p>
   </div>
   <div class='ocr_carea' id='block_1_91' title="bbox 478 4921 2060 4993">
    <p class='ocr_par' dir='ltr' id='par_1_91' title="bbox 478 4921 2060 4993">
     <span class='ocr_line' id='line_1_91' title="bbox 478 4921 2060 4993; baseline -0.004 -12"><span class='ocrx_word' id='word_1_686' title='bbox 478 4927 629 4983; x_wconf 89' lang='lat' dir='ltr'><strong>unde</strong></span> <span class='ocrx_word' id='word_1_687' title='bbox 650 4926 799 4982; x_wconf 89' lang='lat' dir='ltr'><strong>enim</strong></span> <span class='ocrx_word' id='word_1_688' title='bbox 820 4925 1324 4981; x_wconf 86' lang='lat' dir='ltr'><strong>demonstravimus</strong></span> <span class='ocrx_word' id='word_1_689' title='bbox 1344 4932 1592 4977; x_wconf 86' lang='lat' dir='ltr'><strong>mutuam</strong></span> <span class='ocrx_word' id='word_1_690' title='bbox 1614 4921 2060 4993; x_wconf 89' lang='lat' dir='ltr'><strong>conjunctionem</strong></span> 
     </span>
    </p>
   </div>
   <div class='ocr_carea' id='block_1_92' title="bbox 481 5011 2061 5088">
    <p class='ocr_par' dir='ltr' id='par_1_92' title="bbox 481 5011 2061 5088">
     <span class='ocr_line' id='line_1_92' title="bbox 481 5011 2061 5088; baseline -0.004 -15"><span class='ocrx_word' id='word_1_691' title='bbox 481 5018 866 5088; x_wconf 87' lang='lat' dir='ltr'><strong>operationum</strong></span> <span class='ocrx_word' id='word_1_692' title='bbox 916 5026 961 5082; x_wconf 83' lang='grc' dir='ltr'><em>ι’,</em></span> <span class='ocrx_word' id='word_1_693' title='bbox 1002 5016 1130 5073; x_wconf 80' lang='lat' dir='ltr'><strong>inde</strong></span> <span class='ocrx_word' id='word_1_694' title='bbox 1168 5029 1335 5070; x_wconf 90' lang='lat' dir='ltr'><strong>unam</strong></span> <span class='ocrx_word' id='word_1_695' title='bbox 1369 5028 1491 5069; x_wconf 91' lang='lat' dir='ltr'><strong>esse</strong></span> <span class='ocrx_word' id='word_1_696' title='bbox 1539 5011 1910 5068; x_wconf 86' lang='lat' dir='ltr'><strong>substantiam</strong></span> <span class='ocrx_word' id='word_1_697' title='bbox 1953 5011 2061 5067; x_wconf 87' lang='lat' dir='ltr'><strong>im-</strong></span> 
     </span>
    </p>
   </div>
   <div class='ocr_carea' id='block_1_93' title="bbox 481 5102 2060 5181">
    <p class='ocr_par' dir='ltr' id='par_1_93' title="bbox 481 5102 2060 5181">
     <span class='ocr_line' id='line_1_93' title="bbox 481 5102 2060 5181; baseline -0.002 -19"><span class='ocrx_word' id='word_1_698' title='bbox 481 5109 800 5181; x_wconf 80' lang='lat' dir='ltr'><strong>partibilem</strong></span> <span class='ocrx_word' id='word_1_699' title='bbox 844 5105 1199 5164; x_wconf 82' lang='lat' dir='ltr'><strong>manifestum</strong></span> <span class='ocrx_word' id='word_1_700' title='bbox 1252 5104 1507 5167; x_wconf 82' lang='lat' dir='ltr'><strong>fecimus,</strong></span> <span class='ocrx_word' id='word_1_701' title='bbox 1535 5118 1735 5173; x_wconf 90' lang='lat' dir='ltr'><strong>nempe</strong></span> <span class='ocrx_word' id='word_1_702' title='bbox 1778 5102 2060 5174; x_wconf 78' lang='lat' dir='ltr'><strong>insepara—</strong></span> 
     </span>
    </p>
   </div>
   <div class='ocr_carea' id='block_1_94' title="bbox 482 5194 2062 5272">
    <p class='ocr_par' dir='ltr' id='par_1_94' title="bbox 482 5194 2062 5272">
     <span class='ocr_line' id='line_1_94' title="bbox 482 5194 2062 5272; baseline -0.003 -17"><span class='ocrx_word' id='word_1_703' title='bbox 482 5201 625 5255; x_wconf 87' lang='lat' dir='ltr'><strong>biles</strong></span> <span class='ocrx_word' id='word_1_704' title='bbox 644 5215 768 5255; x_wconf 89' lang='lat' dir='ltr'><strong>esse</strong></span> <span class='ocrx_word' id='word_1_705' title='bbox 793 5200 1155 5272; x_wconf 85' lang='lat' dir='ltr'><strong>hypostases;</strong></span> <span class='ocrx_word' id='word_1_706' title='bbox 1194 5211 1322 5253; x_wconf 91' lang='lat' dir='ltr'><strong>cum</strong></span> <span class='ocrx_word' id='word_1_707' title='bbox 1344 5211 1525 5266; x_wconf 90' lang='lat' dir='ltr'><strong>neque</strong></span> <span class='ocrx_word' id='word_1_708' title='bbox 1557 5195 1729 5259; x_wconf 84' lang='lat' dir='ltr'><strong>Filius</strong></span> <span class='ocrx_word' id='word_1_709' title='bbox 1751 5194 1874 5250; x_wconf 88' lang='lat' dir='ltr'><strong>sine</strong></span> <span class='ocrx_word' id='word_1_710' title='bbox 1900 5194 2062 5250; x_wconf 91' lang='lat' dir='ltr'><strong>Patre</strong></span> 
     </span>
    </p>
   </div>
   <div class='ocr_carea' id='block_1_95' title="bbox 554 5353 1074 5413">
    <p class='ocr_par' dir='ltr' id='par_1_95' title="bbox 554 5353 1074 5413">
     <span class='ocr_line' id='line_1_95' title="bbox 554 5353 1074 5413; baseline -0.012 -1"><span class='ocrx_word' id='word_1_711' title='bbox 554 5357 602 5388; x_wconf 85' lang='grc'><strong>⁷³</strong></span> <span class='ocrx_word' id='word_1_712' title='bbox 635 5355 779 5411; x_wconf 87' lang='lat' dir='ltr'><strong>Psal.</strong></span> <span class='ocrx_word' id='word_1_713' title='bbox 834 5370 981 5413; x_wconf 74' lang='lat' dir='ltr'><strong>xxvr.</strong></span> <span class='ocrx_word' id='word_1_714' title='bbox 1020 5353 1074 5407; x_wconf 88' lang='lat'><strong>8.</strong></span> 
     </span>
    </p>
   </div>
   <div class='ocr_carea' id='block_1_96' title="bbox 1166 5349 2351 5418">
    <p class='ocr_par' dir='ltr' id='par_1_96' title="bbox 1166 5349 2351 5418">
     <span class='ocr_line' id='line_1_96' title="bbox 1166 5349 2351 5418; baseline 0.004 -13"><span class='ocrx_word' id='word_1_715' title='bbox 1166 5350 1213 5384; x_wconf 74' lang='lat'><strong>&quot;‘</strong></span> <span class='ocrx_word' id='word_1_716' title='bbox 1262 5350 1407 5406; x_wconf 88' lang='lat' dir='ltr'><strong>Psal.</strong></span> <span class='ocrx_word' id='word_1_717' title='bbox 1462 5366 1642 5418; x_wconf 82' lang='lat' dir='ltr'><strong>cxvm,</strong></span> <span class='ocrx_word' id='word_1_718' title='bbox 1692 5349 1782 5404; x_wconf 81' lang='lat' dir='ltr'><strong>I8.</strong></span> <span class='ocrx_word' id='word_1_719' title='bbox 1855 5351 1899 5383; x_wconf 84' lang='grc'><strong>⁷⁸</strong></span> <span class='ocrx_word' id='word_1_720' title='bbox 1951 5351 2101 5407; x_wconf 87' lang='lat' dir='ltr'><strong>Psal.</strong></span> <span class='ocrx_word' id='word_1_721' title='bbox 2136 5368 2245 5417; x_wconf 67' lang='grc' dir='ltr'><em>χιιι,</em></span> <span class='ocrx_word' id='word_1_722' title='bbox 2291 5355 2351 5410; x_wconf 97' lang='lat'><strong>2.</strong></span> 
     </span>
    </p>
   </div>
   <div class='ocr_carea' id='block_1_97' title="bbox 2157 4644 3741 4723">
    <p class='ocr_par' dir='ltr' id='par_1_97' title="bbox 2157 4644 3741 4723">
     <span class='ocr_line' id='line_1_97' title="bbox 2157 4644 3741 4723; baseline 0.004 -22"><span class='ocrx_word' id='word_1_723' title='bbox 2157 4645 2364 4701; x_wconf 90' lang='lat' dir='ltr'><strong>dicitur</strong></span> <span class='ocrx_word' id='word_1_724' title='bbox 2410 4644 2579 4699; x_wconf 88' lang='lat' dir='ltr'><strong>Pater</strong></span> <span class='ocrx_word' id='word_1_725' title='bbox 2626 4649 2804 4719; x_wconf 89' lang='lat' dir='ltr'><strong>major</strong></span> <span class='ocrx_word' id='word_1_726' title='bbox 2851 4649 3025 4717; x_wconf 86' lang='lat' dir='ltr'><strong>Filio,</strong></span> <span class='ocrx_word' id='word_1_727' title='bbox 3070 4651 3218 4707; x_wconf 87' lang='lat' dir='ltr'><strong>sicut</strong></span> <span class='ocrx_word' id='word_1_728' title='bbox 3265 4653 3537 4723; x_wconf 87' lang='lat' dir='ltr'><strong>scriptum</strong></span> <span class='ocrx_word' id='word_1_729' title='bbox 3589 4662 3677 4709; x_wconf 85' lang='lat' dir='ltr'><strong>est</strong></span> <span class='ocrx_word' id='word_1_730' title='bbox 3722 4671 3741 4707; x_wconf 70' lang='grc' dir='ltr'>ε</span> 
     </span>
    </p>
   </div>
   <div class='ocr_carea' id='block_1_98' title="bbox 2158 4736 3737 4815">
    <p class='ocr_par' dir='ltr' id='par_1_98' title="bbox 2158 4736 3737 4815">
     <span class='ocr_line' id='line_1_98' title="bbox 2158 4736 3737 4815; baseline 0.005 -23"><span class='ocrx_word' id='word_1_731' title='bbox 2158 4736 2324 4792; x_wconf 88' lang='lat' dir='ltr'><strong>Pater</strong></span> <span class='ocrx_word' id='word_1_732' title='bbox 2351 4741 2529 4811; x_wconf 88' lang='lat' dir='ltr'><strong>major</strong></span> <span class='ocrx_word' id='word_1_733' title='bbox 2555 4754 2638 4794; x_wconf 91' lang='lat' dir='ltr'><strong>me</strong></span> <span class='ocrx_word' id='word_1_734' title='bbox 2670 4749 2746 4794; x_wconf 77' lang='lat' dir='ltr'><strong>est</strong></span> <span class='ocrx_word' id='word_1_735' title='bbox 2766 4739 2835 4806; x_wconf 78' lang='grc'><strong>⁸³,</strong></span> <span class='ocrx_word' id='word_1_736' title='bbox 2858 4742 3072 4799; x_wconf 90' lang='lat' dir='ltr'><strong>scilicet</strong></span> <span class='ocrx_word' id='word_1_737' title='bbox 3098 4746 3273 4815; x_wconf 89' lang='lat' dir='ltr'><strong>major</strong></span> <span class='ocrx_word' id='word_1_738' title='bbox 3296 4745 3503 4800; x_wconf 84' lang='lat' dir='ltr'><strong>dicitur</strong></span> <span class='ocrx_word' id='word_1_739' title='bbox 3529 4746 3737 4802; x_wconf 81' lang='lat' dir='ltr'><strong>ratione</strong></span> 
     </span>
    </p>
   </div>
   <div class='ocr_carea' id='block_1_99' title="bbox 2159 4827 3743 4899">
    <p class='ocr_par' dir='ltr' id='par_1_99' title="bbox 2159 4827 3743 4899">
     <span class='ocr_line' id='line_1_99' title="bbox 2159 4827 3743 4899; baseline 0.009 -18"><span class='ocrx_word' id='word_1_740' title='bbox 2159 4827 2452 4899; x_wconf 85' lang='lat' dir='ltr'><strong>principii,</strong></span> <span class='ocrx_word' id='word_1_741' title='bbox 2484 4845 2598 4885; x_wconf 91' lang='lat' dir='ltr'><strong>non</strong></span> <span class='ocrx_word' id='word_1_742' title='bbox 2649 4831 2867 4887; x_wconf 90' lang='lat' dir='ltr'><strong>ratione</strong></span> <span class='ocrx_word' id='word_1_743' title='bbox 2912 4834 3235 4892; x_wconf 71' lang='lat' dir='ltr'><strong>substantiae</strong></span> <span class='ocrx_word' id='word_1_744' title='bbox 3280 4856 3293 4889; x_wconf 91' lang='lat'><strong>:</strong></span> <span class='ocrx_word' id='word_1_745' title='bbox 3335 4836 3575 4895; x_wconf 80' lang='lat' dir='ltr'><strong>fortasse</strong></span> <span class='ocrx_word' id='word_1_746' title='bbox 3612 4855 3743 4896; x_wconf 79' lang='lat' dir='ltr'><strong>vero</strong></span> 
     </span>
    </p>
   </div>
   <div class='ocr_carea' id='block_1_100' title="bbox 2162 4916 3739 4997">
    <p class='ocr_par' dir='ltr' id='par_1_100' title="bbox 2162 4916 3739 4997">
     <span class='ocr_line' id='line_1_100' title="bbox 2162 4916 3739 4997; baseline 0.011 -26"><span class='ocrx_word' id='word_1_747' title='bbox 2162 4916 2348 4973; x_wconf 79' lang='lat' dir='ltr'><strong>minor</strong></span> <span class='ocrx_word' id='word_1_748' title='bbox 2392 4920 2553 4975; x_wconf 90' lang='lat' dir='ltr'><strong>Patre</strong></span> <span class='ocrx_word' id='word_1_749' title='bbox 2604 4920 2813 4977; x_wconf 85' lang='lat' dir='ltr'><strong>dicitur</strong></span> <span class='ocrx_word' id='word_1_750' title='bbox 2859 4923 3067 4991; x_wconf 88' lang='lat' dir='ltr'><strong>Filius,</strong></span> <span class='ocrx_word' id='word_1_751' title='bbox 3110 4936 3388 4997; x_wconf 86' lang='lat' dir='ltr'><strong>quatenus</strong></span> <span class='ocrx_word' id='word_1_752' title='bbox 3434 4927 3617 4985; x_wconf 81' lang='lat' dir='ltr'><strong>factus</strong></span> <span class='ocrx_word' id='word_1_753' title='bbox 3660 4940 3739 4987; x_wconf 76' lang='lat' dir='ltr'><strong>est</strong></span> 
     </span>
    </p>
   </div>
   <div class='ocr_carea' id='block_1_101' title="bbox 2164 5012 3739 5090">
    <p class='ocr_par' dir='ltr' id='par_1_101' title="bbox 2164 5012 3739 5090">
     <span class='ocr_line' id='line_1_101' title="bbox 2164 5012 3739 5090; baseline 0.008 -24"><span class='ocrx_word' id='word_1_754' title='bbox 2164 5012 2349 5067; x_wconf 88' lang='lat' dir='ltr'><strong>minor</strong></span> <span class='ocrx_word' id='word_1_755' title='bbox 2387 5015 2627 5087; x_wconf 84' lang='lat' dir='ltr'><strong>angelis,</strong></span> <span class='ocrx_word' id='word_1_756' title='bbox 2659 5026 2888 5087; x_wconf 90' lang='lat' dir='ltr'><strong>propter</strong></span> <span class='ocrx_word' id='word_1_757' title='bbox 2925 5020 3361 5090; x_wconf 85' lang='lat' dir='ltr'><strong>assumptionem</strong></span> <span class='ocrx_word' id='word_1_758' title='bbox 3403 5022 3590 5078; x_wconf 78' lang='lat' dir='ltr'><strong>carnis</strong></span> <span class='ocrx_word' id='word_1_759' title='bbox 3636 5040 3649 5077; x_wconf 89' lang='lat'><strong>:</strong></span> <span class='ocrx_word' id='word_1_760' title='bbox 3688 5032 3739 5078; x_wconf 85' lang='lat' dir='ltr'><strong>et</strong></span> 
     </span>
    </p>
   </div>
   <div class='ocr_carea' id='block_1_102' title="bbox 2164 5103 3738 5187">
    <p class='ocr_par' dir='ltr' id='par_1_102' title="bbox 2164 5103 3738 5187">
     <span class='ocr_line' id='line_1_102' title="bbox 2164 5103 3738 5187; baseline 0.008 -29"><span class='ocrx_word' id='word_1_761' title='bbox 2164 5103 2272 5159; x_wconf 91' lang='lat' dir='ltr'><strong>hoc</strong></span> <span class='ocrx_word' id='word_1_762' title='bbox 2304 5106 2479 5176; x_wconf 75' lang='lat' dir='ltr'><strong>magis</strong></span> <span class='ocrx_word' id='word_1_763' title='bbox 2510 5108 2812 5164; x_wconf 88' lang='lat' dir='ltr'><strong>tenendum</strong></span> <span class='ocrx_word' id='word_1_764' title='bbox 2845 5118 2931 5166; x_wconf 90' lang='lat' dir='ltr'><strong>est</strong></span> <span class='ocrx_word' id='word_1_765' title='bbox 2968 5130 2982 5164; x_wconf 91' lang='lat'><strong>:</strong></span> <span class='ocrx_word' id='word_1_766' title='bbox 3014 5128 3125 5167; x_wconf 91' lang='lat' dir='ltr'><strong>non</strong></span> <span class='ocrx_word' id='word_1_767' title='bbox 3152 5112 3300 5168; x_wconf 83' lang='lat' dir='ltr'><strong>enim</strong></span> <span class='ocrx_word' id='word_1_768' title='bbox 3331 5113 3541 5169; x_wconf 91' lang='lat' dir='ltr'><strong>dicitur</strong></span> <span class='ocrx_word' id='word_1_769' title='bbox 3570 5117 3738 5187; x_wconf 90' lang='lat' dir='ltr'><strong>major</strong></span> 
     </span>
    </p>
   </div>
   <div class='ocr_carea' id='block_1_103' title="bbox 2162 5198 3739 5277">
    <p class='ocr_par' dir='ltr' id='par_1_103' title="bbox 2162 5198 3739 5277">
     <span class='ocr_line' id='line_1_103' title="bbox 2162 5198 3739 5277; baseline 0.008 -25"><span class='ocrx_word' id='word_1_770' title='bbox 2162 5212 2289 5253; x_wconf 88' lang='lat' dir='ltr'><strong>esse</strong></span> <span class='ocrx_word' id='word_1_771' title='bbox 2334 5198 2543 5271; x_wconf 90' lang='lat' dir='ltr'><strong>Spiritu</strong></span> <span class='ocrx_word' id='word_1_772' title='bbox 2596 5212 2824 5270; x_wconf 81' lang='lat' dir='ltr'><strong>sancto,</strong></span> <span class='ocrx_word' id='word_1_773' title='bbox 2863 5204 2960 5260; x_wconf 90' lang='lat' dir='ltr'><strong>sed</strong></span> <span class='ocrx_word' id='word_1_774' title='bbox 3011 5206 3152 5262; x_wconf 81' lang='lat' dir='ltr'><strong>Filio</strong></span> <span class='ocrx_word' id='word_1_775' title='bbox 3203 5206 3330 5263; x_wconf 85' lang='lat' dir='ltr'><strong>solo</strong></span> <span class='ocrx_word' id='word_1_776' title='bbox 3370 5207 3469 5277; x_wconf 89' lang='lat' dir='ltr'><strong>qui</strong></span> <span class='ocrx_word' id='word_1_777' title='bbox 3522 5222 3739 5264; x_wconf 80' lang='lat' dir='ltr'><strong>carnem</strong></span> 
     </span>
    </p>
   </div>
   <div class='ocr_carea' id='block_1_104' title="bbox 2454 5357 3729 5429">
    <p class='ocr_par' dir='ltr' id='par_1_104' title="bbox 2454 5357 3729 5429">
     <span class='ocr_line' id='line_1_104' title="bbox 2454 5357 3729 5429; baseline -0.001 -18"><span class='ocrx_word' id='word_1_778' title='bbox 2454 5357 2685 5429; x_wconf 81' lang='lat' dir='ltr'><strong>&quot;_°__P_sal.</strong></span> <span class='ocrx_word' id='word_1_779' title='bbox 2745 5375 2933 5423; x_wconf 80' lang='lat' dir='ltr'><strong>xxxm,</strong></span> <span class='ocrx_word' id='word_1_780' title='bbox 2983 5362 3070 5416; x_wconf 84' lang='grc' dir='ltr'><strong>Π.</strong></span> <span class='ocrx_word' id='word_1_781' title='bbox 3183 5364 3226 5395; x_wconf 79' lang='grc'><strong>⁷⁷</strong></span> <span class='ocrx_word' id='word_1_782' title='bbox 3262 5364 3405 5419; x_wconf 81' lang='lat' dir='ltr'><strong>Psal.</strong></span> <span class='ocrx_word' id='word_1_783' title='bbox 3474 5382 3584 5429; x_wconf 74' lang='grc' dir='ltr'><em>ειη,</em></span> <span class='ocrx_word' id='word_1_784' title='bbox 3646 5366 3729 5421; x_wconf 80' lang='lat'><strong>50,</strong></span> 
     </span>
    </p>
   </div>
   <div class='ocr_carea' id='block_1_105' title="bbox 486 5420 2051 5500">
    <p class='ocr_par' dir='ltr' id='par_1_105' title="bbox 486 5420 2051 5500">
     <span class='ocr_line' id='line_1_105' title="bbox 486 5420 2051 5500; baseline -0.004 -18"><span class='ocrx_word' id='word_1_785' title='bbox 486 5425 532 5459; x_wconf 81' lang='grc'><strong>’⁸</strong></span> <span class='ocrx_word' id='word_1_786' title='bbox 557 5427 923 5500; x_wconf 59' lang='lat' dir='ltr'><strong>Psal.__c§vm,</strong></span> <span class='ocrx_word' id='word_1_787' title='bbox 959 5424 1044 5478; x_wconf 82' lang='lat'><strong>75.</strong></span> <span class='ocrx_word' id='word_1_788' title='bbox 1079 5423 1165 5500; x_wconf 41' lang='grc' dir='ltr'><strong>Δί’</strong></span> <span class='ocrx_word' id='word_1_789' title='bbox 1204 5420 1405 5477; x_wconf 83' lang='lat' dir='ltr'><strong>Ezech.</strong></span> <span class='ocrx_word' id='word_1_790' title='bbox 1444 5438 1525 5486; x_wconf 82' lang='grc' dir='ltr'><em>ιιι,</em></span> <span class='ocrx_word' id='word_1_791' title='bbox 1549 5421 1650 5488; x_wconf 81' lang='lat'><strong>22;</strong></span> <span class='ocrx_word' id='word_1_792' title='bbox 1683 5436 1863 5487; x_wconf 74' lang='lat' dir='ltr'><strong>xxmr,</strong></span> <span class='ocrx_word' id='word_1_793' title='bbox 1896 5421 1997 5497; x_wconf 83' lang='lat'><strong>22;</strong></span> <span class='ocrx_word' id='word_1_794' title='bbox 2024 5438 2051 5475; x_wconf 77' lang='grc' dir='ltr'><strong>ιι</strong></span> 
     </span>
    </p>
   </div>
   <div class='ocr_carea' id='block_1_106' title="bbox 2151 5420 3733 5500">
    <p class='ocr_par' dir='ltr' id='par_1_106' title="bbox 2151 5420 3733 5500">
     <span class='ocr_line' id='line_1_106' title="bbox 2151 5420 3733 5500; baseline 0.009 -26"><span class='ocrx_word' id='word_1_795' title='bbox 2151 5438 2224 5488; x_wconf 69' lang='grc' dir='ltr'><em>ιιι,</em></span> <span class='ocrx_word' id='word_1_796' title='bbox 2253 5424 2301 5478; x_wconf 74' lang='grc'><strong>1.</strong></span> <span class='ocrx_word' id='word_1_797' title='bbox 2376 5425 2424 5458; x_wconf 84' lang='grc'><strong>⁸⁰</strong></span> <span class='ocrx_word' id='word_1_798' title='bbox 2464 5425 2531 5483; x_wconf 74' lang='grc' dir='ltr'><em>ιν</em></span> <span class='ocrx_word' id='word_1_799' title='bbox 2559 5426 2695 5500; x_wconf 85' lang='lat' dir='ltr'><strong>Reg.</strong></span> <span class='ocrx_word' id='word_1_800' title='bbox 2723 5445 2800 5495; x_wconf 93' lang='grc' dir='ltr'><em>ιιι,</em></span> <span class='ocrx_word' id='word_1_801' title='bbox 2830 5420 2930 5486; x_wconf 66' lang='lat' dir='ltr'><strong>l5.</strong></span> <span class='ocrx_word' id='word_1_802' title='bbox 2989 5432 3032 5464; x_wconf 77' lang='grc'><strong>⁸³</strong></span> <span class='ocrx_word' id='word_1_803' title='bbox 3059 5432 3216 5490; x_wconf 85' lang='lat' dir='ltr'><strong>Joan.</strong></span> <span class='ocrx_word' id='word_1_804' title='bbox 3255 5448 3345 5499; x_wconf 83' lang='lat' dir='ltr'><strong>xx,</strong></span> <span class='ocrx_word' id='word_1_805' title='bbox 3381 5420 3594 5489; x_wconf 27' lang='lat'><strong>22:“</strong></span> <span class='ocrx_word' id='word_1_806' title='bbox 3617 5420 3733 5491; x_wconf 83' lang='lat' dir='ltr'><strong>Act.</strong></span> 
     </span>
    </p>
   </div>
   <div class='ocr_carea' id='block_1_107' title="bbox 482 5492 1167 5565">
    <p class='ocr_par' dir='ltr' id='par_1_107' title="bbox 482 5492 1167 5565">
     <span class='ocr_line' id='line_1_107' title="bbox 482 5492 1167 5565; baseline -0.004 -16"><span class='ocrx_word' id='word_1_807' title='bbox 482 5511 542 5565; x_wconf 87' lang='grc' dir='ltr'><strong>ιι,</strong></span> <span class='ocrx_word' id='word_1_808' title='bbox 570 5499 626 5553; x_wconf 76' lang='grc'><strong>4.</strong></span> <span class='ocrx_word' id='word_1_809' title='bbox 701 5497 746 5530; x_wconf 83' lang='grc'><strong>⁸³</strong></span> <span class='ocrx_word' id='word_1_810' title='bbox 766 5496 923 5553; x_wconf 82' lang='lat' dir='ltr'><strong>Joan.</strong></span> <span class='ocrx_word' id='word_1_811' title='bbox 947 5510 1055 5560; x_wconf 70' lang='lat' dir='ltr'><strong>xxv,</strong></span> <span class='ocrx_word' id='word_1_812' title='bbox 1076 5492 1167 5547; x_wconf 88' lang='lat'><strong>28.</strong></span> 
     </span>
    </p>
   </div>
   <div class='ocr_carea' id='block_1_108' title="bbox 1754 5601 2439 5661">
    <p class='ocr_par' dir='ltr' id='par_1_108' title="bbox 1754 5601 2439 5661">
     <span class='ocr_line' id='line_1_108' title="bbox 1754 5601 2439 5661; baseline 0.006 -4"><span class='ocrx_word' id='word_1_813' title='bbox 1754 5601 1990 5657; x_wconf 65' lang='grc' dir='ltr'><em>νΑιιιιΕ</em></span> <span class='ocrx_word' id='word_1_814' title='bbox 2028 5601 2439 5661; x_wconf 82' lang='lat' dir='ltr'><strong>LECTIONES.</strong></span> 
     </span>
    </p>
   </div>
   <div class='ocr_carea' id='block_1_109' title="bbox 552 5695 3728 5771">
    <p class='ocr_par' dir='ltr' id='par_1_109' title="bbox 552 5695 3728 5771">
     <span class='ocr_line' id='line_1_109' title="bbox 552 5695 3728 5771; baseline 0.003 -18"><span class='ocrx_word' id='word_1_815' title='bbox 552 5710 577 5739; x_wconf 71' lang='grc' dir='ltr'><strong><em>τ</em></strong></span> <span class='ocrx_word' id='word_1_816' title='bbox 608 5698 737 5754; x_wconf 79' lang='lat' dir='ltr'><strong>Mat.</strong></span> <span class='ocrx_word' id='word_1_817' title='bbox 770 5699 1280 5771; x_wconf 59' lang='lat' dir='ltr'><strong>conjunq._opergt.</strong></span> <span class='ocrx_word' id='word_1_818' title='bbox 1313 5695 1668 5771; x_wconf 50' lang='grc' dir='ltr'><strong>ἀλληλουχίαν</strong></span> <span class='ocrx_word' id='word_1_819' title='bbox 1696 5696 1804 5771; x_wconf 63' lang='grc' dir='ltr'>τῶν</span> <span class='ocrx_word' id='word_1_820' title='bbox 1852 5698 2154 5771; x_wconf 52' lang='grc' dir='ltr'><strong>ὲνεργειῶιί</strong></span> <span class='ocrx_word' id='word_1_821' title='bbox 2188 5698 2538 5771; x_wconf 82' lang='grc' dir='ltr'><strong>ἀλληλουχία.</strong></span> <span class='ocrx_word' id='word_1_822' title='bbox 2585 5702 2771 5761; x_wconf 75' lang='lat' dir='ltr'><strong>Mutua</strong></span> <span class='ocrx_word' id='word_1_823' title='bbox 2817 5707 3071 5762; x_wconf 79' lang='lat' dir='ltr'><strong>habitatio</strong></span> <span class='ocrx_word' id='word_1_824' title='bbox 3096 5725 3115 5763; x_wconf 91' lang='lat'><strong><em>:</em></strong></span> <span class='ocrx_word' id='word_1_825' title='bbox 3148 5709 3220 5765; x_wconf 85' lang='lat' dir='ltr'><strong>ita</strong></span> <span class='ocrx_word' id='word_1_826' title='bbox 3260 5719 3320 5765; x_wconf 88' lang='lat' dir='ltr'><strong>ut</strong></span> <span class='ocrx_word' id='word_1_827' title='bbox 3349 5712 3515 5769; x_wconf 85' lang='lat' dir='ltr'><strong>Pater</strong></span> <span class='ocrx_word' id='word_1_828' title='bbox 3546 5713 3728 5768; x_wconf 79' lang='lat' dir='ltr'><strong>habeat</strong></span> 
     </span>
    </p>
   </div>
   <div class='ocr_carea' id='block_1_110' title="bbox 477 5767 3729 5861">
    <p class='ocr_par' dir='ltr' id='par_1_110' title="bbox 477 5767 3729 5861">
     <span class='ocr_line' id='line_1_110' title="bbox 477 5767 3729 5861; baseline 0.005 -39"><span class='ocrx_word' id='word_1_829' title='bbox 477 5770 767 5861; x_wconf 34' lang='lat' dir='ltr'><strong>Piliuinmin</strong></span> <span class='ocrx_word' id='word_1_830' title='bbox 792 5767 1155 5861; x_wconf 74' lang='lat' dir='ltr'><strong>se,etFilius</strong></span> <span class='ocrx_word' id='word_1_831' title='bbox 1194 5767 1449 5835; x_wconf 86' lang='lat' dir='ltr'><strong>Patrem;</strong></span> <span class='ocrx_word' id='word_1_832' title='bbox 1485 5777 1540 5824; x_wconf 90' lang='lat' dir='ltr'><strong>et</strong></span> <span class='ocrx_word' id='word_1_833' title='bbox 1578 5767 1818 5839; x_wconf 84' lang='lat' dir='ltr'><strong>Spiritus</strong></span> <span class='ocrx_word' id='word_1_834' title='bbox 1864 5767 2100 5824; x_wconf 66' lang='lat' dir='ltr'><strong>sanctus</strong></span> <span class='ocrx_word' id='word_1_835' title='bbox 2130 5767 2349 5825; x_wconf 84' lang='lat' dir='ltr'><strong>Patrem</strong></span> <span class='ocrx_word' id='word_1_836' title='bbox 2393 5767 2457 5826; x_wconf 74' lang='grc' dir='ltr'><em>εἴ</em></span> <span class='ocrx_word' id='word_1_837' title='bbox 2503 5772 2741 5843; x_wconf 87' lang='lat' dir='ltr'><strong>Filium;</strong></span> <span class='ocrx_word' id='word_1_838' title='bbox 2785 5788 2841 5834; x_wconf 89' lang='lat' dir='ltr'><strong>et</strong></span> <span class='ocrx_word' id='word_1_839' title='bbox 2900 5778 3064 5835; x_wconf 89' lang='lat' dir='ltr'><strong>Pater</strong></span> <span class='ocrx_word' id='word_1_840' title='bbox 3119 5790 3175 5836; x_wconf 89' lang='lat' dir='ltr'><strong>ct</strong></span> <span class='ocrx_word' id='word_1_841' title='bbox 3247 5781 3420 5837; x_wconf 84' lang='lat' dir='ltr'><strong>Filius</strong></span> <span class='ocrx_word' id='word_1_842' title='bbox 3464 5767 3729 5854; x_wconf 81' lang='lat' dir='ltr'><strong>Spiritum</strong></span> 
     </span>
    </p>
   </div>
   <div class='ocr_carea' id='block_1_111' title="bbox 488 5849 732 5898">
    <p class='ocr_par' dir='ltr' id='par_1_111' title="bbox 488 5849 732 5898">
     <span class='ocr_line' id='line_1_111' title="bbox 488 5849 732 5898; baseline -0.016 0"><span class='ocrx_word' id='word_1_843' title='bbox 488 5849 615 5898; x_wconf 75' lang='lat' dir='ltr'><strong>anet</strong></span> <span class='ocrx_word' id='word_1_844' title='bbox 623 5854 732 5895; x_wconf 79' lang='grc' dir='ltr'><strong>ωη.</strong></span> 
     </span>
    </p>
   </div>
  </div>
