4072 6516
313 352 452 421 1329

1339 364 1618 427 ORATIO
1658 367 1707 429 Ι.
1737 393 1806 403 -
1833 368 1930 430 DE
1969 370 2073 429 SS.
2114 370 2555 431 TRINITATE.

3440 357 3580 425 1330

308 469 633 541 assumpsit.
671 470 731 524 In
781 470 1090 526 substantia
1134 472 1303 543 igitur
1346 473 1556 531 frustra
1598 486 1655 532 et
1696 484 1892 547 snper-
1925 484 1967 537 Α
1998 476 2128 546 quid
2163 478 2313 533 aliud
2340 478 2390 533 ei
2417 476 2731 532 faciendum
2760 483 2927 541 esset,
2956 475 3052 545 qui
3083 485 3312 547 prepter
3339 476 3581 531 charity.-

310 573 487 615 vacue
523 562 707 631 majus
736 569 792 615 et
823 562 1010 617 minus
1044 564 1314 632 quaeritur
1354 584 1367 621 :
1406 566 1717 628 substantia
1749 567 1899 622 enim

310 667 423 706 non
463 653 664 724 recipit
708 655 886 725 majus
924 664 983 709 et
1023 656 1242 724 minus,
1278 667 1341 714 ut
1374 660 1549 717 exteri
1588 660 1900 731 philosophi

312 745 561 799 tradunt.
600 746 775 803 Unam
821 746 990 812 igitur
1035 748 1403 805 substantiam
1448 753 1808 822 profitemur,
1844 752 1901 808 in

307 853 419 907 qua
454 854 729 909 generans
775 847 833 895 et
866 839 1117 911 genitum
1149 851 1207 898 et
1237 844 1547 914 procedens
1582 861 1726 901 unus
1754 846 1902 901 Deus

309 936 417 982 cst.

384 1017 579 1073 XXIX.
614 1018 911 1086 Quomodo
943 1032 1132 1079 autem
1169 1035 1469 1095 generatur
1501 1026 1780 1093 Verbum,
1812 1027 1901 1083 vel

313 1111 571 1180 procedit
628 1112 907 1183 Spiritus,
958 1129 1028 1170 ne
1077 1116 1300 1173 curiose
1352 1116 1731 1189 inquiramus;
1788 1134 1901 1173 non

305 1203 462 1258 enim
515 1212 695 1259 tutum
748 1214 833 1261 est
874 1216 931 1262 et
976 1207 1229 1279 periculo
1290 1224 1492 1265 vacans
1530 1228 1545 1264 :
1593 1210 1700 1266 hoc
1748 1210 1898 1266 enim

310 1296 663 1353 solummodo
706 1299 991 1371 cognitum
1030 1308 1117 1356 est
1156 1300 1452 1371 principio,
1486 1311 1543 1357 et
1584 1302 1652 1359 iis
1694 1302 1789 1373 qui
1833 1318 1901 1357 ex

313 1387 435 1457 ipso
467 1388 787 1446 differenter
815 1400 1059 1447 exeunt:
1096 1393 1260 1448 nobis
1292 1409 1443 1460 vero,
1474 1395 1570 1465 qui
1606 1410 1705 1464 per
1736 1394 1898 1449 ﬁdem

311 1479 573 1536 instructi
598 1496 790 1537 sumus
806 1484 877 1539 ad
902 1484 1203 1555 perfectam
1230 1487 1477 1558 mysterii
1502 1486 1898 1558 cognitionem,

313 1570 451 1625 satis
492 1580 577 1626 est
616 1588 953 1644 cognoscere
994 1576 1168 1631 Deum
1213 1592 1385 1631 unum
1429 1594 1583 1645 esse,
1635 1586 1693 1634 et
1735 1595 1899 1637 unam

316 1675 573 1719 naturam
618 1666 959 1733 divinitatis,
1001 1669 1255 1740 quamvis
1299 1669 1356 1724 in
1405 1671 1586 1727 tribus
1629 1673 1900 1739 cernitur,

316 1756 623 1835 principio,
656 1765 714 1814 et
755 1770 1036 1827 creatore,
1067 1772 1123 1817 et
1164 1761 1477 1833 perfectore
1535 1781 1549 1818 :
1602 1763 1708 1819 tria
1749 1764 1899 1819 enim

2002 576 2111 622 tem
2136 568 2304 623 vellet
2328 584 2426 624 eos
2451 569 2547 639 qui
2571 583 2763 623 errore
2789 567 3075 633 labuntur,
3097 568 3389 635 dedocere,
3412 584 3580 639 quam
3626 554 3629 555 ν

2000 674 2135 715 voce
2167 659 2347 729 patria
2376 666 2433 714 et
2458 660 2659 715 usitata
2689 659 3039 715 auditoribus
3074 660 3191 715 uti?
3225 668 3287 714 ut
3316 675 3385 715 ex
3418 659 3581 715 nobis

2000 749 2138 820 ipsis
2186 750 2337 821 quod
2382 752 2594 822 justum
2646 760 2759 817 est,
2803 751 3139 823 judicemus.
3186 750 3378 807 Omnis
3429 750 3580 806 enim

2000 842 2167 897 homo
2222 842 2503 897 hominem
2552 843 2789 898 similem
2848 843 3153 899 secundum
3214 842 3579 899 substantiam

2000 942 2258 1005 generat;
2296 943 2353 990 et
2385 935 2567 1007 omnis
2599 936 2695 1005 qui
2726 945 2985 1007 generat,
3017 947 3173 1007 pater
3198 945 3317 1001 est;
3355 944 3411 991 et
3444 936 3577 990 item

2000 1026 2098 1097 qui
2137 1035 2457 1097 generatur,
2488 1027 2665 1093 filius;
2707 1038 2907 1084 neuter
2937 1037 3121 1085 autem
3153 1039 3234 1084 est
3270 1029 3467 1099 major,
3492 1028 3578 1083 vel

2006 1119 2191 1174 minor
2213 1127 2411 1174 natura
2440 1137 2454 1173 :
2485 1135 2591 1175 nec
2618 1120 2819 1190 aliquis
2847 1120 3050 1177 dicitur
3078 1136 3269 1176 creare
3302 1135 3452 1185 eum,
3483 1119 3579 1189 qui

2000 1228 2070 1266 ex
2117 1212 2236 1283 ipso
2284 1221 2581 1284 generatur
2626 1230 2640 1268 :
2692 1221 2749 1268 et
2795 1213 2901 1268 hoc
2948 1212 3265 1283 quicunque
3312 1220 3397 1267 est
3436 1226 3581 1267 sana.-

2002 1302 2234 1367 mentis,
2261 1310 2322 1356 ut
2349 1301 2592 1369 videtur,
2624 1301 3005 1369 confitebitur,
3033 1303 3253 1360 discens
3284 1319 3352 1360 ex
3380 1306 3579 1359 huma—

2002 1394 2108 1459 nis,
2142 1394 2324 1464 quoad
2371 1393 2488 1449 fieri
2534 1401 2740 1464 potest,
2772 1394 2983 1451 divina.
3020 1395 3125 1462 Qui
3169 1397 3317 1451 enim
3356 1405 3582 1468 generat

2003 1486 2179 1542 tilium
2210 1486 2459 1557 ejusdem
2489 1502 2676 1542 secum
2701 1488 3045 1551 substantiae,
3069 1488 3397 1543 naturaliter
3417 1504 3582 1559 gene-

2002 1586 2089 1633 rat
2135 1597 2147 1632 :
2193 1578 2289 1649 qui
2334 1587 2520 1634 autem
2568 1588 2753 1644 creat,
2793 1579 2943 1634 aliud
2986 1579 3217 1634 diversae
3260 1579 3584 1635 substantia:

2001 1680 2183 1739 creat;
2230 1684 2287 1728 et
2329 1686 2613 1742 nunquam
2660 1672 2832 1727 filium
2876 1689 2892 1726 :
2936 1687 3109 1742 quare
3151 1672 3197 1727 si
3240 1670 3460 1743 genitus
3496 1680 3584 1726 est

2004 1761 2199 1827 Filius,
2221 1778 2334 1818 non
2363 1772 2449 1818 est
2477 1770 2763 1827 creatura;
2793 1770 2850 1817 et
2876 1761 2922 1816 si
2952 1770 3154 1816 natura
3182 1763 3344 1817 Pater
3371 1771 3457 1817 est
3484 1762 3580 1830 qui

315 1849 542 1903 nomina
586 1860 718 1905 sunt
757 1852 909 1907 circa
953 1869 1117 1908 unam
1160 1854 1527 1911 substantiam
1549 1896 1565 1922 ,
1598 1864 1656 1911 et
1697 1872 1899 1911 unum-
1931 1842 1971 1897 Β
2001 1854 2214 1925 genuit,
2239 1870 2351 1925 quo
2376 1855 2543 1910 modo
2570 1854 2787 1910 dicetur
2816 1862 3034 1910 creator
3064 1854 3277 1924 geniti?
3306 1854 3458 1910 Hanc
3485 1869 3584 1909 na—

310 1940 582 2010 quodque
616 1958 781 1997 unam
815 1944 1157 2016 hypostasim
1192 1946 1437 2003 declarat
1467 1963 1577 2002 non
1613 1956 1905 2003 transeun-

317 2040 433 2085 tem
472 2031 529 2086 in
565 2032 752 2099 aliam,
779 2044 836 2090 et
870 2034 1070 2091 factam
1102 2037 1250 2107 quod
1286 2055 1397 2093 non
1426 2047 1565 2095 erat.
1593 2038 1688 2094 Hae
1719 2046 1903 2095 autem

316 2131 451 2177 sunt
485 2124 669 2191 Pater,
697 2133 753 2181 et
786 2126 995 2194 Filius,
1026 2136 1082 2184 et
1117 2128 1363 2200 Spiritus
1397 2139 1626 2186 sanctus
1660 2149 1674 2185 :
1710 2131 1903 2187 eadem

315 2214 469 2269 enim
508 2216 805 2285 saepissime
850 2218 1038 2274 dicere
1082 2221 1286 2284 tutius,
1318 2229 1375 2276 et
1408 2221 1627 2277 cautius
1667 2231 1755 2277 est
1792 2240 1805 2276 :
1848 2222 1903 2277 in

320 2305 410 2361 his
449 2306 738 2364 initlamur
785 2309 841 2364 in
877 2310 1191 2381 baptismo,
1225 2320 1281 2368 et
1320 2311 1555 2367 salutem
1600 2328 1699 2382 per
1739 2312 1903 2367 fidem

320 2410 702 2469 reportamus;
739 2409 794 2457 et
828 2402 895 2458 ad
929 2403 1097 2458 vitam
1136 2404 1505 2461 immortalem
1538 2413 1594 2460 et
1622 2420 1904 2475 nunquam

320 2501 704 2547 senescentem
735 2508 799 2549 ac
840 2493 1042 2550 infiniti
1086 2495 1275 2551 saeculi
1304 2495 1573 2563 redimus,
1617 2497 1906 2552 credentes

320 2581 379 2635 in
435 2583 639 2652 quibus
694 2583 961 2655 baptizati
1018 2601 1247 2651 sumus,
1304 2594 1361 2641 et
1418 2586 1624 2655 quibus
1675 2584 1906 2656 ascripti

321 2692 517 2731 sumus
564 2695 577 2731 :
624 2677 681 2733 hi
727 2688 913 2735 autem
954 2687 1087 2735 sunt
1123 2696 1266 2735 unus
1306 2678 1455 2734 Deus
1493 2678 1667 2744 solus,
1698 2677 1754 2733 in
1796 2693 1908 2749 quo

321 2784 637 2839 generans,
680 2778 737 2825 et
779 2772 1033 2842 genitus,
1079 2779 1135 2827 et
1184 2771 1495 2843 procedens
1546 2786 1690 2826 unus
1739 2770 1905 2826 Deus.

323 2861 556 2919 Omissis
575 2863 741 2935 igitur
753 2863 1069 2936 superﬂuis,
1085 2875 1401 2921 sanctorum
1415 2864 1647 2919 vocibus
1663 2872 1907 2929 utamur,

322 2968 449 3023 qua:
484 2956 647 3011 nobis
668 2955 817 3026 'ipsis
859 2956 1010 3027 quod
1053 2967 1233 3013 tutum
1277 2965 1362 3012 est
1393 2964 1450 3011 et
1483 2955 1648 3011 simul
1689 2970 1721 3009 a
1756 2953 1909 3025 peri-

323 3044 453 3098 culo
480 3054 660 3110 vacat,
692 3045 963 3115 praebent.
990 3046 1084 3102 Ha:
1110 3056 1297 3102 autem
1327 3062 1493 3103 voces
1525 3047 1907 3119 theologorum

322 3136 701 3206 generationis
737 3139 1140 3207 meminerunt,
1175 3140 1519 3196 declarantes
1553 3141 1714 3211 plane
1748 3139 1909 3195 habi—

324 3230 577 3287 tudinem
600 3271 615 3296 ,
652 3247 815 3302 quam
860 3232 1027 3293 habet
1061 3232 1400 3305 principium
1445 3232 1511 3289 ad
1550 3250 1678 3289 eum
1714 3234 1807 3305 qui
1842 3248 1910 3289 ex

325 3321 448 3393 ipso
492 3322 770 3396 principio
820 3325 1041 3388 exsistit
1086 3346 1098 3381 :
1149 3324 1264 3398 Ego
1311 3327 1489 3392 enim,
1520 3326 1729 3396 inquit,
1760 3326 1912 3381 hodie

324 3406 485 3487 genui
521 3424 570 3471 te
588 3417 666 3482 “;
708 3428 766 3473 et
806 3434 819 3471 :
854 3416 993 3475 Ante
1040 3416 1317 3488 luciferum
1358 3419 1515 3489 genui
1558 3427 1607 3472 te
1626 3419 1705 3485 ⁸⁸;
1746 3426 1911 3488 atque

328 3504 447 3560 haec
482 3503 707 3576 quidem
746 3515 1007 3577 tanquam
1045 3523 1076 3563 a
1109 3507 1383 3579 principio
1423 3526 1436 3563 :
1472 3509 1541 3565 ab
1576 3508 1692 3579 ipsa
1726 3517 1910 3564 autem

330 3596 619 3669 Sapientia
668 3598 806 3655 illud
855 3600 1064 3655 dictum
1114 3609 1201 3656 est
1252 3618 1265 3654 :
1319 3602 1457 3656 Ante
1514 3617 1694 3656 omnes
1749 3601 1911 3656 colles

330 3697 551 3761 generat
604 3707 685 3744 me
707 3691 777 3758 ⁸⁸,
824 3691 973 3747 Deus
1018 3692 1253 3748 scilicet.
1294 3692 1603 3749 Didicimus
1650 3702 1913 3764 praeterea

325 3782 758 3852 appellationem
798 3783 979 3838 Patris
1018 3800 1032 3837 :
1074 3782 1241 3838 Pater
1278 3786 1421 3838 enim
1461 3785 1603 3838 misit
1641 3801 1723 3838 me
1746 3784 1811 3849 ³⁷,
1836 3784 1915 3838 ait

328 3876 610 3941 Salvator;
643 3884 700 3931 et
736 3894 749 3930 :
782 3875 895 3947 Ego
926 3894 959 3931 α
987 3875 1150 3930 Patre
1180 3876 1346 3941 exivi,
1374 3884 1424 3929 et
1452 3876 1602 3931 venio
1620 3876 1687 3941 ⁸⁸,
1718 3883 1773 3930 et
1806 3875 1912 3930 alia

329 3969 991 4041 ejusmodi.Vocaverunt
1012 3976 1196 4023 autem
1221 3967 1526 4039 Scriptura:
1554 3978 1758 4023 sancta:
1783 3983 1910 4023 eum

329 4062 427 4132 qui
476 4060 696 4133 genitus
744 4070 862 4127 est,
896 4060 1133 4127 Filium;
1184 4060 1329 4116 sicut
1373 4075 1500 4115 eum
1543 4058 1639 4130 qui
1684 4060 1910 4131 genuit,

331 4152 556 4208 Patrem
611 4170 624 4207 :
669 4152 837 4208 Filius
885 4153 1072 4218 enim,
1106 4151 1317 4222 inquit,
1350 4168 1493 4206 meus
1541 4168 1594 4205 es
1646 4158 1701 4206 tu
1722 4149 1789 4206 ⁸⁸.
1823 4150 1915 4207 Sic

331 4248 519 4303 divina
558 4247 844 4318 Scriptura
885 4246 1093 4302 nostris
1131 4246 1456 4301 nominibus
1489 4260 1593 4300 nos
1624 4243 1692 4300 ad
1726 4261 1913 4301 veram

333 4340 711 4411 cognitionem
763 4339 1058 4403 instruxit,
1093 4338 1189 4408 qui
1238 4354 1349 4392 non
1398 4344 1715 4408 poteramus
1754 4336 1915 4392 aliter

334 4430 525 4486 doceri
557 4446 620 4485 ea
650 4445 773 4500 qua:
801 4429 1034 4499 spiritus
1068 4437 1201 4485 sunt
1236 4447 1249 4482 :
1286 4443 1390 4483 nec
1423 4428 1571 4483 enim
1606 4427 1734 4498 quia
1767 4428 1914 4484 Deus

2005 1945 2240 1999 turalem
2278 1945 2659 2015 cognationem
2692 1959 2761 1999 ex
2792 1942 2999 1999 nostris
3030 1942 3348 1998 nominibus
3379 1958 3583 2014 cogno-

2004 2037 2212 2103 vimus;
2242 2047 2503 2093 caeterum
2532 2036 2720 2091 divina
2749 2044 2900 2091 tanto
2923 2036 3013 2092 his
3042 2035 3362 2091 nominibus
3385 2036 3582 2091 altiora

2002 2137 2152 2192 sunt,
2171 2136 2381 2197 quanto
2407 2127 2500 2181 illa
2524 2136 2720 2182 natura
2751 2135 2941 2180 nostra
2968 2124 3165 2179 humili
3196 2133 3394 2180 natura
3419 2124 3585 2179 altior

2001 2230 2106 2275 est.
2128 2218 2515 2275 Consentanea
2542 2218 2631 2273 his
2659 2227 2848 2274 tenere
2870 2225 3087 2288 oportet
3109 2231 3227 2281 eos,
3248 2216 3345 2288 qui
3366 2216 3582 2281 volunt,

2005 2322 2066 2365 ut
2091 2311 2186 2367 Dei
2214 2311 2474 2367 voluntas
2500 2318 2607 2375 est,
2635 2309 2841 2365 vivere.

2075 2402 2268 2457 XXXI.
2298 2402 2356 2459 Si
2388 2410 2571 2458 autem
2602 2401 2858 2457 nonnulli
2886 2409 3081 2457 contra
3112 2410 3367 2457 naturam
3396 2415 3583 2456 rerum

2003 2497 2372 2568 cogitationes
2417 2496 2611 2552 inanes
2658 2494 3002 2552 fabricantur
3044 2509 3307 2565 perverso
3351 2493 3585 2549 consilio

2004 2596 2062 2645 et
2096 2588 2402 2659 proposito,
2432 2587 2583 2658 quod
2619 2586 2724 2642 sibi
2758 2586 2863 2658 ipsi
2898 2585 2957 2640 in
2989 2586 3194 2640 malum
3229 2599 3391 2640 suum
3426 2593 3484 2639 et
3514 2582 3584 2639 ad

2007 2680 2398 2751 decipiendum
2454 2678 2825 2750 simpliciores
2870 2677 3290 2748 excogitarnnt,
3336 2690 3477 2730 vana
3527 2682 3587 2731 et

2008 2772 2193 2827 inania
2236 2770 2577 2827 meditantur
2625 2789 2639 2825 :
2692 2769 2759 2823 Et
2804 2778 2982 2841 erunt,
3020 2768 3220 2839 inquit,
3255 2766 3588 2838 fraudulenti

2010 2864 2258 2935 frustrati
2272 2864 2583 2929 venatione;
2601 2878 2705 2918 nec
2719 2862 2867 2918 enim
2882 2862 3170 2917 veritatem
3188 2869 3586 2929 assequuntur;

2010 2971 2191 3027 neque
2228 2962 2457 3011 vertunt
2497 2970 2617 3019 res,
2653 2962 2849 3010 contra
2884 2968 3022 3024 quas
3060 2960 3267 3007 novant
3302 2951 3526 3005 nomina
3570 2968 3586 3003 :

2013 3047 2117 3102 ﬁxa
2160 3045 2307 3102 enim
2349 3055 2434 3101 est
2465 3055 2663 3100 natura
2697 3060 2912 3110 rerum;
2949 3052 3005 3098 et
3038 3058 3150 3098 non
3186 3040 3501 3097 movebitur
3532 3040 3590 3094 in

2014 3140 2277 3196 saaculum
2312 3139 2533 3205 saaculi;
2570 3137 2665 3193 sed
2700 3146 2763 3191 ut
2793 3146 2942 3200 erat,
2974 3145 3031 3191 et
3060 3144 3173 3199 est,
3205 3135 3286 3191 sic
3319 3140 3504 3190 manet
3533 3142 3590 3187 et

2014 3233 2360 3305 permanebit
2398 3250 2411 3287 :
2446 3248 2550 3288 nec
2583 3233 2699 3288 haec
2732 3239 2825 3286 aut
2859 3230 2949 3285 illa
2984 3229 3281 3300 appellatio
3315 3226 3590 3282 rationem

2013 3328 2134 3398 ejus
2171 3325 2228 3380 in
2264 3324 2416 3381 aliud
2455 3324 2761 3395 quidquam
2802 3321 3069 3387 mutabit,
3100 3320 3169 3376 ab
3207 3335 3275 3376 eo
3312 3318 3461 3390 quod
3500 3332 3590 3373 se-

2015 3417 2256 3473 cundum
2287 3425 2541 3471 naturam
2573 3424 2679 3481 est,
2704 3414 2945 3469 alienum
2974 3432 2987 3468 :
3016 3411 3293 3483 posterior
3316 3410 3467 3466 enim
3499 3417 3588 3465 est

2016 3507 2296 3579 impositio
2327 3506 2644 3571 nominum;
2674 3504 2995 3575 prioresque
3019 3513 3150 3559 sunt
3174 3518 3266 3557 res
3288 3502 3357 3557 de
3385 3502 3592 3571 quibus

2015 3598 2240 3656 nomina
2276 3599 2561 3655 dicuntur.
2594 3597 2651 3654 Si
2694 3598 2863 3669 igitur
2891 3607 3103 3652 naturae
3139 3610 3323 3651 rerum
3366 3592 3592 3649 nomina

2016 3688 2379 3754 conveniunt,
2409 3698 2467 3745 et
2500 3689 2555 3743 in
2590 3703 2683 3743 eas
2720 3703 2808 3743 res
2844 3686 3079 3758 pulchre
3113 3685 3290 3741 oratio
3321 3684 3587 3756 quadrat;

2016 3798 2147 3838 vera
2192 3781 2394 3837 merito
2429 3788 2662 3836 vocatur
2701 3781 2908 3835 nullam
2956 3780 3249 3836 incurrens
3286 3778 3590 3850 reprehen-

2016 3873 2226 3929 sionem
2277 3891 2289 3927 :
2333 3873 2418 3928 sin
2461 3884 2643 3927 autem
2688 3880 2879 3926 contra
2917 3887 3032 3926 non
3073 3871 3371 3927 convenire
3410 3884 3593 3939 neque

2016 3961 2288 4033 quadrare
2324 3961 2656 4031 reperiatur,
2684 3959 3036 4014 manifestum
3069 3968 3183 4024 est,
3212 3958 3437 4029 probari
3470 3973 3593 4014 esse

2018 4051 2209 4107 falsam
2252 4067 2266 4104 :
2306 4058 2493 4104 manet
2531 4064 2664 4104 vero
2706 4064 2793 4103 res
2830 4063 2952 4117 quae
2990 4047 3295 4103 secundum
3337 4055 3593 4102 naturam

2016 4143 2318 4201 constituta
2353 4149 2461 4204 est,
2492 4140 2645 4195 nullo
2680 4139 3031 4195 incommodo
3067 4157 3135 4196 ex
3166 4139 3305 4195 falsa
3341 4139 3593 4195 oratione

2016 4244 2263 4306 accepto.
2288 4235 2468 4304 Atque
2491 4233 2597 4287 hoc
2618 4231 2841 4302 quidem
2870 4231 2925 4286 in
2956 4247 3288 4303 unaquaque
3316 4248 3376 4287 re
3398 4248 3593 4287 verum

2016 4344 2139 4385 esse
2180 4325 2504 4397 comperiet,
2531 4326 2575 4380 si
2615 4328 2743 4395 quis
2781 4336 2993 4396 quaerat
3029 4344 3043 4381 :
3078 4324 3231 4395 quod
3271 4324 3317 4379 si
3358 4324 3414 4379 in
3455 4340 3591 4376 una-

2018 4436 2234 4492 quaque
2281 4436 2372 4483 re,
2421 4418 2596 4473 multo
2643 4415 2818 4488 magis
2866 4417 2922 4471 in
2968 4416 3172 4472 divinis
3220 4409 3592 4486 dogmatibus.

336 4523 581 4594 propriis
606 4530 663 4577 et
687 4521 1037 4577 naturalibus
1066 4520 1389 4575 nominibus
1412 4519 1706 4591 indigeret,
1724 4528 1912 4575 nostra
1948 4529 1993 4586 ι)
2021 4513 2202 4569 Fallax
2227 4512 2376 4567 enim
2401 4510 2580 4564 oratio
2603 4508 2821 4579 aliquos
2840 4506 3015 4573 fallet,
3033 4513 3093 4562 et
3118 4504 3369 4561 fortassis
3395 4520 3426 4556 a
3452 4501 3595 4555 veri—

336 4615 441 4671 sibi
482 4614 808 4679 vindicavit,
841 4621 899 4669 et
940 4628 1040 4683 per
1083 4622 1294 4679 nostra,
1327 4620 1390 4667 ut
1429 4608 1639 4667 dictum
1679 4620 1783 4676 est,
1814 4627 1915 4667 sua

336 4724 441 4765 nos
471 4707 683 4762 docuit.

410 4799 580 4855 XXX.
612 4798 768 4853 Sicut
811 4796 981 4869 igitur
1032 4793 1077 4851 si
1124 4793 1281 4865 quis,
1316 4808 1442 4849 cum
1489 4793 1656 4848 vellet
1698 4792 1919 4848 tradere

340 4892 537 4946 aliena:
566 4888 777 4944 nationi
809 4888 1001 4942 utilem
1033 4884 1406 4956 disciplinam,
1433 4898 1664 4953 eamque
1698 4882 1765 4937 ad
1804 4899 1920 4939 me-

342 4984 541 5040 liorem
586 4991 789 5038 statum
826 4989 882 5036 et
915 4979 1180 5049 optimam
1214 4976 1343 5032 vitae
1378 4991 1629 5031 normam
1665 4972 1921 5041 erudire;

344 5076 526 5132 inanis
558 5074 782 5145 penitus
811 5082 958 5129 esset
987 5087 1155 5143 opera
1190 5071 1312 5141 ejus
1344 5076 1403 5125 et
1432 5068 1701 5128 studium.
1731 5067 1776 5122 si
1813 5066 1923 5120 Iin-

342 5183 447 5240 gna
484 5182 584 5222 sua
612 5174 885 5230 uteretur,
916 5180 1041 5219 cum
1076 5162 1154 5219 illi
1188 5161 1282 5233 qui
1316 5161 1422 5216 alia
1457 5159 1646 5231 lingua
1684 5160 1922 5229 loquun-

346 5270 460 5325 tur,
484 5276 597 5317 non
624 5267 856 5331 possunt
875 5256 977 5313 nisi
1002 5255 1281 5329 prepriam
1305 5253 1548 5325 linguam
1574 5250 1879 5322 intelligere
1907 5265 1921 5303 :

2023 4614 2130 4661 tate
2151 4604 2391 4658 abducet
2408 4617 2505 4657 eos
2525 4601 2620 4671 qui
2642 4616 2752 4655 non
2778 4607 2912 4655 sunt
2932 4614 2996 4653 ea
3018 4596 3248 4662 imbuti;
3273 4610 3383 4648 non
3409 4600 3596 4648 tamen

2021 4696 2259 4753 mutabit
2289 4702 2542 4750 naturam
2572 4693 2640 4748 de
2670 4708 2777 4763 qua
2807 4690 3201 4762 pronuntiatur
3239 4705 3253 4741 :
3296 4702 3408 4741 non
3445 4685 3593 4741 enim

2019 4799 2168 4847 esset
2200 4796 2400 4844 natura
2438 4785 2690 4843 oratione
2730 4782 3024 4849 valentior,
3063 4781 3110 4837 si
3147 4795 3287 4837 sono
3327 4775 3600 4835 orationis

2022 4896 2109 4936 res
2139 4886 2507 4934 mutarentur.

2094 4969 2309 5026 XXXII.
2343 4967 2452 5024 Sed
2494 4966 2777 5036 deinceps,
2808 4964 2939 5035 quia
2980 4958 3232 5018 fortassis
3268 4958 3385 5013 haec
3420 4956 3598 5012 oratio

2022 5073 2107 5118 est
2129 5061 2347 5133 longior
2365 5061 2533 5131 justo,
2552 5059 2619 5113 ad
2644 5059 2804 5113 aliam
2834 5070 3147 5127 pergemus,
3164 5051 3251 5107 vel
3280 5049 3465 5121 potius
3488 5065 3598 5103 non

2025 5154 2093 5209 ad
2120 5154 2282 5208 aliam
2313 5171 2327 5208 :
2363 5151 2543 5207 adhuc
2568 5150 2716 5203 enim
2751 5147 2805 5202 in
2836 5146 3044 5202 eisdem
3074 5152 3345 5208 versatur,
3377 5139 3597 5196 tametsi

2026 5246 2203 5302 variat
2224 5244 2453 5301 materia
2476 5239 2990 5314 argumentationis.

421 5415 469 5447 “
492 5414 632 5472 Psal.
658 5430 714 5480 ιι,
737 5415 788 5468 7.
865 5412 910 5444 ⁸⁵
928 5411 1069 5468 Psal.
1096 5426 1200 5474 CIX,
1223 5409 1277 5465 ὅ.
1354 5406 1399 5441 ⁸⁸
1420 5408 1581 5465 Prov.
1607 5422 1681 5474 vi,
1707 5404 1797 5461 25.
1872 5402 1907 5436 '1

2009 5417 2098 5457 an.
2126 5419 2178 5468 v,
2203 5401 2291 5457 56.
2367 5400 2413 5435 ⁸⁸
2434 5400 2589 5457 Joan.
2617 5415 2724 5466 xvr,
2746 5399 2835 5454 28.
2914 5398 2956 5431 ⁸⁸
2981 5398 3121 5453 Psal.
3150 5412 3210 5461 ιι,
3233 5396 3285 5447 7.
