4052 6544
535 351 667 417 1331

1685 375 1745 435 S.
1781 378 2182 438 ANASTASII
2224 381 2697 443 ANTIOCHENI

3652 391 3766 460 ’33?

556 530 3761 588 ...Μ-Μ,

2130 688 2213 748 ΙΙ.

1697 797 1801 858 DE
1839 798 2589 871 INCIRCUMSCBIPTO.

601 1045 646 1100 Ι.
672 1044 871 1147 Omnia
903 1048 1072 1104 audet
1092 1050 1279 1147 lingua
1306 1053 1522 1120 dolosa,
1553 1072 1677 1126 quae
1707 1066 1762 1113 et
1782 1056 2106 1115 Creatorem
2138 1066 2183 1123 Α
2213 1076 2391 1133 rante,
2413 1069 2533 1126 sine
2559 1086 2670 1141 quo
2693 1088 2817 1129 esse
2843 1089 2955 1130 non
2983 1083 3186 1147 potest.
3212 1077 3304 1133 Sic
3332 1095 3344 1131 :
3375 1076 3505 1133 Cati
3532 1094 3773 1138 enarraut

527 1136 855 1199 contemnit,
891 1144 947 1192 et
981 1154 1103 1208 quae
1138 1140 1260 1211 ejus
1296 1142 1475 1199 virtus
1512 1145 1605 1211 sit,
1639 1161 1752 1201 non
1798 1149 1987 1204 sentit.
2026 1149 2112 1206 Sit

527 1223 690 1279 nobis
720 1224 989 1282 Dominus
1021 1229 1229 1285 auxilio
1263 1234 1414 1303 spei,
1450 1236 1764 1307 tribuatque
1796 1253 2109 1296 sermonem

527 1313 837 1384 prudentiae
880 1326 1108 1388 propter
1148 1336 1246 1377 eos
1292 1324 1386 1393 qui
1434 1325 1676 1382 fructum
1725 1331 2010 1400 percipere
2052 1342 2111 1389 et

526 1405 885 1475 prudentiam
924 1425 1128 1481 augere
1150 1414 1383 1484 cupiunt
1423 1434 1439 1468 :
1476 1425 1532 1470 tu
1568 1434 1724 1484 vero,
1749 1421 2106 1491 charissime,

526 1512 599 1553 ne
636 1513 762 1553 eum
803 1502 909 1565 eis,
940 1502 1085 1559 sicut
1116 1506 1387 1577 scriptum
1423 1518 1509 1564 est
1530 1511 1598 1576 ⁰⁰,
1630 1521 1851 1581 pactum
1885 1514 2055 1573 facias
2093 1535 2107 1570 :

524 1603 622 1645 eos
662 1590 811 1657 dico,
842 1594 937 1664 qui
978 1594 1150 1652 Deum
1195 1599 1559 1669 imminuunt,
1592 1611 1648 1659 et
1686 1605 1933 1663 divinam
1974 1610 2109 1665 sub-

525 1686 787 1740 stantiam
829 1689 1321 1759 circumscribunt,
1350 1705 1406 1750 et
1437 1707 1708 1767 quantum
1745 1701 1801 1755 in
1835 1701 1971 1772 ipsis
2002 1714 2107 1770 est,

526 1775 755 1832 tradunt
783 1794 1019 1836 vacuum
1063 1799 1187 1840 8886
1229 1787 1550 1843 universum
1595 1806 1627 1845 3
1672 1790 1937 1848 Creatore
1983 1796 2111 1850 uni-

524 1866 675 1921 versi
707 1884 721 1921 :
747 1869 842 1937 qui
869 1870 1130 1928 videntur
1154 1875 1232 1945 pii
1259 1891 1403 1941 esse,
1428 1878 1782 1949 impudenter
1804 1883 2110 1955 blasphemi

526 1967 693 2026 sunt,
733 1961 945 2020 divinae
982 1976 1197 2025 natura:
1245 1971 1670 2042 amplitudinem
1715 1987 2015 2046 negantes,
2057 1986 2114 2035 et

526 2050 770 2122 linguam
812 2070 968 2113 suam
1010 2058 1381 2130 importunam
1422 2073 1479 2120 et
1510 2065 1800 2138 loquacem
1841 2070 1899 2126 in
1936 2071 2110 2128 Deum

528 2145 777 2202 universi
819 2162 1105 2210 acuentes.
1144 2155 1288 2213 Sane
1322 2158 1549 2229 quidem
1585 2176 1698 2218 non
1733 2176 2115 2235 cognoverunt

527 2235 641 2304 isti,
674 2255 784 2297 nec
810 2241 1206 2303 intellexerunt
1234 2252 1534 2320 potentiam
1565 2251 1689 2320 Dei,
1716 2256 1851 2326 quin
1882 2259 2068 2327 potius
2095 2277 2114 2314 :

526 2331 873 2393 Obscuratum
922 2351 1026 2409 est,
1064 2344 1210 2401 sicut
1253 2347 1330 2403 ait
1375 2347 1694 2421 Scriptura,
1725 2354 1977 2425 insipiens
2019 2371 2109 2409 cor

524 2441 709 2483 eorum
742 2445 761 2484 :
790 2430 1020 2489 dicentes
1043 2452 1098 2490 se
1122 2454 1234 2491 esse
1258 2441 1542 2512 sapientes,
1566 2444 1719 2500 stulti
1747 2447 1874 2517 facti
1900 2455 2024 2502 sunt
2042 2448 2109 2502 ’⁸.
2142 2423 2184 2479 Β

524 2516 673 2572 Deus
713 2531 896 2578 autem
942 2528 1343 2596 patientissime
1382 2532 1490 2588 fert
1528 2534 1677 2602 hinc,
1706 2516 1801 2608 qui
1842 2555 1953 2595 non
1990 2539 2113 2595 vult

524 2610 671 2668 ullos
711 2615 915 2684 perire,
950 2619 1048 2673 sed
1090 2636 1287 2679 omnes
1325 2624 1393 2680 ad
1436 2627 1824 2696 paenitentiam
1856 2632 2050 2689 venire
2095 2653 2107 2690 :

528 2701 655 2758 Vult
678 2708 820 2761 enim
853 2725 1032 2766 omnes
1065 2714 1301 2770 homines
1332 2716 1507 2775 salvos
1535 2719 1676 2790 ﬁeri,
1701 2731 1750 2777 et
1782 2724 1853 2779 ad
1879 2727 2109 2796 agnitio-

525 2812 645 2851 nem
682 2803 922 2857 veritatis
960 2807 1140 2861 venire
1159 2809 1229 2864 θ’.
1260 2809 1417 2866 Faxit
1454 2812 1620 2880 Deus,
1651 2825 1711 2871 ut
1749 2816 1855 2872 hoc
1891 2819 2112 2890 sapiens

524 2890 820 2948 consilium
867 2895 1079 2953 exitum
1124 2899 1334 2956 bonum
1378 2903 1433 2958 in
1473 2904 1556 2961 eis
1600 2906 1944 2979 aSsequatur,
1978 2911 2112 2980 ipsis

525 2983 764 3040 salutem
812 2993 1137 3048 consecutis
1186 2997 1494 3054 secundum
1548 3002 1895 3071 propositum
1947 3005 2043 3060 Dei
2096 3026 2109 3061 :

526 3072 635 3139 Qui
656 3087 808 3133 vocat
836 3097 898 3136 ea
927 3100 1047 3153 qua:
1074 3103 1181 3141 non
1209 3098 1356 3157 sunt,
1384 3100 1641 3164 tanquam
1666 3111 1729 3149 ea
1756 3112 1872 3167 qua:
1897 3107 2020 3151 sunt
2041 3100 2108 3154 ".

596 3167 662 3223 ii.
712 3170 792 3226 Ne
846 3184 1031 3231 autem
1087 3180 1395 3239 absurdum
1450 3194 1506 3239 et
1562 3185 1818 3243 dolosum
1878 3189 2110 3247 istorum

529 3258 727 3332 dogma
769 3265 963 3334 lateat,
997 3271 1319 3343 videamus,
1354 3278 1541 3348 qualia
1580 3279 1695 3334 sint
1731 3296 1854 3351 quae
1894 3282 1961 3339 de
2000 3284 2111 3340 Deo

530 3350 719 3411 dicere
765 3358 972 3416 audent
1015 3381 1029 3415 :
1079 3383 1097 3415 ι
1146 3364 1403 3440 Energia,
1442 3370 1728 3441 inquiunt,
1760 3372 1816 3428 in
1855 3375 2116 3433 omnibus

528 3445 700 3502 rebus
734 3459 818 3505 est
851 3451 1027 3521 Deus;
1065 3456 1379 3515 substantia
1409 3476 1544 3517 vero
1580 3463 1830 3518 minimc.
1868 3483 1887 3516 ι
1934 3466 2112 3523 Ener-

525 3537 673 3608 giam
699 3554 903 3601 vocant
929 3560 1071 3617 opus
1099 3549 1344 3622 energia,
1369 3551 1424 3608 id
1450 3562 1557 3620 est,
1581 3556 1902 3625 operatione
1927 3559 2113 3615 confe-

527 3638 706 3697 ctum,
728 3643 790 3689 ut
820 3634 1123 3694 fabricator
1150 3642 1310 3696 navis
1337 3652 1424 3698 est
1444 3642 1500 3698 in
1524 3644 1651 3700 navi
1682 3660 1713 3701 a
1740 3660 1798 3702 se
1823 3645 2110 3717 fabricata,

2210 1158 2441 1230 gloriam
2474 1160 2605 1228 Dei;
2637 1173 2687 1219 et
2721 1181 2882 1234 opera
2915 1184 3175 1222 manuum
3217 1169 3332 1239 ejus
3367 1173 3655 1225 annuntiat
3686 1174 3771 1242 [ir-

2212 1258 2540 1304 mamentum
2562 1252 2637 1318 ";
2679 1268 2789 1309 non
2830 1256 2998 1311 semel
3040 1255 3275 1323 factum,
3307 1266 3365 1314 et
3400 1274 3431 1313 a
3461 1258 3773 1319 fabricatore

2211 1352 2313 1393 suo
2344 1340 2667 1410 alienatum,
2699 1360 2919 1416 semper
2949 1349 3097 1403 enim
3132 1349 3344 1421 indiget
3374 1364 3771 1422 conservatore,

2211 1430 2307 1501 qui
2348 1448 2459 1487 non
2502 1434 2633 1490 sinit
2671 1446 3038 1495 veterascere.
3065 1440 3242 1508 Unde,
3275 1443 3406 1513 quia
3443 1459 3607 1501 omne
3644 1450 3775 1519 quod

2209 1528 2325 1597 pati
2358 1538 2562 1600 potest,
2583 1548 2697 1587 non
2726 1541 3052 1589 renovatum
3077 1539 3403 1605 veterascit;
3433 1540 3582 1610 quod
3609 1551 3775 1599 autem

2210 1628 2413 1675 natura
2439 1630 2787 1679 veterascere
2817 1633 3025 1695 ροιρει,
3048 1642 3161 1682 non
3186 1640 3542 1687 veterasoens
3571 1647 3779 1689 ηηονδ-

2212 1718 2304 1764 tur
2334 1728 2347 1765 :
2381 1710 2587 1767 coelum
2624 1713 2794 1785 igitur
2820 1723 2876 1770 et
2903 1716 3147 1772 caelestia
3181 1733 3420 1790 corpora
3450 1736 3577 1791 quae
3606 1721 3777 1779 hacte-

2209 1818 2317 1857 nus
2346 1804 2490 1860 sicut
2514 1820 2544 1860 a
2571 1806 2849 1877 principio
2875 1807 3017 1864 facta
3048 1818 3195 1875 sunt,
3223 1810 3455 1879 durant,
3483 1815 3778 1869 renovatio-

2212 1910 2338 1949 nem
2367 1895 2424 1950 in
2448 1911 2507 1951 se
2528 1896 2778 1967 quotidie
2801 1898 2923 1954 ﬁeri
2950 1900 3293 1969 ostendunt;
3318 1904 3780 1975 conservationem

2211 2003 2346 2043 vero
2367 2003 2507 2043 voco
2530 1990 2945 2045 renovationem
2975 2010 2988 2046 :
3015 2002 3312 2048 conservat
3333 2003 3519 2050 autem
3544 2010 3608 2051 ea
3626 1996 3779 2063 Deus,

2211 2078 2494 2151 quomodo
2524 2079 2721 2136 affecta
2754 2087 2905 2135 sunt.
2936 2080 2995 2136 Si
3029 2092 3214 2138 autem
3248 2091 3397 2140 recte
3431 2084 3629 2151 habet,
3647 2085 3779 2153 quod

2213 2188 2314 2228 nos
2339 2173 2721 2244 intelligimus,
2741 2173 3042 2244 energiam,
3062 2174 3116 2229 id
3140 2183 3249 2241 est,
3269 2176 3651 2246 operationem
3671 2193 3783 2234 esse

2212 2265 2731 2330 conservationem;
2779 2273 3144 2321 conservatur
3182 2281 3354 2333 vero,
3387 2277 3442 2322 et
3481 2269 3786 2325 continetur

2219 2359 2573 2425 universum;
2613 2358 2760 2414 circa
2793 2358 3115 2414 universum
3148 2369 3407 2415 versatur
3438 2362 3684 2433 energia.
3710 2362 3783 2418 Ab

2212 2452 2318 2507 hac
2341 2459 2529 2506 autem
2552 2466 2665 2506 non
2689 2461 2775 2507 est
2798 2450 3107 2506 substantia
3133 2452 3493 2523 separabilis;
3527 2463 3612 2508 est
3634 2454 3784 2525 igitur

2211 2543 2359 2599 circa
2383 2542 2724 2607 universum,
2747 2550 2804 2598 et
2826 2542 2881 2597 in
2909 2542 3172 2598 universo
3198 2543 3517 2598 substantia
3540 2545 3657 2599 Dei.

2280 2634 2371 2690 IlI.
2404 2632 2495 2691 Sic
2528 2633 2911 2705 intelligimus,
2940 2630 3089 2702 quod
3124 2631 3379 2687 Salvator
3407 2631 3554 2687 dixit
3589 2650 3605 2687 :
3636 2631 3784 2687 Pater

2212 2744 2361 2783 meus
2404 2743 2569 2799 usque
2612 2726 2770 2781 modo
2815 2732 3092 2797 operatur,
3120 2733 3169 2778 et
3217 2741 3311 2796 ego
3354 2741 3551 2796 operor
3569 2726 3643 2791 ";
3684 2741 3782 2780 non

2211 2820 2359 2893 quod
2394 2818 2544 2875 facta
2583 2818 2655 2874 sit
2688 2816 2933 2875 accessio
2977 2816 3241 2872 universo
3285 2834 3299 2870 :
3340 2815 3617 2887 Requievit
3647 2816 3780 2871 enim

2212 2915 2352 2969 Deus
2402 2914 2486 2968 die
2534 2912 2759 2983 septima
2809 2910 2874 2965 ab
2926 2909 3166 2964 omnibus
3209 2908 3451 2981 aperibus
3498 2910 3645 2971 suis.
3679 2924 3782 2979 quc

2210 3004 2363 3073 coepit
2404 3002 2578 3072 facere
2596 3000 2672 3068 ⁹⁶;
2719 3008 2778 3055 et
2821 3016 2835 3053 :
2881 2998 3028 3054 Nihil
3071 3007 3147 3053 est
3187 3014 3366 3053 recens
3410 2998 3506 3052 sub
3552 2998 3686 3063 sole,
3715 2998 3783 3052 ait

2213 3094 2475 3150 Salomon
2500 3095 2584 3160 9";
2631 3092 2729 3149 sed
2776 3107 2918 3160 opus
2960 3090 3273 3146 nominavit
3316 3091 3781 3146 conservationem

2213 3186 2485 3243 universi.
2507 3185 2631 3257 ipsa
2655 3183 2803 3241 enim
2831 3199 3035 3255 genera
3060 3190 3118 3238 et
3145 3182 3362 3254 species
3388 3197 3586 3238 eorum
3610 3182 3785 3237 videre

2210 3279 2341 3334 licet
2368 3293 2588 3348 semper
2617 3275 2960 3341 conservari,
2987 3290 3092 3331 nec
3121 3276 3309 3346 augeri
3342 3275 3591 3346 penitus.
3620 3290 3785 3345 neque

2212 3370 2418 3436 minui;
2460 3375 2867 3425 conservantur
2902 3376 3088 3423 autem
3124 3367 3330 3433 Verbo,
3356 3378 3418 3422 ut
3456 3375 3621 3423 antea
3655 3365 3784 3421 dixi-

2213 3479 2367 3529 mus,
2415 3462 2492 3517 ita
2537 3471 2600 3517 ut
2641 3474 2900 3532 separare
2941 3476 3007 3516 ea
3048 3474 3077 3514 a
3121 3467 3396 3530 potestate
3436 3466 3782 3513 conservante

2214 3556 2443 3627 impium
2481 3555 2556 3611 sit
2590 3572 2604 3609 :
2642 3553 2918 3625 siquidem
2960 3553 3028 3608 ad
3067 3551 3360 3608 interitum
3397 3550 3639 3606 deducet
3671 3547 3785 3602 uni.

2213 3666 2435 3706 versum
2459 3689 2473 3713 ,
2514 3648 2612 3720 qui
2658 3658 2945 3705 auctorem
2995 3645 3245 3703 universi
3288 3644 3357 3700 ab
3398 3643 3664 3700 universo
3704 3655 3785 3696 sc-

524 3732 585 3777 et
623 3733 804 3779 textor
846 3727 903 3782 in
948 3730 1118 3799 pallio
1158 3733 1303 3803 quod
1348 3736 1543 3791 texuit.
1575 3737 1743 3808 Atqui
1785 3738 1964 3797 dicam
2008 3757 2109 3814 ego
2140 3778 2183 3838 ο
2211 3742 2479 3816 junxerit.

528 3812 956 3883 inseparabilem
1000 3834 1122 3876 esse
1168 3837 1198 3875 a
1243 3834 1441 3878 natura
1493 3824 1595 3880 Dei
1638 3827 1919 3898 energiam
1968 3812 2108 3901 ejus,

525 3907 783 3976 exemplo
828 3911 1120 3980 superiore
1163 3914 1233 3969 ab
1281 3913 1405 3971 istis
1450 3927 1674 3989 sumpto
1722 3935 1859 3976 usus
1904 3939 1919 3977 :
1970 3923 2115 3979 sicut

526 3998 677 4053 enim
712 4000 1012 4060 fabricator
1035 4007 1192 4062 navis
1221 4009 1473 4064 cernitur
1501 4009 1557 4064 in
1584 4010 1734 4078 navi,
1760 4021 1817 4068 et
1847 4021 2028 4069 textor
2056 4014 2111 4070 in

524 4095 696 4165 pallio
722 4099 926 4167 textili;
952 4102 1034 4157 sic
1054 4102 1201 4159 Deus
1222 4105 1277 4159 in
1301 4106 1567 4176 operibus
1588 4108 1703 4164 suis
1728 4126 1747 4163 τ
1767 4111 1983 4166 tametsi
2009 4110 2110 4178 illi,

526 4195 724 4258 utpote
750 4193 1012 4249 mortales
1039 4204 1097 4249 et
1120 4196 1453 4266 corporibus
1481 4199 1914 4273 circumscripti,
1938 4202 2112 4258 solam

525 4280 813 4350 energiam
849 4282 1171 4354 relinquant
1202 4302 1430 4343 vacuam
1463 4289 1534 4345 ab
1568 4290 1801 4356 artiﬁce,
1831 4293 1926 4363 qui
1959 4293 2112 4364 operi

524 4369 782 4427 faciendo
813 4382 991 4430 artem
1023 4376 1282 4433 adhibuit
1310 4396 1324 4433 :
1357 4388 1522 4450 atque
1555 4382 1830 4439 artiﬁcem
1862 4384 2110 4454 quidem,

526 4463 574 4517 si
614 4464 773 4521 adest
806 4476 862 4521 et
896 4470 1273 4540 cognoscitur,
1303 4473 1567 4542 praedicat
1605 4490 1779 4545 opus;
1825 4477 2111 4534 absentem

521 4571 659 4611 vero
698 4566 755 4612 et
802 4551 1182 4631 incogniium,
1218 4563 1448 4620 minime
1495 4583 1508 4620 :
1555 4566 1652 4622 sed
1697 4583 1797 4623 cur
1836 4568 1948 4624 ita?
1982 4571 2113 4641 quia

524 4658 832 4720 utrumque
883 4652 1307 4727 circumscripte
1357 4657 1607 4714 cernitur
1652 4667 1709 4714 et
1754 4675 1926 4732 opus,
1963 4670 2020 4718 et
2057 4663 2114 4719 id

525 4738 674 4793 unde
704 4739 1019 4810 proiectum
1046 4752 1131 4799 est
1154 4760 1317 4816 opus.
1338 4746 1481 4814 Quia
1500 4761 1634 4803 vero
1657 4748 1781 4804 viva
1805 4758 1893 4805 est
1916 4759 2112 4807 natura

525 4831 737 4901 divina,
768 4837 1046 4907 euergias,
1077 4837 1133 4893 id
1176 4848 1263 4895 est
1303 4840 1680 4910 operationes,
1714 4841 1881 4898 habet
1918 4844 2113 4900 viven-

526 4934 632 4990 tes,
658 4934 715 4981 et
743 4928 864 4983 sine
897 4928 1317 4988 intermissione
1348 4941 1574 5003 agentes
1608 4930 1639 4987 ε’
1659 4932 1778 4989 sine
1808 4933 2113 4990 substantia

526 5022 713 5069 autem
749 5032 861 5071 non
893 5028 1081 5088 potest
1113 5020 1228 5075 ullo
1262 5021 1428 5077 modo
1461 5023 1687 5093 prodire
1722 5024 1979 5096 energia;
2016 5026 2110 5081 ubi

2288 3835 2377 3890 iV.
2428 3832 2601 3889 Adest
2651 3832 2820 3903 igitur
2863 3832 2917 3887 in
2965 3827 3227 3885 omnibus
3271 3827 3419 3881 Deus
3462 3841 3581 3881 non
3623 3824 3782 3881 solum

2215 3926 2465 3997 energia,
2492 3925 2547 3980 id
2586 3932 2671 3979 est
2728 3921 3077 3994 operatione,
3103 3920 3197 3976 sed
3234 3919 3403 3975 etiam
3437 3917 3780 3974 substantia:

2216 4019 2659 4075 demonstratum
2694 4015 2842 4070 enim
2879 4023 2986 4080 est,
3014 4029 3125 4069 non
3161 4027 3283 4068 esse
3314 4012 3600 4083 energiam
3636 4024 3782 4080 sepa-

2218 4118 2395 4164 ratam
2422 4124 2452 4163 a
2483 4105 2815 4162 substantia.
2844 4104 3133 4175 Energiam
3160 4113 3345 4158 autem
3371 4114 3511 4155 voco
3538 4100 3780 4155 virtutem

2216 4198 2494 4254 viventem
2521 4206 2578 4251 et
2600 4210 2817 4265 semper
2840 4201 3095 4264 agentem
3114 4198 3162 4257 ³,
3185 4190 3559 4262 prodeuntem
3584 4204 3651 4245 ex
3669 4186 3783 4243 sub-

2217 4290 2419 4346 stantia
2450 4296 2717 4357 operante
2747 4304 2760 4340 :
2796 4284 3092 4356 tripliciter
3115 4282 3265 4338 enim
3295 4278 3506 4336 dicitur
3532 4278 3777 4349 energia;

2216 4381 2302 4436 vis
2333 4379 2603 4451 operandi
2638 4388 2852 4433 natum
2886 4375 3082 4441 insita;
3118 4383 3175 4429 et
3204 4372 3479 4428 habitudo
3515 4367 3779 4442 Operamis

2216 4474 2285 4529 ad
2320 4488 2481 4543 opus,
2512 4487 2624 4543 quo
2655 4470 2744 4538 iit;
2777 4478 2834 4526 et
2862 4468 2917 4524 id
2954 4468 3156 4538 ipsum,
3180 4465 3328 4537 quod
3363 4480 3431 4520 ex
3465 4461 3781 4536 antegressis

2216 4566 2531 4623 confectum
2587 4572 2691 4620 est.
2739 4563 2904 4619 Prius
2950 4560 3098 4618 enim
3148 4559 3564 4630 contemplatur
3608 4572 3774 4619 mens,

2215 4657 2366 4729 quod
2426 4656 2741 4712 faciendum
2795 4662 2915 4721 est;
2974 4660 3169 4725 postea
3222 4659 3521 4706 moventur
3568 4663 3775 4714 manus;

2216 4750 2419 4807 deinde
2454 4756 2877 4805 consummatur
2908 4745 3055 4818 quod
3093 4758 3250 4800 mens
3283 4742 3654 4814 contemplata
3686 4747 3776 4801 est.

2214 4851 2271 4899 et
2293 4842 2441 4915 quod
2466 4857 2567 4914 per
2589 4850 2800 4897 motum
2829 4850 2914 4896 est
2933 4840 3218 4896 effectum.
3238 4835 3330 4893 [lae
3354 4845 3539 4892 autem
3564 4832 3777 4904 energia:

2214 4950 2407 4991 eorum
2446 4944 2597 5001 sunt,
2632 4948 2757 5004 quae
2795 4931 3097 5003 composita
3134 4937 3191 4986 et
3227 4928 3481 4984 mortalia
3521 4934 3649 4982 sunt
3683 4941 3697 4977 :
3728 4931 3775 4975 et

2215 5026 2287 5082 ob
2312 5027 2457 5082 hanc
2481 5041 2700 5082 causam
2729 5040 2840 5079 non
2866 5038 3093 5079 necesse
3119 5031 3225 5086 est,
3251 5031 3313 5076 ut
3335 5019 3484 5091 quod
3515 5023 3772 5089 operatur,

526 5102 679 5157 enim
724 5107 950 5177 energia
997 5108 1281 5175 cernitur,
1318 5109 1485 5165 simul
1535 5126 1661 5166 cum
1713 5111 1817 5168 hac
1864 5114 2114 5169 cernitur
2148 5124 2190 5179 D
2222 5132 2442 5188 semper
2469 5115 2615 5171 adsit
2642 5114 2694 5170 ei
2731 5114 2811 5172 rei
2848 5129 3011 5185 quam
3048 5120 3343 5184 operatur;
3379 5111 3509 5181 quia
3540 5105 3774 5179 prohibet

528 5193 841 5252 substantia
877 5214 946 5254 ex
980 5216 1088 5271 qua
1123 5203 1309 5273 prodit
1341 5220 1355 5257 :
1393 5211 1692 5274 utrumque
1726 5205 1872 5261 enim
1905 5216 1990 5262 est
2021 5208 2110 5263 in-

526 5285 1041 5359 circumscriptum;
1076 5293 1440 5363 quamobrem
1466 5295 1696 5351 omnino
1725 5305 1859 5351 sunt
1884 5296 2031 5354 inter
2053 5313 2110 5355 se

528 5376 918 5447 inseparabilis
958 5399 973 5437 :
1011 5384 1276 5454 praedicat
1306 5386 1531 5458 quidem
1565 5387 1819 5458 operatio
1851 5388 2110 5446 substan-

530 5468 663 5524 tiam
699 5470 993 5543 latentem;
1034 5478 1286 5534 cernitur
1317 5495 1452 5536 vero
1485 5481 1783 5555 conjuncta
1817 5496 1942 5538 cum
1976 5497 2111 5552 ope-

599 5592 644 5665 'f
668 5594 830 5649 Prov.
855 5612 894 5659 ι,
920 5595 1007 5651 15.
1086 5597 1130 5628 ⁸³
1157 5596 1315 5652 Rom.
1344 5615 1381 5659 ι,
1404 5599 1496 5665 21,
1518 5598 1609 5654 22.
1684 5600 1729 5633 θ’
1754 5599 1775 5656 ι
1804 5598 1946 5655 Tim.
1975 5615 2035 5665 ιι,
2056 5599 2113 5654 4.

529 5661 574 5695 ⁸⁵
604 5661 740 5720 Gcn.
768 5683 825 5730 ιι,
849 5667 905 5720 ‘2.
976 5667 1021 5698 θ’
1047 5666 1231 5723 Eccle.
1258 5685 1296 5732 ι,
1332 5670 1417 5724 10.

2216 5207 2413 5263 adesse
2462 5206 2742 5263 crassities
2789 5204 3075 5276 corporis,
3108 5212 3164 5258 et
3209 5217 3362 5256 mors
3405 5197 3774 5279 Operantis,et

2215 5299 2453 5356 cessatio
2486 5298 2848 5370 Operationis,
2870 5306 2927 5354 et
2952 5296 3208 5353 fortassis
3230 5294 3399 5352 etiam
3429 5293 3681 5348 interitus
3709 5284 3775 5343 re'

2217 5392 2448 5448 eiiectae.
2475 5390 2537 5446 In
2576 5391 2763 5446 divina
2804 5401 2989 5446 autem
3025 5398 3226 5445 natura
3264 5387 3405 5443 nihil
3440 5386 3636 5440 horum
3667 5394 3771 5451 qua:

2220 5482 2369 5538 dicta
2393 5490 2544 5547 sunt,
2569 5482 2861 5553 prohibet;
2896 5480 3128 5552 simplex
3155 5479 3307 5536 enim
3332 5485 3439 5544 est,
3461 5473 3587 5546 quia
3614 5474 3771 5527 incor-

3308 5595 3355 5628 ”
3391 5590 3546 5651 Joan.
3603 5603 3653 5655 ν,
3694 5584 3767 5642 17.

2225 5599 2270 5631 ⁹²
2292 5599 2451 5654 Rom.
2478 5615 2551 5665 iv,
2575 5600 2627 5655 7.
2728 5598 2773 5631 ’⁸
2796 5599 2940 5655 Psal.
2963 5612 3116 5666 xvm,
3158 5596 3208 5653 1.

1841 5762 2069 5820 ὙΛΒΙᾸΞ
2112 5760 2511 5821 LECTIONES.

608 5854 633 5889 ¹
660 5846 879 5925 Semper
908 5862 1169 5926 agcntcm,
1206 5855 1537 5926 ἀεικίνητον.
