3810 6572
103 377 229 442 13⁷33

979 385 998 400 ’
1027 376 1308 437 ORATIO
1355 375 1431 433 ll.
1455 397 1522 408 —
1549 375 1646 433 DE
1690 375 2402 439 INCIRCUMSCRIPTO.

3212 370 3356 436 Μ

102 481 283 538 porca;
321 474 377 519 ct
416 482 430 518 :
471 463 630 521 Solus
664 467 814 520 liabet
851 468 1309 521 immortalitatem
1335 467 1410 532 9';
1455 475 1510 520 et
1551 481 1673 534 per—
1711 471 1752 524 Α
1787 467 1986 523 ctionis
2019 481 2229 524 natura:
2277 470 2346 523 ab
2397 468 2617 538 energia
2651 465 2765 522 sive
2818 464 3176 535 operatione?
3203 466 3346 520 Nuso

104 570 267 628 petua:
295 559 547 628 energima
579 560 726 628 ejus;
762 570 816 614 et
840 559 988 629 quod
1022 558 1281 614 eﬂ‘ectum
1311 550 1418 622 est,
1450 573 1677 612 conser-

103 661 247 704 vatur
284 668 296 702 :
339 649 563 705 idcirco
601 651 655 706 in
699 652 961 707 omnibus
999 651 1167 707 rebus
1206 652 1519 708 necessario
1557 667 1678 704 cer-

102 745 244 796 nitur
283 741 604 795 substantia
647 744 953 812 operantis.
986 743 1270 813 Siquidem
1322 743 1377 795 iu
1425 743 1680 810 exemplo

101 832 400 902 superiore,
432 835 705 902 quamdiu
738 834 797 888 lit
822 835 874 889 id
905 836 958 889 in
989 851 1099 904 quo
1122 845 1379 890 versatur
1405 835 1677 904 operatio,

101 924 276 980 tandiu
323 926 651 980 necessario
698 926 856 981 adest
898 937 1096 982 natura
1136 925 1418 996 operantis
1455 941 1469 978 :
1515 940 1680 979 nemo

99 1033 326 1085 namque
361 1017 578 1071 absens
613 1028 795 1088 potest
828 1019 1038 1089 aliquid
1077 1018 1316 1089 operari.
1351 1017 1522 1088 Igitur
1552 1016 1679 1086 quia

99 1123 303 1179 semper
349 1110 547 1164 omnia
589 1111 734 1165 Deus
779 1120 1072 1181 operatur,
1105 1120 1162 1165 et
1202 1108 1678 1165 conservationem

103 1199 334 1252 universi
389 1201 520 1255 sine
576 1203 884 1257 cessatione
939 1204 1255 1268 continuat,
1311 1215 1541 1256 necesse
1595 1209 1681 1254 est

101 1292 260 1344 Deum
303 1307 432 1347 esse
477 1294 538 1347 in
583 1295 872 1359 omnibus,
902 1304 958 1350 et
997 1310 1026 1348 a
1071 1295 1223 1350 nulla
1267 1311 1325 1350 re
1363 1301 1679 1364 separatum

99 1399 208 1437 esse
248 1402 260 1436 :
313 1385 535 1455 alioqui
581 1388 860 1456 quomodo
894 1387 961 1442 de
1009 1389 1142 1452 Deo,
1167 1397 1227 1442 ut
1279 1388 1450 1442 Deum
1497 1386 1677 1450 decet,

100 1473 295 1528 sentire
339 1475 578 1531 liceret?
623 1477 717 1533 [iet
761 1478 931 1543 enim,
964 1487 1024 1531 ut
1064 1480 1235 1532 Deum
1278 1477 1525 1532 dicamus
1559 1494 1679 1533 esse

102 1579 312 1634 corpus,
345 1567 504 1635 quod
543 1577 848 1623 extremam
877 1568 1221 1639 impietatem
1256 1576 1482 1638 superat
1515 1586 1527 1622 :
1567 1567 1677 1622 cir-

101 1657 454 1727 cumscriptio
484 1661 636 1714 enim
669 1662 894 1732 propria
921 1670 1007 1716 est
1031 1675 1351 1731 corporum,
1383 1659 1495 1714 imo
1527 1675 1678 1714 crea-

106 1760 358 1804 turarum.

164 1842 223 1894 V.
253 1841 308 1896 Si
339 1859 479 1914 ergo
522 1846 808 1914 proprium
835 1855 922 1902 est
948 1861 1244 1916 corporum
1274 1854 1331 1900 et
1381 1853 1672 1900 creatura-

105 1947 213 1984 rum
245 1932 646 1989 circumscribi
677 1953 690 2001 ;
719 1935 1033 2006 incorporei
1071 1945 1127 1990 et
1157 1935 1388 1989 increati
1428 1949 1537 1988 non
1567 1933 1674 1987 cir-

102 2024 385 2077 cumscribi
419 2042 432 2078 :
467 2026 570 2096 qui
594 2025 730 2081 dicit
751 2043 879 2082 eum
916 2026 1013 2097 qui
1042 2036 1238 2081 natura
1268 2035 1352 2080 est
1377 2025 1676 2079 incircum-

105 2113 325 2183 scriptus
347 2131 462 2170 non
490 2131 615 2172 esse
642 2117 696 2172 in
729 2119 912 2188 aliqua
946 2135 1024 2184 re,
1056 2119 1102 2174 is
1134 2117 1672 2186 incircumscriptum

102 2202 550 2260 circumscribit:
579 2207 789 2262 etenim
819 2207 865 2263 si
907 2207 977 2262 ab
1017 2223 1127 2262 uno
1161 2209 1299 2271 solo,
1339 2207 1471 2261 licet
1507 2206 1672 2261 mini-

109 2308 205 2356 mo,
233 2305 514 2359 arceatur,
537 2297 736 2351 modus
781 2297 1316 2367 circumscriptionis
1363 2297 1672 2367 est:siqui-

106 2384 215 2438 dem
252 2386 319 2440 ab
368 2388 554 2442 altero
609 2390 896 2445 terminari
955 2390 1348 2455 substantiam,
1395 2390 1671 2445 terminati

109 2479 577 2552 circumscriptam
633 2499 755 2538 esse
817 2485 1194 2550 demonstrat,
1257 2494 1318 2539 ut
1377 2502 1498 2555 qua:
1561 2501 1672 2540 non

110 2572 265 2638 possit
311 2575 782 2631 circumscribere
828 2577 976 2648 quod
1011 2578 1183 2647 ipsam
1219 2579 1496 2632 terminat.
1528 2578 1675 2645 Quo-

111 2661 260 2716 modo
291 2663 462 2734 igitur
504 2683 700 2720 verum
736 2668 860 2732 erit,
898 2668 1045 2737 quod
1068 2668 1145 2722 ait
1182 2668 1465 2738 Scriptura
1501 2687 1513 2722 :
1548 2667 1672 2739 Spi-

111 2753 226 2805 ritus
250 2753 465 2809 Domini
510 2758 730 2826 replevit
753 2759 928 2812 orbem
953 2767 1221 2813 terrarum
1245 2760 1289 2792 θ’
1313 2760 1336 2812 ?
1359 2759 1494 2814 Cum
1526 2763 1673 2816 enim

111 2843 236 2898 Deus
255 2847 322 2900 sit
345 2848 678 2915 substantia,
694 2851 875 2905 omnia
892 2867 1013 2921 quae
1039 2860 1187 2915 sunt,
1213 2851 1397 2905 divina
1420 2852 1676 2909 substan-

112 2935 173 2988 tia
204 2935 487 3006 implevit;
524 2939 657 2994 ctin
703 2940 959 2995 omnibus
985 2947 1068 2995 est
1123 2942 1348 3005 virtute,
1385 2956 1496 2994 non
1534 2941 1671 2995 assi.

113 3025 316 3082 milatus
344 3030 480 3084 moli
530 3030 804 3099 corporis,
863 3030 960 3085 sed
1003 3031 1188 3085 divina
1221 3031 1543 3085 universum
1580 3047 1674 3084 eo-

1780 577 1986 629 quam:
2017 580 2116 633 per
2163 562 2349 617 omnia
2395 563 2545 617 enim
2578 568 2722 615 meat
2762 561 2925 622 Deus,
2965 560 3223 613 universa
3250 559 3348 612 irn-

1780 649 1934 718 plens
1962 652 2324 722 amplitudine
2355 661 2585 717 natum,
2625 659 2683 706 et
2707 649 2994 722 potestatis
3016 663 3129 704 sua:
3166 648 3347 702 abun-

1780 740 1985 795 dantia.

1851 835 1963 888 VII.
1989 834 2095 889 Sed
2143 843 2273 889 sunt
2303 835 2551 905 quidam,
2581 834 2674 904 qui
2723 833 3098 888 infirmitatem
3141 843 3351 888 natura:

1779 942 1890 980 suae
1924 926 1979 979 in
2026 927 2197 981 Deum
2249 926 2606 991 transferunt,
2635 926 2780 981 circa
2813 926 3044 979 maxima
3095 925 3247 995 parci
3294 935 3351 980 et

1781 1017 2042 1071 restricti.
2069 1019 2137 1072 At
2186 1018 2279 1087 qui
2333 1018 2649 1073 existimant
2701 1018 2899 1071 melius
2935 1032 3056 1071 esse
3088 1017 3350 1070 cohibere

1780 1120 2030 1163 naturam
2063 1110 2304 1164 divinam
2344 1125 2375 1163 a
2400 1109 2653 1171 materia,
2676 1125 2838 1177 quam
2877 1108 3138 1162 arbitrari
3170 1109 3352 1178 porri—

1779 1199 1829 1267 gi
1859 1214 1978 1252 eam
2007 1207 2063 1252 et
2107 1197 2362 1268 protendi
2421 1212 2596 1267 usque
2653 1197 2721 1251 ad
2768 1198 3110 1260 universum,
3143 1197 3350 1266 quique

1780 1298 1976 1362 putant
2020 1291 2243 1360 penitus
2281 1290 2434 1344 nefas
2477 1297 2534 1344 et
2565 1289 2793 1359 impium
2821 1304 2966 1353 esse,
2997 1289 3185 1343 subire
3221 1304 3349 1342 cor-

1781 1398 1912 1452 pora
1957 1382 2238 1447 indecora,
2271 1381 2491 1436 sordida
2528 1389 2584 1435 et
2627 1379 2830 1444 fetida,
2880 1379 2966 1434 vel
3007 1379 3217 1434 animas
3250 1379 3352 1432 im-

1779 1475 1916 1544 pias,
1946 1483 2002 1529 et
2037 1474 2144 1527 alia
2187 1472 2434 1542 quaedam
2478 1473 2726 1537 minima,
2790 1471 3097 1542 intelligere
3144 1471 3351 1526 debent

1779 1567 1846 1622 de
1877 1568 2012 1633 Deo,
2040 1582 2160 1621 esse
2196 1575 2448 1620 naturam
2481 1582 2607 1634 quae
2639 1565 2898 1619 omnibus
2932 1563 3350 1631 antecellit,qui

1780 1657 2027 1728 profecto
2089 1657 2318 1711 humilia
2350 1656 2419 1711 de
2467 1657 2578 1711 Deo
2617 1655 2883 1719 sentiunt,
2905 1665 2961 1709 et
2990 1670 3111 1725 quae
3148 1656 3353 1724 magni-

1781 1751 1971 1806 tudine
2002 1752 2123 1822 ejus
2163 1765 2285 1820 quze
2312 1747 2507 1818 attingi
2540 1764 2648 1801 non
2678 1757 2859 1817 potest
2888 1788 2902 1810 ,
2940 1747 3161 1817 indigna
3198 1756 3346 1801 sunt.

1779 1843 2051 1898 Fortassis
2080 1849 2265 1897 autem
2298 1841 2392 1910 qui
2427 1841 2506 1894 sic
2536 1838 2744 1894 sentire
2769 1840 2822 1893 in
2851 1839 3096 1893 animum
3120 1839 3352 1893 induxe-

1781 1945 1929 1996 runt,
1968 1935 2224 2004 ignorant
2267 1933 2622 2003 operationes
2672 1933 2793 2003 ejus
2844 1947 2966 2002 quae
3014 1931 3071 1986 in
3121 1934 3348 1987 univer-

1772 2041 1892 2079 sum
1945 2024 2253 2094 pervadunt
2301 2041 2314 2076 :
2373 2023 2522 2077 nulla
2572 2023 2720 2078 enim
2769 2023 3043 2094 particula
3107 2025 3351 2078 materia:

1773 2124 1875 2180 est,
1907 2131 2028 2184 quae
2057 2130 2166 2168 non
2196 2114 2268 2169 sit
2296 2130 2436 2184 opus
2462 2114 2556 2168 Dei
2590 2133 2602 2167 :
2634 2130 2814 2184 neque
2845 2115 3142 2185 quidquam
3177 2117 3352 2171 sordi-

1773 2209 1903 2261 dum
1947 2208 2032 2261 vel
2059 2207 2404 2262 immundum
2439 2207 2593 2261 ducit
2621 2208 2766 2261 Deus
2804 2216 3170 2277 praeterquam
3202 2209 3349 2278 cogi-

1776 2301 2031 2364 lationes,
2055 2300 2341 2354 voluntate
2365 2308 2552 2354 nostra
2587 2300 2640 2353 in
2674 2299 2857 2354 anima
2895 2299 3180 2355 conﬂatas.
3204 2298 3347 2366 Quid

1772 2408 1903 2463 ergo
1937 2407 2003 2446 ex
2045 2392 2306 2447 omnibus
2363 2392 2529 2445 rebus
2571 2391 2910 2462 excogitabit
2946 2391 3169 2461 aliquis,
3199 2392 3347 2461 quod

1773 2501 1882 2540 non
1908 2485 2102 2539 fecerit
2127 2486 2272 2539 Deus
2299 2484 2322 2538 ’ρ
2347 2483 2630 2551 Quodnam
2661 2499 2880 2553 corpus,
2917 2484 3219 2553 quamlibet
3249 2485 3349 2537 im-

1775 2574 2037 2629 mundum
2061 2574 2278 2639 sit,non
2310 2589 2434 2644 pars
2453 2581 2535 2629 est
2563 2572 2800 2628 materiae
2826 2571 3085 2643 subjectae
3107 2574 3351 2643 corpori-

1772 2664 2149 2736 bus,liguratae
2174 2672 2230 2719 et
2256 2664 2499 2719 formatae
2523 2663 2930 2734 asqualitatibus
2953 2679 3074 2733 qua:
3102 2664 3152 2718 ei
3180 2665 3347 2718 adve‘

1773 2757 1982 2810 niunt?
2011 2755 2222 2810 Debilia
2251 2771 2383 2827 ergo
2418 2756 2528 2819 isti,
2566 2765 2622 2810 et
2651 2771 2771 2824 quae
2798 2754 3156 2809 fundamento
3190 2754 3348 2825 peni-

1774 2855 1863 2900 tus
1890 2855 2114 2910 carent,
2149 2847 2396 2917 cogitant
2423 2864 2437 2913 ;
2473 2847 2602 2917 quia
2633 2846 2770 2900 nihil
2799 2855 3183 2900 creaturarum
3218 2863 3348 2900 sua—

1775 2953 1894 2991 rum
1943 2938 2089 2992 Deus
2140 2939 2338 3009 rejicit,
2377 2954 2478 2993 nec
2514 2937 2815 3008 quidquam
2859 2954 3045 2993 rerum
3095 2938 3348 3009 putidum

1774 3031 2052 3085 existimat
2078 3049 2094 3098 ;
2125 3033 2222 3087 sed
2254 3047 2355 3087 nec
2383 3033 2450 3086 ad
2481 3048 2579 3086 nos
2612 3031 2882 3087 accedens
2907 3041 3150 3086 nostram
3178 3033 3352 3101 parti-

114 3129 414 3187 agmentans
467 3132 528 3177 et
584 3123 876 3178 continens
905 3141 919 3176 :
957 3123 1097 3177 nihil
1132 3123 1279 3177 enim
1322 3137 1515 3176 eorum
1547 3138 1668 3192 quas
1695 3135 1740 3196 ο
1773 3123 1918 3192 cipat
1947 3122 2273 3192 nequitiam,
2303 3138 2424 3192 qua:
2470 3123 2583 3176 sola
2616 3131 2700 3177 est
2750 3137 2940 3176 revera
2972 3121 3344 3183 immunditia,

114 3219 244 3270 sunt,
279 3226 401 3266 esse
451 3222 660 3284 potest,
706 3214 840 3283 quin
907 3215 1201 3284 participet
1251 3213 1303 3268 id
1354 3213 1502 3283 quod
1539 3223 1666 3270 cst:

115 3299 248 3354 solus
291 3312 478 3356 autem
514 3305 662 3359 Deus
695 3305 919 3375 proprie
949 3314 1053 3369 est,
1085 3306 1179 3375 qui
1208 3320 1426 3374 semper
1461 3314 1545 3359 est
1573 3321 1671 3360 eo-

114 3391 221 3445 dem
273 3398 436 3452 modo
484 3407 546 3452 et
602 3406 1021 3468 tenore,neque
1070 3407 1351 3463 mutatur;
1389 3399 1511 3455 etsi
1538 3398 1668 3469 quid

117 3483 300 3541 dicitur
348 3504 496 3556 esse,
531 3505 642 3544 non
685 3491 962 3560 praecipue
1011 3506 1132 3545 esse
1172 3490 1398 3556 dicitur,
1425 3490 1521 3546 sed
1549 3507 1670 3546 esse

118 3576 520 3646 participatione
553 3581 693 3651 ejus,
721 3580 814 3650 qui
845 3580 1071 3650 proprie
1109 3589 1164 3634 et
1192 3580 1430 3650 primum
1465 3589 1551 3635 est
1573 3622 1586 3644 ,
1615 3591 1671 3635 et

119 3663 323 3721 fortasse
382 3671 566 3724 solum
615 3681 739 3737 est;
786 3673 864 3726 ait
909 3673 1059 3727 enim
1104 3673 1394 3743 Scriptura
1430 3690 1442 3727 :
1477 3674 1670 3744 Diligis

119 3760 294 3822 omnia,
319 3779 436 3830 quae
469 3772 596 3817 sunt
625 3765 661 3818 '.
689 3764 745 3819 Si
782 3774 966 3820 autem
1015 3782 1136 3836 qua:
1170 3776 1332 3830 sunt,
1365 3767 1490 3822 ideo
1520 3777 1666 3832 sunt,

121 3849 228 3914 quia
253 3851 304 3906 id
331 3855 478 3922 qbod
523 3865 607 3910 est
637 3857 1004 3926 participant;
1038 3858 1370 3927 participant
1400 3868 1582 3914 autem
1614 3859 1666 3913 id

119 3937 244 4002 quod
297 3951 398 4006 est,
448 3944 666 3999 scilicet
714 3945 1020 4001 secundum
1078 3949 1457 4017 operationem
1507 3951 1666 4020 ejus;

121 4028 338 4090 operatio
360 4048 498 4088 vero
530 4034 778 4104 scjuncte
808 4052 836 4089 a
867 4035 1172 4091 substantia
1199 4053 1308 4092 non
1333 4040 1480 4105 exit,
1504 4049 1558 4094 et
1583 4051 1670 4096 est

123 4111 169 4164 in
199 4121 442 4178 omnibus
471 4143 485 4178 :
525 4125 833 4181 substantia
862 4127 1032 4198 igitur
1065 4128 1119 4182 in
1155 4129 1412 4185 omnibus
1450 4141 1533 4186 est
1557 4172 1572 4194 ,
1609 4142 1669 4185 ut

122 4206 185 4260 ait
223 4209 532 4282 Propheta:
564 4216 763 4272 Caelum
813 4229 863 4273 et
917 4229 1118 4273 terram
1161 4237 1252 4291 ego
1292 4222 1504 4292 impleo,
1543 4225 1666 4278 dicit

122 4293 349 4354 Dominus
377 4306 398 4336 ³
426 4321 441 4369 ;
473 4304 668 4374 implet
698 4315 883 4361 autem
923 4325 1044 4378 qua
1078 4319 1208 4364 sunt
1247 4326 1412 4380 supra
1441 4327 1506 4366 ea
1546 4330 1668 4383 qua:

121 4399 266 4444 sunt:
293 4404 346 4449 et
371 4397 510 4451 nihil
537 4407 625 4455 est
648 4415 904 4464 vacuum,
935 4417 1044 4456 non
1075 4404 1352 4474 particeps
1383 4407 1524 4476 ejus.
1553 4408 1665 4463 Nec

1772 3229 1896 3282 qua!
1936 3228 2039 3268 nec
2096 3222 2202 3278 est,
2237 3214 2342 3268 nisi
2377 3229 2501 3268 cum
2553 3213 2736 3284 agitur
2773 3221 3005 3266 tantum.
3042 3212 3178 3279 Quis
3217 3228 3348 3285 ergo

1775 3315 1882 3361 tam
1932 3307 2132 3376 puerili
2183 3323 2370 3370 sensu,
2407 3317 2460 3362 et
2505 3316 2613 3362 tam
2665 3323 2833 3378 parvo
2878 3306 3088 3376 judicio
3131 3315 3248 3373 est,
3291 3317 3350 3362 ut

1771 3407 2001 3469 propter
2031 3400 2327 3469 qualitates
2350 3400 2594 3455 vicissim
2619 3399 2982 3454 advenientes
3003 3407 3058 3453 et
3086 3399 3351 3455 receden-

1773 3500 1874 3556 tes,
1907 3492 2080 3546 Deum
2135 3491 2594 3548 circumscribat:
2628 3491 2794 3562 idque
2840 3508 2908 3547 ne
2952 3491 3212 3562 patiatur,
3251 3495 3344 3564 qui

1770 3581 1881 3652 pali
1921 3597 2028 3636 non
2062 3583 2288 3651 potest?

1842 3673 1978 3728 Vlll.
2011 3674 2227 3729 Etenim
2261 3674 2304 3728 si
2363 3675 2442 3728 sol
2482 3675 2688 3744 alioqui
2724 3689 3057 3744 corporeus,
3088 3672 3348 3727 omnibus

1770 3766 2094 3835 corporibus
2131 3782 2228 3836 per
2263 3768 2449 3821 radios
2495 3783 2624 3823 suos
2668 3767 3151 3837 appropinquans,
3180 3766 3348 3821 nullis

1772 3867 1951 3912 tamen
2005 3858 2265 3913 sordibus
2310 3876 2367 3914 se
2397 3860 2670 3928 inquinat,
2698 3876 2879 3930 neque
2911 3860 3143 3914 fetorem
3173 3861 3343 3929 capit,

1768 3948 2023 4017 quamvis
2059 3949 2112 4003 in
2141 3948 2386 4004 inﬁnitas
2426 3966 2514 4004 res
2559 3949 2732 4004 fmdas
2767 3950 2950 4005 radios
2982 3951 3148 4021 jaciat
3181 3969 3195 4016 ;
3233 3951 3346 4004 imo

1769 4054 1901 4094 vero
1927 4049 2151 4105 contra,
2180 4040 2455 4110 ejusmodi
2486 4041 2784 4111 qualitates
2829 4040 2883 4095 in
2920 4041 3119 4096 melius
3150 4051 3342 4111 suapte

1769 4139 1965 4186 natura
2010 4140 2184 4187 mutat
2217 4149 2231 4187 :
2271 4141 2478 4202 quanto
2527 4133 2699 4204 magis
2731 4134 2895 4199 Deus,
2920 4134 3013 4204 qui
3048 4143 3132 4189 est
3174 4150 3342 4204 supra

1773 4225 1969 4290 solem,
2008 4224 2154 4279 bona
2213 4240 2312 4280 sua
2374 4225 2829 4290 communicabit,
2856 4235 2912 4280 et
2959 4225 3075 4296 ipse
3127 4226 3340 4280 nullum

1769 4316 2159 4386 participabit?
2186 4317 2296 4372 Nec
2341 4317 2487 4373 enim
2528 4317 2657 4373 licet
2683 4318 2766 4373 sol
2801 4327 3084 4388 putrorem
3114 4319 3342 4389 partici-

1770 4416 1966 4478 paret,
2002 4408 2318 4464 necessario
2359 4409 2524 4464 etiam
2571 4410 2716 4464 Deus
2760 4410 3115 4480 participaret
3148 4429 3160 4463 :
3195 4409 3342 4479 quod

121 4479 245 4536 enim
298 4487 610 4544 existimare
684 4491 810 4560 quis
862 4491 1029 4548 debet
1058 4470 1116 4550 se
1152 4470 1324 4551 Deum
1365 4470 1662 4564 honorare,
1694 4470 1729 4528 Ῑ-
1768 4470 2012 4568 sineque
2035 4499 2114 4553 sol
2145 4499 2460 4569 participat,
2488 4515 2612 4555 cum
2664 4500 2738 4556 sit
2761 4470 2986 4570 .alioqui
3023 4470 3299 4571 passibilis
3325 4543 3339 4563 ,

120 4575 254 4636 Quasi
307 4579 371 4634 ad
410 4582 586 4638 malos
636 4599 749 4638 non
783 4583 1100 4652 descendat,
1138 4599 1234 4644 aut
1260 4589 1329 4644 ad
1369 4591 1526 4657 alios,
1556 4593 1666 4648 alio

124 4663 263 4719 modo
292 4673 580 4737 praesentia
598 4675 719 4745 ejus
743 4675 1034 4747 indignos;
1061 4695 1130 4734 ne
1154 4695 1370 4736 summo
1394 4683 1665 4741 dedecore

121 4764 167 4808 et
188 4756 470 4826 ignominia
495 4780 620 4818 eum
657 4764 876 4831 alliciat,
912 4769 1161 4824 tribuens
1186 4772 1235 4825 ei
1265 4775 1662 4843 proprietatem

124 4855 404 4918 corporum,
435 4853 489 4907 id
512 4862 616 4920 est,
653 4856 1223 4927 circumscriptionem
1248 4872 1303 4917 et
1342 4866 1658 4931 terminum,

123 4947 353 5029 Separans
384 4946 597 5001 scilicet
639 4951 1018 5018 operationem
1049 4967 1079 5006 a
1122 4955 1430 5011 substantia
1469 4975 1484 5012 :
1516 4963 1662 5029 quod

126 5027 317 5092 quidem
349 5036 400 5091 in
429 5040 542 5094 Deo
563 5041 793 5112 intelligi
813 5059 925 5098 non
961 5053 1161 5115 potest.

185 5118 260 5175 Vl.
286 5125 415 5184 Ante
441 5132 546 5186 hoc
575 5133 798 5202 quidem
831 5133 956 5190 dim
997 5138 1272 5208 Propheta
1305 5141 1512 5209 sciret,
1551 5145 1663 5201 aie-

128 5206 205 5306 bat
231 5232 242 5266 :
269 5216 374 5281 Quo
403 5242 432 5276 a
457 5226 648 5293 spiritu
701 5235 788 5280 tuo
837 5228 920 5281 ibo
949 5229 976 5281 .9
1003 5206 1124 5283 non
1157 5230 1315 5294 dixit,
1348 5233 1417 5286 ab
1461 5206 1659 5303 opera-

127 5306 252 5356 tione
277 5315 361 5363 tua
389 5328 401 5365 :
437 5312 501 5366 Et
529 5333 560 5368 a
590 5315 724 5382 facie
741 5323 854 5380 tua,
890 5333 991 5386 quo
1017 5317 1217 5387 fugiam
1242 5319 1266 5371 ?
1293 5316 1350 5372 Si
1371 5322 1656 5377 ascendero

128 5390 171 5439 ἕη
199 5397 390 5466 caelum,
415 5413 469 5456 tu
499 5405 608 5458 illic
652 5422 703 5459 es
724 5447 737 5470 ,
765 5421 875 5460 non
935 5407 1110 5460 solum
1165 5408 1412 5477 operatio
1445 5418 1532 5463 tua
1564 5428 1576 5476 ;
1608 5414 1656 5464 si

125 5481 400 5570 descendet-0
430 5499 497 5550 ad
525 5499 812 5566 infernum,
839 5498 962 5552 ades
982 5498 1001 5529 ³
1026 5515 1040 5562 ;
1078 5507 1135 5554 et
1164 5515 1285 5568 quze
1323 5512 1652 5570 sequuntur.

126 5566 214 5626 Ubi
259 5578 410 5650 igitur
448 5587 734 5658 Scriptura
761 5566 1222 5660 signiﬁcationem
1257 5566 1651 5664 dedit'disjun-

1770 4591 1912 4644 sicut
1953 4591 2164 4659 reliqua
2191 4605 2421 4661 corpora
2453 4607 2468 4647 :
2503 4592 2780 4664 quomodo
2812 4593 2957 4649 Deus
2988 4593 3343 4664 impassibilis

1770 4683 2179 4752 participaverit
2203 4684 2226 4737 ’ἔ

1843 4777 1932 4831 IX.
1961 4777 2251 4841 (laterum,
2290 4779 2419 4848 quia
2462 4782 2844 4849 operationem
2875 4780 3029 4834 aiunt
3069 4780 3123 4834 in
3160 4781 3344 4834 omni-

1770 4868 1874 4922 bus
1917 4884 2037 4922 esse
2065 4885 2078 4931 ;
2108 4870 2249 4924 hanc
2294 4870 2443 4924 enim
2481 4872 2673 4925 volunt
2715 4887 2822 4926 non
2882 4870 3341 4926 circumscribere

1764 4975 1942 5028 neque
1978 4960 2274 5015 terminare
2297 5001 2310 5023 ,
2343 4961 2718 5031 interrogandi
2757 4970 2919 5027 sunt,
2948 4961 3226 5031 quomodo
3270 4961 3340 5015 de

1760 5066 1823 5104 ea
1855 5051 2137 5104 sentiunt:
2171 5068 2238 5106 an
2290 5051 2484 5107 dicunt
2539 5052 2872 5122 participare
2919 5068 3039 5107 eam
3087 5062 3339 5107 terrenas

1760 5142 1972 5206 sordes,
2001 5158 2128 5196 cum
2187 5143 2251 5196 ad
2309 5160 2401 5198 cas
2459 5145 2709 5201 accedit?
2738 5163 2806 5200 an
2849 5161 2957 5201 non
2985 5148 3008 5200 ?
3036 5146 3091 5201 Si
3143 5162 3335 5201 verum

1758 5232 2096 5297 fatebuntur,
2153 5235 2504 5304 perspicuum
2553 5245 2677 5301 est,
2706 5237 2821 5291 ﬁeri
2864 5253 3045 5306 posse,
3073 5247 3134 5292 ut
3189 5239 3338 5307 quod

1759 5324 2194 5393 appropinquat,
2223 5341 2332 5378 non
2362 5327 2654 5396 participet
2687 5328 2951 5382 malitiam
2986 5345 3179 5384 eorum
3209 5330 3337 5398 qui-

1763 5415 1866 5468 bus
1916 5415 2360 5485 apprOpinquat:
2399 5417 2484 5471 sin
2536 5434 2670 5474 vero
2725 5419 2932 5486 dicent,
2983 5421 3333 5491 participare,

1762 5506 1905 5560 idem
1985 5507 2284 5562 absurdum
2357 5509 2577 5564 eveniet
2647 5511 2729 5565 eis
2798 5513 2893 5582 qui
2963 5513 3069 5568 hoc
3120 5512 3334 5574 dicunt,

1762 5597 1910 5668 quod
1955 5609 2015 5653 ut
2062 5599 2336 5670 fugerent,
2367 5602 2538 5657 Deum
2588 5602 3159 5659 circumscribebant:
3197 5618 3332 5658 con-

182 5751 221 5780 "
246 5755 262 5810 l
288 5758 506 5838 Tim.vl,
541 5769 618 5824 Ili.
697 5771 738 5804 ⁹⁹
770 5771 893 5840 Sap.
937 5787 972 5832 ι.
1005 5771 1057 5824 7.
1141 5772 1306 5842 ‘Sap.
1344 5787 1416 5833 vi,
1446 5773 1532 5826 23$.
1611 5775 1629 5803 '
1664 5775 1862 5830 levem.
1904 5795 2050 5845 uin,
2087 5780 2177 5834 2M.
2256 5779 2276 5810 ’
2301 5781 2438 5834 Psal.
2483 5798 2741 5848 cxxxvm,
2777 5783 2828 5848 7,
2857 5783 2906 5836 8.
