3810 6584
372 358 522 422 1335

1503 366 1563 423 3.
1606 362 2005 422 ANAS’I‘ASII
2043 363 2144 422 AN
2150 363 2482 424 TIOCHEN
2489 364 2524 423 I

3509 352 3635 417 13$

374 474 603 526 trahant
661 472 829 543 igitur
891 472 1059 528 etiam
1132 474 1476 545 operatione,
1525 483 1585 527 ut
1634 474 1953 527 universum
1984 477 2027 531 Α
2058 476 2282 526 veritate
2305 473 2347 537 ³,
2375 482 2430 527 et
2453 473 2625 527 Deum
2653 472 2822 526 Deum
2852 487 2975 527 esse
3008 471 3280 531 scientes,
3310 479 3429 519 non
3452 462 3639 517 ἀρθειὶ

374 564 699 617 dissolvant.
730 562 895 630 Quod
928 563 975 619 si
1013 563 1144 619 dum
1187 565 1292 620 hoc
1323 564 1625 619 absurdum
1676 572 1953 626 metuunt,

376 656 533 726 quasi
562 669 673 711 eos
712 657 1000 712 sententiae
1029 658 1297 728 poeniteat
1321 700 1335 724 ,
1356 658 1573 713 divinas
1602 657 1957 728 operationes

380 750 517 802 nihil
547 748 669 803 laedi
690 750 897 815 dicant,
935 766 1036 804 cur
1061 765 1171 805 non
1201 750 1343 805 idem
1376 750 1444 805 de
1479 749 1787 806 substantia
1814 748 1957 804 aﬂir-

382 850 533 894 mant
553 841 586 894 ?‘
616 841 669 897 Si
701 851 884 897 autem
915 843 1296 913 operationem
1346 843 1471 898 ideo
1504 843 1696 899 dicunt
1726 843 1957 899 liberam

380 948 502 987 esse
544 950 575 987 a
616 935 1062 1005 participatione,
1096 938 1245 1008 quod
1303 937 1374 993 sit
1423 938 1657 995 facultas
1706 935 1958 1007 quaedam

386 1024 761 1095 incorporea;
802 1028 931 1083 inde
974 1028 1105 1084 licet
1148 1046 1406 1102 arguere,
1437 1030 1624 1085 dicere
1669 1044 1787 1092 eos,
1824 1028 1959 1083 sub-

381 1117 639 1172 stantiam
674 1119 769 1174 Dei
806 1135 915 1175 non
943 1136 1065 1176 esse
1096 1122 1498 1193 incorpoream,
1528 1132 1584 1178 et
1611 1122 1714 1177 hac
1744 1121 1959 1176 ratione

382 1223 504 1263 eam
538 1209 999 1269 circumscribere
1023 1254 1038 1279 ,
1075 1215 1237 1285 quasi
1270 1224 1525 1270 naturam
1565 1214 1830 1285 corporis.
1864 1214 1962 1269 Est

384 1310 568 1358 autem
592 1304 753 1374 plane
780 1306 1069 1362 manifesta
1093 1308 1333 1363 amentia
1362 1310 1443 1363 sic
1466 1310 1671 1364 sentire
1692 1318 1748 1363 et
1768 1306 1921 1379 loqui
1945 1325 1960 1361 :

386 1394 661 1464 siquidem
701 1394 936 1467 Spiritus
982 1405 1063 1452 est
1112 1399 1249 1453 Deus
1277 1399 1338 1466 ι’;
1368 1398 1732 1470 quamobrem
1794 1398 1964 1468 spiri-

386 1488 570 1544 taliter
595 1505 723 1545 eum
766 1490 1141 1561 glorillcemus
1166 1492 1316 1547 omni
1343 1507 1607 1563 corporea
1634 1491 1975 1563 cogitatione

387 1581 705 1651 longissime
762 1584 1005 1655 repulsa,
1066 1586 1362 1641 adorantes
1426 1600 1554 1641 eum
1591 1587 1649 1641 in
1700 1587 1891 1657 spiritu
1918 1592 1967 1640 et

459 1718 661 1774 ‘loan.
696 1734 777 1785 iv,
794 1719 885 1774 24.
962 1720 983 1752 ⁵
1010 1720 1159 1775 Ibid.

2058 582 2087 619 a
2123 565 2208 618 via
2263 574 2408 620 recta
2466 580 2630 634 quam
2684 566 2741 618 in
2787 564 3139 635 dogmatibus
3171 554 3643 624 triveruntpedes

2058 660 2285 714 Patrum
2314 666 2630 712 nostrorum
2662 666 3079 712 mansuetorum
3112 664 3171 709 et
3195 648 3525 711 humilium,
3555 648 3642 714 qui

2063 758 2213 807 recte
2270 758 2577 806 tractarunt
2628 750 2859 806 verbum
2915 749 3206 813 veritatis,
3282 758 3460 813 super
3514 755 3648 809 quos

2064 846 2278 915 aspexit
2300 844 2570 900 Dominus
2600 852 2828 916 prOpter
2851 850 3065 898 rectum
3100 854 3199 895 cor
3232 851 3437 892 eorum
3470 850 3485 885 :
3514 848 3649 901 quos

2064 942 2168 1013 ipsi
2201 940 2457 1006 insecuti,
2486 938 2821 995 sententiam
2858 950 3053 1007 puram
3084 941 3143 988 et
3190 929 3449 998 undique
3498 926 3649 979 Ihm-

2064 1042 2177 1090 tam
2261 1032 2640 1104 exposuimus,
2695 1030 2837 1086 nihil
2886 1028 3175 1100 proprium
3235 1030 3653 1093 expromentes,

2066 1126 2162 1183 sed
2211 1126 2395 1197 potius
2442 1134 2763 1181 sanctorum
2804 1121 2975 1177 verba
3010 1128 3279 1189 tanquam
3304 1115 3481 1169 flores
3509 1112 3653 1167 colli-

2060 1225 2272 1291 gentes,
2331 1215 2449 1269 baec
2498 1229 2648 1269 nunc
2710 1223 2971 1282 tanquam
3020 1209 3178 1265 favos
3228 1205 3542 1266 finitimus,
3574 1202 3653 1255 usi

2061 1308 2332 1381 adjutrice
2356 1305 2442 1361 vel
2473 1305 2658 1376 potius
2687 1317 2854 1358 causa
2879 1309 2935 1356 et
2953 1300 3230 1371 principio
3256 1296 3518 1365 sapiente
3537 1306 3653 1359 ape.

2062 1404 2224 1474 cujus
2267 1400 2491 1455 labores
2540 1412 2700 1469 reges
2731 1403 2789 1450 et
2822 1393 3028 1466 privati
3054 1392 3127 1448 ad
3154 1391 3469 1447 sanitatem
3509 1383 3660 1439 adhic

2064 1498 2218 1551 bent.

408 1884 3649 1917 mm

1967 2031 2084 2093 III.

1022 2177 1131 2238 DE
1174 2176 1458 2238 DIVIN'A
1495 2170 1996 2245 OECONOMIA,
2031 2169 2117 2229 ID
2158 2167 2297 2229 ES'I'
2342 2161 2979 2228 INCARNATIONE.

460 2441 506 2500 Ι.
534 2439 765 2514 Oportet
818 2442 1127 2512 sapientem
1178 2442 1480 2500 Salvatoris
1530 2445 1705 2501 nostri
1740 2461 1965 2503 oecono-
1999 2454 2042 2511 Β
2066 2447 2280 2519 jussum
2311 2448 2329 2484 ι
2370 2454 2528 2511 erat;
2563 2444 2798 2500 alterum
2837 2442 2988 2499 enim
3019 2440 3137 2496 sine
3180 2439 3360 2495 altero
3398 2453 3524 2493 non
3550 2447 3664 2491 erat

388 2534 554 2589 iniam
602 2550 704 2605 pro
737 2533 1009 2589 tenuitate
1037 2543 1240 2590 nostrae
1287 2534 1668 2606 intelligentiae
1713 2537 1963 2605 laudare,

389 2639 501 2679 non
542 2639 643 2694 pro
699 2622 967 2695 dignitate
1014 2623 1415 2695 magnitudinis
1465 2625 1653 2681 Verbi.
1682 2626 1802 2682 Non
1862 2616 1967 2683 hoc

387 2715 693 2787 polliceor;
726 2731 1073 2787 nequaquam
1101 2736 1114 2772 :
1148 2733 1259 2772 non
1322 2719 1471 2773 enim
1503 2729 1685 2789 potest
1726 2720 1966 2775 humana

388 2824 566 2875 mens,
596 2810 849 2879 quamvis
888 2810 1285 2882 purgatissima
1318 2812 1428 2879 sit,
1462 2821 1667 2867 tantam
1702 2814 1965 2884 amplitu-

396 2904 576 2958 dinem
627 2903 940 2973 complecti,
982 2903 1077 2959 sed
1110 2912 1171 2958 ut
1218 2903 1452 2960 infirmae
1502 2914 1559 2960 et
1601 2922 1783 2976 parvae
1820 2907 1968 2962 vires

391 3004 593 3049 nostrae
642 2993 828 3049 ferunt
853 3037 865 3057 ,
899 2995 1099 3050 de-hac
1124 3010 1184 3048 re
1209 2995 1565 3053 disseremus.
1593 2997 1966 3065 Quamobrem

392 3084 462 3138 ab
504 3084 570 3139 iis
606 3084 701 3155 qui
745 3085 812 3139 ad
867 3085 1160 3155 legendum
1207 3087 1564 3149 accesserint,
1597 3088 1860 3156 petimus,
1899 3103 1969 3143 ne

392 3187 518 3227 eum
549 3188 713 3228 sensu
749 3173 942 3229 humili
973 3190 1167 3230 eorum
1197 3190 1320 3244 quae
1353 3190 1383 3229 a
1439 3174 1602 3231 nobis
1624 3176 1967 3241 scribuntur,

393 3266 558 3320 simul
605 3266 758 3320 humi
816 3277 1046 3337 repant,
1078 3268 1174 3322 sed
1206 3266 1392 3338 potius
1426 3283 1553 3323 cum
1605 3268 1971 3338 amplitudine

393 3372 578 3411 rerum
629 3356 684 3410 in
737 3357 911 3412 altum
961 3358 1261 3413 tollantur:
1302 3357 1405 3413 etsi
1452 3357 1601 3413 enim
1643 3342 1825 3413 oratio
1862 3373 1972 3413 una

392 3464 518 3502 cum
568 3448 940 3504 instrumento
990 3465 1091 3505 suo
1145 3449 1364 3505 infirma
1408 3457 1514 3515 est,
1552 3459 1739 3505 manet
1787 3460 1971 3506 tamen

392 3540 621 3597 materia
649 3540 968 3596 detrimenti
1000 3557 1235 3611 expers:
1272 3557 1395 3612 quae
1429 3542 1536 3597 hoc
1587 3542 1707 3613 ipso
1746 3542 1971 3614 grandi-

393 3642 563 3689 tatem
606 3634 952 3689 demonstrat
972 3674 987 3698 ,
1032 3633 1185 3704 quod
1217 3649 1437 3688 omnem
1462 3650 1774 3690 sermonem
1806 3651 1974 3706 supe-

394 3734 523 3781 rat:
561 3743 670 3781 non
732 3726 879 3781 enim
940 3726 1189 3781 universi
1232 3725 1479 3790 fabrica,
1530 3727 1732 3782 coelum
1792 3727 1975 3783 Verbo

395 3817 708 3874 confectum
760 3827 817 3873 et
853 3817 1135 3873 sideribus
1179 3824 1435 3874 ornatum
1462 3857 1477 3882 ,
1509 3828 1565 3872 et
1618 3826 1764 3873 terra
1808 3834 1976 3888 super

395 3910 633 3965 nihilum
665 3908 915 3976 fundata,
948 3919 1005 3965 et
1048 3909 1197 3965 omni
1228 3925 1431 3981 genere
1457 3910 1716 3965 arborum
1746 3908 1978 3979 pulchre

394 4002 631 4067 consita,
687 4001 950 4071 omnique
1025 4001 1215 4072 generi
1277 3998 1643 4055 animantium
1716 3998 1977 4054 alimenta

396 4093 595 4149 idonea
664 4093 1077 4164 suppeditans;
1100 4108 1253 4148 mare
1311 4092 1571 4154 liberum,
1600 4100 1656 4147 et
1683 4089 1820 4145 lines
1847 4104 1978 4145 suos

394 4203 505 4243 non
549 4186 877 4258 egrediens;
916 4202 1011 4241 aer
1039 4186 1217 4249 fusus,
1252 4194 1308 4240 et
1336 4200 1375 4239 a'
1408 4185 1571 4239 nullo
1604 4199 1702 4254 per
1729 4184 1840 4237 vim
1880 4197 1978 4237 oc—

396 4287 651 4350 cupatus,
694 4278 793 4334 sed
843 4277 1101 4349 :equalibi
1155 4274 1578 4348 participatione
1611 4273 1978 4346 aspirantium

397 4370 724 4434 honoratus,
754 4376 811 4423 et
836 4376 1046 4424 cmterae
1074 4375 1260 4437 partes
1294 4364 1483 4420 mundi
1509 4364 1699 4429 creati,
1726 4363 1800 4418 ita
1826 4372 1983 4434 pote-

398 4471 596 4517 statem
647 4460 798 4515 illam
835 4475 960 4530 quae
1002 4474 1168 4529 supra
1213 4458 1399 4513 omnia
1433 4466 1518 4512 est
1571 4456 1978 4522 demonstrant,

399 4564 672 4626 quantum
727 4553 1107 4615 demonstrat,
1142 4550 1391 4621 potuisse
1432 4550 1675 4605 divinam
1727 4558 1980 4605 naturam

398 4663 523 4701 cum
555 4654 745 4701 nostra
775 4644 1017 4708 misceri,
1046 4651 1103 4698 et
1126 4642 1373 4712 copulari
1397 4642 1515 4697 sine
1541 4643 1651 4696 ulla
1678 4642 1981 4698 mutatione

398 4752 526 4791 cum
567 4750 801 4806 corpore
855 4735 1037 4789 anima
1072 4733 1332 4788 rationali
1362 4732 1613 4803 praedito.
1641 4732 1718 4789 Ac
1756 4747 1981 4787 causam

398 4828 623 4897 quidem
664 4826 829 4899 hujus
854 4826 991 4881 tanti
1021 4824 1324 4881 descensus
1350 4824 1651 4897 perfectam
1682 4825 1800 4895 ipse
1830 4825 1983 4880 solus

398 4921 578 4985 novit,
615 4918 747 4974 etii
792 4918 1000 4990 quibus
1054 4916 1339 4989 patefecit,
1388 4924 1448 4972 et
1504 4917 1608 4972 hac
1664 4916 1985 4989 cognitione

399 5013 551 5083 digni
584 5012 830 5067 fuerunt.

470 5100 535 5159 Il.
576 5105 851 5172 Quantum
887 5113 1070 5159 autem
1118 5118 1221 5157 nos
1252 5101 1489 5156 assecuti
1536 5116 1726 5157 sumus
1755 5101 1978 5157 illorum

404 5196 628 5269 scriptis
650 5196 878 5261 eruditi,
907 5212 1071 5252 causa
1102 5193 1228 5260 fuit,
1256 5202 1317 5249 ut
1345 5196 1531 5261 homo,
1567 5194 1661 5265 qui
1682 5195 1825 5250 male
1850 5210 1981 5265 per-

405 5293 568 5356 ierat,
597 5289 781 5344 salvus
808 5288 984 5354 ﬁeret,
1017 5288 1110 5359 qui
1147 5304 1313 5342 manu
1338 5288 1436 5343 Dei
1468 5287 1736 5343 formatus
1760 5298 1817 5344 et
1847 5288 1985 5343 ima-

402 5385 528 5457 gine
582 5384 907 5447 honoratus,
938 5380 1170 5452 provide
1224 5382 1280 5436 in
1317 5382 1570 5452 paradiso
1618 5398 1649 5437 a
1683 5382 1981 5439 Conditore

401 5478 618 5551 positus
643 5476 768 5541 fuit,
802 5484 859 5529 ut
888 5481 1298 5549 operaretur,et
1329 5474 1610 5527 custodiret
1637 5491 1755 5530 eum
1774 5477 1815 5543 ⁸,
1837 5475 1987 5533 sicut

2068 2540 2202 2595 utile
2229 2556 2243 2595 :
2278 2537 2375 2594 sed
2402 2553 2514 2593 non
2541 2533 2844 2591 custodivit
2868 2548 3087 2604 semper
3118 2530 3264 2601 quod
3293 2530 3347 2585 ei
3388 2529 3659 2585 commis-

2067 2647 2188 2687 sum
2228 2637 2369 2696 erat,
2405 2645 2505 2700 per
2553 2626 2868 2700 segnitiem,
2895 2633 2952 2681 et
3007 2639 3298 2696 aggressus
3337 2631 3427 2677 est
3464 2622 3662 2680 vetita,

2067 2725 2196 2781 dolo
2234 2723 2519 2794 cujusdam
2567 2720 2777 2777 fallacis
2814 2718 3118 2789 voluptatis
3169 2716 3458 2772 inductus.
3523 2715 3663 2770 Hinc

2069 2817 2148 2872 illi
2184 2814 2367 2871 omnis
2394 2814 2554 2871 labor
2591 2822 2756 2867 natus
2786 2820 2891 2876 est,
2929 2819 2987 2865 et
3015 2808 3285 2864 malorum
3312 2805 3660 2870 inundatio;

2069 2922 2193 2977 qua:
2239 2921 2367 2962 cum
2435 2904 2675 2961 resecari
2727 2902 2934 2973 alioqui
2995 2915 3137 2971 opus
3191 2898 3425 2964 fuisset,
3482 2896 3661 2967 magis

2073 3008 2255 3055 tamen
2307 3007 2471 3054 aucta
2519 3003 2672 3053 sunt.
2724 2994 2818 3052 Sic
2858 2994 3007 3050 enim
3052 2994 3121 3049 iis
3163 2992 3391 3047 evenire
3431 2990 3662 3045 solitum

2070 3099 2178 3158 est,
2208 3092 2305 3162 qui
2334 3092 2488 3147 nullo
2516 3090 2715 3146 ordine
2749 3097 2968 3145 servato
2993 3094 3294 3158 aegrotant,
3315 3085 3400 3140 sic
3430 3094 3491 3138 et
3518 3098 3658 3152 pra:-

2070 3183 2246 3254 ceptis
2294 3182 2640 3239 medicorum
2696 3196 2811 3236 non
2871 3180 3017 3235 sicut
3070 3176 3314 3241 debent,
3371 3182 3655 3229 utuntur:

2071 3273 2135 3328 In
2165 3273 2490 3344 profundum
2517 3273 2686 3343 igitur
2716 3269 2983 3325 malorum
3008 3284 3131 3322 cunt
3161 3265 3484 3325 deuenisset,
3521 3263 3660 3316 sicut

2071 3365 2148 3419 ait
2175 3364 2405 3435 Sapiens
2440 3363 2498 3418 in
2530 3362 2867 3426 Proverbiis,
2899 3360 3213 3430 contempsit
3243 3358 3289 3411 '.
3331 3352 3493 3411 Unde
3530 3352 3657 3422 quia

2074 3471 2143 3510 ex
2176 3463 2329 3510 tanta
2351 3454 2681 3510 excellentia
2714 3461 2771 3509 et
2807 3451 3103 3507 altitudine
3137 3448 3328 3518 lapsus
3354 3453 3518 3507 erat,
3550 3457 3656 3496 non

2074 3546 2415 3617 congruebat
2458 3545 2692 3601 bonitati
2725 3543 2965 3599 naturali
3010 3542 3133 3603 Dei,
3160 3540 3253 3594 hic
3279 3539 3489 3609 lapsum
3539 3535 3655 3589 sine

2075 3637 2349 3693 medicina
2375 3678 2391 3703 ,
2421 3646 2477 3692 et
2504 3643 2661 3691 extra
2686 3635 2907 3691 felicem
2946 3640 3152 3689 statum
3180 3630 3239 3685 in
3267 3644 3378 3698 quo
3401 3625 3658 3681 conditus

2076 3731 2277 3795 fuerat,
2307 3730 2621 3802 neglectum
2670 3727 2987 3800 praeterire;
3028 3725 3125 3795 qui
3170 3723 3321 3779 enim
3361 3718 3657 3790 aliquando

2024 3816 2045 3839 ¹
2079 3824 2135 3879 in
2171 3839 2439 3894 purpura,
2471 3833 2533 3879 ut
2559 3823 2636 3878 ait
2660 3820 2953 3892 Propheta,
2981 3817 3135 3874 Altus
3161 3826 3210 3871 et
3232 3815 3481 3870 educatus
3502 3820 3654 3875 erat,

2077 3914 2291 3967 indutus
2321 3923 2397 3966 est
2420 3921 2647 3966 stercore
2677 3911 2719 3966 ⁸.

2150 4003 2240 4059 Ill.
2274 4002 2485 4059 Idcirco
2514 4001 2793 4073 sapienter
2820 3999 2991 4058 Verbi
3040 3998 3140 4054 Dei
3188 3995 3509 4054 oeconomiae
3557 4006 3648 4046 ne-

2079 4098 2291 4170 gotium
2341 4095 2585 4165 suscepit
2615 4110 2847 4165 magnus
2878 4094 2971 4149 ille
2996 4108 3095 4147 rex
3120 4133 3135 4157 ,
3162 4097 3221 4145 et
3257 4104 3387 4145 vere
3417 4084 3649 4158 praeclari

2079 4190 2319 4263 generis,
2351 4204 2417 4243 ac
2475 4202 2605 4243 vere
2660 4187 2888 4243 liberex
2947 4184 3212 4243 omnibus
3264 4181 3363 4252 qui
3414 4186 3540 4234 sunt
3587 4176 3647 4229 ab

2081 4284 2298 4339 oriente
2350 4280 2528 4336 solis:
2562 4293 2824 4350 egressus
2867 4277 3017 4334 enim
3048 4291 3079 4331 e
3120 4290 3221 4330 sua
3260 4273 3483 4329 civitate
3528 4284 3646 4339 pro-

2079 4386 2206 4449 pter
2223 4390 2350 4432 cum
2373 4378 2469 4446 qui
2498 4374 2627 4429 inde
2652 4374 3021 4435 exsulaverat.
3042 4371 3187 4427 sedit
3213 4384 3385 4439 super
3413 4375 3642 4421 nostrum

2082 4479 2302 4526 stercus
2325 4468 2380 4523 in
2411 4484 2522 4539 quo
2544 4467 2895 4532 sedebamus,
2926 4464 3081 4520 exuti
3103 4461 3462 4533 Splendidnm
3489 4455 3641 4512 vesti—

2084 4572 2202 4619 tum
2253 4578 2364 4633 quo
2407 4576 2631 4619 eramus
2668 4568 2797 4615 ante
2841 4556 3342 4628 transgressionem
3382 4549 3575 4612 induti,
3593 4556 3639 4601 et

2082 4655 2191 4711 hoc
2234 4654 2412 4710 fetore
2462 4652 2650 4708 amicti
2680 4670 2693 4705 :
2730 4658 2787 4706 et
2812 4650 3076 4721 quoniam
3100 4664 3170 4704 ex
3200 4654 3452 4703 stercore
3496 4639 3638 4696 fetido

2085 4748 2273 4803 ulcera
2303 4755 2360 4802 et
2386 4745 2617 4801 vulnera
2655 4755 3071 4813 acceperamus,
3103 4754 3228 4809 quae
3258 4745 3432 4791 totam
3459 4740 3638 4789 natura:

2083 4847 2288 4895 nostrae
2311 4838 2573 4894 fabricam
2598 4834 3047 4905 corrumpebant,
3079 4830 3297 4900 accepit
3335 4835 3559 4886 testam,
3585 4830 3637 4874 ut

2085 4934 2319 4989 multum
2362 4940 2646 5003 putrorem
2673 4928 3031 4992 corraderet;
3061 4937 3304 4996 purgare
3328 4921 3478 4976 enim
3506 4914 3635 4972 vole-

2089 5026 2183 5081 bat
2205 5025 2426 5088 vulnus,
2462 5030 2520 5078 et
2541 5023 2746 5076 lavare.
2776 5018 2883 5075 Sed
2916 5033 3040 5088 quae
3061 5016 3168 5071 ista
3198 5022 3340 5069 testa
3367 5011 3497 5068 est?
3529 5021 3633 5063 eor-

2085 5132 2191 5188 pus
2238 5116 2454 5171 scilicet
2501 5122 2827 5176 terrenum,
2889 5124 3002 5180 quo
3052 5114 3346 5179 peccatum
3414 5108 3629 5158 nostrum

2086 5207 2448 5263 emundavit:
2484 5205 2666 5276 Agnus
2704 5203 2801 5257 Dei
2834 5201 3030 5265 factus,
3064 5199 3157 5271 qui
3199 5196 3341 5251 tollit
3392 5197 3629 5265 peceatum

2088 5300 2328 5355 mundi”.
2367 5299 2483 5353 Hoc
2521 5296 2681 5352 nobis
2724 5303 2809 5351 est
2854 5297 3109 5363 Magnum
3144 5289 3470 5361 mysterium,
3498 5294 3627 5337 ast!-

2085 5390 2215 5446 culis
2246 5400 2295 5445 et
2325 5408 2358 5443 a
2410 5387 2837 5460 generationibus
2862 5386 2918 5439 in
2943 5384 3072 5447 Deo,
3106 5383 3195 5452 qui
3228 5381 3403 5434 omnia
3438 5372 3625 5429 creat-it.

2091 5480 2560 5545 absconditum”;
2599 5477 2748 5546 quod
2798 5476 3038 5531 Ioannes
3098 5470 3385 5541 theologia:
3447 5464 3631 5520 tonitru

474 5623 495 5655 ‘
526 5622 663 5680 Gen.
700 5636 771 5687 ll,
803 5620 888 5677 15.
962 5621 980 5650 ⁷
1014 5621 1176 5675 Prov.
1212 5636 1365 5684 xviii,
1395 5619 1449 5674 '5.
1527 5619 1549 5651 ⁸
1583 5618 1791 5675 Thrcn.
1826 5636 1897 5685 IV,
1924 5620 1974 5674 5.
2051 5621 2249 5676 ’Joan.
2286 5635 2337 5686 ι,
2368 5618 2459 5674 29.
2541 5617 2580 5649 ¹⁰
2612 5616 2815 5687 Ephcs.
2847 5630 2928 5681 ιιι,
2962 5614 3026 5679 9;
3058 5610 3327 5674 COIOSSJ,
3354 5605 3437 5663 26.

1673 5735 1907 5793 νΑιιιΑε
1955 5734 2358 5794 LECTIONES.

492 5830 771 5887 ‘Juasum.
809 5831 911 5887 An.
942 5831 1201 5904 justum?
1239 5829 1345 5886 Sed
1389 5830 1594 5900 ἀπέχω.
