4052 6542
307 362 444 428 I337

1288 372 1570 433 ORATIO
1612 370 1726 431 III.
1756 399 1787 406 κ
1810 396 1825 405 ·
1856 372 1954 431 DE
1994 371 2592 437 INCAIlNATIONE.

3441 369 3577 431 1238

302 478 659 549 pmdicavit,
702 493 828 533 cum
867 494 1035 549 supra
1078 494 1302 545 sensum
1340 490 1398 536 et
1461 497 1630 552 supra
1659 497 1729 535 ea
1763 495 1885 550 qua:
1917 486 1959 541 Α
1987 497 2053 535 ex
2080 483 2168 537 his
2194 484 2340 539 enim
2363 486 2803 557 exstititcorpus
2826 494 3135 549 terrenum,
3160 483 3306 553 quod
3340 483 3573 553 tempori

303 572 411 627 sub
441 587 663 628 sensum
690 572 918 638 cadunt,
946 572 1198 628 elevatus
1227 591 1240 627 :
1269 573 1335 629 In
1367 575 1649 645 principio,
1687 572 1887 641 inquit,

302 674 424 718 erat
481 662 724 725 Verbum.
760 672 807 716 et
841 663 1064 719 Verbum
1108 674 1225 720 erat
1268 666 1411 736 apud
1454 665 1645 731 Deum,
1673 675 1724 719 et
1755 666 1892 719 Deus

300 765 422 811 erat
462 756 701 810 Verbum.
737 756 930 811 Omnia
957 773 1051 828 per
1075 758 1249 829 ipsum
1286 758 1429 829 facta
1458 767 1581 812 sunt
1606 760 1670 811 ¹¹.

375 891 466 946 IV.
502 891 688 962 Ipsum
715 890 888 963 igitur
911 892 1237 963 magistrum
1263 900 1319 948 et
1341 892 1538 949 ducem
1569 902 1889 964 sequentes,

299 984 551 1056 ejusdem
588 985 824 1040 vocibus
855 985 1059 1041 divinis
1107 996 1329 1041 utamur
1368 986 1583 1041 aientes
1615 1004 1627 1039 :
1668 985 1890 1039 Verbum

298 1095 428 1133 caro
476 1078 672 1149 factum
711 1088 807 1143 est,
838 1087 889 1132 et
941 1080 1197 1134 habitavit
1236 1082 1291 1134 in
1324 1081 1470 1134 nobis
1500 1080 1561 1134 ¹².
1590 1080 1889 1149 Postquam

299 1171 455 1227 enim
490 1172 718 1227 nimiam
748 1173 871 1243 ejus
914 1188 1043 1243 erga
1072 1188 1177 1228 nos
1211 1173 1656 1228 misericordiam
1697 1184 1889 1227 osten-

298 1262 407 1329 dit,
447 1263 602 1319 lllum
636 1264 819 1335 ipsum
841 1264 981 1319 dixit
1008 1264 1211 1319 factum
1243 1279 1366 1319 esse
1397 1265 1708 1320 hominem.
1744 1263 1893 1331 Quo-

298 1354 468 1410 modo
521 1365 706 1411 autem
761 1355 883 1411 fleri
928 1354 1227 1426 potuisset,
1274 1364 1335 1411 ut
1385 1357 1481 1427 qui
1515 1364 1634 1411 erat
1681 1357 1891 1427 alioqui

297 1446 684 1513 immutabilis,
717 1446 876 1503 fieret
925 1447 1073 1519 quod
1134 1463 1246 1504 non
1296 1459 1417 1503 erat
1451 1466 1465 1516 ;
1498 1449 1726 1515 docuit,
1764 1466 1890 1505 cum

297 1540 441 1595 dixit
467 1559 479 1595 :
506 1541 575 1596 Et
604 1540 860 1595 habitavit
884 1543 940 1595 in
970 1542 1148 1597 nobis:
1177 1541 1325 1613 quod
1358 1541 1589 1612 perinde
1617 1551 1722 1607 est,
1761 1558 1825 1598 ac
1845 1542 1891 1598 si

299 1633 531 1701 diceret,
559 1634 703 1691 Usus
728 1643 815 1690 est
849 1651 1015 1690 carne
1047 1652 1149 1706 pro
1172 1635 1530 1691 tabernaculo
1557 1653 1572 1703 ;
1596 1637 1893 1707 oportebat

298 1727 473 1792 enim,
514 1736 575 1783 ut
605 1726 699 1798 qui
734 1741 861 1783 vere
888 1737 943 1783 et
976 1738 1171 1784 natura
1198 1744 1291 1783 rex
1317 1738 1506 1783 noster
1529 1736 1671 1795 erat,
1698 1744 1801 1784 nos
1821 1728 1891 1784 ab

298 1819 484 1874 alieno
509 1828 565 1875 et
591 1819 908 1874 adulterino
943 1820 1184 1890 quodam
1209 1819 1436 1875 domino
1462 1835 1759 1891 oppressos
1792 1821 1887 1891 qui
1920 1846 1963 1901 Β

300 1927 535 1985 regnum
570 1922 853 1984 rapuerat,
881 1911 1029 1985 quod
1062 1912 1131 1966 ad
1166 1927 1295 1969 eum
1327 1913 1481 1967 nulla
1512 1912 1730 1969 ratione
1754 1928 1886 1984 per-

300 2006 534 2069 tinebat,
552 2022 663 2061 non
690 2003 1029 2076 relinqueret
1058 2004 1326 2075 captivos,
1354 2005 1503 2060 nulla
1526 2005 1699 2061 nostri
1734 2006 1891 2061 habi-

302 2108 356 2154 ta
386 2098 599 2154 ratione
650 2107 707 2155 et
767 2114 944 2154 cura:
976 2098 1111 2169 quin
1157 2098 1348 2168 potius
1393 2097 1633 2169 insignia
1684 2108 1889 2154 nostra:

300 2191 590 2250 servitutis
646 2189 925 2256 indueret,
958 2200 1015 2246 et
1064 2190 1133 2247 ad
1195 2206 1297 2247 nos
1348 2191 1591 2257 veniret,
1618 2200 1700 2259 ut,
1727 2208 1888 2248 muro

300 2282 534 2355 disjecto
578 2292 635 2339 et
690 2282 898 2351 diruto,
930 2282 1096 2339 nobis
1154 2282 1400 2353 praeiret,
1429 2292 1485 2338 et
1518 2297 1706 2339 secum
1737 2285 1887 2356 ejus-

301 2374 427 2430 dem
491 2385 706 2431 natum
741 2374 1000 2431 homines
1046 2373 1544 2439 extraheret;imo
1598 2376 1889 2431 servitutis

299 2483 496 2523 eorum
520 2467 853 2539 quibuscum
879 2475 1085 2522 natura
1112 2465 1219 2522 sibi
1240 2465 1554 2524 communis
1581 2466 1889 2533 esset,vin-

300 2560 425 2615 cula
454 2559 559 2615 sibi
590 2567 787 2630 sponte
813 2557 1088 2630 injiceret.

375 2699 439 2755 V.
473 2697 557 2754 0b
597 2698 743 2754 hanc
785 2711 1011 2754 causam
1038 2697 1195 2754 venit
1218 2697 1287 2753 ad
1314 2712 1417 2753 nos
1444 2696 1541 2767 qui
1571 2696 1731 2766 longe
1760 2710 1888 2749 cra-

299 2806 450 2857 mus,
478 2799 535 2847 et
560 2788 724 2846 nobis
750 2788 808 2845 in
844 2790 1149 2861 longinquo
1175 2788 1375 2859 positis
1400 2786 1885 2859 apprOpinquavit,

301 2898 417 2939 non
464 2882 629 2949 loco;
662 2896 768 2937 nec
796 2881 948 2936 enim
995 2881 1137 2936 facta
1171 2888 1258 2936 est
1297 2880 1406 2935 loci
1438 2878 1672 2935 mutatio
1701 2894 1714 2931 :
1751 2893 1889 2947 quo-

302 2974 473 3032 modo
540 2975 691 3030 enim
743 2973 1037 3038 Divinitas,
1080 2980 1179 3028 aut
1228 2972 1327 3027 ubi
1370 2971 1886 3034 circumscribatur,

299 3083 425 3140 quae
453 3067 715 3124 universa
750 3066 809 3122 in
840 3082 900 3123 se
925 3066 1270 3132 continet,et
1296 3082 1328 3121 a
1353 3066 1511 3121 nullo
1531 3063 1890 3120 continetur?

1995 574 2253 644 subjecit.
2284 575 2362 629 Ex
2398 575 2598 646 spiritu
2631 591 2763 631 vero
2794 583 2899 641 est,
2934 573 3079 645 quod
3123 583 3207 628 est
3241 572 3488 626 divinum
3522 582 3579 626 et

1994 666 2116 722 sine
2150 676 2421 737 tempore,
2448 668 2597 737 quod
2621 669 2777 723 carni
2812 668 3067 722 animata:
3092 665 3251 720 unirc
3269 665 3579 732 voluit,per

1993 776 2158 829 quam
2211 760 2503 815 nobiscum
2541 769 2796 815 versatus
2828 768 2916 814 est
2957 759 3066 813 hoc
3107 757 3378 812 velamine
3410 770 3577 824 oper-

1995 862 2125 917 tus;
2159 853 2306 907 sicut
2342 868 2547 921 corpus
2598 852 2731 923 tegit
2780 853 3019 905 animam
3069 858 3312 905 nostram
3342 862 3464 917 qua:
3493 854 3579 900 est

1995 942 2429 1013 inaspectabilis,
2459 952 2516 998 et
2562 942 2618 996 in
2671 943 2739 997 iis
2775 956 2898 1012 quae
2946 941 3049 996 sub
3080 955 3304 995 sensum
3348 936 3574 997 cadunt,

1994 1060 2105 1099 non
2160 1053 2526 1099 numeratur:
2558 1043 2685 1113 quia
2729 1042 2871 1097 facta
2920 1045 3005 1094 est
3033 1036 3101 1091 ad
3134 1031 3427 1103 imaginem
3457 1028 3578 1098 ejus

1993 1136 2088 1206 qui
2139 1151 2262 1191 eam
2306 1135 2535 1201 creavit,
2570 1142 2864 1203 servatque
2898 1129 3053 1201 signa
3095 1120 3480 1182 similitudinis
3508 1117 3575 1172 ad

1994 1244 2160 1300 quam
2201 1228 2342 1283 facta
2389 1238 2510 1283 est:
2542 1226 2689 1298 quod
2737 1225 2885 1279 enim
2948 1230 3149 1277 natura
3192 1217 3427 1273 inditum
3467 1219 3572 1275 est,

1993 1337 2104 1377 non
2126 1330 2211 1376 est
2248 1331 2435 1392 aptum
2475 1330 2688 1385 natum,
2718 1328 2781 1374 ut
2814 1317 2972 1372 facile
3006 1319 3271 1369 mutetur.

2065 1413 2158 1469 Vl.
2197 1412 2472 1480 Quantum
2501 1412 2671 1481 igitur
2696 1410 2861 1466 nobis
2896 1406 3121 1462 modum
3154 1400 3380 1457 unionis
3409 1394 3573 1453 Verbi

1994 1520 2118 1564 cum
2142 1521 2309 1560 carne
2340 1504 2660 1574 conjectura
2688 1499 2955 1570 consequi
3004 1498 3158 1557 licet,
3183 1493 3349 1548 aliam
3378 1488 3574 1557 imagi-

1993 1614 2122 1653 nem
2180 1606 2236 1653 et
2291 1596 2719 1653 similitudinem
2768 1609 2881 1648 non
2935 1588 3249 1661 poterimus
3302 1581 3572 1653 reperire,

1993 1708 2159 1763 quam
2188 1692 2386 1745 anima:
2407 1705 2532 1745 cum
2561 1688 2789 1759 preprio
2807 1697 3064 1754 corpore,
3083 1696 3151 1735 ex
3173 1676 3377 1748 quibus
3400 1686 3575 1728 unum

1995 1784 2201 1840 animal
2247 1784 2413 1839 homo
2440 1781 2680 1846 exsistit,
2711 1794 2893 1849 neque
2921 1770 3176 1847 partibus
3198 1772 3252 1825 in
3294 1764 3576 1836 composi-

1993 1877 2144 1932 tione
2175 1877 2320 1931 inter
2354 1890 2412 1931 se
2452 1874 2702 1938 mutatis,
2732 1888 2836 1927 nec
2864 1885 2973 1925 una
3017 1882 3212 1921 earum
3248 1866 3577 1919 alterutram

1991 1986 2058 2025 ex
2123 1985 2183 2025 se
2244 1965 2663 2024 facientezsed
2724 1964 2910 2035 potius
2956 1960 3292 2016 coeuntibus
3354 1953 3577 2010 duobus

1991 2062 2231 2119 diversis
2268 2062 2403 2117 illud
2436 2058 2688 2122 exsistit,
2740 2054 2889 2125 quod
2940 2062 3069 2124 post
3111 2047 3575 2120 compositionem

1990 2166 2077 2214 est
2107 2165 2164 2211 et
2206 2154 2551 2209 nominatur.
2605 2149 2953 2205 Adhibentes
2998 2145 3169 2216 igitur
3197 2158 3265 2197 ex
3308 2141 3413 2194 hac
3440 2140 3577 2193 ima-

1990 2253 2140 2323 gine,
2172 2256 2441 2320 quantum
2459 2244 2595 2300 utile
2613 2253 2699 2298 est
2720 2242 2789 2297 ad
2821 2239 3140 2309 exemplum
3167 2232 3575 2294 similitudinis,

1992 2342 2256 2398 unionem
2293 2337 2459 2395 Verbi
2491 2351 2617 2391 cum
2651 2334 3002 2389 humanitate
3043 2326 3573 2397 contemplabimur.

1991 2432 2240 2489 Verbum
2285 2430 2433 2485 enim
2476 2426 2626 2499 quod
2674 2426 2729 2480 in
2761 2424 3039 2496 principio
3062 2429 3185 2477 erat
3224 2419 3393 2483 Deus,
3447 2430 3576 2471 cum

1989 2527 2158 2582 vellet
2209 2523 2327 2580 fieri
2382 2500 2573 2587 homo,
2608 2520 2739 2591 quia
2772 2535 2884 2574 non
2932 2523 3124 2589 posset
3184 2515 3355 2569 homo
3413 2510 3576 2564 aliter

1990 2620 2177 2675 salvus
2202 2616 2343 2682 fieri,
2374 2616 2687 2687 ingressum
2711 2622 2798 2668 est
2832 2612 2888 2666 in
2922 2619 3146 2665 uterum
3170 2603 3494 2676 virginalem
3521 2609 3578 2655 et

1990 2711 2171 2766 omnis
2217 2708 2595 2779 corruptionis
2650 2714 2989 2775 expertem:
3044 2708 3167 2756 erat
3215 2697 3366 2753 enim
3428 2695 3575 2764 virgo

1991 2816 2139 2858 casta
2185 2803 2377 2875 spiritu
2402 2810 2451 2855 et
2481 2799 2782 2867 corpore”.
2819 2795 3193 2864 Quamobrem
3234 2787 3572 2851 necessario,

1992 2906 2053 2953 ut
2078 2895 2332 2959 decebat,
2369 2893 2436 2948 ad
2467 2902 2683 2947 tantum
2740 2888 2994 2962 mysterii
3050 2883 3425 2940 ministerium
3452 2894 3573 2934 eam

1991 2987 2181 3058 elegit,
2214 2986 2548 3054 unitumque
2588 2992 2673 3037 est
2698 2981 2818 3037 sine
2850 2978 3177 3036 confusione
3213 2984 3269 3029 et
3315 2972 3578 3027 mistione

1995 3090 2170 3136 totum
2198 3079 2296 3132 toti
2331 3077 2506 3141 carni,
2530 3076 2712 3131 anima
2742 3072 2977 3129 rationis
3000 3070 3268 3142 participe
3296 3066 3575 3123 animatae,

298 3162 425 3220 Νοη
481 3161 651 3234 igitur
710 3167 930 3231 Ροῑθηι
971 3159 1020 3214 is
1064 3159 1160 3228 qui
1208 3159 1279 3213 ab
1317 3172 1386 3213 θο
1430 3156 1733 3223 defecerat:
1767 3170 1890 3212 esse
1918 3185 1959 3242 (ζ
1991 3183 2047 3230 et
2079 3190 2177 3245 per
2200 3173 2502 3227 adventum
2541 3168 2783 3240 Spiritus
2813 3165 2990 3222 sancti
3036 3180 3101 3219 ex
3126 3176 3295 3217 carne
3327 3154 3576 3227 Virginis

298 3266 457 3311 extra
476 3268 775 3310 numerum
804 3268 999 3309 eorum
1022 3268 1145 3323 qua:
1186 3261 1336 3320 sunt,
1370 3260 1432 3307 ut
1462 3252 1760 3308 adventum
1789 3250 1886 3322 qui

300 3348 553 3403 similiter
587 3346 655 3402 ad
680 3345 863 3401 locum
885 3345 1185 3416 pertineat,
1211 3358 1525 3414 quaaramus
1549 3360 1563 3409 ;
1590 3353 1887 3413 utrumque

299 3436 452 3491 enim
482 3444 603 3491 erat
645 3434 1010 3506 impossibile.
1037 3434 1237 3489 Procul
1268 3441 1454 3488 autem
1490 3434 1560 3489 ab
1591 3449 1658 3489 eo
1691 3434 1888 3489 abera-

301 3542 429 3582 mus
468 3527 801 3593 aﬂ‘ectione,
830 3535 886 3581 et
917 3526 1203 3581 voluntate
1243 3523 1496 3595 spiritus,
1529 3533 1591 3580 ut
1616 3527 1695 3581 ait
1740 3526 1890 3581 Seri-

300 3628 492 3689 ptura.
535 3619 749 3674 Idcirco
795 3619 864 3674 ad
892 3633 1017 3674 ‘nos
1051 3617 1365 3684 descendit,
1394 3634 1503 3673 non
1534 3618 1729 3673 relicta
1774 3618 1891 3673 vita

302 3712 511 3777 divina,
544 3728 709 3783 quam
740 3727 867 3768 cum
898 3712 1059 3767 Patre
1104 3718 1162 3767 et
1203 3710 1415 3782 Spiritu
1439 3721 1631 3767 sancto
1660 3718 1891 3766 natura-

303 3808 432 3863 liter
480 3807 753 3879 degebat;
792 3820 919 3862 cum
952 3806 1159 3877 quibus
1206 3814 1336 3861 ante
1389 3806 1590 3861 saecula
1636 3805 1691 3860 in
1718 3804 1892 3876 gloria

303 3908 428 3957 erat
475 3900 532 3955 in
586 3899 713 3955 sinu
772 3909 1005 3969 paterno
1063 3898 1459 3968 requiescens;
1512 3896 1610 3952 sed
1664 3904 1893 3968 propter

305 3993 639 4050 cbaritatem
666 4001 921 4062 suscepta
944 4002 1140 4062 sponte
1171 3992 1481 4048 oeconomia
1511 4004 1633 4061 quae
1671 3990 1891 4045 bonita-

307 4094 421 4141 tem
467 4086 590 4158 ejus
634 4086 946 4140 naturalem
976 4084 1231 4152 decebat,
1266 4084 1347 4140 sic
1368 4099 1592 4139 carnem
1623 4097 1889 4147 crassam,

305 4185 588 4233 terrenam
612 4183 669 4231 et
694 4175 1005 4241 mortalem,
1037 4185 1095 4231 et
1115 4175 1281 4230 morti
1310 4175 1662 4231 resistentem
1688 4174 1890 4241 induit,

303 4267 695 4338 exsuperantia
736 4267 1025 4338 potestatis
1070 4283 1186 4323 sua:
1231 4281 1368 4323 usus
1399 4268 1468 4322 ad
1505 4268 1893 4324 occultandam

304 4362 578 4433 gloriam,
621 4369 680 4416 et
733 4359 801 4415 ad
843 4358 1234 4415 assumendam
1277 4373 1503 4415 carnem
1555 4375 1722 4429 quam
1786 4360 1893 4416 sibi

305 4451 489 4506 univit
506 4460 561 4506 et
578 4450 635 4505 in
655 4465 764 4522 qua
787 4448 1081 4513 habitavit,
1100 4448 1411 4504 divinitatis
1436 4448 1675 4519 propria:
1696 4450 1895 4520 ampli-

1988 3267 2177 3323 Matris
2214 3264 2467 3320 conflata:
2525 3272 2583 3317 et
2639 3260 2976 3323 constitutae,
3021 3255 3172 3311 nulla
3204 3267 3371 3307 causa
3411 3249 3467 3303 in
3514 3263 3580 3302 ea

1989 3369 2307 3430 antegressa
2333 3373 2403 3412 ex
2425 3355 2495 3410 iis
2517 3354 2726 3424 quibus
2745 3355 3162 3407 consueverunt
3179 3357 3414 3415 corpora
3434 3339 3578 3403 fieri,

1991 3461 2195 3525 prater
2222 3452 2489 3507 virtutem
2523 3445 2811 3503 Altissimi.
2845 3444 2972 3499 Sola
3008 3441 3155 3496 enim
3204 3436 3407 3493 mulier
3464 3448 3581 3487 ma-

1993 3545 2189 3602 teriam
2261 3541 2489 3613 corpori
2560 3538 2709 3609 quod
2774 3533 3084 3591 divinitatis
3145 3532 3579 3585 instrumentum

1992 3637 2197 3692 factum
2249 3643 2356 3698 est,
2427 3628 2828 3701 suppeditavit,
2882 3626 3029 3682 sicut
3057 3623 3189 3679 olim
3231 3637 3300 3676 ex
3353 3616 3579 3689 propria

1993 3742 2163 3783 carne
2197 3726 2374 3781 solius
2414 3724 2521 3779 viri
2568 3721 2774 3778 mulier
2796 3727 2853 3775 et
2887 3725 3066 3773 mater
3090 3714 3401 3770 viventium
3434 3712 3579 3765 facta

1993 3829 2099 3877 est.

2062 3907 2175 3963 Vll.
2207 3907 2359 3961 Vane
2392 3906 2571 3977 igitur
2620 3902 2887 3963 delirant,
2917 3896 3014 3968 qui
3062 3900 3295 3966 prepter
3354 3889 3580 3946 modum

1994 3998 2368 4072 generationis
2420 4004 2624 4066 negant
2670 4009 2792 4048 esse
2834 3989 3001 4046 nobis
3054 3982 3577 4041 consubstantiale:

1994 4092 2191 4149 eadem
2222 4087 2371 4146 enim
2404 4088 2620 4143 ratione
2647 4102 2750 4141 nec
2791 4086 2907 4140 Eva
2935 4083 3046 4137 erit
3092 4074 3584 4135 consubstantialis

1994 4187 2140 4248 viro,
2167 4191 2261 4240 aut
2293 4182 2342 4238 ei
2377 4180 2474 4251 qui
2512 4195 2579 4235 ex
2604 4186 2844 4247 utroque
2879 4173 3044 4230 simul
3078 4180 3243 4225 natus
3264 4176 3384 4233 est;
3420 4166 3583 4220 ambo

1996 4279 2146 4335 enim
2174 4278 2331 4332 vario
2356 4273 2522 4328 modo
2551 4269 2893 4327 exstiterunt
2922 4284 2936 4322 :
2963 4280 3069 4321 nec
3095 4278 3221 4319 cum
3247 4259 3453 4329 alioqui
3487 4273 3587 4328 po-

1997 4375 2218 4436 tuisset,
2251 4368 2540 4442 proprium
2577 4379 2783 4434 corpus
2828 4359 3055 4416 aliunde
3102 4353 3281 4417 duxit,
3319 4361 3481 4421 quam
3516 4362 3584 4401 ex

1998 4466 2235 4523 materia
2288 4462 2498 4519 nostris
2550 4456 2884 4529 corporibus
2943 4451 3191 4522 subjecta
3227 4465 3240 4501 :
3274 4445 3391 4501 Non
3422 4442 3585 4505 enim,

310 4544 559 4600 tudinem
587 4542 997 4599 inumbratione
1026 4549 1236 4613 tegens.
1262 4540 1566 4612 Oportebat
1587 4541 1735 4597 enim
1765 4558 1890 4598 eum

1999 4560 2205 4631 inquit,
2263 4553 2612 4628 apprehendit
2659 4547 2900 4621 angelos,
2949 4559 3053 4600 nec
3092 4541 3267 4631 aliam,
3302 4535 3585 4592 caelestem

306 4640 405 4711 qui
436 4648 558 4694 erat
585 4636 1018 4708 inaspectabilis,
1050 4635 1139 4691 cui
1166 4636 1513 4705 propositum
1543 4644 1667 4691 erat
1694 4636 1891 4691 venire

306 4734 379 4789 ad
408 4748 507 4789 eos
543 4732 636 4802 qui
663 4729 972 4787 secundum
1008 4744 1234 4786 sensum
1265 4730 1547 4795 vivebant,
1575 4729 1891 4800 aspectabi—

308 4827 419 4881 lem
450 4825 533 4879 eis
557 4824 676 4880 fieri
707 4833 765 4879 et
785 4823 1049 4878 similem.
1072 4820 1440 4889 Quamobrem
1464 4823 1892 4877 instrumentum

307 4920 419 4975 hoc
432 4918 682 4974 divinum
706 4916 812 4973 sibi
833 4916 1113 4979 formavit,
1137 4924 1198 4970 ut
1216 4931 1314 4986 per
1338 4916 1515 4986 ipsum
1535 4913 1689 4969 ﬂeret
1706 4914 1897 4970 visibi-

306 5012 418 5077 lis;
446 5010 669 5081 etquod
705 5017 909 5066 nostra:
952 5018 1164 5064 natura:
1214 5008 1415 5063 divinae
1445 5017 1566 5063 erat
1600 5015 1655 5062 et
1688 5016 1898 5063 natura:

306 5106 528 5160 unitum
549 5103 753 5160 divinis
773 5103 1087 5160 actionibus
1101 5102 1466 5158 ministraret:
1484 5110 1545 5157 ut
1563 5102 1665 5157 hac
1684 5101 1897 5158 ratione

307 5196 569 5251 omnibus
612 5196 707 5266 qui
740 5194 1177 5265 redemptionem
1215 5194 1335 5264 ejus
1368 5193 1781 5263 exspectabant,
1812 5192 1898 5247 di-

309 5296 467 5346 ceret
502 5307 515 5343 :
566 5287 687 5360 Ipse
720 5289 810 5359 qui
863 5285 1145 5356 loquebar,
1180 5284 1479 5349 adsum“;
1533 5284 1690 5339 adest
1742 5283 1893 5338 enim

310 5399 443 5440 vere
483 5382 725 5440 Verbum
762 5400 778 5449 ;
807 5390 863 5436 et
888 5377 1142 5451 quamvis
1173 5377 1353 5432 solum
1388 5391 1590 5447 corpus
1622 5375 1891 5442 cernitur,

310 5480 461 5535 Deus
480 5493 647 5535 verus
665 5486 770 5542 est,
797 5484 855 5531 et
876 5476 1175 5530 humanam
1206 5472 1442 5527 formam
1473 5472 1651 5526 oculis
1685 5470 1896 5526 nostris

312 5570 567 5642 subiicit;
594 5578 653 5626 et
677 5579 805 5625 ante
830 5568 1031 5625 saecula
1049 5576 1155 5631 est,
1173 5565 1305 5620 licet
1332 5572 1487 5619 ortus
1508 5566 1628 5634 ejus
1649 5571 1896 5633 tempore

311 5661 495 5718 factus
536 5659 871 5718 describitur
899 5674 969 5716 ex
1014 5670 1217 5729 genere
1259 5653 1536 5710 Abraham
1572 5662 1628 5709 et
1673 5654 1890 5708 David:

929 5833 967 5865 ”
998 5830 1132 5889 ibid.
1169 5830 1250 5885 Η.

384 5836 429 5869 Ἀ
457 5836 613 5894 Joan.
644 5835 684 5905 l,
715 5848 754 5901 ι,
788 5834 838 5889 ’5.
929 5833 967 5865 ¹¹
998 5830 1132 5889 ibid.
1169 5830 1250 5885 l-l.
1333 5830 1372 5862 ⁸³
1425 5829 1504 5885 lsa
1566 5830 1735 5897 um}.

1814 5830 1855 5861 ”
1890 5829 1908 5886 l
1945 5829 2077 5886 Cor.
2099 5846 2191 5896 vn,
2221 5830 2311 5883 δι.

1997 4630 2289 4716 virtutem,
2308 4648 2399 4704 sed
2420 4662 2600 4701 semen
2622 4643 2849 4698 Abraha:
2870 4638 2938 4704 η,
2962 4635 3052 4691 cui
3072 4634 3215 4689 facta
3250 4630 3431 4684 fuerat
3458 4640 3588 4696 pro-

1998 4743 2212 4800 missio.
2248 4737 2538 4807 Quomodo
2570 4735 2740 4807 igitur
2774 4732 2930 4787 aiunt
2958 4726 3204 4797 quidam,
3239 4736 3442 4790 corpus
3471 4729 3585 4771 ter-

2000 4847 2197 4890 renum
2225 4838 2283 4885 et
2321 4830 2380 4883 in
2412 4838 2563 4883 terra
2596 4834 2787 4880 natum
2833 4820 3060 4876 caeleste
3089 4815 3281 4876 fuisse,
3310 4808 3585 4880 siquidem

2000 4921 2323 4997 hujusmodi
2354 4919 2586 4975 materia
2606 4932 2718 4971 non
2737 4922 2823 4969 est
2847 4912 2904 4967 in
2935 4908 3049 4964 illis
3068 4906 3207 4962 locis
3226 4900 3589 4960 emlestibus?

2006 5020 2152 5090 Ergo
2182 5031 2288 5072 nec
2330 5030 2399 5070 ex
2454 5022 2653 5068 natura
2704 5007 2927 5080 propria
2967 4999 3324 5063 immutabili,
3370 5013 3475 5052 nec
3505 5012 3585 5090 ex

2006 5085 2115 5164 ulla
2149 5108 2279 5167 alia,
2336 5104 2447 5159 nisi
2492 5119 2561 5158 ex
2592 5116 2701 5171 qua
2731 5098 2939 5153 dictum
2980 5103 3101 5159 est,
3145 5089 3438 5146 fabricavit
3473 5085 3587 5142 sibi

2002 5216 2225 5271 corpus.
2263 5196 2435 5255 Valde
2466 5194 2614 5251 enim
2645 5191 2914 5248 absonum
2965 5187 3183 5248 fuisset,
3224 5183 3293 5246 si,
3340 5196 3464 5237 cum
3515 5179 3587 5233 ad

2002 5309 2104 5350 nos
2137 5295 2377 5355 veniret,
2412 5288 2657 5343 alienum
2696 5300 2726 5340 a
2762 5283 2923 5339 nobis
2949 5294 3153 5350 corpus
3198 5277 3404 5341 ferret;
3449 5273 3588 5344 quin

2001 5386 2189 5459 potius
2220 5399 2344 5440 cum
2378 5383 2528 5438 Deus
2548 5389 2763 5434 tantum
2795 5383 2944 5432 esset
2978 5391 3043 5430 ex
3066 5374 3226 5428 Patre
3264 5369 3504 5442 genitus,
3528 5373 3588 5421 et

2000 5490 2254 5536 naturam
2280 5479 2403 5548 ejus
2425 5475 2546 5531 sine
2586 5472 2698 5527 ulla
2726 5470 3016 5533 varietate,
3059 5466 3113 5521 id
3145 5474 3252 5531 est,
3293 5479 3352 5519 se
3403 5462 3589 5531 ipsum

2000 5567 2271 5629 haberet,
2336 5577 2542 5633 corpus
2584 5576 2653 5616 ex
2694 5568 2873 5614 matre
2920 5556 3243 5626 assumpsit,
3292 5553 3590 5620 factusque

2000 5665 2085 5712 est
2105 5656 2157 5711 ei
2183 5650 2677 5710 consubstantialis
2699 5668 2711 5704 :
2733 5649 3097 5721 quamobrem
3123 5644 3427 5703 secundum
3450 5642 3579 5698 ima.-

2388 5830 2429 5861 "
2467 5828 2635 5886 lleltr.
2672 5844 2731 5886 ll.
2760 5824 2839 5885 ιθ.
