4052 6590
445 365 584 432 1339
1577 374 1617 433 S

1626 424 1638 433 .
1680 376 2085 436 ANASTASll
2128 377 2599 438 ANTIOCHENI

3600 366 3735 432 I310

444 481 627 552 limem
654 481 913 551 superius
940 480 1305 552 Proposnamv
1340 496 1407 537 ex
1448 492 1684 553 “lmine
1719 485 2035 542 substantia
2067 494 2107 545 Α
2140 489 2533 545 conﬁteantur.
2566 491 2678 546 Nos
2696 504 2833 545 vero
2863 496 3181 559 spectantes
3210 485 3479 541 unionem
3509 494 3739 540 natura-

449 590 595 628 unus
627 573 887 630 Christus
906 575 1165 644 apparuit
1202 575 1385 639 nobis,
1418 575 1565 630 idem
1592 578 1739 633 Deus
1770 588 1827 634 et
1845 579 2035 634 homo.

518 669 656 723 Vlll.
689 669 756 724 Et
788 669 893 723 hoc
918 676 1002 723 est
1019 668 1073 722 in
1102 668 1207 725 hoc
1228 670 1494 741 mysterio
1517 670 1866 736 admirabile,
1887 674 2035 743 quod

451 771 753 831 utrumque
782 776 977 815 eorum
1008 776 1131 832 quae
1165 761 1448 827 coierunt,
1502 764 1905 834 proprietatem
1938 782 2041 820 na-

2142 598 2262 636 rum
2292 583 2604 638 secundum
2628 581 2971 654 hypostasim
3009 577 3243 642 Christi,
3278 577 3371 647 qui
3405 592 3528 632 non
3562 576 3740 630 solum

2139 690 2207 728 ex
2234 675 2347 729 Deo
2376 684 2433 731 et
2459 674 2687 729 homine
2720 680 2961 737 constat,
2995 670 3092 726 sed
3130 670 3275 725 idem
3312 670 3463 724 Deus
3486 676 3549 723 et
3578 667 3745 721 homo

2140 775 2249 829 est,
2272 766 2442 821 salvis
2470 764 2801 821 substantiis
2834 763 2891 818 in
2940 762 3171 826 unione,
3211 777 3335 832 qua:
3369 775 3473 829 per
3513 773 3746 827 compo-

455 852 690 906 turalem
729 859 914 905 servat
943 851 1178 922 perinde
1212 867 1276 907 ac
1311 851 1355 906 si
1386 868 1488 923 per
1523 868 1582 908 se
1606 854 1786 909 solum
1810 856 2044 911 exsistc-
2143 859 2401 913 sitionem
2434 856 2800 927 compositam
2850 854 3190 928 hypostasim
3237 868 3400 923 quam
3450 850 3744 905 Christum

456 948 562 1003 ret,
614 955 725 993 non
763 939 906 993 facta
941 940 1171 994 alterius
1222 956 1350 994 cum
1401 941 1579 997 altero
1624 941 1865 1007 unione,
1914 959 2041 998 cum

457 1030 667 1099 alioqui
724 1045 833 1083 una
881 1029 953 1083 sit
1009 1029 1345 1100 hypostasis.
1401 1032 1660 1089 Christus
1727 1033 1899 1103 igitur
1958 1044 2048 1089 est

458 1120 607 1191 quod
645 1136 712 1175 ex
760 1120 965 1175 unione
1015 1121 1212 1176 harum
1269 1131 1597 1178 naturarum
1633 1125 1891 1190 exsistit,
1934 1141 2046 1180 non

461 1214 751 1279 habitudo,
784 1214 881 1269 sed
902 1214 958 1270 id
1000 1215 1178 1286 ipsum
1206 1216 1353 1287 quod
1379 1232 1446 1271 ex
1465 1217 1551 1273 his
1571 1218 1903 1273 substantiis
1917 1234 2051 1273 con-

462 1317 609 1375 stat;
644 1308 755 1363 imu
814 1309 949 1378 ipsa:
989 1309 1339 1373 substantiae,
1369 1319 1426 1365 et
1452 1325 1565 1363 non
1605 1310 1795 1364 divina
1839 1310 2052 1381 absque

466 1401 728 1464 humana,
761 1414 940 1471 neque
974 1414 1172 1453 rursus
1200 1399 1443 1453 humana
1471 1399 1684 1469 absque
1711 1399 1922 1467 divina,
1952 1399 2049 1455 sed

468 1491 760 1562 utriusque
794 1490 1186 1561 inseparabilis
1219 1491 1352 1544 unio
1400 1508 1414 1544 :
1446 1507 1610 1561 quam
1654 1507 1768 1547 non
1816 1491 2054 1548 dicimus

468 1584 667 1640 factam
690 1599 812 1639 esse
833 1583 901 1638 ad
936 1582 1302 1638 imitationem
1335 1582 1700 1653 liquidorum,
1731 1599 1854 1654 quae
1904 1584 2055 1640 inter

470 1691 531 1730 se
565 1675 727 1729 mista
768 1676 823 1729 in
859 1674 1009 1729 aliud
1049 1674 1179 1745 quid
1214 1682 1524 1739 mutantur,
1557 1674 1656 1730 sed
1691 1675 1760 1730 ad
1793 1674 2058 1730 similitu-

471 1768 659 1822 dinem
711 1766 1052 1837 propositam
1086 1766 1283 1821 anima:
1329 1774 1385 1820 et
1416 1767 1690 1837 corporis,
1738 1783 1806 1822 ex
1851 1768 2057 1838 quibus

2146 962 2431 1013 vocamus,
2474 945 2741 1002 reddunt.

2219 1040 2291 1095 Χ.
2342 1039 2559 1095 Idcirco
2612 1037 2791 1097 sancti
2826 1037 3019 1093 Patres
3049 1035 3117 1091 de
3152 1033 3377 1089 Christo
3405 1048 3526 1088 non
3570 1031 3755 1086 solum

2151 1142 2411 1201 tanquam
2440 1145 2509 1186 ex
2538 1131 2652 1186 Deo
2680 1138 2737 1186 et
2775 1128 3022 1192 homine,
3054 1142 3157 1181 nec
3191 1141 3263 1180 ex
3281 1124 3508 1179 duabus
3534 1122 3752 1177 naturis

2151 1233 2412 1294 tanquam
2441 1239 2511 1279 ex
2540 1221 2836 1295 principiis
2862 1222 3196 1290 loquuntur,
3226 1217 3325 1274 sed
3360 1226 3639 1285 tanquam
3684 1213 3751 1268 de

2151 1316 2263 1370 Deo
2289 1324 2346 1371 et
2376 1315 2630 1378 homine,
2658 1322 2718 1369 et
2743 1312 2812 1368 de
2836 1311 3059 1367 duabus
3097 1309 3346 1375 naturis;
3376 1316 3438 1363 ut
3467 1304 3753 1360 fallaciam

2150 1404 2473 1476 longissime
2539 1403 2821 1475 relegent,
2869 1410 2925 1463 et
2972 1401 3263 1455 veritatem
3321 1398 3495 1469 plane
3554 1393 3755 1466 pradi-

2152 1504 2313 1553 ccnt:
2341 1495 2493 1566 atqui
2510 1494 2749 1565 simplex
2769 1493 2797 1520 “
2820 1501 2876 1547 et
2901 1500 3043 1545 recta
3071 1499 3193 1544 erat
3225 1486 3563 1559 praedicatio
3580 1484 3749 1556 pieta-

2154 1590 2246 1654 tis,
2284 1589 2393 1644 nisi
2422 1587 2673 1659 plerique
2717 1585 2873 1641 varie
2908 1585 3095 1641 conati
3129 1582 3365 1638 fuissent
3400 1596 3537 1636 eam
3570 1577 3758 1634 verbis

2155 1681 2446 1738 fallacibus
2471 1680 2794 1749 depravare.
2813 1677 3187 1744 Quamobrem
3232 1690 3301 1731 ne
3328 1675 3425 1745 qui
3446 1674 3510 1727 in
3540 1670 3758 1741 simpli-

2158 1773 2325 1829 citate
2350 1770 2549 1826 anima:
2586 1767 3001 1839 ingrediuntur,
3034 1763 3513 1834 istorumlaqueis
3551 1760 3757 1815 indicta

472 1858 679 1913 animal
714 1859 949 1913 rationis
996 1857 1295 1927 particeps,
1330 1857 1518 1923 homo,
1553 1858 1955 1927 constituitur;
1990 1876 2059 1915 ex
2093 1846 2132 1900 Β
2161 1878 2326 1919 causa
2382 1867 2721 1930 caperentur
2742 1898 2759 1924 ,
2814 1856 3054 1913 diversis
3110 1854 3465 1926 temporibus
3516 1851 3760 1923 Spiritus

476 1946 842 2017 intelligente,
874 1947 1121 2015 inquam,
1163 1955 1220 2001 et
1254 1946 1443 2001 sensili
1473 1947 1787 2020 intelligens
1814 1949 1977 2005 simul
2003 1959 2062 2006 et

475 2038 700 2092 sensile.
762 2037 856 2092 Sic
896 2036 987 2091 hic
1021 2045 1205 2107 potest
1263 2038 1390 2107 quis
1441 2038 1685 2093 tenuiter
1732 2040 2060 2113 mysterium

475 2129 844 2199 contemplari
872 2147 886 2183 :
922 2129 1085 2183 ambo
1119 2130 1271 2184 enim
1305 2129 1469 2184 simul
1502 2130 1976 2187 coeuntdivinum
2008 2140 2065 2187 et

479 2222 780 2276 humanum
820 2240 833 2276 :
871 2235 929 2277 ct
960 2222 1107 2292 quod
1142 2238 1209 2277 ex
1243 2223 1349 2277 hac
1377 2222 1787 2292 compositione
1821 2230 2061 2287 constat,

477 2314 618 2369 nihil
666 2313 814 2368 aliud
851 2322 936 2369 cst
989 2330 1155 2384 quam
1212 2323 1427 2369 naturae
1460 2314 1671 2369 unita):
1706 2330 1863 2384 atque
1914 2314 2065 2369 enim

480 2407 624 2461 Deus
650 2416 707 2460 et
731 2407 918 2472 homo,
947 2405 1227 2472 Christus,
1261 2404 1356 2476 qui
1388 2422 1456 2461 ex
1490 2407 1660 2462 unitis
1680 2407 1844 2462 modo
1878 2407 2071 2461 ineffa-

482 2499 581 2552 bili
612 2499 873 2569 apparuit
909 2499 1142 2564 mundo,
1177 2498 1397 2553 mortali
1424 2498 1752 2570 corpore-ad
1776 2498 2069 2554 delendam

483 2600 717 2646 mortem
755 2598 919 2646 utens
963 2592 1160 2661 :quod
1218 2599 1306 2647 est
1348 2590 1698 2645 admirabile.
1752 2590 1853 2646 Est
1899 2591 2071 2662 igitur

481 2699 610 2739 vere
640 2683 787 2738 Deus
817 2684 983 2738 simul
1011 2693 1068 2740 et
1094 2684 1281 2750 homo,
1316 2683 1745 2753 Christuszquaz
1775 2682 2072 2754 appellatio

481 2793 615 2832 vera
648 2792 771 2831 esse
812 2794 926 2831 non
958 2786 1164 2847 potest,
1198 2776 1306 2832 nisi
1346 2776 1458 2831 sint
1492 2775 1726 2831 diversa:
1760 2784 1975 2830 natura:
2018 2775 2069 2829 ei

483 2870 769 2940 subjectae.
799 2869 1093 2923 Tribuitur
1131 2879 1317 2924 autem
1363 2884 1507 2939 saepe
1556 2868 1860 2939 separatim
1914 2868 1985 2922 iis
2006 2884 2075 2921 cx

483 2963 692 3033 quibus
721 2971 960 3028 constat,
995 2977 1108 3016 non
1143 2960 1369 3031 quidem
1405 2958 1554 3030 quod
1584 2959 1691 3014 hoc
1735 2960 1913 3014 solum
1962 2960 2072 3025 sit;

486 3068 598 3107 non
629 3052 777 3107 enim
808 3051 924 3105 ﬁeri
951 3059 1155 3121 potest.
1188 3060 1249 3104 ut
1271 3050 1506 3105 alterum
1537 3064 1607 3103 ex
1636 3047 1810 3103 unitis
1830 3058 2077 3103 contem-

487 3146 727 3215 plemur,
761 3144 870 3197 nisi
911 3143 1027 3197 sola
1062 3142 1399 3213 cogitatione
1438 3139 1639 3194 mentis
1680 3139 2069 3204 discernentis,

487 3245 771 3307 quatenus
792 3233 1202 3305 cognoscimus,
1229 3231 1364 3302 quid
1380 3241 1465 3287 est
1489 3229 1761 3295 divinum,
1792 3228 1940 3301 quod
1962 3244 2072 3285 non

488 3336 574 3384 est
611 3328 953 3393 humanum;
991 3324 1125 3396 quid
1179 3339 1377 3379 rursus
1417 3324 1747 3388 humanum,
1777 3320 1926 3393 quod
1962 3336 2072 3377 non

488 3434 575 3476 est
633 3418 888 3474 divinum
942 3434 957 3471 :
1006 3416 1052 3472 si
1107 3415 1257 3471 enim
1313 3414 1614 3486 aliquando
1665 3415 1766 3469 has
1820 3412 2077 3469 notiones

492 3520 676 3568 mente
708 3511 1116 3582 exprimemus,
1174 3509 1426 3563 volentes
1449 3507 1763 3576 signiﬁcare
1800 3506 2078 3578 subjectas

492 3604 849 3669 substantias,
878 3611 935 3657 et
959 3617 1150 3657 earum
1179 3601 1325 3655 inter
1349 3615 1409 3655 se
1446 3598 1852 3663 diversitatem,
1890 3598 2077 3653 statim

492 3698 817 3767 copulamus
846 3704 1006 3758 actu;
1041 3709 1235 3748 rursus
1282 3693 1545 3748 unicntes
1601 3692 1926 3762 priusquam
1956 3689 2077 3745 dis-

489 3791 816 3862 jungamus,
847 3796 1248 3858 cognoscentes
1288 3800 1462 3839 unum
1507 3783 1794 3840 Christum
1844 3798 1968 3839 esse
2011 3798 2079 3838 ex

496 3882 734 3937 diversis
762 3878 975 3934 naturis
1002 3885 1373 3934 constantem.
1688 3922 1693 3925 .

567 3967 659 4029 IX.
681 3972 795 4029 Etsi
816 3973 964 4028 enim
994 3980 1126 4026 sunt
1143 3970 1377 4027 diversa:
1406 3978 1617 4025 naturae
1638 3984 1706 4025 ex
1730 3968 1937 4040 quibus
1961 3968 2082 4023 uni-

499 4077 592 4122 tus
632 4074 718 4121 est
771 4065 839 4120 ad
892 4064 1400 4120 manifestationem
1438 4061 1711 4135 mysterii,
1753 4077 1863 4117 una
1898 4069 2081 4116 tamen

496 4170 585 4215 est
609 4158 923 4231 hypostasis
954 4177 967 4211 :
999 4158 1191 4213 eadem
1220 4157 1371 4212 enim
1417 4154 1740 4227 proprietas
1768 4154 2083 4227 hypostasis

501 4254 725 4317 mansit,
764 4252 904 4308 Filio
933 4251 1101 4306 etiam
1134 4250 1444 4305 incarnato.
1479 4249 1659 4304 Filius
1705 4247 1857 4304 enim
1891 4263 2086 4304 rursus

499 4352 588 4399 est
608 4343 775 4398 etiam
809 4340 1117 4397 secundum
1142 4354 1365 4395 carnem
1400 4355 1414 4393 :
1446 4354 1621 4409 quare
1648 4348 1844 4393 natura
1860 4336 2085 4408 quidem

503 4437 771 4493 differunt
804 4448 1094 4490 assumens
1141 4442 1199 4488 et
1250 4441 1565 4504 assumpta;
1613 4430 1899 4502 hypostasi
1953 4446 2086 4486 vero

2162 1961 2389 2009 sanctus
2436 1960 2653 2007 mentes
2711 1958 3029 2005 sanctorum
3077 1946 3318 2003 adventu
3373 1960 3483 2001 suo
3527 1944 3755 2009 docuit,

2164 2046 2428 2117 deditque
2454 2044 2565 2103 illis
2598 2057 2914 2100 sermonem
2939 2039 3008 2095 ad
3038 2036 3578 2102 contradicendum,
3613 2044 3672 2091 et
3694 2033 3759 2089 ad

2166 2138 2477 2194 tendiculas
2517 2135 2861 2192 fallaciarum
2909 2141 3106 2189 contra
3136 2131 3433 2187 veritatem
3480 2127 3759 2185 violentas

2165 2227 2583 2300 effugiendum,
2638 2226 2735 2297 qui
2794 2225 2960 2281 nobis
3018 2224 3369 2281 tradiderunt
3430 2223 3761 2277 thesaurum

2169 2336 2427 2393 magnum
2450 2360 2466 2385 ,
2497 2335 2562 2375 ac
2591 2318 2871 2390 praecipue
2900 2316 3125 2388 quidem
3176 2314 3235 2370 in
3267 2314 3419 2370 vasis
3444 2312 3757 2369 ﬁctilibus:

2170 2415 2276 2470 hoc
2301 2412 2451 2469 enim
2500 2411 2737 2468 decebat
2784 2410 2975 2466 divina
3014 2408 3274 2479 dogmata
3302 2416 3359 2462 et
3388 2406 3714 2463 doctrinam
3744 2421 3758 2459 :

2170 2505 2300 2575 quia
2333 2502 2723 2565 conveniebat,
2758 2508 2821 2555 ut
2853 2516 3074 2571 semper
3103 2514 3237 2554 vasa
3268 2497 3673 2569 frangerentur
3708 2495 3760 2552 in

2171 2597 2377 2667 quibus
2404 2610 2637 2665 magnus
2669 2594 2965 2651 thesaurus
3014 2589 3340 2647 reconditus
3369 2599 3481 2656 est,
3533 2598 3764 2660 propter

2174 2689 2512 2745 inﬁrmiores
2538 2687 2695 2743 dedit
2720 2683 3181 2757 pradicatoribus
3201 2682 3461 2739 veritatis
3496 2682 3612 2737 vim
3640 2697 3760 2737 ver-

2175 2778 2371 2835 borum
2396 2777 2462 2832 ad
2498 2774 2876 2832 resistendum
2906 2772 3450 2837 contradicentibus,
3479 2781 3544 2827 et
3577 2771 3647 2826 ad
3682 2772 3763 2842 ja«

2176 2872 2300 2927 cula
2340 2870 2790 2925 adversariorum
2852 2876 3060 2923 temere
3113 2866 3317 2922 emissa
3356 2862 3761 2936 propulsanda.

2178 2963 2365 3028 Quare
2411 2959 2654 3015 Verbum
2688 2958 2947 3014 veritatis
2994 2973 3106 3013 non
3153 2957 3402 3012 vincitur
3444 2953 3764 3017 mendacio,

2180 3053 2276 3109 sed
2302 3052 2491 3124 potius
2514 3050 2790 3107 fallaciam
2821 3048 3097 3106 mendacii
3142 3047 3454 3119 redarguit.
3484 3047 3560 3102 Et
3584 3046 3762 3116 ipsum

2181 3145 2331 3199 omni
2365 3160 2433 3200 eo
2463 3142 2613 3214 quod
2647 3143 2893 3198 alienum
2922 3152 3027 3204 est.
3053 3142 3302 3212 exploso,
3327 3150 3543 3205 manet,
3589 3152 3766 3208 neque

2181 3236 2499 3307 deponitur,
2544 3249 2727 3304 neque
2778 3234 3190 3290 circumfertur.
3232 3231 3764 3289 ldcircoCItriuum

2186 3332 2280 3385 Dei
2314 3332 2563 3385 virtutem
2592 3338 2641 3383 et
2666 3327 2763 3382 Dei
2793 3328 3169 3399 sapientiam“
3220 3342 3344 3383 esse
3369 3325 3565 3389 docet,
3598 3338 3764 3380 unum

2183 3439 2251 3478 ex
2276 3420 2419 3476 caelo
2443 3429 2501 3476 et
2523 3435 2593 3474 ex
2630 3426 2780 3475 terra
2808 3417 2982 3473 Deum
3003 3426 3061 3473 et
3085 3417 3234 3474 servi
3265 3417 3448 3474 forma
3488 3414 3765 3478 indutum.

2184 3516 2469 3571 utlateret
2510 3514 2658 3571 Deus
2698 3512 3013 3584 principem
3064 3511 3255 3567 saeculi
3297 3511 3471 3582 hujus
3500 3523 3630 3564 eum
3662 3521 3769 3577 quo

2185 3618 2306 3665 erat
2349 3608 2402 3665 ei
2450 3616 2756 3671 certamen,
2796 3615 2854 3662 et
2894 3621 3007 3662 non
3052 3604 3346 3677 defugeret
3373 3603 3611 3666 luctam,
3654 3609 3771 3654 tan.

2185 3717 2352 3772 quam
2396 3717 2508 3756 non
2546 3717 2673 3757 cum
2700 3701 2814 3756 Deo
2841 3706 3193 3763 certaturus;
3221 3696 3458 3751 fortasse
3488 3707 3625 3748 vero
3646 3730 3662 3756 ,
3692 3700 3763 3744 "ut

2189 3808 2287 3864 per
2321 3791 2503 3848 simile
2540 3798 2793 3849 servaret
2837 3788 3041 3847 simile.
3073 3787 3197 3845 Non
3232 3784 3449 3842 ferebat
3480 3783 3652 3855 igitur
3673 3781 3765 3836 ali-

2187 3889 2321 3960 quid
2372 3898 2666 3945 externum
2714 3895 2774 3943 et
2823 3886 3069 3942 alienum
3128 3889 3327 3953 praeter
3367 3880 3423 3936 id
3471 3878 3622 3950 quod
3672 3892 3770 3931 nos

2188 3996 2402 4045 sumus,
2428 3979 2525 4036 sed
2559 3988 2733 4035 totam
2779 3987 3027 4033 nostram
3070 3990 3309 4031 massam
3354 3975 3410 4030 in
3441 3988 3559 4030 uno
3585 3971 3765 4028 relicto

2190 4076 2354 4133 nobis
2391 4075 2605 4132 semine
2654 4070 2976 4143 assumpsit,
3026 4071 3205 4127 faetus
3255 4069 3521 4141 primitiae
3570 4075 3769 4123 natura

2191 4179 2415 4222 nostrae.
2449 4165 2564 4222 Hac
2592 4174 2778 4221 autem
2806 4163 3025 4219 ratione
3047 4159 3256 4217 dicitur
3278 4162 3537 4232 primitia:
3554 4160 3620 4215 θ’.

2263 4259 2357 4319 XI.
2402 4259 2621 4315 Etenim
2648 4258 2782 4329 quia
2808 4266 2988 4314 totum
3028 4255 3182 4327 quod
3207 4254 3509 4319 ceciderat,
3540 4251 3763 4309 excitare

2193 4352 2540 4424 prepositum
2568 4359 2688 4407 erat
2721 4350 2796 4417 ei,
2830 4349 3111 4406 ceciderat
3133 4358 3321 4404 autem
3352 4354 3535 4403 totum
3569 4356 3760 4416 genus;

2194 4457 2253 4499 se
2272 4452 2448 4497 totum
2480 4441 2578 4497 toti
2601 4440 2735 4495 Adte
2764 4438 3091 4505 immiscuit,
3121 4439 3235 4494 vita
3268 4445 3518 4500 mortuo,
3548 4445 3607 4489 ut
3646 4447 3757 4488 eunt

506 4532 755 4586 minime.
798 4528 891 4585 Sic
920 4528 1190 4591 ἀίεὶηιιιεν
1250 4541 1416 4581 “nam
1463 4540 1585 4580 ϐεδε
1620 4524 1956 4595 hypostasim
1991 4540 2090 4578 Ila—
2127 4543 2167 4595 1)
2196 4541 2465 4599 servaret,
2503 4531 2561 4586 iu
2597 4546 2727 4587 eum
2755 4539 2931 4586 totum
2972 4540 3273 4600 penetrans
3301 4528 3393 4584 cui
3423 4528 3617 4582 unitus
3635 4531 3759 4584 erat,

508 4635 631 4678 tura
662 4620 1062 4683 differentium,
1109 4619 1374 4673 omnibus
1423 4617 1698 4688 theologis
1736 4626 1793 4672 et
1825 4617 2089 4673 Ecclesia:

506 4714 830 4771 doctoribus
875 4709 1341 4782 approbantibus,
1377 4708 1471 4780 qui
1502 4709 1762 4764 eumdem
1812 4707 2090 4764 afﬁrmant

505 4823 629 4863 esse
650 4808 823 4862 Deum
854 4814 911 4860 et
936 4803 1238 4859 hominem.
1276 4800 1371 4856 Hae
1401 4800 1549 4855 enim
1580 4809 1713 4856 sunt
1743 4809 1981 4866 naturae,
2014 4815 2088 4855 ex

2186 4621 2330 4678 sicut
2351 4622 2537 4676 anima
2558 4621 2744 4693 magni
2778 4621 3055 4691 corporis,
3084 4628 3264 4675 totum
3298 4619 3577 4681 animans,
3597 4624 3653 4672 et
3674 4613 3762 4669 toti

2190 4715 2361 4770 vitam
2409 4714 2736 4785 impartiens
2766 4714 3070 4770 sensiliter.
3098 4712 3193 4768 Sic
3224 4712 3435 4769 dicitur
3462 4724 3638 4783 genus
3667 4708 3760 4762 hu-

2191 4824 2415 4863 manum
2436 4807 2478 4839 “'
2511 4824 2702 4879 corpus
2727 4806 2946 4874 Christi,
2979 4816 3029 4861 et
3061 4807 3297 4863 membra
3324 4823 3389 4861 ea.
3414 4814 3569 4877 parte
3583 4814 3630 4870 τ,
3656 4810 3749 4856 tan-

508 4903 714 4974 quibus
734 4899 1084 4971 compositus
1102 4906 1188 4953 est
1213 4915 1225 4951 :
1257 4904 1487 4951 naturas
1516 4910 1648 4950 vero
1681 4911 1830 4950 nunc
1857 4893 2098 4949 dicimus
2191 4913 2358 4967 quam
2399 4911 2499 4966 per
2543 4912 2738 4952 omnes
2764 4897 3136 4952 communiter
3162 4895 3534 4966 permeantis,
3574 4902 3628 4949 et
3652 4902 3757 4946 tan-

510 5011 624 5049 non
652 4993 947 5064 principia,
997 5001 1061 5046 ut
1094 4989 1320 5060 quidam
1349 4988 1564 5053 dicunt,
1595 4987 1691 5056 qui
1742 4985 2095 5057 simpliciori-

514 5084 617 5139 bus
655 5086 885 5139 insidias
912 5092 1130 5155 ponunt
1171 5081 1240 5137 ad
1270 5079 1689 5150 decipiendum,
1718 5076 1969 5133 dicentes
1991 5093 2093 5131 na—

517 5187 668 5231 turas
697 5192 763 5231 ex
782 5177 987 5245 quibus
1015 5177 1159 5231 facta
1188 5182 1273 5231 est
1306 5173 1462 5239 unio,
1486 5187 1607 5227 esse
1640 5172 1812 5226 Deum
1845 5170 2094 5231 Patrem,

512 5277 570 5321 ut
589 5267 874 5337 Virginem
900 5277 1156 5331 matrem,
1186 5267 1279 5337 qui
1307 5276 1451 5321 tecte
1473 5274 1529 5321 et
1559 5263 1873 5319 inumbratc
1906 5262 2102 5318 dicunt

518 5356 676 5423 illud,
708 5372 771 5410 ex
803 5356 1014 5428 quibus,
1054 5366 1119 5411 ut
1152 5356 1292 5411 nihil
1339 5355 1744 5425 assumptionis
1792 5354 1849 5408 in
1877 5350 2105 5407 Christo

2197 5000 2363 5055 quam
2386 4984 2441 5039 in
2464 4998 2801 5056 unoquoque
2827 4983 3135 5038 habitantis
3156 4982 3455 5053 separatim
3474 4978 3760 5038 secundum

2201 5091 2519 5131 mensuram
2557 5073 2709 5130 ﬁdei.
2749 5073 2997 5129 Membra
3036 5074 3185 5127 enim
3209 5071 3496 5142 proprium
3540 5069 3664 5142 quid
3689 5068 3755 5122 si-

2204 5166 2490 5238 gniﬁcant,
2514 5174 2793 5238 quatenus
2822 5165 3197 5220 membrorum
3214 5162 3511 5234 dignitates
3527 5160 3756 5217 diﬁcren-

2210 5267 2294 5312 tes
2348 5266 2513 5313 sunt:
2560 5256 2764 5311 horum
2810 5255 2960 5310 enim
2994 5255 3101 5310 alia
3153 5262 3283 5310 sunt
3330 5254 3629 5316 honorata;
3665 5246 3757 5302 alia

2212 5348 2453 5413 inﬁrma,
2471 5349 2575 5404 alia
2601 5364 2735 5404 vero
2758 5348 3027 5415 honesta;
3050 5347 3175 5405 aliis
3199 5356 3385 5405 autem
3408 5346 3577 5420 major
3600 5343 3752 5397 honor

592 5494 673 5551 “l
701 5493 829 5551 Cor.
854 5511 893 5564 ι,
926 5496 1017 5551 24.
1096 5494 1139 5526 ⁵⁷
1167 5493 1187 5549 l
1220 5492 1352 5549 Cor.
1386 5509 1475 5559 xv,
1502 5492 1594 5559 20,
1625 5491 1716 5547 25.
1796 5490 1839 5523 "
1872 5490 1891 5546 Ι
1922 5488 2051 5546 Cor.
2084 5503 2181 5553 ιιι,
2215 5486 2304 5541 27.

1806 5628 2041 5688 VARUE
2079 5624 2373 5686 LECTION
2383 5624 2484 5682 ES.

616 5765 642 5794 ιι
671 5756 898 5829 simplex
923 5766 1029 5812 etc.
1067 5754 1347 5829 ἁποξκι).ον
1378 5756 1475 5827 τῆς
1506 5756 1790 5821 εὐσεϐείας
1823 5755 2106 5827 κήρυγμα.

527 5828 598 5886 At
627 5828 784 5901 Vulg.
827 5830 1057 5884 membra
1090 5830 1151 5886 de
1176 5828 1425 5885 membro.

2188 5760 2211 5790 ν
2239 5748 2481 5806 Membra
2512 5762 2578 5805 ea:
2604 5757 2779 5823 parte.
2812 5748 2972 5805 Juxta
3000 5746 3271 5811 Graecum,
3300 5741 3437 5817 μέλη
3472 5741 3530 5797 ὲκ
3560 5736 3743 5813 μέρουςο
