3810 6556
42 378 168 445 1341

1021 384 1303 447 ORATIO
1346 386 1460 448 IlI.
1500 413 1567 422 -
1604 385 1701 447 DE
1742 386 2338 453 INCARNATIONE.

3188 393 3326 459 l3i2

37 491 344 548 adhibetur
382 511 395 545 :
434 501 613 563 atque
641 493 758 550 haec
782 508 892 549 non
932 494 1000 551 de
1023 498 1420 554 communitate
1449 514 1644 568 corpo-
1672 498 1716 554 A
1750 498 2011 567 ticulare;
2047 510 2105 556 et
2131 501 2176 555 si
2198 510 2350 555 retro
2370 506 2662 567 commeat,
2687 500 2741 557 id
2765 508 2872 568 est,
2899 498 3047 571 quod
3079 502 3326 573 particu-

39 586 112 641 ris
142 587 566 656 pradicantur.
600 586 780 653 Quare
807 603 932 643 cum
955 589 1252 659 Apostolus
1273 590 1638 660 dixitcorpus,

36 690 89 733 et
114 679 359 732 membra
390 680 732 744 nominavit,
749 678 939 735 docuit
954 680 1178 736 differre
1198 697 1371 752 genus
1396 698 1427 736 a
1445 689 1603 748 parte
1623 698 1639 737 :

39 780 91 825 et
138 785 269 825 cum
325 785 453 825 non
506 786 684 842 genus
732 771 938 827 Christi
982 772 1235 838 vocavit,
1290 772 1639 844 significavit,

39 860 442 916 communttati
495 863 824 917 substantia
873 872 1075 919 nostra
1102 865 1318 919 unitum
1348 880 1501 928 esse,
1528 881 1639 919 non

41 963 221 1008 autem
288 955 636 1024 particulari
693 955 1004 1027 bypostasi;
1069 957 1276 1027 alioqui
1331 956 1641 1012 membrum

41 1050 174 1117 ejus,
200 1060 318 1100 non
368 1048 657 1115 membra,
697 1065 878 1120 neque
917 1065 1120 1120 corpus
1143 1064 1265 1105 esse
1303 1049 1637 1105 diceremur.

109 1140 225 1196 Xll.
262 1142 591 1211 Postquam
622 1157 755 1198 vero
800 1144 971 1199 semel
1008 1143 1186 1199 voluit
1219 1143 1464 1200 Verbum
1520 1144 1638 1198 fieri

44 1231 226 1295 homo,
252 1240 314 1286 et
334 1246 451 1286 nos
480 1239 632 1288 totos
650 1232 1035 1288 indumentum
1066 1248 1227 1288 suum
1259 1233 1476 1299 facere;
1514 1248 1639 1288 cum

48 1333 352 1393 utrumque
377 1324 486 1386 sit,
528 1325 764 1379 alterum
795 1324 1036 1390 dicitur;
1061 1334 1119 1380 et
1144 1340 1270 1380 cum
1293 1325 1530 1379 alterum
1553 1324 1642 1378 di-

46 1417 207 1479 citur,
228 1425 558 1486 utrumque
594 1427 701 1481 est,
730 1432 843 1472 non
869 1417 1191 1473 nominibus
1225 1424 1596 1473 commutatus
1623 1434 1637 1470 :

50 1522 146 1563 nec
188 1508 346 1562 enim
377 1508 515 1563 hac
547 1524 648 1579 per
674 1509 1002 1565 abusionem
1052 1509 1349 1576 dicuntur;
1392 1509 1489 1564 sed
1510 1524 1639 1564 cum

52 1609 347 1669 utrumque
376 1600 483 1665 sit,
508 1601 826 1657 nominatur
843 1603 1177 1673 separatim:
1212 1618 1339 1658 eum
1364 1604 1513 1657 enim
1538 1618 1640 1657 no-

52 1691 322 1748 minamus
336 1692 555 1759 Deum,
576 1710 688 1750 non
712 1696 954 1766 aliquem
976 1696 1177 1762 Deum;
1203 1698 1458 1752 eumdem
1474 1696 1641 1753 etiam

58 1784 410 1839 nominamus
447 1785 733 1841 hominem
757 1827 772 1851 ,
800 1802 911 1842 non
945 1788 1186 1857 aliquem
1216 1788 1516 1844 hominem.
1546 1788 1642 1842 Est

60 1882 233 1929 autem
262 1874 420 1930 Deus
448 1875 622 1931 simul
649 1885 706 1932 et
734 1876 901 1932 homo
933 1893 1032 1948 per
1053 1879 1277 1932 nomina
1300 1877 1640 1948 generaliora

61 1964 395 2031 declaratus,
434 1982 511 2023 ex
532 1968 738 2035 quibus
759 1978 1011 2034 constat;
1039 1969 1254 2025 scilicet
1288 1984 1397 2024 non
1417 1985 1481 2024 ex
1516 1986 1642 2039 par-

60 2054 386 2111 ticularibus
413 2056 818 2128 hypostasibus
846 2066 1083 2123 constat,
1133 2058 1230 2114 sed
1266 2074 1333 2114 ex
1363 2059 1639 2129 generali-

64 2145 161 2202 bus
218 2147 586 2206 substantiis.
648 2149 922 2207 Existimo
996 2150 1145 2205 enim
1199 2165 1379 2220 neque
1426 2159 1638 2221 partem

63 2238 379 2296 substantia
401 2256 537 2297 esse
568 2242 759 2298 :aiunt
785 2244 931 2298 enim
955 2240 1049 2313 qui
1084 2241 1137 2298 in
1161 2240 1247 2298 his
1270 2256 1328 2298 se
1357 2250 1638 2308 exercent,

68 2338 239 2397 partes
283 2330 742 2387 substantiarum
775 2332 1118 2388 substantias
1161 2346 1302 2387 esse.
1339 2333 1423 2387 An
1471 2332 1640 2403 igitur

68 2434 183 2488 pars
202 2420 547 2477 substantia
566 2423 897 2493 reperietur,
926 2439 1049 2493 qua
1078 2423 1345 2478 rationem
1382 2424 1642 2479 substan-

71 2512 147 2565 tia
181 2526 290 2566 non
335 2513 574 2583 recipit,
623 2522 686 2568 ut
723 2514 1085 2569 substantiam
1116 2515 1504 2585 particularem
1538 2530 1642 2569 no-

69 2601 371 2659 minemus?
402 2604 510 2660 Sin
551 2615 734 2662 autem
766 2621 932 2677 quam
979 2615 1180 2662 vocant
1213 2617 1427 2678 partem
1471 2615 1639 2663 totam

74 2693 323 2749 rationem
372 2697 618 2768 recipit,
662 2706 836 2753 totum
862 2699 990 2763 erit,
1022 2714 1131 2753 non
1151 2715 1280 2769 pars
1318 2717 1333 2754 :
1360 2715 1463 2755 nec
1491 2699 1639 2755 enim

72 2783 203 2837 sicut
236 2785 293 2841 in
325 2789 588 2845 sectione
624 2790 819 2846 circuli
848 2790 905 2845 in
939 2790 1081 2845 duos
1115 2790 1517 2856 semicirculos,
1547 2800 1642 2847 aut

78 2874 128 2928 in
159 2877 399 2947 reliquas
427 2889 654 2950 partes;
683 2898 862 2954 neque
880 2884 1025 2941 sicut
1058 2885 1113 2940 in
1135 2886 1382 2941 sectione
1415 2885 1643 2956 sphara

82 2964 129 3019 in
156 2978 392 3037 quatuor
416 2981 631 3043 partes,
672 2986 769 3030 aut
812 2977 868 3031 in
895 2977 1279 3049 hemispharia
1299 3019 1314 3046 ,
1346 2980 1426 3035 sic
1469 2979 1642 3035 sectio

84 3059 382 3117 substantia
435 3065 673 3137 intelligi
705 3076 904 3137 potest.
934 3068 1077 3135 Quid
1123 3072 1271 3127 enim
1318 3072 1484 3126 faciet
1507 3072 1642 3127 sub-

1741 592 1855 648 lare
1884 605 1992 655 est,
2020 603 2097 648 est
2126 608 2441 649 commune.

1814 683 1949 738 XIV.
1976 686 2225 755 Denique
2250 701 2361 755 quo
2393 684 2567 755 magis
2593 684 2665 739 sit
2699 683 2804 740 hoc
2837 685 3168 755 absurdum,
3196 690 3324 759 quis

1742 782 1851 829 tam
1886 774 2117 831 demens
2138 785 2246 842 est,
2284 785 2345 831 ut
2369 792 2491 832 esse
2519 784 2577 832 et
2614 777 2798 833 taliter
2827 792 2971 843 esse,
3005 779 3320 851 cujusmodi

1741 876 1871 922 sunt
1894 868 2268 924 substantiam
2290 885 2413 925 esse
2442 878 2499 924 et
2540 870 2879 940 hypostasim
2909 886 3054 937 esse,
3084 873 3323 927 alterum

1742 975 1846 1030 pro
1873 961 2055 1015 altero
2080 961 2323 1016 vicissim
2362 961 2636 1030 accipiat?
2677 977 2789 1015 non
2834 963 2982 1017 enim
3012 963 3324 1019 substantia

1741 1058 1826 1104 est
1852 1049 2205 1119 particularis
2236 1057 2457 1103 natura.
2484 1049 2623 1104 Cum
2654 1049 2823 1120 igitur
2857 1060 3180 1107 naturarum
3206 1054 3322 1108 sive

1743 1142 2178 1197 substantiarum
2212 1142 2471 1195 unionem
2501 1140 2761 1205 dicimus,
2803 1142 2949 1211 ipsas
2974 1143 3317 1199 substantias

1743 1236 1799 1289 in
1830 1235 2037 1287 unione
2067 1233 2528 1302 contemplamur,
2562 1248 2673 1287 non
2705 1233 2787 1287 sic
2808 1232 2953 1288 facta
2980 1234 3210 1300 unione,
3263 1244 3324 1290 ut

1742 1336 1941 1381 natura
1975 1324 2033 1379 in
2082 1334 2336 1379 naturam
2362 1334 2625 1389 transeat,
2672 1333 2770 1379 aut
2801 1325 2897 1379 fiat
2944 1325 3202 1382 confusio
3232 1327 3323 1382 vel

1744 1418 1965 1483 mistio;
2014 1417 2112 1472 sed
2151 1417 2422 1472 naturalis
2455 1416 2757 1487 copulatio.
2800 1416 2912 1472 llas
2938 1433 3072 1473 vero
3098 1426 3326 1474 naturas

1742 1510 1858 1565 sive
1880 1508 2240 1572 substantias,
2275 1506 2551 1562 sententia
2580 1516 2768 1560 nostra
2808 1515 2893 1561 est
2917 1522 3040 1562 esse
3071 1507 3216 1562 inter
3264 1523 3325 1563 se

1743 1600 2146 1671 inseparabiles
2174 1616 2187 1653 :
2215 1614 2325 1654 non
2369 1598 2519 1653 enim
2555 1598 2864 1653 secundum
2914 1598 3322 1665 habitudinem,

1742 1701 1838 1748 aut
1871 1691 2299 1762 appositionem,
2333 1698 2430 1745 aut
2462 1691 2932 1761 prosopOpceiam,
2963 1701 3060 1745 aut
3083 1691 3324 1761 dignita-

1745 1794 1876 1849 tem,
1913 1792 2008 1838 aut
2027 1783 2197 1837 alium
2225 1782 2449 1837 modum
2480 1782 2549 1837 ab
2577 1782 2645 1837 iis
2668 1782 3043 1853 excogitatum
3070 1784 3165 1853 qui
3185 1782 3325 1839 duas

1742 1891 2008 1947 personas
2050 1874 2280 1940 dicunt,
2314 1873 2553 1929 dicimus
2586 1873 2787 1929 factam
2822 1891 2944 1931 esse
2981 1875 3323 1931 incarnatio-

1741 1984 1866 2023 nem
1895 1966 2204 2023 Salvatoris
2231 1965 2409 2020 nostri
2430 1983 2445 2032 ;
2465 1970 2559 2021 sed
2587 1967 2851 2022 unionem
2882 1967 3129 2037 ipsarum
3162 1975 3325 2022 natu-

1744 2076 1928 2115 rarum
1951 2057 2256 2115 secundum
2290 2057 2627 2129 hypostasim
2655 2058 3118 2128 contemplantes,
3149 2073 3320 2111 unum

1740 2158 1798 2205 et
1836 2150 2091 2205 eumdem
2120 2148 2404 2205 Christum
2434 2149 2754 2216 adoramus,
2787 2149 2882 2220 qui
2914 2158 3034 2205 erat
3062 2160 3188 2204 ante
3233 2148 3320 2203 in-

1741 2241 2117 2298 carnationem
2151 2241 2317 2305 Deus,
2345 2250 2401 2297 et
2421 2241 2619 2297 mansit
2645 2243 2794 2297 Deus
2824 2251 2949 2311 post
2979 2241 3322 2295 incarnatio-

1740 2352 1897 2402 nem;
1936 2335 2033 2405 qui
2065 2335 2170 2388 fuit
2195 2334 2383 2389 unitus
2399 2335 2631 2390 diversa
2648 2334 2990 2399 substantia,
3019 2341 3082 2388 ut
3106 2334 3319 2389 salvmn

1740 2425 1947 2481 faceret
1980 2425 2130 2494 quod
2178 2434 2301 2479 erat
2350 2424 2456 2480 sibi
2502 2425 2977 2481 consubstantiale
3015 2442 3031 2481 :
3075 2424 3323 2481 consub-

1741 2518 2014 2573 stantialis
2042 2519 2189 2573 enim
2225 2517 2402 2574 factus
2428 2527 2514 2573 est
2542 2518 2759 2575 diversa
2791 2517 3098 2572 substantia
3123 2517 3322 2588 pradi-

1741 2608 1847 2675 tis;
1877 2620 1933 2665 et
1961 2608 2029 2664 ad
2058 2608 2384 2680 capiendam
2416 2610 2830 2679 generationem
2863 2608 3161 2663 humanam
3189 2624 3322 2679 pro-

1742 2700 1931 2766 cessit,
1962 2700 2058 2770 qui
2104 2709 2224 2755 erat
2251 2700 2457 2770 alioqui
2488 2711 2613 2756 ante
2649 2702 2846 2758 saecula
2874 2716 2943 2757 ex
2977 2701 3139 2757 Patre
3168 2702 3322 2759 nullo

1742 2790 1927 2845 medio
1950 2791 2241 2861 interiecto
2271 2792 2515 2861 genitus.

1813 2881 1929 2937 XV.
1984 2882 2141 2938 Unde
2198 2881 2336 2936 duas
2390 2882 2781 2953 generationes
2821 2897 2942 2939 esse
2986 2882 3319 2939 credimus:

1742 2972 2000 3028 eumdem
2029 2972 2180 3027 enim
2211 2986 2311 3042 per
2337 2971 2477 3026 duas
2512 2981 2740 3027 naturas
2768 2973 3005 3028 exivisse
3031 2989 3140 3027 non
3169 2975 3324 3027 simi-

1744 3065 1891 3128 liter,
1932 3064 2029 3121 sed
2063 3063 2412 3120 dissimiliter
2444 3063 2768 3131 didicimus;
2810 3065 2971 3119 aliter
2998 3080 3235 3135 namque
3256 3080 3323 3118 ex

83 3154 263 3208 stantia
290 3157 485 3213 secta?
520 3156 751 3216 fortasse
774 3169 958 3232 partes
984 3162 1410 3220 substantiazat
1431 3162 1639 3219 dictum
1674 3176 1716 3235 ,
1748 3163 1911 3218 Patre
1936 3161 2158 3232 genitus
2180 3169 2286 3225 est,
2304 3168 2359 3215 et
2384 3159 2547 3215 aliter
2574 3175 2641 3215 ex
2664 3170 2862 3216 matre.
2881 3160 3149 3216 Caeterum
3176 3161 3321 3215 idem

85 3256 157 3302 est
182 3260 364 3318 partes
389 3253 723 3309 substantia
763 3254 1100 3311 substantias
1122 3272 1272 3322 esse;
1302 3257 1470 3327 igitur
1496 3257 1642 3312 indi-

86 3338 233 3395 vidua
248 3352 353 3407 est,
384 3344 747 3414 impartihilis
773 3347 1083 3402 substantia
1128 3366 1142 3402 :
1177 3348 1321 3403 sicut
1351 3348 1497 3403 enim
1532 3363 1643 3403 non

91 3438 250 3496 potest
305 3435 491 3490 secari
528 3436 745 3505 sphara
778 3445 873 3491 aut
922 3437 1188 3504 circulus,
1218 3447 1275 3494 et
1309 3439 1489 3495 facere
1523 3456 1646 3495 rur-

91 3534 171 3573 sus
192 3523 432 3592 spharas
459 3527 549 3581 vel
578 3528 846 3596 circulos;
880 3528 962 3585 sic
986 3545 1097 3585 non
1125 3530 1491 3600 potestdivisa
1510 3530 1642 3587 sub-

93 3614 268 3670 stantia
289 3616 476 3673 facere
495 3619 861 3689 particulares
886 3622 1226 3677 substantias
1256 3638 1356 3693 per
1376 3639 1433 3679 se
1449 3639 1572 3679 esse
1594 3636 1643 3678 .

154 3703 281 3761 Xlll.
323 3709 404 3765 Ne
450 3711 625 3781 igitur
648 3712 773 3782 quis
830 3712 1035 3769 frustra
1086 3714 1335 3780 laboret,
1371 3723 1433 3770 ut
1488 3716 1647 3771 vanis

98 3794 379 3853 rationibus
393 3798 741 3857 demonstret
758 3803 905 3873 quod
922 3803 1288 3861 demonstrari
1316 3821 1424 3861 non
1443 3815 1645 3876 potest,

100 3898 202 3941 esse
234 3890 442 3948 scilicet
476 3891 741 3947 unionem
778 3891 1177 3949 incarnationis
1228 3894 1392 3949 Verbi
1445 3895 1646 3950 factam

102 3971 147 4026 in
174 3979 375 4034 naturis
404 3981 858 4051 particularibus,
889 3990 1076 4038 etnon
1113 3984 1507 4055 generalibus;
1533 3999 1645 4054 quo

103 4066 298 4131 quidem
328 4072 504 4127 miror
532 4071 811 4142 quomodo
860 4088 972 4127 non
999 4087 1095 4128 eos
1144 4072 1350 4143 pudet,
1386 4074 1482 4144 qui
1542 4075 1648 4130 hoc

104 4156 264 4218 dicunt
298 4179 313 4218 :
340 4174 425 4220 est
453 4166 605 4221 enim
639 4180 750 4220 non
780 4166 966 4221 minus
991 4164 1058 4219 ad
1088 4166 1508 4237 intelligendum
1538 4167 1647 4223 dif-

107 4247 243 4319 cile,
268 4271 426 4326 quam
464 4256 685 4313 difficile
713 4266 798 4313 cst
829 4257 1072 4332 gryphas
1102 4257 1483 4331 interpretari.
1510 4258 1647 4317 Cum

106 4341 231 4399 enim
277 4348 585 4406 substantia
615 4349 889 4423 signicet
914 4368 1060 4419 esse,
1117 4363 1175 4409 et
1207 4353 1393 4408 omnia
1436 4353 1651 4409 scilicet

110 4448 211 4501 qua
244 4449 361 4495 sunt
414 4434 771 4508 substantia;
803 4443 1059 4498 similiter
1089 4444 1384 4499 essentiam
1419 4444 1650 4515 partici-

1745 3262 1849 3317 est,
1905 3252 2010 3308 etsi
2059 3267 2171 3306 non
2220 3251 2526 3306 secundum
2578 3249 2724 3305 idem
2767 3269 2780 3305 :
2818 3251 3137 3307 dinerentia
3175 3252 3323 3307 enim

1746 3343 2179 3400 substantiarum
2228 3342 2510 3397 unitarum
2557 3342 2880 3399 di'erentes
2941 3344 3326 3414 generationes

1748 3435 1905 3500 fecit;
1970 3443 2027 3489 et
2073 3442 2307 3503 utraque
2350 3440 2439 3488 est
2499 3432 2863 3487 excellentior
2906 3442 2964 3488 et
3023 3433 3326 3489 admirabi-

1747 3526 1872 3591 lior,
1925 3540 2091 3595 quam
2137 3533 2200 3579 ut
2245 3522 2609 3594 intelligentia
2660 3522 3055 3593 comprehendi
3102 3531 3324 3590 queat:

1750 3617 1964 3672 tametsi
1995 3632 2138 3671 unus
2156 3624 2262 3677 est.
2288 3615 2377 3670 cui
2401 3615 2643 3686 dignitas
2664 3615 2852 3678 datur,
2887 3614 3030 3669 sicut
3060 3614 3114 3668 in
3143 3613 3324 3680 nobis,

1749 3718 1807 3764 ut
1841 3709 1946 3763 hac
1979 3708 2396 3777 comparatione
2428 3717 2675 3774 utamur,
2704 3722 2771 3762 ex
2798 3720 3028 3774 corpore
3061 3715 3115 3761 et
3144 3706 3328 3760 anima

1748 3817 1872 3872 qua
1900 3800 2131 3855 diversa
2157 3809 2368 3855 natura
2393 3809 2543 3867 sunt,
2568 3816 2712 3855 unus
2733 3798 2987 3855 exsistit:
3021 3813 3148 3854 eum
3175 3799 3325 3855 enim

1747 3896 1843 3965 qui
1874 3903 2001 3949 ante
2034 3896 2232 3949 sacula
2261 3902 2367 3959 est,
2396 3901 2454 3949 et
2479 3893 2805 3948 saculorum
2839 3899 3059 3958 auctor,
3093 3890 3181 3946 vel
3209 3907 3329 3947 me-

1748 3985 2016 4042 diocriter
2034 3999 2252 4053 assequi
2278 3983 2621 4054 impossibile
2656 3992 2761 4039 est.

1818 4077 1957 4134 XVI.
1982 4077 2155 4131 Nemo
2184 4091 2317 4131 vero
2338 4092 2404 4131 ex
2436 4076 2505 4131 iis
2536 4076 2631 4146 qui
2664 4085 2819 4131 extra
2848 4075 3151 4132 Ecclesiam
3176 4084 3327 4141 sunt,

1748 4186 1816 4227 ea
1846 4185 1968 4239 qua
1991 4168 2256 4233 diximus,
2286 4175 2495 4239 carpat,
2526 4178 2582 4223 et
2616 4183 2772 4223 more
2819 4184 2921 4223 suo
2951 4168 3096 4223 hanc
3126 4168 3331 4223 doctri-

1748 4279 1879 4321 nam
1929 4262 2161 4325 laceret,
2188 4269 2244 4316 et
2282 4267 2541 4329 tanquam
2573 4274 2667 4314 sus
2692 4258 2967 4329 fulgentes
2999 4258 3329 4329 margaritas

1752 4359 1924 4415 illotis
1963 4355 2200 4428 pedibus
2245 4360 2510 4424 proterat.
2562 4351 2887 4423 lgnorantes
2926 4350 3076 4405 enim
3111 4365 3235 4421 qua
3260 4350 3332 4404 sit

1752 4462 1905 4508 certa
1944 4460 2003 4507 et
2034 4458 2153 4505 tuta
2185 4445 2436 4502 doctrina
2481 4444 2551 4501 de
2592 4445 2661 4500 iis
2709 4460 2832 4515 qua
2864 4444 3203 4507 didicerunt,
3236 4458 3336 4497 au-

305 4533 434 4602 quid
479 4548 674 4588 eorum
730 4535 1036 4590 secundum
1078 4536 1347 4591 ratione"!
1395 4536 1651 4592 essentia!
1677 4524 1727 4585 )
1753 4548 1945 4604 dacter
1964 4552 2158 4600 contra
2182 4540 2418 4596 verbum
2444 4537 2701 4593 veritatis
2739 4537 3016 4601 insiliunt,
3041 4534 3330 4605 aiuntque,

113 4618 386 4692 minusest,
404 4637 468 4682 ut
494 4626 630 4682 illud
682 4627 1034 4697 particularis
1071 4643 1136 4683 ac
1178 4628 1476 4700 singularis
1514 4630 1651 4686 sub-

113 4716 285 4771 stantia
315 4718 531 4776 dicatur
554 4722 578 4776 ?
598 4736 725 4777 cum
755 4721 961 4791 alioqui
994 4722 1301 4777 substantia
1323 4722 1530 4794 aliquid
1558 4740 1652 4794 ge-

116 4807 295 4874 nerale,
318 4828 426 4869 non
455 4820 640 4869 autem
686 4812 1005 4885 singulare!
1037 4812 1281 4871 declaret
1318 4832 1332 4870 :
1382 4829 1448 4870 ac
1476 4831 1652 4887 genus

116 4896 307 4963 quidem
361 4906 835 4976 generalissimum
893 4907 1236 4974 audivimus,
1300 4916 1357 4963 et
1406 4908 1648 4978 speciem

118 4989 566 5063 specialissimam;
598 5012 770 5066 genus
794 5012 926 5052 vero
948 4996 1448 5069 singularissimum
1499 5015 1649 5056 nunc

121 5074 326 5139 Primum
357 5085 642 5141 discimus.
701 5086 818 5141 Etsi
872 5087 1020 5142 enim
1081 5088 1332 5158 quadam
1384 5088 1649 5145 dicuntur

123 5181 294 5235 genera
321 5181 645 5248 specierum,
692 5181 838 5236 sicut
872 5181 1052 5237 media
1085 5198 1212 5253 qua
1232 5183 1496 5239 dicuntur
1527 5200 1651 5256 spe-

125 5259 219 5316 cies
237 5281 501 5339 generum,
546 5280 604 5328 et
635 5272 750 5343 ipsa
793 5283 922 5328 sunt
958 5274 1191 5330 aliarum
1219 5276 1530 5346 specierum
1562 5293 1656 5349 ge-

126 5362 266 5419 nera;
294 5374 471 5418 verum
501 5363 619 5418 hac
648 5364 832 5420 omnia
862 5364 930 5419 de
949 5365 1202 5435 pluribus
1232 5367 1605 5437 pradicantur
1636 5386 1651 5425 :

129 5444 249 5508 lllOd
271 5451 477 5518 quidem
510 5454 683 5526 magis
708 5464 795 5510 est
826 5457 1262 5525 communitatis,
1293 5474 1459 5528 quam
1483 5462 1655 5530 parti-

130 5533 414 5603 cularitatis.
437 5546 605 5617 Igitur
630 5546 777 5619 quod
814 5563 1106 5606 commune
1133 5558 1238 5617 est,
1271 5564 1384 5606 non
1412 5559 1500 5608 est
1529 5567 1656 5623 par-

1755 4639 1969 4697 sentire
2003 4645 2247 4691 sanctam
2278 4630 2609 4687 Trinitatem
2631 4628 2787 4685 carni
2826 4628 3034 4683 unitam
3064 4640 3207 4689 esse.
3238 4623 3333 4695 qui

1755 4729 2263 4803 quomodocunque
2317 4724 2455 4780 dicit
2489 4738 2655 4779 unam
2692 4721 3036 4777 divinitatem
3073 4719 3333 4774 substan-

1754 4823 1846 4878 tia
1872 4835 2016 4884 esse,
2042 4826 2099 4873 et
2130 4817 2278 4871 hanc
2310 4812 2610 4869 contetur
2632 4826 2760 4866 cum
2784 4818 2979 4864 natura
3003 4814 3192 4862 nostra
3213 4820 3335 4860 esse

1756 4910 2068 4981 copulatam
2101 4925 2115 4960 :
2142 4914 2201 4960 et
2220 4906 2353 4959 dum
2397 4902 2761 4957 temeritatem
2793 4899 3000 4955 mentis
3037 4912 3152 4952 sua
3182 4904 3338 4967 pate-

1756 5002 1969 5057 faciunt
2011 5007 2067 5053 et
2117 4994 2521 5051 absurditatem
2583 5007 2747 5063 quam
2808 4991 2918 5062 piis
2971 4989 3333 5053 induxerunt,

1752 5094 1947 5164 fugere
1998 5089 2292 5153 videntur;
2349 5086 2509 5141 aiunt
2537 5085 2742 5140 habere
2770 5082 3015 5140 Verbum
3055 5081 3335 5153 pr0priam

1756 5195 2034 5246 naturam,
2081 5180 2231 5237 Patri
2275 5187 2331 5235 et
2377 5176 2611 5248 Spiritui
2663 5186 2853 5232 sancto
2894 5174 3334 5238 connaturalem,

1755 5292 1879 5348 qua
1908 5275 2070 5330 nobis
2115 5288 2216 5343 per
2258 5269 2701 5326 incarnationem
2747 5283 2816 5324 ex
2865 5265 3137 5323 charitate
3182 5262 3338 5319 unita

1755 5378 1863 5425 est.
1908 5368 2077 5423 Miror
2122 5366 2241 5435 ipse
2276 5364 2383 5418 hoc
2431 5370 2543 5417 tam
2589 5361 2882 5425 absonum,
2920 5360 3197 5430 velimque
3249 5357 3339 5412 di-

1755 5477 1883 5519 cere
1932 5461 1989 5515 in
2041 5458 2209 5514 istum
2254 5471 2357 5527 pro
2399 5455 2640 5521 viribus,
2672 5470 2797 5524 qua
2822 5452 3336 5510 conveniuntznon

1757 5568 1932 5623 arguo
1978 5565 2149 5613 nunc,
2192 5548 2439 5620 possitne
2488 5547 2634 5602 Deus
2696 5561 2917 5602 carnem
2978 5543 3204 5600 indutus
3238 5539 3338 5594 ha-

1389 5703 1622 5760 VAlllA'.
1652 5702 2053 5762 LECTIONES.

244 5799 333 5857 Pcr
444 5828 568 5867 esse.
598 5812 923 5884 ,
950 5816 1300 5885 suppositam.
1437 5816 1740 5889 Singularc.
1775 5816 1935 5888 ,
1970 5813 2294 5885 partirulare
