4052 6554
554 353 688 415 1‘14?)

1690 358 1754 418 S.
1795 355 2197 417 ANASTASII
2237 356 2707 422 ANTIOCHENI

3684 362 3801 427 1314

550 468 681 520 bere
730 466 1014 535 propriam
1059 474 1339 530 naturam,
1381 480 1449 520 an
1497 481 1640 531 non;
1678 467 1777 521 sed
1810 465 2133 520 demonstro
2164 467 2206 522 A
2237 465 2506 524 habitudo
2547 468 2773 539 quidem
2796 468 3066 524 naturalis
3093 477 3180 525 est
3227 468 3297 524 ad
3321 485 3469 535 eum,
3506 472 3575 526 ad
3603 472 3802 529 Patrem

548 572 675 612 eum
722 558 815 625 qui
848 557 965 613 hac
1007 557 1164 621 dicit,
1204 572 1319 611 non
1354 572 1515 628 posse
1540 556 1753 612 sentire
1782 571 1905 611 esse
1934 555 2132 610 Filium

549 650 698 704 Patri
747 650 1283 705 consubstantialem
1343 668 1357 703 :
1408 665 1573 705 omne
1631 650 1781 705 enim
1825 648 1977 719 quod
2047 659 2134 704 est

550 742 716 797 unius
768 743 1127 807 substantia,
1181 741 1435 797 eamdem
1484 741 1757 797 rationem
1808 741 2136 797 substantia

552 834 783 905 recipit;
813 842 870 890 et
908 834 1154 889 vicissim
1184 848 1347 890 omne
1392 834 1541 904 quod
1578 834 1829 889 eamdem
1862 834 2134 889 rationem

550 925 878 981 substantia
924 925 1146 995 recipit,
1201 926 1372 980 unius
1404 935 1461 980 et
1504 926 1754 996 ejusdem
1811 924 2136 979 substantia

549 1025 636 1073 est
668 1035 682 1071 :
730 1028 789 1073 et
820 1026 1036 1083 contra,
1068 1018 1219 1088 quod
1244 1026 1467 1074 nonest
1498 1018 1749 1089 ejusdem
1782 1017 2132 1082 substantia,

549 1126 654 1165 nec
675 1110 927 1165 eamdem
962 1110 1234 1165 rationem
1259 1110 1492 1179 recipit;
1522 1119 1579 1163 et
1612 1109 1759 1179 quod
1798 1124 1909 1163 non
1937 1108 2137 1178 recipit

550 1202 805 1259 eamdem
862 1202 1162 1270 rationem,
1205 1218 1311 1258 nec
1364 1202 1613 1273 ejusdem
1650 1202 1974 1257 substantia
2014 1217 2136 1257 esse

552 1305 759 1367 potest.
805 1298 1025 1368 Eligant
1051 1296 1242 1367 igitur,
1293 1304 1481 1349 utrum
1513 1294 1688 1349 velint
1720 1312 1733 1348 :
1765 1294 2135 1364 undecunque

552 1396 812 1443 occurret
838 1389 921 1444 eis
941 1387 1267 1443 absurdum.
1292 1386 1346 1442 Si
1374 1386 1548 1441 Filius
1580 1385 1832 1441 eamdem
1862 1386 2133 1441 rationem

552 1477 878 1533 substantia
911 1493 1037 1533 cum
1072 1478 1233 1532 Patre
1273 1476 1491 1545 recipit,
1546 1492 1654 1530 una
1702 1477 2015 1532 substantia
2048 1486 2138 1532 est

551 1567 734 1622 Patris
753 1576 810 1622 et
843 1568 1005 1622 Filii:
1031 1576 1086 1622 et
1118 1567 1433 1622 communis
1452 1566 1708 1623 deﬁnitio
1731 1568 1813 1623 eis
1846 1569 2132 1624 reddetur.

552 1658 625 1712 At
665 1657 947 1727 quomodo
985 1658 1135 1728 quod
1175 1658 1548 1713 communiter
1586 1657 1863 1723 redditur,
1889 1659 2135 1728 particu-

552 1748 667 1803 lare
703 1750 848 1803 erit?
894 1750 981 1804 sin
1026 1758 1211 1805 autem
1242 1764 1353 1803 non
1386 1749 1636 1805 eamdem
1658 1749 2045 1806 deﬁnitionem
2076 1761 2134 1806 et

2237 557 2473 622 scilicet,
2528 574 2597 614 ex
2637 576 2748 630 quo
2802 561 3017 617 Filius:
3048 562 3220 618 Filius
3268 578 3402 618 vero
3444 565 3693 635 ejusdem
3732 568 3807 621 di-

2236 650 2487 707 vinitatis
2546 660 2636 707 est
2682 668 2808 707 cum
2880 654 3064 709 Patre.
3116 655 3328 710 Rursus
3383 656 3534 710 enim
3589 656 3808 713 dicimus

2235 740 2603 798 substantiam
2652 743 3046 813 particularem
3077 745 3285 800 habere
3319 746 3717 811 characterem,
3757 749 3809 801 ﬁ-

2235 832 2519 888 liationem
2549 852 2562 887 :
2586 835 2691 890 hac
2709 836 2858 891 enim
2880 835 3086 892 dicitur
3106 853 3228 893 esse
3247 838 3535 894 character
3553 848 3805 908 paterna.

2236 938 2347 977 non
2386 924 2612 994 quidem
2645 937 2892 993 natura;
2930 928 3063 983 illud
3088 930 3235 983 enim
3269 929 3449 1000 ipsum
3480 942 3574 985 est
3602 939 3805 997 natura,

2235 1015 2383 1085 quod
2420 1017 2582 1072 Pater
2625 1028 2740 1086 est;
2768 1020 2865 1075 sed
2899 1020 3233 1091 bypostasis,
3274 1021 3328 1075 id
3361 1031 3466 1085 est,
3518 1036 3762 1091 persona
3794 1042 3805 1078 :

2238 1114 2430 1176 utpote
2478 1108 2724 1165 inferens
2767 1125 2958 1165 secum
3008 1112 3253 1174 Patrem,
3284 1111 3446 1166 simul
3479 1121 3544 1166 ut
3574 1112 3810 1167 nomina-

2240 1206 2329 1251 tus
2351 1207 2437 1253 est
2479 1198 2653 1255 Filius
2678 1202 2981 1258 secundum
3018 1203 3400 1258 habitudinem
3430 1202 3723 1273 eategoria
3749 1206 3807 1261 ad

2237 1288 2475 1358 aliquid;
2520 1306 2643 1361 qua
2674 1300 2780 1358 est,
2828 1310 2952 1349 cum
2987 1296 3043 1349 id
3086 1295 3235 1366 quod
3278 1303 3385 1358 est,
3435 1295 3675 1351 alterius
3702 1312 3807 1352 esse

2237 1382 2461 1449 dicitur,
2512 1393 2571 1439 ut
2626 1385 2799 1441 Filius
2845 1386 3023 1441 Patris
3062 1396 3148 1441 est
3188 1384 3356 1453 ﬁlius,
3397 1395 3455 1441 et
3493 1386 3658 1441 Pater
3701 1388 3808 1445 Filii

2236 1485 2413 1544 pater,
2471 1475 2602 1545 quia
2644 1492 2744 1547 per
2782 1478 2963 1547 ipsum
2997 1477 3266 1532 habemus
3307 1489 3600 1533 accessum
3628 1477 3692 1531 ad
3725 1477 3811 1532 Pa~

2240 1574 2399 1631 trem,
2430 1579 2489 1622 et
2523 1567 2641 1637 ipse
2675 1576 2761 1623 est
2791 1568 3052 1638 magister
3077 1576 3288 1633 noster,
3320 1577 3378 1623 et
3415 1576 3619 1623 auctor
3643 1571 3810 1640 cogni-

2239 1659 2405 1715 tionis
2447 1661 2598 1731 ejus;
2642 1661 2789 1716 sicut
2834 1661 2980 1716 idem
3016 1661 3160 1716 dixit
3208 1662 3359 1717 Patri
3412 1680 3426 1716 :
3477 1662 3811 1731 Manifestari

2239 1767 2427 1806 nomen
2459 1759 2608 1806 tuum
2649 1754 2943 1808 hominibus
2975 1754 3053 1820 ης
3098 1753 3473 1808 manilestavit
3504 1764 3694 1809 autem
3720 1771 3809 1810 no-

555 1841 827 1895 rationem
850 1841 1069 1910 recipit,
1094 1857 1206 1896 non
1229 1841 1338 1896 erit
1364 1857 1473 1896 una
1511 1842 1820 1897 substantia
1855 1860 1868 1897 :
1898 1859 2136 1912 quorum
2168 1820 2210 1874 Β
2240 1855 2366 1895 men
2416 1856 2528 1896 non
2562 1851 2624 1896 ut
2658 1843 2794 1909 Dei;
2843 1843 2950 1899 hoc
3004 1844 3154 1899 enim
3193 1844 3304 1915 jam
3352 1844 3485 1898 olim
3546 1844 3811 1915 cognitum

554 1941 738 1986 autem
756 1947 866 1986 non
881 1945 964 1987 est
980 1931 1289 1988 substantia
1310 1932 1859 1989 consubstantialitas
1874 1949 1985 1989 non
2006 1935 2134 1990 erit.

555 2023 714 2078 Sicut
746 2024 894 2078 enim
921 2040 1042 2093 qua
1066 2022 1314 2094 ejusdem
1348 2023 1676 2078 substantia
1708 2034 1864 2087 sunt,
1898 2025 2138 2081 consub-

553 2116 833 2170 stantialia
879 2123 1047 2181 sunt,
1088 2116 1170 2171 sic
1212 2131 1337 2185 qua
1385 2132 1498 2171 non
1544 2122 1677 2171 sunt
1722 2116 1972 2187 ejusdem
2001 2117 2134 2172 sub-

552 2210 789 2275 stantia,
822 2226 933 2265 non
959 2220 1090 2266 sunt
1117 2211 1645 2266 eonsubstantialia:
1666 2211 1945 2281 quomodo
1968 2213 2137 2284 igitur

552 2302 713 2358 aiunt
744 2302 945 2356 Filium
970 2317 1094 2357 esse
1126 2302 1278 2358 Patri
1312 2302 1862 2369 consubstantialem,
1886 2303 2137 2359 tribuen-

553 2410 638 2457 tes
667 2401 720 2457 ei
748 2401 1141 2471 particularem
1165 2399 1574 2455 substantiam?
1598 2399 1955 2469 particularis
1985 2399 2133 2455 enim

550 2509 674 2549 esse
716 2509 829 2549 non
873 2500 1077 2564 potest,
1120 2507 1243 2563 qua
1276 2507 1403 2547 cum
1435 2491 1611 2546 altero
1655 2489 1800 2546 facta
1854 2499 1940 2547 est
1982 2506 2137 2546 com-

552 2583 760 2639 munis.

624 2676 783 2732 XVII.
824 2675 968 2742 Quid
1000 2689 1135 2746 ergo
1166 2674 1358 2730 dicent
1406 2689 1531 2730 esse
1565 2674 1712 2730 hanc
1740 2674 2137 2745 particularem

552 2767 970 2822 substantiam?
1006 2766 1062 2822 Si
1110 2768 1301 2823 dicant
1332 2782 1455 2823 esse
1498 2766 1823 2822 ﬁliationem
1851 2785 1865 2823 :
1897 2768 2136 2839 primum

552 2873 665 2911 non
713 2867 800 2913 est
840 2857 1036 2913 ﬁliatio
1089 2858 1405 2913 substantia
1437 2875 1452 2911 :
1482 2857 1717 2925 deinde,
1747 2860 1855 2913 etsi
1891 2860 2057 2914 detur
2082 2872 2135 2915 et

553 2952 894 3007 concedatur
939 2951 1047 3006 hoc
1068 2991 1082 3017 ,
1117 2965 1314 3006 rursus
1341 2950 1712 3005 concludetur
1744 2950 1799 3004 in
1830 2967 1928 3006 eos
1952 2952 2138 3006 diver-

552 3043 693 3099 sitas
731 3044 1079 3099 substantia.
1122 3043 1281 3099 Sicut
1318 3043 1467 3098 enim
1521 3058 1634 3098 non
1658 3052 1747 3099 est
1772 3044 1965 3098 eadem
1997 3045 2139 3100 ratio

2237 1941 2378 1993 erat,
2420 1932 2518 1988 sed
2546 1944 2606 1989 ut
2634 1935 2814 1990 Patris
2846 1954 2860 1990 :
2896 1936 3012 2006 ipse
3043 1937 3194 1992 enim
3234 1937 3617 2006 cognitionem
3649 1938 3811 1995 Patris

2238 2024 2525 2079 revelavit.

2308 2113 2495 2168 XVIII.
2562 2114 2707 2171 Usus
2761 2130 2883 2170 sum
2915 2124 2998 2171 tot
3039 2116 3509 2188 digressionibus,
3564 2115 3696 2185 quia
3730 2131 3810 2169 vo-

2231 2207 2427 2262 Iebam'
2474 2206 2885 2274 demonstrare,
2944 2208 3094 2278 quod
3165 2224 3295 2279 pars
3343 2208 3677 2264 substantia
3715 2224 3809 2261 non

2235 2308 2355 2365 est;
2397 2309 2457 2355 ut
2506 2299 2655 2355 dicat
2705 2301 2929 2372 aliquis,
2965 2300 3166 2357 factam
3221 2316 3345 2357 esse
3378 2300 3809 2357 incarnationem

2237 2391 2571 2447 assumendo
2620 2400 2836 2462 partem
2885 2392 3119 2448 alterius
3158 2393 3545 2448 substantia:
3596 2400 3655 2447 et
3699 2392 3811 2461 quia

2238 2481 2494 2537 nolebam
2541 2482 2825 2553 corrigere
2863 2497 3059 2538 eorum
3092 2482 3415 2552 opinionem
3459 2481 3562 2552 qui
3610 2487 3808 2552 putant,

2238 2590 2369 2631 eum
2398 2574 2493 2645 qui
2518 2574 2656 2630 dicit
2683 2574 3049 2629 substantiam
3073 2574 3343 2644 integram
3369 2583 3390 2610 ι
3412 2572 3591 2628 Verbi
3623 2572 3810 2627 unitam

2236 2683 2358 2725 esse
2406 2667 2582 2732 carni,
2617 2668 2840 2723 Patrem
2888 2675 2945 2721 et
2984 2665 3253 2735 Spiritum
3283 2676 3545 2721 sanetum
3583 2664 3653 2720 ad
3677 2679 3809 2721 aco-

2240 2759 2481 2814 nomiam
2516 2758 2916 2815 incarnationis
2961 2758 3180 2814 deferre
3213 2774 3228 2813 :
3260 2759 3407 2829 quod
3438 2758 3670 2828 quidem
3715 2773 3811 2812 non

2240 2867 2363 2908 esse
2389 2852 2787 2917 necessarium,
2809 2853 2947 2908 satis
2973 2852 3480 2907 demonstravimus
3507 2851 3579 2905 iis
3602 2850 3695 2921 qui
3714 2865 3811 2905 non

2241 2947 2609 3009 contentiose,
2658 2945 2756 3001 sed
2807 2945 3075 3001 benevole
3105 2944 3161 2998 in
3200 2945 3374 2999 Deum
3404 2943 3496 3013 pia
3540 2950 3601 2997 et
3638 2941 3807 2996 divina

2239 3054 2385 3094 vera
2431 3037 2559 3093 ﬁdei
2590 3046 2793 3094 nostra
2821 3037 3077 3108 dogmata
3107 3035 3391 3106 accipiunt
3426 3051 3440 3089 :
3473 3035 3653 3088 Filius
3678 3033 3811 3088 enim

554 3138 912 3207 paternitatis
944 3145 1001 3192 et
1050 3136 1362 3199 ﬁliationis,
1411 3136 1495 3191 sic
1541 3153 1652 3191 non
1700 3135 1811 3191 erit
1842 3136 2015 3193 Filius
2049 3154 2138 3193 se-
2166 3149 2214 3210 ο
2241 3147 2354 3185 non
2373 3141 2459 3186 eat
2490 3130 2821 3196 substantia.
2855 3129 2952 3185 sed
2982 3127 3299 3200 hypostasis
3333 3126 3600 3190 ὲνούσιος,
3640 3125 3694 3181 id
3719 3134 3809 3189 est.

556 3225 800 3279 cundum
853 3225 1007 3295 ipsos
1036 3226 1202 3279 unius
1233 3234 1290 3279 et
1340 3225 1592 3295 ejusdem
1637 3240 1762 3280 cum
1810 3226 1970 3281 Patre
2013 3226 2144 3282 sub~

559 3313 778 3368 stantia
812 3330 824 3366 :
854 3329 974 3382 qua
996 3324 1182 3367 autem
1211 3327 1324 3366 non
1352 3322 1483 3367 sunt
1517 3312 1764 3383 ejusdem
1790 3314 2138 3380 substantia,

560 3421 728 3461 nemo
777 3407 1003 3477 negabit
1034 3421 1145 3461 non
1179 3422 1302 3462 esse
1345 3408 1865 3463 consubstantialia.
1915 3410 2143 3466 Desinat

558 3514 693 3570 ergo
738 3499 843 3554 ista
889 3501 1190 3555 verborum
1233 3501 1450 3556 vanitas
1495 3516 1714 3565 eorum,
1750 3503 1845 3573 qui
1887 3519 2140 3560 commu-

559 3608 688 3647 nem
723 3601 780 3648 et
829 3593 1227 3662 particularem
1250 3594 1617 3649 substantiam
1645 3593 1874 3649 dicunt:
1908 3595 2141 3652 demon-

558 3693 792 3739 stratum
826 3684 974 3740 enim
1025 3695 1110 3739 est
1139 3686 1384 3756 copiose,
1438 3701 1546 3740 non
1608 3701 1730 3742 esse
1777 3688 2138 3744 substantiam

560 3774 957 3843 particularem
994 3792 1007 3827 :
1046 3776 1140 3845 qui
1182 3776 1330 3830 enim
1367 3776 1621 3831 nominat
1661 3777 1976 3847 aliquorum
2010 3780 2140 3835 sub-

557 3865 842 3929 stantiam,
873 3866 1197 3921 necessario
1225 3882 1574 3923 communem
1604 3870 1876 3939 signiﬁcat
1912 3888 2141 3944 :super-

559 3973 867 4012 vaeaneum
912 3957 1081 4029 igitur
1126 3967 1211 4017 est
1241 3958 1449 4015 addere
1481 3961 1806 4018 substantia
1839 3981 2135 4033 commune;

559 4049 794 4120 perinde
829 4051 979 4106 enim
1024 4060 1133 4117 est,
1168 4060 1231 4107 ut
1267 4051 1313 4106 si
1345 4054 1470 4121 quis
1509 4053 1657 4109 dicat
1685 4073 1958 4112 commune
2000 4075 2140 4115 com-

561 4142 879 4195 munitatem
914 4156 932 4197 :
970 4150 1028 4197 et
1075 4142 1254 4198 multo
1305 4144 1483 4214 magis
1523 4160 1999 4215 supervacaneum
2054 4159 2140 4208 est

559 4232 748 4288 dicere
799 4231 1193 4302 particularem
1262 4234 1665 4301 substantiam;
1714 4238 1863 4308 quod
1912 4240 2136 4309 quidem

560 4341 673 4379 non
706 4334 790 4380 est
818 4325 967 4380 aliud
994 4341 1159 4395 quam
1183 4325 1370 4383 dicere
1396 4343 1752 4385 communem
1785 4333 2137 4401 particulari-

559 4426 749 4473 tatem.
772 4418 984 4472 ldcirco
1002 4417 1262 4473 doctores
1291 4419 1552 4475 Ecclesia
1575 4424 1797 4491 proprie
1828 4425 2134 4494 loquentes,

2246 3223 2609 3279 substantiam
2642 3223 2871 3278 habens.
2905 3221 3058 3289 Quod
3086 3221 3134 3276 si
3166 3220 3477 3276 substantia
3504 3228 3615 3283 est,
3642 3227 3701 3275 ut
3719 3218 3813 3273 hoc

2247 3332 2396 3371 nunc
2443 3315 2847 3382 concedamus;
2892 3323 2949 3370 at
2979 3330 3091 3369 non
3120 3322 3205 3368 est
3239 3313 3553 3369 substantia
3585 3313 3811 3383 particu-

2243 3409 2411 3464 laris:
2465 3415 2637 3463 totam
2668 3407 2817 3462 enim
2852 3406 3221 3471 substantiam
3256 3405 3468 3477 integre
3509 3405 3697 3468 habet,
3727 3404 3808 3473 qui

2242 3502 2365 3573 ejus
2396 3503 2677 3572 particeps
2706 3508 2812 3557 est.
2839 3502 3044 3557 Verum
3074 3501 3245 3572 igitur
3268 3510 3375 3565 est,
3415 3500 3573 3571 quod
3602 3499 3808 3561 dicitur,

2243 3594 2390 3664 quod
2434 3609 2502 3649 ex
2541 3594 2761 3650 duabus
2792 3593 3120 3648 substantiis
3157 3592 3424 3662 perfectis
3450 3591 3671 3647 exstitit
3717 3605 3808 3643 una

2242 3686 2557 3757 hypostasis
2603 3686 2831 3751 Christi,
2870 3686 2967 3756 qui
3002 3695 3087 3741 est
3136 3686 3303 3751 Deus,
3350 3686 3499 3740 sicut
3549 3686 3724 3750 Pater,
3770 3684 3806 3738 si

2242 3793 2371 3849 pars
2401 3786 2568 3844 esset,
2599 3786 2657 3833 et
2691 3793 2804 3833 non
2827 3788 3003 3833 totum
3032 3778 3216 3849 :atqui
3242 3777 3391 3848 quod
3417 3777 3568 3832 Deus
3587 3777 3807 3847 appelle-

2244 3880 2352 3933 tur.
2386 3870 2573 3925 statim
2598 3869 2958 3936 docebimus;
2982 3869 3185 3925 deinde
3204 3868 3351 3940 quod
3376 3868 3582 3934 homo;
3614 3877 3804 3939 postea,

2241 3963 2387 4033 quod
2417 3962 2759 4032 compositus
2786 3978 2855 4018 ex
2887 3961 3149 4018 diversis.

2314 4055 2457 4110 XIX.
2497 4055 2649 4111 Dixit
2694 4070 2829 4127 ergo
2875 4054 3145 4112 Jeremias
3181 4053 3435 4110 indicans
3486 4055 3641 4109 hunc
3678 4071 3690 4107 :
3724 4052 3804 4108 Hic

2240 4158 2317 4203 est
2349 4148 2488 4203 Deus
2525 4157 2722 4213 noster,
2763 4158 2813 4201 et
2850 4164 2956 4202 non
2998 4149 3350 4203 astimabitur
3392 4147 3536 4202 alius
3577 4148 3804 4201 adversus

2240 4254 2378 4292 eum.
2407 4238 2505 4292 Hic
2534 4237 2804 4292 adinvenit
2845 4253 3054 4292 omnem
3091 4239 3231 4292 viam
3262 4237 3578 4308 disciplina,
3608 4247 3655 4291 et
3683 4236 3804 4290 dedit

2240 4329 2393 4384 illam
2436 4329 2600 4384 Jacob
2640 4345 2804 4401 puero
2844 4345 2961 4393 suo,
3005 4336 3053 4382 et
3090 4329 3260 4384 Israel
3305 4328 3495 4384 dilecto
3544 4347 3660 4384 suo.
3696 4329 3803 4383 Post

2239 4422 2429 4475 hacin
2454 4421 2607 4474 terris
2638 4421 2779 4475 visus
2819 4429 2915 4485 est,
2944 4429 2991 4474 et
3019 4436 3137 4474 cum
3161 4421 3456 4497 hominibus
3489 4428 3801 4475 conversatus

557 4523 854 4564 commune
901 4510 1127 4579 quidem
1158 4523 1500 4572 voeaverunt
1549 4487 1958 4583 substantiam;
2005 4533 2135 4589 par-
2170 4487 2213 4542 ί)
2242 4523 2315 4566 est
2342 4514 2409 4569 ³ο.
2450 4512 2609 4579 Quod
2641 4522 2826 4568 autem
2858 4512 2964 4567 hoc
2994 4489 3344 4567 vaticinium.
3367 4512 3437 4567 de
3476 4512 3698 4568 Christo
3737 4512 3799 4565 di-

558 4602 794 4657 .ticulare
830 4617 965 4657 vero
1008 4603 1125 4658 sive
1170 4603 1430 4671 speciale,
1454 4604 1795 4676 hypostasim
1825 4624 1838 4661 :
1871 4616 1932 4661 ut
1970 4609 2137 4664 homo

554 4710 857 4750 .eommune
896 4704 1019 4761 est;
1048 4695 1252 4765 aliquis
1294 4697 1483 4764 homo,
1522 4698 1880 4767 particulare,
1917 4700 2023 4755 hoc
2054 4708 2140 4756 est

564 4788 901 4859 bypostasis;
927 4787 1064 4842 illud
1091 4788 1399 4844 substantia
1426 4807 1439 4843 :
1461 4805 1566 4845 nec
1584 4790 1730 4843 enim
1753 4790 1955 4861 aliquis
1973 4792 2139 4848 homo

562 4894 674 4935 non
715 4889 803 4933 est
844 4880 1035 4945 homo,
1070 4880 1169 4935 sed
1209 4889 1297 4935 est
1350 4880 1576 4951 quidem
1622 4881 1881 4948 ὲνούσιος,
1929 4883 1982 4938 id
2033 4893 2138 4951 est,

564 4972 621 5025 in
663 4971 1009 5037 substantia;
1057 4987 1169 5026 non
1202 4981 1387 5027 autem
1425 4973 1729 5029 secundum
1777 4974 2141 5032 substantiam

565 5063 960 5132 particularem
990 5072 1047 5117 et
1081 5072 1392 5133 separatam
1424 5081 1454 5119 a
1488 5067 1792 5132 communi,
1817 5066 1913 5121 sed
1941 5082 2143 5123 secun-

560 5154 698 5208 dum
728 5152 999 5216 eamdem,
1037 5154 1342 5209 secundum
1374 5172 1539 5225 quam
1580 5156 1781 5229 singuli
1810 5173 2004 5213 omnes
2041 5160 2144 5215 sub

559 5244 757 5299 eadem
773 5243 955 5314 specie
977 5244 1159 5299 sortiti
1183 5254 1313 5300 sunt
1333 5245 1698 5301 substantiam
1721 5263 1734 5300 :
1764 5248 2144 5318 unusquisque

560 5335 713 5390 enim
743 5334 992 5389 eamdem
1024 5350 1150 5390 cum
1173 5335 1405 5409 reliquis
1429 5339 1699 5392 rationem
1727 5336 1925 5407 recipit
1946 5355 1959 5392 :
1980 5338 2145 5394 homo

561 5429 715 5483 enim
772 5439 859 5485 est
890 5433 1203 5486 communis
1264 5433 1454 5497 homo,
1498 5440 1556 5488 et
1594 5433 1795 5503 aliquis
1850 5435 2040 5501 homo,
2090 5446 2146 5491 et

564 5530 769 5579 neuter
805 5530 892 5578 est
926 5523 1072 5593 plus,
1108 5533 1204 5578 aut
1258 5525 1443 5581 minus
1491 5525 1679 5581 homo.
1722 5526 1942 5583 Filiatio
1977 5528 2145 5601 igitur

638 5632 682 5676 δ’
722 5645 879 5702 Joan.
920 5662 1049 5711 xvn,
1087 5648 1138 5699 ϐ.

1220 5648 1263 5677 ’°
1312 5646 1524 5704 Baruch
1568 5666 1641 5715 Ill,
1692 5650 1883 5708 36-58.
1963 5653 2003 5683 ²¹
2046 5654 2189 5707 Psal.
2240 5670 2385 5719 xux,
2419 5653 2470 5708 I.

2240 4616 2391 4661 ctum
2425 4606 2520 4671 sit,
2548 4605 2710 4676 plane
2738 4605 3083 4660 demonstrat
3110 4604 3460 4660 conversatio
3485 4621 3615 4661 cum
3649 4604 3800 4660 homi-

2242 4698 2426 4761 nibus,
2482 4696 2710 4766 quando
2760 4711 2985 4752 carnem
3050 4696 3298 4766 suscepit
3357 4697 3527 4759 Deus,
3588 4697 3657 4752 de
3712 4710 3801 4765 quc

2244 4788 2418 4845 David
2450 4789 2664 4860 plectro
2694 4788 2934 4845 chordas
2981 4788 3305 4859 percutiens
3361 4790 3601 4845 canebat
3640 4807 3654 4843 :
3684 4788 3802 4843 Deus

2245 4884 2463 4937 deorum
2510 4881 2650 4936 Deus
2704 4880 2907 4936 locutus
2939 4891 3036 4945 est,
3069 4891 3117 4935 et
3156 4883 3359 4936 vocavit
3396 4890 3601 4935 terram
3618 4882 3691 4945 “;
3718 4890 3799 4935 et:

2247 4974 2387 5029 Deus
2430 4973 2708 5043 manifeste
2742 4974 2913 5027 veniet
2953 4974 3019 5027 “.
3053 4972 3123 5026 Et
3152 4988 3221 5028 ne
3269 4970 3411 5027 forte
3441 4973 3717 5026 existimes
3747 4969 3801 5023 de

2247 5067 2358 5121 alio
2407 5066 2690 5136 quopiam,
2736 5080 2901 5135 quam
2952 5064 3021 5120 de
3076 5069 3196 5134 ipso
3236 5063 3487 5134 pradici,
3517 5062 3665 5133 quod
3689 5060 3799 5116 sub-

2243 5160 2428 5232 jungit
2477 5159 2723 5214 declarat
2750 5173 2877 5214 eum
2913 5172 3057 5220 esse,
3090 5155 3184 5225 qui
3217 5163 3546 5225 potestatem
3571 5153 3751 5225 judicii
3776 5166 3800 5204 ι

2245 5253 2404 5307 Patre
2446 5249 2680 5320 accepit,
2736 5249 2869 5319 quia
2926 5248 3099 5302 Filius
3146 5247 3391 5301 hominis
3424 5256 3541 5313 est;
3572 5244 3799 5314 sequitur

2242 5344 2391 5399 enim
2418 5361 2430 5395 :
2466 5341 2612 5414 Ignis
2643 5342 2702 5395 in
2738 5350 3018 5410 conspectu
3042 5339 3155 5410 ejus
3183 5338 3408 5403 ardebit,
3445 5348 3493 5393 ct
3526 5340 3580 5393 in
3602 5336 3797 5391 circuitu

2245 5438 2359 5507 ejus
2398 5444 2681 5506 tempestas
2708 5433 2923 5489 valida:
2956 5431 3228 5487 advocabit
3251 5430 3439 5486 calum
3470 5432 3726 5486 desursum
3756 5433 3796 5479 ct

2246 5541 2469 5595 terram,
2508 5528 2801 5599 discernere
2848 5524 3105 5597 papulum
3154 5540 3309 5579 suum
3344 5525 3412 5579 ".
3457 5522 3607 5592 Quod
3637 5530 3792 5577 autem

2548 5653 2593 5683 "
2636 5651 2770 5709 ibid.
2827 5652 2880 5707 5.
2957 5648 3002 5681 ’³
3036 5646 3170 5703 ibid.
3206 5647 3258 5712 3,
3294 5648 3344 5702 4.

1878 5769 2110 5826 VARIxE
2155 5770 2563 5829 LECTIONES.

644 5845 663 5872 ⁸
689 5834 977 5903 Integram.
1018 5838 1295 5895 ἀκέωιον.
