4052 6530
240 389 376 453 1315

1222 393 1504 455 ORATIO
1546 395 1657 456 III.
1697 420 1764 430 -α
1796 394 1893 455 DE
1932 395 2526 459 INCARNATIONE.

3373 400 3527 465 1346·

235 500 406 557 Pater
444 517 547 556 non
587 503 799 573 judicat
838 500 1154 573 quemquam
1198 503 1267 567 “,
1313 520 1380 557 ex
1432 504 1552 575 ipso
1587 504 1821 559 Domino
1850 508 1895 563 Α
1925 507 2229 575 prophetas
2273 506 2578 569 hominem,
2620 506 2712 576 qui
2763 515 2845 560 est
2884 506 3088 577 alioqui
3120 509 3282 563 Deus.
3320 509 3509 567 Relin-

234 595 570 651 audivimus.
600 597 747 651 Deus
788 598 954 667 igitur
982 598 1293 668 dijudicans
1332 601 1595 671 p0pulum
1630 617 1812 667 suum,

232 687 492 744 Christus
538 697 625 744 est
676 690 983 745 secundum
1028 691 1450 747 humanitatem.

306 779 425 834 XX.
468 780 528 835 In
568 781 818 835 eamdem
863 783 1198 838 sententiam
1252 784 1463 840 dictum
1511 794 1596 840 est
1633 785 1810 840 illud:

232 869 378 925 Deus
424 874 566 927 stetit
604 875 661 928 in
695 891 968 946 synagoga
1019 876 1271 941 deorum;
1328 878 1384 931 in
1434 879 1604 932 medio
1643 887 1817 932 autem

233 962 361 1016 deos
403 964 712 1033 dijudicabit
742 966 810 1019 ".
846 964 1060 1020 Clamat
1089 974 1356 1036 praeterea
1389 967 1561 1023 Oseas
1596 984 1663 1023 ex
1692 985 1820 1039 per-

233 1070 375 1110 sona
413 1057 533 1128 ejus
566 1058 930 1127 prophetans,
959 1068 1015 1114 et
1042 1059 1233 1114 dicens
1272 1077 1285 1113 :
1324 1060 1461 1115 Deus
1492 1077 1609 1115 sum
1639 1071 1688 1115 et
1716 1078 1819 1115 non

234 1148 427 1212 homo;
454 1150 509 1203 in
553 1156 601 1201 te
627 1157 843 1203 sanctus
881 1151 947 1203 ".
982 1150 1050 1203 Et
1072 1150 1241 1206 Isaias
1272 1150 1339 1204 ad
1370 1166 1497 1205 eum
1527 1151 1776 1207 referens
1803 1170 1817 1208 :

234 1236 301 1293 In
337 1249 408 1305 te,
441 1240 641 1310 inquit,
680 1251 757 1295 est
788 1241 949 1307 Deus,
986 1250 1036 1295 et
1078 1258 1180 1296 non
1216 1253 1290 1296 est
1336 1243 1473 1298 alius
1502 1253 1694 1315 praeter
1750 1261 1816 1300 te.

238 1330 313 1385 Tu
336 1334 477 1384 enim
498 1348 548 1383 es
568 1332 731 1398 Deus,
752 1340 802 1385 et
831 1334 1165 1399 nescivimus,
1186 1332 1324 1389 Deus
1357 1336 1531 1389 Israel
1560 1336 1817 1392 salvator.

1917 600 2128 669 quitur,
2188 610 2249 655 ut
2305 615 2371 655 ex
2419 600 2627 654 eisdem
2670 599 2975 669 Scripturis
3022 600 3376 656 manifestum
3427 602 3511 659 fa-

1918 691 2151 756 ciamus,
2183 691 2463 762 quomodo
2509 691 2654 746 idem
2696 691 2841 745 Deus
2873 699 2956 745 est
2990 690 3155 745 simul
3201 692 3399 759 homo;
3451 704 3514 748 ut

1918 799 2041 853 qua:
2108 784 2353 839 diximus
2398 783 2787 838 auctoritatem
2844 783 3087 838 habeant
3116 824 3129 849 ,
3175 785 3514 840 testimoniis

1920 876 2343 948 Scripturarum
2390 876 2738 931 conﬁrmata.
2771 876 3077 932 Considera
3130 876 3298 947 igitur
3350 879 3509 943 mihi,

1920 985 1989 1024 an
2037 970 2145 1025 hoc
2191 970 2561 1039 compositum
2607 968 2779 1023 David
2813 968 2868 1022 in
2898 970 3191 1041 aenigmate
3239 970 3514 1041 signiﬁcet

1922 1061 1976 1115 in
2023 1062 2239 1132 psalmo
2284 1060 2710 1132 quadragesimo
2765 1071 3001 1130 quarto,
3060 1062 3155 1132 qui
3209 1062 3512 1132 inscriptus

1920 1166 2006 1209 est
2046 1172 2057 1207 :
2094 1154 2197 1208 Pro
2233 1154 2581 1208 immutandis
2626 1153 2698 1207 ad
2751 1153 3077 1207 intellectum
3117 1156 3384 1208 canticum
3416 1169 3513 1224 pro

1922 1246 2112 1299 dilecto
2135 1246 2201 1299 ³⁸.
2228 1247 2472 1301 Dilectus
2499 1256 2685 1300 autem
2713 1254 2800 1301 est
2825 1245 2979 1300 solus
3020 1247 3213 1311 Filius,
3252 1257 3307 1301 ut
3344 1256 3515 1301 testa-

1926 1346 2015 1391 tur
2040 1338 2405 1410 Evangelium
2439 1339 2496 1392 in
2536 1353 2648 1407 quo
2674 1354 2781 1393 vox
2813 1338 2992 1392 Patris
3021 1337 3197 1392 fertur
3221 1354 3343 1408 quas
3372 1339 3514 1393 dixit

237 1419 667 1492 Confundentur,
700 1433 748 1476 et
782 1426 1153 1480 reverebantur
1186 1443 1368 1481 omnes
1410 1429 1502 1497 qui
1530 1428 1821 1483 adversan-
1922 1428 2146 1484 Christo
2204 1447 2217 1483 :
2272 1430 2348 1483 Tu
2391 1446 2445 1483 es
2492 1428 2659 1483 Filius
2689 1445 2834 1483 meus
2864 1428 3083 1482 dilectus
3117 1430 3184 1482 '9.
3232 1430 3334 1484 Hic
3364 1429 3512 1484 enim

240 1520 331 1565 tur
350 1515 397 1566 ei
426 1515 495 1567 ⁸⁷.
532 1514 689 1580 Quod
713 1523 899 1570 autem
934 1517 1109 1573 Judaei
1152 1526 1208 1574 et
1233 1518 1369 1589 legis
1402 1519 1663 1575 doctores
1697 1538 1825 1592 pro—
1925 1530 2171 1576 mutatus
2214 1530 2300 1577 est
2334 1522 2515 1578 factus
2562 1522 2750 1586 homo,
2798 1538 2909 1576 non
2950 1523 3256 1577 mutatione
3303 1533 3514 1577 natura:

240 1613 371 1673 pter
406 1605 795 1661 indumentum
852 1609 1038 1664 carnis
1068 1609 1119 1665 ei
1175 1610 1453 1666 adversati
1504 1622 1655 1682 sunt,
1706 1630 1823 1670 ma-
1926 1614 2309 1681 immutabilis,
2346 1616 2443 1671 sed
2487 1616 2865 1685 assumptione
2905 1615 3135 1670 alterius
3166 1634 3178 1669 :
3209 1615 3333 1670 Hcce
3364 1617 3512 1670 enim

239 1698 508 1753 nil‘estum
557 1708 663 1755 est.
715 1700 852 1756 Cum
895 1702 1043 1756 enim
1099 1702 1449 1774 ignoraretur
1500 1706 1626 1775 quis
1679 1716 1826 1763 esset
1925 1715 2002 1760 est
2023 1709 2248 1761 mutatio
2275 1707 2507 1762 dexterw
2530 1707 2787 1763 Altissimi
2820 1707 2888 1772 ‘°,
2912 1724 3035 1777 qua:
3056 1707 3200 1762 facta
3226 1714 3331 1770 est,
3364 1706 3513 1776 quod

237 1792 336 1862 qui
370 1793 426 1846 in
478 1793 657 1848 aliena
708 1793 883 1849 forma
923 1796 1281 1860 cernebatur,
1337 1798 1603 1854 audiebat
1644 1800 1714 1855 ab
1760 1801 1826 1857 iis
1927 1816 2036 1854 non
2078 1810 2218 1855 erat.
2271 1800 2381 1854 Aut
2426 1800 2552 1855 sic:
2596 1800 2704 1854 Pro
2740 1799 3088 1854 immutandis
3136 1799 3375 1869 gertibus
3416 1812 3515 1867 per

235 1885 333 1953 qni
384 1884 754 1955 ignorabant:
786 1883 966 1951 Quare
1004 1896 1080 1953 tu,
1119 1889 1271 1943 homo
1315 1907 1435 1943 cum
1469 1892 1562 1955 sis,
1600 1891 1730 1961 facis
1777 1902 1825 1947 te
1860 1871 1902 1927 Β
1935 1894 2137 1963 ipsum.
2178 1893 2238 1947 In
2279 1893 2387 1947 hoc
2423 1892 2593 1962 igitur
2641 1892 2854 1962 psalmo
2905 1907 3000 1963 pro
3043 1890 3254 1955 dilecto,
3282 1890 3369 1945 vel
3418 1905 3514 1943 oro

230 1974 410 2045 ipsum
439 1975 606 2031 Deum
639 1977 727 2031 "‘2
760 1976 826 2032 Hi
859 1978 1029 2049 igitur
1056 1978 1472 2035 confundentur
1506 1982 1824 2053 aliquando,

235 2085 364 2125 cum
396 2069 710 2139 intelligent
756 2069 1047 2125 veritatem
1098 2072 1472 2142 cumpudore
1524 2074 1829 2145 superioris

236 2162 586 2233 ignorantiae.
621 2163 801 2231 Atque
831 2162 948 2217 haec
990 2163 1266 2219 hactenus
1300 2182 1314 2218 :
1344 2181 1494 2221 nunc
1544 2182 1612 2222 ex
1638 2169 1829 2223 multis

235 2268 411 2323 pauca
437 2268 558 2322 quae
594 2253 976 2307 testimonium
1002 2254 1258 2309 tribuunt
1282 2255 1556 2312 divinitati
1596 2257 1823 2325 Christi,

233 2353 294 2398 et
336 2345 510 2398 Deum
562 2359 687 2399 esse
726 2359 854 2398 eum
904 2360 1029 2400 cum
1080 2361 1248 2401 carne
1283 2346 1683 2404 demonstrant.

307 2435 454 2490 XXI.
493 2435 652 2502 Quod
687 2444 871 2491 autem
905 2437 1073 2492 homo
1109 2448 1215 2503 est,
1266 2454 1463 2495 rursus
1495 2456 1564 2495 ex
1612 2441 1823 2497 eisdem

235 2526 546 2596 Scripturis
596 2526 841 2598 Spiritus
877 2528 1053 2583 sancti
1104 2543 1206 2600 pro
1237 2529 1385 2584 virili
1426 2540 1581 2600 parte
1612 2534 1825 2603 patefa-

235 2617 473 2671 ciemus.
516 2619 707 2673 Primo
744 2619 912 2689 igitur
939 2619 1110 2675 Isaias
1135 2631 1429 2690 postquam
1453 2637 1581 2677 eum
1615 2625 1828 2680 vocavit

234 2725 498 2781 puerum,
548 2711 845 2783 etvirgam
877 2728 946 2768 ex
975 2712 1166 2769 radice
1195 2714 1349 2771 Jesse
1380 2728 1580 2783 ortam,
1611 2729 1667 2774 et
1696 2720 1827 2775 Em-

235 2802 578 2868 manuelem,
622 2812 680 2858 et
728 2818 939 2858 marem
987 2819 1056 2860 ex
1098 2806 1450 2875 prOphetissa
1498 2816 1709 2872 natum,
1771 2821 1827 2867 et

234 2900 531 2965 postquam
584 2894 892 2949 nominavit
922 2909 1065 2949 eum-
1105 2892 1361 2949 Celeriter
1398 2895 1591 2967 spolia,
1642 2908 1691 2953 et
1723 2902 1827 2954 cite

237 2985 485 3054 pradare
516 2987 596 3049 ";
652 2985 799 3041 hunc
829 2985 1011 3056 ipsum
1057 2984 1146 3040 his
1177 2986 1367 3042 verbis
1408 2988 1703 3044 nominans
1728 2991 1827 3044 hoe

235 3076 447 3131 minem
480 3092 494 3129 :
526 3076 599 3130 Et
634 3076 882 3143 vidimus,
934 3077 1138 3147 inquit,
1189 3093 1330 3143 eum,
1362 3089 1412 3134 et
1451 3096 1559 3135 non
1602 3082 1826 3137 habebat

233 3170 464 3238 speciem
498 3184 667 3239 neque
693 3170 1180 3240 pulchritudinem;
1214 3173 1309 3225 sed
1350 3175 1549 3244 species
1587 3177 1702 3244 ejus
1743 3178 1827 3230 in-

235 3267 505 3319 honorata
544 3278 562 3318 :
594 3263 841 3332 deﬁciens
879 3272 1072 3333 prwter
1121 3280 1302 3319 omnes
1344 3267 1579 3321 homines
1613 3284 1632 3322 :
1673 3270 1827 3322 homo

232 3357 294 3409 in
330 3356 493 3427 plaga
545 3356 820 3420 exsistens,
855 3362 907 3408 et
948 3356 1116 3410 sciens
1165 3357 1306 3427 ferre
1346 3357 1717 3427 inﬁrmitatem
1760 3362 1825 3416 '°.

236 3447 310 3501 Et
374 3461 570 3501 rursus
618 3445 789 3501 David
858 3448 1197 3516 psalmorum
1260 3449 1520 3520 scriptor,
1581 3451 1827 3508 divinam

236 3537 415 3607 lyram
448 3536 695 3606 plectens
724 3553 736 3589 :
767 3533 924 3601 Quid,
952 3535 1151 3607 inquit,
1179 3546 1257 3592 est
1276 3540 1431 3592 homo
1460 3546 1599 3610 quod
1628 3557 1829 3595 memor

235 3646 295 3683 es
326 3630 439 3699 ejus
463 3629 489 3682 ‘I
526 3638 620 3683 aut
660 3627 828 3682 Filius
861 3630 1109 3695 hominis,
1145 3632 1273 3701 quia
1307 3632 1491 3686 visitas
1537 3634 1703 3687 eum?
1728 3634 1829 3688 Mi-

237 3724 404 3775 nuisti
444 3738 564 3775 eum
606 3721 770 3793 paulo
818 3723 993 3776 minus
1022 3721 1085 3775 ab
1106 3723 1317 3792 angelis
1361 3724 1825 3781 “.-—Minoratus

235 3824 341 3878 est,
378 3816 551 3880 enim,
586 3826 649 3870 ut
697 3816 901 3869 Paulus
946 3814 1024 3869 ait
1061 3831 1075 3868 :
1116 3814 1277 3885 paulo
1306 3818 1482 3871 minus
1526 3834 1691 3888 quam
1724 3836 1825 3873 an-

237 3908 366 3979 geli,
390 3908 570 3962 factus
600 3908 788 3973 homo,
815 3916 1030 3979 propter
1059 3908 1357 3978 passionem
1378 3911 1566 3964 mortis
1593 3926 1825 3981 :quam-

237 4000 433 4055 ebrem
488 3999 660 4071 gloria
728 4009 779 4054 et
828 4003 1025 4055 honore
1079 4009 1365 4055 coronatus
1415 4002 1596 4073 42st,",
1633 4019 1827 4059 omnes

237 4101 442 4165 gentes
462 4105 565 4162 pro
596 4090 800 4161 quibus
827 4100 1067 4146 mortem
1109 4092 1304 4158 subiit,
1357 4093 1413 4148 in
1447 4094 1825 4151 hereditatem

237 4184 523 4253 accipiens
548 4200 561 4237 :
585 4182 704 4236 haec
725 4182 876 4236 enim
906 4190 1028 4237 erat
1056 4180 1229 4252 gloria
1253 4199 1417 4253 quam
1440 4184 1584 4254 apud
1605 4184 1824 4240 Patrem

236 4277 483 4341 habebat,
528 4284 821 4345 antequam
876 4274 1106 4329 mundus
1158 4274 1312 4344 ﬁeret
1342 4276 1406 4332 ”.
1428 4277 1660 4347 Propter
1682 4278 1823 4334 hanc

234 4370 405 4425 scivit
450 4369 597 4423 ferre
650 4367 1052 4434 inﬁrmitatem,
1083 4377 1144 4422 ut
1172 4384 1297 4439 qua:
1326 4370 1588 4426 universo
1617 4371 1823 4426 mundo

236 4461 537 4517 sanitatem
580 4460 869 4515 afferebat.
900 4458 1001 4515 Hic
1040 4460 1209 4531 igitur
1249 4461 1359 4517 etsi
1388 4462 1683 4519 videbatur
1710 4478 1821 4518 non

236 4552 447 4608 habere
494 4553 740 4623 speciem
785 4552 869 4607 vel
906 4551 1427 4622 pulchritudinem:
1472 4554 1611 4610 Erat
1644 4566 1818 4611 tamen
1854 4581 1896 4637 ι)

233 4641 503 4708 speciosus
545 4639 721 4709 forma
750 4656 860 4710 prie
880 4639 1009 4709 ﬁliis
1043 4641 1315 4696 hominum
1346 4644 1412 4699 “.
1454 4644 1626 4701 Filius
1672 4646 1821 4701 enim

234 4742 360 4787 erat
402 4731 525 4800 Dei,
576 4743 635 4789 et
687 4732 865 4789 Filius
916 4734 1159 4791 hominis
1215 4736 1596 4805 conﬁrmatus,
1648 4748 1704 4794 et
1745 4740 1827 4794 vir

233 4827 472 4881 dextere
520 4841 550 4881 a
605 4825 816 4897 Spiritu
866 4838 1058 4883 sancto
1105 4838 1352 4884 vocatus.
1425 4828 1569 4896 Fiat,
1621 4831 1822 4904 inquit,

235 4936 431 4974 manus
471 4928 564 4973 tua
590 4937 748 4991 super
795 4921 969 4974 virum
1001 4922 1230 4977 dextera:
1271 4931 1395 4989 tuae,
1429 4932 1479 4976 et
1522 4939 1681 4995 super
1730 4925 1823 4980 Fi-

235 5012 370 5066 lium
405 5012 631 5067 hominis
683 5027 836 5083 quem
877 5011 1206 5081 conﬁrmasti
1237 5013 1328 5067 tibi
1359 5014 1427 5067 ³⁸.
1467 5014 1682 5070 Dicitur
1734 5016 1822 5071 vir

233 5101 459 5167 Oriens,
506 5103 811 5159 secundum
854 5104 1204 5174 prophetiam
1232 5104 1513 5161 Zacharia:
1543 5120 1669 5161 cum
1706 5108 1821 5162 ait:

237 5194 374 5248 Ecce
404 5196 509 5260 uir,
557 5194 746 5251 Oriens
800 5212 993 5249 nomen
1044 5198 1156 5266 ejus
1189 5197 1234 5229 ³⁸
1263 5215 1279 5251 :
1308 5212 1518 5253 marem
1565 5198 1714 5253 enim
1753 5215 1820 5253 ex

235 5286 591 5357 prophetissa
634 5286 870 5351 editum,
906 5296 970 5342 ut
997 5286 1165 5342 isaias
1209 5288 1607 5359 evangeliuvit
1636 5289 1704 5354 ³⁷,
1738 5306 1824 5343 re-

234 5378 374 5449 liqui
419 5379 755 5449 interpretes
794 5388 1137 5435 vocaverunt
1170 5380 1364 5434 uirum.

308 5471 480 5527 XXII.
515 5472 967 5526 Demonstratum
993 5486 1127 5542 ergo
1154 5478 1241 5527 est
1261 5472 1453 5528 vocari
1488 5474 1656 5529 etiam
1680 5472 1824 5542 apud

314 5626 360 5659 “
403 5627 564 5683 Joan.
608 5643 657 5689 v,
693 5626 783 5681 22.
859 5626 905 5657 "
942 5626 1084 5682 Psal.
1123 5642 1299 5692 mm,
1339 5626 1390 5680 1.

320 5715 356 5749 ι.
410 5700 459 5749 1.
538 5698 583 5728 ³ο
618 5697 723 5749 lsa.
759 5712 871 5749 LIII.
906 5697 962 5749 2.
998 5696 1052 5749 5.
1133 5697 1171 5728 ³¹
1209 5697 1352 5749 Psal.

235 5712 356 5757 VIII.
410 5712 459 5750 ’l.

238 5852 423 5906 um,
478 5838 565 5893 11.

549 5668 564 5680 .
608 5643 657 5689 ν.
693 5626 783 5681 22.
859 5626 905 5657 ’³
942 5626 1084 5682 Psal.
1123 5642 1299 5692 mum,
1339 5626 1390 5680 1.
1490 5626 1536 5657 “
1566 5626 1709 5682 Osee
1750 5643 1823 5691 xi,

538 5698 583 5728 ³ο
618 5697 723 5751 lsa.
759 5712 871 5761 un,
906 5697 962 5761 2,
998 5696 1052 5751 5.
1133 5697 1171 5728 ³¹
1209 5697 1352 5751 Psal.
1406 5713 1521 5759 vni.
1571 5697 1627 5760 5,
1670 5699 1722 5752 6.
1799 5697 1819 5729 ³

2016 5627 2061 5659 ’⁷
2092 5628 2196 5683 Isa.
2241 5644 2362 5692 λιν,
2413 5628 2597 5685 14-16.
2694 5632 2741 5663 ³⁸
2783 5631 2862 5686 Io:

1928 5696 2057 5752 lcbr.
2114 5715 2170 5761 tt,
2216 5699 2268 5753 9.
2346 5700 2392 5731 ³³
2439 5700 2595 5755 Joan.
2630 5718 2763 5764 xvn',
2811 5703 2862 5756 5.

238 5766 287 5800 ⁵⁸
330 5766 470 5822 Psal.
511 5782 690 5832 Lxxix,
740 5767 826 5822 18.
905 5767 949 5799 "
996 5767 1163 5823 Zach.
1202 5782 1276 5831 vr,
1324 5767 1419 5821 12.
1490 5768 1533 5799 ³⁷
1581 5768 1684 5823 Isa.
1722 5782 1833 5831 vm,
1886 5767 1941 5821 5.

643 5838 687 5868 ⁸³
746 5838 893 5895 Psal.
946 5853 1124 5905 Lxxlv,
1179 5839 1233 5903 5,
1277 5837 1331 5891 8.
1408 5837 1451 5869 ’δ’
1493 5838 1646 5893 loan.
1688 5854 1780 5905 xx,
1814 5839 1901 5893 17.

1934 1986 2282 2040 immutandis
2328 1985 2407 2039 ait
2449 1984 2657 2039 David:
2701 1983 2976 2054 Speciosus
3028 1983 3199 2051 forma
3242 1997 3353 2051 prce
3383 1980 3513 2049 ﬁliis

1935 2078 2238 2143 hominum;
2268 2077 2457 2148 diﬂ'usa
2488 2084 2562 2130 est
2592 2077 2769 2146 gratia
2803 2077 2858 2129 in
2903 2074 3054 2128 labiis
3093 2076 3196 2127 tuis
3226 2090 3244 2127 :
3272 2080 3516 2143 propter-

1935 2185 1998 2222 ea
2034 2170 2185 2222 unxit
2211 2177 2260 2221 te
2301 2168 2463 2232 Deus,
2505 2168 2644 2221 Deus
2686 2174 2828 2230 tuus,
2862 2165 2975 2219 oleo
3003 2164 3372 2218 exsultationis
3400 2178 3513 2234 pra

1934 2262 2281 2332 participibus
2306 2262 2410 2314 tuis
2451 2260 2518 2313 “.
2555 2259 2711 2325 Quod
2737 2257 3085 2313 manifestius
3118 2256 3248 2311 fecit
3280 2255 3421 2310 alius
3442 2270 3512 2310 ex

1935 2355 2358 2425 interpretibus,
2391 2354 2685 2424 inquiens:
2726 2352 2885 2407 Unxit
2927 2360 2976 2404 te
3004 2350 3164 2414 Deus,
3193 2349 3331 2404 Deus
3360 2359 3510 2414 tuus;

1933 2448 2160 2518 ungitur
2190 2448 2338 2502 enim
2371 2448 2518 2502 Deus
2544 2463 2573 2500 a
2597 2446 2731 2509 Deo,
2764 2459 2875 2499 non
2901 2452 3176 2513 quatenus
3216 2442 3382 2507 Deus,
3413 2440 3510 2495 sed

1932 2549 2205 2609 quatenus
2236 2540 2411 2594 Filius
2452 2538 2716 2593 hominis.
2747 2536 2887 2591 Cum
2927 2535 3078 2590 enim
3103 2542 3351 2589 vocasset
3380 2549 3509 2588 eum

1935 2633 2109 2687 tilium
2163 2631 2425 2696 hominis,
2475 2632 2765 2702 speciosum
2818 2629 2991 2699 forma
3024 2642 3135 2698 pro:
3164 2625 3291 2695 ﬁliis
3337 2626 3508 2679 homi-

1932 2741 2095 2791 num;
2114 2738 2183 2779 ne
2212 2723 2307 2794 qui
2331 2722 2471 2778 forte
2496 2737 2595 2794 per
2622 2720 2952 2792 imperitiam
2980 2718 3263 2773 hominem
3296 2724 3512 2778 tantum

1932 2833 2055 2873 esse
2099 2818 2541 2888 suspicarentur,
2576 2815 2761 2869 divina
2813 2812 2986 2885 gratia
3034 2826 3147 2880 prae
3177 2810 3302 2864 aliis
3334 2809 3513 2864 homi-

1934 2909 2101 2963 nibus
2138 2908 2482 2973 deeoratum,
2520 2922 2647 2962 eum
2685 2906 2947 2974 deinceps
2973 2903 3146 2958 Deum
3181 2900 3513 2966 nominavit,

1935 3002 2195 3070 inquiens
2237 3017 2251 3053 :
2300 2999 2461 3055 Unxit
2502 3008 2551 3053 te
2588 2998 2748 3062 Deus,
2791 2997 2931 3052 Deus
2968 3006 3089 3049 tuus
3137 2994 3250 3048 oleo
3280 2993 3513 3048 exsulta-

1933 3095 2093 3147 tionis
2125 3108 2235 3163 pra:
2278 3093 2624 3162 participibus
2665 3091 2787 3145 tuis.
2836 3089 3046 3145 Similia
3084 3089 3173 3143 his
3202 3095 3353 3152 sunt,
3391 3103 3521 3157 quas

1934 3182 2201 3237 Dominus
2229 3198 2258 3237 a
2282 3180 2517 3236 mortuis
2538 3180 2836 3235 suscitatus
2864 3177 3005 3232 dixit
3024 3177 3207 3232 Maria:
3235 3193 3249 3230 :
3274 3176 3520 3232 Ascendo

1933 3272 2003 3325 ad
2044 3271 2264 3325 Patrem
2298 3286 2473 3324 meum
2500 3279 2552 3323 et
2582 3268 2803 3331 Patrem
2845 3275 3097 3333 vestrum,
3150 3265 3318 3320 Deum
3340 3281 3516 3320 meum

1931 3370 1980 3415 et
2025 3360 2195 3414 Deum
2242 3368 2473 3415 uestrum
2516 3359 2582 3413 ⁸³.
2630 3358 2803 3414 Nemo
2852 3366 3038 3413 autem
3088 3366 3174 3412 est
3223 3365 3518 3426 tantopere

1910 3467 2096 3507 .sensu
2145 3452 2350 3507 mentis
2398 3465 2558 3523 puer,
2611 3458 2672 3504 ut
2718 3449 3034 3519 suspicetur
3075 3463 3203 3503 eum
3237 3447 3333 3518 qui
3382 3462 3520 3503 vere

1928 3543 2075 3598 Deus
2117 3552 2221 3607 est,
2276 3541 2503 3612 proprie
2560 3539 2669 3595 dici
2720 3553 2883 3609 posse
2930 3536 3137 3592 habere
3164 3536 3373 3603 Deum;
3408 3550 3515 3591 nee

1926 3650 2052 3690 eum
2087 3634 2183 3705 qui
2226 3634 2398 3688 homo
2439 3642 2654 3689 tantum
2687 3631 2781 3697 sit,
2809 3631 3027 3686 Patrem
3054 3644 3255 3684 vocare
3286 3627 3517 3699 proprie

1927 3728 2102 3780 Deum
2155 3740 2342 3780 suum.
2378 3722 2487 3779 Sed
2535 3724 2666 3795 quia
2694 3723 2803 3778 hoc
2826 3731 2885 3777 et
2913 3720 3049 3776 illud
3083 3730 3168 3777 est
3200 3720 3255 3774 in
3288 3719 3508 3785 eodem,

1924 3817 2075 3872 Deus
2120 3817 2284 3871 simul
2321 3824 2379 3871 et
2414 3816 2606 3882 homo,
2636 3824 2937 3884 utrumque
2966 3812 3189 3883 proprie
3235 3827 3357 3867 esse
3383 3814 3512 3867 cer-

1925 3906 2122 3963 nitur:
2159 3906 2334 3961 Filius
2365 3906 2515 3961 enim
2549 3913 2657 3971 est,
2694 3913 2750 3959 et
2782 3919 3011 3970 servus;
3046 3904 3254 3959 idcirco
3288 3903 3511 3973 proprie

1925 4008 2087 4054 vocat
2113 4000 2312 4064 Deum,
2345 3999 2509 4053 simul
2554 3999 2727 4053 Deum
2758 4006 2814 4051 et
2850 3998 3071 4052 Patrem
3099 4016 3112 4051 :
3144 3996 3364 4051 Patrem
3388 3995 3513 4064 qui-

1926 4093 2053 4148 dem
2085 4104 2148 4149 ut
2179 4095 2402 4148 Patrem
2431 4092 2550 4157 Dei,
2580 4092 2751 4147 Deum
2780 4105 2915 4146 vero
2950 4100 3011 4145 ut
3041 4092 3214 4147 Deum
3243 4089 3507 4144 hominist

1923 4186 2046 4240 Non
2100 4186 2250 4241 enim
2314 4193 2500 4257 potest
2550 4186 2678 4254 quis
2735 4200 3032 4256 separare,
3084 4198 3208 4253 quas
3260 4179 3516 4251 separari

1924 4292 2035 4332 non
2074 4286 2331 4347 possunt.
2359 4277 2489 4332 dum
2526 4275 2782 4332 Christus
2810 4286 2913 4341 est,
2952 4274 3047 4345 qui
3075 4290 3149 4330 ex.
3172 4274 3258 4331 his
3285 4287 3516 4344 compo-

1922 4370 2065 4425 situs
2103 4378 2210 4425 est.

1994 4459 2189 4516 XXIII.
2230 4459 2387 4516 Unde
2451 4459 2718 4516 adversus
2763 4474 2881 4525 eos,
2931 4460 3025 4530 qui
3070 4468 3295 4530 propter
3345 4458 3513 4514 indu:

1924 4560 2173 4607 mentum
2219 4551 2406 4608 carnis
2444 4551 2661 4621 decepti
2712 4560 2862 4619 sunt,
2907 4552 3336 4621 existimantque
3378 4566 3513 4621 pro-

1925 4646 2146 4717 phetam
2211 4655 2464 4700 sanctum
2522 4660 2643 4700 esse
2698 4659 2847 4709 eum,
2885 4645 3175 4715 viderique
3224 4645 3514 4700 hominem

1927 4744 2181 4803 tantum;
2221 4736 2297 4791 ait
2335 4737 2602 4792 Dominus
2643 4751 2746 4805 per
2790 4736 3110 4792 Zachariam
3140 4736 3509 4807 prophetam:

1923 4830 2045 4886 Non
2096 4848 2216 4885 sum
2258 4846 2353 4902 ego
2403 4831 2682 4901 propheta,
2738 4833 2864 4901 quia
2904 4832 3057 4885 homo
3088 4830 3269 4901 genuit
3312 4845 3395 4883 me
3438 4828 3507 4883 αὑ

1925 4918 2281 4976 adolescentia
2331 4938 2448 4975 mea
2488 4921 2569 4986 “:7
2612 4920 2668 4975 id
2701 4929 2825 4976 est:
2862 4921 2942 4976 Ne
2980 4920 3284 4985 existimes,
3316 4920 3409 4990 qui
3435 4934 3507 4974 ea

1926 5014 2151 5069 homine
2204 5015 2424 5085 genitus
2468 5030 2612 5079 sum,
2642 5013 2967 5084 prophetam
3000 5028 3119 5067 esse
3150 5028 3163 5065 :
3196 5027 3329 5066 mea:
3353 5009 3513 5065 enim

1925 5107 2312 5162 adolescentiae
2343 5115 2431 5163 est
2456 5108 2573 5163 haec
2600 5106 2905 5178 generatio,
2942 5120 3052 5160 non
3081 5114 3264 5160 autem
3288 5114 3515 5161 internas

1924 5214 2060 5253 mea:
2108 5198 2386 5253 essentite.
2437 5199 2505 5252 Et
2565 5214 2675 5268 per
2700 5198 2868 5252 alium
2918 5198 3242 5267 prophetam
3299 5197 3517 5252 clarius

1925 5289 2105 5343 dixit:
2139 5288 2276 5343 Deus
2315 5306 2456 5355 sum,
2496 5297 2546 5342 et
2598 5306 2702 5343 non
2739 5291 2924 5357 homo;
2967 5292 3021 5345 in
3063 5300 3112 5345 te
3154 5301 3365 5346 sanctus
3415 5292 3461 5322 “
3486 5308 3513 5358 ;

1927 5394 2036 5433 non
2074 5389 2240 5451 negat
2286 5396 2345 5435 se
2399 5381 2703 5446 hominem,
2754 5382 2848 5438 sed
2898 5383 3083 5453 potius
3132 5398 3200 5438 ex
3242 5399 3309 5439 eo
3353 5384 3506 5454 quod

1927 5472 2295 5543 principalius
2336 5481 2441 5538 est,
2499 5482 2558 5528 et
2614 5474 2766 5544 quod
2812 5491 2922 5530 non
2974 5476 3327 5544 credebatur,
3373 5479 3516 5548 quia

2016 5627 2061 5659 "
2092 5628 2196 5683 Isa.
2241 5644 2362 5692 λιν,
2413 5628 2597 5685 14-16.
2694 5632 2741 5663 ³⁸
2783 5631 2940 5686 Ioan.
2994 5649 3045 5695 x,
3103 5634 3193 5691 55.
3296 5635 3342 5666 "
3396 5635 3499 5689 lsa.

2016 5714 2038 5735 ιο
2114 5715 2149 5735 ιι
2216 5699 2248 5735 0
2346 5700 2392 5731 88
2446 5700 2573 5735 Innn
2630 5718 2746 5735 νιοιιο
2814 5703 2843 5735 ξ
2975 5702 3022 5735 ιι
3059 5701 3179 5735 Βοηι
3246 5720 3366 5735 νει-ι
3446 5705 3482 5735 ’ζ

2018 5714 2057 5751 r.
2114 5715 2170 5761 tt,
2216 5701 2268 5753 9.
2346 5701 2392 5731 ³³
2439 5701 2595 5755 Joan.
2630 5718 2763 5764 xvn',
2811 5703 2862 5756 5.
2975 5702 3022 5735 ⁸⁵
3059 5701 3203 5759 Psal.
3246 5720 3386 5763 xuv.
3445 5705 3504 5760 5.

2018 5769 2061 5799 ³⁸
2109 5770 2248 5823 Psal.
2291 5786 2435 5833 λων,
2489 5772 2539 5825 1.
2637 5774 2680 5804 ³⁸
2733 5771 2925 5826 Matth.
2978 5789 3053 5838 ιιι,
3104 5775 3189 5829 17.
3264 5774 3310 5806 ⁴⁰
3355 5774 3514 5829 Psal..

1981 5839 2025 5870 ⁸³
2064 5839 2231 5898 Zach.
2277 5857 2389 5907 xui,
2428 5842 2484 5896 5.
2561 5842 2605 5875 “
2643 5841 2781 5897 Osee
2835 5858 2910 5909 χι,
2954 5845 3008 5900 9.

2694 5632 2741 5663 ’⁸
2783 5631 2940 5686 Ioan.
2994 5649 3045 5695 x,
