4052 6530
605 371 624 436 ι
637 373 737 439 34⁸7

1721 379 1782 436 S.
1826 378 2221 438 ANASTASII
2259 377 2729 438 ANTIOCIIENI

3712 381 3822 450 l3i8

600 488 776 545 oculis
826 487 1012 543 carnis
1054 502 1165 542 non
1223 486 1540 553 videbatur,
1589 488 1833 559 seipsum
1892 489 2182 543 nominat:
2218 493 2260 548 Α
2290 486 2397 541 sit?
2422 486 2467 541 si
2493 487 2640 541 enim
2677 500 2786 540 non
2812 486 2963 551 facit,
3005 496 3066 543 ut
3094 486 3278 543 aiebat
3311 487 3375 552 ⁸⁸,
3411 501 3574 559 opera
3619 488 3727 559 ejus
3750 497 3825 563 qui

603 588 729 634 erat
770 579 921 635 enim
961 586 1019 632 et
1074 586 1161 634 est
1214 588 1535 649 utrumque,
1581 596 1649 636 ex
1684 596 1793 650 quo
1852 580 2161 636 instrumen

604 680 722 726 tum
768 686 1099 742 corporeum
1143 669 1252 725 sibi
1288 672 1503 741 aptavit
1551 682 1765 728 naturae
1806 673 2007 728 divinae
2038 671 2195 727 vehi-

604 765 814 827 culum,
865 779 977 834 quo
1029 765 1267 819 salutem
1301 765 1656 821 machinatus
1686 775 1795 830 est,
1821 766 2026 836 quibus
2056 779 2194 835 opus

604 864 747 912 erat.
772 856 981 911 Idcirco
1010 866 1132 927 post
1166 855 1439 911 sacriﬁcia
1464 857 1602 927 legis
1643 872 1763 926 quae
1795 856 2058 927 prodesse
2083 870 2194 909 non

605 958 925 1018 potuerant,
970 948 1199 1003 aiebat:
1236 948 1371 1003 Ecce
1405 952 1554 1003 venio
1594 959 1780 1019 aptato
1822 949 1949 1003 mihi
1978 963 2196 1018 corpore

605 1056 717 1111 quo
741 1049 1029 1111 peccatum
1048 1040 1242 1096 mundi
1276 1042 1498 1107 tollam;
1519 1042 1634 1096 haac
1658 1041 1808 1096 enim
1841 1049 1927 1096 est
1944 1042 2198 1096 voluntas

606 1130 808 1195 Patris,
860 1141 923 1185 ut
962 1146 1156 1186 omnes
1208 1131 1462 1186 homines
1493 1132 1628 1187 salvi
1676 1131 1811 1187 ﬁant
1847 1149 1860 1186 :
1900 1131 2079 1197 Venio,
2113 1132 2197 1187 in—

605 1226 749 1295 quit,
786 1233 844 1278 ut
886 1223 1084 1293 faciam
1132 1225 1462 1279 voluntatem
1509 1234 1660 1279 tuam
1708 1225 1775 1279 ".

676 1317 869 1373 XXIV.
910 1319 1301 1373 Demonstrato
1327 1320 1495 1391 igitur
1530 1321 1600 1375 iis
1622 1321 1714 1391 qui
1738 1338 1847 1377 non
1873 1330 2003 1376 sunt
2034 1322 2199 1377 nimis

606 1407 677 1463 ab
725 1408 1005 1463 audiendo
1047 1417 1104 1463 et
1142 1409 1465 1465 obedientia
1520 1411 1713 1475 alieni,
1750 1412 1895 1482 quod
1933 1413 2079 1467 Deus
2112 1420 2198 1467 est

604 1498 885 1567 Christus,
933 1510 991 1556 et
1036 1502 1185 1571 quod
1232 1503 1433 1569 homo;
1478 1514 1537 1559 et
1579 1504 1727 1574 quod
1768 1506 1913 1559 Deus
1944 1506 2105 1559 simul
2144 1512 2199 1560 et

608 1591 777 1647 homo
804 1600 910 1658 est,
959 1595 1281 1649 testimonio
1339 1596 1479 1667 legis
1523 1606 1581 1651 et
1630 1597 2072 1667 prophetarum:
2113 1605 2196 1651 ta-

609 1685 771 1740 metsi
798 1701 1206 1755 supervacuum
1240 1687 1315 1741 sit
1348 1688 1663 1743 testimonia
1690 1689 1829 1743 Novi
1857 1689 2197 1744 Testamenti

608 1769 897 1836 adhibere,
950 1782 1133 1828 tamen
1183 1790 1251 1829 ex
1285 1776 1619 1832 redundanti
1663 1778 1937 1833 accedant
1992 1779 2060 1833 ad
2098 1794 2195 1834 ve-

611 1872 730 1918 tera
763 1881 904 1919 nova
943 1882 1066 1936 quae
1108 1869 1220 1924 illis
1271 1871 1403 1940 ipsis
1450 1882 1777 1937 consonent,
1823 1882 2081 1944 tanquam
2124 1874 2194 1928 ah

610 1972 723 2011 uno
768 1966 824 2013 et
866 1960 1060 2014 eodem
1097 1960 1310 2033 Spiritu
1350 1964 1579 2035 scripta.
1619 1965 1762 2032 Quid
1798 1976 1982 2021 autem
2012 1975 2099 2021 est
2139 1967 2193 2021 in

610 2048 699 2104 bis
730 2052 1075 2122 explanatius
1110 2057 1335 2112 nomine
1364 2057 1708 2123 Emmanuel,
1747 2059 1886 2130 quod
1929 2061 2193 2129 interpre-

610 2146 785 2221 tatum
820 2149 917 2206 est,
966 2148 1029 2197 ut
1065 2144 1144 2198 ait
1174 2144 1522 2216 Evangelista
1558 2146 1603 2177 “
1635 2165 1648 2201 :
1690 2147 1971 2202 Nobiscum
2006 2148 2196 2203 Deus?

609 2246 721 2286 non
764 2232 926 2287 aliter
971 2235 1267 2291 nobiscum
1303 2238 1449 2292 Deus
1480 2238 1686 2304 dictus,
1738 2239 1847 2294 nisi
1881 2241 2011 2310 quia
2050 2242 2196 2297 Deus

609 2332 732 2378 erat
763 2325 928 2380 simul
966 2336 1015 2379 et
1065 2331 1240 2394 homo,
1291 2347 1359 2385 ex
1411 2330 1576 2386 nobis
1625 2333 1792 2387 simul
1844 2342 1904 2389 et
1934 2350 2002 2389 ex
2031 2335 2192 2389 Deo:

611 2414 933 2487 hujusmodi
979 2422 1130 2476 enim
1165 2431 1251 2477 est
1280 2425 1613 2494 compositio
1650 2424 1975 2482 Salvatoris.
2038 2428 2195 2484 Unde

611 2523 737 2562 cum
777 2511 1021 2579 pontifex
1069 2513 1461 2585 jusjurandum
1504 2516 1557 2571 ei
1612 2519 2015 2588 proposuisset,
2062 2519 2193 2575 dum

607 2600 880 2671 judicium
930 2612 988 2659 et
1014 2606 1348 2661 calumniam
1375 2608 1611 2675 subiret,
1648 2609 1901 2681 nihilque
1933 2612 2001 2668 ad
2031 2612 2195 2669 falsas

611 2693 1034 2751 criminationes
1086 2699 1471 2769 responderet,
1526 2702 1898 2771 interrogatus
1957 2721 2029 2760 an
2077 2706 2194 2776 ipse

612 2786 789 2842 Filius
806 2788 902 2842 Dei
920 2799 1086 2855 esset,
1106 2792 1457 2847 commodum
1476 2794 1763 2863 respondit
1786 2814 1799 2849 :
1816 2796 1891 2850 Tu
1920 2797 2099 2852 dixisti
2120 2798 2190 2865 ἰτς

611 2895 746 2936 sane
782 2881 1010 2950 quidem
1056 2898 1168 2937 non
1204 2899 1466 2940 assensus
1511 2885 1708 2943 fuisset
1753 2892 2193 2957 percunctationi

611 2971 756 3040 ejus,
807 2972 905 3040 qui
961 2974 1235 3029 malitiose
1266 2982 1323 3030 et
1351 2977 1685 3033 veteratorie
1725 2979 2110 3049 jusjurandum
2141 2981 2192 3037 ei

610 3059 909 3123 inferebat,
950 3063 1054 3117 nisi
1107 3066 1269 3133 plane
1321 3066 1491 3122 sciret
1540 3084 1598 3123 se
1649 3070 1823 3124 Deum
1858 3087 1980 3127 esse
2030 3073 2193 3128 simul

2291 592 2419 632 eum
2454 578 2627 643 misit,
2676 594 2785 633 non
2819 587 2904 634 est
2933 580 3274 636 credendum
3302 578 3353 635 ei
3385 595 3505 636 esse
3551 581 3737 648 Deum;
3761 587 3828 652 sia

2292 683 2427 723 vero
2460 668 2614 734 facit,
2638 684 2866 725 necesse
2893 680 2980 725 est
3001 672 3267 742 operibus
3296 672 3417 742 ejus
3438 672 3663 729 credere
3690 692 3703 727 :
3738 675 3830 731 haec

2294 761 2441 815 enim
2493 761 2882 817 demonstrant
2935 762 3327 827 substantiam,
3376 764 3670 819 secundum
3712 768 3833 822 axio-

2296 870 2383 909 ma
2414 854 2562 924 quod
2598 855 2681 909 ait
2709 872 2722 907 :
2751 856 2998 921 Quorum
3028 864 3114 911 est
3143 856 3394 927 operatio
3412 857 3623 921 eadem,
3652 868 3703 912 et
3730 860 3833 915 sub-

2294 946 2497 1000 stantia
2548 962 2679 1011 una,
2723 946 2916 1001 eadem
2950 947 3059 1002 erit
3106 956 3163 1002 et
3197 948 3571 1018 suboperatio.
3602 947 3833 1014 Quocirca

2296 1036 2354 1090 in
2401 1052 2570 1092 carne
2624 1038 2833 1093 latebat
2899 1039 3393 1095 consubstantialis
3441 1040 3613 1104 Patri,
3652 1041 3836 1094 eadem-

2295 1144 2404 1199 que
2460 1129 2540 1184 illi
2592 1128 2827 1196 faciens,
2883 1131 2980 1201 qui
3036 1131 3267 1187 aiebat:
3316 1131 3481 1185 Pater
3522 1148 3664 1185 meus
3705 1149 3835 1202 usque

2298 1221 2450 1274 modo
2494 1230 2771 1292 aperatur,
2815 1229 2863 1275 et
2903 1239 2996 1293 ego
3038 1240 3229 1293 operor
3262 1224 3328 1276 δ’.
3356 1223 3425 1277 Ει
3470 1223 3668 1277 iterum
3700 1223 3837 1288 ποκα

2296 1313 2433 1366 videt
2468 1312 2685 1367 Patrem
2720 1315 3021 1383 facientem,
3048 1317 3159 1369 Iure
3182 1314 3349 1369 Filius
3376 1315 3621 1369 similiter
3647 1316 3757 1386 facit
3784 1318 3833 1370 ³⁹.
3922 1353 3932 1365 .

2372 1403 2535 1459 XXV.
2586 1406 2761 1463 Recte
2803 1421 2939 1475 ergo
2986 1405 3056 1461 de
3104 1407 3217 1461 Deo
3254 1406 3560 1461 sentientes
3593 1408 3835 1461 videbimus

2298 1512 2417 1549 eum
2447 1496 2606 1549 sicuti
2631 1497 2791 1561 est",
2825 1513 2937 1551 non
2975 1505 3222 1567 quantus
3246 1508 3370 1553 est:
3395 1508 3482 1553 est
3521 1508 3698 1553 autem
3728 1498 3837 1553 Dm

2298 1587 2594 1643 benedictus
2631 1590 2684 1642 in
2716 1590 2939 1655 saecula,
2977 1599 3037 1644 ut
3075 1590 3374 1660 Apostolus
3405 1591 3485 1645 ait
3507 1590 3573 1643 ".
3606 1590 3704 1644 Sed
3733 1592 3835 1645 licet

2298 1682 2443 1737 Deus
2473 1692 2579 1747 est,
2608 1692 2791 1738 tamen
2821 1698 2889 1739 ex
2906 1685 3077 1738 altera
3100 1695 3254 1753 parte
3278 1697 3301 1725 ι
3330 1701 3361 1738 a
3394 1700 3453 1739 se
3497 1684 3612 1755 ipse
3646 1693 3837 1740 vocatus

2300 1775 2594 1845 reperitur,
2620 1775 2754 1847 quin
2779 1776 2949 1832 etiam
2980 1793 3009 1831 a
3031 1776 3321 1848 discipulis
3348 1778 3493 1843 suis;
3526 1777 3697 1832 aiebat
3720 1779 3837 1832 enim

2230 1846 2269 1900 Β
2297 1868 2504 1923 Iudaeis
2537 1887 2549 1924 :
2581 1846 2732 1924 Nunc
2771 1872 3008 1941 quaeritis
3038 1886 3121 1924 me
3146 1846 3469 1939 interﬁcere,
3500 1872 3747 1925 hominem
3769 1873 3840 1941 qui

2297 1964 2572 2018 veritatem
2608 1964 2749 2017 vobis
2790 1963 2904 2017 dico
2931 1963 3012 2029 ⁸³;
3044 1979 3167 2034 qua:
3212 1963 3439 2034 quidem
3474 1979 3599 2018 cum
3637 1963 3840 2033 perfecte

2296 2053 2499 2109 Paulus
2544 2054 2893 2125 intelligeret,
2920 2069 3111 2109 vocem
3160 2069 3282 2124 quae
3322 2069 3513 2125 parem
3544 2053 3650 2106 vim
3686 2052 3839 2111 habet.

2298 2140 2351 2194 in
2387 2142 2649 2211 Epistolis
2702 2142 2817 2198 suis
2859 2143 3103 2213 reliquit,
3135 2159 3263 2199 cum
3296 2144 3435 2198 dixit
3466 2161 3479 2195 :
3507 2142 3671 2199 Homo
3716 2141 3839 2197 Chri-

2297 2241 2409 2287 stus
2442 2233 2616 2299 Iesus,
2653 2236 2743 2305 qui
2782 2234 2926 2288 dedit
2966 2251 3022 2289 se
3062 2236 3236 2305 ipsum
3276 2251 3373 2306 pro
3426 2234 3665 2288 omnibus
3684 2234 3742 2285 “.
3771 2232 3841 2287 Sic

2303 2326 2469 2397 igitur
2492 2326 2587 2396 qui
2612 2326 2731 2381 sine
2757 2326 3113 2382 contentione
3147 2326 3365 2397 quaerit,
3397 2342 3513 2381 non
3548 2325 3841 2380 aberrabita

2299 2418 2551 2483 veritate,
2617 2434 2740 2488 qua:
2791 2417 2859 2473 iis
2912 2418 3005 2488 qui
3045 2434 3166 2473 eam
3220 2417 3578 2481 desiderant,
3627 2415 3839 2485 patefieri

2298 2520 2497 2582 potest,
2530 2511 2689 2583 cujus
2723 2526 2824 2565 nos
2864 2511 3047 2581 cupidi
3084 2520 3141 2566 et
3177 2509 3410 2566 studiosi
3444 2525 3624 2581 pauca
3650 2524 3714 2563 ex
3738 2508 3842 2562 mul-

2298 2602 2369 2658 tis
2399 2617 2520 2672 quze
2562 2602 2617 2656 in
2658 2600 2863 2657 divinis
2897 2600 3200 2671 Scripturis
3226 2602 3479 2672 disperso
3506 2601 3841 2663 continentur,

2296 2696 2673 2767 exposuimus,
2701 2703 2969 2765 quantum
2992 2695 3257 2749 memoria
3284 2710 3352 2749 ex
3377 2705 3628 2764 tempore
3656 2692 3839 2747 obtulit.

2296 2788 2534 2844 Possunt
2573 2796 2756 2841 autem
2799 2786 2894 2856 qui
2942 2786 3117 2841 Iibros
3157 2801 3343 2841 sacros
3386 2786 3444 2840 in
3487 2784 3731 2839 manibus
3770 2783 3843 2836 ba-

2296 2879 2450 2943 bent,
2504 2879 2765 2950 colligere
2817 2878 3005 2932 omnia
3061 2878 3131 2933 de
3189 2892 3249 2934 re
3298 2878 3425 2942 hac,
3467 2888 3525 2932 et
3584 2877 3767 2932 habere
3800 2874 3840 2928 in

2295 2978 2555 3041 promptu
2583 2969 2652 3025 ad
2673 2984 2829 3024 suam
2854 2967 3150 3024 utilitatem
3174 2974 3231 3022 et
3261 2966 3701 3037 redarguendum
3724 2979 3839 3018 men-

2297 3044 2517 3119 dacium
2552 3080 2566 3117 :
2597 3063 2745 3135 quod
2796 3063 3019 3134 quidem
3050 3078 3153 3133 ego
3177 3076 3327 3116 nunc
3366 3060 3555 3117 facere
3589 3076 3692 3115 non
3722 3059 3842 3129 potui

610 3158 671 3203 el
702 3149 1007 3207 hominem.
1042 3153 1259 3209 Etenim
1303 3155 1351 3211 si
1384 3156 1550 3212 homo
1595 3159 1773 3214 solum
1810 3169 1951 3227 erat,
1984 3166 2197 3234 utqui-
2225 3183 2267 3241 ο
2302 3157 2359 3211 in
2394 3157 2611 3213 exsilio.
2651 3156 2758 3211 Sed
2801 3171 2927 3212 cum
2983 3171 3158 3227 pauca
3203 3155 3449 3210 habeant
3487 3154 3725 3210 eamdem
3757 3155 3842 3208 vim

611 3240 739 3296 dam
788 3242 857 3298 de
898 3260 966 3300 eo
999 3246 1267 3313 sentiunt,
1305 3249 1585 3318 quomodo
1611 3250 1922 3309 afﬁrmabat
1946 3270 2005 3310 se
2028 3256 2200 3313 Deum
2242 3240 2252 3241 ί
2304 3264 2468 3319 Quam
2496 3249 2704 3305 habent
2737 3250 2930 3315 multa,
2965 3248 3214 3319 paucitas
3241 3264 3438 3303 eorum
3480 3264 3602 3318 qua:
3638 3246 3841 3317 exposita

613 3333 684 3388 de
712 3337 817 3389 hoc
842 3335 1252 3408 interregatus?
1282 3340 1404 3395 Non
1436 3343 1584 3397 enim
1614 3354 1867 3399 servatur
1896 3348 2201 3404 secundum

614 3425 753 3479 istos
794 3426 937 3482 ratio
983 3428 1149 3498 justi;
1185 3429 1459 3500 siquidem
1493 3432 1589 3502 qui
1631 3433 1939 3491 divinitatis
1968 3437 2201 3508 gloriam

610 3526 672 3571 et
704 3517 1024 3588 opinionem
1076 3519 1183 3574 sibi
1230 3522 1484 3589 assumit,
1538 3537 1663 3577 cum
1710 3525 1917 3595 alioqui
1973 3543 2085 3583 non
2130 3528 2202 3583 sit

614 3606 782 3671 Deus,
837 3622 949 3661 non
986 3608 1165 3663 solum
1201 3626 1312 3665 non
1338 3620 1422 3666 est
1462 3614 1669 3683 justus,
1715 3614 1813 3669 sed
1857 3616 2015 3673 valde
2051 3617 2201 3674 blas-

611 3699 891 3769 phemus;
931 3701 1083 3772 atqui
1125 3710 1388 3773 tanquam
1419 3704 1801 3775 blasphemum
1827 3707 1963 3763 fatui
1987 3716 2044 3763 et
2069 3710 2197 3765 caeci

611 3807 741 3847 eum
794 3792 864 3847 ad
904 3804 1137 3849 mortem
1188 3795 1613 3862 damnaverunt,
1646 3814 1757 3853 non
1804 3799 2195 3872 intelligentes,

610 3883 763 3954 quod
798 3886 947 3940 clare
976 3894 1033 3941 et
1060 3902 1193 3943 vere
1228 3887 1438 3943 dictum
1477 3899 1621 3945 erat.
1648 3889 1829 3957 Quare
1855 3892 2090 3948 alterum
2128 3910 2195 3950 ex

610 3974 835 4029 duobus
860 3978 1238 4032 necessarium
1277 3988 1383 4043 est,
1412 3988 1511 4034 aut
1542 3980 1793 4036 confiteri
1831 3996 1962 4037 eum
1986 3983 2193 4051 Deum;

609 4076 709 4120 aut
741 4082 923 4137 neque
970 4068 1249 4125 hominem
1293 4070 1516 4141 quidem
1541 4072 1776 4144 justum,
1822 4075 1919 4146 qui
1964 4092 2024 4132 se
2060 4077 2197 4133 dixit

612 4157 785 4213 Deum
810 4175 980 4235 esse;
1011 4162 1158 4217 sicut
1186 4163 1333 4218 enim
1372 4164 1538 4221 unius
1583 4167 1803 4238 negatio
1848 4170 2079 4225 alterius
2110 4178 2196 4226 est

611 4252 923 4318 recusatio;
977 4253 1058 4308 sic
1096 4255 1265 4309 unius
1321 4254 1613 4310 alﬁrmatio
1646 4258 1881 4314 alterius
1928 4267 2016 4315 est
2057 4276 2192 4316 con-

613 4338 872 4396 ﬁrmatio.
892 4342 1082 4412 Itaque
1100 4344 1495 4400 confitentibus
1512 4346 1721 4417 justum
1752 4348 2032 4405 hominem
2047 4365 2190 4418 esse,

608 4432 886 4502 sequitur,
942 4443 1003 4488 ut
1052 4435 1369 4491 necessario
1404 4439 1573 4491 Deum
1627 4453 1750 4493 esse
1800 4440 2188 4509 confiteantur,

2304 3349 2454 3407 sunt,
2487 3357 2598 3397 non
2624 3342 2869 3397 obstabit
2910 3342 2979 3397 iis
3016 3340 3110 3412 qui
3139 3342 3420 3396 voluerint
3451 3352 3662 3397 certum
3697 3348 3747 3394 et
3768 3356 3842 3393 ex-

2302 3435 2578 3505 ploratum
2614 3434 2843 3495 habere,
2886 3433 2943 3488 in
2972 3450 3084 3504 quo
3124 3449 3265 3506 opus
3298 3440 3419 3487 erat
3464 3429 3839 3501 habere:quod

2302 3528 2451 3583 enim
2479 3526 2643 3583 tidem
2676 3536 2733 3581 et
2776 3527 3162 3582 auctoritatem
3195 3526 3362 3582 habet
3396 3525 3455 3580 in
3497 3541 3610 3580 uno
3638 3523 3767 3595 quod
3788 3523 3839 3577 ab

2298 3633 2369 3673 eo
2414 3617 2639 3683 dicitur,
2670 3632 2781 3671 non
2832 3615 3018 3671 minus
3052 3616 3322 3672 credibile
3361 3616 3521 3681 facit,
3565 3629 3720 3685 quam
3750 3613 3787 3667 si
3817 3627 3840 3665 a

2301 3710 2452 3765 mille
2479 3709 2680 3765 similis
2726 3708 3071 3764 auctoritatis
3108 3708 3317 3764 dictum
3350 3719 3534 3774 esset;
3564 3708 3698 3763 idem
3723 3706 3839 3761 enim

2299 3800 2531 3870 spiritus
2560 3807 2649 3855 est
2680 3799 2735 3854 in
2781 3799 3061 3854 omnibus.
3091 3799 3198 3855 Sed
3248 3799 3379 3871 quid
3410 3815 3555 3871 opus
3591 3807 3672 3854 est
3699 3796 3839 3869 pluri-

2298 3892 2404 3949 bus
2432 3892 2657 3948 verbis?
2694 3891 2979 3962 Siquidem
3022 3894 3139 3963 ipse
3170 3909 3201 3948 a
3228 3909 3339 3964 quo
3376 3892 3619 3964 Spiritus
3656 3900 3839 3946 sanctus

2297 3986 2567 4055 procedit,
2621 3986 2691 4042 de
2744 3986 2928 4057 seipse
2986 3995 3176 4058 aperte
3229 3989 3607 4044 testimonium
3655 3981 3836 4042 veritati

2297 4078 2524 4149 prasbet,
2556 4078 2651 4149 qui
2692 4078 2957 4149 seipsum,
2982 4089 3040 4135 et
3061 4079 3209 4151 quod
3242 4081 3297 4135 in
3328 4096 3387 4135 se
3410 4090 3521 4147 est,
3556 4078 3834 4151 cognoscit:

2297 4169 2419 4240 Ipse
2446 4171 2609 4235 enim,
2644 4171 2824 4241 inquit
2845 4172 3221 4244 Evangelista,
3255 4174 3479 4239 sciebat,
3504 4175 3633 4245 quid
3657 4179 3769 4225 esset
3792 4171 3832 4221 in

2294 4262 2504 4316 homine
2524 4263 2593 4317 ³³.
2619 4262 2766 4319 Satis
2824 4264 3132 4321 hactenus:
3162 4280 3457 4337 pergamus
3507 4266 3750 4336 deinceps
3781 4260 3833 4317 ad

2292 4355 2705 4424 exponendum,
2741 4371 2842 4426 pro
2866 4355 3101 4423 viribus,
3133 4372 3255 4429 qua:
3299 4357 3366 4413 ad
3399 4358 3703 4429 passionem
3740 4352 3835 4410 Sal-

2292 4446 2497 4503 vatoris
2523 4448 2822 4518 pertinent.

604 4523 708 4594 qui
742 4524 881 4580 dixit
912 4540 972 4581 se
1006 4540 1133 4582 esse
1164 4528 1356 4582 Deum.
1388 4527 1532 4595 Quid
1562 4529 1712 4584 enim
1748 4530 1933 4587 obstat
1959 4534 2091 4603 quin
2120 4534 2196 4592 ita
2227 4524 2272 4581 ι)

682 4657 728 4733 ‘f
760 4661 889 4733 Psal
952 4679 1135 4724 xxxix,
1190 4663 1243 4726 ’1,
1286 4663 1339 4718 8.
1416 4664 1462 4696 ⁸⁸
1500 4665 1690 4720 Matth.
1739 4684 1778 4731 1,
1814 4668 1904 4722 25.
1983 4669 2029 4702 "
2062 4669 2193 4725 Matt

2295 4688 2439 4733 xxvr,
2477 4672 2564 4728 64.

610 4728 661 4761 ⁸⁸
694 4730 832 4787 ibid.
866 4734 951 4789 I9.
1028 4734 1071 4765 “
1096 4733 1117 4788 ι
1142 4733 1300 4789 Joan.
1333 4751 1413 4801 Ill,
1444 4735 1500 4791 2.
1575 4738 1621 4769 ⁸³
1660 4728 1821 4793 Rom.
1846 4756 1922 4805 rx,
1952 4740 2006 4795 5.
2082 4742 2127 4773 ⁸³
2154 4741 2196 4796 .1‹

2298 4781 2313 4796 .
2351 4728 2465 4809 vni,
2501 4744 2590 4799 40.
2666 4728 2924 4799 ’δίίτὶἶιι
2957 4728 3015 4812 ιι,
3045 4728 3176 4811 5,(ἷ.

2673 4673 2718 4705 ⁸⁸
2764 4674 2922 4730 Joan.
2960 4692 3015 4737 x.
3058 4676 3149 4737 37,
3198 4676 3286 4730 58.
3386 4678 3430 4709 δ’
3477 4678 3631 4732 Joan.
3677 4695 3723 4739 v,
3764 4676 3825 4730 l7.

3273 4748 3319 4778 "
3349 4748 3509 4803 Joan.
3546 4766 3602 4813 ll,
3639 4748 3718 4801 25.

1888 4851 2120 4908 VARUE
2161 4852 2457 4910 LECTION
2466 4855 2567 4912 ES.

682 4943 708 4972 ι
738 4931 822 4986 Et
853 4934 1024 4987 altera
1052 4944 1223 5006 parte.
1256 4936 1335 4991 Ex
1368 4948 1628 4993 contextu
1668 4940 1759 4995 hic
1784 4957 1888 4995 vox
1922 4943 2076 4997 homo
2110 4942 2304 5000 deesse
2328 4945 2571 5001 videtur.

635 5085 3813 5131 WM‘

2198 5207 2299 5268 IV.

1323 5318 1432 5378 DE
1483 5317 1870 5381 PASSIONE
1914 5322 2017 5383 ET
2068 5321 2767 5391 IMPASSIBILITATE
2808 5330 3152 5397 CHRISTI.

616 5592 619 5595 _
675 5530 719 5586 I.
749 5530 887 5585 Cum
924 5546 982 5587 se
1010 5529 1265 5587 Christus
1299 5546 1398 5602 per
1431 5547 1496 5587 ea
1540 5548 1661 5604 qua:
1684 5533 1903 5589 dicebat
1937 5544 1995 5593 et
2020 5536 2191 5595 facie-

604 5621 720 5687 bat,
770 5638 963 5677 verum
1007 5623 1178 5677 Deum
1228 5632 1285 5677 et
1325 5623 1618 5679 Dominum
1666 5626 1906 5682 universi
1956 5627 2189 5683 demon-

601 5720 853 5779 strasset,
884 5713 1105 5768 dicebat
1137 5713 1423 5784 discipulis
1471 5716 1585 5772 suis
1632 5732 1967 5775 ascensurus
1997 5720 2189 5775 Hiero-

2295 5541 2559 5613 solymam
2586 5561 2599 5597 :
2628 5543 2763 5599 Ecce
2797 5548 3127 5604 ascendimus
3162 5548 3599 5623 Hierosolymam,
3628 5547 3818 5625 ctﬁliu

2294 5634 2519 5689 hominis
2553 5636 2794 5691 tradetur
2822 5640 3065 5710 gentibus
3112 5651 3161 5695 et
3201 5643 3533 5715 pontiﬁcibus
3564 5651 3610 5697 et
3639 5638 3816 5699 Scribit.

2294 5723 2364 5776 ad
2399 5724 2807 5795 ﬂagellandum,
2844 5738 2892 5785 ct
2918 5729 3265 5799 illudcndum,
3296 5742 3346 5788 et
3374 5724 3815 5803 t‘t’ttt‘iﬁgtttdtlll"-

672 5828 721 5858 "
758 5827 946 5883 Matth.
1003 5845 1087 5898 xx,
1140 5830 1220 5897 l8,
1273 5831 1368 5898 l9;
1420 5831 1582 5888 Marc.
1614 5850 1666 5900 x,
1706 5834 1920 5902 55,5I;
1951 5834 2084 5889 Luc.
2128 5851 2271 5903 xvnt,
2311 5837 2505 5896 "al-55.
