4052 6526
277 368 418 437 1349

773 378 1057 438 ORATIO
1097 380 1194 441 IV.
1226 409 1285 418 ι
1326 383 1422 443 DE
1463 383 1831 444 PASSIONE
1874 386 1968 446 ET
2010 387 2677 454 IMPASSIBIIJTATE
2714 395 3049 460 CHRISTI.

3412 397 3549 465 1350

271 485 471 541 Aiebat
515 494 699 541 autem
745 488 861 544 iure
903 506 1026 561 qua:
1060 502 1221 548 erant
1251 506 1622 551 consentanea
1657 498 1857 568 prmdi-
1892 519 1935 574 Α
1966 501 2046 556 vit
2078 504 2378 574 accepisse,
2413 506 2710 578 inquiens:
2746 511 2886 565 Data
2912 524 2985 566 est
3024 514 3151 567 mihi
3191 517 3360 570 omnis
3397 529 3544 589 pote-

272 578 558 633 ctionibus
610 581 1028 650 prophetarum,
1087 586 1181 655 qui
1240 587 1610 657 praedixerant
1652 591 1859 645 exitum

272 685 439 740 quem
488 680 610 725 erat
663 670 1059 746 Hierosolymis
1086 677 1338 736 facturus
1379 699 1391 736 :
1425 683 1573 738 unde
1614 692 1861 755 tempore

269 763 427 819 illius
463 764 796 821 incursionis
816 768 1238 836 sceleratorum,
1271 774 1495 843 quando
1522 791 1647 831 cum
1666 778 1862 848 gladiis

274 864 333 910 et
365 856 604 925 fustibus
632 868 907 912 venerunt
941 860 1008 915 ad
1036 865 1616 934 comprehendendum
1650 869 1858 934 Iesum,

264 946 417 1019 duce
464 948 616 1004 illius
653 959 851 1005 turmae
881 951 1045 1020 Juda,
1081 970 1245 1025 quem
1297 958 1495 1014 melius
1528 959 1721 1015 fuisset
1750 977 1860 1016 non

268 1056 398 1096 esse
430 1050 653 1109 natum;
688 1059 815 1098 cum
846 1044 1042 1100 Petrus
1086 1046 1339 1105 districto
1367 1050 1571 1118 gladio,
1618 1060 1673 1107 et
1715 1054 1863 1108 auri-

270 1133 400 1187 cula
429 1134 712 1204 cujusdam
744 1134 939 1190 Malchi
966 1138 1109 1192 servi
1143 1140 1419 1209 pontiﬁcis
1450 1151 1728 1213 amputata
1778 1145 1861 1199 in-

269 1224 477 1295 juriam
533 1225 780 1299 magistri
819 1226 1014 1283 ulcisci
1048 1231 1235 1297 vellet,
1273 1233 1390 1303 ipse
1433 1235 1702 1291 Dominus
1756 1238 1860 1292 Pe-

274 1326 427 1370 trum
459 1315 784 1386 increpans:
810 1317 1087 1385 Converte,
1110 1324 1310 1393 inquit,
1332 1324 1573 1395 gladium
1600 1328 1653 1381 in
1689 1326 1858 1383 locum

272 1424 468 1473 suum;
506 1424 688 1463 omnes
734 1411 874 1465 enim
913 1411 1006 1483 qui
1052 1416 1348 1486 acceperint
1379 1415 1645 1487 gladium,
1674 1420 1858 1490 gladio

275 1501 541 1571 peribunt.
582 1501 665 1556 An
713 1510 892 1573 putas,
929 1506 1069 1576 quod
1112 1524 1217 1561 non
1258 1526 1469 1580 possum
1520 1527 1711 1582 rogare
1745 1512 1857 1568 Pa-

276 1600 415 1647 trem
442 1610 640 1660 meum,
674 1604 723 1650 et
751 1597 1005 1651 exhibebit
1034 1601 1162 1654 mihi
1190 1603 1343 1657 modo
1375 1604 1494 1675 plus
1532 1624 1694 1677 quam
1724 1607 1858 1661 duo-

275 1686 446 1740 decim
476 1685 705 1757 legiones
726 1689 1034 1761 angelorum
1058 1692 1084 1747 ?
1115 1690 1385 1758 Quomodo
1408 1713 1533 1764 ergo
1564 1698 1859 1769 implebun-

275 1786 367 1831 tur
395 1778 711 1852 Scriptum,
739 1785 863 1854 quia
889 1786 963 1838 sic
986 1795 1191 1856 oportet
1215 1787 1334 1855 ﬁeri
1351 1789 1504 1844 "?Si
1529 1805 1662 1861 ergo
1695 1806 1857 1861 opor-

1964 605 2077 649 stas
2120 598 2176 650 in
2217 598 2347 652 caelo
2399 609 2446 653 et
2498 603 2552 655 in
2591 611 2737 659 terra
2760 606 2839 671 ⁶⁸;
2873 617 2933 659 ut
2959 607 3072 677 jam
3118 608 3409 666 manifeste
3446 613 3549 669 de-

1964 696 2330 745 monstratum
2361 692 2456 760 sit,
2490 694 2655 766 hujus
2680 697 2868 766 glorim
2899 713 3118 754 causam
3150 717 3270 758 esse
3301 718 3545 772 erucem,

1961 788 2017 834 et
2055 789 2295 837 mortem
2339 800 2438 854 per
2467 799 2691 842 crucem
2722 805 2734 841 :
2763 800 2881 844 erat
2915 793 3060 846 enim
3102 793 3423 852 universum
3454 816 3548 869 ge~

1962 889 2068 928 nus
2113 886 2365 931 nostrqu
2428 894 2579 934 reum
2635 884 2850 948 mortis,
2887 884 3014 954 quia
3068 903 3248 943 omnes
3303 903 3548 958 peccare-

1963 968 2191 1034 runt“;
2215 970 2463 1026 stimulus
2496 981 2675 1027 autem
2709 979 2894 1030 mortis
2921 990 3195 1049 peccatum
3237 994 3311 1036 est
3331 985 3397 1049 ",
3433 1002 3546 1056 quo

1960 1076 2063 1115 nos
2121 1077 2275 1118 mors
2332 1065 2651 1121 vulneratos
2711 1072 3028 1138 prostravit.
3070 1074 3184 1129 Nec
3229 1076 3392 1132 aliter
3448 1078 3544 1148 qui

1960 1153 2131 1209 armis
2157 1157 2453 1226 expugnati
2484 1165 2536 1213 et
2565 1158 2708 1228 capti
2750 1170 2929 1227 erant,
2962 1164 3067 1218 nisi
3101 1180 3199 1235 per
3250 1177 3481 1224 mortem
3514 1188 3544 1223 a

1960 1246 2198 1301 vinculis
2230 1248 2518 1304 servitutis
2544 1250 2767 1306 liberari
2801 1261 3053 1322 poterant
3083 1273 3096 1309 :
3128 1259 3370 1327 pretium
3394 1261 3542 1316 enim

1960 1333 2307 1391 liberationis
2339 1337 2396 1391 in
2429 1338 2715 1394 voluntate
2756 1356 2949 1395 eorum
2986 1343 3081 1413 qui
3127 1348 3375 1416 captivos
3403 1350 3545 1405 deti-

1960 1435 2116 1491 nent,
2148 1428 2390 1497 positum
2417 1440 2524 1485 est.
2564 1432 2685 1487 Non
2720 1442 2841 1488 erat
2882 1434 3071 1506 igitur,
3103 1440 3197 1509 qui
3236 1450 3420 1510 posset
3448 1460 3546 1498 ne-

1959 1512 2170 1582 gotium
2228 1518 2512 1588 suscipere
2561 1532 2619 1574 et
2669 1523 2942 1579 redimere
2990 1532 3409 1597 genus;nullus
3441 1534 3547 1587 hu-

1961 1606 2106 1660 mani
2139 1609 2358 1677 generis
2390 1610 2531 1666 liber
2560 1621 2679 1667 erat
2704 1630 2718 1667 :
2744 1615 2833 1671 vix
2870 1616 3017 1672 enim
3046 1618 3170 1689 quis
3196 1637 3297 1691 pro
3326 1638 3383 1677 se
3430 1641 3541 1678 mo-

1960 1696 2110 1752 riens
2153 1699 2376 1769 propria
2428 1702 2764 1774 obligatione
2816 1706 3107 1775 liberatur,
3159 1712 3254 1781 qui
3319 1714 3545 1771 minime

1959 1798 2141 1857 potest
2170 1792 2255 1845 vel
2287 1810 2458 1848 unum
2492 1812 2678 1851 secum
2710 1798 2947 1856 liberare
2975 1820 2987 1855 :
3014 1804 3161 1873 quod
3197 1806 3240 1861 si
3272 1823 3340 1862 ne
3371 1823 3543 1864 unum

270 1868 579 1938 tebattieri,
611 1890 837 1932 necesse
868 1893 1093 1948 prorsus
1120 1889 1239 1935 erat
1270 1882 1391 1936 ﬁeri
1427 1901 1440 1937 :
1470 1883 1616 1953 quod
1669 1892 1853 1939 autem
1892 1877 1930 1931 Β
1959 1880 2183 1949 quidem
2221 1894 2422 1955 potest,
2466 1889 2561 1958 qui
2593 1897 2811 1960 poterat
2871 1868 3047 1949 totum
3072 1899 3341 1955 mundum
3368 1902 3546 1957 servi-

267 1981 499 2024 necesse
533 1978 617 2025 est
647 1982 706 2024 ut
738 1970 849 2036 fiat,
891 1989 1001 2028 non
1043 1982 1223 2045 potest
1254 1993 1362 2031 non
1410 1976 1548 2033 ﬁeri.
1583 1978 1721 2035 Cum
1755 1979 1856 2051 igi-

270 2065 365 2112 tur
392 2058 575 2115 divina
598 2061 883 2133 Scriptura
904 2080 933 2119 a
950 2067 1226 2138 principio
1251 2070 1593 2138 praedixisset
1618 2082 1852 2126 mortem

264 2149 500 2215 Christi,
519 2155 867 2224 etpassiones
884 2166 1011 2212 ante
1029 2168 1262 2215 mortem
1284 2178 1544 2233 ;qua:que
1563 2171 1688 2234 post
1703 2180 1857 2219 mor-

268 2250 384 2298 tem
413 2247 629 2316 corpori
647 2247 767 2317 ejus
797 2257 1017 2306 mortuo
1040 2250 1389 2319 acciderunt,
1420 2264 1474 2310 et
1513 2256 1662 2312 hunc
1680 2257 1853 2312 Deum

269 2335 361 2391 cui
394 2337 512 2393 haec
551 2339 899 2407 acciderunt,
954 2343 1347 2415 impassibilem
1388 2357 1446 2403 et
1487 2349 1851 2404 immortalem

267 2427 560 2497 praedicit:
594 2431 755 2486 aliter
811 2433 960 2488 enim
1000 2452 1283 2507 nunquam
1329 2438 1478 2494 Deus
1517 2439 1706 2505 fuerit,
1744 2439 1851 2495 nisi

267 2519 329 2574 in
362 2520 651 2577 veritatem
685 2524 1084 2581 incarnationis
1128 2527 1430 2598 intuentes,
1469 2531 1625 2587 illinc
1659 2548 1855 2589 causas

271 2613 541 2671 ducamus
571 2624 719 2671 recte
763 2626 820 2672 et
864 2618 1013 2689 juste
1045 2629 1343 2693 utrumque
1371 2625 1694 2691 conﬁtendi,
1735 2643 1856 2697 pas-

268 2704 484 2762 sionem
556 2706 769 2763 scilicet
816 2719 874 2765 et
938 2711 1469 2783 impassibilitatem;
1523 2733 1586 2773 ac
1632 2735 1853 2774 causam

272 2798 497 2869 quidem
528 2808 755 2871 propter
781 2817 945 2872 quam
979 2804 1219 2860 Verbum
1248 2808 1366 2871 Dei,
1391 2808 1597 2879 alioqui
1651 2811 1856 2882 impas-

267 2891 453 2956 sibile,
484 2892 549 2945 ad
591 2893 902 2963 passionem
928 2897 1113 2965 venit;
1142 2898 1345 2969 quippe
1374 2915 1500 2955 cum
1528 2917 1636 2956 non
1670 2915 1856 2973 posset

268 2982 431 3038 aliter
492 2983 658 3040 homo
716 2986 902 3041 salvus
953 2986 1107 3054 ﬁeri,
1160 2990 1277 3060 ipse
1335 2992 1487 3047 solus
1553 2994 1740 3061 novit,
1798 3004 1855 3050 et

267 3075 472 3147 quibus
510 3076 625 3147 ipse
650 3079 869 3148 aperuit
899 3098 912 3135 :
942 3081 1127 3137 omnia
1153 3083 1299 3137 enim
1324 3084 1479 3139 novit
1515 3099 1638 3154 quae
1676 3085 1854 3142 Patris

267 3176 417 3233 sunt,
446 3168 588 3225 sicut
620 3187 634 3224 :
659 3169 893 3243 Spiritus
915 3181 1187 3227 scrutatur
1207 3176 1472 3245 profunda
1495 3176 1541 3209 ⁸⁸
1572 3178 1848 3249 mysteria.

336 3260 404 3316 li.
436 3261 828 3319 Verumtamen
886 3266 1181 3335 oportebat
1233 3267 1347 3337 pati
1414 3266 1736 3338 Christum;
1797 3281 1854 3326 et

267 3367 382 3407 non
423 3362 640 3423 poterat
684 3357 910 3427 penitus
954 3374 1064 3414 non
1118 3358 1238 3415 ﬁeri
1292 3360 1496 3430 passio,
1543 3361 1690 3417 sicut
1736 3363 1853 3434 ipse

266 3445 578 3512 aﬂirmavit,
610 3464 737 3504 cum
776 3451 959 3506 tardos
999 3460 1048 3505 et
1088 3452 1279 3506 stultos
1308 3453 1521 3508 vocavit
1544 3454 1589 3485 ⁵⁸
1610 3470 1707 3509 eos
1757 3456 1852 3526 qui

267 3537 601 3608 ignorabant
634 3538 717 3593 sic
745 3550 1004 3610 oportere
1032 3540 1315 3597 Christum
1343 3543 1480 3613 pati,
1529 3553 1584 3600 et
1637 3545 1851 3617 ingredi

248 3630 322 3684 'in
351 3630 580 3700 gloriam
632 3646 807 3688 suam.
828 3631 1138 3704 ‘Siquidem
1183 3635 1341 3689 exivit
1372 3637 1444 3690 ad
1471 3636 1703 3693 salutem
1754 3655 1852 3711 po-

266 3723 382 3793 puli
408 3725 491 3778 sui
507 3724 574 3791 “,
617 3724 806 3780 relicta
841 3726 1013 3797 gloria
1067 3727 1158 3783 illa
1205 3743 1369 3798 quam
1424 3728 1665 3787 habebat
1704 3733 1850 3802 apud

265 3815 486 3872 Patrem
539 3825 666 3874 ante
705 3834 870 3889 quam
908 3820 1151 3876 mundus
1186 3820 1443 3889 ﬁeret“;
1485 3824 1635 3879 salus
1663 3834 1848 3880 autem

264 3911 672 3967 consummatio
714 3920 856 3977 erat,
913 3928 1037 3983 qum
1092 3916 1384 3984 oportebat
1412 3927 1475 3971 ut
1510 3933 1609 3987 per
1636 3919 1851 3988 passio-

265 4017 397 4056 nem
447 3999 624 4067 ﬁeret,
673 4010 732 4058 et
783 4004 994 4059 auctori
1025 4003 1152 4059 vita:
1201 4015 1405 4062 nostra:
1448 4007 1846 4071 ascriberetur,

266 4092 414 4147 sicut
448 4093 651 4150 Paulus
682 4093 868 4161 docet,
893 4109 1021 4151 cum
1051 4095 1128 4151 ait
1159 4113 1172 4148 :
1198 4096 1381 4168 Ipsum
1433 4115 1543 4153 esse
1576 4108 1847 4155 auctorem

265 4185 390 4239 vita:
440 4201 534 4256 per
576 4185 850 4257 passiones
910 4198 1339 4243 consummatum
1360 4191 1428 4244 ⁶².
1492 4190 1561 4246 Et
1626 4191 1849 4247 videtur

262 4272 675 4342 quodammodo
711 4276 883 4346 gloria
910 4276 1215 4348 Unigeniti,
1247 4289 1403 4335 extra
1434 4296 1599 4351 quam
1630 4282 1697 4337 ad
1723 4283 1847 4339 bre-

260 4379 331 4417 ve
359 4372 575 4436 tempus
600 4376 826 4437 pr0pter
875 4384 977 4424 nos
1029 4369 1231 4437 fuerat,
1268 4387 1369 4442 per
1409 4387 1631 4429 crucem
1664 4374 1844 4430 eidem

263 4456 521 4511 restituta
558 4456 615 4511 iu
658 4472 826 4514 carne
860 4469 1178 4531 assumpta;
1210 4462 1289 4517 ait
1328 4462 1479 4518 enim
1521 4463 1670 4521 ﬁlius
1704 4467 1846 4521 toni-

266 4545 379 4601 trui
424 4547 477 4602 in
531 4547 827 4620 Evangelio
886 4565 1009 4615 suo,
1076 4567 1202 4607 cum
1249 4555 1499 4625 exponit,
1544 4571 1668 4627 qua:
1698 4566 1846 4613 esset

263 4654 407 4710 aqua
458 4640 550 4695 illa
625 4658 792 4713 quam
835 4643 975 4698 dixit
1015 4642 1269 4700 Salvator
1324 4648 1540 4718 ﬂuxisse
1587 4657 1842 4719 tanquam

257 4732 485 4802 flumina
508 4732 573 4786 de
596 4743 779 4788 ventre
800 4735 1058 4789 credentis
1091 4756 1109 4792 :
1134 4734 1245 4790 Hoc
1273 4746 1471 4803 autem,
1497 4736 1696 4808 inquit,
1714 4739 1846 4793 dixit

256 4822 325 4875 de
363 4820 566 4894 Spiritu
593 4834 798 4892 sancto,
834 4844 990 4898 quem
1013 4830 1280 4899 accepturi
1309 4838 1463 4883 erant
1487 4830 1753 4884 credentes
1790 4832 1844 4884 in

258 4930 386 4970 eum
415 4932 433 4971 :
466 4918 704 4972 nondum
749 4921 890 4974 enim
920 4920 1078 4975 datus
1108 4931 1223 4975 erat
1254 4918 1504 4993 Spiritus,
1535 4923 1659 4993 quia
1690 4922 1845 4977 Iesus

259 5008 500 5064 nondum
525 5020 641 5066 erat
679 5010 1009 5082 glorificatus
1031 5013 1104 5079 ⁶³;
1131 5014 1360 5085 gloriam
1413 5025 1569 5069 vocat
1610 5024 1840 5071 mortem

258 5100 321 5155 in
351 5116 534 5157 cruce.
570 5102 727 5159 Unde
760 5104 1110 5169 Dominus”,
1146 5122 1269 5160 cum
1300 5121 1511 5175 preces,
1547 5116 1838 5176 antequam

256 5206 484 5248 crucem
529 5194 763 5261 subiret,
794 5195 1108 5261 adhiberet,
1145 5197 1362 5252 Patrem
1406 5198 1753 5268 precabatur,
1780 5208 1840 5253 ut

255 5285 663 5357 gloriﬁcaretur
697 5303 761 5343 ea
813 5289 990 5359 gloria
1034 5306 1196 5360 quam
1229 5290 1466 5346 habebat
1498 5291 1645 5362 apud
1687 5307 1838 5360 eum,

254 5386 551 5446 antequam
584 5378 825 5435 mundus
852 5390 1019 5436 esset.

328 5469 417 5525 ill.
456 5471 589 5526 Post
646 5474 1115 5529 resurrectionem
1176 5489 1309 5529 vero
1350 5474 1481 5530 dum
1522 5483 1838 5530 versaretur

257 5578 383 5619 uno
423 5562 710 5635 discipulis
753 5565 894 5633 suis,
938 5566 1082 5622 hanc
1127 5583 1293 5640 quam
1325 5568 1566 5639 petebat,
1599 5567 1836 5623 aliirma-

329 5706 373 5738 ⁸⁷
395 5705 587 5761 Matth.
612 5724 758 5775 xxvr,
781 5708 967 5766 52-54.

261 5777 453 5849 p.10.
513 5779 558 5809 ⁸³
582 5778 741 5834 Joan.
785 5797 880 5847 vn,
917 5782 1005 5848 38,
1044 5783 1130 5838 59.
1210 5784 1256 5815 ⁶⁴
1277 5784 1434 5840 Joan.
1467 5800 1596 5849 xvu,
1631 5785 1683 5839 5.

260 5846 310 5878 ⁸⁸
338 5846 480 5903 l‘sal.
505 5864 686 5919 LXVIII,
713 5851 803 5907 27.
882 5853 926 5886 θ’
947 5846 1047 5908 Ιεξι.
1082 5870 1128 5920 ι,
1152 5854 1205 5909 6.
1281 5855 1326 5886 ⁷⁰
1358 5854 1506 5911 Psal.
1531 5846 1639 5922 xxi,
1670 5854 1756 5909 i7.

1964 1981 2080 2026 tute
2115 1973 2402 2031 liberare?
2433 1979 2546 2034 Etsi
2609 1981 2777 2049 enim,
2808 1991 2869 2038 ut
2917 1985 3025 2041 hoc
3059 2003 3347 2058 ponamus,
3378 2009 3547 2051 unus-

1962 2066 2199 2136 quisque
2258 2067 2491 2125 idoneus
2546 2071 2743 2128 fuisset
2789 2076 2855 2129 ad
2903 2076 3287 2137 liberationem
3344 2100 3540 2140 suam:

1964 2166 2145 2214 tamen
2176 2177 2288 2217 non
2317 2163 2568 2230 decebat,
2614 2178 2675 2223 ut
2702 2186 2896 2227 omnes
2938 2184 3309 2244 morerentur,
3340 2187 3396 2234 et
3425 2196 3544 2234 om-

1963 2267 2063 2306 nes
2106 2253 2209 2309 sub
2242 2264 2516 2324 potestate
2556 2262 2753 2317 mortis
2803 2276 3172 2322 remanerent.
3203 2269 3373 2341 Cujus
3410 2286 3543 2343 ergo

1962 2354 2082 2401 erat
2112 2355 2221 2403 tam
2258 2352 2535 2407 excellens
2575 2353 2857 2412 cilicium?
2883 2359 3097 2415 scilicet
3144 2364 3401 2434 alicujus,
3446 2369 3543 2437 qui

1962 2452 2190 2507 peccare
2214 2455 2327 2494 non
2352 2443 2642 2511 potuisset.
2672 2446 2808 2513 Quis
2833 2458 3015 2505 autem
3041 2467 3106 2506 ex
3134 2455 3391 2511 omnibus
3423 2467 3545 2513 crat

1962 2530 2057 2598 qui
2096 2545 2328 2599 peccare
2370 2536 2645 2605 nequiret,
2672 2538 2778 2594 nisi
2806 2542 2958 2596 solus
3002 2544 3186 2600 Deus?
3215 2547 3386 2618 Igitur
3414 2552 3542 2620 quia

1962 2621 2057 2675 Dei
2089 2633 2209 2676 erat
2263 2623 2370 2680 hoc
2418 2642 2576 2697 opus,
2604 2628 2769 2700 idque
2812 2633 2931 2687 sine
2962 2646 3136 2691 morte
3168 2646 3225 2692 et
3265 2639 3385 2695 sine
3416 2658 3543 2711 pas-

1963 2711 2216 2769 sionibus
2252 2731 2376 2786 quae
2412 2721 2575 2775 morti
2611 2726 2969 2793 antecedunt,
3007 2730 3202 2798 perﬁci
3235 2748 3347 2786 non
3385 2743 3543 2804 pote-

1964 2812 2079 2871 rat;
2108 2805 2256 2862 Deus
2288 2818 2473 2865 autem
2498 2814 2720 2881 penitus
2748 2833 2859 2872 non
2883 2826 2969 2873 est
2995 2836 3163 2891 capax
3190 2834 3387 2880 mortis
3414 2845 3427 2880 :
3451 2842 3542 2882 as-

1962 2898 2201 2967 sumpsit
2236 2910 2511 2969 naturam,
2544 2916 2749 2963 nostrae
2794 2912 3323 2971 consubstantialem
3355 2926 3412 2972 et
3444 2934 3544 2989 per

1962 2986 2147 3041 omnia
2196 2988 2453 3055 similem,
2500 3011 2624 3064 quae
2656 3000 2945 3067 passiones
2988 3014 3046 3058 et
3076 3017 3311 3061 mortem
3343 3024 3542 3079 capere

1962 3084 2179 3143 posset;
2228 3078 2484 3146 praebens
2525 3085 2688 3141 simul
2742 3092 3092 3149 occasionem
3143 3098 3309 3151 morti
3362 3078 3541 3171 tippu-

1962 3168 2164 3235 gnandi
2218 3184 2462 3241 carnem,
2508 3184 2565 3230 et
2630 3177 2804 3248 ipsam
2846 3192 3081 3240 mortem
3131 3204 3233 3257 per
3287 3168 3540 3249 naturam

1882 3240 1925 3297 (ἶ
1962 3262 2126 3317 morti
2159 3264 2463 3337 subjectum
2496 3269 2836 3330 decertando
2871 3240 3310 3350 expugnatrurus,
3348 3294 3407 3340 ut
3440 3304 3543 3343 ne-

1956 3367 2063 3421 que
2104 3370 2253 3411 mors
2298 3358 2487 3415 dicere
2522 3373 2708 3431 posset
2754 3381 2814 3421 se
2854 3384 2963 3423 non
3001 3370 3069 3433 ab
3101 3372 3345 3443 homine,
3388 3380 3484 3433 sed
3510 3397 3542 3435 a

1956 3439 2069 3494 Deo
2101 3455 2416 3512 superatam
2470 3465 2633 3518 esse;
2689 3470 2870 3525 neque
2932 3474 3035 3515 nos
3071 3463 3267 3519 molles
3298 3466 3543 3524 ellicere-

1955 3546 2079 3585 mur
2111 3534 2177 3589 ad
2219 3544 2522 3606 certamen,
2558 3558 2681 3598 cum
2719 3553 2938 3617 tempus
2965 3562 3191 3608 vocaret
3217 3573 3231 3609 :
3257 3557 3537 3628 siquidem

1952 3625 2263 3694 exemplum
2319 3628 2649 3689 haberemus
2698 3635 2756 3690 in
2816 3653 2981 3696 carne
3020 3643 3267 3714 ejusdem
3324 3625 3539 3707 natura:

1952 3729 2018 3768 ac
2040 3716 2387 3786 substantiae,
2419 3721 2476 3777 in
2511 3740 2617 3794 qua
2649 3738 2942 3797 peccatum
2967 3732 3287 3794 damnatum
3318 3740 3535 3811 fuisset,

1951 3805 2097 3874 quod
2130 3807 2310 3864 locum
2341 3811 2554 3868 nullum
2585 3813 2641 3869 in
2674 3831 2738 3872 ea
2763 3823 3084 3890 reperisset.
3109 3805 3535 3892 Conllixitenini

1950 3910 2050 3965 per
2089 3913 2211 3953 eam
2247 3916 2375 3957 cum
2422 3912 2599 3961 morte
2665 3907 3089 3980 impassibiliter
3114 3919 3359 3978 Verbum
3410 3926 3533 3993 Dei,

1950 3987 2078 4057 quia
2116 3990 2289 4061 ipsam
2314 4008 2537 4051 carnem
2571 4002 2851 4070 propriam
2884 4004 3035 4074 fecit,
3071 4017 3128 4064 et
3156 4027 3281 4068 cum
3315 4031 3378 4071 ea
3405 4020 3533 4072 uni-

1951 4088 2066 4134 tum
2102 4093 2206 4149 est,
2234 4086 2381 4142 sicut
2406 4089 2586 4145 anima
2614 4107 2740 4148 cum
2773 4110 3009 4168 corpore
3037 4120 3050 4155 :
3076 4102 3219 4160 hanc
3244 4110 3533 4179 proprium

1949 4188 2153 4244 corpus
2192 4186 2249 4231 et
2285 4193 2510 4235 carnem
2541 4191 2723 4239 vocat.
2771 4186 2838 4241 Et
2900 4191 3085 4246 omnia
3132 4210 3256 4263 qua;
3314 4198 3370 4251 in
3414 4199 3533 4270 ipsa

1948 4268 2089 4323 facta
2122 4281 2271 4337 sunt,
2306 4276 2529 4344 propria
2559 4278 2713 4333 ducit
2765 4288 2821 4334 et
2879 4293 3119 4353 reputat.
3149 4268 3531 4358 Siquidenrex

1946 4375 2183 4429 persona
2219 4364 2342 4435 ejus
2375 4366 2576 4421 clamat
2604 4371 2873 4441 prepheta
2908 4373 3166 4445 inquiens
3190 4378 3393 4450 :Super
3433 4386 3530 4439 do-

1949 4451 2114 4507 lorem
2141 4454 2423 4511 vulnerum
2445 4475 2679 4515 meorum
2701 4464 3019 4520 addiderunt
3042 4469 3106 4523 ⁸⁸.
3130 4471 3344 4529 Vulnus
3367 4492 3528 4533 suum

1948 4555 2111 4601 vocat
2141 4547 2347 4605 vulnus
2374 4555 2626 4621 corporis
2659 4557 2779 4617 sui;
2811 4567 2865 4613 et
2895 4569 3082 4629 partes
3112 4568 3368 4635 corporis
3400 4585 3530 4639 pro-

1949 4636 2068 4706 pria
2096 4638 2341 4695 membra
2375 4653 2614 4712 reputat,
2643 4646 2787 4703 sicut
2821 4660 2879 4705 et
2905 4660 3078 4708 totum
3112 4671 3314 4728 corpus
3348 4678 3361 4714 :
3393 4636 3531 4715 bor-

1945 4746 2062 4783 sum
2093 4747 2286 4795 meum,
2324 4736 2527 4806 inquit,
2558 4739 2679 4794 dedi
2710 4742 2765 4795 iu
2797 4743 3012 4799 verbera
3032 4756 3083 4800 et
3108 4764 3271 4819 genas
3301 4768 3445 4806 meas
3470 4755 3526 4808 in

1946 4819 2138 4893 alapas
2155 4841 2173 4889 ;
2190 4834 2236 4877 et
2281 4826 2470 4896 facient
2496 4846 2667 4885 meam
2694 4848 2798 4886 non
2826 4838 2996 4891 averti
3019 4855 3051 4892 a
3069 4838 3315 4895 dedecore
3344 4854 3530 4914 sputo-

1944 4932 2066 4970 rum
2079 4916 2223 4973 ".Et
2239 4935 2461 4976 rursus:
2482 4922 2747 4980 Foderunt
2766 4944 2954 4984 manus
2971 4948 3116 4987 meas
3131 4943 3180 4987 et
3196 4934 3350 5005 pedes
3364 4954 3526 5005 meos,

1942 5020 1990 5063 et
2011 5010 2473 5069 dinumeraverunt
2495 5020 2673 5073 omnia
2691 5036 2809 5075 ossa
2832 5039 2947 5077 mea
2968 5025 3035 5079 ⁷⁸.
3053 5025 3230 5097 Atque
3252 5028 3368 5085 hinc
3400 5032 3529 5101 qui-

1947 5101 2072 5156 dem
2094 5103 2310 5159 dicitde
2338 5121 2588 5177 corpore,
2604 5112 2749 5181 quod
2769 5130 2930 5169 suum
2950 5115 3103 5171 dicit.
3130 5118 3199 5174 Et
3226 5135 3348 5190 qua:
3374 5122 3524 5180 illata

1945 5193 2168 5251 fuerunt
2182 5199 2425 5268 corpori,
2444 5201 2569 5267 sibi,
2586 5205 2681 5272 qui
2701 5220 2903 5277 corpus
2919 5210 3184 5279 gestabat,
3203 5211 3352 5268 illata
3369 5214 3525 5271 dicit.
3542 5211 3547 5215 ⁴

2014 5293 2103 5348 iV.
2139 5292 2412 5349 Cancrum
2443 5306 2499 5352 et
2531 5297 2647 5367 ipse
2678 5300 2835 5369 dicit,
2870 5319 2930 5360 se
2977 5321 3200 5374 passum
3233 5323 3376 5375 esse,
3406 5311 3526 5367 sine

1942 5383 2327 5440 nominatione
2365 5389 2639 5457 corporis,
2664 5399 2761 5445 aut
2811 5396 3199 5454 numeratione
3243 5400 3527 5456 membro-

1941 5491 2101 5540 rum;
2136 5486 2195 5531 ut
2225 5493 2351 5532 cum
2371 5484 2460 5543 ait
2500 5484 2771 5553 propheta
2801 5502 2814 5539 :
2846 5486 3124 5561 Tanquam
3151 5493 3259 5547 ovis
3286 5496 3357 5549 ad
3383 5497 3523 5549 occi-

1936 5570 2139 5623 sionem
2168 5569 2355 5625 ductus
2383 5581 2462 5627 est
2484 5575 2549 5630 ¹¹¹.
2584 5576 2653 5632 Ει
2685 5577 2996 5635 :Dederunt
3040 5583 3094 5637 in
3129 5584 3299 5640 cibum
3349 5603 3523 5642 meum

1081 5712 1171 5766 ⁸⁸1
1204 5711 1332 5767 Cor.
1367 5712 1518 5774 ΠΛΟ.
1594 5712 1641 5745 "
1670 5713 1804 5769 Luc.
1834 5730 1851 5768 ι

1081 5784 1130 5838 9.
1210 5784 1256 5815 ⁶⁴
1277 5784 1434 5840 Joan.
1467 5800 1596 5844 xvu,
1631 5785 1683 5839 5.
1787 5787 1830 5818 ⁸⁸

1953 5731 1981 5780 ’,
2003 5714 2094 5770 25.
2175 5716 2219 5748 ⁶⁰
2241 5716 2441 5775 Hahae.
2470 5738 2548 5784 ιιι,
2575 5722 2661 5777 15.
2740 5725 2779 5756 ⁸³
2810 5725 2947 5782 Joan
2991 5744 3116 5791 μνη,
3146 5728 3199 5784 5.
3277 5729 3319 5761 “
3346 5728 3518 5785 Hebr.

1953 5785 2051 5840 ιιιι.
2078 5801 2262 5844 XXVIII.
2294 5788 2377 5844 i8.
2481 5793 2525 5824 ⁸⁵
2547 5793 2704 5844 Rom.
2738 5811 2814 5844 111-
2844 5797 2934 5844 9.3-
3033 5801 3075 5832 ⁸⁷
3105 5799 3121 5844 1
3149 5799 3277 5844 Ιῖηιο-
3314 5816 3396 5844 ἵν-
3429 5802 3513 5844 Fili-

1914 5802 2051 5840 ειιιιι.
2078 5802 2262 5847 XXVIII,
2294 5802 2377 5844 Ιδ.

1834 5857 1872 5887 τ’
1904 5856 2007 5911 lsa.
2037 5871 2155 5923 mu,
2195 5857 2250 5911 7.

2481 5793 2525 5824 ⁶⁶
2546 5793 2704 5848 Rom.
2738 5811 2815 5862 ιιι,
2844 5797 2934 5850 9.3.
3033 5801 3075 5832 ⁸⁷
3105 5799 3121 5853 1
3149 5799 3279 5856 Cor.
3314 5816 3403 5870 xv,
3429 5802 3516 5859 56.
