4052 6534
576 364 707 429 1351

1702 363 1762 423 S.
1809 360 2207 421 ANASTASII
2243 358 2573 420 ANTIOCII
2588 356 2715 417 ENI

3692 351 3798 416 1352

575 472 666 543 fel,
695 480 741 526 et
772 474 825 526 in
868 472 956 526 siti
988 486 1105 525 mea
1142 477 1453 541 potavertmt
1499 485 1578 522 me
1618 470 1848 522 aceto".
1906 468 1984 524 Ne
2031 467 2158 537 quis
2189 476 2233 531 Α
2265 466 2450 521 omnia
2482 464 2649 520 unius
2677 475 2731 519 et
2753 460 2998 533 ejusdem
3020 475 3141 515 esse
3169 458 3513 531 proﬁtemur,
3534 458 3798 528 passionem

574 566 774 629 divise,
812 564 907 619 sed
957 564 1143 633 potius
1193 562 1488 632 conjuncte
1530 562 1715 615 omnia
1766 560 1833 615 de
1885 560 2005 630 ipso
2051 560 2161 615 dici

577 666 760 727 putet;
796 656 1004 710 idcirco
1028 661 1085 709 et
1118 654 1359 708 humana
1387 661 1444 707 et
1478 652 1665 707 divina
1699 652 2069 708 communiter
2094 652 2163 708 de

578 749 698 819 ipso
732 748 1121 818 prtedicantur,
1160 753 1342 800 mente
1382 745 1759 815 distinguente
1802 760 1924 814 qum
1960 753 2167 798 utram-

577 857 687 911 que
727 849 984 895 naturam
1022 837 1352 893 condecent.
1401 837 1674 891 Divinitas
1725 835 1874 889 enim
1907 835 2167 905 impassi-

577 930 706 985 bilis
733 938 846 995 est;
885 938 941 984 et
970 943 1082 982 non
1127 935 1311 997 potest
1369 942 1613 995 unquam
1666 926 1849 996 passio
1894 926 2167 995 attingere

580 1020 1011 1092 impassibilem;
1044 1034 1148 1073 nec
1174 1032 1527 1088 quaecunque
1569 1016 1768 1071 anima:
1798 1017 2164 1080 conveniunt,

580 1124 675 1167 aut
709 1127 1050 1184 qumcunque
1087 1111 1310 1182 corpori
1341 1119 1437 1164 aut
1470 1109 1691 1179 corpori
1729 1109 2020 1163 animato:
2050 1107 2170 1161 ani-

583 1220 684 1259 mae
736 1204 883 1258 enim
930 1205 1144 1258 ratione
1191 1201 1436 1272 praedita:
1467 1210 1551 1256 est
1582 1201 1792 1266 dolere,
1819 1209 1876 1255 et
1924 1200 2164 1263 turbari,

582 1310 635 1355 ct
667 1316 923 1365 moerere,
947 1309 1004 1354 et
1035 1299 1215 1355 tristia
1243 1296 1496 1367 urgentia
1539 1304 1595 1350 et
1637 1296 1988 1351 adventantia
2020 1294 2171 1365 cogi-

585 1404 739 1459 tare;
789 1394 1043 1464 corporis
1073 1408 1206 1448 vero
1255 1390 1454 1452 secari,
1491 1396 1549 1444 et
1586 1389 1884 1460 conjungi:
1914 1388 2169 1457 corporis

584 1487 811 1541 animati
864 1486 1102 1549 esurire,
1153 1484 1328 1547 sitire,
1384 1483 1641 1536 laborare
1686 1490 1746 1536 et
1797 1481 2016 1537 sudare.
2044 1481 2172 1539 Haec

2266 558 2573 614 naturalem
2611 565 2669 611 et
2704 553 3223 624 impassibilitalem.

2338 650 2425 704 Vl.
2454 650 2544 703 Sic
2572 648 2723 717 loqui
2749 655 2808 701 et
2828 647 3033 701 sentire
3060 646 3255 700 Petrus
3286 644 3537 714 princeps
3560 643 3803 712 apostolo-

2267 756 2389 795 rum
2424 754 2527 794 nos
2558 739 2771 803 docuit,
2801 753 2925 792 cum
2961 736 3040 790 ait
3076 752 3089 789 :
3126 734 3333 790 Christo
3367 744 3491 789 ante
3514 746 3535 773 ε
3568 752 3707 805 passo
3735 753 3808 805 pro

2268 832 2416 887 nobis
2456 848 2618 886 carne
2638 832 2714 896 77;
2755 845 2879 884 cum
2922 838 3105 884 tamen
3145 828 3292 883 clare
3335 838 3391 882 et
3427 834 3610 897 aperte
3647 827 3808 883 Filium

2268 927 2366 981 Dei
2401 940 2523 982 esse
2556 922 2846 980 confessus
2879 922 3113 985 esset",
3140 936 3265 975 cum
3298 919 3496 975 merito
3528 919 3811 989 pmdicatm

2270 1026 2356 1073 est
2392 1018 2609 1083 beatus,
2641 1024 2703 1070 ut
2741 1014 2836 1084 qui
2881 1012 3196 1083 hujusmodi
3241 1010 3629 1066 revelationem
3663 1025 3690 1063 a
3726 998 3828 1065 Deoi

2269 1110 2432 1165 Patre
2462 1108 2782 1177 accepisset.
2811 1105 3044 1175 Oportet
3076 1104 3243 1175 igitur
3275 1113 3337 1159 ut
3369 1119 3472 1158 nos
3506 1103 3715 1156 Petrum
3744 1118 3812 1171 se-

2272 1210 2504 1273 quentes
2538 1200 2631 1271 qui
2666 1200 2737 1255 de
2772 1200 2875 1255 hac
2909 1214 2968 1255 re
3002 1196 3376 1268 cognitionem
3412 1210 3442 1249 a
3476 1194 3590 1248 Deo
3618 1197 3813 1264 accepit,

2270 1294 2461 1349 eadem
2502 1292 2690 1364 regula
2724 1301 2967 1357 utamur,
2996 1299 3051 1345 et
3081 1289 3364 1346 Christum
3399 1286 3646 1341 dicamus
3674 1286 3815 1354 pmi-

2272 1386 2437 1441 bilem
2478 1400 2622 1451 esse,
2649 1392 2709 1440 ut
2741 1383 2944 1439 Paulus
2979 1380 3419 1452 sapientissimus
3456 1377 3711 1447 loquitur,
3731 1393 3817 1432 non

2275 1488 2457 1533 tamen
2491 1477 2795 1532 secundum
2824 1475 3198 1539 divinitatem;
3231 1481 3288 1527 et
3315 1470 3571 1527 eumdem
3601 1470 3815 1539 impassi-

586 1577 792 1642 omnia,
827 1584 883 1632 et
913 1592 1108 1630 eorum
1150 1575 1364 1645 singula
1396 1573 1626 1643 patienti
1666 1573 1930 1627 accidunt
1976 1588 2173 1627 secun-
2274 1575 2463 1639 bilem,
2493 1590 2682 1630 \erum
2717 1589 2828 1628 non
2865 1569 3170 1628 secundum
3207 1568 3629 1623 humanitatem.
3654 1565 3818 1621 Bassus

587 1671 718 1723 dum
774 1668 1134 1722 mutationem
1176 1664 1561 1735 dispositionis
1593 1662 1771 1717 :Deua
1827 1670 2035 1729 autem,
2083 1662 2171 1716 in-
2271 1684 2402 1739 ergo
2430 1677 2515 1723 est
2541 1667 2831 1738 passiones
2858 1676 3089 1729 natum,
3117 1677 3255 1733 quas
3286 1676 3399 1715 non
3434 1659 3682 1729 δεραίων
3703 1660 3820 1712 vim.

587 1763 727 1832 Quit.
761 1778 854 1831 ego
891 1777 1031 1825 sum,
1060 1767 1108 1812 et
1139 1776 1244 1812 non
1294 1767 1469 1811 mutor
1489 1757 1554 1809 ⁷³-
1586 1756 1655 1811 Et
1684 1755 1737 1810 ei
1787 1755 1933 1809 alius
1962 1754 2175 1809 theolo-
2206 1821 2243 1832 _
2276 1760 2510 1830 peratio,
2536 1759 2630 1816 sed
2664 1758 2952 1828 magniﬁca
2981 1753 3373 1823 contemplatio
3399 1760 3714 1807 naturarum
3741 1752 3822 1806 sibi

590 1821 691 1924 gus
721 1821 897 1906 dicit:
933 1850 1008 1904 Tu
1046 1858 1225 1903 autem
1250 1848 1388 1900 idem
1417 1847 1527 1916 ipse
1554 1862 1605 1899 es
1623 1845 1691 1899 ⁷⁸.
1727 1844 1955 1911 Qualem
2007 1843 2174 1914 igitur
2206 1821 2246 1877 Β
2276 1821 2424 1907 inter
2598 1821 2999 1921 oppugnatum.
3047 1848 3117 1902 Et
3163 1821 3251 1901 est
3302 1844 3529 1915 quidem
3578 1843 3712 1897 Deus
3750 1844 3823 1912 qui

592 1946 907 2017 passionem
939 1941 1212 2011 susmcari
1233 1940 1438 2010 aliquis
1462 1946 1644 2009 potest
1671 1937 1929 1993 accidere
1960 1935 2171 2006 impas-
2278 1944 2505 2016 patitur,
2541 1958 2653 1997 non
2693 1942 2945 2013 capiente
2988 1938 3298 2011 passionem
3340 1935 3669 1999 divinitate;
3708 1934 3822 1989 idem

591 2032 776 2086 sibili?
797 2032 877 2085 An
910 2029 1221 2100 passionem
1242 2027 1605 2098 corpoream?
1629 2027 1699 2081 At
1729 2041 1838 2096 quo
1864 2033 2024 2096 pacto
2057 2025 2175 2081 haec
2277 2050 2408 2091 γει-ο
2435 2035 2601 2090 homo
2635 2050 2746 2088 non
2776 2033 2996 2103 patiens
3019 2028 3311 2087 divinitate
3338 2043 3463 2098 quae
3492 2027 3551 2081 in
3581 2026 3694 2096 ipso
3714 2035 3823 2087 erat,

590 2124 827 2187 accidat,
860 2138 982 2193 quae
1012 2138 1115 2176 nec
1137 2122 1336 2176 animae
1374 2135 1495 2189 qua:
1524 2126 1708 2174 creata
1732 2125 1839 2183 est,
1875 2125 1932 2173 et
1955 2133 2166 2184 recens,

2276 2128 2513 2184 habente
2551 2126 2852 2182 secundum
2889 2133 3142 2181 naturam
3181 2119 3700 2192 impassihilitatem,
3726 2117 3827 2171 licet

591 2216 845 2271 θεείιίετθ
890 2214 1095 2284 quem?
1122 2214 1204 2268 Αη
1256 2215 1568 2284 Ρδεεῖοηοῐη
1624 2211 1939 2275 animalem.
1971 2210 2025 2265 id
2068 2220 2173 2274 est,
2276 2221 2581 2291 composita
2614 2235 2740 2275 cum
2776 2233 3008 2288 corpore
3040 2216 3290 2287 patiente
3314 2231 3334 2266 ;
3366 2214 3487 2283 ipse
3513 2226 3643 2266 vero
3668 2210 3829 2264 modus

588 2306 789 2360 animm
808 2306 1020 2359 ratione
1046 2304 1408 2374 praeditaa?At
1425 2303 1530 2359 hoc
1554 2303 1711 2358 valde
1735 2304 2039 2358 absurdum
2069 2312 2175 2368 est,
2279 2313 2553 2383 passionis
2587 2311 2930 2366 demonstra;
2956 2306 3331 2364 maerentia“)
3357 2311 3681 2359 naturarum
3704 2316 3828 2355 com.

590 2397 638 2452 si
669 2398 793 2467 quis
834 2396 1001 2461 dicat,
1050 2397 1271 2451 easdem
1304 2396 1588 2465 passiones
1615 2395 1816 2450 cadere
1846 2395 1899 2449 in
1940 2393 2166 2450 Creato-

2278 2406 2614 2476 positarum,
2638 2411 2696 2458 et
2724 2410 2935 2458 natura:
2970 2400 3247 2471 passibilis
3282 2396 3659 2452 innocentiam
3697 2413 3710 2448 :
3745 2410 3829 2448 non

594 2506 712 2546 rem
751 2490 999 2545 universi
1032 2506 1155 2559 quae
1183 2489 1240 2543 in
1273 2499 1558 2544 creaturas
1590 2488 1905 2554 cadunt;et
1937 2504 2047 2543 non
2073 2488 2166 2542 hoc

2276 2501 2427 2555 enim
2453 2497 2601 2569 quod
2627 2495 2834 2566 aliquid
2861 2494 3231 2550 commisisset
3255 2499 3434 2546 morte
3463 2496 3562 2543 aut
3582 2496 3831 2543 contume-

594 2590 832 2647 tantum,
861 2581 958 2636 sed
990 2597 1187 2651 capere
1218 2581 1383 2635 etiam
1415 2581 1779 2635 mutationem
1813 2587 1870 2635 et
1912 2580 2174 2634 variatio-
2278 2591 2350 2645 tia
2391 2590 2648 2661 dignum,
2686 2588 2866 2658 capite
2904 2586 3197 2641 damnatus
3227 2592 3313 2638 est
3350 2601 3361 2634 :
3397 2581 3684 2635 Peccatum
3707 2579 3831 2633 enim

594 2689 723 2728 nem
749 2693 761 2727 :
790 2672 1065 2742 siquidem
1100 2672 1219 2726 fieri
1256 2687 1369 2726 non
1395 2680 1597 2742 potest,
1629 2680 1691 2726 ut
1735 2671 2006 2742 ejusmodi
2050 2686 2177 2740 pas-
2274 2701 2383 2737 non
2416 2684 2555 2753 fecit,
2581 2699 2675 2736 nec
2701 2683 2944 2735 inventus
2975 2686 3053 2732 εει
3074 2676 3227 2730 dolus
3256 2676 3312 2730 in
3336 2690 3432 2728 οτε
3459 2674 3578 2744 ψη
3598 2671 3662 2723 τ’.

586 2764 780 2820 siones
812 2764 1011 2818 cadant
1042 2765 1160 2819 sine
1192 2764 1740 2832 mutatione;divina
1766 2773 1950 2819 autem
1982 2772 2178 2818 natura
2350 2774 2463 2830 vn,
2494 2772 2609 2828 Hoc
2638 2779 2821 2827 autem
2849 2770 2973 2826 etii
3004 2768 3100 2839 qui
3130 2783 3260 2823 eum
3293 2764 3499 2835 capitis
3524 2758 3853 2818 condemns?

594 2855 798 2910 mutari
834 2871 945 2911 non
964 2864 1166 2926 potest.
1198 2856 1267 2910 At
1296 2856 1482 2911 carnis
1503 2856 1761 2912 animatae
1784 2856 1968 2927 passio
1995 2855 2178 2925 attigit
2280 2874 2443 2932 rum,
2470 2863 2655 2920 testati
2690 2870 2820 2919 sunt
2851 2861 2935 2928 ei;
2974 2858 3249 2930 siquidem
3282 2856 3493 2913 Judaais
3528 2849 3831 2925 congregatis

599 2947 969 3001 divinitatem.
1018 2947 1221 3017 Apage,
1264 2947 1445 3017 inquit
1516 2947 1995 3018 prOpheta:Deua
2037 2948 2166 2999 enim

2278 2967 2335 3013 et
2372 2956 2692 3028 petentibus
2730 2954 3038 3009 Barahbam
3080 2954 3388 3013 latronem,
3421 2948 3638 3004 Pilatus
3673 2944 3830 2999 dixit:

595 3048 829 3093 retentus
862 3055 967 3091 non
998 3040 1213 3100 esuriet,
1245 3054 1409 3110 neque
1443 3038 1705 3094 laborabit
1734 3054 1752 3092 :
1778 3055 1876 3093 nec
1904 3046 1983 3092 est
2026 3039 2175 3093 inve-
2282 3050 2452 3105 γαιιξδ
2494 3050 2763 3102 dimittam
2802 3046 2945 3101 vobis
2983 3044 3319 3114 Jesumrqui
3357 3043 3560 3096 dicitur
3593 3034 3835 3095 Christus!

592 3132 812 3201 stigatio
838 3130 865 3169 δ
896 3131 1189 3202 prudentia:
1226 3131 1339 3201 ejus
1363 3131 1431 3186 ⁷⁵.

2284 3143 2480 3198 sciebat
2522 3143 2691 3205 enim,
2718 3139 2868 3210 quod
2900 3154 3001 3209 ,ρετ
3038 3136 3297 3191 invidiam
3334 3134 3681 3189 tradidissent
3720 3146 3831 3183 eum.

670 3223 732 3277 V.
758 3222 895 3277 Cum
955 3222 1125 3293 igitur
1166 3231 1362 3277 natura
1417 3222 1604 3278 divina
1638 3221 2076 3279 substantialiter
2106 3222 2179 3277 sit
2210 3221 2246 3229 “
2282 3234 2689 3305 Responderunt
2716 3248 2733 3286 ε
2762 3230 2903 3293 Non,
2926 3230 3019 3284 sed
3051 3227 3359 3283 Barabbam
3389 3243 3407 3281 :
3439 3225 3647 3296 quibus
3672 3235 3833 3276 rursus

590 3329 794 3384 expers
823 3314 1117 3385 passionis,
1145 3323 1200 3368 et
1232 3314 1561 3385 praedicetur
1595 3315 1780 3385 passio
1805 3324 1862 3370 et
1895 3330 2031 3370 crux
2058 3314 2166 3384 qui-

2281 3328 2421 3383 dixit
2448 3327 2657 3382 Pilatus
2682 3343 2704 3381 ':
2741 3324 2881 3390 Quid
2905 3338 3030 3393 ergo
3061 3321 3257 3391 faciam
3285 3320 3351 3373 de
3378 3318 3532 3383 Iesu,
3556 3318 3651 3389 qui
3675 3316 3834 3369 dicitur

594 3405 705 3460 bus
728 3406 865 3461 salvi
890 3405 1022 3461 facti
1057 3421 1287 3473 sumus;
1319 3407 1397 3460 ait
1428 3406 1574 3461 enim
1604 3408 1806 3462 Paulus
1840 3424 1854 3460 :
1887 3406 2006 3460 Non
2029 3408 2179 3477 judi-
2282 3418 2519 3473 ωιτξειαε
2539 3418 2563 3470 ε)
2596 3416 2689 3472 mg
2722 3424 2900 3471 autem
2935 3414 3188 3467 άίπρταηι
3222 3429 3241 3466 ;
3276 3409 3667 3482 cruciﬁgatur;
3696 3416 3833 3476 atque

589 3500 714 3552 «cavi
742 3498 1033 3569 quidquam
1066 3500 1200 3552 scire
1238 3499 1294 3551 in
1342 3497 1504 3563 vobis,
1538 3499 1638 3553 nisi
1666 3497 1929 3554 Christum
1961 3508 2010 3553 et
2042 3500 2180 3553 hunc
2283 3509 2486 3563 iterum
2518 3516 2580 3560 ut
2611 3506 2822 3576 pudore
2846 3519 2954 3559 eos
2981 3502 3191 3557 Pilatus
3218 3500 3489 3566 alliceret,
3517 3498 3654 3555 dixit
3682 3514 3695 3551 :
3726 3495 3834 3561 Quid

592 3588 912 3656 cruciﬁxum
931 3590 1006 3653 ";
1039 3587 1354 3643 necessario
1399 3588 1671 3660 sequitur.
1701 3589 2015 3659 passionem
2054 3605 2182 3659 pro-
2282 3601 2422 3655 enim
2448 3598 2592 3653 male
2618 3600 2739 3670 fecit
2761 3598 2844 3651 δοῖ
2875 3595 3049 3667 lg‘itur
3076 3610 3203 3649 cum
3233 3593 3373 3648 nihil
3404 3591 3538 3647 mali
3569 3586 3833 3645 commisis-

602 3681 723 3749 Ρτίθ
757 3678 1003 3747 (Fidem:
1038 3689 1094 3734 θι
1138 3680 1325 3749 Primo
1352 3696 1481 3736 esse
1508 3689 1719 3737 "illum
1739 3691 2054 3753 assumptus.
2080 3683 2181 3737 ηιί·
2282 3702 2386 3758 set,
2410 3692 2649 3747 traditus
2673 3699 2761 3746 est
2785 3691 2840 3746 in
2870 3699 3107 3745 mortem
3132 3702 3499 3759 percruccm.
3524 3684 3675 3742 Unde
3700 3681 3835 3737 Isaias

602 3772 753 3827 nime
799 3787 930 3827 vero
979 3783 1233 3844 separata
1262 3783 1462 3830 natura
1496 3786 1840 3841 assumente,
1874 3777 1973 3833 sed
2024 3778 2166 3833 unita

2282 3786 2361 3840 ait
2386 3803 2406 3838 .:
2438 3784 2667 3855 Propter
2698 3790 2915 3854 peccata
2947 3797 3150 3846 eorum,
3181 3778 3394 3835 scilicet
3414 3776 3724 3837 hominum,
3745 3780 3835 3825 tra-

597 3863 925 3933 secundum
952 3864 1295 3935 hypostasim
1345 3866 1549 3922 unione
1572 3865 1984 3936 indissolubili;
2012 3869 2085 3925 ita
2123 3878 2182 3925 ut
2283 3879 2419 3931 ditus
2452 3883 2528 3930 est
2550 3876 2615 3930 εί.
2644 3874 2717 3929 Ει
2752 3874 2952 3930 iterum
2988 3891 3002 3927 :
3032 3873 3075 3928 A
3103 3871 3332 3944 peccatis
3364 3869 3555 3941 populi
3584 3868 3682 3922 mei
3716 3873 3833 3920 actu

600 3957 786 4013 omnia
823 3957 936 4013 sint
967 3958 1132 4012 unius
1175 3958 1405 4023 Christi,
1438 3969 1555 4015 tum
1594 3959 1798 4026 divina,
1826 3968 1940 4016 tum
1984 3961 2182 4016 huma-
2281 3984 2401 4020 sum
2443 3968 2513 4020 ad
2556 3973 2782 4021 mortem
2805 3966 2875 4020 ⁸⁸.
2907 3966 3123 4020 Revera
3165 3961 3312 4017 enim
3354 3977 3461 4016 nos
3505 3974 3737 4021 eramus,
3760 3953 3834 4025 qui

600 4066 691 4117 na,
725 4066 837 4105 non
890 4049 1264 4107 confundente
1297 4067 1362 4108 ea
1409 4052 1743 4123 cogitatione
1792 4063 2002 4119 nostra,
2045 4069 2179 4109 cum
2283 4070 2515 4115 mor-tem
2540 4056 3275 4115 habebamusadulterinam
3297 4052 3835 4116 dominam,ethono—

598 4141 719 4195 vult
745 4140 1084 4205 discernere,
1120 4141 1255 4211 quid
1291 4149 1379 4198 est
1423 4142 1692 4209 divinum,
1734 4155 1791 4201 et
1823 4144 1957 4215 quid
1986 4161 2180 4201 rursus
2284 4166 2373 4205 res
2397 4157 2619 4204 nostros
2644 4148 2714 4203 ab
2736 4163 2810 4204 eo
2840 4148 3164 4212 tuleramus,
3191 4161 3256 4201 ac
3282 4152 3513 4216 peccata
3542 4143 3609 4199 ad
3636 4150 3833 4197 mortem

596 4233 926 4288 humanum.
978 4233 1124 4300 Quin
1178 4236 1365 4305 potius
1414 4236 1483 4293 de
1514 4253 1627 4293 uno
1648 4247 1704 4294 et
1735 4237 1931 4294 eodem
1962 4248 2182 4309 oportet
2284 4254 2729 4311 peccaveramus.
2789 4237 3001 4294 Clamat
3067 4238 3237 4309 igitur
3296 4236 3576 4307 propheta
3636 4247 3834 4306 arguens

593 4333 833 4394 utraque
851 4325 1175 4395 praedicare,
1210 4329 1496 4397 passiones
1514 4329 1639 4385 dico
1677 4339 1734 4385 et
1762 4330 2180 4401 impassihilita-
2284 4332 2465 4386 scelus
2498 4330 2868 4394 venditionis,
2896 4329 3163 4399 inquiens
3200 4346 3215 4383 :
3250 4327 3383 4383 Ecce
3417 4328 3645 4398 peccatis
3683 4324 3833 4380 restria

596 4423 740 4479 tem;
794 4416 925 4486 quia
982 4417 1099 4488 ipse
1158 4419 1227 4473 de
1292 4434 1403 4489 quo
1447 4421 1840 4491 praedicantur,
1892 4437 1960 4478 ex
2017 4423 2178 4479 utris—
2278 4425 2478 4479 uenditi
2515 4424 2638 4477 estis
2661 4423 2728 4477 ⁸³.
2765 4422 2875 4477 Sed
2910 4423 3040 4477 licet
3070 4419 3321 4476 venditio
3352 4420 3626 4475 scelerata
3657 4418 3830 4478 fuerat,

595 4524 707 4579 que
728 4510 1070 4579 compositus
1097 4524 1183 4566 est
1211 4513 1384 4568 :sicut
1407 4514 1682 4571 sectiones
1699 4516 1949 4586 corporis
1969 4518 2180 4573 anima-
2213 4514 2263 4573 Ι)
2287 4516 2585 4587 oportebat
2622 4523 2806 4570 tamen
2838 4516 3040 4586 justam
3076 4522 3132 4569 et
3162 4512 3465 4584 legitimam
3506 4528 3627 4569 esse
3667 4512 3833 4566 libera-

593 4601 662 4666 ti,
698 4608 755 4656 et
787 4601 997 4658 vibices
1028 4603 1083 4658 in
1111 4604 1305 4674 primis
1343 4606 1409 4661 ad
1439 4621 1639 4677 corpus
1670 4611 1950 4678 pertinere
1978 4626 2182 4682 cogno-
2282 4610 2511 4664 tionem.
2533 4609 2717 4678 Empti
2742 4608 2893 4663 enim
2924 4622 3116 4663 sumus
3142 4622 3334 4661 omnes
3360 4605 3592 4677 pretioso
3614 4603 3831 4675 sanguine

592 4694 841 4760 scimus;
875 4704 1100 4766 propter
1125 4698 1585 4768 compositionem
1623 4715 1756 4756 vero
1801 4700 2035 4756 dicimus
2058 4718 2183 4758 esse
2283 4704 2411 4772 agni
2446 4700 2779 4756 immaculati
2820 4709 2871 4753 et
2908 4700 3338 4765 incontaminati,
3370 4698 3569 4754 Christi
3589 4697 3663 4764 3‘;
3694 4704 3829 4765 atque

589 4786 816 4853 animm,
846 4804 973 4843 cum
1002 4788 1209 4860 alioqui
1236 4791 1477 4847 sciamus
1509 4808 1619 4847 non
1644 4808 1805 4863 posse
1832 4792 1975 4860 ﬁeri,
2005 4804 2066 4850 ut
2092 4795 2183 4850 his
2278 4793 2355 4848 ita
2380 4792 2600 4847 liberati
2631 4807 2661 4846 a
2689 4806 2911 4847 carcere
2932 4791 3076 4863 ejus,
3100 4792 3195 4863 qui
3220 4805 3324 4845 nos
3347 4790 3591 4860 primum
3616 4790 3669 4844 in
3693 4787 3830 4844 servi-

592 4880 784 4934 anima
804 4879 1093 4936 abiciatur.
1125 4882 1335 4938 Deinde
1369 4895 1552 4940 motus
1570 4884 1789 4952 animae,
1827 4893 1883 4940 et
1923 4887 2181 4943 scientias
2281 4892 2455 4938 tutem
2481 4883 2790 4954 redegerat.

592 4986 721 5040 quae
767 4972 979 5027 ratione
1039 4974 1354 5039 traduntur,
1388 4990 1515 5030 cum
1562 4975 1673 5031 sint
1716 4977 1922 5047 alioqui
1959 4977 2177 5042 animae,
2358 4975 2494 5029 Vill.
2550 4972 2875 5044 Opportune
2938 4972 3252 5029 libertatem
3308 4973 3595 5028 consecuti
3650 4983 3823 5028 sumus.

590 5060 838 5116 dicimus
880 5070 1060 5116 tamen
1118 5079 1240 5119 esse
1275 5064 1537 5119 animalis
1584 5065 1896 5135 compositi,
1927 5066 2180 5135 quamvis
2287 5067 2464 5123 Scidit
2496 5066 2663 5138 igitur
2695 5073 2946 5120 nostrum
2978 5064 3406 5136 chirographum
3427 5064 3473 5095 ⁸⁸
3497 5078 3607 5134 quo
3629 5077 3722 5117 nos
3747 5058 3825 5129 ipsi

593 5161 796 5205 natura
824 5168 1089 5222 corporea
1134 5171 1245 5210 non
1294 5166 1420 5227 apta
1451 5156 1520 5211 ad
1550 5156 1874 5227 capiendam
1903 5158 2181 5228 cognitio-
2286 5160 2540 5214 servituti
2569 5158 3026 5228 mancipavimus,
3053 5158 3237 5213 omnia
3258 5168 3489 5229 propter
3514 5171 3613 5211 nos
3641 5166 3825 5226 perpes-

591 5257 725 5295 nem
756 5258 768 5293 :
799 5244 879 5298 sic
907 5244 962 5297 in
991 5243 1213 5301 Christo
1256 5248 1350 5318 qui
1381 5248 1526 5304 Deus
1554 5246 1717 5303 simul
1763 5257 1820 5304 et
1865 5248 2032 5304 homo
2065 5258 2177 5315 est,
2286 5266 2400 5313 sus,
2434 5264 2779 5320 quaecunque
2812 5247 3007 5305 dicunt
3034 5264 3156 5305 esse
3189 5251 3343 5322 signa
3369 5249 3604 5320 integre
3631 5248 3823 5302 liberta-

670 5401 716 5476 Ῐξ
740 5401 882 5476 Psal.
914 5416 1093 5476 vatn,
1130 5401 1222 5476 22.
1287 5403 1632 5476 ﬁ"_l\;lalach.,
1662 5421 1744 5476 tu.
1772 5405 1825 5460 6.
1851 5475 1855 5476 ν
1900 5406 1945 5476 ’ἓ
1968 5405 2111 5459 Psal.
2141 5422 2212 5469 cr,
2238 5405 2327 5460 28.
2431 5406 2478 5437 "
2508 5409 2612 5463 Isa.
2640 5411 2822 5476 x1.,28.

590 5471 646 5503 ⁷³
670 5472 987 5543 Μίιιιιι.ίκνι,
1011 5474 1095 5543 l6,
1121 5474 1210 5527 l7.
1284 5475 1327 5505 τ’
1350 5473 1369 5526 l
1396 5475 1542 5531 Petr.
1572 5491 1629 5535 ιι,
1652 5474 1757 5528 ἓὲμ
1817 5475 1863 5506 ⁸⁸
1886 5475 2075 5530 Matth.
2101 5493 2166 5530 xx

2293 5476 2496 5543 17,18,
2537 5471 2733 5536 21-25.

596 5543 768 5605 ³9153.
799 5542 909 5607 1,1.
985 5542 1072 5597 ⁸⁸1
1102 5543 1426 5609 Petr.~t,18,
1455 5544 1539 5599 l9.
1612 5546 1663 5601 η⁸⁵
1685 5544 1894 5602 Coloss.
1920 5563 1978 5610 ιι,
2005 5548 2088 5601 id.

2929 5410 3018 5464 "1
3042 5410 3168 5467 Cor.
3202 5427 3260 5477 tt,
3290 5412 3342 5466 2.
3423 5412 3467 5442 ⁷⁷
3492 5412 3509 5465 Ι
3537 5411 3675 5465 Petr.
3698 5426 3758 5467 ιγ.
3782 5408 3817 5458 l.

2838 5478 3000 5536 “15a.
3044 5499 3156 5551 un,
3193 5483 3244 5538 8.
3326 5481 3527 5537 "ibid.
3553 5496 3657 5536 sec.
3683 5477 3816 5533 LXX.

1880 5700 2119 5757 γΑιιιΑξ
2164 5702 2570 5761 LECTIONES.

684 5815 711 5855 ι’
734 5816 1083 5887 investigatio.
1116 5814 1411 5887 ὲξεύρεσις.
1494 5823 1514 5854 ε
1548 5812 1702 5871 Ante.
1742 5814 2061 5887 Legendum
2085 5816 2304 5875 videtur
2328 5828 2529 5876 autem.
