3810 6512
37 341 154 412 1353

509 339 788 405 nmmo
831 337 1021 403 1v.—
1050 325 1150 402 DE
1188 331 1556 404 PASSIONE
1597 338 1692 402 ET
1732 329 2402 400 IMPASSIBILITATE
2440 325 2776 396 CHRISTI.

3125 325 3262 402 1354

34 459 110 514 tis.
133 453 340 521 Etenim
363 455 692 512 verberatus
717 461 823 518 est,
846 463 904 510 et
932 452 1132 526 pugnis
1159 466 1354 516 caesus,
1382 449 1581 523 perdu-
1611 470 1656 527 Δ
1757 445 1824 500 Χ.
1855 445 2223 516 Quamobrem
2257 461 2384 502 eum
2414 445 2762 500 admirantur
2780 443 2830 510 ἀ,
2857 444 2950 514 qui
2984 443 3087 499 hoc
3118 446 3264 516 quod

33 551 121 606 etis
147 546 366 619 quidem
395 546 468 606 ad
503 544 763 603 eﬁ‘ectum
795 544 1251 615 prtedietionibus
1285 541 1599 612 propheta--

32 655 136 697 rum
162 654 279 709 qua:
302 638 375 694 de
413 637 505 693 his
532 637 692 694 facta:
727 645 913 704 erant;
947 635 1108 709 nobis
1132 650 1266 690 vero
1300 631 1582 689 liberatio-

32 749 139 790 nem
163 731 443 788 servitutis
467 731 539 788 ab
563 730 673 785 illis
697 730 1120 800 praenuntiatam
1143 727 1376 797 adeptus
1403 745 1416 779 :
1443 723 1582 780 nihil

30 826 155 882 enim
184 840 374 888 eorum
405 840 532 901 qua:
559 824 614 884 in
640 822 894 896 passione
921 822 1040 892 ejus
1069 821 1338 877 honorata
1368 817 1586 872 accide-

33 924 159 982 runt,
182 915 388 975 frustra
416 922 515 969 aut
543 924 750 974 temere
779 912 1011 977 accidit;
1044 911 1208 978 absit,
1238 919 1300 968 ut
1329 910 1435 966 hoc
1463 909 1584 978 opi-

31 1001 230 1056 nemurl
269 1001 367 1058 sed
401 1002 618 1060 ratione
647 1001 882 1072 quadam
914 1001 1140 1056 meliore
1169 1009 1227 1054 et
1252 999 1583 1066 necessaria,

32 1111 174 1164 quam
201 1093 351 1157 nulla
380 1095 469 1148 vis
494 1095 787 1152 verborum
818 1092 1264 1167 assequi'possit.

90 1186 171 1244 IX.
192 1187 327 1244 Cum
358 1188 514 1248 enim
545 1203 647 1252 nos
671 1187 884 1250 venditi
911 1203 1181 1252 essemus,
1201 1194 1261 1244 .et
1285 1186 1416 1244 facti
1442 1186 1586 1248 servi

34 1279 205 1334 mortis
244 1293 367 1357 qua:
412 1277 474 1332 in
517 1293 708 1332 omnes
751 1278 1045 1348 imperium
1086 1277 1338 1342 tenebat;
1377 1285 1433 1334 et
1469 1275 1588 1347 ipse

35 1371 185 1431 voluit
209 1385 311 1440 pro
343 1369 513 1426 nobis
541 1369 734 1437 vendi;
767 1384 960 1424 verum
994 1383 1093 1424 nos
1129 1369 1308 1440 pretio
1334 1368 1585 1438 volupta-

37 1464 112 1527 tis,
136 1463 244 1535 ipse
271 1477 408 1526 vero
442 1463 656 1535 argenti
691 1481 705 1518 :
740 1463 856 1534 ipse
886 1464 1035 1517 enim
1066 1462 1263 1517 fortior
1287 1470 1408 1516 erat
1437 1460 1590 1516 volu-

35 1543 179 1626 ptate.
203 1555 270 1612 Et
292 1571 396 1612 nos
427 1557 534 1626 ipsi
566 1572 596 1611 n
625 1555 787 1612 nobis
815 1554 1026 1612 venditi
1060 1567 1280 1622 sumus;
1319 1553 1434 1622 ipse
1460 1567 1590 1608 vero

36 1665 61 1704 a
88 1649 230 1706 nobis
265 1666 278 1702 :
316 1665 431 1721 qua
470 1649 588 1720 ipse
621 1663 734 1706 non
767 1656 852 1704 est
882 1646 1142 1704 venditor
1169 1645 1464 1712 libertatis,
1492 1645 1586 1702 sed

36 1741 228 1796 vindex.
254 1742 322 1796 Et
347 1741 663 1797 honoribus
688 1756 828 1812 quos
857 1741 926 1804 ab
957 1755 1024 1795 eo
1058 1739 1381 1801 tuleramus,
1409 1739 1474 1794 ad
1503 1739 1590 1792 in-

1693 537 1876 601 ﬁebat,
1907 538 2253 608 spectabant,
2283 547 2339 594 et
2368 553 2493 592 cum
2525 539 2630 599 hoc
2666 547 2775 596 tam
2811 538 3004 609 ingens
3032 539 3270 606 miracua

1692 629 1836 695 lum,
1884 639 1946 683 ut
1992 645 2090 699 per
2137 639 2285 696 erat,
2335 629 2747 702 divulgaretur,
2799 642 3272 702 congregaverant

1691 730 1922 778 cunctos
1970 721 2176 794 quibus
2226 731 2413 796 partes
2457 722 2708 792 corporis
2754 723 2894 778 laasaz
2940 732 3129 791 erant,
3175 726 3271 795 qui

1692 822 2046 868 accesserunt
2092 813 2158 868 ad
2205 828 2334 869 eum
2380 813 2435 868 in
2482 815 2715 884 templo,
2755 824 2811 870 et
2853 816 3031 874 sanati
3073 826 3204 874 sunt
3255 829 3268 870 ε

1695 907 1870 978 majus
1923 907 2108 983 priore
2173 907 2500 962 miraculum
2564 907 2890 970 secundum.
2949 909 3060 972 Lex
3122 911 3270 974 enim

1694 997 1922 1054 claudos
1952 1006 2008 1053 et
2035 995 2208 1054 edaces
2241 999 2432 1069 procul
2465 1015 2494 1053 a
2527 1001 2730 1070 templo
2759 1002 2985 1061 arcebat
3014 1020 3027 1056 :
3062 1012 3119 1057 at
3145 1019 3272 1060 eum

1697 1087 1800 1141 hoc
1832 1088 2158 1147 admirabile
2192 1089 2502 1162 prodigium
2538 1092 2827 1161 ejectiouis
2858 1109 3052 1158 eorum
3085 1096 3179 1166 qui
3217 1096 3273 1150 in

1699 1190 1945 1236 mercatu
1992 1192 2183 1248 erant,
2222 1183 2279 1237 hi
2322 1183 2416 1254 qui
2465 1183 2722 1238 viderant
2759 1195 2816 1246 et
2861 1187 3183 1254 audierant,
3216 1197 3276 1244 et

1698 1273 1874 1343 majus
1909 1290 2074 1344 quam
2113 1289 2212 1345 pro
2243 1275 2457 1330 viribus
2493 1276 2750 1332 humanis
2781 1278 3098 1350 hujusmorli
3134 1296 3276 1354 opus

1699 1361 1995 1433 docebant,
2023 1367 2285 1422 audacter
2314 1366 2547 1438 ingressi
2579 1380 2710 1426 sunt
2747 1388 2760 1424 :
2797 1378 2853 1425 et
2883 1387 3008 1426 cum
3047 1373 3102 1427 in
3137 1382 3277 1436 temo

1697 1456 1788 1525 plo
1824 1467 2032 1524 essent,
2058 1469 2417 1516 accesserunt
2449 1460 2516 1515 ad
2550 1461 2761 1525 Jesum,
2789 1471 2845 1516 et
2877 1464 3094 1528 curavit
3124 1480 3220 1520 eos
3259 1477 3273 1518 :

1697 1548 2082 1607 demonstrans
2116 1567 2216 1628 per
2246 1553 2452 1618 omnia,
2480 1569 2600 1608 esse
2633 1569 2692 1608 se
2726 1555 2898 1610 Deum
2937 1557 3181 1620 abditum
3221 1558 3276 1614 in

1697 1655 1900 1706 carne,
1950 1659 2112 1713 quam
2171 1644 2377 1700 Paulus
2431 1645 2674 1700 uelamen
2736 1647 2964 1702 vocat”
3015 1666 3029 1702 :
3092 1650 3273 1710 velum

1699 1742 1882 1788 autem
1921 1734 2360 1807 integumentum
2394 1747 2712 1792 sanctorum
2750 1747 2834 1795 ρει
2869 1749 2926 1804 et
2959 1750 3274 1800 sanctorum

37 1835 232 1891 teritum
266 1833 430 1890 abusi
470 1849 683 1890 sumus.
708 1815 1028 1892 )Estimatio
1062 1841 1244 1890 autem
1279 1831 1462 1897 liberi,
1490 1830 1596 1886 fuit
1627 1836 1668 1892 Β
1698 1827 2172 1886 sanctissimorum
2237 1829 2600 1902 operculum;
2661 1846 2771 1902 quo
2826 1832 2978 1894 solus
3030 1834 3275 1904 pontifex

37 1925 311 1998 peregrinis
357 1924 649 1996 sepultura
673 1924 742 1988 ⁸⁸,
787 1934 848 1980 ut
891 1933 1075 1982 servet
1122 1938 1355 1994 corpora
1402 1937 1594 1978 eorum

38 2019 115 2090 qui
145 2018 196 2072 in
230 2025 378 2073 terra
415 2018 601 2074 aliena
631 2017 818 2072 vivere
853 2017 1166 2082 desierunt;
1202 2015 1380 2072 donec
1411 2014 1598 2070 veniat

39 2111 115 2181 qui
139 2125 361 2180 corpora
393 2109 653 2174 suscitet,
681 2125 916 2180 quorum
955 2108 1154 2163 anima:
1187 2107 1432 2179 pretioso
1466 2122 1596 2161 san-

39 2200 176 2273 guine
216 2199 522 2277 redempta:
565 2206 696 2256 sunt
743 2216 757 2252 :
807 2198 1020 2256 etfusus
1061 2195 1209 2254 enim
1251 2205 1336 2254 est
1373 2195 1598 2266 sanguis

42 2294 158 2364 ejus,
180 2302 236 2350 ut
267 2300 417 2350 esset
457 2291 698 2362 pretium
739 2289 1140 2359 redemptionis
1175 2303 1278 2360 pro
1317 2287 1504 2346 multis
1525 2288 1593 2342 '".

43 2384 263 2440 Fortasse
285 2392 477 2448 autem
515 2383 717 2451 melius
735 2391 884 2440 esset
908 2382 1118 2448 dicere,
1154 2397 1256 2458 pro
1287 2381 1544 2438 omnibus
1579 2399 1592 2434 :

43 2491 207 2536 omnes
233 2475 382 2532 enim
418 2483 588 2563 sunt,
616 2475 713 2558 qui
748 2481 880 2538 sunt
913 2473 1094 2534 multi.
1124 2473 1193 2530 Et
1224 2481 1343 2563 erat
1373 2473 1595 2544 quidem

44 2570 194 2638 primo
219 2578 446 2639 aspectu
487 2557 656 2630 homo
693 2567 788 2644 qui
832 2574 1104 2632 mactatus
1147 2557 1409 2631 cst;'hoc
1449 2567 1595 2626 enim

46 2663 194 2719 solum
220 2661 560 2730 cernebatur
588 2677 600 2714 :
634 2659 885 2733 prodigia
912 2675 1044 2714 vero
1069 2658 1138 2713 ah
1166 2673 1236 2714 eo
1259 2658 1407 2716 edita
1435 2668 1600 2716 testa-

48 2755 216 2810 bantur
242 2771 407 2826 supra
446 2753 734 2808 hominem
767 2767 891 2816 esse
925 2762 1180 2806 naturam
1217 2752 1360 2823 ejus,
1389 2767 1455 2810 ex
1489 2768 1597 2822 qua

48 2850 258 2918 operatio
299 2845 764 2918 proficiscebatur
805 2860 818 2898 :
861 2859 971 2908 non
1010 2845 1139 2900 dico
1180 2845 1596 2900 suscitationem

48 2948 378 3006 mortuorum,
406 2946 699 3015 aspectum
731 2937 890 3000 cateia
919 2937 1256 3002 restitutum,
1281 2953 1391 2992 non
1419 2937 1599 3008 lepro-

49 3048 206 3088 sorum
226 3032 706 3100 emundationem,
735 3047 845 3085 non
870 3031 1102 3088 aliarum
1131 3030 1417 3086 laesionum
1442 3047 1598 3087 cura-

50 3125 223 3182 tionem
251 3143 265 3179 :
292 3126 410 3183 haec
438 3125 596 3182 enim
626 3139 823 3190 omnes
847 3124 1011 3196 vulgo
1039 3123 1306 3182 Salvatori
1335 3133 1592 3198 tanquam

49 3215 141 3282 Deo
172 3220 583 3287 attribuebant;
627 3217 726 3276 sed
770 3216 910 3272 illud
951 3217 1141 3283 etiam,
1180 3216 1325 3289 quod
1364 3216 1592 3274 fortasse

51 3323 141 3374 non
177 3309 357 3366 multis
411 3309 469 3365 in
521 3315 764 3374 mentem
812 3305 982 3376 venit.
1022 3303 1164 3376 Quid
1213 3304 1350 3364 hoc?
1397 3319 1593 3378 nempe

50 3399 199 3468 facere
234 3402 416 3462 omnia
456 3415 586 3464 cum
629 3409 922 3474 potestate,
953 3415 1120 3477 supra
1157 3399 1344 3454 omnia
1386 3408 1590 3464 autem,

50 3493 218 3562 ejicere
245 3510 308 3550 ex
341 3495 556 3568 templo
589 3508 874 3556 sacrorum
907 3507 1205 3574 caupones,
1239 3491 1333 3568 qui
1371 3492 1594 3547 domum

51 3587 284 3650 orationis
326 3589 656 3662 speluncam
705 3587 983 3648 latronum
1032 3584 1310 3640 faciebant
1333 3585 1378 3615 ⁸⁸
1429 3601 1440 3637 :
1487 3585 1594 3644 nisi

51 3677 170 3740 enim
215 3687 459 3752 potestas
503 3679 626 3754 ejus
670 3677 843 3742 nimia
888 3676 1114 3741 fuisset,
1152 3691 1432 3748 nunquam
1485 3689 1594 3732 tam

53 3770 193 3826 multa
229 3771 398 3836 millia
439 3770 751 3840 ementium
791 3779 848 3826 et
883 3767 1242 3828 vendentium
1283 3784 1350 3826 ex
1394 3770 1597 3844 templo

52 3865 386 3932 «turbasset;
434 3865 748 3940 praesertim
792 3862 933 3932 festo
970 3862 1231 3928 instante,
1261 3872 1316 3918 et
1353 3863 1595 3937 undique

53 3955 106 4009 ad
125 3972 237 4011 eum
263 3958 698 4024 conﬂuentibus,
719 3971 844 4024 cum
877 3955 966 4014 lex
992 3969 1185 4010 omnes
1207 3971 1276 4014 ex
1302 3956 1453 4012 omni
1474 3956 1597 4011 loro

52 4047 106 4101 ad
137 4049 266 4106 diem
303 4066 630 4125 azymorum
669 4057 1022 4111 convocaret,
1054 4047 1109 4100 in
1149 4061 1260 4114 quo
1301 4055 1359 4100 ut
1396 4046 1596 4116 pascha

53 4136 417 4206 immolaretur,
456 4141 578 4211 lege
622 4138 894 4194 sancitum
939 4143 1080 4192 erat.
1117 4135 1254 4203 Quis
1292 4136 1440 4191 enim
1487 4135 1596 4189 dux

52 4232 242 4300 copioso
269 4235 523 4291 exercitu
548 4232 785 4288 militum
813 4239 1151 4286 armatorum
1185 4229 1458 4294 immisso,
1489 4236 1596 4281 tam

53 4322 443 4396 multoseiicere
471 4322 764 4396 potuisset,
789 4321 1094 4393 pra‘scrtim
1123 4337 1248 4377 cum
1275 4321 1364 4375 illa
1390 4319 1596 4375 nefaria

53 4427 327 4473 mercatura
350 4418 621 4473 diuturno
649 4427 897 4485 tempore
923 4413 1247 4470 confirmata
1275 4414 1456 4469 esset?
1479 4413 1596 4483 Ipse

1697 1922 1864 1977 semel
1898 1939 1997 1993 per
2022 1941 2228 1979 annum
2261 1925 2694 1996 ingrediehatur,
2724 1937 2783 1982 ut
2820 1927 2991 1988 Deum
3027 1945 3126 2000 pro
3161 1931 3277 1988 suis

1697 2023 1753 2067 et
1799 2017 1990 2086 populi
2047 2017 2374 2088 ignorantiis
2421 2018 2722 2089 propitium
2778 2020 3053 2078 redderet.
3097 2023 3276 2089 Quare

1698 2116 1947 2162 sanctum
1980 2108 2160 2180 primo
2187 2109 2311 2164 velo
2341 2118 2570 2176 tectum,
2596 2119 2651 2164 et
2677 2122 2928 2166 sanctum
2957 2123 3274 2172 sanctorum

1697 2200 1975 2266 secundo,
2021 2201 2102 2255 sic
2151 2202 2506 2274 interpretari
2559 2203 2865 2266 audemus.
2917 2215 2976 2260 ut
3027 2206 3278 2263 dicamus

1699 2293 1936 2361 primum
1963 2294 2187 2364 quidem
2215 2294 2400 2349 velum
2426 2309 2548 2350 esse
2572 2311 2774 2367 corpus
2803 2295 3044 2364 Christi;
3077 2315 3274 2354 secun-

1698 2383 1828 2437 dum
1854 2400 1986 2440 vero
2013 2385 2251 2442 animam
2285 2404 2298 2439 :
2329 2385 2514 2442 anima
2550 2387 2697 2442 enim
2732 2403 2990 2460 corpore,
3015 2399 3275 2460 tanquam

1699 2475 1878 2542 primo
1899 2476 2020 2528 velo
2046 2476 2276 2546 tegitur;
2298 2475 2486 2532 anima
2508 2491 2639 2532 vero
2663 2485 2745 2532 est
2769 2478 3070 2538 secundum
3095 2479 3273 2547 velum

1699 2559 1884 2628 Verbi.

1770 2659 1860 2720 Xl.
1890 2661 2160 2720 Caeterum
2196 2663 2306 2718 duo
2343 2664 2696 2722 tabernacula
2727 2665 3021 2720 commissa
3050 2681 3114 2720 ac
3141 2681 3274 2721 cou-

1697 2752 1888 2821 juneta
1936 2752 2163 2810 fuerunt
2217 2756 2536 2814 retinaculis
2582 2767 2639 2812 et
2680 2757 2928 2823 annulis,
2973 2772 3094 2828 qua:
3142 2759 3276 2816 mihi

1700 2844 1959 2902 videntur
2000 2846 2301 2918 symbolice
2349 2848 2717 2920 signiﬁcasse,
2755 2849 2958 2920 quibus
3002 2851 3181 2910 modis
3224 2861 3281 2908 et

1702 2937 2042 3003 rationibus,
2079 2955 2200 3014 qua:
2245 2939 2390 2998 sicut
2437 2941 2682 3012 symbola
2713 2941 2946 2996 obscura
2997 2942 3062 2996 ad
3110 2959 3278 3013 expe-

1701 3026 1994 3094 diendum,
2023 3029 2181 3084 valde
2217 3029 2467 3090 difﬁciles
2503 3031 2570 3085 ad
2605 3031 2990 3104 explicandum
3027 3041 3277 3087 contem‘

1701 3119 1975 3189 plationes
1998 3120 2203 3177 habent
2228 3137 2242 3175 ί
2275 3131 2421 3178 tanta
2449 3123 2544 3178 Dei
2573 3138 2700 3193 erga
2726 3138 2829 3178 nos
2857 3123 3098 3179 charitas
3124 3125 3278 3180 exhia

1701 3211 1812 3266 bita
1854 3221 1958 3268 est.
1995 3214 2172 3269 Unum
2218 3215 2366 3273 enim
2413 3215 2850 3279 tabernaculum.
2882 3233 3053 3272 unum
3095 3218 3275 3273 velum

1700 3303 1868 3365 habet
1902 3322 1931 3360 a
1968 3322 2184 3362 summo
2214 3307 2283 3364 ad
2319 3309 2488 3365 imum
2527 3328 2541 3364 :
2575 3326 2677 3364 nec
2711 3310 2872 3366 aliter
2905 3311 3035 3368 licet
3065 3327 3130 3366 ea
3159 3313 3277 3367 vela

1699 3399 2086 3470 contemplari,
2119 3415 2282 3472 quam
2324 3400 2367 3454 si
2407 3401 2532 3472 quis
2575 3401 2643 3456 ab
2686 3402 2947 3472 extremis
2990 3402 3054 3457 ad
3102 3403 3277 3475 prima

1701 3488 2036 3557 ascendens,
2069 3491 2267 3546 evadat
2303 3491 2359 3546 in
2395 3492 2750 3565 principium.
2784 3493 3125 3566 Compositio
3156 3496 3278 3566 qui-

1701 3581 1823 3642 dem
1878 3583 2056 3640 tendit
2103 3599 2132 3646 a
2185 3596 2401 3644 Summo
2457 3584 2755 3653 deorsum;
2811 3584 3102 3641 dissolutio
3147 3603 3279 3642 vero

1702 3674 1885 3742 (hanc
1929 3683 2113 3736 autem
2155 3691 2416 3732 vocamus
2461 3675 2903 3749 intelligentiam)
2941 3680 3010 3735 ab
3054 3680 3165 3736 imo
3209 3681 3277 3736 ad

1701 3782 1976 3824 summum
2012 3783 2108 3822 eos
2138 3769 2232 3840 qui
2267 3769 2417 3841 digni
2452 3780 2611 3834 sunt,
2639 3771 2843 3827 evehit.
2877 3772 2991 3828 lloc
3027 3774 3278 3830 taberna-

1701 3856 1876 3912 culum
1907 3858 2090 3928 posuit
2118 3859 2361 3920 Verbum
2391 3860 2444 3914 iu
2477 3861 2698 3915 circuitu
2727 3859 3010 3920 latibulum
3036 3868 3278 3932 suum",

1702 3949 1975 4018 primitias
2011 3950 2181 4006 totius
2216 3951 2608 4019 humanitatis;
2645 3962 2700 4008 et
2726 3953 2830 4010 hoc
2857 3955 3012 4010 dedit
3040 3958 3277 4027 pretium

1701 4052 1803 4107 pro
1845 4039 2138 4102 omnibus,
2175 4039 2400 4095 tradens
2440 4042 2679 4096 animam
2718 4060 2871 4098 suam
2919 4045 2974 4100 in
3014 4055 3276 4114 mortem;

1703 4137 1763 4184 ut
1804 4129 1961 4185 fleret
2002 4146 2103 4200 pro
2151 4131 2410 4186 universo
2449 4149 2653 4204 genere
2694 4135 2936 4191 humano
2973 4149 3280 4196 commutas-

1704 4230 1816 4276 tum
1855 4239 1867 4274 :
1905 4238 2004 4291 pro
2039 4222 2298 4277 omnibus
2330 4223 2476 4276 enim
2513 4225 2750 4294 gustavit
2783 4237 3039 4295 mortem,
3065 4245 3094 4284 a
3129 4231 3281 4285 nullo

1701 4329 1802 4385 per
1834 4314 1946 4367 vim
1985 4314 2052 4368 ad
2091 4313 2195 4368 hoc
2229 4314 2399 4368 invite
2439 4322 2668 4369 tractus.
2696 4315 2842 4380 Dixit
2875 4318 3022 4372 enim
3067 4337 3081 4373 :
3115 4318 3281 4379 Nemo

1702 4405 1842 4459 tollit
1868 4407 2107 4460 animum
2138 4422 2311 4459 meam
2338 4424 2369 4460 α
2398 4423 2506 4470 me;
2528 4409 2620 4460 sed
2645 4424 2737 4478 ego
2765 4425 2901 4478 pono
2924 4411 3096 4481 ipsam
3121 4430 3152 4465 a
3180 4430 3280 4469 ηιμ.

50 4518 160 4560 vero
191 4509 300 4564 solo
329 4509 550 4580 ﬂagello
584 4523 652 4562 ex
689 4506 950 4561 funiculis
983 4505 1129 4560 facto
1167 4503 1452 4559 universos
1483 4503 1595 4572 ejea
1629 4519 1676 4576 υ
1702 4497 2022 4552 Potestatem
2054 4497 2218 4551 habeo
2254 4498 2482 4567 ponendi
2513 4515 2660 4562 eam;
2696 4509 2743 4552 et
2776 4511 3086 4571 potestatem
3121 4505 3281 4558 Ιιαὸιιο

51 4598 190 4664 cit”,
221 4603 506 4672 appellans
549 4601 774 4655 domum
823 4614 978 4654 suam
1025 4597 1253 4652 domum
1298 4595 1596 4660 orationis,

50 4703 188 4756 quam
239 4693 315 4748 illi
370 4692 470 4764 qui
520 4693 692 4747 Deum
753 4690 1239 4759 cauponabantur,
1288 4687 1598 4757 emporium

51 4776 264 4837 fecerant
305 4793 559 4839 ementes
609 4781 789 4852 pullos
839 4778 1254 4840 columbarum,
1289 4785 1346 4832 et
1385 4776 1601 4831 divinas

51 4868 331 4942 Scripturas
381 4882 764 4953 permutautes
814 4881 1072 4944 tanquam
1121 4869 1384 4932 mensarii
1435 4883 1598 4930 num-

52 4974 179 5027 mos,
208 4981 436 5036 quorum
474 4981 677 5024 mensae
717 4963 916 5026 merito
952 4971 1298 5026 evertuntur,
1333 4969 1389 5018 et
1421 4976 1591 5032 pecu-

52 5054 140 5112 nia:
158 5057 508 5120 effunduntur
530 5058 717 5122 divina
742 5056 946 5114 virtute
977 5054 1126 5114 illius
1151 5053 1246 5124 qui
1267 5060 1495 5116 venerat
1523 5051 1590 5116 ad

53 5150 424 5224 repurgandum
469 5151 756 5228 templum.
788 5149 843 5206 in
889 5162 1001 5218 quo
1041 5147 1127 5202 lex
1163 5145 1390 5230 jubebat
1429 5161 1595 5216 puras

52 5235 232 5304 hostias
267 5245 378 5300 Deo
417 5243 738 5308 immolare,
771 5257 878 5295 non
919 5248 1105 5296 autem
1147 5248 1208 5293 ut
1245 5236 1452 5293 nefaria
1493 5238 1594 5292 ista

55 5330 241 5391 tierent.

113 5488 152 5519 "
169 5493 320 5549 Matth
365 5512 528 5556 xxvn,
550 5495 603 5548 7.
675 5494 717 5522 "
746 5491 931 5546 Matth.
961 5507 1046 5554 xx,
1070 5491 1157 5545 28.
1235 5491 1279 5538 '5
1304 5489 1491 5543 Matth.
1518 5504 1624 5552 XXI,
1654 5483 1737 5542 l5.
1814 5488 1857 5517 "
1877 5485 2035 5542 Joan.
2059 5498 2116 5549 tt,
2141 5486 2224 5540 lt‘i.

53 5558 241 5618 "Joan.
267 5583 314 5631 χ,
337 5569 418 5622 l8.
487 5568 535 5602 ”
555 5566 688 5620 Luc.
714 5580 804 5629 xu,
829 5563 918 5617 θέο.

1699 4591 1891 4642 iterum
1917 4589 2156 4641 sumendi
2183 4603 2301 4642 eam
2324 4590 2389 4642 ν’.
2419 4588 2476 4644 1η
2502 4605 2612 4660 quo
2639 4591 2805 4646 etiam
2837 4608 2894 4646 se
2927 4609 3092 4663 supra
3117 4610 3281 4664 quam

1699 4680 1978 4734 hominem
2021 4694 2140 4734 esse
2183 4679 2504 4735 declarabat
2543 4700 2554 4733 :
2589 4681 2862 4750 siquidem
2900 4685 3081 4739 omnis
3117 4685 3284 4740 homo

1700 4770 1874 4825 invite
1905 4770 2145 4825 animam
2181 4785 2337 4825 suam
2370 4770 2625 4836 dimittit;
2659 4780 2714 4827 et
2742 4772 2834 4826 alii
2871 4781 3002 4828 sunt
3031 4776 3125 4845 qui
3160 4778 3281 4830 ani-

1699 4877 1842 4917 mam
1877 4861 2103 4930 tollant,
2135 4861 2230 4932 qui
2265 4870 2393 4917 sunt
2424 4862 2492 4917 ad
2528 4863 2634 4918 hoc
2665 4864 2903 4922 ministri
2942 4866 3228 4924 constituti
3266 4887 3278 4921 :

1699 4954 1862 5014 sicuti
1919 4954 2127 5012 dictum
2184 4961 2269 5010 est
2324 4954 2400 5010 illi
2458 4953 2648 5022 diviti,
2691 4958 2852 5036 cujus
2903 4973 3033 5030 ager
3082 4959 3282 5016 uberes

1699 5049 1911 5112 fructus
1950 5048 2168 5112 tulerat,
2196 5047 2288 5117 qui
2329 5047 2652 5120 imprudens
2683 5051 2973 5108 consilium
3005 5060 3230 5125 ceperat
3263 5071 3277 5106 :

1702 5133 1814 5206 (Iac
1855 5149 2004 5195 nocte
2043 5141 2282 5214 animum
2322 5150 2470 5196 tuam
2511 5160 2544 5196 α
2585 5153 2634 5196 te
2675 5145 2995 5216 repetent".
3026 5145 3276 5204 Animam

1701 5249 1833 5289 vero
1893 5231 2192 5290 Salvatoris
2250 5234 2428 5288 nostri
2485 5249 2648 5291 nemo
2703 5237 2964 5306 abstulit,
3013 5237 3106 5298 sed
3164 5238 3280 5309 ipse

1703 5327 1885 5400 potius
1918 5340 2038 5380 eam
2076 5333 2272 5393 sponte
2309 5326 2493 5396 posuit
2526 5326 2594 5382 ad
2631 5328 2827 5394 breve,
2860 5329 3055 5392 eadem
3093 5329 3278 5383 divina

2303 5486 2347 5516 ’°
2371 5483 2534 5541 llrbr.
2560 5502 2612 5551 x,
2637 5487 2724 5542 20.
2803 5490 2844 5520 "
2870 5488 3011 5543 Psal.
3038 5503 3164 5553 xvu,
3189 5489 3279 5547 12.

1289 5699 1531 5758 ΥᾹΒΙᾹΞ
1575 5696 1986 5756 [ᾸΞΟΪΙΟΝΕΒ.

115 5791 137 5838 ά
161 5795 562 5858 Admirabantur
588 5815 617 5854 e
649 5807 912 5853 contextu
946 5798 1268 5865 legendum.

263 5890 526 5958 Ρηηοι..
573 5895 691 5955 (in.
735 5889 1054 5953 LXXXIX.

2795 5879 2870 5942 £3
