4052 6542
580 356 600 418 l
613 357 711 420 355

1734 353 1793 418 S.
1817 358 2215 419 ANASTASII
2248 355 2685 420 ANTIOCHEN
2692 358 2719 418 Ι

3706 363 3816 431 I356

578 467 928 540 providentia
952 478 1309 538 quapropter
1329 483 1431 523 nos
1450 468 1627 523 factus
1655 478 1740 524 est
1767 470 1962 539 homo;
1995 485 2161 541 opor—
2189 476 2235 535 Α
2266 472 2399 537 et'oi,
2443 480 2644 527 tamma
2706 472 3093 527 sabachthani?
3151 472 3291 543 quod
3348 475 3756 545 interpretantur
3803 498 3817 533 :

579 561 729 617 tebat
756 560 903 616 enim
931 559 1205 631 proﬁcisci
1234 560 1304 614 ad
1334 560 1548 614 animas
1574 562 1784 617 solutas
1807 563 2159 634 corporibus,

577 663 635 710 et
688 654 980 727 praedicare
1040 653 1262 722 captivis
1324 653 1686 707 remissionem
1710 654 1776 708 9".
1825 654 1931 721 Qui
1994 655 2163 726 igitur

579 746 773 802 volens
814 746 1053 801 animam
1094 744 1379 814 propriam
1420 744 1672 811 dimittit,
1706 761 1817 801 non
1857 754 1940 802 est
1982 748 2161 802 solum

579 839 763 893 anima
787 852 1021 907 corpore
1054 844 1217 890 utens
1245 853 1258 891 :
1286 837 1420 907 quid
1446 839 1597 893 enim
1621 848 1727 905 est,
1746 839 1895 909 quod
1920 839 2161 894 animam

577 940 774 1002 sponte
806 930 1002 985 solvit?
1036 945 1151 984 non
1184 930 1333 983 enim
1369 940 1808 1005 consentaneum
1844 933 2045 987 rationi
2078 943 2163 987 est

579 1023 899 1078 existimare
924 1036 1086 1091 posse
1111 1022 1218 1076 hoc
1240 1021 1423 1077 facere
1445 1038 1669 1093 corpus,
1689 1024 1836 1094 quod
1861 1040 1972 1079 non
1997 1025 2163 1081 habet

579 1115 920 1171 voluntarias
950 1116 1338 1186 appetitiones.
1362 1116 1566 1172 Verum
1594 1118 1639 1172 si
1668 1118 1773 1172 hoc
1803 1119 2161 1184 concedatur,

580 1209 896 1280 reperietur
920 1225 1041 1264 esse
1069 1225 1270 1279 corpus
1300 1210 1543 1264 nobilius
1573 1210 1754 1265 anima
1784 1210 2014 1266 rationis
2039 1227 2165 1281 par-

581 1302 775 1374 ticipe,
820 1302 1095 1372 siquidem
1142 1318 1345 1372 corpus
1386 1302 1616 1357 dimittit
1656 1303 1928 1369 animam,
1980 1304 2163 1359 anima

578 1410 713 1451 vero
744 1394 1067 1449 dimittitur.
1093 1394 1305 1449 Idcirco
1332 1409 1558 1450 necesse
1590 1405 1679 1450 est
1705 1395 1934 1449 omnino
1966 1402 2163 1466 putare

579 1491 635 1545 in
675 1489 1079 1561 compositione
1118 1488 1356 1553 Christi,
1387 1488 1536 1543 aliud
1569 1488 1700 1558 quid
1736 1497 1934 1559 prarter
1962 1505 2165 1560 corpus

578 1592 635 1637 et
662 1582 924 1645 animam,
952 1590 1188 1651 utroque
1214 1581 1437 1649 quidem
1462 1581 1707 1637 nobilius
1739 1600 1751 1635 :
1784 1584 2164 1652 praestantiore

578 1694 713 1733 vero
736 1676 1129 1748 principalius;
1159 1674 1306 1745 quod
1332 1675 1555 1745 quidem
1581 1692 1683 1746 pro
1710 1678 2042 1733 auctoritate
2066 1693 2165 1733 sua

578 1786 782 1841 corpus
821 1770 878 1824 in
917 1769 1104 1824 cibum
1144 1768 1434 1837 discipulis
1471 1768 1653 1834 dedit;
1694 1778 1751 1824 et
1782 1770 2023 1825 animam
2063 1786 2164 1841 pro

578 1860 772 1916 amicis
811 1860 998 1930 posuit
1028 1877 1041 1913 :
1078 1867 1244 1930 atque
1276 1858 1381 1913 hac
1412 1859 1625 1914 ration’e
1657 1858 1882 1915 nimiam
1914 1860 2159 1917 charita-

579 1964 689 2010 t'em
724 1954 777 2006 in
804 1968 905 2006 nos
929 1968 1086 2006 suam
1113 1952 1359 2007 ostendit
1380 1952 1447 2007 9“.

650 2044 765 2097 XII.
796 2042 937 2109 Quid
962 2049 1145 2096 autem
1185 2042 1290 2096 hoc
1325 2042 1478 2096 erat?
1513 2042 1723 2112 Nempe
1760 2042 2012 2098 divinum
2052 2062 2159 2099 nu-

580 2154 737 2202 men,
769 2135 1136 2205 compositum
1177 2134 1388 2189 scilicet
1427 2134 1544 2190 sine
1584 2138 1841 2206 passione
1881 2152 2006 2191 cum
2048 2146 2161 2192 ter-

583 2243 716 2283 reno
752 2243 1004 2298 corpore.
1035 2228 1112 2281 Ac
1148 2227 1353 2282 latebat
1388 2227 1633 2297 quidem,
1662 2238 1717 2283 et
1751 2244 1861 2284 non
1897 2230 2163 2285 cerneba-

583 2330 692 2385 tur,
719 2328 944 2390 propter
970 2320 1373 2375 tabernaculum
1408 2321 1657 2391 quod,ut
1688 2323 1905 2388 dixi,in
1942 2326 2164 2378 circuitu

576 2414 793 2477 erat”;
834 2420 892 2467 et
926 2413 1055 2483 quia
1094 2420 1291 2467 natura
1332 2423 1417 2468 est
1452 2414 1835 2485 inaspectabili
1881 2435 1893 2468 :
1939 2432 2163 2471 verum-

583 2515 766 2560 tamen
794 2503 1209 2560 demonstrabat
1238 2520 1296 2559 se
1326 2506 1498 2560 Deum
1528 2510 1625 2576 per
1648 2522 1735 2572 ea,
1760 2523 1882 2577 quae
1908 2508 2160 2564 faciebat.

580 2597 905 2654 Clamabant
929 2598 1075 2650 enim
1102 2613 1270 2667 opera
1298 2614 1420 2667 quae
1447 2600 1617 2654 Deum
1652 2600 1707 2654 in
1739 2616 1904 2656 carne
1936 2601 2166 2657 abscon-

583 2692 761 2746 ditum
803 2689 1180 2760 przedicabant
1219 2708 1231 2743 :
1275 2700 1330 2745 et
1367 2699 1528 2746 erant
1566 2694 1851 2761 passiones
1891 2694 2165 2765 praecipue

584 2784 807 2854 quidem
840 2790 895 2836 ct
926 2782 981 2835 in
1009 2781 1203 2851 primis
1233 2781 1444 2848 carnis;
1476 2790 1753 2852 quatenus
1775 2799 1911 2839 vero
1935 2799 2029 2840 eas
2058 2784 2166 2840 sibi

584 2873 945 2938 attribuebat,
978 2883 1138 2927 erant
1172 2873 1294 2943 ejus
1333 2874 1429 2943 qui
1470 2889 1694 2929 carnem
1734 2885 2110 2944 assumpserat
2148 2893 2163 2931 :

583 2966 849 3019 miracula
892 2980 1025 3020 vero
1069 2967 1124 3021 in
1171 2966 1365 3036 primis
1412 2976 1569 3022 erant
1613 2967 1778 3021 Verbi
1823 2968 1957 3035 Dei;
2003 2968 2166 3023 simul

583 3068 768 3112 autem
820 3072 943 3111 cum
988 3057 1077 3111 his
1122 3073 1252 3112 caro
1301 3059 1745 3130 gloriﬁcabatur,
1779 3062 1911 3133 quia
1953 3061 2170 3117 scilicet

584 3149 755 3203 Verbi
801 3149 897 3203 Dei
938 3159 1079 3204 erat.
1111 3149 1254 3205 Caro
1301 3151 1419 3221 ipsa
1466 3151 1727 3207 transﬁxa
1768 3163 1855 3208 est
1896 3153 2066 3209 clavis
2112 3154 2169 3208 in

584 3256 772 3307 cruce,
803 3250 860 3295 et
893 3242 1084 3297 lancea
1117 3244 1413 3299 vulnerata
1449 3252 1556 3309 est,
1588 3254 1645 3299 et
1678 3254 1834 3300 aceto
1873 3254 2084 3316 potata,
2115 3256 2171 3301 et

584 3346 748 3389 omne
802 3351 975 3406 genus
1026 3336 1380 3391 contumeliae
1434 3352 1465 3391 a
1515 3336 1764 3391 scelestis
1815 3337 1922 3392 illis
1975 3348 2172 3407 sponte

585 3428 819 3499 accepit,
855 3444 980 3482 cum
1006 3427 1249 3483 Verbum
1288 3428 1385 3483 Dei
1426 3443 1613 3483 secum
1651 3430 1957 3484 secundum
1997 3429 2171 3500 hypo-

586 3521 775 3575 stasim
816 3521 1032 3575 unitum
1074 3520 1322 3575 haberet.
1348 3520 1508 3577 Unde
1549 3521 1775 3591 sanguis
1810 3522 1903 3591 qui
1943 3537 2010 3577 ex
2055 3522 2172 3592 ipsa

588 3613 813 3679 luebat,
844 3613 1067 3683 sanguis
1103 3612 1267 3669 Verbi
1316 3612 1629 3683 incorporei
1672 3623 1728 3669 et
1765 3614 2033 3685 sanguine
2077 3631 2172 3669 ca-

589 3705 763 3760 rentis
796 3714 919 3759 esse
954 3705 1182 3767 dicitur,
1210 3714 1485 3774 quatenus
1520 3720 1667 3761 unus
1700 3714 1786 3761 est
1818 3722 1885 3761 ex
1921 3707 2170 3776 utrisque

587 3796 926 3865 compositus
973 3795 1260 3860 Christus,
1312 3797 1458 3851 Deus
1507 3796 1670 3850 simul
1718 3804 1775 3851 et
1823 3796 2010 3851 homo.
2058 3796 2173 3850 Hoc

587 3898 771 3944 autem
810 3889 884 3942 ita
917 3903 1036 3943 esse
1073 3898 1262 3960 aperte
1299 3889 1541 3945 declarat
1575 3888 1715 3959 ipse,
1744 3903 1869 3944 cum
1906 3888 2077 3942 Deum
2116 3888 2171 3941 in

589 3996 755 4036 cruce
785 3981 1003 4035 Patrem
1032 3989 1086 4036 et
1129 3981 1301 4037 Deum
1352 3997 1513 4037 suum
1541 3990 1704 4037 vocat
1736 3999 1748 4035 :
1779 3979 1924 4047 Eloi,
1967 3981 2169 4051 inquit,

662 4122 709 4154 9‘
734 4122 838 4178 lsa.
864 4139 971 4189 LXI,
997 4125 1047 4178 1.

591 4194 609 4227 ⁸
632 4193 822 4249 Matth.
847 4210 1014 4263 xxvii,
1036 4195 1124 4251 54.

1677 4127 1723 4161 ’⁸
1746 4127 1888 4181 Psal.
1912 4142 2042 4187 xvn,
2068 4126 2153 4181 12.

1126 4126 1174 4157 θ’
1196 4125 1237 4180 Ε
1281 4126 1399 4181 hes.
1426 4143 1497 4190 iv,
1520 4126 1575 4181 2.

1203 4198 1222 4228 ²
1243 4143 1386 4252 ἴδεθι.
1410 4213 1515 4252 Ctx.
1540 4199 1572 4251 5

1203 4198 1222 4228 ²
1247 4196 1386 4252 Psal.
1410 4213 1515 4262 Ctx,
1540 4199 1592 4252 5.
1671 4197 1694 4229 ³
1712 4197 1880 4252 Hebr.
1906 4214 1962 4262 η,
1987 4196 2072 4251 16.

1290 4197 1386 4252 sal.
1410 4213 1515 4263 CIX,
1540 4199 1592 4252 5.

2230 4128 2273 4159 ³⁷
2299 4127 2470 4181 Marc.
2494 4144 2582 4193 xv,
2609 4126 2697 4182 55.

2149 4196 2169 4227 ⁸
2191 4196 2327 4252 ibid.
2352 4197 2437 4251 M.

2268 566 2403 621 Deus
2448 583 2614 632 meus,
2648 565 2788 619 Dens
2834 580 3001 628 meus,
3029 573 3086 617 ut
3125 566 3252 636 quid
3294 583 3376 620 me
3419 566 3821 638 dereliquistj"?

2264 661 2334 715 Et
2369 658 2572 713 iterum
2618 678 2631 715 ε
2666 659 2833 714 Pater
2862 675 3031 723 meus,
3061 661 3118 714 in
3158 675 3349 713 manus
3390 669 3508 714 tuas
3542 664 3820 716 commenda

2263 754 2507 821 spiritum
2535 769 2708 806 meum
2732 754 2799 805 ’⁸.
2824 753 2892 807 Et
2918 751 3075 815 illud,
3102 760 3295 821 aperto
3321 751 3494 807 latere
3522 754 3697 809 exisse
3721 771 3823 810 san-

2265 848 2487 917 guinem
2519 855 2575 900 et
2605 861 2805 916 aquam
2836 861 2903 901 ex
2934 860 3165 915 corpore
3196 845 3309 915 jam
3342 855 3566 901 mortuo
3588 848 3656 911 ”,
3683 864 3821 918 supra

2265 948 2520 992 naturam
2547 938 2792 993 hominis
2820 947 2942 993 erat
2974 956 2988 992 :
3018 937 3167 1007 quod
3198 936 3423 1007 quidem
3457 940 3748 996 nonnullos
3770 960 3822 997 ex

2267 1031 2586 1086 inﬁdelibus
2623 1032 2718 1103 qui
2763 1033 3049 1097 astabant,
3090 1035 3159 1090 ad
3203 1033 3547 1107 credendum
3590 1032 3821 1096 adduxit,

2266 1128 2596 1182 conﬁtentes
2629 1144 2748 1182 vere
2784 1110 2979 1182 Filium
3012 1128 3111 1183 Dei
3144 1146 3253 1184 esse
3277 1132 3318 1194 ¹,
3345 1136 3577 1198 propter
3605 1143 3755 1197 quem
3781 1139 3823 1183 et

2265 1235 2365 1290 per
2396 1236 2561 1290 quem
2603 1229 2681 1275 tot
2715 1237 2779 1276 ac
2818 1231 2968 1275 tanta
3010 1221 3257 1293 prodigia
3295 1221 3443 1276 edita
3482 1229 3693 1276 essent.
3718 1220 3824 1285 Qua:

2264 1327 2399 1366 vero
2438 1312 2688 1384 prodigia
2727 1314 2921 1368 erant?
2956 1313 3164 1382 Nempe
3204 1312 3338 1367 solis
3364 1310 3607 1366 defectio
3643 1310 3825 1365 decima

2266 1414 2461 1477 quarta
2488 1407 2639 1472 luna,
2660 1421 2783 1460 cum
2813 1405 2893 1459 fas
2918 1415 3037 1460 erat
3058 1405 3262 1461 Iudaeis
3288 1403 3585 1457 immolare
3609 1402 3823 1473 pascha:

2267 1507 2429 1553 terra;
2466 1508 2667 1563 motus,
2706 1513 2835 1553 saxa
2874 1498 3066 1560 scissa,
3106 1496 3361 1565 sepulcra
3405 1503 3619 1563 aperta,
3652 1496 3827 1549 mortui

2267 1586 2550 1651 suscitati,
2585 1587 2768 1641 velum
2821 1587 3011 1656 templi
3060 1585 3293 1639 scissum
3340 1600 3369 1638 a
3417 1599 3637 1638 summo
3678 1570 3861 1654 usque

2268 1676 2548 1740 deorsum,
2583 1684 2638 1731 et
2670 1686 2864 1732 caetera
2902 1673 3195 1746 ejusmodi,
3221 1688 3343 1743 qum
3370 1673 3482 1726 vim
3523 1672 3645 1741 ejus
3678 1671 3829 1725 decla-

2269 1769 2499 1833 rabant,
2533 1769 2627 1839 qui
2674 1769 2727 1823 in
2777 1768 2925 1839 ligno
2970 1766 3278 1837 pendebat,
3312 1775 3367 1818 et
3414 1772 3702 1835 peccatum
3744 1779 3827 1817 no-

2271 1869 2445 1916 strum
2496 1861 2551 1915 in
2600 1876 2667 1915 co
2712 1859 3011 1914 damnavit.
3051 1858 3172 1913 Non
3218 1856 3365 1910 enim
3417 1862 3829 1910 consentaneum

2268 1963 2409 2020 erat,
2440 1964 2499 2010 ut
2529 1962 2754 2024 propter
2782 1969 2908 2007 eum
2939 1952 3033 2022 qui
3061 1951 3230 2005 homo
3261 1950 3438 2003 solum
3469 1957 3644 2012 esset,
3672 1956 3828 2001 tanto-

2271 2062 2402 2116 pere
2442 2045 2764 2100 universum
2801 2053 3271 2108 commoveretur;
3305 2051 3361 2097 et
3389 2042 3437 2096 si
3467 2041 3596 2110 quis
3627 2040 3830 2093 fortasse

2271 2153 2617 2208 compassum
2659 2152 2781 2192 esse
2822 2136 2990 2200 dicat,
3024 2140 3144 2188 non‘
3179 2132 3465 2188 aberrabit
3511 2150 3524 2185 :
3571 2129 3829 2200 Oportebat

2271 2228 2419 2282 enim
2462 2236 2522 2282 ut
2559 2236 2828 2282 creaturae
2866 2225 3117 2281 Creatori
3159 2230 3639 2293 compaterentur.
3668 2221 3829 2291 Neque

2272 2320 2389 2376 sine
2423 2319 2695 2390 probabili
2733 2318 2946 2372 ratione
2984 2318 3101 2371 lizec
3138 2316 3397 2381 dicimus,
3427 2315 3693 2385 quoniam
3726 2329 3828 2369 cum

2271 2413 2522 2484 plerique
2546 2411 2682 2483 justi
2711 2420 2870 2466 antea
2900 2410 3047 2481 passi
3077 2420 3283 2475 essent,
3312 2409 3452 2464 nihil
3490 2410 3547 2463 in
3584 2408 3830 2463 universi-

2275 2514 2384 2561 tate
2419 2503 2612 2560 mundi
2648 2503 2899 2557 ordinem
2920 2518 3079 2557 suum
3103 2500 3332 2571 reliquit
3358 2517 3373 2555 :
3400 2500 3539 2571 quid
3566 2500 3709 2570 enim
3732 2498 3828 2557 Lit-

2273 2599 2407 2654 teris
2440 2597 2721 2668 proditum
2753 2604 2837 2651 est
2869 2595 3121 2651 evenisse
3160 2593 3419 2664 lapidatis
3456 2593 3684 2657 sanctis,
3706 2593 3830 2647 occi-

2273 2688 2428 2743 sione
2478 2685 2645 2757 gladii
2690 2686 3024 2756 peremptis,
3068 2684 3271 2739 sectis?
3312 2684 3379 2738 At
3428 2684 3563 2754 quia
3608 2683 3829 2738 universa

2274 2788 2527 2836 creatura
2556 2779 2662 2832 hoc
2690 2779 2940 2847 patiente
2973 2787 3247 2832 commota
3285 2785 3390 2841 est,
3421 2776 3567 2831 facta
3606 2785 3684 2830 cst
3716 2792 3830 2845 pne-

2274 2871 2510 2927 dicatrix
2545 2870 2615 2925 iis
2648 2869 2743 2940 qui
2780 2884 2943 2923 aures
2977 2868 3243 2924 audiendi
3281 2868 3513 2933 habent,
3538 2883 3667 2922 vere
3695 2866 3831 2921 fuisse

2275 2964 2475 3020 Filium
2516 2963 2635 3028 Dei,
2666 2978 2731 3017 ac
2771 2964 2969 3028 Deum,
2998 2977 3112 3016 non
3154 2960 3478 3032 adoptatum
3518 2960 3733 3023 Filium,
3757 2968 3833 3012 aut

2276 3057 2581 3112 secundum
2625 3057 2857 3127 gratiam
2904 3056 3112 3119 Deum,
3153 3054 3250 3109 sed
3295 3065 3493 3109 natura
3540 3053 3759 3112 Filium,
3788 3058 3832 3105 et

2276 3159 2473 3207 natura
2503 3151 2698 3214 Deum,
2726 3160 2782 3205 et
2810 3150 3043 3220 genitori
3075 3148 3633 3212 consubstantialem,
3659 3162 3718 3201 ex
3744 3160 3832 3214 quo

2275 3252 2400 3297 ante
2443 3242 2720 3311 luciferum
2761 3241 2967 3312 genitus
3004 3242 3121 3295 est’
3154 3241 3301 3295 Deus
3340 3241 3730 3309 incorporeus,
3756 3236 3831 3306 qui

2274 3344 2467 3405 postea
2489 3350 2666 3388 semen
2688 3333 2915 3388 Abrahae
2944 3332 3295 3405 apprehendit
3318 3332 3362 3395 ³,
3390 3339 3445 3386 et
3473 3346 3577 3400 per
3604 3330 3831 3382 unionem

2275 3443 2402 3482 cum
2433 3442 2500 3483 eo
2524 3427 2703 3483 factus
2733 3436 2817 3481 est
2842 3427 3030 3493 homo,
3052 3426 3146 3496 qui
3177 3440 3404 3480 carnem
3432 3434 3491 3479 et
3517 3421 3829 3493 sanguinem,

2275 3522 2421 3575 sicut
2468 3520 2664 3590 pueri,
2707 3519 3125 3590 participavit‘.
3175 3519 3330 3573 lianc
3377 3531 3605 3572 carnem
3655 3516 3706 3568 in
3746 3527 3831 3582 qua

2278 3616 2424 3669 Dens
2454 3622 2597 3677 crat,
2627 3614 2696 3669 de
2727 3628 2893 3669 cruce
2923 3613 3229 3683 depositam
3260 3617 3571 3681 posuerunt
3602 3610 3652 3663 in
3680 3604 3831 3675 sepul-

2280 3720 2397 3771 cro,
2429 3715 2487 3761 et
2528 3704 2761 3760 sindone
2804 3705 3010 3759 munda
3056 3704 3437 3767 involverunt;
3484 3706 3828 3757 secesserunt-

2281 3813 2411 3866 que,
2440 3796 2535 3867 qui
2575 3812 2687 3868 prae
2728 3796 2900 3852 nimia
2938 3795 3288 3851 conclolentia
3326 3810 3534 3865 corpus
3571 3794 3825 3864 petierant.

2280 3889 2414 3945 Erat
2433 3898 2615 3944 autem
2640 3889 2782 3961 lapis
2804 3889 2900 3959 qui
2921 3889 3125 3944 ostium
3145 3887 3493 3941 monumenti
3520 3883 3825 3945 obstruebat,

2280 3981 2598 4037 testimonio
2615 4023 2629 4048 ,
2654 3996 2785 4036 vere
2809 3988 3089 4035 mortuum
3114 3995 3235 4035 esse
3258 3989 3314 4034 et
3336 3979 3639 4049 sepultum.

2800 4128 2845 4159 ⁸⁸
2869 4126 3005 4183 Luc.
3029 4140 3183 4192 mn,
3204 4124 3293 4180 46.
3385 4124 3432 4155 θ’
3450 4123 3612 4179 Joan.
3638 4136 3735 4185 xix,
3754 4118 3823 4174 3t.

1935 4368 3801 4395 W

1640 4647 1747 4707 DE
1792 4646 2398 4710 RESURRECTION
2413 4647 2456 4706 E
2495 4645 2836 4708 CHRISTI.

2206 4794 2276 4806 ~—

684 4899 721 4958 1.
746 4900 949 4956 Verum
1014 4913 1101 4953 res
1127 4899 1432 4955 Salvatoris
1476 4908 1531 4955 et
1578 4901 1799 4957 Domini
1848 4904 2025 4959 nostri
2068 4920 2181 4959 non
2213 4907 2259 4964 ι)
2288 4907 2490 4962 lateret
2550 4912 2700 4975 quod
2740 4908 2951 4960 factum
2983 4903 3182 4967 fuerat,
3215 4901 3423 4957 idcirco
3469 4904 3553 4957 sic
3612 4906 3821 4954 mortuus

601 5008 778 5061 usque
812 4991 879 5045 ad
941 4991 1059 5045 hate
1103 5000 1319 5046 tantum
1373 5002 1770 5048 consummatae
1816 5004 1977 5063 sunt;
2040 5012 2184 5067 opus

602 5084 751 5138 enim
776 5092 896 5138 erat
923 5082 1247 5154 plenissima
1293 5086 1628 5149 mconomia,
1687 5085 1990 5158 deeratque
2020 5088 2180 5145 ﬁnis:

603 5177 835 5244 propter
864 5172 1339 5228 resurrectionem
1369 5174 1520 5229 enim
1548 5190 1616 5230 ex
1646 5177 1883 5233 mortuis
1931 5180 2054 5249 ejus
2087 5180 2183 5250 qui

605 5274 862 5319 mortuus
888 5273 993 5329 est,
1044 5265 1257 5320 exstitit
1298 5275 1456 5322 ortus
1503 5269 1757 5339 ejusdem
1790 5271 1886 5341 qui
1922 5279 2050 5327 ante
2081 5289 2185 5329 sa:-

604 5356 728 5410 cula
773 5355 995 5425 genitus
1027 5365 1130 5418 est,
1161 5365 1218 5411 et
1245 5372 1395 5411 mors
1427 5373 1524 5428 per
1560 5375 1782 5415 crucem
1814 5361 1935 5431 ejus
1964 5362 2058 5432 qui
2100 5373 2187 5418 est

604 5447 973 5503 immortalis:
1004 5462 1128 5517 qua:
1155 5447 1378 5517 quidem
1419 5466 1528 5504 non
1586 5451 1789 5507 accidit
1840 5454 2092 5520 fortuito,
2123 5466 2184 5511 ut

603 5538 807 5609 aliquis
835 5538 1070 5594 fortasse
1101 5538 1285 5593 dicat:
1320 5541 1480 5595 multi
1540 5558 1780 5614 namque
1809 5554 1959 5611 sunt,
2007 5556 2064 5603 et
2094 5548 2181 5602 di-

602 5629 749 5689 versi
796 5631 997 5686 mortis
1046 5630 1197 5685 modi
1255 5632 1351 5701 qui
1393 5631 1718 5689 horninibus
1753 5635 2049 5703 accidunt;
2087 5637 2181 5691 alii

604 5725 831 5794 quidem
867 5742 937 5781 ex
971 5724 1347 5795 providentia,
1386 5725 1481 5780 alii
1507 5742 1729 5783 veroex
1778 5726 1997 5785 insidiis
2035 5747 2048 5783 :
2084 5730 2180 5785 sed

601 5830 663 5875 ut
693 5823 1051 5890 apudomnes
1066 5820 1291 5893 publica
1311 5830 1456 5879 esset
1484 5837 1633 5879 mors
1656 5824 1798 5897 ejus,
1817 5834 1873 5880 et
1902 5826 2181 5881 neminem

2288 5007 2375 5055 est
2405 4998 2566 5069 :quis
2597 4997 2748 5053 enim
2772 5011 2899 5051 eum
2924 4995 3019 5065 qui
3051 4996 3107 5049 in
3135 5011 3302 5051 cruce
3326 4993 3594 5064 pependit
3624 5000 3673 5047 et
3689 4986 3821 5044 claris

2293 5094 2597 5148 transﬁxus
2628 5100 2715 5146 est
2752 5101 2809 5145 et
2840 5091 2921 5144 sic
2954 5089 3122 5143 vitam
3156 5087 3403 5156 reliquit,
3442 5095 3711 5140 mortuum
3728 5092 3819 5134 esse

2290 5193 2496 5256 neget,
2553 5182 2809 5254 quamvis
2868 5180 3092 5235 veritati
3162 5194 3497 5249 magnopere
3560 5168 3821 5246 repugnet?

2294 5278 2458 5332 Solus
2500 5281 2650 5331 enim
2688 5276 2850 5331 'Jcsus
2880 5289 2946 5329 ex
3002 5274 3068 5329 iis
3121 5273 3217 5344 qui
3278 5288 3405 5328 cum
3440 5288 3507 5328 eo
3537 5273 3589 5327 in
3618 5266 3819 5342 patibulo

2294 5369 2541 5429 fuerunt,
2569 5376 2821 5423 mortuus
2855 5376 2963 5432 est,
2995 5367 3138 5423 duos
3167 5366 3296 5422 dico
3326 5366 3593 5430 latrones,
3616 5362 3817 5433 quicum

2293 5472 2361 5511 eo
2391 5456 2644 5511 cruciﬁxi
2675 5456 2817 5510 nihil
2849 5456 2955 5512 tale
2989 5457 3138 5527 passi
3186 5465 3337 5512 sunt.
3389 5456 3672 5512 Testantur
3718 5450 3816 5505 hoe.

2296 5565 2419 5620 quae
2450 5536 2716 5618 deinceps
2736 5558 2888 5620 gesta
2922 5557 3090 5606 sunt:
3148 5564 3274 5604 cum
3334 5549 3482 5603 enim
3512 5559 3689 5617 magno
3716 5538 3818 5594 Sab-

2297 5642 2426 5697 bato
2450 5642 2505 5695 in
2535 5640 2737 5697 festum
2768 5642 3102 5712 Azymorum
3135 5641 3458 5696 incurrente
3492 5635 3650 5695 Judzei
3675 5648 3701 5687 a
3743 5628 3812 5683 lli-

2292 5733 2406 5788 lato
2469 5732 2785 5803 petiissent,
2829 5742 2891 5789 ut
2945 5747 3181 5803 corpora
3224 5748 3418 5788 eorum
3467 5730 3557 5802 qui
3609 5718 3809 5782 cruciﬁxi

2292 5836 2472 5892 erant,
2503 5827 2947 5898 deponerentur,
3002 5826 3488 5896 concessissetque
3523 5821 3707 5881 Pilatus
3741 5825 3811 5867 co-
