4052 6536
288 365 424 431 1357

1097 364 1378 426 ORATIO
1414 366 1570 427 v.—-
1596 365 1693 425 DE
1729 349 2379 425 RESURRECTIONE
2417 359 2755 425 CHRISTI.

3410 349 3546 417 1358

288 494 415 534 rum
462 476 675 548 justum
732 473 1093 547 postulatum,
1141 476 1513 547 jussissetque
1557 484 1619 531 ut
1665 490 1860 530 eorum
1890 480 1937 535 A
1965 476 2257 546 pecuniam
2304 476 2577 531 militibus
2620 471 2877 545 polliciti,
2920 470 3159 527 suadent
3203 470 3461 526 occulere
3488 480 3545 525 et

287 583 452 624 crura
478 566 888 636 frangerentur,
916 572 1110 620 narrat
1131 564 1365 620 historia
1388 566 1432 628 ⁸,
1456 565 1620 635 primi
1640 564 1866 635 quidem

287 668 347 717 et
402 657 634 714 secundi
690 655 785 727 qui
820 672 947 711 cum
994 671 1065 711 eo
1100 656 1326 713 fuerant
1355 656 1413 712 in
1471 646 1693 713 crucem
1735 655 1865 721 acti,

288 750 529 823 fregisse.
551 766 754 816 crura;
813 748 883 805 ad
914 748 1104 823 Jesum
1150 758 1338 805 autem
1386 764 1513 804 cum
1563 749 1867 814 venissent,

289 859 534 914 eumque
549 842 662 915 jam
693 848 978 896 mortuum
1002 841 1296 904 vidissent,
1328 856 1442 896 non
1486 839 1720 912 fregisse
1750 839 1872 910 ejus

289 951 477 992 crura.
1372 955 1377 959 ·

362 1026 431 1083 ll.
484 1025 624 1083 Cum
661 1026 832 1098 igitur
871 1033 1041 1081 testes
1068 1024 1183 1079 sint
1223 1030 1508 1083 mortuum
1542 1035 1698 1085 esse,
1743 1018 1874 1073 nul-

290 1117 382 1174 lus
405 1116 639 1173 habebit
662 1117 848 1172 locum
872 1115 1117 1187 negandi
1147 1123 1382 1169 mortem
1428 1112 1686 1168 suscitati
1712 1129 1725 1165 :
1762 1112 1874 1166 imo

291 1219 351 1266 et
376 1210 580 1281 Josepb
637 1225 763 1265 cum
822 1208 1077 1279 petiisset
1127 1221 1329 1276 corpus
1380 1205 1450 1260 ad
1505 1203 1872 1265 humandum,
1920 1196 1924 1200 ’

293 1303 529 1359 miratus
563 1311 649 1358 est
679 1303 912 1368 Pilatus,
943 1299 1092 1372 quod
1107 1301 1219 1371 jam
1247 1308 1506 1353 mortuus
1529 1302 1700 1351 esset.
1731 1293 1875 1362 Quid

293 1412 417 1453 esse
444 1404 629 1467 potest
672 1394 991 1451 evidentius
1048 1390 1366 1448 testimonio
1392 1388 1733 1454 Iudaeorum,
1783 1386 1877 1457 qui

296 1487 449 1543 omni
482 1486 719 1542 artificio
779 1483 1257 1541 resurrectionem
1311 1482 1537 1538 Domini
1596 1481 1878 1537 occultare

296 1579 528 1635 volunt?
561 1578 699 1634 Cum
724 1578 873 1633 enim
909 1584 1133 1648 postero
1172 1574 1264 1631 die
1301 1574 1446 1645 apud
1471 1574 1718 1629 Pilatum
1748 1587 1881 1626 con-

299 1671 610 1735 venissent,
646 1669 908 1724 dixerunt
957 1686 972 1723 :
1001 1667 1284 1723 Recordati
1315 1682 1519 1731 sumus,
1551 1663 1689 1736 quod
1720 1662 1879 1717 sedu-

303 1773 418 1817 ctor
446 1762 557 1827 ille,
606 1779 723 1816 cum
760 1761 931 1815 adhuc
960 1761 1174 1824 viveret,
1237 1758 1371 1812 dixit
1402 1774 1419 1812 :
1475 1755 1599 1811 Post
1629 1764 1733 1809 tres
1772 1754 1880 1808 dies

305 1855 618 1925 resurgam“
649 1893 663 1907 .
688 1852 825 1908 Cum
864 1867 994 1923 ergo
1040 1851 1098 1905 hi
1123 1850 1332 1910 dicant,
1360 1864 1485 1904 cum
1511 1847 1693 1902 adhuc
1726 1845 1878 1900 vive-

307 1956 416 2011 ret,
450 1945 653 2011 aiebat,
688 1954 744 1999 et
773 1943 1032 2007 dicendo,
1085 1958 1205 2010 cum
1235 1942 1404 1996 adhuc
1447 1940 1663 2002 viveret,
1723 1938 1885 2008 plane

308 2039 598 2095 declarant
680 2018 1239 2101 mortuum'fuisse,
1292 2047 1456 2088 omne
1511 2038 1885 2086 commentum

307 2133 629 2189 convictum
674 2131 785 2187 erit
823 2145 1041 2196 eorum,
1118 2128 1213 2200 qui
1266 2128 1453 2184 dicere
1506 2125 1712 2181 audent
1774 2140 1887 2179 non

309 2221 483 2301 fuisse
509 2230 810 2277 mortuum.

380 2337 477 2395 Ill.
535 2336 745 2392 Deinde
803 2335 1079 2407 signatum
1130 2332 1303 2390 fuisse
1352 2315 1691 2403 sepulcrum,
1742 2331 1891 2402 quod

314 2425 547 2482 scelesti
601 2424 682 2480 illi
732 2432 1156 2496 suggesserant,
1209 2422 1631 2479 consultissimo
1680 2422 1889 2478 factum

317 2528 404 2573 est
428 2516 495 2571 ad
527 2515 794 2587 pudorem
828 2530 1046 2578 eorum,
1078 2514 1173 2585 qui
1204 2513 1463 2569 dicebant
1489 2514 1707 2569 venisse
1729 2513 1895 2570 disci-

316 2607 483 2678 pulos
554 2616 737 2672 nocte,
765 2614 821 2661 et
847 2604 1057 2660 furatos
1103 2619 1225 2660 esse
1261 2619 1412 2660 eum.
1469 2602 1694 2675 Signata
1744 2603 1895 2660 enim

318 2707 708 2763 monumento,
731 2706 787 2752 et
811 2696 1082 2751 militibus
1101 2695 1258 2767 signa
1283 2695 1754 2763 custodientibus,
1777 2712 1899 2767 quae

321 2789 467 2844 ratio
499 2788 803 2860 probabilis
836 2787 1119 2844 videbitur
1171 2786 1237 2842 ad
1288 2786 1719 2844 inumbrandum
1756 2788 1901 2843 veri-

320 2883 532 2938 tatem?
562 2882 669 2939 Sed
702 2897 805 2937 nec
852 2881 987 2936 illud
1039 2880 1109 2935 ab
1162 2879 1295 2947 ullo,
1333 2889 1396 2934 ut
1437 2880 1700 2947 arbitror,
1751 2881 1899 2952 juste

322 2971 437 3027 dici
460 2972 689 3043 poterit,
722 2970 1065 3026 accusandos
1097 2984 1220 3024 esse
1267 2969 1458 3024 violati
1501 2971 1744 3041 sepulcri
1769 2986 1899 3041 pro-

322 3063 585 3135 pinquos,
619 3063 768 3118 furte
813 3078 1017 3134 corpus
1044 3062 1334 3118 sustulisse
1369 3062 1579 3117 relictis
1629 3062 1904 3133 signisin-

1969 568 2257 623 mendacia
2303 578 2622 633 contexere,
2678 579 2801 636 quae
2845 561 2951 634 ipsi
3006 561 3170 617 valde
3212 560 3362 616 fatue
3413 559 3549 630 ipsis

1972 658 2614 730 suggesseruntzbicite,
2653 654 2935 725 inquiunt,
2974 653 3114 725 quod
3153 651 3397 723 discipuli
3430 653 3544 723 ejus

1970 759 2227 807 venerunt
2259 760 2417 805 noctu
2433 759 2483 804 et
2512 749 2659 803 nobis
2682 747 3060 802 dormientibus
3093 746 3234 817 furto
3260 762 3379 799 eum
3431 761 3551 799 sus-

1975 843 2213 898 tulerunt
2261 843 2306 897 ⁸.
2358 842 2555 898 Merito
2588 840 2645 895 in
2682 840 2815 896 istos
2853 840 2963 894 dici
3000 845 3181 909 potest
3226 854 3240 890 :
3278 835 3322 891 Ο
3372 835 3551 906 magi-

1977 944 2120 992 stros
2148 933 2377 990 absurdi
2410 941 2468 990 et
2494 932 2859 1003 repugnantis
2925 928 3231 985 mendacii!
3277 926 3553 997 quomodo

1977 1027 2096 1083 lieri
2131 1035 2366 1097 poterat,
2396 1032 2458 1080 ut
2491 1024 2589 1095 qui
2630 1022 3003 1087 dormiebant,
3031 1021 3285 1077 viderent
3327 1020 3555 1091 quinam

1977 1129 2183 1185 essent,
2217 1120 2313 1190 qui
2342 1118 2513 1173 furati
2538 1117 2704 1172 sunt?
2735 1116 2793 1171 Si
2816 1123 3002 1171 autem
3029 1130 3158 1170 vere
3178 1121 3560 1185 cognoverunt

1979 1213 2163 1279 fures;
2202 1213 2309 1267 hoc
2334 1211 2485 1267 enim
2533 1209 2670 1280 ipsis
2724 1217 2787 1263 ut
2835 1207 3125 1274 dicerent,
3166 1206 3559 1278 suggessistis;

1980 1305 2229 1375 profecto
2257 1302 2498 1358 videndo
2515 1308 2898 1372 cognoverunt
2916 1317 2929 1352 :
2947 1297 3223 1369 quomodo
3244 1298 3411 1369 igitur
3430 1297 3563 1352 dor-

1983 1397 2252 1461 miebant,
2274 1394 2319 1451 si
2345 1394 2646 1449 viderunt?
2672 1392 2785 1447 Cur
2799 1406 2909 1446 non
2935 1391 3122 1461 potius
3141 1390 3349 1445 furtum
3366 1389 3561 1460 prohi—

1984 1490 2231 1545 hebant?
2260 1488 2343 1543 Ob
2367 1488 2511 1567 hanc
2535 1485 2685 1541 enim
2707 1498 2930 1540 causam
2959 1492 3344 1538 remanserant
3363 1482 3419 1536 in
3446 1498 3563 1537 mo-

1984 1588 2275 1647 numento,
2305 1588 2368 1635 ut
2388 1579 2734 1651 propositum
2761 1577 2942 1632 fuerat
2969 1575 3156 1646 impiis
3189 1575 3413 1631 etfalsis
3442 1592 3563 1631 ma-

1956 1675 2193 1747 gistris,
2225 1673 2321 1744 qui
2351 1670 2759 1727 allirmaverant
2802 1684 3065 1723 suasuros
3090 1683 3150 1723 se
3211 1668 3430 1738 praesidi
3478 1667 3568 1725 Pi-

1989 1769 2122 1834 lato,
2143 1765 2292 1838 quod
2320 1764 2668 1821 dormientes
2692 1778 2823 1818 vera
2866 1761 3059 1817 dicunt
3094 1776 3152 1816 se
3194 1761 3421 1816 vidisse.

2064 1882 2130 1937 ν.
2164 1880 2347 1950 Atque
2367 1877 2446 1932 illi
2472 1864 2704 1947 quidem
2748 1875 2830 1931 sic
2850 1891 2908 1931 se
2947 1874 3338 1930 existimabant
3364 1874 3570 1929 verita-
3611 1934 3618 1942 ,

1993 1980 2104 2027 tem
2149 1970 2455 2026 obscurare
2507 1976 2566 2023 et
2594 1976 2928 2037 contegere;
2963 1967 3214 2022 Salvator
3257 1983 3392 2022 vero
3435 1982 3569 2022 vere

1994 2065 2157 2121 tertio
2195 2064 2284 2120 die
2315 2062 2582 2128 surrexit,
2615 2061 2809 2118 relicta
2858 2060 3218 2131 corruptione
3277 2061 3335 2116 in
3379 2062 3568 2131 sepul-

1994 2172 2089 2213 cro
2114 2164 2171 2211 et
2199 2155 2376 2211 factus
2420 2138 2799 2225 priuiogenitus
2852 2169 2915 2207 ea:
2961 2155 3265 2221 mortuis’;
3310 2155 3574 2209 descendit

1994 2249 2141 2305 enim
2173 2251 2227 2302 in
2256 2248 2531 2317 inferiores
2577 2254 2754 2317 partes
2806 2256 2962 2301 terra:
3010 2247 3051 2278 ³·
3098 2256 3156 2301 et
3209 2246 3266 2301 in
3309 2262 3405 2302 cor
3452 2248 3574 2316 ejus

1994 2342 2168 2407 venit,
2191 2349 2346 2396 tanto
2367 2348 2617 2409 tempore
2633 2337 2749 2393 illic
2767 2347 3165 2402 commoratus,
3184 2349 3395 2409 quanto
3417 2354 3575 2411 opor-

1998 2431 2125 2497 tuit,
2145 2440 2204 2484 ut
2226 2430 2462 2501 gratiam
2484 2443 2641 2484 suam
2661 2436 2719 2483 et
2744 2427 3038 2484 utilitatem
3062 2430 3130 2485 iis
3154 2430 3249 2499 qui
3276 2431 3331 2484 in
3356 2431 3576 2488 inferno

2000 2525 2354 2583 tenebantur.
2409 2521 2774 2593 impartiret:
2834 2537 2947 2577 non
2994 2523 3144 2578 enim
3196 2524 3403 2581 frustra
3443 2526 3580 2585 illuc

2003 2615 2319 2682 descendit,
2349 2615 2483 2686 quia
2529 2614 2673 2669 nihil
2708 2613 2987 2669 incassum
3023 2614 3155 2669 facit
3185 2617 3351 2683 Deus,
3389 2618 3490 2674 sed
3519 2630 3582 2675 ut

2000 2724 2095 2764 eos
2106 2708 2201 2778 qui
2223 2708 2280 2761 in
2300 2720 2525 2761 carcere
2546 2709 2727 2768 erant;
2743 2703 3029 2771 educeret,
3057 2714 3114 2760 et
3130 2707 3428 2764 reduceret
3443 2726 3586 2781 prae-

2001 2800 2187 2857 eundo
2220 2807 2350 2853 ante
2398 2812 2516 2863 eos,
2558 2804 2619 2851 ut
2667 2804 2859 2867 pastor
2910 2807 3038 2853 ante
3080 2813 3232 2865 oves,
3283 2802 3585 2870 quaerendo

2003 2906 2144 2963 quos
2167 2890 2517 2962 perdiderat,
2552 2888 2963 2945 etinveniendo
2997 2907 3139 2961 quos
3176 2894 3496 2963 quaesierat,
3520 2910 3587 2950 ac

2007 2983 2326 3040 reducendo
2350 2997 2448 3037 eos
2468 2990 2698 3053 propter
2709 2997 2848 3052 quos
2869 2982 3274 3040 descenderat:
3296 3001 3409 3041 non
3429 2987 3581 3042 enim

2010 3077 2191 3131 solum
2235 3072 2525 3129 interitum
2578 3087 2881 3143 corporum
2928 3072 3181 3130 dissolvit
3208 3074 3265 3130 in
3297 3078 3585 3148 sepulcro,

332 3156 533 3228 tegris:
567 3171 675 3210 non
706 3155 855 3211 enim
888 3148 1276 3210 construct'um
1309 3162 1430 3210 erat
1478 3163 1901 3209 monumentum
1933 3161 1976 3221 ο
2011 3166 2107 3222 sed
2142 3173 2199 3221 et
2222 3162 2469 3234 captivas
2488 3161 2701 3217 animas
2731 3177 2801 3216 ex
2825 3160 3042 3217 inferno
3073 3162 3129 3217 in
3148 3180 3260 3234 quo
3286 3181 3387 3235 per
3405 3174 3592 3243 lyran.

324 3266 395 3306 ex
434 3249 627 3305 electis
652 3248 932 3319 lapidibus
972 3248 1117 3302 inter
1148 3263 1206 3302 se
1231 3246 1646 3318 coagmentatis,
1683 3247 1777 3303 sed
1812 3263 1908 3318 po-

329 3344 444 3398 tius
473 3350 591 3398 erat
630 3351 787 3411 petra
830 3340 1039 3405 nativa,
1076 3356 1199 3411 quae
1259 3348 1428 3394 totam
1465 3338 1609 3395 hanc
1643 3338 1912 3410 suspicio-

327 3451 460 3511 nem
486 3433 742 3506 ejiciehat
774 3450 788 3488 :
823 3432 894 3488 ob
922 3433 1062 3487 hanc
1095 3447 1319 3487 causam
1342 3446 1546 3486 novum
1566 3439 1686 3486 erat
1714 3448 1912 3487 monu-

339 3532 614 3592 mentum,
643 3533 898 3580 recenter
923 3523 979 3578 in
1008 3533 1162 3593 petra
1193 3522 1419 3586 factum,
1468 3522 1524 3576 in
1555 3538 1665 3592 quo
1698 3523 1913 3577 nullum

332 3627 499 3673 antea
532 3632 736 3688 corpus
763 3615 1049 3670 conditum
1096 3615 1310 3681 fuerat;
1372 3629 1442 3669 ne
1468 3614 1523 3669 in
1552 3614 1786 3669 dubium
1822 3630 1916 3670 ve-

332 3710 485 3765 niret
507 3709 577 3764 iis
598 3708 691 3779 qui
754 3717 1041 3778 utcunque
1093 3699 1562 3762 resurrectionem
1611 3706 1912 3778 recipiunt,

351 3801 608 3874 quisnam
634 3816 665 3855 a
684 3800 919 3855 mortuis
941 3801 1215 3856 excitatus
1256 3807 1424 3854 esset.

417 3894 508 3950 Ν.
543 3892 670 3947 Haec
694 3893 881 3947 omnia
906 3901 964 3947 et
997 3892 1105 3947 alia
1148 3892 1306 3961 plura
1371 3889 1460 3944 bis
1499 3889 1719 3960 provisa
1764 3897 1915 3954 sunt,

348 3988 420 4044 ad
495 3987 712 4043 faciend
731 4002 818 4042 am
884 3986 1049 4042 ﬁdem
1126 3983 1554 4040 resurrectionis
1621 3983 1921 4038 Salvatoris

349 4081 564 4148 nostri;
593 4080 661 4135 ad
691 4095 858 4151 quam
903 4075 1305 4133 ostendendam
1346 4073 1633 4130 descendit
1673 4075 1917 4145 angelus,

347 4174 449 4244 qui
480 4172 719 4243 lapidem
747 4172 817 4227 ab
849 4171 966 4226 otio
1015 4168 1363 4224 monumenti
1418 4166 1673 4232 revolvit,
1725 4182 1834 4221 non
1864 4177 1919 4222 ut

341 4266 557 4322 exitum
587 4264 816 4318 humato
858 4269 1109 4334 pararet;
1154 4261 1266 4332 jam
1292 4258 1439 4314 enim
1465 4257 1620 4328 prius
1643 4258 1733 4313 die
1763 4258 1923 4314 tertio

341 4364 665 4414 surrexerat
697 4353 963 4410 Dominus
997 4368 1027 4407 a
1063 4352 1216 4407 nullo
1251 4351 1586 4422 prohibitus,
1619 4350 1716 4405 sed
1746 4359 1807 4405 ut
1829 4351 1924 4406 de-

346 4457 690 4508 monstraret
736 4448 940 4512 locum,
1001 4446 1097 4500 ubi
1156 4460 1357 4515 corpus
1407 4445 1647 4515 positum
1720 4445 1921 4511 fuerat,

342 4544 444 4599 ubi
492 4552 680 4599 vestes
710 4509 936 4597 tantum:
975 4547 1137 4595 erant
1176 4509 1448 4593 suscitati.
1494 4537 1651 4595 Unde
1695 4509 1926 4609 angelus
1956 4509 2001 4564 υ

343 4635 445 4708 qui
477 4633 806 4689 mulieribus
835 4647 957 4703 qum
994 4639 1369 4687 convenerant
1400 4629 1654 4705 apparuit
1688 4647 1702 4685 :
1728 4630 1923 4698 Nolite,

344 4728 554 4793 aiebat,
576 4728 759 4782 timere
779 4741 866 4780 vos
892 4742 909 4780 :
940 4726 1046 4778 scio
1080 4722 1219 4795 quod
1245 4722 1427 4777 Iesum
1448 4722 1928 4779 Nazarenumcru-

348 4819 572 4889 ciﬁxum
605 4819 874 4891 quaeritis;
909 4834 1014 4871 non
1039 4822 1113 4870 est
1141 4816 1255 4881 hic;
1288 4815 1602 4879 resurrexit,
1620 4817 1753 4869 sicut
1774 4817 1932 4870 dixit:

351 4910 548 4975 venite,
586 4908 752 4963 videte
796 4907 969 4962 locum
1010 4906 1096 4961 ubi
1131 4906 1330 4975 positus
1384 4912 1500 4958 erat
1535 4905 1577 4957 ⁸.
1625 4903 1723 4959 His
1765 4906 1934 4975 gestis

348 5000 562 5056 milites
599 4999 867 5055 custodes
907 5005 1058 5054 metu
1094 4996 1373 5068 perterriti
1394 4996 1931 5067 jacebanttanquam

338 5093 561 5148 emortui
588 5092 716 5147 :vix
750 5101 932 5147 autem
964 5100 1175 5146 terrore
1218 5088 1531 5144 formidinis
1579 5088 1799 5143 liberati
1846 5088 1934 5143 fu-

352 5194 556 5257 gerunt
580 5186 635 5241 in
674 5185 975 5251 civitatem,
1002 5195 1063 5241 ut
1083 5183 1407 5240 nuntiarent
1434 5197 1557 5253 quae
1576 5181 1933 5237 accidissent.

356 5276 623 5332 Scelerati
651 5291 784 5332 vero
813 5276 1129 5333 sacerdotes
1166 5276 1504 5344 Iudaeorum,
1543 5290 1682 5347 quos
1719 5282 1939 5345 oporte-

355 5368 455 5424 bat
486 5369 711 5424 tandem
737 5385 963 5425 sensum
996 5385 1195 5441 capere
1212 5409 1228 5432 ,
1252 5379 1307 5425 et
1333 5384 1528 5425 eorum
1552 5383 1674 5439 quae
1689 5371 1936 5423 fecerant

358 5461 661 5532 paenitere,
688 5471 882 5516 contra
917 5463 1105 5531 potius
1144 5461 1201 5516 in
1259 5461 1468 5516 malitia
1493 5467 1933 5532 perseverantes,

360 5551 665 5607 studebant
690 5560 753 5607 ut
777 5550 1247 5608 resurrectionem
1288 5552 1566 5618 celarent,
1602 5558 1659 5605 et
1706 5550 1936 5607 multam

434 5753 456 5783 ⁸
478 5751 638 5806 Joan.
668 5767 779 5814 xix,
801 5750 891 5805 5’2.

364 5836 440 5888 tv,
478 5822 531 5877 9.

968 5752 989 5782 ⁸
1018 5748 1185 5805 Marc.
1230 5765 1321 5813 xv,
1374 5749 1464 5814 45,
1526 5748 1615 5804 44.
1691 5748 1710 5778 ⁷
1739 5746 1934 5801 Matth.
1977 5760 2163 5810 xxvm,
2190 5745 2244 5810 5,
2275 5743 2326 5814 6.
2404 5742 2590 5798 'ibid.
2632 5742 2718 5796 15.

612 5823 654 5853 ¹⁰
720 5813 1084 5889 Ιέτειηηιχι,
1122 5820 1209 5877 16.
1288 5821 1329 5853 ¹¹
1390 5813 1549 5876 ιιοω.
1598 5835 1709 5885 xiv,
1738 5819 1789 5877 9.
1872 5819 1912 5901 ξ²
1954 5817 2088 5874 Luc.
2122 5831 2211 5883 xx,
2252 5813 2338 5870 38.

2016 3255 2203 3312 nidem
2225 3252 2645 3316 detinebantur,
2683 3251 2974 3315 liberavit;
3008 3260 3059 3306 et
3085 3252 3319 3308 fortasse
3349 3270 3458 3309 non
3491 3272 3590 3326 per

2023 3345 2393 3420 tyrannidem,
2417 3344 2512 3401 sed
2546 3360 2649 3415 pro
2675 3343 2868 3398 multis
2896 3344 3100 3399 debitis
3153 3345 3547 3402 detinebantur
3570 3364 3589 3414 ;

2015 3440 2222 3511 quibus
2278 3437 2609 3509 persolutis,
2639 3434 2735 3505 qui
2777 3443 3006 3505 propter
3050 3436 3441 3491 liberationem
3489 3437 3592 3493 de-

2016 3530 2329 3597 scenderat,
2388 3528 2616 3585 reduxit
2678 3543 2930 3598 magnam
2967 3529 3182 3599 copiam
3225 3529 3593 3599 captivorum,

2016 3623 2353 3694 promittens
2394 3622 2576 3691 ipsum
2622 3619 2792 3675 etiam
2847 3620 3145 3690 aliquando
3194 3622 3290 3692 qui
3347 3624 3596 3693 captivos

2018 3716 2278 3783 duxerat,
2335 3714 2616 3786 captivum
2646 3722 2704 3769 et
2760 3729 2981 3769 servum
3032 3713 3360 3769 habiturum
3390 3733 3405 3782 ;
3440 3717 3596 3771 illum

2020 3808 2166 3873 dico,
2191 3806 2286 3879 qui
2313 3807 2478 3877 paulo
2535 3814 2664 3860 ante
2712 3804 2978 3860 dominus
3033 3806 3351 3876 putabatur.
3419 3809 3601 3865 Erunt

2022 3903 2193 3967 enim,
2222 3900 2426 3971 inquit,
2454 3889 2793 3969 captivi,‘qui
2822 3914 2910 3951 vos
2942 3900 3175 3969 captivos
3219 3900 3518 3966 duxerunt;
3550 3913 3600 3955 et

2022 3993 2353 4049 dominatum
2380 3990 2644 4054 subibunt,
2683 3990 2773 4059 qui
2798 3989 2935 4043 vobis
2957 3990 3303 4046 dominantur
3328 3994 3391 4047 ¹⁰.

2094 4085 2181 4141 VI.
2222 4083 2305 4139 Ad
2345 4084 2439 4137 hoc
2472 4080 2710 4136 Christus
2758 4089 2995 4135 mortuus
3043 4091 3119 4136 est
3176 4092 3226 4137 et
3276 4087 3426 4152 vixit,
3463 4096 3519 4139 ut
3553 4078 3637 4139 eti

2026 4185 2356 4233 mortuorum
2389 4180 2439 4227 et
2464 4173 2700 4237 vivorum
2723 4171 2978 4225 Dominus
3034 4174 3103 4226 sit
3129 4173 3195 4227 ¹¹.
3240 4173 3347 4230 Sed
3389 4193 3495 4230 non
3524 4186 3602 4231 est

2026 4267 2189 4329 Deus,
2247 4263 2389 4317 Deus
2437 4268 2796 4323 mortuorum,
2846 4260 2936 4313 sed
2977 4263 3266 4317 viventium
3323 4266 3385 4319 ".
3431 4265 3607 4337 Igitur

2026 4357 2230 4415 mortui
2251 4354 2476 4425 quibus,
2512 4352 2607 4421 qui
2636 4350 2794 4416 vixit,
2828 4352 3167 4417 dominatur,
3201 4369 3313 4408 non
3332 4365 3461 4410 sunt
3480 4372 3598 4413 am-
3657 4395 3661 4401 -

2028 4451 2177 4523 plius
2227 4445 2432 4502 mortui
2460 4486 2474 4507 ,
2520 4443 2620 4499 sed
2654 4443 2933 4511 viventes;
2967 4455 3023 4500 et
3052 4445 3261 4503 idcirco
3287 4448 3612 4506 dominatur

2031 4545 2114 4599 eis
2142 4542 2278 4604 vita,
2332 4549 2395 4594 ut
2417 4538 2628 4601 vivant,
2661 4551 2771 4591 non
2807 4538 3045 4609 amplius
3080 4549 3316 4594 mortem
3348 4549 3608 4597 metuen-

2034 4643 2137 4700 tes,
2169 4633 2313 4688 sicut
2336 4632 2573 4687 Christus
2601 4635 2859 4686 excitatus
2899 4649 2930 4685 a
2964 4632 3210 4697 mortuis,
3241 4649 3346 4685 non
3379 4632 3611 4705 amplius

2034 4728 2261 4783 moritur
2287 4727 2363 4779 “:
2402 4725 2483 4781 sic
2506 4723 2759 4780 suseitati
2808 4731 2865 4778 et
2903 4738 2934 4777 a
2979 4724 3339 4794 corruptione
3366 4725 3612 4792 liberati,

2034 4832 2147 4873 non
2168 4816 2407 4887 amplius
2445 4824 2680 4870 mortem
2731 4813 3023 4877 videbunt,
3082 4812 3259 4869 futuri
3308 4816 3616 4887 participes

2035 4906 2458 4965 resurrectionis
2498 4905 2731 4969 Christi,
2787 4905 2932 4961 sicut
2992 4905 3110 4977 ipse
3176 4908 3378 4964 mortis
3415 4924 3614 4964 eorum

2036 4999 2318 5071 particeps
2365 4998 2488 5053 fuit.
2526 4997 2647 5053 Non
2676 4997 2824 5053 enim
2848 4998 2955 5054 alia
3003 4998 3072 5054 de
3120 5014 3285 5054 causa
3322 5000 3616 5057 descendit

2037 5091 2096 5146 in
2122 5100 2352 5155 terram,
2384 5091 2546 5162 cujus
2572 5098 2763 5146 vectes
2792 5089 3109 5145 detinentes
3144 5092 3360 5157 αξιοι-πὶ,
3394 5092 3499 5147 nisi
3554 5102 3616 5148 ut

2039 5199 2206 5239 cereas
2242 5190 2425 5253 portas
2477 5190 2770 5235 contereret
2789 5190 2838 5235 et
2888 5190 3054 5236 vectes
3092 5190 3285 5252 ferreos
3314 5183 3618 5256 confringe-

2041 5283 2121 5331 ret
2151 5275 2218 5339 “,
2242 5282 2298 5330 et
2324 5284 2386 5328 ut
2412 5289 2479 5327 ex
2531 5273 2899 5344 corruptione
2939 5273 3109 5330 vitam
3162 5282 3414 5329 nostram
3459 5274 3528 5330 ad
3562 5290 3622 5331 se

2042 5366 2223 5436 ipsum
2255 5365 2543 5428 educeret,
2573 5379 2678 5434 pro
2707 5364 2976 5420 servitute
3022 5365 3229 5422 donata
3265 5365 3428 5422 nobis
3454 5366 3623 5423 liber-

2045 5463 2180 5509 tate.
2214 5454 2371 5520 Quod
2397 5454 2445 5509 si
2474 5454 2646 5525 hujus
2673 5447 3000 5517 mco'nomize
3029 5472 3172 5527 opus
3199 5456 3450 5511 nondum
3489 5472 3621 5529 per-

2048 5545 2255 5600 fectum
2293 5544 2541 5608 videtur,
2586 5544 2770 5601 adhuc
2807 5546 2955 5599 enim
2992 5546 3251 5602 homines
3283 5546 3623 5609 moriuntur,

2799 5742 3047 5799 9Coloss.
3103 5747 3253 5808 1,15.
3332 5748 3372 5777 θ’
3427 5745 3630 5815 prcs.

2434 5814 2476 5846 ’³
2509 5814 2665 5870 Boni.
2706 5814 2848 5879 \'I,9.
2932 5816 2971 5845 ’δ
3009 5815 3151 5870 Psal.
3180 5831 3284 5880 cvr,
3330 5817 3412 5874 16.
