4052 6554
479 377 616 441 1359

1625 374 1686 432 s.
1729 372 2130 432 ANASTASII
2173 341 2645 433 ANi‘IocuENI

3611 373 3734 441 1360

472 498 529 547 et
555 500 793 555 corpora
817 485 1049 539 interitu
1083 483 1498 546 dissolvuntur;
1526 481 1698 547 absit,
1732 492 1794 537 ut
1832 485 1941 537 hoc
1964 482 2059 536 ﬁat
2089 488 2128 543 Α
2162 483 2460 552 qualitates
2513 497 2715 553 capere
2756 490 2976 552 potest,
3021 482 3126 539 etsi
3173 498 3285 538 non
3318 499 3517 540 omnes
3551 486 3734 557 simul;

471 579 691 638 occasio
719 576 985 648 perﬁdiae.
1013 576 1134 632 Jam
1169 574 1321 639 enim
1351 584 1513 633 antea
1560 576 1814 629 omnium
1877 575 2056 629 hono-

472 690 596 731 rum
619 686 643 714 ο
668 688 793 744 qua:
811 673 961 728 dicta
989 678 1140 734 sunt,
1170 669 1546 729 arrhabonem
1567 669 1799 723 tulimus
1821 684 1921 739 per
1938 669 2057 737 pri-

472 767 660 823 mitias
684 776 929 831 nostras,
948 779 1195 836 perquas
1223 765 1297 819 ad
1329 762 1689 818 altitudinem
1719 762 1846 818 caeli
1877 761 2058 816 evasi-

474 876 620 926 mus,
650 867 707 914 et
730 857 1091 914 consedimus
1116 855 1182 910 ei'
1208 855 1305 927 qui
1337 870 1440 909 nos
1474 870 1667 909 secum
1725 855 1781 908 iu
1818 854 2059 909 sublime

474 953 718 1019 sustulit,
750 951 916 1007 sicuti
940 951 1145 1006 Paulus
1175 950 1417 1020 quodam
1445 950 1567 1004 loco
1595 948 1708 1003 ait:
1746 949 1815 1003 Et
1868 964 2060 1002 conre-

472 1046 765 1111 suscitavit,
816 1054 867 1099 et
910 1044 1181 1098 considere
1232 1061 1325 1098 nos
1379 1044 1499 1113 fecit
1552 1044 1610 1096 in
1661 1042 1950 1096 amicalibus
2002 1043 2059 1095 in

475 1137 682 1192 Christo
707 1137 773 1189 ".
808 1135 1077 1191 Feremus
1100 1144 1289 1190 autem
1339 1134 1899 1197 consummationem,
1929 1148 2056 1187 cum

476 1229 656 1284 aderit
680 1237 903 1299 tempus
923 1244 953 1282 a
993 1227 1154 1283 Patre
1176 1226 1536 1297 praeﬁnitum,
1572 1242 1699 1281 cum
1735 1242 1840 1281 nos
1870 1226 2059 1295 pueri-

480 1323 612 1377 tiam
655 1321 1024 1392 deponemus,
1090 1330 1148 1375 et
1201 1321 1258 1374 in
1306 1321 1478 1373 virum
1530 1319 1818 1389 perfectum
1864 1317 2063 1372 evade-

478 1428 603 1468 mus
637 1413 723 1466 η’.
763 1412 881 1467 Hoc
903 1412 1053 1465 enim
1077 1411 1259 1468 visum
1300 1419 1387 1466 est
1416 1410 1566 1464 Patri
1612 1410 1966 1472 saeculorum,
2003 1416 2065 1462 ut

480 1502 701 1556 ﬁrmum
725 1501 801 1556 sit
826 1500 1018 1555 datum
1046 1515 1272 1565 munus,
1319 1508 1380 1553 et
1424 1515 1539 1554 non
1586 1515 1781 1567 rursus
1815 1508 2064 1554 contem-

480 1602 646 1648 natur
669 1599 1109 1663 repuerascente
1129 1591 1317 1647 adhuc
1336 1600 1545 1647 mente.

553 1684 663 1740 νη.
700 1683 806 1739 'Ne
846 1683 972 1753 quis
1026 1684 1195 1754 igitur
1225 1682 1513 1738 existimet
1562 1698 1674 1738 non
1718 1699 1843 1739 esse
1871 1684 2064 1739 datum
2107 1683 2111 1688 ’

479 1777 874 1839 arrhabonem,
935 1792 1005 1831 ex
1036 1790 1127 1841 eo,
1156 1776 1305 1845 quod
1357 1776 1540 1831 adhuc
1588 1777 1741 1831 videt
1795 1778 2065 1847 quosdam

482 1870 768 1941 prioribus
795 1869 1002 1926 debitis
1034 1867 1308 1940 obligatos
1343 1869 1384 1923 ί.
1424 1868 1599 1923 Antea
1644 1869 1792 1929 enim
1846 1870 2067 1929 solutus

454 1956 585 2031 'cst,
610 1975 671 2033 ut
703 1964 970 2030 diximus,
1004 1964 1270 2031 arrhabo,
1322 1964 1421 2032 q‘ui
1448 1972 1632 2023 certos
1659 1963 1791 2021 facit
1820 1967 1887 2022 de
1912 1966 2066 2021 solu-

481 2059 632 2113 tione
662 2059 837 2123 totius
859 2072 1129 2121 summae:
1173 2055 1416 2119 arrhabo
1446 2071 1686 2126 namque
1716 2072 1826 2115 non
1848 2066 1934 2113 est
1954 2068 2066 2115 tota

481 2164 719 2217 summa,
777 2148 875 2204 sed
933 2164 1083 2220 pars,
1141 2164 1306 2218 quam
1368 2145 1599 2217 quidem
1658 2149 1863 2204 Paulus
1906 2160 2067 2205 vocat

481 2244 711 2313 aenigma
748 2242 814 2295 η.
876 2240 1002 2295 Haec
1029 2255 1164 2295 vero
1197 2240 1384 2294 omnia
1438 2249 1570 2295 tunc
1619 2242 2064 2308 evacuabuntur,

478 2320 597 2386 cum
628 2333 729 2395 erit
767 2330 906 2384 Deus
933 2333 1115 2391 omnia
1153 2329 1208 2384 in
1231 2329 1471 2393 omnibus
1493 2330 1557 2383 ".
1591 2330 1760 2395 Vides
1784 2332 1929 2387 unde
1966 2348 2069 2387 nos

478 2422 713 2481 eduxit?
744 2434 879 2477 sane
907 2418 1136 2489 quidem
1173 2427 1229 2473 et
1262 2418 1502 2485 educet;
1537 2435 1691 2477 mors
1719 2422 1871 2483 enim
1907 2420 2070 2477 Cbri-

478 2516 551 2576 sti
580 2515 725 2570 facta
776 2522 863 2570 est
910 2513 1023 2568 vita
1077 2513 1359 2577 mortuis:
1418 2515 1703 2577 contraria
1768 2516 2068 2573 contrariis

478 2615 657 2671 curat,
686 2605 783 2676 qui
832 2614 1017 2675 potest
1063 2604 1351 2675 sapienter
1401 2604 1614 2669 morbis
1658 2605 2067 2669 insanabilibus

476 2698 714 2760 mederi.
741 2696 849 2752 Sed
874 2697 1043 2763 etiam
1095 2705 1489 2761 consummato
1544 2697 1812 2767 mysterio
1848 2699 2065 2763 mortis,

477 2801 539 2846 ut
567 2792 781 2847 dictum
829 2798 935 2857 est,
973 2798 1031 2855 et
1066 2799 1243 2844 morte
1278 2806 1403 2859 qua:
1431 2790 1488 2849 in
1543 2805 1774 2860 corpora
1828 2791 2069 2847 habebat

477 2886 795 2965 imperium,
813 2885 1166 2955 interempta,
1186 2892 1460 2954 potestate
1486 2886 1582 2945 Dei
1596 2902 1797 2956 corpus
1815 2896 2068 2944 nostrum

478 2976 683 3042 induti,
732 2986 1028 3047 postquam
1074 2976 1397 3046 sepulcrum
1445 2976 1539 3032 die
1566 2979 1753 3043 tertio.
1783 2980 1880 3049 qui
1936 2995 2067 3036 vere

478 3071 744 3135 humatus
775 3068 976 3134 fuerat,
1007 3068 1259 3138 reliquit,
1288 3069 1591 3139 oportebat
1615 3079 1676 3126 ut
1706 3086 1904 3127 rursus
1936 3088 2066 3127 eum

478 3173 713 3231 corpore
745 3166 1035 3228 assumpto
1064 3157 1133 3213 ad
1171 3158 1392 3221 Patrem
1447 3163 1545 3231 qui
1587 3162 1834 3231 miserat,
1877 3180 2069 3221 ascen-
2094 3193 2136 3252 ο

477 3251 658 3318 deret,
716 3250 819 3323 qui
873 3250 1244 3306 descenderat
1295 3252 1365 3305 ad
1425 3253 1730 3308 tollendum
1776 3266 2066 3326 peccatum

480 3341 697 3397 mundi.
731 3340 853 3408 Non
879 3341 1031 3405 enim
1081 3351 1202 3403 erat
1253 3342 1308 3395 in
1363 3351 1650 3412 posterum
1694 3355 1844 3402 terra
1912 3348 2070 3406 locus

482 3432 720 3488 idoneus
742 3440 797 3487 et
819 3441 983 3502 aptus
1013 3434 1260 3502 corpori,
1301 3433 1450 3503 quod
1490 3437 1919 3499 crassitudinem
1945 3456 2067 3495 car-

482 3540 640 3581 neam
670 3525 1030 3595 deposuerat,
1079 3531 1137 3579 et
1172 3541 1238 3578 ex
1288 3527 1641 3596 corruptibili
1694 3528 1902 3583 factum
1948 3543 2069 3588 erat

487 3614 1027 3685 incorruptibileuex
1076 3614 1296 3668 mortali
1337 3615 1674 3680 immortale.
1722 3599 1787 3673 ex
1837 3621 2065 3676 animali

486 3706 798 3781 spirituale.
849 3704 1006 3760 Sicut
1048 3705 1197 3760 enim
1244 3706 1403 3761 locus
1458 3716 1716 3764 terrenus
1765 3725 2064 3780 corporum

485 3798 831 3865 domicilium
861 3806 966 3865 est,
1027 3798 1109 3851 sic
1152 3797 1312 3861 locus
1374 3798 1617 3855 ccelestis
1666 3801 2063 3869 spiritualium.

480 3890 639 3963 Quod
685 3901 872 3953 autem
930 3904 1138 3959 corpus
1181 3888 1414 3955 Domini
1444 3890 1736 3960 spirituale
1798 3894 2063 3958 surrexit,

480 3983 613 4054 quid
654 3998 797 4053 opus
837 3990 921 4037 est
947 3981 1158 4047 dicere,
1193 3996 1320 4047 cum
1367 3978 1573 4047 Paulus
1614 3983 1684 4040 de
1739 3987 2067 4055 corporibus

482 4083 742 4143 testetur,
770 4073 1027 4128 seminari
1050 4072 1315 4129 animalia
1336 4081 1395 4133 et
1414 4090 1631 4145 surgere
1645 4076 1952 4145 spiritualia
1982 4080 2022 4110 ³⁸
2047 4096 2061 4133 :

481 4164 873 4239 transﬁgurata
909 4163 1129 4218 scilicet
1155 4164 1221 4218 ad
1278 4164 1572 4233 gloriosam
1618 4167 2064 4238 transﬁguratio-

478 4275 604 4315 nem
637 4256 843 4313 Christi
876 4256 1035 4311 ducis
1062 4256 1409 4326 praeeuntis?
1434 4257 1720 4326 Siquidem
1748 4268 1803 4313 et
1829 4262 2066 4329 Aposto-

477 4349 563 4411 lus
585 4349 716 4414 hoc,
753 4349 902 4422 quod
939 4349 1103 4419 plane
1137 4346 1374 4409 sciebat,
1407 4349 1558 4405 omni
1582 4351 1773 4420 generi
1822 4350 2064 4408 humano

475 4450 806 4507 eventurum
831 4455 953 4496 esse
974 4439 1051 4494 ait
1077 4454 1177 4509 per
1194 4437 1498 4503 Christum,
1528 4440 1619 4509 qui
1662 4440 2063 4512 transﬁgurabit

2159 591 2338 645 neque
2364 574 2605 630 ellicitur
2634 574 2762 640 alia,
2793 574 2890 629 sed
2917 575 3103 637 varia;
3134 575 3191 629 id
3217 586 3323 642 est,
3359 576 3487 632 aliis
3511 581 3740 649 qualita-

2158 669 2309 722 tibus
2374 667 2593 735 aﬁ'eeta,
2648 684 2816 738 quam
2866 668 3070 737 quibus
3136 669 3293 738 prius
3348 670 3551 726 affecta
3597 683 3739 731 erat:

2157 762 2335 815 variat
2368 770 2554 816 autem
2585 769 2642 817 et
2665 772 2844 817 mutat
2874 761 2994 827 has,
3026 762 3253 832 quando
3276 764 3459 834 placet
3477 763 3741 822 Creatori.

2234 854 2366 909 Vlll.
2414 854 2590 909 Nemo
2616 870 2748 925 ergo
2780 870 2908 909 cum
2947 855 3104 911 audit
3133 857 3425 925 spirituale
3460 858 3665 912 factum
3685 877 3747 913 ex

2160 944 2410 1010 animali,
2430 938 2716 1001 existimet
2733 962 2845 1000 non
2860 947 3190 1001 suscitatum
3214 963 3337 1001 esse
3348 948 3509 1017 prius
3525 960 3744 1019 corpus:

2160 1055 2320 1093 error
2338 1039 2486 1093 enim
2523 1049 2609 1094 est
2648 1040 2762 1107 hic,
2794 1049 2850 1094 et
2892 1041 3107 1094 inimici
3158 1041 3416 1101 veritatis
3451 1040 3747 1099 sententia.

2164 1130 2488 1186 Substantia
2516 1147 2760 1200 namque
2828 1133 3075 1199 subiecta
3113 1131 3355 1202 corpori,
3413 1132 3603 1191 dicam
3654 1130 3749 1193 ite-

2164 1240 2307 1290 rum,
2336 1233 2658 1294 perseverat
2710 1223 2937 1293 quidem
2985 1223 3181 1280 eadem
3218 1238 3464 1293 semper,
3510 1223 3751 1292 quandiu

2163 1316 2413 1373 Creatori
2455 1319 2634 1374 visum
2661 1318 2789 1381 erit,
2834 1328 2894 1372 ut
2925 1318 3223 1387 persistat;
3252 1326 3467 1383 mutata
3491 1325 3678 1371 autem
3700 1318 3751 1373 in

2164 1406 2475 1475 spirituale,
2506 1407 2720 1462 variata
2743 1417 2853 1474 est,
2886 1408 2986 1462 sed
3009 1424 3119 1463 non
3147 1408 3254 1463 alia
3288 1407 3456 1463 facta.
3496 1407 3591 1463 Sic
3613 1410 3751 1465 enim

2166 1506 2225 1553 et
2250 1497 2508 1554 Christus
2552 1501 2796 1555 surrexit
2822 1516 2837 1553 :
2869 1510 3110 1571 suntque
3135 1502 3257 1571 ejus
3278 1500 3610 1556 testimonia
3635 1515 3751 1555 cum

2170 1594 2343 1648 multa
2374 1593 2504 1657 alia,
2540 1602 2656 1648 tum
2702 1593 2820 1649 haec
2843 1595 3092 1657 omnium
3130 1593 3441 1663 potissima,
3462 1593 3753 1665 reliquisse

2170 1686 2384 1741 scilicet
2416 1684 2471 1739 in
2525 1695 2891 1740 monumento
2921 1685 3113 1751 lintea,
3164 1683 3346 1739 “exisse
3382 1686 3615 1755 signato
3644 1699 3755 1738 tuo-

2169 1788 2458 1842 numento,
2493 1777 2804 1849 ingressum
2830 1793 2953 1841 esse
3004 1778 3192 1850 ianuis
3223 1777 3452 1841 clausis,
3490 1792 3607 1831 non
3635 1792 3756 1831 con-

2168 1871 2379 1926 versari
2433 1870 2673 1940 amplius
2738 1869 2892 1925 omni
2964 1879 3216 1940 tempore
3262 1884 3388 1924 eum
3442 1864 3753 1938 discipulis,

2168 1963 2315 2018 sicut
2338 1964 2518 2033 prius.
2546 1963 2641 2018 sed
2679 1963 2983 2033 derepente
3026 1961 3221 2017 adesse
3264 1962 3373 2015 illis
3403 1961 3465 2016 in
3501 1961 3632 2015 aliis
3656 1960 3758 2017 l'or-

2167 2055 2298 2109 mis:
2331 2070 2444 2110 non
2475 2056 2718 2125 amplius
2736 2055 2863 2109 cibo
2880 2062 2977 2109 aut
2995 2055 3204 2109 vestitu
3236 2054 3527 2125 indigere;
3557 2052 3758 2127 primas

2166 2149 2315 2203 enim
2349 2157 2535 2203 vestes
2576 2149 2785 2204 milites
2825 2148 3017 2218 partiti
3044 2157 3210 2215 sunt;
3242 2163 3367 2218 qua:
3408 2147 3482 2202 ad
3516 2147 3757 2216 sepultu-

2168 2256 2285 2295 ram
2307 2241 2671 2311 spectabant,
2706 2256 2771 2297 ea
2804 2239 3031 2309 reliquit
3062 2240 3117 2294 in
3145 2246 3516 2295 monumento
3554 2249 3611 2295 et
3646 2255 3759 2293 sur-

2169 2334 2332 2389 rexit.
2371 2335 2439 2389 Et
2464 2334 2686 2404 quando
2727 2334 3021 2404 discipulis
3048 2334 3376 2405 apparebat,
3401 2334 3758 2405 colloqueba-

2169 2435 2260 2479 tur
2282 2424 2508 2495 quidem
2542 2441 2666 2480 cum
2690 2425 2796 2489 eis,
2830 2440 2943 2479 non
2972 2433 3156 2480 tamen
3191 2427 3613 2497 agnoscebatur
3642 2429 3759 2498 quis

2168 2523 2335 2580 esset,
2367 2515 2546 2570 donec
2564 2515 2894 2585 praebuisset
2919 2514 3003 2569 eis
3030 2516 3188 2586 signa
3222 2516 3371 2586 quod
3403 2527 3563 2573 esset
3612 2518 3755 2589 ipse;

2169 2607 2471 2678 aliquando
2531 2607 2760 2677 quidem
2815 2610 3055 2664 ostensis
3105 2608 3367 2666 manibus
3414 2620 3477 2666 et
3527 2611 3759 2681 pedibus

2168 2700 2342 2757 clavis
2382 2700 2683 2771 perforatis
2707 2709 2765 2757 et
2801 2702 2976 2757 latere
3003 2703 3195 2759 lancea
3220 2705 3757 2776 aperto;aliquando

2168 2809 2304 2850 vero
2335 2804 2558 2863 sumpto
2592 2810 2719 2849 eum
2745 2794 2886 2864 ipsis
2916 2795 3066 2862 cibo,
3093 2806 3151 2853 et
3196 2779 3463 2852 renovata
3494 2800 3755 2854 mem‘oria

2169 2886 2607 2956 comprandendi
2632 2902 2759 2941 eum
2788 2887 2871 2942 eis
2897 2897 3027 2943 ante
3047 2888 3361 2958 passionem
3388 2910 3400 2944 :
3452 2891 3612 2961 quod
3638 2908 3752 2962 per-

2170 2979 2299 3034 inde
2327 2988 2468 3045 erat,
2506 2988 2569 3034 ut
2588 2978 2634 3034 si
2650 2979 2882 3048 diceret,
2915 2980 3047 3035 dum
3074 2980 3192 3035 haec
3220 2982 3455 3053 agebat:
3485 2983 3610 3053 Ipse
3639 3000 3753 3043 sum

2171 3071 2285 3139 ille,
2307 3087 2471 3143 quem
2506 3072 2562 3127 in
2588 3088 2775 3128 crasso
2808 3087 3043 3149 corpore
3095 3073 3386 3130 vobiscum
3437 3084 3752 3131 versantem

2169 3174 2225 3221 et
2252 3166 2640 3220 conviventem
2664 3165 3033 3235 cognovistis;
3065 3165 3214 3236 quod
3249 3182 3399 3221 nunc
3438 3182 3651 3239 corpus
3694 3169 3757 3222 ab

2171 3258 2319 3313 omni
2347 3257 2670 3312 inﬁrmitate
2714 3257 2954 3312 liberum
2994 3273 3147 3329 gero,
3190 3261 3505 3316 mutatione
3551 3245 3754 3319 factum

2171 3345 2497 3417 gloriosum.
2520 3345 2817 3414 Nunquam
2872 3354 2953 3399 tot
2986 3346 3267 3417 tantisque
3299 3348 3476 3419 signis
3509 3364 3571 3404 se
3593 3350 3754 3405 disci-

2168 3438 2335 3508 pulis,
2370 3437 2540 3508 idque
2571 3452 2684 3491 non
2722 3437 2797 3492 ita
2820 3436 2915 3492 diu
2943 3453 2974 3493 a
3020 3454 3079 3493 se
3131 3439 3486 3507 absentibus,
3525 3443 3753 3498 manife-

2169 3543 2316 3587 stum
2345 3532 2527 3587 facere
2557 3532 2850 3596 voluisset,
2882 3531 2993 3587 nisi
3024 3533 3260 3601 mutatio
3311 3533 3508 3590 forma:
3560 3552 3754 3607 corpus

2175 3627 2300 3697 eius
2328 3626 2621 3681 variasset.
2674 3624 2895 3691 Etenim
2951 3625 2995 3680 si
3030 3625 3266 3681 multum
3315 3630 3590 3699 temporis
3618 3646 3751 3701 pra:-

2169 3717 2411 3781 terisset,
2433 3716 2673 3771 fortasse
2720 3717 2850 3786 quis
2908 3716 3097 3771 dicere
3148 3729 3359 3787 posset,
3415 3720 3657 3777 oblitum
3695 3737 3749 3777 se

2167 3809 2351 3877 qualia
2383 3807 2850 3877 essentcorporis
2888 3808 3246 3875 lineamenta,
3291 3827 3359 3866 ex
3406 3813 3621 3882 quibus
3655 3830 3749 3879 nos

2169 3900 2315 3955 inter
2341 3916 2444 3955 nos
2474 3909 2708 3955 naturas
2743 3900 3074 3971 dignoscere
3102 3902 3381 3957 solemus:
3407 3905 3595 3961 tribus
3622 3923 3748 3962 vero

2167 3989 2365 4044 diebus
2392 3991 2585 4060 lapsis,
2614 4006 2737 4060 quae
2771 3990 2984 4045 oblivio
3008 4005 3209 4059 capere
3262 3993 3446 4060 potuit
3499 4009 3622 4058 eos,
3657 3996 3745 4065 qui

2167 4096 2279 4141 tam
2301 4086 2569 4140 diuturno
2602 4094 2849 4155 tempore
2875 4099 3004 4140 cum
3029 4100 3097 4139 eo
3121 4087 3327 4141 versati
3353 4088 3616 4157 fuerant?
3639 4090 3743 4155 Ma-

2165 4175 2427 4231 nifestum
2456 4191 2593 4247 ergo
2622 4184 2727 4241 est,
2787 4183 2852 4252 et~
2886 4174 3117 4229 minime
3170 4175 3425 4241 dubium,
3477 4184 3742 4235 mutatum

2164 4284 2286 4324 esse
2314 4269 2370 4323 in
2398 4268 2715 4339 gloriosius,
2743 4285 2813 4324 ex
2844 4269 3071 4324 animali
3097 4270 3308 4324 factum
3344 4272 3742 4349 spirituale,ex

2167 4360 2385 4415 inﬁrmo
2403 4360 2649 4415 ﬁrmum.
2678 4362 2768 4416 Ait
2794 4361 3257 4433 enimApostolus
3280 4378 3294 4415 :
3319 4362 3404 4416 Ex
3432 4362 3743 4432 inﬁrmitate

2166 4452 2447 4521 cruciﬁxus
2474 4462 2580 4517 est,
2616 4455 2708 4507 sed
2729 4456 2855 4509 vivit
2901 4471 2965 4509 ea:
3012 4456 3209 4508 virtute
3236 4457 3303 4519 ",
3357 4471 3469 4510 non
3514 4458 3740 4527 amplius

476 4548 665 4601 corpus
687 4529 1001 4585 humilitatis
1035 4517 1248 4595 nostraz,
1312 4538 1374 4584 ut
1411 4528 1738 4585 faciat
1795 4532 2061 4601 conforme
2092 4537 2139 4597 D
2166 4517 2317 4598 [lanci
2339 4542 2723 4598 inﬁrmitatem
2777 4544 3011 4600 habens_
3064 4545 3161 4600 Est
3194 4517 3377 4600 aut-em
3436 4546 3558 4601 hac
3600 4517 3741 4601 {nﬁp

475 4622 683 4693 corpori
711 4620 974 4675 claritatis
997 4636 1107 4674 sua:
1144 4622 1204 4675 ³³.
1254 4619 1310 4675 Si
1343 4620 1512 4691 igitur
1542 4620 1947 4692 transﬁguratio
1975 4633 2059 4680 est

475 4712 711 4781 mutatio
738 4713 793 4773 in
815 4728 1019 4785 corpus
1042 4712 1369 4782 Spirituale;
1408 4712 1514 4777 hoc
1568 4722 1750 4769 autem
1777 4715 2058 4771 conformo

471 4817 557 4864 est
585 4806 806 4880 corpori
838 4806 1029 4877 gloria:
1052 4804 1259 4871 Christi
1286 4823 1300 4859 :
1330 4820 1454 4871 cum
1489 4820 1724 4875 corpore
1755 4806 1925 4876 igitur
1946 4808 2059 4878 ερε-

475 4901 663 4967 rituali
698 4898 943 4967 surrexit
968 4896 1258 4965 Christus;
1287 4897 1436 4968 quod
1463 4914 1572 4953 non
1607 4908 1693 4961 est
1722 4900 1871 4959 aliud
1893 4917 2058 4970 quam

475 4993 623 5063 quod
648 4994 968 5053 seminatum
987 4999 1064 5046 est
1081 4991 1136 5045 in
1166 4991 1573 5061 ignobilitate“,
1593 4992 1690 5051 sed
1719 4993 1853 5051 illud
1877 4995 2057 5065 ipsum

473 5082 623 5153 quod
671 5083 729 5137 in
789 5082 1059 5137 honorem
1110 5093 1387 5138 mutatum
1442 5092 1549 5140 est.
1612 5084 1770 5152 Quod
1830 5089 2058 5159 quidem

472 5190 679 5253 corpus
703 5188 833 5239 vere
861 5172 1087 5239 mansit,
1121 5190 1253 5241 caro
1309 5190 1440 5229 vero
1472 5176 1725 5242 minime,
1787 5194 1898 5233 non
1927 5180 2058 5249 qui-

470 5266 595 5329 dem
628 5264 775 5343 quod
804 5264 1112 5329 substantia
1138 5266 1389 5336 subjecta
1446 5267 1750 5335 interierit,
1783 5270 1881 5325 sed
1909 5271 2058 5342 quod

469 5361 611 5427 facta
639 5358 812 5423 fuerit
850 5358 1168 5432 gloriosior.
1212 5360 1533 5417 Substantia
1566 5362 1718 5417 enim
1747 5365 2057 5421 contrarias

2166 4636 2329 4689 mitas
2366 4649 2570 4704 corpus
2600 4634 2739 4689 illud
2769 4651 3024 4690 crassum
3071 4645 3128 4690 et
3179 4646 3464 4691 terrenum
3495 4646 3736 4691 sanctum

2165 4741 2392 4796 corpus,
2454 4725 2602 4795 quod
2652 4734 2779 4795 post
2829 4726 2949 4781 dies
3011 4727 3382 4798 quadraginta
3435 4728 3505 4783 ad
3548 4730 3735 4784 caelum

2165 4824 2429 4885 tanquam
2459 4816 2527 4871 ad
2555 4818 2846 4887 proprium
2885 4818 3073 4873 locum
3098 4821 3353 4883 recessit,
3393 4821 3542 4876 nube
3576 4821 3735 4889 veluti

2164 4909 2423 4964 vehiculo
2453 4925 2651 4964 usum:
2686 4927 2796 4965 non
2828 4912 2978 4967 enim
2996 4915 3457 4985 corpusamplius
3482 4914 3732 4970 deorsum

2164 5009 2306 5055 nutu
2341 5017 2457 5057 suo-
2499 5002 2806 5068 ferebatur,
2841 5004 2989 5060 sicut
3039 5006 3226 5076 gravia
3262 5021 3503 5077 corpora
3549 5015 3732 5073 natura

2159 5091 2441 5158 feruntur,
2473 5095 2571 5149 sed
2602 5097 2792 5164 potius
2825 5113 2953 5152 cum
2984 5098 3135 5153 nube
3167 5098 3347 5153 levius
3376 5109 3544 5169 esset,
3575 5113 3732 5169 super

2161 5184 2337 5254 ipsam
2370 5185 2425 5239 in
2444 5186 2691 5241 sublime
2712 5188 2997 5243 sublatum
3022 5198 3130 5252 est.
3157 5199 3214 5245 et
3237 5190 3492 5247 consedit
3514 5190 3581 5245 ad
3606 5189 3729 5255 dex-

2158 5283 2334 5330 teram
2383 5277 2479 5332 Dei
2513 5278 2715 5345 Patris,
2768 5281 3051 5350 prolectus
3096 5283 3155 5336 in
3206 5283 3433 5347 cmlum,
3478 5281 3729 5353 subjectis

2157 5366 2264 5438 ipsi
2299 5371 2531 5440 angelis,
2560 5381 2617 5428 et
2638 5373 3012 5443 potestatibus
3043 5416 3058 5439 ,
3085 5385 3141 5431 et
3186 5376 3511 5432 virtutibus.
3542 5374 3726 5437 Veniet

538 5520 580 5605 :5
618 5519 822 5605 Ephes.
856 5518 999 5605 11,.(3.
1176 5516 1380 5605 pr‘es.
1405 5517 1612 5605 lviii.
1682 5517 1918 5576 "lCor.
1957 5536 2065 5587 xm,

2165 5535 2187 5577 ι.
2266 5524 2745 5594 “lCor.xv,28.
2826 5530 3143 5587 minimis.
3222 5529 3720 5605 "Philipp.ttt,-2L

468 5589 559 5643 ὀἰ
614 5586 743 5646 Gor.
779 5607 867 5646 xv.
916 5589 1005 5644 45.
1086 5590 1125 5621 ⁸¹
1176 5586 1237 5641 η
1267 5586 1395 5642 Cor.
1428 5603 1545 5652 xm,
1584 5588 1639 5641 4.

1740 5704 1977 5762 ΥΑΙΗᾸῘ
2015 5707 2418 5768 LECTIONES.

540 5832 563 5860 ε
596 5820 888 5874 Honorum.
922 5819 1107 5887 Forte,
1147 5818 1421 5872 bonorum.

1552 5817 1569 5855 τ
1602 5817 1874 5873 Prioribus
1922 5823 2104 5880 debitis
2136 5825 2317 5896 obh’g.,
2356 5830 2466 5894 τοῖς
2498 5833 2789 5903 προτέροις
2827 5837 3133 5907 ἐνέχεσθαι.
