3810 6534
164 379 185 442 i
204 377 285 443 161

848 387 1105 449 SERMO
1144 391 1192 451 Ι.
1234 417 1303 427 -
1336 395 1418 455 ΙΝ
1467 396 1741 460 TRANS]

1817 402 2312 468 EURATIONEM
2353 413 2420 471 υ.
2466 412 2539 471 Ν.
2580 411 2636 473 Ι.
2678 414 2739 473 C.

3283 421 3421 487 1362

161 502 334 549 autem
366 504 568 553 Iterum
601 498 796 556 eodem
819 516 1050 574 corpore
1080 507 1341 565 Christus
1364 512 1534 583 judex
1564 517 1722 572 τίνος
1753 526 1800 583 Α
1832 522 1902 576 ad
1946 536 2029 576 nte
2065 524 2239 595 ipsum
2295 526 2555 582 adducam
2608 529 2675 582 ".
2712 527 2869 583 Tunc
2893 537 2951 584 et
2993 528 3203 585 inimici
3235 533 3409 604 subji-

161 601 273 641 rum
293 596 350 644 et
371 600 740 661 mortuorum,
764 595 908 651 sicut
930 601 1113 671 angeli
1138 601 1719 678 dixeruntdiscipulis,

64 700 69 740 ;
159 697 276 738 cum
296 681 349 737 in
370 682 470 739 illo
492 684 563 740 ad
580 687 747 743 caelos
777 704 1015 747 ascensu
1037 694 1409 766 mirabantur,
1430 709 1488 755 et
1518 702 1577 756 in
1600 718 1729 759 eum

64 760 81 797 ν’
158 776 529 846 aspiciebant:
566 780 696 847 Viri,
717 782 999 853 inquiunt,
1019 787 1146 857 quid
1167 791 1323 845 statis
1342 760 1655 863 aspicientes
1674 797 1732 851 in

158 866 338 922 calum
368 870 393 923 ?
419 872 506 926 hic
532 873 683 928 Iesus
712 877 803 947 qui
828 888 1127 950 assumptus
1163 892 1238 935 est
1287 901 1320 939 a
1376 886 1517 941 vobis
1549 889 1605 942 in
1632 905 1736 945 ca:-

160 957 283 1024 lum,
314 961 389 1015 sic
418 965 606 1029 ueniet,
642 968 1088 1035 quemadmodum
1133 974 1336 1029 vidistis
1388 993 1508 1033 eum
1550 997 1734 1037 ascen-

156 1048 360 1103 dentem
387 1052 447 1104 in
489 1053 677 1108 caelum
714 1056 780 1111 ³².

220 1140 309 1195 IX.
358 1142 553 1214 Itaque
582 1145 783 1203 iterum
840 1165 969 1207 cum
1004 1169 1241 1225 corpore
1290 1160 1729 1219 resurrectionis

153 1231 346 1298 aderit,
382 1236 534 1291 sicut
570 1242 751 1311 angeli
783 1247 961 1300 sancti
985 1262 1122 1304 voce
1161 1264 1261 1305 sua
1282 1250 1569 1320 dixerunt,
1601 1270 1727 1311 cum

156 1340 259 1396 quo
276 1341 426 1382 nunc
454 1332 687 1400 proprio
722 1333 870 1390 Patri
906 1339 1184 1397 considet.
1213 1340 1328 1397 Hoc
1381 1352 1571 1399 autem
1601 1361 1728 1404 cum

155 1418 217 1472 ad
268 1419 487 1476 Patrem
524 1424 821 1483 adduxerit
870 1439 1085 1488 natura:
1135 1443 1341 1490 nostrae
1405 1438 1723 1507 primitias,

157 1509 313 1567 etiam
342 1514 673 1571 universum
709 1519 769 1574 in
793 1528 973 1577 totum
1009 1525 1282 1583 adducet:
1318 1529 1593 1601 siquidem
1622 1531 1730 1588 hoc

154 1605 425 1679 promisit,
454 1623 587 1664 cum
618 1611 793 1669 dixit:
846 1614 979 1673 Cum
1003 1618 1293 1676 °easaltatus
1343 1622 1513 1691 fuero,
1546 1641 1727 1680 omnes

1831 614 2056 671 cientur
2083 618 2189 673 sub
2206 620 2445 688 pedibus
2462 621 2603 691 ejus,
2656 620 2803 676 sicut
2824 621 2879 675 ei
2929 623 3268 693 promissum
3304 634 3417 681 est.

1835 707 1991 764 Dixit
2010 710 2159 765 enim
2194 710 2451 767 Dominus
2492 712 2717 767 Domino
2763 729 2916 768 meo:
2962 712 3096 769 Sede
3145 733 3177 768 a
3222 716 3420 771 dextris

1836 802 1989 869 meis,
2017 804 2182 858 donec
2211 821 2407 876 ponam
2450 807 2693 861 inimicos
2741 819 2858 861 tuos
2907 806 3198 861 scabellum
3230 808 3420 877 pedum

1837 903 2051 951 tuorum
2078 897 2144 952 “.
2170 898 2464 952 Ponuntur
2495 909 2681 955 autem
2713 902 2920 971 partim
2967 900 3164 966 invite,
3216 902 3419 971 partim

1837 997 2035 1058 sponte
2068 1006 2083 1056 ;
2117 992 2440 1046 necessario
2469 992 2620 1047 enim
2669 1001 2892 1063 oportet
2933 1010 3127 1049 omnes
3162 1002 3421 1063 peccato-

1837 1094 1930 1135 res
1952 1080 2254 1138 sceleratos
2273 1082 2343 1137 de
2371 1090 2516 1137 terra
2541 1083 2741 1147 deleri,
2775 1090 2836 1138 ut
2882 1100 2993 1139 non
3052 1084 3291 1154 amplius
3326 1101 3422 1139 ex-

1836 1171 2057 1227 sistant.
2092 1172 2253 1228 Tunc
2280 1189 2422 1229 nova
2446 1174 2698 1229 laudatio
2725 1180 2781 1229 et
2823 1182 3131 1245 perpetuus
3179 1175 3419 1246 hymnus

1827 1278 1930 1334 per
1958 1266 2210 1321 omnium
2246 1282 2341 1322 ora
2397 1268 2760 1323 adhibebitur
2791 1268 2945 1323 Patri
2998 1276 3313 1339 temporum
3362 1278 3419 1323 et

1828 1355 2198 1424 Saeculorum;
2233 1367 2290 1413 et
2321 1375 2475 1413 omne
2496 1376 2633 1431 genu
2650 1360 2914 1430 ﬂectetur,
2943 1360 3252 1425 caelestium,
3312 1369 3419 1413 ter-

1829 1448 2079 1502 restrium
2102 1459 2149 1503 et
2167 1450 2501 1520 infernarum
2524 1470 2541 1518 ;
2573 1461 2623 1506 et
2644 1454 2815 1507 omnis
2846 1452 3029 1523 lingua
3056 1453 3413 1523 conﬁtebitur,

1828 1535 1967 1605 quod
1995 1535 2254 1592 Dominus
2275 1538 2428 1595 Iesus
2463 1539 2705 1595 Christus
2744 1543 2801 1596 in
2851 1542 3025 1613 gloria
3045 1551 3123 1597 est
3155 1543 3253 1597 Dei
3304 1544 3415 1598 Pa-~

1829 1629 1924 1683 tris
1942 1631 2009 1684 ".
2039 1629 2142 1686 Cui
2172 1633 2353 1703 gloria
2381 1633 2439 1688 in
2474 1636 2675 1691 saecula
2708 1636 3059 1691 seculorum.
3110 1636 3302 1692 Amen.

216 1716 404 1776 “Act.
438 1736 480 1789 ι,
518 1724 607 1779 Η.
679 1726 899 1786 ¹³Ἰοειη.
932 1746 1030 1800 xn,
1073 1735 1161 1790 52.
1240 1736 1289 1769 ’⁵
1313 1738 1454 1795 Psal.
1499 1757 1607 1808 (ιιι,
1656 1744 1710 1797 1.

1817 1746 1840 1778 ⁸
1868 1746 2111 1819 Philipp.
2154 1766 2216 1817 ιι,
2250 1750 2340 1818 10,
2378 1752 2467 1807 Η.

159 1895 3414 1961 Wagn

635 2052 972 2171 ΤΟΥ
1092 2060 1653 2178 ΑΥΤΟΥ
1792 2065 2918 2249 ΑΝΑΣΤΑΣΙΟΥ

993 2282 1533 2423 ΑΟΓΟΙ
1662 2294 2557 2433 ΤΕΣΣΑΡΕΣ.

634 2606 1278 2703 EJUSDEM
1404 2562 1891 2712 SANCTI
2011 2625 2778 2723 ANASTASII

886 2821 1724 2960 SERMONES

1842 2837 2685 3005 QUATUOR.

1299 3024 1594 3097 Interprete
1616 3020 1899 3086 Francisco
1932 3033 2263 3106 Combeﬁsio.

836 3130 1126 3201 (GALLAND,
1156 3134 1398 3192 Veterum
1430 3138 1657 3196 Patrum
1679 3141 1997 3203 Bibliotheca
2023 3191 2035 3213 ,
2076 3160 2207 3205 tom.
2239 3152 2357 3217 XII,
2400 3171 2524 3227 pag.
2558 3158 2710 3227 258.)

749 3359 973 3413 ΛΟΓΟΣ
1012 3362 1093 3415 Δ’.

147 3438 240 3513 εις
274 3445 387 3517 τὴν
415 3448 1033 3575 Μεταμόρφοέἵινστοπξ
1061 3454 1284 3522 Κυρίου
1309 3454 1479 3526 ἡμῶν
1514 3458 1721 3529 Ἰησοῦ

817 3538 873 3575 οι
923 3538 1050 3575 του.

810 3538 1050 3589 ριστου.

1826 3466 1892 3525 In
1944 3386 2510 3545 Transﬁgurationesnlti3
2515 3386 2764 3535 “3351a;
2817 3484 2983 3539 nostri
3008 3484 3136 3541 Iesu
3190 3487 3407 3548 Christi.

220 3629 273 3686 '0
314 3604 705 3705 φιλάνθρωπος
750 3633 997 3704 Ἰησοῦς,
1030 3638 1345 3728 1’ἐπιτρέπεις
1398 3642 1478 3713 τῷ
1523 3643 1717 3716 κόσμῳ

1896 3648 1937 3703 ι.
1971 3648 2253 3723 Bcnignus
2285 3670 2347 3710 ac
2380 3658 2627 3715 clemens
2656 3660 2842 3728 Iesus,
2868 3663 3077 3718 bonum
3102 3680 3161 3721 se
3201 3670 3410 3725 mundo

147 3722 451 3792 διδάσκαλος
499 3726 740 3796 ἀγαθὸς,
790 3728 915 3782 ἐπεὶ
954 3708 1051 3783 καί
1089 3730 1251 3798 Θεὸς,
1308 3708 1574 3801 εἷπεγτοῖς
1606 3708 1714 3809 ελαί-

149 3810 321 3885 Θηταίς
362 3816 569 3870 αὐτοῦ·
622 3816 699 3871 El-
739 3834 832 3885 τις
877 3818 1036 3874 θέλει
1085 3820 1284 3877 ὀπίσω
1316 3843 1436 3894 μου
1482 3827 1712 3896 ἐλθεῖν,

147 3905 583 3977 ἀπαρνησάσθω
627 3909 877 3977 ἑαυτὸν,
927 3912 1028 3966 καὶ
1066 3914 1266 3984 ἀράτω
1305 3918 1414 3971 τὸν
1443 3922 1715 3990 σταυρὸν

146 3997 352 4065 αὑτοῦ,
404 4001 510 4054 καὶ
559 4000 965 4057 ἀκολουθείτω
1002 4022 1127 4074 μοι.
1173 4008 1271 4074 Ὃς
1300 4008 1410 4079 γὰρ
1443 4011 1521 4066 ἂν
1549 4013 1714 4068 θέλοι

146 4086 249 4156 τὴν
284 4092 503 4163 ψυχὴν
543 4093 732 4149 αὑτοῦ
774 4094 997 4162 σῶσαι,
1033 4097 1330 4155 ἀπολέσει
1358 4103 1587 4170 αὑτήν·
1646 4107 1713 4173 ὃς

137 4178 191 4272 ρ’
216 4182 287 4236 ἂν
314 4184 595 4255 ἀπολέσῃ
642 4186 759 4252 τὴν
800 4188 1016 4259 ψυχὴν
1060 4193 1250 4248 αὐτοῦ
1298 4194 1511 4251 ἕνεκεν
1540 4198 1710 4269 ἐμοῦ,

146 4273 370 4341 εὑρήσει
393 4276 619 4347 αὐτήν.
672 4282 715 4332 Τ
714 4283 734 4332 ι
765 4281 875 4350 γὰρ
903 4282 1210 4352 ὠφελήσει
1237 4286 1570 4357 ἅνθρωπος,
1604 4292 1714 4348 ἐὰν

147 4366 239 4418 τζν
264 4369 499 4439 κόσμον
525 4369 679 4424 ὅλον
706 4372 999 4443 κερδήσῃ,
1037 4376 1155 4446 τὴν
1182 4377 1252 4432 δὲ
1281 4381 1497 4452 ψυχὴν
1522 4388 1712 4443 αὐτοῦ

146 4455 379 4533 ζημιωθῇ
403 4480 417 4492 ·
456 4464 496 4533 ἣ
532 4465 588 4518 τί
616 4464 794 4521 δώσει
825 4468 1144 4539 ἄνθρωπος
1175 4474 1575 4548 ἀντάλλαγμα
1605 4479 1713 4547 τῆς

144 4552 335 4622 ψυχῆς
360 4557 590 4623 αὐτοῦ;
626 4559 841 4627 μέλλει
875 4562 984 4633 γὰρ
1019 4567 1052 4618 ὀ
1090 4567 1224 4634 Υἱὸς
1253 4569 1363 4624 τοῦ
1389 4570 1710 4640 ἀνθρώπου

145 4640 405 4712 ἔρχεσθαι
438 4650 511 4704 ἐν
536 4651 609 4719 τῇ
633 4652 784 4723 δόξῃ
814 4655 924 4710 τοῦ
949 4659 1182 4727 Πατρός
1205 4662 1394 4718 αὑτοῦ
1414 4665 1569 4733 μετὰ
1592 4665 1712 4721 τῶν

144 4732 312 4804 ἁγίων
348 4741 623 4813 ἀγγέλων
666 4747 857 4803 αὐτοῦ
880 4762 895 4777 ⁵
953 4751 1087 4804 τότε
1132 4732 1439 4810 ἀποδώσει
1473 4757 1711 4827 ἑκάστῳ

146 4830 281 4885 κατὰ
300 4833 369 4888 τά
390 4836 536 4907 ἔργα
564 4840 771 4895 αὐτοῦ.

1819 3752 2223 3811 praeceptorem
2259 3746 2533 3804 exhibens
2587 3750 2847 3824 (quippe
2879 3754 2976 3823 qui
3018 3755 3165 3813 Deus
3202 3763 3409 3829 pariter

1774 3884 1777 3888 .
1818 3833 2039 3903 esset),
2070 3833 2149 3891 ait
2180 3834 2471 3906 discipulis
2510 3839 2629 3895 suis
2665 3860 2677 3894 :
2705 3841 2764 3897 Si
2798 3846 2916 3915 quis
2950 3846 3267 3904 vultvenire
3293 3862 3407 3921 post

1818 3938 1929 3985 me,
1963 3924 2185 3995 abneget
2212 3929 2550 3997 semetipsum
2595 3938 2643 3983 et
2688 3931 2843 3987 tollat
2873 3952 3083 3991 crucem
3131 3956 3309 4006 suam,
3357 3951 3407 3995 et

1815 4022 2073 4084 sequatur
2116 4034 2215 4070 me.
2267 4016 2325 4073 Si
2370 4020 2485 4089 quis
2525 4022 2664 4075 enim
2709 4022 2938 4080 voluerit
2979 4028 3223 4083 animam
3253 4047 3409 4086 suam

1815 4104 2023 4160 salvam
2053 4108 2252 4177 facere,
2292 4110 2482 4181 perdat
2514 4128 2652 4167 eam.
2682 4111 2741 4168 Si
2764 4116 2879 4186 quis
2904 4126 3085 4172 autem
3115 4120 3407 4189 perdiderit

1817 4200 2056 4253 animam
2096 4216 2253 4255 suam
2283 4212 2501 4273 propter
2533 4220 2637 4269 me,
2661 4207 2892 4261 inveniet
2921 4224 3062 4266 eam.
3095 4209 3235 4274 Quid
3264 4215 3407 4267 enim

1817 4291 2052 4361 proderit
2076 4293 2297 4359 homini,
2323 4294 2369 4347 si
2391 4296 2694 4352 universum
2715 4300 2973 4356 mundum
2999 4303 3261 4370 lucretur,
3286 4308 3404 4360 ani-

1818 4399 1916 4436 ma:
1943 4399 2066 4438 vero
2094 4400 2205 4440 sua:
2232 4386 2608 4445 detrimentum
2631 4393 2909 4463 patiatur?
2928 4393 3035 4449 Aut
3066 4414 3232 4467 quam
3258 4398 3405 4452 dabit

1814 4476 1970 4528 homo
1994 4479 2462 4534 commutationem
2488 4499 2585 4553 pro
2620 4485 2805 4539 anima
2849 4488 2999 4542 sua?
3049 4487 3218 4544 Filius
3262 4491 3404 4543 enim

1814 4569 2041 4623 hominis
2068 4580 2319 4627 uenturus
2351 4583 2426 4628 est
2449 4575 2505 4629 in
2533 4576 2707 4648 gloria
2738 4578 2916 4634 Patris
2939 4582 3026 4635 sui
3050 4598 3168 4636 cum
3196 4584 3400 4653 angelis

1813 4664 1921 4718 suis
1947 4681 1964 4718 :
1997 4674 2121 4719 tunc
2143 4666 2321 4720 reddet
2353 4670 2635 4741 unicuique
2659 4674 2953 4727 secundum
2979 4691 3144 4745 opera
3180 4677 3295 4745 ejus
3327 4678 3393 4732 ".

205 4926 272 4979 EI
296 4945 381 4998 τις
405 4932 519 5001 γὰρ
550 4933 715 4989 θέλει
739 4936 933 4991 ὀπίσω
956 4955 1078 5007 μου
1106 4939 1331 5007 ἐλθεῖν,
1359 4943 1708 5016 ἀπαρνησά-
1737 4993 1741 5027 η

1887 4936 1951 4989 ll.
1987 4936 2044 4990 Si
2092 4939 2207 5008 quis
2255 4936 2367 4992 vult
2417 4940 2594 4992 uenire
2638 4948 2753 5010 post
2793 4957 2895 5007 me,
2933 4941 3155 5015 abneget
3211 4955 3397 5000 semeto

147 5017 255 5070 σθω
283 5021 500 5079 ἑαυτόν
520 5042 535 5056 ο
572 5024 849 5092 τουτέστι,
884 5031 996 5083 πᾶν
1029 5031 1374 5103 ἀνθρώπινον
1406 5036 1666 5109 φρόνημα
1690 5055 1702 5067 ·

148 5109 233 5162 καὶ
256 5113 312 5165 οὐ
343 5118 525 5186 μόνον,
555 5119 694 5174 ἀλλὰ
724 5121 843 5187 καὶ,
886 5123 1125 5194 Ὀμοῐως
1154 5127 1307 5196 ἐμοὶ,
1348 5128 1570 5197 Ἀράτω
1601 5132 1711 5186 τὸν

148 5208 391 5274 σταυρὸν
430 5212 659 5277 αὐτοῦ,
701 5215 797 5269 καὶ
845 5216 1249 5273 ἀκολουθείτω
1280 5238 1407 5289 μοι.
1454 5221 1626 5301 Τοῦτο
1651 5224 1709 5278 δὲ

148 5291 228 5347 τὸν
258 5298 461 5357 Παῦλον
510 5305 577 5358 ὲκ
620 5307 729 5359 τῶν
763 5306 941 5375 λόγων
974 5309 1140 5363 αὐτοῦ
1185 5313 1530 5382 πεποιηκότα
1567 5332 1705 5369 κατ-

147 5387 456 5463 ειλήφαμενο
492 5399 555 5452 οὐ
586 5399 749 5469 μόνον
773 5402 883 5473 γὰρ
910 5402 1232 5475 ἐσταυρώθη
1264 5404 1342 5476 τῷ
1369 5406 1582 5478 κόσμῳ,
1608 5409 1703 5462 καὶ

150 5478 231 5571 τον
256 5486 451 5558 κόσμον
486 5492 669 5564 ἑαυτῷ
695 5493 1050 5566 ἐσταύρωσεν
1076 5514 1088 5526 ·
1141 5495 1276 5550 ἀλλὰ
1308 5498 1401 5551 καὶ
1429 5498 1527 5571 τὴν
1556 5500 1703 5569 ζωὴν

152 5569 304 5644 αὐτὴν
358 5584 722 5656 μετεποίησε,
786 5587 990 5657 μηκέτι
1038 5586 1148 5653 ζῶν
1183 5588 1380 5655 αὐτὸς,
1422 5569 1517 5644 κα).
1555 5591 1701 5655 ἰδίως

154 5664 452 5752 κξνοΰμενος
486 5673 519 5744 ἢ
551 5676 833 5747 ἑνεργῶνο
888 5678 1003 5732 ἀλλ’
1041 5679 1176 5733 αὐτὸ
1222 5680 1282 5733 τὸ
1319 5679 1419 5752 ζῇν
1466 5683 1701 5752 Χριστὸν

156 5742 284 5823 εἶχεν
327 5760 383 5813 ὲν
432 5742 583 5836 αὐτῷ
627 5742 976 5841 ἐνεργοῦντα.
1046 5771 1302 5841 Παρῆκεν
1330 5742 1456 5842 -εξὰρ
1508 5742 1701 5827 ἑαυτὸν

1820 5030 1993 5098 ipsum
2026 5071 2040 5093 ,
2082 5030 2189 5084 hoc
2204 5038 2321 5096 est,
2352 5046 2575 5087 omnem
2598 5032 2904 5089 humanum
2928 5050 3152 5091 sensum
3178 5055 3192 5104 ;
3220 5054 3321 5093 nec
3344 5040 3399 5096 id

1818 5128 2057 5184 tantum,
2101 5120 2198 5176 sed
2230 5130 2286 5175 et
2313 5121 2507 5177 eadem
2537 5140 2756 5180 mecum
2794 5126 3035 5193 ratione,
3071 5128 3247 5184 Tollat
3276 5148 3369 5185 cru

1814 5228 1925 5266 cem
1960 5230 2138 5280 suam,
2165 5223 2213 5267 et
2248 5223 2501 5286 sequatur
2543 5233 2646 5271 me.
2676 5218 2791 5273 Hoc
2820 5219 2981 5290 plane
3031 5220 3398 5296 intelligimus

1810 5306 2012 5362 fecisse
2037 5307 2270 5363 Paulum
2300 5323 2369 5364 ex
2407 5310 2529 5381 ejus
2564 5312 2809 5383 scriptis.
2854 5314 3072 5370 Nedum
3105 5316 3255 5373 enim
3277 5335 3399 5373 cru-

1812 5399 2001 5469 ciﬁxus
2026 5408 2101 5455 est
2120 5404 2317 5457 mundo
2334 5405 2400 5469 ’⁷,
2419 5404 2636 5475 sibique
2662 5404 2779 5476 ipse
2796 5408 3067 5464 mundum
3086 5410 3392 5465 crucifixit:

1810 5494 1906 5549 sed
1934 5502 1991 5549 et
2026 5494 2196 5549 vitam
2230 5496 2413 5567 ipsam
2468 5496 2523 5552 in
2549 5498 2712 5553 aliam
2747 5500 3002 5567 mutavit,
3036 5509 3099 5557 ut
3141 5503 3235 5572 qui
3280 5504 3394 5573 jam

1810 5587 1929 5658 ipse
1963 5603 2075 5643 non
2132 5589 2366 5652 viveret,
2427 5598 2525 5646 aut
2563 5592 2715 5648 velut
2760 5607 2790 5646 a
2847 5608 2907 5649 se
2942 5602 3262 5649 moveretur
3306 5597 3392 5650 vel

1810 5689 2135 5749 operaretur
2161 5722 2174 5745 ,
2200 5682 2298 5739 sed
2329 5683 2508 5755 ipsum
2533 5684 2721 5741 vivere
2749 5686 2793 5716 "
2847 5684 3130 5741 Christum
3160 5686 3392 5743 haberet

1812 5772 1866 5825 in
1896 5770 2016 5842 ipso
2048 5783 2387 5844 operantem.
2450 5776 2661 5848 Quippe
2712 5792 2769 5831 se
2802 5792 2868 5831 ex
2905 5783 3019 5832 toto
3049 5778 3337 5835 dimiserat
3374 5820 3389 5845 ,

216 5874 256 5912 ’⁸
284 5876 461 5939 Matth.
499 5901 604 5954 xvt,
637 5887 827 5944 2537.
908 5891 949 5921 ³⁷
978 5889 1153 5946 Galat.
1185 5908 1256 5958 γι,
1292 5892 1367 5946 li.
1452 5892 1493 5923 "
1535 5890 1770 5962 Philipp.
1810 5891 1960 5961 1,21.
