4052 6528
468 373 605 441 1363

1591 377 1651 441 S.
1684 379 2081 442 ANAS’I‘ASII
2131 379 2603 447 ANTIOCHENI

3591 334 3735 446 lact

467 503 737 559 suamque
794 488 911 560 ipse
950 488 1289 545 voluntatem
1341 488 1705 559 mortiﬁcans,
1758 502 1936 549 totum
1989 510 2047 549 se

2156 497 2457 570 ὁλοσχερῶς
2476 540 2492 564 ,
2532 498 2628 552 καὶ
2663 497 2723 551 τὸ
2757 496 2886 551 ἴδιον
2913 496 3128 568 θέλημα
3157 494 3462 568 νεκρώσας,
3491 493 3566 567 τῷ
3592 496 3710 569 θείῳ

459 581 737 637 voluntati
762 583 964 638 divina:
987 582 1363 638 substraverat
1385 599 1397 637 :
1417 590 1583 653 atque
1611 584 1775 651 adeo,
1804 596 1866 641 ut
1907 588 2043 643 mihi

467 674 680 746 aliquid
712 675 1064 745 imponendis
1092 674 1416 729 nominibus
1446 674 1715 733 audacius
1744 692 2044 745 assumam,

467 769 643 841 magis
665 770 891 833 Paulus,
910 767 1171 823 Christus
1186 767 1459 823 dicendus
1486 779 1804 840 erat,quam
1826 772 2044 828 vivens.

467 863 601 934 Ejus
632 876 867 931 namque
887 863 998 915 vita
1024 860 1281 918 Christus
1307 871 1447 919 erat.
1485 864 1577 920 Sic
1598 874 1721 934 post
1754 865 1935 934 ipsum
1962 866 2045 921 ire

466 970 531 1010 ac
556 969 681 1009 eum
709 954 864 1025 sequi
894 963 1115 1025 oportet
1142 970 1240 1011 eos
1255 957 1489 1027 quiejus
1505 972 1626 1012 esse
1660 958 1876 1013 volunt.
1906 958 2043 1014 Cum

468 1048 617 1101 enim
653 1046 725 1100 sit
769 1046 973 1117 duplex
1016 1047 1273 1103 voluntas
1304 1049 1359 1102 in
1403 1048 1686 1119 plerisque
1736 1051 2040 1116 contraria,

466 1137 651 1194 divina
682 1137 895 1193 scilicet
921 1147 978 1195 et
1006 1140 1271 1205 humana,
1304 1156 1408 1196 nec
1437 1142 1665 1195 omnino
1686 1140 1809 1198 fieri
1846 1143 2044 1217 possit,

467 1240 531 1285 ut
564 1230 772 1301 absque
800 1232 908 1287 illis
941 1242 1038 1287 aut
1067 1248 1260 1288 earum
1296 1234 1472 1289 altera
1504 1235 1804 1305 quisquam
1844 1236 1996 1291 vivat
2029 1254 2044 1291 :

467 1326 632 1395 plane
668 1324 750 1391 ﬁt,
779 1335 840 1380 ut
870 1326 964 1396 qui
990 1326 1085 1381 uni
1120 1325 1314 1381 allixus
1352 1336 1457 1393 est,
1485 1327 1555 1382 ab
1583 1329 1759 1384 altera
1798 1329 2046 1395 resiliat,

466 1425 524 1473 et
556 1427 770 1473 contra.
801 1418 905 1484 Qui
944 1418 1114 1489 igitur
1158 1419 1279 1473 vult
1306 1419 1497 1474 venire
1541 1427 1663 1489 post
1709 1420 2045 1488 Dominum,

384 1526 419 1582 κέ
465 1507 771 1563 humanum
787 1523 1007 1564 omnem
1031 1524 1255 1564 sensum
1275 1508 1459 1564 odisse
1479 1508 1675 1577 debet;
1694 1510 2049 1582 prioremque

389 1602 415 1664 ἴ
468 1617 633 1672 quam
662 1602 821 1667 vixit,
859 1610 1208 1657 commutans
1248 1603 1417 1663 vitam
1445 1643 1461 1667 ,
1518 1612 1820 1673 sequatur;
1872 1604 1952 1659 sic
1991 1620 2049 1660 se

472 1695 593 1765 ipse
622 1694 1032 1764 quodammodo
1062 1694 1407 1765 relinquens,
1440 1709 1679 1765 suasque
1712 1712 1906 1752 omnes
1928 1695 2051 1751 ani-

467 1802 573 1840 tum
600 1786 749 1841 vires
782 1796 1181 1841 transmutans.
1210 1785 1312 1852 Qui
1339 1786 1486 1841 enim
1507 1802 1637 1841 vere
1657 1788 1777 1841 vult
1802 1788 2049 1843 invenire

468 1888 748 1937 errantem
792 1881 937 1937 circa
993 1882 1177 1936 szeculi
1222 1882 1427 1947 inania,
1487 1883 2051 1953 ejusqueinsomniis

471 1974 683 2030 similes
714 1974 977 2041 visiones,
1010 1974 1249 2029 animam
1276 1990 1453 2038 suam,
1495 1975 1736 2044 primum
1772 1991 1893 2031 eam
1924 1992 2053 2046 per-

471 2065 565 2120 dat
588 2084 603 2132 ;
624 2065 772 2136 quod
798 2074 1010 2136 spectat
1031 2066 1098 2120 ad
1133 2065 1377 2136 priorem
1400 2068 1593 2133 vitam;
1613 2076 1841 2138 tumque
1874 2069 2051 2140 ipsam

467 2157 706 2228 quadam
761 2158 976 2213 ratione
1039 2159 1370 2217 inventurus
1408 2168 1514 2214 est.
1564 2159 1819 2226 Quandiu
1864 2173 2050 2216 autem

467 2249 730 2305 allectum
778 2250 946 2305 habet
977 2250 1045 2305 ad
1082 2252 1273 2306 mundi
1310 2252 1623 2316 materiam,
1652 2253 1848 2322 nequit
1900 2253 2048 2316 ﬁeri,

468 2351 532 2397 ut
572 2358 727 2398 suam
753 2343 807 2397 in
861 2360 969 2413 qua
995 2352 1269 2409 versatur,
1316 2345 2046 2416 dignoscntperditionem.

467 2436 635 2492 Plane
661 2453 791 2507 ergo
819 2452 997 2507 neque
1015 2440 1328 2493 necessario
1352 2449 1562 2509 qumret
1614 2442 1891 2511 perditam
1930 2442 2055 2498 ani-

468 2545 853 2599 mam,neque
876 2530 1142 2584 inveniet.
1191 2530 2053 2606 Quemadmodumenimduplex
2114 2546 2115 2549 ‘

466 2631 554 2678 est
573 2622 707 2687 vita,
731 2638 794 2678 ac
824 2622 1028 2693 duplex
1053 2638 1202 2678 mors
1227 2641 1241 2689 ;
1264 2632 1381 2679 tum
1406 2627 1653 2696 quaeDeo
1679 2637 2055 2684 consentanee

468 2713 659 2779 habet,
692 2722 807 2769 tum
838 2731 962 2784 qua:
985 2716 1194 2770 mundo
1222 2733 1235 2769 :
1275 2718 1423 2787 quod
1447 2719 1651 2775 Paulus
1678 2729 1871 2791 aperte
1913 2721 2053 2776 dixit

466 2814 679 2878 peccato
699 2808 868 2861 viuere
905 2818 954 2861 et
973 2808 1202 2878 justitia:
1228 2811 1271 2842 ¹⁹
1294 2828 1307 2875 ;
1327 2810 1406 2864 sic
1426 2810 1632 2881 duplex
1663 2820 1749 2867 est
1772 2811 1899 2868 vita:
1920 2829 2053 2883 per-

466 2901 635 2967 ditio;
669 2904 841 2957 altera
889 2902 1114 2973 quidem
1150 2904 1431 2974 vituperio
1460 2904 1649 2975 digna,
1703 2906 1877 2961 altera
1920 2923 2053 2962 vero

465 2996 786 3051 laudabilis.
817 2997 895 3051 Ac
953 2997 1097 3051 sicut
1142 3007 1369 3067 peccato
1401 2998 1614 3063 vivens,
1668 3008 1925 3055 mortuus
1969 3010 2054 3055 est

465 3088 717 3159 iustitiae,
748 3087 822 3143 ita
845 3104 1040 3143 rursus
1070 3090 1164 3158 qui
1200 3089 1433 3159 justitire
1477 3089 1638 3157 vivit,
1668 3101 1929 3147 mortuus
1967 3103 2054 3147 est

2152 590 2420 663 θελήματι
2464 592 2586 645 ὅλον
2621 590 2816 644 ἑαυτὸν
2850 590 3245 662 ὑπέστρωσεν
3310 589 3451 643 ὥστε
3502 590 3710 659 μᾶλλον,

2150 684 2238 738 ἵνα
2286 684 2568 755 τολμήσας
2611 683 3041 756 ὀνομαθετήσω,
3098 683 3340 756 Χριστδ;
3369 682 3446 736 ὣν
3468 682 3714 751 λέγεσθαι

2149 774 2244 828 τὸν
2284 774 2500 829 Παῦλον
2550 775 2792 846 μᾶλλον,
2851 776 2885 847 ἢ
2943 775 3084 841 ζῶον
3112 789 3128 805 ⁸
3185 778 3220 846 ἡ
3254 775 3363 847 γὰρ
3414 774 3529 845 ζωὴ
3560 775 3714 828 αὑτοῦ

2151 868 2385 940 Χριστὸς
2411 864 2498 940 ἦν.
2532 869 2719 933 Οῦτως
2744 869 2921 923 ὀπίσω
2946 868 3113 923 αὑτοῦ
3138 867 3469 938 πορεύεσθαι
3491 867 3583 920 καὶ
3602 869 3718 920 ἀκο-

2151 961 2361 1014 λουθεῖν
2410 962 2562 1033 αὐτῷ
2607 962 2726 1027 δεῖ,
2785 962 2917 1026 τοὺς
2953 960 3209 1025 θέλοντας
3241 960 3509 1031 ὑπάρχειν
3539 955 3716 1013 αὑτοῦ.

2151 1055 2257 1110 Δύο
2287 1057 2397 1128 γὰρ
2426 1059 2826 1130 ἀντικειμένων
2876 1058 2952 1122 ὡς
2989 1057 3057 1111 τά
3085 1056 3261 1110 πολλὰ
3292 1055 3611 1127 θελημάτων
3638 1053 3721 1106 δν.

2151 1167 2291 1215 των,
2346 1138 2444 1205 τοῦ
2485 1169 2545 1205 τε
2596 1152 2743 1205 θείου
2774 1152 2869 1206 καὶ
2893 1151 2989 1207 τοῦ
3015 1151 3398 1222 ἀνθρωπίνουο
3457 1148 3552 1202 καὶ
3596 1148 3719 1202 ἄνευ

2151 1243 2379 1308 τούτων,
2412 1240 2445 1311 ἢ
2478 1242 2597 1307 ἐνὸς
2623 1241 2806 1298 αὑτῶν
2835 1244 2910 1315 μὴ
2937 1242 3295 1315 ἐνδεχομένου
3324 1240 3455 1311 ζῇν,
3485 1238 3720 1309 δηλονότι

2150 1338 2179 1390 ὁ
2207 1335 2286 1406 τῷ
2316 1335 2398 1389 ἑνὶ
2428 1335 2825 1407 προσηλωθεὶς,
2850 1335 3083 1406 θατέρου
3106 1334 3457 1404 ἀπεστάτησε
3480 1348 3495 1361 °
3516 1332 3612 1385 καὶ
3632 1330 3723 1403 ἔμ-

2154 1429 2337 1483 παλιν.
2401 1429 2460 1483 Ὀ
2491 1428 2660 1483 θέλων
2687 1424 2779 1483 οῦν
2810 1429 2988 1483 ὀπίσω
3019 1430 3113 1482 τοῦ
3142 1428 3350 1498 Κυρίου
3377 1423 3721 1494 πορεύεσθαι,

2157 1522 2267 1574 πᾶν
2296 1520 2643 1591 ἀνθρώπινον
2672 1520 2886 1591 θέλημα
2916 1522 3168 1591 μισήσει·
3204 1518 3302 1572 καλ⁵
3330 1515 3431 1587 τὴν
3455 1512 3724 1586 προτέραν

2152 1614 2210 1668 ὲν
2302 1614 2459 1685 διῆγε
2489 1614 2635 1685 ζωὴν
2665 1613 2907 1686 ἀμείψας
2926 1657 2940 1681 ,
2979 1613 3154 1675 οὕτως
3179 1610 3574 1671 ἀκολουθείτω,
3605 1606 3727 1677 τρό-

2153 1723 2257 1760 πον
2281 1706 2406 1760 τινὰ
2434 1706 2754 1761 καταλιπὼν
2785 1706 3001 1768 ἑαυτὸν,
3037 1704 3133 1759 καὶ
3163 1702 3346 1765 πάσας
3373 1700 3475 1763 τὰς
3496 1697 3727 1768 ψυχικὰς

2080 1836 2129 1898 Β
2160 1800 2537 1871 μεταποιήσας
2566 1798 2848 1869 δυνάμεις.
2886 1798 2946 1851 ’0
2973 1796 3081 1869 γὰρ
3111 1794 3328 1865 ἀληθῶς
3355 1791 3532 1898 θέλων
3553 1792 3726 1898 εὑρεῖν

2155 1892 2253 1962 τὴν
2278 1890 2457 1962 ψυχὴν
2486 1889 2650 1944 αὑτοῦ
2682 1890 3050 1961 πλανωμένην
3092 1890 3221 1959 περὶ
3252 1887 3321 1940 τὰ
3350 1885 3447 1940 τοῦ
3481 1884 3599 1956 βίου
3628 1882 3726 1954 μά-

2154 2002 2284 2039 ταια
2303 2023 2318 2046 ,
2361 1983 2455 2037 καὶ
2486 1983 2588 2047 τὰς
2614 1982 2921 2053 ὀνειρώδεις
2946 1979 3112 2035 αὑτοῦ
3146 1978 3483 2050 φαντασίας,
3520 1976 3729 2048 πρῶτον

2154 2075 2398 2146 ἀπολέσῃ
2443 2075 2615 2145 αὐτὴν
2666 2073 2727 2140 ἐξ
2764 2067 2831 2144 ἧς
2878 2072 3125 2143 ὑπῆρχεν
3159 2074 3216 2126 ἐν
3242 2072 3380 2141 αὐτῇ
3413 2070 3563 2140 ζωῆς
3586 2085 3601 2103 ο
3639 2068 3731 2123 καὶ

2155 2169 2382 2239 εὑρήσει
2410 2168 2583 2238 αὐτὴν
2614 2167 2715 2238 τὴν
2745 2166 2918 2237 καλὴν
2954 2156 3195 2235 εὕρεσιν.
3253 2164 3371 2233 Ἐφ’
3400 2164 3529 2217 ὅσον
3554 2162 3598 2216 δ’
3622 2161 3731 2233 ἔχει

2156 2261 2293 2330 πρὸς
2323 2260 2421 2331 τὴν
2449 2258 2583 2328 ὓλην
2612 2258 2710 2314 τοῦ
2738 2259 2950 2328 κόσμου
2982 2255 3383 2329 προσπάθειαν,
3421 2256 3483 2309 οὑ
3516 2254 3733 2308 δύναται

2154 2352 2451 2421 διαγνῶναι
2501 2352 2600 2424 τὴν
2656 2354 2715 2405 ὲν
2835 2354 2986 2405 ἐστιν
3038 2348 3338 2405 ἀπώλειαν.
3396 2348 3473 2404 Οὑ
3516 2346 3735 2419 ζητήσει

2155 2444 2399 2515 δηλονότι
2442 2444 2541 2516 τὴν
2579 2444 2963 2515 ἀπολλυμένην
2993 2442 3175 2513 ψυχὴν
3204 2441 3527 2510 ἀναγκαίως
3547 2480 3563 2506 ,
3618 2439 3734 2492 οὐδὲ

2156 2537 2405 2608 εὑρήσει.
2461 2535 2566 2589 Δύο
2614 2535 2722 2606 γὰρ
2779 2533 2966 2606 ὥσπερ
3003 2533 3144 2588 είσὶν
3179 2534 3348 2599 ζωαὶ,
3396 2533 3499 2587 καὶ
3526 2531 3620 2585 δύο
3644 2530 3737 2585 θά-

2156 2645 2338 2683 νατοι·
2395 2627 2539 2682 κατά
2569 2644 2629 2680 τε
2662 2626 2818 2691 Θεὸν,
2858 2626 2955 2681 καὶ
2988 2624 3131 2679 κατά
3163 2625 3369 2695 κόσμον
3389 2639 3403 2653 ·
3455 2622 3540 2686 ὡς
3582 2621 3738 2675 τοῦτο

2159 2720 2347 2790 σαφῶς
2390 2719 2496 2789 ἔψη
2539 2716 2790 2784 Παῦλος,
2826 2716 2887 2770 τὸ
2931 2716 3186 2786 ἁμαρτίᾳ
3225 2713 3324 2768 καί
3376 2710 3737 2777 δικαιοσύνῃ

2158 2810 2299 2880 ζῆν’
2354 2809 2533 2873 οὑτως
2578 2808 2687 2862 εἰσὶ
2734 2808 2828 2861 δύο
2867 2807 3051 2877 ψυχῆς
3100 2805 3403 2861 ἀπώλειαι·
3468 2803 3574 2876 μία
3621 2801 3737 2873 μὲν,

2155 2904 2331 2975 ψεκτή
2356 2920 2371 2935 ο
2438 2901 2642 2971 θατέρα
2670 2899 2750 2966 δὲ,
2784 2898 3174 2970 ἐπαινουμένη.
3210 2897 3325 2952 Καὶ
3351 2896 3551 2967 ὥσπερ
3582 2896 3611 2947 ὁ
3637 2892 3740 2959 ζῶν

2156 2997 2222 3067 τῇ
2248 2994 2499 3065 ἁμαρτία
2532 2996 2599 3064 τῇ
2628 2992 2950 3063 δικαιοσύνῃ
2978 2992 3340 3062 νενέκρωται,
3378 2990 3475 3043 καὶ
3506 2987 3742 3059 ἔμπαλιν

2156 3090 2184 3143 ὁ
2215 3087 2323 3152 ζῶν
2357 3090 2427 3160 τῇ
2452 3086 2774 3157 δικαιοσύνῃ
2809 3088 2874 3156 τῇ
2909 3086 3156 3157 ἁμαρτία
3181 3084 3375 3156 νεκρός
3404 3085 3595 3137 ἐστιν’
3651 3081 3742 3137 οῦ-

466 3189 714 3251 peccato.
752 3179 834 3234 Ad
865 3179 1122 3235 eumdem
1145 3179 1393 3246 modum,
1417 3180 1512 3252 qui
1536 3182 1719 3237 carnis
1741 3184 2052 3240 voluntates

2168 3201 2275 3247 τως
2302 3182 2331 3235 ὁ
2360 3181 2681 3236 ἀκολουθῶν
2706 3184 2818 3243 τοῖς
2844 3180 2941 3250 τῆς
2980 3178 3183 3251 σαρκὸς
3207 3178 3337 3249 θελή
3348 3194 3544 3249 μασιν,
3568 3176 3743 3231 ὀπίσω

468 3289 727 3344 sequens,
763 3282 886 3343 post
910 3288 1133 3328 carnem
1162 3273 1339 3340 vadit,
1370 3274 1477 3330 hoc
1514 3275 1760 3345 perdidit
1787 3277 1937 3347 quod
1968 3286 2052 3331 est

471 3366 631 3436 sequi
669 3364 983 3421 Dominum.
1023 3364 1127 3433 Qui
1152 3374 1338 3421 autem
1359 3382 1585 3421 carnem
1616 3383 1681 3422 ac
1709 3368 1879 3422 vitam
1911 3368 2050 3432 odit,

472 3458 530 3515 id
559 3468 663 3525 est,
708 3458 1112 3529 perditionem,
1145 3475 1209 3513 ac
1232 3459 1441 3515 virtute
1491 3459 1668 3515 dicit:
1706 3461 1836 3515 Post
1878 3461 2049 3516 Deum

468 3565 655 3605 meum
686 3549 902 3610 vadam,
934 3549 982 3603 is
1018 3548 1388 3619 perditionem
1413 3544 1793 3615 commutavit,
1830 3566 1932 3621 pro
1966 3550 2053 3603 vi-

471 3641 765 3712 tuperabili
787 3641 1022 3711 adeptus
1056 3623 1414 3696 laudabilem.
1443 3641 1580 3695 Nam
1606 3641 1792 3711 perire
1822 3642 2051 3706 mundo,

470 3744 557 3789 est
588 3732 824 3788 inveniri
856 3733 967 3787 Deo
992 3749 1006 3798 ;
1036 3732 1399 3802 vicissimque
1424 3731 1633 3786 mundo
1664 3732 1904 3787 inveniri
1926 3749 2053 3804 per-

472 3828 555 3881 ire
586 3833 672 3881 est
706 3826 837 3881 Deo.
861 3825 1036 3893 Quam
1063 3841 1198 3881 vero
1231 3825 1367 3879 illud
1418 3826 1651 3880 stultum
1705 3826 2001 3881 consilium
2037 3869 2050 3892 ,

475 3928 536 3973 ut
556 3919 601 3950 ³ο
613 3919 741 3989 quis
757 3918 1083 3975 universum
1097 3918 1367 3973 mundum
1396 3918 1655 3973 inveniat
1677 3929 1774 3974 aut
1801 3920 2054 3975 lucretur

471 4011 784 4083 habeatque
806 4020 866 4066 ut
890 4012 1168 4083 propriam
1186 4012 1621 4082 possessionem,
1648 4012 1847 4066 animm
1866 4022 2050 4068 autem

471 4122 585 4161 sua:
598 4105 995 4161 detrimentum
1016 4105 1279 4175 patiatur,
1294 4121 1530 4177 eamque
1545 4107 1775 4177 perdat?
1792 4106 2052 4174 Quaenam

470 4197 622 4253 enim
650 4204 734 4252 est
762 4196 959 4252 animae
984 4196 1148 4268 digna
1178 4198 1566 4262 commutatio,
1588 4206 1684 4252 aut
1714 4214 1878 4268 quam
1899 4198 2055 4253 dabit

471 4290 598 4361 quis
614 4289 1055 4359 redemptionem
1079 4307 1181 4361 pro
1205 4292 1309 4345 ea?
1339 4291 1489 4346 Nihil
1528 4292 1583 4346 in
1607 4292 1776 4346 rebus
1792 4303 2053 4347 constan-

470 4382 627 4438 tibus
655 4382 891 4437 materia
928 4382 1157 4453 aaqualis
1190 4382 1271 4436 illi
1303 4382 1467 4451 pretii
1501 4392 1606 4437 est.
1640 4382 1767 4437 Sola
1795 4383 1910 4453 ipsa
1946 4398 2051 4453 pro

472 4492 532 4532 se
555 4475 675 4531 dari
707 4485 931 4547 potest;
965 4475 1221 4544 nihilque
1252 4490 1482 4544 prorsus
1504 4473 1657 4528 aliud
1684 4492 1696 4527 :
1725 4473 1890 4528 Falius
1911 4477 2053 4529 enim

471 4569 722 4634 hominis,
756 4566 1035 4638 accipiens
1068 4583 1098 4621 a
1127 4567 1286 4621 Patre
1312 4566 1663 4637 iudiciariam
1695 4574 2051 4637 potestatem,

470 4670 724 4717 venturus
748 4669 845 4725 est,
863 4669 922 4714 ut
953 4660 1141 4715 reddat
1166 4661 1449 4732 unicuique
1457 4662 1622 4731 juxta
1640 4677 1801 4731 opera
1820 4678 1920 4715 sua
1966 4663 2009 4694 ³¹
2044 4683 2055 4716 :

472 4754 695 4825 quando
724 4754 876 4809 nulla
914 4769 1036 4820 nos,
1066 4768 1261 4808 eorum
1289 4769 1413 4823 qua:
1439 4768 1541 4808 nos
1561 4752 1928 4810 circumstant
1958 4755 2055 4826 ju-

470 4862 604 4902 vare
630 4856 893 4917 poterunt
922 4862 938 4899 :
973 4845 1071 4901 sed
1105 4844 1239 4900 nudi
1270 4861 1484 4908 omnes,
1534 4862 1598 4901 ac
1636 4846 1837 4919 alienis
1883 4848 2055 4903 desti-

474 4939 577 4995 tuti
609 4940 811 5008 (porro
840 4939 1020 4993 aliena
1058 4948 1189 4994 sunt
1209 4953 1331 5009 qua:
1361 4939 1509 4994 circa
1540 4954 1645 4994 nos
1668 4948 1798 4994 sunt
1831 4941 2055 5012 omnia)

472 5030 780 5085 astabimus
814 5039 941 5083 ante
992 5028 1183 5101 iudicii
1220 5030 1464 5086 tribunal
1503 5030 1546 5060 ³³
1576 5046 1591 5096 ;
1633 5046 1697 5085 ac
1732 5030 2053 5101 aperientur

473 5121 602 5179 libri
631 5121 835 5192 quibus
855 5136 1243 5192 coarguamur,
1266 5138 1331 5177 ac
1354 5121 1560 5192 quibus
1580 5140 1678 5193 per
1692 5138 1756 5177 ea
1780 5138 1902 5193 qure
1924 5132 2056 5178 sunt

474 5214 827 5270 conscientize
860 5214 1129 5285 impressa
1154 5214 1201 5245 ³³
1226 5255 1241 5279 ,
1264 5214 1445 5284 palam
1472 5213 1588 5279 tiat,
1621 5231 1784 5285 quem
1813 5216 2051 5287 quiSque

473 5306 662 5377 potius
698 5306 854 5376 sequi
881 5305 1159 5369 maluerit,
1208 5321 1454 5373 carnem,
1477 5322 1547 5361 an
1569 5308 1831 5377 spiritum
1854 5324 1866 5361 :
1892 5306 2053 5364 Chri-

475 5410 621 5455 stum
640 5414 734 5463 ,an
758 5397 1023 5453 mundum
1049 5417 1061 5451 :
1086 5413 1251 5468 quam
1280 5397 1476 5453 anima:
1497 5398 1867 5469 perditionem
1901 5400 2056 5456 dele-

477 5492 663 5563 gerit,
696 5507 817 5547 eam
867 5507 988 5562 qum
1034 5506 1064 5545 a
1088 5492 1210 5546 .Deo
1234 5531 1248 5557 ,
1275 5507 1342 5545 an
1376 5505 1549 5561 quaea
1571 5492 1780 5548 mundo
1813 5493 2053 5549 exsistit.

475 5570 747 5655 Tumque,
779 5584 911 5639 dum
961 5583 1227 5640 terribilis
1268 5584 1361 5638 illa
1412 5585 1877 5656 exactissimaque
1930 5602 2060 5656 per-

477 5677 707 5750 quisitio
766 5677 879 5743 ﬁet,
935 5676 981 5733 is
1032 5678 1125 5749 qui
1183 5683 1498 5747 potestatem
1549 5680 1747 5747 accepit
1792 5677 2059 5749 judicium

550 5833 593 5865 ”
624 5829 782 5891 Rom.
812 5851 881 5896 ιι,
910 5835 963 5889 ἓ.
1044 5835 1085 5865 ³ο
1118 5835 1309 5890 Matth.
1347 5851 1456 5903 xw,
1489 5835 1575 5890 26.
1660 5838 1699 5869 ²¹
1739 5837 1873 5893 ibid.
1909 5839 1997 5893 Ξῖ.

2160 3274 2364 3346 σαρκὸς
2398 3274 2692 3346 πορεύεται
2716 3312 2733 3336 ,
2785 3274 2879 3328 καὶ
2915 3274 2973 3326 ἐν
3005 3272 3258 3344 ἀπωλείᾳ
3284 3272 3402 3327 ἐστὶ
3433 3271 3543 3342 τῆς
3567 3270 3743 3325 ὀπίσω

2156 3367 2367 3437 Κυρίου
2397 3366 2735 3437 πορεύσεως.
2773 3365 2833 3419 '0
2858 3367 2914 3420 δὲ
2945 3367 3043 3436 τὴν
3072 3367 3249 3438 σάρκα
3279 3365 3548 3437 μισήσας,
3578 3363 3742 3433 ζωὴν,

2157 3457 2324 3528 ῆτουν
2354 3456 2634 3511 ἀπώλειαν
2655 3498 2671 3523 ,
2726 3458 2823 3511 καὶ⁹
2872 3457 3102 3528 δυνάμει
3135 3457 3309 3526 λέγων
3328 3472 3343 3486 ·
3404 3454 3624 3509 Ὀπίσω
3651 3452 3743 3507 τοῦ

2157 3545 2292 3599 Θεοῦ
2330 3563 2433 3617 μου
2469 3546 2813 3617 πορεύσομαι
2840 3562 2854 3575 ⁸
2912 3546 3149 3618 ῆμειψεν
3180 3546 3283 3618 τὴν
3310 3543 3598 3600 ἀπώλειαν
3628 3546 3745 3598 ἀντὶ

2155 3639 2254 3706 τῆς
2280 3637 2522 3709 ψεκτῆς,
2579 3639 2869 3707 ἐπαινετὸν
2895 3639 3263 3709 κτησάμενος.
3301 3638 3378 3691 To
3400 3637 3517 3709 γὰρ
3548 3637 3746 3691 ἀπολέ-

2160 3731 2282 3785 σθαι
2308 3731 2522 3802 κόσμῳ,
2558 3731 2678 3803 Θεῷ
2703 3732 2853 3785 ἐστιν
2878 3732 3204 3802 εὑρεθῆναι·
3238 3732 3331 3786 καὶ¹
3360 3730 3420 3785 τὸ
3443 3731 3743 3803 εὑρεθῆναι

2158 3823 2368 3894 κόσμῳ,
2402 3822 2706 3877 ἀπολέσθαι
2732 3823 2854 3896 Θεῷ
2881 3826 3016 3879 ἐστι.
3057 3825 3165 3877 Καὶ
3190 3818 3303 3877 οἷόν
3326 3824 3476 3876 ἐστιν
3503 3821 3747 3894 ἀφροσύ-

2157 3934 2255 3988 νης
2288 3916 2453 3988 βουλὴ
2480 3957 2495 3981 ,
2552 3916 2614 3970 τὸ
2646 3917 2832 3987 εὑρεῖν
2863 3916 2982 3970 ὃλον
3014 3916 3103 3970 τὸν
3131 3917 3368 3987 κόσμον,
3409 3917 3441 3987 ἢ
3480 3908 3742 3987 κερδᾶναί

2155 4026 2309 4071 τινα,
2362 4009 2458 4063 καὶ
2506 4008 2651 4079 ἔχειν
2699 4009 2864 4062 αὑτὸν
2908 4008 3040 4061 ἴδιον
3086 4009 3294 4078 κτῆμα,
3348 4009 3449 4079 τὴν
3478 4008 3540 4061 δὲ
3572 4007 3744 4079 ψυχὴν

2158 4098 2325 4155 αὑτοῦ
2361 4099 2712 4172 ζημιωθῆναι
2742 4102 2837 4154 καὶ
2868 4101 3131 4155 ἀπολέσαι
3148 4118 3166 4168 ;
3199 4102 3263 4155 Τί
3285 4101 3393 4172 γάρ
3423 4102 3547 4154 ἐστι
3569 4101 3745 4170 ψυχῆς

2159 4194 2556 4264 ἀντάλλαγμα;
2611 4194 2643 4265 ἢ
2692 4194 2747 4247 τί
2789 4193 2953 4248 δώσει
3001 4212 3088 4258 τις
3132 4195 3274 4265 ὑπὲρ
3303 4195 3474 4263 αὐτῆς
3509 4193 3740 4265 λύτροις

2159 4287 2313 4341 οὐδέν
2358 4287 2507 4340 ἐστιν
2554 4287 2728 4357 αὐτῆς
2777 4286 2886 4339 τῶν
2921 4286 3123 4340 ὑλικῶν
3159 4286 3427 4357 ίσότιμον.
3466 4287 3626 4357 Μὸνῃ
3658 4283 3743 4337 δύ,

2160 4397 2319 4435 ναται
2347 4381 2513 4452 ἑαυτῇ
2547 4379 2919 4449 ἀντιδοοῆναι,
2951 4380 3046 4433 καὶ
3072 4378 3226 4433 οὐδὲν
3255 4378 3510 4448 οὐδαμῶς
3528 4378 3620 4430 ’ἐτε
3630 4391 3743 4448 ρον.

2161 4472 2385 4527 Μέλλει
2416 4473 2528 4541 γὰρ
2553 4474 2586 4525 ὀ
2607 4471 2759 4538 Υἱὸς,
2786 4471 3082 4541 λαμϐάνων
3107 4472 3207 4542 τὴν
3233 4471 3486 4538 ἐξουσίαν
3510 4472 3616 4541 τῆς
3634 4469 3747 4539 κρί·

2165 4583 2303 4629 σεως
2356 4564 2508 4635 παρὰ
2558 4565 2654 4619 τοῦ
2698 4566 2942 4637 Πατρὸς,
2991 4565 3292 4636 ἔρχεσθαι,
3326 4565 3569 4631 ἑκάστῳ
3599 4564 3746 4617 κατὰ

2162 4657 2235 4711 τὰ
2276 4658 2422 4728 ἔργα
2463 4658 2652 4713 αὐτοῦ
2697 4656 3070 4712 ἀποδοῦναι’
3127 4658 3217 4711 ὅτε
3274 4656 3442 4727 μηδὲν
3476 4656 3592 4709 τῶν
3624 4655 3747 4726 περὶ

2162 4751 2310 4822 ἡμᾶς
2355 4749 2640 4821 ὠφελῆσαι
2684 4752 2834 4821 ἡμᾶς
2883 4749 3140 4805 δύναταιο
3197 4748 3395 4819 γυμνοὶ⁸
3440 4748 3498 4801 δὲ
3548 4748 3748 4808 πάντες

2162 4841 2258 4895 καὶ
2290 4840 2487 4914 ἔρημοι
2513 4840 2622 4897 τῶν
2645 4841 2944 4913 ἀλλοτρίων
2972 4841 3250 4912 (ἀλλότρια
3272 4841 3330 4894 δὲ
3351 4839 3421 4893 τὰ
3443 4843 3579 4911 περὶ
3604 4840 3747 4911 ἡμᾶς

2165 4934 2370 5005 πάντα)
2419 4935 2814 5007 παριστάμεθα
2846 4933 2926 5004 τῷ
2972 4934 3069 5005 τῆς
3101 4933 3340 5005 κρίσεως
3370 4930 3615 5003 βήματι·
3655 4930 3745 4983 καὶ

2168 5026 2343 5099 βίϐλοι
2395 5028 2706 5097 ἀνοίγονται
2763 5027 2905 5098 πρὸς
2951 5026 3175 5096 ἔλεγχον
3220 5024 3411 5096 ἡμῶν,
3462 5022 3743 5096 δηλοῦσαι,

2164 5124 2254 5177 διὰ
2300 5123 2409 5178 τῶν
2446 5125 2514 5194 τῇ
2555 5121 2858 5193 συνειδήσει
2898 5118 3346 5191 τετυπωμένων,
3401 5118 3507 5173 τίνι
3547 5117 3746 5188 μᾶλλον

2165 5218 2397 5281 ἕκαστος
2446 5215 2818 5287 ἠκολούθησε,
2875 5213 3043 5285 σαρκὶ
3089 5212 3123 5286 ἢ
3175 5211 3475 5283 πνεύματι,
3523 5206 3747 5282 Χριστῷ

2165 5310 2199 5381 ἢ
2229 5310 2448 5380 κόσμον
2503 5308 2662 5363 ποίαν
2693 5308 2941 5379 ᾐρήσατο
2966 5306 3145 5377 ψυχῆς
3171 5302 3473 5369 ἀπώλειαν,
3504 5302 3609 5372 τὴν
3640 5300 3743 5353 ἀπὸ

2166 5402 2302 5456 Θεοῦ
2358 5402 2392 5473 ἢ
2443 5402 2545 5475 τὴν
2578 5401 2686 5454 ἀπὸ
2714 5400 2943 5469 κόσμου.
3001 5400 3114 5452 Καὶ
3141 5396 3349 5468 ταύτης
3379 5394 3475 5466 τῆς
3504 5393 3744 5464 φοῧερᾶς

2166 5494 2261 5549 καὶ
2313 5493 2720 5565 ἀκριϐεστάτης
2767 5491 3062 5563 γινομένης
3090 5489 3401 5561 ζητήσεως,
3448 5491 3475 5542 ὁ
3506 5488 3623 5555 τὴν
3648 5484 3742 5549 ἐξ·

2165 5588 2393 5642 ουσίαν
2414 5585 2621 5641 λαϐὼν
2646 5585 2762 5654 τὴν
2785 5586 2989 5654 κρίσιν
3011 5582 3228 5648 ποιεῖν,
3251 5582 3340 5637 ὅτι
3370 5581 3499 5645 Υἱὸς
3518 5575 3741 5646 ἀνθρὼ-

2166 5697 2286 5733 που
2336 5678 2545 5745 ἐστὶν,
2606 5678 2938 5736 ἀποδίδωσιν
2982 5678 3210 5751 ἑκάστῳ
3260 5677 3417 5743 ἀξίαν
3459 5671 3739 5743 διανομήν.

2080 5840 2119 5872 πε
2162 5838 2204 5895 n
2234 5838 2359 5895 Cor.
2390 5856 2438 5904 ν,
2468 5837 2550 5893 ιο.
2632 5837 2673 5870 ³³
2705 5839 2837 5897 Dan.
2869 5854 2960 5902 m,
3002 5838 3084 5894 ιο.
3186 5848 3191 5855 '
