4052 6514
253 342 391 409 1365

926 345 1190 407 SERMO
1224 347 1274 408 Ι.
1311 372 1378 382 -·-
1412 347 1495 407 IN
1549 349 1839 408 TRANSF

1943 349 2393 410 URATIONEM
2435 355 2502 413 D.
2543 356 2615 414 N.
2669 356 2727 415 Ι.
2769 357 2830 416 C.

3378 359 3515 424 1366

254 456 528 526 Ἔρχεται
558 457 667 528 γὰρ
697 455 768 510 ἐν
793 455 868 527 τῇ
895 459 1046 528 δόξῃ
1077 459 1183 514 τοῦ
1213 459 1443 528 Πατρός
1471 459 1659 515 αὐτοῦ
1686 459 1836 530 μετὰ

1943 461 2139 529 facere,
2163 481 2220 517 eo
2251 464 2390 534 quod
2421 463 2588 520 Filius
2609 465 2836 520 hominis
2865 466 2930 520 sit
2964 464 3030 529 “,
3062 464 3282 536 dignam
3313 469 3516 539 cuique

251 546 372 602 τῶν
421 547 608 614 ἁγίων
652 546 924 618 ἀγγέλων
951 588 967 614 ,
1049 549 1160 602 τῶν
1215 548 1609 620 λειτουργικῶν
1663 549 1829 602 αὑτοῦ

139 662 142 665 ·
251 639 614 711 πνευμάτων·
646 641 836 695 οὐκέτι
867 641 942 714 μὴ
968 641 1107 712 ἔχων
1135 637 1348 713 εἷδος,ἢ
1376 641 1593 708 κάλλος,
1631 642 1708 706 ὡς
1735 641 1831 695 νῦν

150 737 160 744 “
253 733 506 802 ἐπεφάνη
558 731 638 804 τῷ
677 733 907 805 κόσμῳ,
969 733 1086 788 ἀλλ’
1147 733 1364 802 ὡραῖος
1409 733 1625 787 κάλλει
1672 733 1832 802 παρὰ

138 821 163 905 ις
251 823 396 892 τοὺς
426 826 595 892 υἱοὺς
627 827 747 880 τῶν
777 824 1108 895 ἀνθρώπων
1129 869 1145 892 ,
1203 825 1263 879 τὸ
1301 826 1432 880 ίδιον
1469 824 1630 897 σῶμα
1663 843 1833 897 μετα-

138 926 161 981 it.~
257 917 494 988 ποιήσας
540 919 620 981 είς
664 917 1019 989 ἀφθαρσίανο
1075 919 1171 972 καὶ
1219 919 1281 972 τὸ
1315 921 1454 989 μετὰ
1482 919 1834 982 ἀναστάσεως

139 1003 165 1073 ’ἶ
254 1010 745 1082 μεταστοιχειωθέν
767 1011 860 1066 ἐπὶ
884 1011 946 1064 τὸ
970 1011 1342 1083 πνευματικὸν
1376 1011 1473 1065 καὶ⁵
1509 1011 1835 1082 ἐπουράνιον

136 1109 147 1124 ⁵
252 1104 610 1169 ὑποδεικνὺςο
641 1105 670 1160 ὃ
698 1106 797 1160 καὶ
821 1108 985 1178 ἡμεῖς
1015 1106 1314 1178 ἀρραϐῶνα
1339 1107 1444 1177 τῆς
1470 1105 1626 1178 ἡμῶν
1654 1104 1835 1160 αὑτῶν

256 1197 800 1269 μεταστοιχειώσεως
831 1200 925 1252 καὶ
955 1199 1492 1270 μετασχηματισμοῦ
1518 1197 1628 1252 τῶν
1651 1198 1837 1269 σωμά-

251 1306 363 1342 των
393 1288 611 1360 ἔχομεν.
667 1290 778 1344 Καὶ
815 1289 903 1343 ἴνα
937 1291 997 1344 τὸ
1025 1289 1234 1361 ἀφανὲς
1257 1291 1359 1360 τῆς
1387 1291 1603 1353 ἐλπίδος
1630 1290 1837 1357 ταύτης

254 1379 474 1451 ἔχωμεν
505 1381 564 1434 ἐν
594 1381 832 1454 βεϐαίῳ,
881 1382 1133 1453 βούλεται
1165 1384 1260 1438 καὶ⁵
1289 1383 1388 1437 νῦν
1413 1383 1692 1450 ὑποδεῖξαι
1722 1386 1837 1446 τοῖς

253 1473 535 1546 ἐγκρίτοις
563 1475 670 1530 τῶν
703 1475 988 1548 μαθητῶν,
1008 1477 1108 1549 τὴν
1137 1476 1259 1530 τότε
1285 1476 1582 1548 γινομένην
1609 1476 1838 1530 ἀλλοίω-

253 1581 364 1619 σιν.
403 1565 503 1618 Ἕν
545 1565 747 1635 ἀτόμῳ
773 1605 788 1630 ,
815 1565 981 1636 φησιν
1011 1567 1040 1619 ό
1063 1565 1298 1630 Παῦλος,
1333 1565 1430 1620 καὶ
1458 1566 1530 1620 ἐν
1546 1565 1703 1635 ῥιπῇ
1733 1567 1840 1634 ὀρ·

254 1656 511 1726 θανῑμοῦ.
546 1657 638 1710 Διό
668 1673 856 1728 φησιν·
903 1657 1094 1728 Ἀμὴν
1120 1658 1279 1728 λέγω
1302 1657 1476 1728 ὑμῖν
1512 1657 1652 1713 Εἰσί
1677 1674 1839 1724 τινες

1939 552 2392 610 distributionem
2417 556 2632 612 reddet.
2660 557 2756 617 Est
2795 560 2933 612 enim
2971 567 3226 612 uenturus
3262 561 3317 612 in
3342 560 3517 630 gloria

1936 645 2118 700 Patris
2138 648 2222 701 sui
2239 665 2357 702 cum
2377 652 2576 704 sanctis
2603 649 2880 720 angelis’“
2899 649 3386 706 administratoriis
3411 651 3520 707 illis

1935 737 2228 806 spiritibus
2270 740 2342 812 \"
2398 759 2410 795 :
2474 757 2585 797 non
2621 743 2734 814 jam
2825 743 3037 798 habens
3112 743 3353 813 speciem
3424 753 3518 797 aut

1937 827 2196 884 decorem
2236 831 2281 863 ³⁸
2316 831 2397 886 uti
2433 833 2600 887 modo
2645 850 2709 888 ac
2739 834 2916 904 priori
2973 833 3218 890 adventu
3262 835 3521 906 apparuit

1938 919 2148 975 mundo
2179 940 2191 974 :
2241 923 2336 977 sed
2389 924 2655 993 formosus
2701 924 3095 996 pulchritudine
3126 942 3237 998 pra:
3269 927 3398 996 ﬁliis
3429 929 3521 982 ho-

1940 1011 2146 1065 minum
2176 1013 2218 1046 ³⁷
2248 1030 2262 1080 ;
2319 1029 2480 1068 suum
2541 1016 2660 1086 ipse
2693 1032 2900 1088 corpus
2933 1019 2989 1072 in
3044 1019 3519 1090 incorruptionem

1939 1111 2354 1174 transmutans;
2389 1124 2454 1164 ac
2481 1125 2607 1164 cum
2633 1113 3048 1168 resurrectione
3094 1121 3535 1170 transmutatum-

1940 1195 2077 1252 illud
2112 1198 2171 1254 in
2201 1201 2452 1271 spiritale
2491 1217 2557 1258 ac
2613 1203 2842 1259 cteleste
2876 1206 3178 1263 ostendens
3218 1225 3232 1262 :
3287 1208 3434 1278 quod
3463 1216 3522 1263 et

1941 1290 2046 1361 ipsi
2079 1293 2282 1348 futurae
2315 1303 2520 1350 nostra:
2551 1298 3034 1354 transmutatiouis
3061 1314 3125 1354 ac
3169 1300 3524 1372 transﬁgura-

1941 1384 2109 1441 tionis
2127 1400 2423 1457 corporum
2443 1387 2715 1445 habemus
2737 1390 2959 1462 pignus.
2977 1391 3156 1462 Atque
3184 1401 3246 1447 ut
3267 1395 3388 1465 ejus
3407 1395 3521 1465 spei

1941 1476 2233 1532 obscuram
2264 1480 2688 1548 promissionem
2715 1489 2934 1536 certam
2984 1482 3325 1547 habeamus.
3375 1501 3524 1539 nunc

1941 1585 2160 1640 quoque
2185 1571 2482 1642 praecipuis
2511 1573 2656 1629 inter
2687 1573 2992 1644 discipulos
3015 1574 3262 1630 futuram
3296 1575 3349 1629 id
3383 1583 3523 1631 tem-

1942 1664 2095 1732 poris
2133 1664 2497 1722 mutationem
2541 1667 2844 1724 ostendere
2899 1669 2955 1724 in
3004 1669 3250 1723 animum
3289 1669 3520 1725 inducit.

251 1746 376 1802 τῶν
420 1741 538 1802 ὦδε
582 1747 859 1803 ἑστώτων
894 1788 910 1814 ,
963 1749 1185 1816 οἵτινες
1235 1751 1308 1804 οὺ
1373 1747 1462 1819 μὴ
1505 1751 1838 1820 γεύσωνται

1944 1757 2008 1812 In
2033 1766 2318 1824 momento,
2349 1758 2531 1829 inquit
2550 1760 2773 1826 Paulus,
2802 1760 2855 1815 in
2889 1761 2997 1815 ictu
3032 1761 3171 1815 oculi
3209 1761 3274 1816 ³⁸.
3310 1761 3524 1817 Idcirco

251 1842 518 1897 θανᾶτου
539 1883 555 1907 ,
604 1841 715 1908 ἕως
754 1841 832 1898 ἂν
867 1841 1042 1898 Ζδωσι
1071 1842 1182 1897 τὸν
1215 1843 1352 1898 Υιὸν
1375 1816 1488 1898 τοῦ
1513 1816 1832 1912 ανθρώπου

1946 1848 2024 1901 ait
2055 1864 2068 1902 :
2101 1847 2268 1903 Amen
2297 1849 2413 1903 dico
2427 1816 2598 1914 lvobis,
2631 1859 2754 1904 sunt
2777 1851 2996 1921 quidam
3027 1850 3089 1903 dc
3121 1852 3200 1904 hic
3238 1851 3521 1914 stantibus,

250 1935 587 2005 ἐρχόμενον
631 1935 701 1989 ἐν
747 1933 825 2004 τῇ
861 1936 1154 2004 βασιλείᾳ
1189 1935 1400 1992 αὑτοῦ.
1437 1935 1562 2000 Πῶς
1588 1936 1646 1990 δέ
1677 1937 1836 1992 τοῦτο

252 2027 553 2097 γεγένηται
609 2028 872 2100 εἰσόμεθα
905 2031 970 2082 ἐκ
995 2029 1105 2082 τῶν
1135 2027 1284 2100 ἑξῆς.

324 2215 438 2270 Kal
485 2216 724 2286 ἐγένετο
768 2219 901 2287 μεθ’
939 2217 1166 2289 ἡμέρας
1215 2218 1285 2283 ἐξ
1310 2257 1325 2282 ,
1383 2219 1834 2288 παραλαμϐάνει

247 2311 290 2363 ὀ
318 2309 559 2377 Ἰησοῦς
589 2310 697 2364 τὸν
725 2312 971 2379 Πέτρον,
1004 2312 1104 2367 καὶ
1136 2311 1244 2366 τὸν
1280 2312 1572 2377 Ἰάκωϐον,
1606 2311 1838 2367 καὶτὸν

261 2401 558 2469 Ἰωάννην
582 2403 689 2456 τὸν
711 2403 985 2474 ἀδελφόν
1008 2403 1222 2460 αὐτοῦ·
1257 2406 1354 2460 καὶ
1381 2404 1589 2476 ἀνάγει
1612 2404 1838 2472 αὐτοὺς

245 2496 345 2559 εις
383 2493 522 2562 ὅρος
557 2495 808 2564 ὑψηλὸν
838 2496 1154 2564 κατιδίαν,
1208 2497 1310 2552 καί
1353 2497 1838 2568 μεταμορφωθεὶς

247 2585 289 2640 ὃ
328 2585 557 2654 Ἰησοῦς
603 2588 948 2656 ἔμπροσθεν
987 2589 1206 2644 αὐτῶν.
1245 2590 1524 2659 Ἔλαμψε
1552 2589 1619 2643 τὸ
1645 2590 1837 2658 πρόσ-

245 2692 422 2733 ωπον
454 2679 642 2734 αὐτοῦ
676 2680 758 2746 ὡς
790 2680 984 2748 ἥλιος.
1049 2681 1124 2736 Τὰ
1157 2679 1226 2734 δὲ
1257 2679 1456 2750 ἱμάτια
1485 2680 1674 2735 αὑτοῦ
1709 2679 1838 2750 ἐτέ-

159 2791 163 2795 ’
244 2787 438 2825 νοντο
462 2771 655 2825 λευκὰ
684 2773 762 2836 ὡς
791 2771 956 2842 χιών.
993 2773 1106 2827 Kal
1137 2772 1268 2826 ίδοὺ
1303 2773 1602 2842 ῶφθήσαν
1627 2772 1836 2838 αὐτοῖς

244 2865 524 2935 Μωῦσῆς
569 2865 670 2920 καὶ
715 2866 925 2932 Ἠλίας
971 2866 1443 2934 συλλαλοῦντες
1473 2865 1658 2932 αὐτῷ.
1699 2864 1837 2919 Tob-

244 2973 367 3010 των
399 2958 461 3010 οὑ
487 2956 660 3026 ψιλῶς
685 2957 982 3012 ἀκουστέον
1004 2975 1018 2990 ·
1074 2959 1197 3012 οὑδὲ
1235 2963 1401 3032 μέχρι
1430 2959 1540 3012 τῶν
1572 2957 1837 3030 ῥημάτων

246 3049 544 3120 νομιστέον
590 3047 734 3105 εἶναι
765 3051 865 3123 τὴν
895 3053 1162 3124 ἱστορίαν,
1200 3053 1352 3123 αὑτῷ
1388 3051 1536 3124 μόνῳ
1589 3053 1614 3092 8
1643 3051 1837 3122 δηλοῦ-

248 3160 362 3197 σαν
415 3142 478 3196 τὸ
524 3143 858 3214 δηλούμενον
913 3145 1002 3199 διὰ
1049 3146 1159 3199 τῶν
1207 3144 1448 3212 λέξεωνο
1521 3145 1661 3199 ἀλλά
1715 3163 1837 3199 τινα
1867 3179 1911 3240 c

251 3235 657 3305 μυσταγωγίαν
686 3236 1059 3309 διῃρημένην,
1095 3237 1190 3290 καὶ
1221 3236 1330 3290 τῶν
1364 3235 1671 3307 μελλόντων
1701 3237 1836 3308 ἡμῖν

248 3326 503 3397 ὑπάρξαι
535 3329 673 3398 μετὰ
698 3327 848 3381 τόνδε
875 3327 990 3398 βίον
1015 3327 1125 3381 τῶν
1148 3327 1370 3398 ἀγαθῶν
1391 3326 1490 3399 τὴν
1511 3327 1832 3381 ἀπόλαυσιν·

251 3421 466 3492 μᾶλλον
510 3422 568 3476 δὲ
609 3425 722 3486 τοῖς
769 3423 984 3490 ἁγίοις,
1036 3422 1129 3476 καὶ
1175 3421 1274 3492 οὐχ
1311 3423 1464 3491 ἡμῖν.
1495 3420 1660 3474 Ὅθεν
1698 3423 1838 3491 μετὰ

249 3513 320 3578 ἐξ
350 3513 566 3585 ἡμέρας
599 3515 696 3586 τῆς
729 3515 1083 3585 ὑποσχέσεως
1115 3513 1216 3586 τὴν
1245 3513 1582 3583 ἐπαγγελίαν
1613 3514 1836 3586 πληροῖ,

247 3604 364 3676 τὴν
389 3605 526 3676 πρὸς
553 3607 680 3669 τοὺς
711 3601 960 3677 μαθητὰς
989 3605 1311 3678 εἰρημένην.
1366 3606 1430 3660 Ἡ
1459 3607 1504 3661 δ’
1534 3607 1839 3676 ὑπόσχεσις

247 3693 363 3769 ἦν,
395 3700 479 3752 ὅτι
515 3697 682 3766 Τινές
710 3701 832 3752 εισι
860 3697 982 3752 τῶν
1011 3692 1128 3754 ὧδε
1157 3699 1468 3765 ἑστώτων,
1505 3700 1728 3766 οἵτινες
1762 3702 1836 3754 οὺ

243 3789 343 3862 μὴ
383 3791 718 3858 γεύσωνται
768 3790 1064 3859 θανάτου,
1124 3793 1236 3860 ἕως
1270 3792 1347 3847 ἂν
1382 3794 1554 3847 ἴδωσι
1587 3793 1702 3861 τὴν
1723 3794 1838 3858 βα-

247 3881 502 3936 σιλείαν
551 3882 658 3937 τοῦ
704 3883 890 3950 Θεοῦ,
947 3885 1012 3955 ἢν
1060 3886 1142 3937 δεῖ
1192 3886 1331 3956 μετὰ
1378 3885 1479 3956 τὴν
1523 3887 1838 3940 συντέλειαν

245 3975 356 4028 τοῦ
423 3976 730 4048 παχυτέρου
789 3978 995 4046 κόσμου
1056 3977 1466 4049 φανερωθῆναι.
1544 3979 1635 4032 Διὸ
1701 3981 1839 4050 μετὰ

248 4065 321 4132 ἓξ
353 4066 566 4136 ἡμέρας
591 4106 606 4130 ,
667 4068 975 4138 παρέλαϐεν
1024 4069 1272 4133 ἐκείνους
1293 4111 1308 4135 ,
1364 4069 1458 4133 οὒς
1489 4070 1598 4125 ἔδει
1631 4073 1837 4140 γνῶναι

245 4156 328 4210 τὰ
361 4156 610 4226 θειότερα
658 4156 760 4226 τῆς
795 4157 1070 4228 βᾱσιλείας
1107 4160 1391 4231 μυστήρια
1435 4161 1566 4230 πρὶν
1602 4159 1838 4216 θανάτου

245 4247 582 4318 γεύσασθαι.
616 4251 770 4304 Μετὰ
793 4251 850 4304 δὲ
879 4251 976 4316 τὰς
999 4252 1078 4317 ἓξ,
1106 4253 1140 4324 ἡ
1168 4253 1372 4325 ἑϐδόμη
1401 4255 1571 4323 ἐστὶν,
1605 4258 1637 4329 ἡ
1667 4258 1838 4311 κατά-

247 4357 461 4404 παυσις
494 4343 528 4412 ἡ
558 4342 714 4410 ἁγία,
750 4343 808 4394 ἐν
899 4343 1000 4397 οὑκ
1027 4343 1176 4398 ἐστιν
1204 4345 1566 4416 ἐργάσασθαι.
1609 4349 1833 4422 Ἐπειδὴ

243 4433 319 4487 ἐν
369 4433 429 4500 ἓξ
469 4433 708 4506 ἡμέραις
759 4437 1018 4506 ἐποίησεν
1075 4439 1102 4492 ό
1147 4437 1280 4502 Θεὸς
1337 4438 1430 4493 τὸν
1470 4441 1700 4512 οὑρανδν
1738 4442 1836 4497 καὶ

1944 1941 2034 2008 qui
2065 1956 2169 1994 non
2224 1940 2512 2011 gustabunt
2555 1949 2799 2008 mortem,
2851 1943 3016 1996 donec
3066 1943 3280 1996 videant
3327 1941 3524 1997 Filium

1943 2031 2169 2086 hominis
2198 2033 2489 2086 venientem
2521 2033 2577 2086 in
2608 2048 2768 2103 regno
2799 2049 2894 2086 suo
2930 2033 2996 2086 ³³.
3053 2031 3158 2100 Qui
3200 2041 3384 2090 autem
3419 2031 3533 2088 hoc-

1887 2142 1898 2151 ·
1943 2133 2158 2194 gestum
2191 2125 2283 2190 sit,
2317 2110 2696 2195 intelligemus
2729 2141 2797 2180 ex
2827 2126 3212 2196 sequentibus.

2016 2217 2108 2272 ΙΙΙ.
2146 2217 2218 2272 Et
2244 2219 2443 2288 factum
2465 2227 2541 2273 est
2560 2227 2677 2290 post
2701 2219 2811 2273 dies
2835 2235 2927 2274 sea:
2953 2236 2972 2274 :
2995 2222 3218 2274 assumit
3243 2219 3396 2276 Iesus
3426 2221 3528 2276 Pe-

1945 2317 2108 2374 trum,
2159 2316 2207 2361 et
2258 2306 2516 2362 Iacobum
2549 2347 2565 2374 ,
2614 2317 2661 2362 et
2681 2307 2955 2362 Joannem
2986 2309 3209 2380 fratrem
3260 2311 3373 2381 ejus
3409 2351 3425 2376 ,
3474 2322 3528 2366 et

1944 2401 2089 2454 ducit
2115 2399 2236 2454 illos
2266 2401 2319 2454 in
2345 2408 2575 2455 montem
2607 2399 2871 2455 excelsum
2901 2417 3162 2465 seorsum,
3205 2411 3253 2456 et
3301 2401 3522 2472 transfi-

1943 2503 2166 2566 guratus
2189 2503 2266 2548 est
2304 2501 2430 2548 ante
2461 2509 2567 2548 eos.
2593 2493 2665 2548 Et
2701 2493 3028 2564 resplenduit
3057 2492 3216 2565 facies
3238 2496 3352 2566 ejus
3391 2497 3524 2550 sicut

1943 2587 2069 2643 sol:
2109 2587 2419 2641 vestimenta
2442 2587 2558 2657 ejus
2596 2586 2738 2656 facta
2771 2594 2895 2640 sunt
2941 2585 3066 2640 alba
3112 2588 3247 2640 sicut
3289 2586 3402 2642 nix.
3454 2587 3525 2642 Et

1944 2697 2058 2736 ecce
2081 2687 2450 2752 apparuerunt
2478 2680 2552 2733 eis
2579 2677 2783 2751 Moyses
2827 2687 2877 2732 et
2907 2677 3059 2733 Elias
3098 2679 3366 2750 loquentes
3407 2699 3523 2735 cum

1945 2791 2004 2828 eo
2034 2774 2102 2826 ⁸ο.
2154 2772 2279 2828 Non
2327 2779 2459 2826 sunt
2497 2771 2616 2826 haec
2665 2787 2788 2842 quae
2818 2771 2996 2826 levius
3025 2772 3210 2826 audiri
3241 2773 3524 2841 debeant,

1947 2878 2050 2917 nec
2076 2861 2386 2933 putandum
2415 2861 2557 2916 nihil
2578 2862 2724 2916 ultra
2759 2877 2926 2932 quam
2943 2861 3093 2931 quod
3124 2862 3294 2917 verba
3321 2862 3524 2934 praefe-

1946 2964 2079 3012 runt
2098 2955 2305 3011 habere
2319 2955 2608 3011 historiam
2619 2996 2633 3020 ,
2655 2955 2710 3010 id
2728 2963 2941 3010 tantum
2961 2955 3362 3028 significantem
3376 2957 3524 3028 quod

1943 3065 2044 3120 per
2071 3064 2239 3105 voces
2259 3048 2583 3120 designatur
2602 3065 2616 3101 :
2634 3047 2730 3103 sed
2755 3049 2930 3120 magis
2949 3049 3297 3104 arcaniorem
3329 3064 3526 3120 quam-

1946 3141 2071 3195 dam
2107 3140 2419 3196 doctrinam
2452 3181 2467 3206 ,
2512 3156 2577 3196 ac
2605 3139 2768 3194 nobis
2791 3150 2918 3211 post
2947 3141 3116 3213 hujus
3149 3141 3274 3197 vita:
3303 3157 3525 3196 cursum

1949 3233 2320 3303 repositorum
2344 3233 2621 3288 bonorum
2656 3231 3017 3297 lruitionem,
3050 3231 3189 3302 quin
3225 3232 3338 3287 imo
3364 3247 3528 3302 repo-

1947 3327 2181 3381 sitorum
2221 3326 2452 3390 sanctis,
2511 3340 2620 3379 non
2655 3324 2838 3378 nobis.
2876 3324 3170 3390 Quocirca,
3211 3332 3336 3394 post
3379 3323 3527 3378 diem

1947 3426 2164 3474 sextum
2195 3434 2224 3473 a
2258 3418 2650 3490 promissione,
2684 3417 3109 3488 promissionem
3139 3417 3330 3487 implet
3362 3432 3527 3488 quam

1947 3513 2015 3569 ad
2047 3511 2351 3582 discipulos
2379 3510 2618 3566 dixerat.
2649 3511 2783 3564 Erat
2821 3520 3006 3566 autem
3057 3509 3149 3564 illa
3199 3509 3472 3582 ejusmodi
3511 3527 3526 3565 :

1946 3606 2316 3677 Suntquidam
2339 3605 2403 3658 de
2422 3606 2505 3660 hic
2533 3603 2824 3666 stantibus,
2849 3605 2938 3674 qui
2956 3621 3060 3656 non
3081 3603 3366 3674 gustabunt
3386 3620 3528 3657 mor-

1947 3708 2072 3764 tem,
2117 3699 2282 3753 donec
2303 3700 2516 3752 videant
2537 3713 2760 3768 regnum
2775 3696 2870 3750 Dei
2903 3697 2948 3727 ’δι
2973 3713 2988 3762 ;
3016 3694 3165 3766 quod
3188 3704 3312 3764 post
3352 3694 3526 3750 crassi

1946 3793 2117 3864 hujus
2135 3791 2326 3864 mundi
2350 3790 2888 3847 consummationem
2914 3797 3135 3860 oportet
3161 3787 3525 3844 maniiestari.

1947 3861 2295 3955 Quapropter
2315 3861 2441 3953 post
2471 3881 2591 3937 dies
2619 3897 2715 3936 sex
2736 3896 2833 3936 eos
2859 3880 3182 3950 assumpsit,
3208 3895 3349 3950 quos
3383 3879 3526 3935 divi-

1949 3979 2105 4032 niora
2146 3975 2301 4047 regni
2332 3974 2595 4046 mysteria
2627 3973 2772 4028 scire
2804 3971 3136 4042 oportebat,
3169 3972 3326 4051 prius
3359 3987 3524 4042 quam

1947 4077 2236 4141 gustarem
2258 4073 2514 4123 mortem.
2549 4066 2749 4129 Porro,
2772 4072 2896 4134 post
2925 4071 3138 4118 sextam
3164 4063 3310 4118 diem
3342 4063 3529 4134 sequi-

1951 4172 2041 4218 tur
2071 4162 2328 4233 septima,
2360 4167 2550 4215 sancta
2583 4158 2674 4213 illa
2701 4157 2926 4228 requies
2956 4156 3011 4210 in
3043 4172 3151 4226 qua
3175 4157 3394 4226 operari
3414 4171 3526 4211 non

1949 4256 2126 4310 licet:
2160 4252 2308 4324 quod
2364 4250 2628 4306 nimirum
2677 4250 2825 4305 Deus
2871 4247 3070 4304 diebus
3122 4247 3274 4302 senis
3323 4247 3524 4302 coelum

1947 4356 2008 4403 et
2038 4356 2240 4402 terram
2269 4343 2562 4409 creaverit,
2615 4342 2820 4412 dieque
2852 4341 3086 4412 septima
3131 4339 3474 4420 requieverit
3503 4379 3518 4404 ,

1951 4454 2188 4510 eamque
2213 4435 2662 4494 sanctiﬁcaverit.
2687 4433 3062 4500 Quamobrem
3091 4430 3266 4503 prima
3283 4427 3371 4485 die
3387 4447 3525 4487 con-

245 4525 356 4596 τὴν
386 4525 528 4596 γῆν·
590 4527 685 4580 καὶ
735 4530 801 4598 τῇ
847 4528 1052 4600 ἐϐδόμῃ
1103 4529 1440 4597 κατέπαυσε,
1479 4533 1574 4586 καὶ
1603 4533 1832 4604 ἡγίασεν

1951 4532 2074 4605 tigit
2092 4528 2392 4602 promissio
2419 4546 2432 4582 :
2458 4525 2984 4596 eademqueiterum
3004 4523 3181 4594 prima
3199 4519 3525 4594 promissio-

250 4615 452 4686 αὑτήν.
486 4616 649 4669 Ὥστε
682 4619 748 4688 τῇ
781 4616 970 4690 πρώτῃ
1001 4619 1226 4687 γέγονεν
1251 4618 1581 4688 ὑπόσχεσις·
1617 4621 1650 4691 ἠ
1685 4619 1834 4693 πρώ-

249 4724 324 4777 τη
352 4707 382 4747 Ιι
419 4706 580 4761 πάλιν
613 4711 644 4778 ἡ
679 4709 781 4778 τῆς
809 4709 1160 4781 ὑποσχέσεως
1188 4709 1490 4783 πλήρωσις.
1545 4711 1837 4785 Σὺστοιχος

251 4797 352 4855 οὖν
385 4800 534 4854 ἐστιν
565 4803 590 4855 ὁ
629 4801 689 4867 ἒξ
719 4803 951 4874 ἀριθμὸς
991 4803 1070 4874 τῷ
1099 4805 1396 4877 παχυτέρῳ
1423 4806 1614 4878 κόσμῳ
1639 4807 1835 4880 τούτῳ,

251 4892 318 4956 ὃς
356 4893 773 4964 συντεθειμένος
819 4895 884 4948 ἐκ
914 4893 1022 4948 τῶν
1054 4895 1202 4950 ἰδίων
1227 4897 1454 4967 ἡμερῶν
1487 4900 1839 4971 συμπληροῶ

252 5001 375 5048 ται,
401 4986 670 5052 γενέσεως
696 4985 772 5040 ὢν
797 4985 1090 5057 σύμϐολον,
1115 4988 1256 5059 έχων
1281 4989 1340 5042 δὲ
1366 4990 1426 5043 ἐν
1453 4990 1635 5062 ἑαυτῷ
1661 4992 1720 5046 τὸ
1742 4991 1841 5064 ειρο

258 5077 360 5147 ρεν
391 5076 488 5128 καὶ
515 5076 577 5130 τὸ
599 5076 755 5148 θῆλυ,
789 5071 862 5131 ὧν
891 5081 924 5150 ἡ
953 5079 1246 5152 συμπλοκὴ
1273 5080 1541 5151 ποιεῖτὴν
1568 5082 1631 5135 ἐκ
1656 5083 1840 5154 σωμά-

255 5182 372 5220 των
400 5166 639 5234 γένεσιν.
673 5169 829 5222 Μετὰ
856 5169 914 5222 δὲ
970 5173 1177 5225 τούτων
1209 5173 1420 5240 γένεσιν
1449 5172 1616 5244 [μετὰ
1641 5173 1699 5227 δέ
1723 5174 1847 5228 τοὺ-

256 5255 399 5328 των]
438 5256 661 5330 ἔρχεται
691 5259 818 5331 ἑξῆς
853 5263 884 5332 ἠ
937 5263 1173 5332 ἑϐδόμη,
1210 5265 1282 5318 ἐν
1308 5259 1348 5336 ᾗ
1377 5265 1518 5318 οὔτε
1547 5265 1845 5336 γαμοῦσιν

260 5347 406 5403 οὔτε
449 5350 802 5422 ταμίζουσιν
824 5395 838 5416 ,
895 5354 1032 5407 ἀλλ’
1086 5356 1164 5421 ὡς
1212 5357 1458 5427 ἄγγελοι
1490 5357 1638 5413 Θεοῦ
1671 5358 1740 5413 ἑν
1768 5359 1847 5424 τῷ

1944 4621 2035 4677 nis
2053 4620 2161 4675 fuit
2187 4618 2460 4690 impletio.
2487 4617 2755 4673 Senarius
2787 4631 2920 4687 ergo
2942 4629 3211 4670 numerus
3234 4613 3412 4668 allinis
3442 4623 3527 4668 est

1944 4713 2209 4770 crassiori
2266 4712 2360 4768 isti
2409 4710 2640 4777 mundo,
2667 4709 2762 4780 qui
2799 4709 3167 4779 compositus,
3227 4723 3296 4762 ex
3324 4705 3524 4762 diebus

1945 4806 2188 4880 propriis
2218 4805 2554 4876 completur,
2591 4801 2969 4875 generationis
2996 4800 3270 4856 cxsistens
3304 4799 3528 4872 symbo«

1945 4900 2083 4963 lum,
2111 4914 2176 4954 ac
2208 4898 2264 4952 in
2295 4913 2354 4952 se
2383 4896 2596 4952 habens
2623 4909 2834 4949 marem
2865 4909 2931 4948 ac
2963 4891 3248 4958 feminam,
3285 4907 3520 4962 quorum

1948 4995 2278 5061 congressus
2299 5002 2599 5058 corporum
2627 4984 3043 5055 generationem
3074 4984 3224 5039 facit.
3260 4984 3392 5038 Post
3421 4983 3524 5037 ho-

1949 5099 2072 5139 rum
2114 5090 2298 5138 autem
2325 5082 2742 5153 generationem
2768 5078 2956 5134 veniet
2979 5077 3244 5147 deinceps
3269 5076 3524 5147 septima,

1949 5176 2004 5230 in
2041 5191 2153 5245 qua
2185 5191 2278 5229 nec
2306 5175 2526 5238 nubent,
2588 5190 2680 5228 nec
2703 5172 2918 5228 tradent
2946 5170 3137 5242 nuptui
3168 5209 3183 5234 ,
3225 5167 3321 5223 sed
3366 5175 3523 5222 erunt

1919 5258 2081 5321 sicut
2107 5266 2284 5338 angeli
2313 5266 2406 5321 Dei
2433 5268 2487 5321 in
2521 5265 2649 5320 caelo
2691 5267 2755 5318 ".
2794 5264 2949 5321 Unde
2975 5264 3140 5318 etiam
3175 5259 3529 5330 septenarius

1949 5373 2214 5412 numerus
2245 5357 2403 5430 virgo
2451 5355 2691 5422 dicitur;
2745 5371 2808 5410 ac
2842 5354 2960 5410 dies
3002 5351 3257 5423 septima,
3312 5356 3522 5412 sancta,

343 5503 389 5579 ξξ
426 5505 584 5579 Joan.
606 5523 658 5568 ν,
697 5508 782 5561 l7.
823 5509 889 5539 “‘
917 5509 1107 5565 Matth.
1142 5529 1249 5577 τινι,
1273 5513 1363 5570 27.
1443 5516 1490 5548 ³⁵
1533 5515 1706 5572 Hebr.
1740 5533 1777 5578 ι,
1809 5517 1834 5572 l

1973 5517 2015 5548 ³⁸
2057 5516 2160 5572 lsa.
2212 5530 2322 5579 Llll,
2347 5513 2400 5568 ‘2.
2437 5515 2479 5546 ³⁷
2512 5514 2656 5570 Psal.
2688 5528 2827 5577 κων,
2878 5513 2929 5567 ξ’).
2958 5511 3001 5544 ³⁸
3035 5510 3050 5564 1
3087 5508 3215 5566 Cor.
3283 5523 3375 5574 xv,
3434 5504 3523 5561 52.

265 5574 314 5606 ”
344 5574 533 5631 Matth.
566 5593 673 5640 xvr,
714 5579 803 5633 28.
873 5580 915 5611 ⁸ο
939 5580 1129 5637 Matth.
1183 5574 1309 5646 xvn,
1346 5587 1450 5640 1-5.

1536 5588 1575 5618 ³³³
1609 5587 1797 5642 Matth.
1840 5603 1947 5652 va,
1989 5588 2078 5640 ‘28.
2152 5587 2194 5617 ”
2228 5585 2417 5640 Matth.
2460 5601 2585 5642 χχιι.
2625 5584 2706 5639 ‘20.

1554 5724 1790 5779 VARle
1835 5723 2237 5780 l.-l‘ICTlO.\'l-ZS.

383 5815 406 5854 ⁸
432 5813 596 5881 Αὐτῷ
623 5816 805 5884 μόνῳ.
838 5815 964 5885 ch.
995 5816 1126 5871 αὑτὸ
1156 5818 1333 5887 μόνον.

1435 5821 1459 5860 h
1513 5819 1572 5872 Ἠ
1610 5819 1826 5886 πρώτη.
1854 5819 2034 5883 Forte,
2061 5821 2124 5889 τῇ
2154 5817 2364 5889 πρώτῃ.
