4052 6534
585 351 720 420 13ὃτ

1713 363 1772 422 S.
1815 365 2212 424 ANASTASII
2254 361 2691 428 ANTIOCIIEN
2701 366 2725 424 Ι
3673 362 3779 432 1368

581 479 703 534 qua:
721 463 790 518 ab
817 464 966 518 enini
990 481 1158 534 opere
1179 466 1366 521 servili
1401 477 1627 538 praestet
1653 485 1898 539 cessare,
1932 489 2142 529 omnes-

2259 475 2496 544 οὐρανῷ
2539 478 2683 530 εισι.
2740 474 2834 528 Διὸ
2888 472 2982 526 καὶ
3036 468 3308 544 παρθένος
3357 469 3564 541 λέγεται
3607 475 3633 527 ὁ
3671 476 3781 534 ἑπτὰ

579 568 688 632 que
719 554 774 610 in
808 569 910 610 suo
939 565 1215 627 quemque
1241 558 1364 614 loco
1398 560 1591 616 sedere
1619 561 1807 618 faciat.

647 829 735 884 IV.
769 829 899 884 Post
945 830 1090 900 hanc
1145 831 1329 903 itaque
1389 837 1623 891 assumit
1673 848 1787 895 tres
1837 843 2075 898 eximios
2123 861 2155 900 e

575 920 881 991 discipulis.
915 922 1030 977 Nec
1075 925 1224 979 enim
1255 942 1356 996 par
1385 937 1525 994 erat,
1566 939 1626 983 ut
1657 929 1829 988 Judas
1867 944 2151 1004 spectator

572 1008 885 1064 eiliceretur
916 1019 1196 1067 tantorum
1235 1017 1672 1086 mysteriorum;
1724 1036 1908 1092 neque
1945 1023 2148 1081 iterum

573 1112 634 1155 ut
657 1103 811 1157 solus
842 1103 958 1173 ipse
990 1121 1020 1160 a
1050 1109 1371 1174 spectaculo
1405 1109 1649 1176 abesset,
1685 1122 1745 1166 ut
1769 1129 1838 1169 ne
1869 1115 1922 1169 ei
1953 1124 2145 1186 putata

535 1231 540 1240 ι
571 1194 914 1264 reliquorum
931 1199 1199 1267 praelatio,
1227 1200 1559 1270 proditionis
1573 1203 1890 1261 efﬁceretur
1906 1211 2148 1265 occasio.

568 1286 783 1350 Idcirco
811 1289 961 1345 solos
986 1300 1099 1346 tres
1149 1305 1440 1350 assumens
1467 1296 1660 1362 Iesus,
1713 1299 1934 1354 adducit
1967 1315 2052 1357 eos
2091 1306 2150 1358 in

565 1390 796 1434 montem
811 1381 1073 1438 excelsum
1098 1385 1315 1451 ".Quid
1334 1403 1470 1442 vero
1491 1388 1614 1458 ejus
1646 1390 1925 1446 excelsius
1947 1394 2150 1462 gloria?

563 1470 743 1540 Atque
779 1472 856 1535 id,
909 1476 1151 1530 seorsim.
1197 1477 1469 1533 Unimoda
1496 1479 1646 1534 enim
1682 1493 1769 1538 est
1817 1483 1931 1538 vita
1977 1485 2148 1554 spiri-

568 1562 754 1616 tualis.
777 1563 852 1618 Ac
874 1566 1066 1621 ducens
1093 1581 1179 1622 eos
1208 1570 1278 1623 ab
1303 1569 1540 1626 infernis
1575 1589 1801 1628 sursum
1829 1617 1844 1640 ,
1887 1591 2002 1630 non
2033 1585 2144 1631 tam

563 1653 726 1709 lceali
745 1670 958 1725 gressu,
984 1673 1148 1728 quam
1171 1659 1356 1714 divina
1376 1661 1614 1730 quadam
1635 1665 1872 1731 ratione,
1909 1667 2014 1724 hoc
2035 1675 2141 1733 est,

563 1761 794 1817 capaces
822 1763 920 1803 eos
947 1750 1157 1806 faciens
1177 1753 1571 1810 excellentium
1596 1757 1772 1826 ipsius
1802 1759 2139 1814 illustratio-

2267 571 2523 643 ἀριθμὸς,
2556 569 2748 642 ὥσπερ
2777 572 2810 642 ἠ
2835 569 3061 638 ἑϐδομή,
3087 569 3243 637 ἁγία,
3269 569 3379 622 πᾶν
3401 559 3554 640 Ιργον
3572 571 3782 642 λατρείας

2267 660 2681 726 καταπαύουσα,
2707 660 2804 715 καὶ
2833 659 3084 732 ίδρύσθαι
3109 658 3342 712 ποιοῦσα
3363 651 3784 724 πάντας-,ἑκαστον

2265 753 2324 804 έν
2352 752 2430 822 τῷ
2458 751 2574 823 ίδίῳ
2596 753 2769 822 τόπῳ.

2333 847 2490 900 Μετὰ
2543 844 2752 915 ταύτην
2803 845 2988 898 τοίνυν
3038 842 3460 915 παραλαμϐάνει
3510 844 3628 908 τοὺς
3666 847 3786 916 τρεῖς

2263 937 2576 1006 ἐξαιρέτους
2619 927 2888 1008 μαθητάς.
2918 936 3053 989 Οὐδὲ
3087 936 3198 1008 γὰρ
3229 932 3297 1010 ἦν
3325 935 3471 998 εἰκὸς
3499 934 3587 988 τὸν
3619 936 3787 993 Ἰούδαν

2263 1027 2459 1097 θεατὴν
2489 1027 2745 1096 γενέσθαι
2774 1026 2886 1082 τῶν
2921 1027 3242 1098 μνστῆρίων
3269 1023 3566 1081 τοσούτων·
3613 1027 3720 1081 οὔτε
3741 1029 3786 1081 δὲ

2259 1118 2426 1172 πάλιν
2483 1117 2650 1190 μόνον·
2696 1119 2865 1173 αὐτὸν
2915 1119 3321 1189 ἀπολειφθῆναι
3366 1117 3466 1190 τῆς
3515 1118 3665 1184 θέας,
3720 1121 3788 1174 ἴνα

2262 1210 2339 1280 μὴ
2369 1208 2596 1280 γένηται
2628 1210 2923 1280 προδοθίας
2950 1211 3099 1282 αὒτῷ
3126 1211 3424 1283 πρόφασις,
3452 1211 3485 1278 ἡ
3511 1210 3788 1279 νομισθεῑσα

2259 1301 2369 1356 τῶν
2392 1301 2598 1355 λοιπῶν
2620 1301 2788 1357 αὑτοῦ
2817 1304 2980 1374 προτί
2989 1315 3176 1374 μησις.
3203 1302 3294 1355 Διὸ
3322 1299 3518 1372 μόνους
3538 1301 3655 1365 τοὺς
3671 1305 3790 1373 τρεῖς

2256 1393 2710 1466 παραλαμϐάνων
2742 1399 2770 1451 ὁ
2803 1397 3048 1464 Ἰησοῦς,
3095 1397 3304 1464 ἀνάγ-ει
3335 1391 3556 1462 αὐτοὺς
3579 1397 3656 1460 εις
3679 1396 3782 1465 ὄρος

2254 1487 2501 1556 ὑψηλὸν
2548 1486 2624 1557 (τι
2653 1487 2713 1542 δὲ
2762 1489 2863 1558 τῆς
2895 1488 3059 1559 δόξης
3087 1487 3256 1542 αὐτοῦ
3289 1487 3616 1557 ὑψηλότερον
3636 1485 3671 1552 ;)
3715 1485 3790 1540 καὶ

2253 1576 2547 1634 κατιδίαν.
2585 1579 2939 1652 Μονότροπος
2968 1579 3077 1650 γὰρ
3111 1581 3149 1650 ἠ
3206 1579 3371 1640 ᾶῦλος
3414 1573 3552 1647 ζωή.
3585 1577 3684 1630 Kal
3707 1577 3790 1630 dro

2251 1671 2494 1740 αγαγὼν
2518 1665 2740 1737 αὐτοὺς
2768 1669 3015 1726 κάτωθεν
3042 1669 3174 1724 ἄνωο
3199 1670 3260 1722 οὐ
3289 1668 3540 1722 τοτοῦτον
3564 1666 3788 1730 τοπικῶς,

2251 1759 2376 1812 ὅσον
2406 1757 2718 1823 θεωτικῶς·
2770 1761 3039 1825 τουτέστι,
3072 1759 3418 1832 χωρητικοῦς
3443 1756 3636 1820 αὐτοὺς
3662 1759 3790 1828 nuth

561 1855 717 1901 num,
740 1848 871 1895 tunc
887 1841 1302 1914 transﬁguratus
1321 1857 1396 1900 est
1419 1856 1544 1900 ante
1565 1865 1650 1902 eos
1668 1849 1736 1903 ⁸⁵⁸.
1759 1849 1902 1906 Olim
1922 1867 2142 1922 quoque

2250 1867 2346 1913 σας
2407 1850 2516 1904 τῶν
2573 1850 3034 1922 ὑπερϐαλλουσῶν
3085 1849 3254 1904 αὑτοῦ
3305 1847 3650 1918 ὲλλάμψεων·
3689 1849 3789 1901 τότε

561 1927 742 1982 fuerat
761 1931 1184 2003 transﬁguratus
1199 1936 1363 1991 Jesus
1379 1936 1649 2005 Salvator,
1666 1953 1778 1995 non
1806 1941 1864 1996 in
1916 1959 2148 2014 conspe-

560 2029 659 2074 ctu
677 2020 990 2091 hominum,
1017 2027 1114 2080 sed
1142 2027 1323 2083 Patris
1351 2030 1436 2084 sui
1462 2048 1474 2083 :
1504 2032 1731 2100 quando
1752 2033 1871 2088 Non
1897 2038 2145 2106 rapinam

559 2112 855 2177 arbitratus
907 2125 984 2170 est
1017 2135 1130 2172 esse
1164 2136 1220 2173 se
1245 2121 1509 2191 arqualem
1539 2123 1680 2188 Deo;
1716 2141 1779 2179 ac
1803 2127 2143 2197 semetipsum
2185 2145 2198 2156 ·

557 2207 853 2265 εαὺιαηὶυἱϐ
887 2211 1114 2280 formam
1147 2215 1282 2269 servi
1313 2214 1576 2285 accipiens
1613 2217 1703 2286 qui
1727 2227 1860 2273 esset
1887 2220 1941 2273 in
1970 2220 2143 2290 forma

557 2297 658 2365 Dei
704 2299 772 2356 ⁸⁸.
808 2301 965 2359 Tunc
1005 2320 1140 2376 ergo
1190 2306 1434 2362 divinam
1480 2309 1708 2380 figuram
1762 2313 1910 2367 servi
1969 2312 2143 2384 ﬁgura

558 2388 986 2461 transﬁguratus
1015 2395 1229 2450 obtexit
1263 2414 1276 2450 :
1319 2413 1470 2453 nunc
1507 2410 1692 2455 autem
1728 2401 1959 2472 tiguram
1997 2404 2142 2458 servi

558 2483 747 2552 figuris
775 2487 975 2543 nativa;
1001 2491 1246 2545 restituit
1271 2509 1286 2554 ;
1321 2507 1433 2548 non
1469 2493 1699 2563 quidem
1725 2497 1981 2552 servilem
2008 2499 2144 2554 sub.

557 2576 816 2632 stantiam
849 2578 1154 2649 deponens,
1179 2584 1275 2640 sed
1303 2600 1426 2640 eam
1455 2585 1662 2642 divinis
1696 2589 2142 2658 proprietatibus

556 2681 786 2742 ornans,
817 2670 915 2742 Est
941 2688 1072 2744 ergo
1100 2675 1518 2747 transﬁguratus
1545 2687 1672 2732 ante
1709 2695 1797 2733 eos
1830 2697 1849 2735 :
1879 2697 1992 2751 quo
2025 2683 2137 2739 illis

556 2759 919 2830 signiﬁcaret,
952 2765 1032 2824 sie
1066 2766 1402 2838 quandoque
1455 2771 1966 2842 transﬁguraturum
2021 2791 2141 2829 cor-

557 2865 653 2920 pus
691 2851 1009 2909 humilitatis
1061 2864 1293 2920 nostris,
1320 2859 1576 2915 faciendo
1625 2863 1892 2932 conformo
1931 2869 2139 2934 corpori

554 2941 824 2999 claritatis
853 2960 965 2999 sua?
1006 2946 1075 3002 “.
1111 2947 1182 3001 Et
1219 2949 1565 3020 resplenduit,
1591 2952 1792 3023 inquit,
1829 2955 1994 3024 facies
2025 2959 2141 3028 ejus

554 3037 691 3098 sicut
711 3036 794 3090 sol
825 3055 844 3093 :
870 3042 1186 3096 uestimenta
1205 3051 1382 3096 autem
1401 3044 1514 3114 ejus
1539 3045 1684 3114 facta
1711 3055 1835 3101 sunt
1860 3047 1984 3102 alba
2003 3050 2141 3105 sicut

2241 1941 2663 2012 μετεμορφώθη
2711 1942 3056 2011 ἔμπροσθεν
3101 1940 3323 1996 αὐτῶν.
3377 1941 3490 1995 Καὶ
3533 1939 3687 1993 πάλαι
3711 1940 3790 2008 μὲν

2250 2034 2654 2106 μετεμορφώθη
2691 2033 2897 2104 Ἰησοῦς
2927 2035 2956 2087 ὀ
2981 2034 3197 2106 Σωτὴρ,
3233 2034 3334 2088 οὐκ
3360 2032 3592 2086 ἐνώπιον
3614 2029 3790 2102 ἀνθρώ-

2247 2146 2394 2191 πων,
2440 2129 2577 2182 ἀλλὰ
2614 2128 2710 2182 τοῦ
2751 2128 2883 2181 ἰδίου
2909 2128 3160 2198 Πατρός·
3205 2128 3296 2181 ὅτε
3341 2128 3468 2196 οὐκ
3512 2125 3790 2195 ἁρπαγμὸν

2244 2220 2539 2289 ἡγήσατο,
2568 2219 2635 2273 τὸ
2659 2216 2815 2276 εἷναι
2841 2221 2948 2273 ίσα
2969 2219 3111 2285 Θεῷ,
3139 2220 3239 2272 καὶ
3263 2219 3568 2273 ἐκένωσεν
3582 2216 3787 2282 ἑαυτὸν,

2239 2311 2484 2382 μορφὴν
2511 2312 2740 2367 δούλου
2771 2312 3012 2374 λαϐὼν,
3064 2314 3098 2366 o'
3130 2312 3201 2364 ἐν
3221 2309 3431 2380 μορφῇ
3460 2309 3606 2364 Θεοῦ
3632 2307 3790 2376 ὑπάρ-

2243 2417 2389 2471 χων.
2447 2403 2492 2454 Τ
2494 2401 2583 2455 ότε
2610 2401 2798 2455 τοίνυν
2836 2401 2935 2472 τὴν
2965 2400 3116 2459 θείαν
3145 2401 3380 2472 μορφὴν,
3419 2401 3601 2470 μορφῇ
3628 2397 3788 2452 δούλου

2246 2495 2734 2567 μεταμορφωθεὶς,
2769 2493 3146 2565 περιεκάλυψε
3171 2509 3186 2524 ’
3244 2491 3342 2546 νῦν
3373 2493 3432 2546 δὲ
3475 2492 3574 2564 τὴν
3607 2491 3790 2564 μορφὴν

2241 2587 2338 2640 τοῦ
2367 2587 2557 2641 δούλου
2608 2588 2747 2658 πρὸς
2780 2587 2881 2656 τὴν
2913 2585 3156 2658 φυσικὴν
3183 2585 3624 2658 ἀποκαθίστησιν
3644 2601 3658 2616 ο
3707 2585 3791 2638 ob:

2243 2678 2583 2750 ἀποθέμενος
2618 2679 2719 2750 μὲν
2761 2679 2863 2750 τὴν
2891 2679 3086 2732 οὐσίαν
3121 2677 3225 2749 τὴν
3247 2677 3508 2749 δουλικὴν
3529 2695 3543 2709 ·
3595 2675 3790 2747 quidpi-

2244 2779 2341 2834 νας
2371 2769 2430 2822 δὲ
2459 2769 2633 2841 αὐτὴν
2673 2773 2789 2834 τοῖς
2821 2769 3026 2833 θεῖκοῖς
3059 2769 3339 2840 ἰδιώματι.
3391 2767 3792 2839 Μετεμορφὼθη
3851 2795 3856 2800 ι

2242 2859 2334 2916 οὖν
2382 2863 2727 2931 ἔμπροσθεν
2762 2862 2963 2917 αὐτῶν
2988 2877 3003 2894 ο
3057 2862 3276 2926 δεικνὺς
3323 2861 3534 2928 αὐτοῖς,
3571 2859 3792 2915 ὅτιοῦτω

2237 2956 2758 3026 μετασχηματίσει
2801 2953 2949 3008 ποτὲ
2978 2956 3041 3008 τὸ
3069 2955 3244 3025 σῶμα
3271 2954 3385 3022 τῆς
3408 2952 3794 3016 ταπεινώσεως

2244 3044 2411 3114 ἡμῶν
2434 3086 2449 3111 ,
2485 3046 2846 3116 σύμμορφον
2897 3045 2978 3112 τῷ
3018 3046 3245 3116 σώματι
3281 3045 3392 3115 τῆς
3420 3047 3609 3114 δόξης
3634 3042 3794 3100 αὑτοῦ

556 3129 650 3184 nix
689 3128 757 3183 ⁸⁷.
790 3129 911 3185 Νοιι
944 3132 1072 3187 ideo
1102 3132 1221 3188 hate
1251 3136 1458 3206 scripta
1493 3145 1622 3192 sunt
1650 3179 1664 3201 ,
1721 3139 1852 3208 quia
1884 3141 1976 3195 illa
2012 3157 2138 3196 eum

2245 3135 2416 3189 ποιῶν
2453 3137 2607 3190 αὐτό.
2667 3136 2778 3192 Kal
2822 3135 3064 3206 ἔλαμψε
3110 3136 3179 3191 τὸ
3220 3139 3558 3206 πρόσωπον
3611 3134 3794 3198 αὐτοῦ,

556 3221 673 3283 sole
699 3237 765 3278 ac
791 3223 921 3280 nive
950 3228 1424 3296 comparationem
1471 3230 1788 3286 admittant.
1821 3233 1952 3300 Quae
1988 3235 2138 3290 enim

2245 3230 2432 3299 φησιν,
2468 3229 2550 3295 ὡς
2576 3228 2751 3296 ἣλιος
2772 3246 2787 3260 ο
2846 3229 2947 3283 καὶ
2992 3230 3068 3282 τὰ
3095 3228 3296 3299 ἱμάτια
3319 3227 3517 3284 αὑτοῦ
3546 3226 3794 3297 ἐγένοντο

557 3316 682 3386 ejus
723 3319 1090 3388 comparatio,
1147 3320 1294 3390 quod
1323 3330 1408 3376 est
1456 3325 1636 3394 majus
1683 3325 2144 3394 comparatione?

557 3407 764 3463 Verum
795 3410 926 3480 quia
962 3411 1018 3465 in
1055 3412 1227 3467 rebus
1253 3414 1501 3469 materiae
1540 3417 1851 3481 concretis,
1883 3418 2023 3472 nihil
2047 3427 2145 3473 aut

558 3500 676 3555 sole
705 3501 1076 3570 splendidius,
1114 3511 1207 3557 aut
1238 3503 1366 3558 nive
1393 3504 1686 3560 candidius
1716 3507 2000 3573 occurrit,
2029 3523 2142 3577 quo

559 3593 695 3649 satis
725 3595 1118 3650 excellentiam
1141 3595 1371 3652 luminis
1393 3611 1458 3651 ac
1482 3598 1796 3667 splendoris
1828 3613 2140 3670 repraesent-

559 3694 730 3752 taret,
776 3703 845 3742 ex
897 3688 968 3743 iis
1019 3689 1100 3744 sic
1153 3690 1303 3744 notis
1346 3693 1726 3762 conjecturam
1767 3693 1921 3750 fecit.
1967 3694 2142 3750 Porro

559 3779 835 3851 signiﬁcat
891 3783 1012 3852 ejus
1056 3783 1321 3853 splendor
1374 3785 1836 3842 vestimentorum
1897 3787 2140 3844 futuram

557 3881 878 3930 noStrorum
907 3890 1203 3945 corporum
1233 3877 1620 3933 mutationem.
1647 3879 1759 3935 Nos
1780 3881 1988 3950 quippe
2009 3881 2140 3938 facti

558 3963 610 4029 ei
663 3965 1056 4020 vestimentum
1100 3981 1322 4031 sumus,
1380 3977 1440 4022 ut
1491 3985 1729 4039 quorum
1769 3971 1862 4026 ille
1912 3988 2141 4028 carnem

558 4057 825 4113 induerit.
864 4059 1072 4114 Forsan
1116 4076 1250 4115 vero
1281 4061 1396 4134 ejus
1433 4063 1593 4133 facies
1640 4063 1980 4135 resplendens
2003 4068 2141 4121 sicut

555 4152 660 4216 sol,
702 4153 884 4223 ipsum
913 4155 1035 4225 ejus
1065 4153 1354 4224 proprium
1401 4169 1604 4225 corpus
1634 4156 1938 4227 symbolice
1986 4156 2139 4212 desi-

557 4244 849 4315 gnaverit:
883 4246 1193 4299 vestimenta
1223 4253 1401 4300 autem
1437 4247 1550 4316 ejus
1574 4246 1698 4300 atba
1725 4248 1860 4300 sicut
1895 4249 2009 4311 nix,
2039 4263 2139 4317 per

555 4344 686 4392 cum
717 4345 982 4408 purgatos
1011 4381 1025 4398 ,
1055 4339 1178 4407 ejus
1220 4337 1275 4391 vi
1312 4338 1405 4392 illa
1439 4337 1866 4394 transmutandi.
1918 4338 2139 4395 Idcirco

557 4427 706 4482 enim
719 4427 835 4482 nivi
849 4439 1070 4498 quoque
1083 4438 1442 4504 comparatur
1459 4429 1846 4484 indumentum
1864 4430 2135 4499 spiritale,

2243 3322 2437 3375 λευκὰ
2484 3320 2627 3378 ὡσεὶ
2677 3321 2847 3390 χιών.
2906 3322 3017 3392 Οὐχ
3050 3323 3133 3376 ὅτι
3163 3323 3219 3375 δὲ
3253 3320 3391 3391 πρὸς
3418 3319 3576 3391 ἥλιον
3607 3319 3638 3389 ἢ
3668 3316 3796 3388 χιόνα

2244 3412 2550 3485 παράθεσιν
2592 3411 2743 3484 ἔχει,
2795 3413 2974 3468 ταῦτα
3017 3413 3334 3484 γέγραπται
3393 3410 3528 3483 (τίς
3574 3409 3677 3480 γὰρ
3718 3407 3795 3460 τοῦ

2243 3504 2578 3575 ἁσυγκρίτου
2614 3505 3003 3575 σύγκρισις;),
3057 3503 3174 3558 ἀλλ’
3220 3503 3410 3574 ἐπειδὴ
3467 3502 3580 3556 τῶν
3624 3499 3797 3554 ἐνύλων

2241 3597 2396 3651 οὐδέν
2446 3597 2596 3650 ἐστιν
2647 3597 2680 3668 ἢ
2733 3597 3122 3669 λαμπρότερον
3169 3596 3264 3650 τοῦ
3310 3595 3510 3667 ἡλίου,
3561 3595 3596 3666 ἢ
3629 3592 3795 3646 λευκό-

2240 3706 2403 3761 τερον
2435 3689 2537 3760 τῆς
2567 3691 2782 3761 χιόνος,
2837 3693 3078 3763 μετρίως
3123 3691 3296 3745 θέλων
3336 3689 3688 3761 παραστῆσαι
3713 3685 3796 3755 τὴν

2244 3781 2555 3854 ὑπερϐολὴν
2599 3781 2696 3835 τοῦ
2739 3783 2952 3851 φωτὸς,
3009 3784 3234 3854 καὶτῆς
3265 3781 3683 3854 λαμπρότητος.
3723 3776 3796 3830 διὰ

2240 3873 2352 3930 τῶν
2393 3874 2693 3945 γνωρίμων
2733 3875 2870 3944 ἡμῖν
2901 3877 3204 3946 ἐποιήσατο
3231 3874 3332 3946 τὴν
3359 3872 3634 3927 εἰκασίαν.
3661 3869 3796 3939 Δηλοῖ

2241 3968 2298 4022 δὲ
2333 3967 2443 4022 τῶν
2491 3968 2726 4038 ἱματίων
2771 3967 2942 4021 αὑτοῦ
2985 3971 3019 4039 ἡ
3062 3967 3331 4038 ἕλλαμψις
3380 3966 3495 4020 τῶν
3538 3965 3796 4036 ἡμετέρων

2243 4060 2513 4130 σωμάτων
2556 4060 2658 4130 τὴν
2700 4058 3043 4132 ὑπαλλαγὴν.
3099 4060 3291 4131 Ἡμεῖς
3331 4059 3440 4128 γὰρ
3489 4057 3637 4129 αὐτῷ
3662 4053 3796 4125 γεγύ-

2241 4170 2413 4224 ναμεν
2463 4152 2692 4224 ἔνδυμα,
2740 4153 2824 4207 ὅτι
2872 4151 2973 4223 τὴν
3013 4151 3174 4224 ἡμῶν
3218 4150 3582 4222 περιεϐάλετο
3619 4150 3790 4220 σάρκα.

2242 4244 2354 4298 Kal
2404 4243 2535 4309 ίσως
2577 4245 2645 4300 τὸ
2679 4245 2784 4317 μὲν
2829 4247 3159 4314 πρόσωπον
3185 4245 3373 4302 αὐτοῦ
3400 4246 3470 4300 τὸ
3501 4243 3797 4314 suam)”

2240 4339 2321 4404 ὡς
2354 4342 2385 4392 ὀ
2413 4337 2617 4406 ἥλιος,
2672 4339 2804 4392 αὐτὸ
2831 4340 2892 4392 τὸ
2920 4339 3051 4392 ἴδιον
3077 4338 3244 4403 αὑτοῦ
3275 4338 3438 4408 σῶμα
3479 4334 3796 4410 συμϐολικῶς

2241 4429 2554 4483 αἰνίττεταν
2602 4431 2676 4485 τὰ
2693 4429 2750 4484 δὲ
2772 4429 2973 4500 ἱμάτια
3016 4431 3204 4485 αὑτοῦ
3237 4431 3310 4486 τὰ
3337 4430 3419 4498 ὡς
3440 4430 3592 4500 χιὼν
3610 4424 3797 4492 λευκὰ.

557 4519 704 4589 quod
739 4529 794 4574 et
829 4520 1010 4590 ipsum
1049 4529 1502 4587 transinutatum,
1549 4537 1615 4576 ae
1638 4523 2036 4592 evaporatione
2064 4538 2136 4578 ex

2245 4524 2367 4588 τοὺς
2389 4522 2456 4576 δι’
2468 4522 2636 4577 αὐτοῦ
2663 4523 3104 4595 καθαιρομένους
3126 4523 3216 4578 διὰ
3257 4523 3361 4594 τῆς
3387 4519 3797 4594 μεταποιητικῆς

555 4625 717 4679 aqua.
759 4608 964 4664 factum
995 4609 1067 4666 sit
1102 4611 1218 4665 nix.
1249 4610 1408 4678 Quod
1432 4619 1620 4666 autem
1645 4611 1888 4668 humana
1936 4621 2138 4668 natura

555 4701 679 4769 ejus
719 4701 910 4765 fuerit,
968 4703 1153 4773 sitque
1201 4719 1428 4759 rursum
1477 4704 1667 4762 futura
1721 4705 2137 4771 indumentum,

557 4792 854 4848 audiamus
873 4793 1152 4852 dicentem
1171 4796 1239 4850 ad
1266 4811 1397 4851 eum
1419 4796 1697 4853 lsaiamex
1718 4812 1959 4868 persona
1991 4799 2090 4854 Dei
2118 4816 2132 4852 :

560 4884 682 4940 Vivo
709 4903 822 4958 ego,
849 4888 975 4942 dicit
1012 4888 1289 4954 Dominus,
1321 4892 1448 4962 quia
1485 4892 1727 4946 omnibus
1761 4893 1840 4947 his
1879 4894 2136 4958 vestieris,

559 5002 622 5038 ac
651 4985 743 5040 tibi
767 4986 906 5056 ipsos
922 4988 1278 5042 circumdabit
1294 4995 1352 5042 ut
1383 4999 1757 5043 ornamentum
1773 5005 1979 5060 sponsa:
2000 4989 2068 5041 "'.

2237 4616 2334 4680 καὶ
2380 4614 2741 4686 ἀλλοιωτικῆς
2784 4615 2953 4669 αὐτοῦ
3001 4616 3313 4689 δννᾴμεως.
3370 4617 3474 4670 Διὰ
3512 4615 3621 4686 γὰρ
3661 4611 3797 4666 τοῦτο

2238 4709 2335 4772 καὶ
2385 4707 2524 4778 χιόνι
2575 4707 2978 4779 παρεικάζεται
3023 4709 3087 4761 τὸ
3129 4707 3321 4779 νοηθὲν
3351 4707 3596 4778 ἱμάτιον,
3631 4703 3795 4772 iambi)

2242 4801 2338 4860 καὶ
2383 4799 2513 4854 αὐτὸ
2563 4801 2940 4872 μεταποιηθὲν
2996 4803 3092 4857 καὶ
3137 4801 3478 4872 έξαερωθὲν,
3529 4803 3590 4868 ἐξ
3630 4799 3796 4860 ὓδατος

2244 4894 2436 4964 γέγονε
2460 4892 2617 4964 χιών.
2668 4893 2792 4946 Ὅτι
2818 4892 2873 4946 δὲ
2902 4893 3252 4962 περιϐόλαιον
3274 4892 3442 4946 αὑτοῦ
3464 4895 3678 4962 γέγονε,
3718 4889 3796 4944 καὶ

2244 4987 2398 5040 ἔσται
2429 4987 2592 5041 πάλιν
2637 4987 2672 5057 ἡ
2713 4985 2877 5056 φύσις
2903 4985 3084 5056 ἡμῶν,
3115 4985 3446 5056 ἀκούσωμεν
3483 4986 3700 5040 Ἡσαΐου
3721 4981 3795 5035 λέ-

559 5093 748 5146 γοντος
795 5080 932 5152 πρὸς
973 5081 1136 5135 αὐτὸν
1189 5081 1296 5136 ὑπὸ
1330 5081 1425 5135 τοῦ
1457 5081 1594 5136 Θεοῦ
1616 5100 1629 5114 ο
1687 5084 1780 5136 Ζῶ
1809 5082 1947 5154 ἐγὼ,
1970 5081 2134 5152 λέγει
2171 5081 2406 5150 Κύριος,
2445 5079 2536 5133 ὅτι
2579 5078 2814 5146 πάντας
2873 5079 3098 5146 αὐτοὺς
3122 5078 3390 5143 ἐνδόσει,
3424 5079 3522 5134 καὶ
3582 5076 3795 5146 sapiat!-

559 5188 657 5235 σει
683 5173 903 5241 αὐτοὺς
938 5175 1019 5242 ὠς
1049 5179 1287 5246 κόσμον
1311 5179 1571 5249 νύμφης.

633 5269 694 5324 ν.
728 5269 919 5338 Itaque
944 5270 1356 5342 transﬁguratus
1386 5280 1482 5338 est,
1535 5279 1584 5327 et
1614 5272 1938 5344 resplenduit
1966 5272 2128 5341 {acies

557 5365 670 5433 ejus
694 5363 828 5416 sicut
852 5363 932 5417 sol
957 5382 975 5430 ;
1003 5367 1312 5420 vestimenta
1342 5375 1519 5420 autem
1539 5366 1653 5436 ejus
1689 5365 1832 5435 facta
1861 5373 1985 5419 sunt
2015 5365 2138 5419 alba

556 5452 694 5504 sicut
747 5452 860 5504 nix.
896 5451 963 5505 Et
995 5461 1360 5523 apparuerunt
1391 5456 1463 5508 eis
1501 5454 1698 5524 Moyses
1758 5464 1805 5506 et
1860 5452 2012 5506 Elias
2059 5451 2135 5506 ίο-

557 5553 772 5612 quentes
801 5559 919 5596 cum
949 5559 1007 5596 eo
1037 5543 1104 5596 ‘9.
1132 5544 1578 5613 Perspicaciores
1609 5543 1736 5600 facti
1771 5545 2007 5613 apostoli
2076 5552 2136 5599 ut

598 5723 669 5852 8“
699 5722 889 5779 Matth.
925 5739 1048 5788 xm,
1095 5725 1139 5778 I.
1217 5723 1259 5754 ⁵³
1299 5723 1508 5778 ibid.2.
1583 5724 1624 5755 ⁵⁵
1650 5723 1886 5794 Philipp.
1923 5741 1983 5790 ιι,
2011 5726 2064 5790 6,
2093 5725 2142 5778 7.

563 5803 648 5867 tu.

2308 5268 2742 5338 Μετεμορςρώθη
2771 5267 2974 5332 τοίνυν,
3007 5268 3110 5322 καὶ
3139 5268 3378 5340 ἔλαμψε
3403 5268 3470 5322 τὸ
3494 5269 3795 5338 πρόσωπον

2244 5361 2432 5416 αὑτοῦ
2463 5361 2545 5428 ὡς
2569 5362 2603 5415 ὀ
2630 5359 2836 5428 ἥλιος,
2872 5359 2970 5414 καί
3002 5359 3074 5415 τὰ
3098 5359 3297 5430 Ῑμάτια
3320 5360 3510 5414 αὑτοῦ
3538 5359 3793 5429 ἐγένοντο

2243 5453 2433 5511 λευκὰ
2465 5453 2546 5520 ὡς
2576 5453 2724 5525 χιών
2746 5469 2761 5485 ·
2826 5453 2924 5507 και
2975 5449 3276 5522 ὤφθησαν
3318 5452 3523 5517 αὐτοῖς
3559 5445 3792 5513 Narbone

2245 5541 2345 5602 καί
2369 5539 2603 5612 Ἠλίας,
2638 5545 3109 5612 συλ.ια.ῑοῦντες
3139 5544 3323 5610 αὐτῷ.
3366 5542 3790 5616 Διορατικώτεροι

2214 5729 2256 5756 ⁵⁵
2291 5723 2530 5795 Philipp.
2566 5741 2640 5789 tu,
2669 5723 2758 5779 2|.
2838 5730 2879 5760 ’⁸⁷
2913 5725 3105 5782 Matth.
3140 5741 3305 5790 xxvn,
3332 5725 3384 5778 2.
3465 5724 3503 5755 "
3529 5722 3627 5779 lsa.
3662 5732 3789 5794 ιιιιι
