4052 6572
526 368 658 438 1371

1656 375 1718 434 S.
1761 373 2164 436 ANASTASII
2181 371 2675 454 .ANTIOCHENI

3649 366 3768 439 1372

519 482 642 540 Non
670 481 811 538 enim
832 479 1026 536 sciebat
1051 480 1179 551 quid
1205 480 1402 536 diceret
1435 481 1502 549 ⁵⁸,
1528 496 1634 538 nec
1656 482 1793 553 quid
1817 483 2106 555 cogitaret.

2217 481 2380 552 λυμα,
2411 483 2629 544 Λουκᾶς
2653 467 2980 534 ἐπισκέπτει
3003 466 3178 548 λέγων
3194 493 3206 506 ·
3236 479 3334 546 Μὴ
3357 477 3530 545 εἰδὼς
3553 480 3584 533 ὃ
3603 484 3766 552 λέγει.

521 573 915 634 Consistantin
945 573 1072 629 loco
1102 571 1441 640 sublimiori,
1475 573 1572 645 qui
1597 574 1975 632 ascenderunt
2000 591 2108 630 una

521 683 652 724 cum
675 667 832 725 Jesu.

593 845 685 901 Vl.
732 843 918 900 Adhuc
949 860 1010 899 eo
1046 843 1313 916 loquente,
1359 861 1472 900 ecce
1515 846 1674 901 nubes
1718 845 1892 902 lucida
1925 848 2108 902 obum-

523 935 695 990 bravit
723 951 829 989 eos.
860 933 932 989 Et
959 951 1074 989 ecce
1100 952 1199 990 vox
1228 937 1291 990 de
1323 936 1458 990 nube
1481 952 1500 990 :
1536 935 1636 990 Hic
1664 945 1739 990 est
1767 935 1934 991 Filius
1968 953 2111 992 meus

524 1028 886 1092 citariuimus,
919 1028 975 1081 in
1005 1044 1107 1098 quo
1140 1029 1268 1082 mihi
1295 1029 1422 1082 bene
1451 1027 1766 1099 complacui,
1797 1029 1971 1100 ipsum
2013 1046 2110 1082 au-

526 1118 652 1173 dite.
674 1115 742 1171 Et
762 1115 1037 1172 audientes
1057 1117 1302 1190 discipuli
1322 1119 1618 1174 ceciderunt
1641 1120 1695 1173 in
1721 1119 2108 1189 faciemsuam,

525 1219 579 1264 et
614 1211 904 1265 timuerunt
942 1209 1115 1265 ualde.
1148 1209 1220 1265 Et
1264 1213 1480 1266 accessit
1518 1210 1692 1278 Iesus,
1724 1219 1773 1265 et
1817 1213 1985 1282 tetigit
2027 1228 2112 1267 eos

468 1325 470 1327 ν
527 1303 762 1374 dixitque
793 1303 867 1358 eis
896 1318 916 1358 :
944 1299 1174 1375 Surgite,
1207 1311 1258 1357 et
1289 1302 1451 1357 nolite
1474 1305 1679 1358 timere.
1715 1302 1970 1358 Levantes
2009 1321 2112 1358 au-

529 1405 635 1450 tem
698 1393 876 1451 oculos
931 1412 1088 1462 suos,
1150 1397 1412 1450 neminem
1474 1396 1717 1451 viderunt
1783 1397 1886 1452 nisi
1940 1396 2112 1452 solum

526 1487 710 1544 Iesum
745 1490 816 1543 ⁸⁸.
844 1487 983 1545 Cum
1026 1488 1210 1544 adhuc
1242 1490 1437 1544 Petrus
1468 1503 1570 1558 pro
1601 1503 1665 1543 ea
1696 1489 1992 1546 all‘ectione
2027 1491 2113 1547 lo~

529 1589 796 1652 queretur
827 1596 936 1651 qua
958 1580 1025 1636 ad
1051 1589 1448 1651 praceptorem
1474 1580 1732 1647 habebat,
1759 1581 1943 1637 lucida
1967 1599 2116 1652 quae-

529 1674 657 1730 dam
701 1673 880 1730 nubes
912 1674 1151 1744 desuper
1179 1673 1567 1741 obumbravit;
1600 1689 1818 1745 voxque
1852 1675 1924 1732 de
1965 1676 2114 1733 nube

528 1766 740 1838 prodiit
769 1766 998 1822 Petrum
1030 1765 1338 1838 corrigens,
1370 1765 1510 1822 forte
1542 1781 1672 1823 vero
1715 1768 1882 1823 etiam
1922 1769 2111 1824 condi-

529 1836 793 1930 scipulos,
821 1859 915 1928 qui
939 1866 996 1914 et
1019 1858 1121 1928 ipsi
1154 1836 1390 1912 forsitan
1410 1857 1557 1913 idem
1579 1866 1746 1928 atque
1768 1858 1859 1914 ille
1881 1859 2106 1939 vellent,
2140 1836 2184 1892 Β

529 1969 597 2008 ac
645 1954 704 2008 in
745 1961 934 2008 monte
979 1950 1314 2008 manendum
1362 1951 1614 2006 dicerent
1642 1970 1656 2006 :
1687 1959 1749 2006 ut
1791 1967 1861 2006 ne
1899 1952 2111 2008 scilicet

531 2045 875 2102 contrarium
903 2043 1111 2115 aliquid
1139 2045 1345 2099 dilecto
1384 2043 1524 2098 Filio
1559 2055 1846 2113 saperent;
1883 2045 1979 2100 sed
2011 2061 2110 2100 au-

531 2139 719 2194 dirent
749 2153 898 2204 eum,
943 2152 1009 2192 ac
1041 2137 1162 2208 ejus
1197 2145 1566 2206 sequerentur
1599 2136 1963 2205 voluntatem,
2002 2153 2111 2208 qua

531 2230 924 2285 universorum
975 2236 1255 2284 constaret
1302 2228 1472 2284 salus.
1519 2227 1664 2294 Quid
1711 2238 1897 2284 autem
1947 2230 2112 2286 nubis

531 2325 701 2396 hujus
721 2322 970 2396 symbolo
994 2321 1230 2393 intelligi
1252 2321 1472 2386 debeat,
1495 2337 1564 2376 ex
1585 2321 1861 2377 similibus
1885 2322 1941 2377 in
1966 2322 2118 2379 Scri-

532 2427 696 2490 ptura
729 2416 895 2474 dictis
940 2415 1334 2488 inquirendum
1383 2415 1475 2470 sit.
1524 2413 1661 2470 Nam
1704 2425 1762 2471 et
1798 2415 2019 2487 Moysen
2057 2416 2115 2472 in

531 2510 738 2566 nubem
784 2509 1091 2582 ingressum
1133 2508 1450 2564 invenimus
1476 2509 1545 2574 '7,
1576 2508 1800 2578 quando
1833 2509 1923 2564 illa
1955 2506 2114 2565 nfon-

533 2612 645 2658 tem
675 2602 896 2672 operuit
929 2602 985 2656 in
1014 2601 1236 2657 deserto
1263 2601 1448 2656 Horeb
1473 2619 1487 2655 :
1517 2608 1897 2671 testanturque
1926 2601 2114 2658 divina

533 2693 757 2748 oracula
789 2693 858 2758 ⁸⁸,
896 2693 1206 2762 ingressum
1240 2692 1297 2746 in
1332 2692 1624 2763 caliginem
1661 2692 1756 2748 ubi
1799 2694 1945 2750 Deus
1973 2702 2113 2750 erat.

476 2785 479 2789 ’
537 2785 677 2839 Tum
705 2785 893 2849 etiam,
923 2799 1048 2839 cum
1076 2784 1208 2838 olim
1237 2785 1416 2839 nubes
1444 2785 1596 2839 varie
1620 2784 1832 2839 obtexit
1856 2784 2116 2841 taberna-

535 2876 725 2932 culum
757 2875 1079 2942 testimonii,
1103 2875 1344 2944 indeque
1371 2875 1517 2931 Deus
1534 2875 1868 2930 audiebatur
1886 2877 2118 2946 loquens

2209 575 2442 644 Μάρκος
2483 573 2543 628 δέ
2595 587 2795 644 φησιν·
2859 573 2942 627 Οὐ
2974 570 3086 644 τὰρ
3117 570 3247 641 ﬁdei
3282 571 3341 625 τί
3362 567 3556 637 εἶπεν,
3589 575 3703 628 οὐδὲ
3723 579 3769 631 τί

2212 669 2438 726 νοεῖται.
2484 667 2574 722 Ἐν
2617 666 2696 738 τῷ
2737 668 2892 738 τόπῳ
2941 664 3279 736 ὑψηλότερον
3308 663 3556 719 εστωσαν
3586 667 3636 720 οῖ
3664 684 3771 722 συν-

2209 759 2515 824 αναδάντες
2550 760 2632 831 τῷ
2664 759 2866 832 Ἰησοῦ.

2283 854 2413 908 Ἔτι
2442 854 2631 909 αὐτοῦ
2667 854 3026 920 λαλοῦντος,
3074 852 3206 907 ἰδοὺ
3255 853 3482 922 νεφέλη
3537 855 3774 921 samem"

2209 949 2583 1006 ἐπεσκίασεν
2607 950 2815 1017 αὐτοῖς
2838 964 2852 980 °
2889 950 2988 1003 καί
3018 948 3191 1019 φωνὴ
3249 949 3319 1002 ἐκ
3366 948 3479 1016 τῆς
3536 950 3776 1018 νεφέλης

2209 1040 2507 1111 λέγουσα·
2547 1036 2741 1107 Οὗτός
2781 1040 2954 1094 ἐστιν
3003 1042 3036 1094 ό
3090 1039 3220 1105 Υίός
3259 1055 3380 1108 μου
3405 1041 3438 1090 ὁ
3463 1038 3773 1107 ἀγαπητὸς,

2210 1133 2280 1189 ἐν
2315 1125 2366 1201 ᾧ
2413 1131 2770 1200 ηὐδόκησα·
2823 1129 3014 1186 αὑτοῦ
3060 1131 3334 1185 ἀκούετο.
3395 1129 3779 1198 Ἀκούσαντες

2210 1224 2280 1280 δὲ
2316 1227 2372 1279 oi
2414 1226 2696 1295 μαθηταί,
2727 1226 2958 1278 ἔπεσον
2994 1223 3094 1277 ἐπὶ
3119 1221 3185 1276 τὸ
3213 1221 3547 1290 πρόσωπον
3575 1208 3776 1288 αὐτῶν,

2211 1316 2311 1371 καί
2339 1315 2732 1386 ἐφοϐήθησαν
2763 1315 3019 1385 σφόδρα.
3047 1314 3157 1368 Kal
3191 1312 3551 1382 προσῆλθεν
3595 1317 3628 1368 ὁ
3685 1315 3781 1383 ’1η-

2211 1407 2385 1474 σοῦς,
2409 1407 2507 1460 καί
2537 1405 2736 1475 ἥψατο
2771 1403 2992 1470 αὐτῶν,
3022 1403 3220 1474 λέγων
3247 1418 3262 1434 ο
3303 1402 3663 1472 Ἐγείρεσθε,
3692 1407 3778 1458 καί

2207 1499 2294 1570 μὴ
2322 1497 2624 1567 φοϐεῖσθε.
2645 1496 3011 1565 Ἐ’πάραντες
3038 1494 3108 1548 δὲ
3131 1493 3276 1561 τοὺς
3297 1493 3669 1563 ὀφθαλμοὺς,
3697 1497 3780 1549 οὐ-

2209 1590 2357 1645 δένα
2379 1587 2545 1644 εἶδον
2564 1591 2618 1644 si
2649 1589 2736 1659 μὴ
2769 1590 2967 1658 μόνον
2998 1587 3267 1656 Ἰησοῦν.
3311 1587 3433 1640 Ἔτι
3455 1587 3556 1640 τοῦ
3589 1586 3778 1656 Πέτρου

2213 1681 2502 1746 λαλοῦντος
2514 1682 2582 1736 τὰ
2599 1683 2699 1752 τῆς
2731 1679 3109 1754 προσπαθείας
3141 1680 3242 1749 τῆς
3264 1679 3403 1751 πρὸς
3428 1678 3525 1732 τὸν
3545 1677 3781 1731 διᾰάσκα-

2215 1774 2306 1828 λον
2338 1776 2580 1847 ῥήματα,
2609 1773 2847 1844 φωτεινή
2871 1789 2958 1836 τις
2990 1770 3201 1826 ἀνωθεν
3231 1770 3432 1841 νεφέλη
3458 1771 3741 1824 ὲπεσκξασε
3765 1787 3778 1803 ο

2217 1866 2311 1919 καὶ
2341 1866 2493 1936 φωνὴ
2541 1864 2726 1936 παρῆν
2771 1866 2836 1917 ὲκ
2883 1863 2987 1932 τῆς
3032 1861 3264 1931 νεφέλης
3309 1859 3671 1932 διορθουμένη
3704 1859 3783 1913 τὸν

2216 1957 2422 2028 Πέτρον
2448 1972 2461 1985 ·
2497 1956 2627 2019 ἴσως
2663 1956 2759 2010 καὶ
2805 1957 2934 2017 τοὺς
2987 1952 3353 2024 συμμαθητάς
3391 1953 3464 2006 τὰ
3516 1952 3656 2005 αὐτά
3704 1953 3784 2005 θέ-

2216 2048 2410 2113 λοντας
2470 2048 2641 2119 αὐτῷ,
2697 2049 2794 2102 καὶ
2846 2047 3111 2116 λέγοντας
3159 2047 3219 2099 ὲν
3265 2045 3344 2116 τῷ
3394 2045 3519 2115 ὄρει
3572 2044 3781 2106 μένειν·

2217 2141 2361 2195 ὥστε
2395 2141 2565 2211 μηδὲν
2604 2128 2860 2195 ’ἐναντίον
2921 2140 3140 2208 φρονεῖν
3193 2136 3273 2208 τῷ
3320 2136 3597 2207 ἀγαπητῷ
3649 2135 3781 2206 Υίῷ,

2219 2231 2332 2286 ἀλλ’
2373 2231 2595 2286 ἀκούειν
2629 2229 2818 2294 αὑτοῦ,
2851 2231 2944 2283 καὶ
2979 2228 3210 2282 ἔπεσθαι
3258 2227 3337 2299 τῷ
3384 2227 3657 2298 θελήματι
3701 2229 3784 2280 αὗ-

2218 2321 2336 2377 τοῦ.
2362 2323 2642 2394 Σωτήριον
2665 2324 2774 2393 γάρ
2819 2323 2938 2376 ἐστι
2971 2322 3194 2376 πάντων
3242 2320 3576 2392 ἀνθρώπων.
3624 2321 3686 2373 Ti
3737 2321 3784 2374 δὲ

2219 2415 2329 2487 χρὴ
2356 2418 2496 2470 νοεῖν
2518 2419 2619 2482 τὴν
2643 2414 2877 2484 νεφέλην
2911 2413 3144 2484 ταύτην,
3181 2413 3247 2466 ὲκ
3282 2412 3394 2466 τῶν
3425 2410 3631 2482 ὁμοίων
3657 2413 3786 2484 sim-

2225 2508 2402 2580 μένων
2429 2509 2487 2562 ὲν
2526 2511 2592 2579 τῇ
2622 2508 2816 2580 Γραφῇ
2847 2506 3131 2578 ζητητέον.
3157 2504 3233 2559 Εὖ
3244 2522 3410 2576 ρομεν
3438 2505 3552 2580 γὰρ
3593 2506 3681 2559 καὶ
3704 2505 3781 2559 τὸν

2221 2598 2466 2668 Μωῦσῆν
2497 2597 2814 2652 εἰσελθόντα
2843 2599 2925 2660 εἰς
2953 2597 3056 2668 τὴν
3113 2596 3370 2668 νεφέλην,
3415 2597 3510 2650 ὅτε
3564 2597 3624 2650 τὸ
3676 2597 3784 2667 ὅρος

2222 2689 2494 2760 ἐκάλυψεν
2520 2692 2579 2744 ὲν
2600 2693 2666 2762 τῇ
2697 2691 2893 2761 ἐρήμῳ
2928 2688 3136 2760 Χωρήϐ
3168 2706 3181 2720 ·
3224 2689 3284 2753 ὃς
3317 2689 3414 2743 xa‘t
3441 2689 3782 2759 ἐμαρτυρήθη

2223 2777 2487 2832 εἰσελθεῖν
2505 2778 2588 2842 εἰς
2615 2778 2710 2832 τὸν
2744 2778 2970 2848 γνόφον.
3003 2770 3065 2831 οὗ
3096 2773 3165 2850 ἧν
3197 2778 3226 2831 ὀ
3259 2778 3418 2844 Θεός.
3450 2773 3591 2832 Εἶτα
3617 2778 3672 2830 δὲ
3709 2777 3786 2830 καὶ

2223 2870 2312 2925 ὅτε
2342 2868 2441 2940 τὴν
2477 2867 2684 2940 σκηνὴν
2709 2867 2802 2922 τοῦ
2836 2869 3138 2940 μαρτυρίου
3172 2869 3448 2940 διαφόρως
3479 2867 3786 2938 ἐκάλυψενή

536 2983 662 3024 cum
688 2967 872 3039 Moyse
895 2967 961 3021 ".
999 2967 1214 3022 Rursus
1252 2981 1384 3022 vero
1408 2967 1666 3022 columna
1694 2965 1860 3021 nubis
1890 2966 2119 3036 praeibat

2223 2961 2424 3032 νεφέλη
2451 2960 2639 3027 πάλαι,
2674 2960 2931 3018 κάκεῖθεν
2972 2959 3205 3031 ἠκούετο
3226 2959 3404 3014 λαλῶν
3426 2959 3512 3030 τῷ
3543 2960 3788 3014 Mummio

427 3101 432 3106 .
535 3060 766 3131 populo,
800 3059 1038 3116 interdiu
1073 3058 1311 3133 quidem.
1339 3073 1534 3113 rorans
1555 3098 1570 3122 ,
1604 3065 1776 3113 noctu
1811 3067 1997 3113 autem
2025 3074 2119 3113 ar-

2225 3055 2379 3119 Θεός.
2413 3053 2611 3118 Στύλος
2655 3053 2714 3107 δὲ
2759 3053 2923 3106 πάλιν
2976 3053 3208 3125 νεφέλης
3251 3053 3661 3124 προεπορεύετο
3711 3051 3786 3106 τοῦ

539 3151 696 3205 dens.
727 3149 835 3206 Sed
865 3159 922 3206 et
951 3151 1120 3209 Isaias
1138 3157 1435 3205 venturum
1468 3147 1723 3218 praedixit
1751 3148 1796 3180 ‘°
1823 3149 2117 3204 Dominum

2225 3146 2376 3213 λαοῦ,
2398 3146 2666 3217 δροσίζων
2689 3145 2788 3217 μὲν
2810 3145 3046 3218 ἡμέρας,
3071 3145 3492 3218 ἐκπυρούμενος
3511 3146 3570 3198 δὲ
3598 3145 3786 3206 νυκτός.

539 3243 599 3298 in
620 3240 914 3314 Egyptum
946 3257 1115 3311 super
1148 3241 1356 3298 nubem
1387 3241 1590 3296 levem.
1625 3239 1706 3294 Ad
1740 3239 1859 3296 haec
1900 3255 2124 3311 quoque

539 3334 798 3390 audimus
823 3333 881 3388 in
905 3333 1223 3398 Salomone,
1253 3348 1378 3388 cum
1416 3331 1687 3402 templum
1709 3331 2038 3389 aediﬁcasset
2059 3348 2124 3389 ac

539 3425 870 3493 dedicasset,
925 3425 1181 3496 implesse
1238 3425 1445 3480 nubem
1496 3425 1724 3480 domum
1773 3425 2025 3493 Domini,
2063 3433 2124 3481 ut

539 3535 652 3574 non
682 3528 911 3590 possent
949 3519 1267 3574 sacerdotes
1299 3516 1512 3589 ingredi
1541 3533 1606 3574 ac
1634 3517 1946 3574 sacriﬁcare
1974 3535 2005 3574 a
2044 3519 2125 3575 fa-

540 3612 626 3667 cie
667 3610 836 3670 nubis
861 3611 929 3666 “.
971 3609 1117 3676 Haec,
1150 3626 1215 3666 ac
1244 3611 1315 3666 iis
1349 3611 1508 3681 plura
1539 3625 1834 3681 possumus
1864 3612 2124 3684 colligere

540 3719 610 3760 ex
649 3703 910 3758 universa
953 3702 1262 3772 Scriptura,
1292 3719 1405 3774 quo
1448 3719 1646 3760 sensus
1681 3705 2000 3776 propositus
2031 3720 2125 3761 ex-

539 3796 782 3868 plicetur
811 3811 876 3851 ac
905 3796 1217 3852 illustretur
1237 3837 1250 3862 ,
1277 3803 1335 3852 et
1363 3804 1425 3852 ut
1452 3797 1845 3868 intelligamus.
1870 3813 2123 3869 quaenam

541 3888 614 3943 sit
644 3889 749 3944 ista
776 3886 976 3952 nubes,
1005 3887 1342 3944 obumbrans
1373 3902 1568 3944 omnes
1595 3889 1690 3958 qui
1721 3896 2122 3959 apparuerunt,

541 3981 803 4052 ipsosque
838 3979 978 4035 adeo
1024 3987 1384 4050 spectatores,
1416 3996 1484 4035 ex
1517 3996 1626 4051 qua
1667 3981 1833 4036 etiam
1880 3997 1989 4037 vox
2029 3981 2124 4037 illa

539 4065 727 4129 audita
751 4073 825 4129 sit
857 4090 871 4127 :
909 4073 1006 4128 Hic
1033 4081 1110 4126 est
1143 4071 1307 4127 Filius
1351 4088 1498 4128 meus
1533 4074 1893 4143 charissimus,
1920 4075 1977 4129 in
2021 4091 2124 4146 quo

539 4163 670 4218 mihi
697 4163 824 4218 bene
846 4162 1173 4236 complacui;
1192 4166 1365 4236 ipsum
1392 4163 1595 4219 audite.

611 4345 728 4401 VII.
774 4345 1035 4402 Prmfatas
1079 4345 1258 4400 nubes
1294 4345 1401 4401 sibi
1447 4346 1584 4417 ipsis
1627 4355 1890 4418 cognatas
1931 4346 2124 4402 existi-

2148 3193 2192 3252 ο

2238 3239 2400 3293 Ἀλλά
2421 3240 2517 3294 καὶ
2555 3240 2782 3303 Ἡσαΐας
2805 3238 3063 3310 προλέγει
3112 3239 3206 3293 τὸν
3259 3240 3472 3309 Κύριον
3523 3239 3671 3310 ἥξειν
3710 3237 3787 3290 ἐπὶ

2224 3333 2461 3404 νεφέλης
2506 3333 2719 3404 κούφης
2772 3337 2854 3400 είς
2893 3336 3193 3403 Αἴγυπτον.
3240 3333 3362 3386 Ἔτι
3389 3331 3450 3385 δὲ
3476 3334 3570 3386 καὶ
3596 3332 3682 3383 ἐπὶ
3704 3332 3786 3382 Σο-

2223 3425 2501 3498 λομῶντος
2530 3425 2825 3497 ἀκούομεν,
2874 3427 2963 3481 ὅτε
3017 3426 3109 3480 τὸν
3147 3424 3278 3480 ναὸν
3333 3424 3657 3496 ᾠκοδόμησε
3709 3419 3785 3474 καὶ

2223 3515 2585 3587 καθιέρωσεν,
2625 3516 2708 3569 ὀτι
2762 3515 2854 3570 τὸν
2920 3511 3069 3570 οἷκον
3121 3516 3446 3587 ἐπλήρωσεν
3499 3516 3535 3586 ἡ
3590 3513 3782 3583 νεφέλη,

2225 3609 2321 3663 καὶ
2345 3609 2444 3662 οὐκ
2469 3607 2738 3677 ἠδύναντο
2767 3608 3034 3664 εἰσελθεῖν
3067 3608 3163 3663 καὶ
3193 3609 3503 3680 ἱερουργεῖν
3549 3608 3598 3660 oi
3647 3606 3787 3676 lapsi;

2221 3703 2334 3757 ἀπὸ
2359 3701 2658 3772 προσώπου
2686 3703 2788 3772 τῆς
2811 3703 3066 3774 νεφέλης.
3089 3700 3280 3757 Ταῦτα
3317 3700 3414 3756 καὶ
3464 3699 3634 3754 πλείω
3679 3697 3792 3774 τούο,

2222 3811 2332 3847 των
2379 3792 2608 3847 δυνατὸν
2655 3793 2765 3846 ἀπὸ
2801 3793 2988 3864 πάσης
3032 3794 3134 3865 τῆς
3182 3793 3407 3864 Γραφῆς
3461 3791 3782 3858 συναγαγεῖν,

2223 3886 2304 3947 εἰς
2337 3883 2685 3956 παράστασιν
2714 3885 2809 3938 καὶ
2841 3889 3142 3956 σαφήνειαν
3171 3883 3267 3938 τοῦ
3289 3882 3658 3955 προκειμένου
3678 3881 3784 3949 νοή-

2227 3995 2416 4050 ματος,
2441 3977 2647 4032 καὶτοῦ
2666 3977 2895 4048 γνῶναι,
2916 3977 3002 4043 τίς
3025 3973 3094 4050 ἦν
3111 3981 3144 4050 η
3161 3977 3384 4047 νεφέλη,
3413 3976 3658 4037 ἅπαντας
3681 3974 3786 4036 τοὺς

2224 4071 2487 4142 ὀφθέντας
2515 4071 2614 4125 σὺν
2635 4073 2752 4136 τοῖς
2785 4072 3003 4135 θεαταῖς
3047 4070 3445 4134 ὲπισκιάσασα,
3481 4068 3601 4123 ὅθεν
3647 4065 3785 4136 ἠκού-

2115 4215 2117 4217 ,
2226 4165 2328 4236 σθη
2362 4166 2458 4218 καὶ
2483 4167 2516 4235 ἡ
2540 4164 2694 4236 φωνὴ
2718 4164 2956 4233 λέγουσα
2985 4180 3000 4196 ·
3035 4160 3224 4230 Οὗτός
3248 4163 3421 4218 ἐστιν
3445 4165 3480 4217 ό
3535 4161 3658 4226 Υίός
3687 4176 3785 4229 μου

2225 4259 2259 4312 ό
2280 4257 2606 4326 ἀγαπητὸς,
2637 4257 2708 4311 ἐν
2735 4248 3118 4324 ᾧηῠδόκησα
3144 4272 3158 4286 ·
3187 4253 3376 4310 αὐτοῦ
3402 4255 3666 4310 ἀκούετε.

2294 4350 2408 4413 Τὰς
2440 4349 2542 4415 μὲν
2568 4349 2682 4421 γὰρ
2715 4348 3020 4420 εἰρημένας
3054 4347 3313 4416 νεφέλας,
3351 4348 3645 4416 συγγενεῖς
3669 4340 3784 4397 εἶναι

542 4453 696 4493 mare
740 4445 962 4508 Oportet
1003 4455 1017 4491 :
1056 4437 1201 4502 imo,
1249 4453 1418 4492 unam
1491 4453 1688 4493 omnes
1733 4438 2119 4495 incunctanter

2225 4442 2512 4513 νομιστέον
2540 4442 2791 4515 ἀλλήλων
2825 4457 2840 4474 ο
2903 4439 3108 4510 μᾶλλον
3156 4441 3237 4505 δὲ,
3301 4440 3433 4512 μίαν
3485 4438 3584 4503 τὰς
3635 4437 3785 4496 πάσας

544 4530 750 4586 dicere.
779 4529 892 4586 Nec
921 4543 1054 4584 vero
1085 4537 1245 4585 terrae
1284 4528 1690 4584 exbalationem
1729 4529 1992 4600 aliquam,
2028 4537 2119 4584 aut

2225 4533 2408 4605 λέγειν
2435 4537 2537 4590 οὐκ
2560 4535 2820 4603 ὀκνητέον
2851 4548 2870 4568 ·
2913 4531 2976 4587 οὺ
3025 4532 3132 4602 γῆς
3184 4531 3306 4586 οὐδὲ
3349 4531 3721 4601 ἀναθυμίασιν,
3755 4526 3782 4594 ἦ

543 4639 701 4695 aquae
729 4622 1202 4693 evaporationem,
1233 4621 1318 4677 vel
1348 4621 1836 4678 condensationem
1860 4621 2004 4678 aeris
2036 4622 2132 4678 de-

543 4719 739 4775 bemus
783 4725 1079 4788 reputare;
1114 4723 1211 4770 aut
1262 4713 1490 4771 omnino
1541 4731 1767 4770 aereum
1811 4715 1947 4786 quid
2001 4731 2128 4772 cor-

542 4827 728 4885 porca:
759 4809 1088 4867 substantia:
1116 4827 1131 4864 :
1158 4808 1256 4866 sed
1284 4808 1448 4865 nobis
1481 4808 1824 4880 possibilem,
1859 4825 1924 4864 ac
1953 4809 2130 4864 facul-

544 4905 644 4962 tati
663 4910 865 4959 nostrat
887 4909 1196 4973 coeptatam
1213 4909 1428 4956 natura
1447 4899 1649 4955 divina:
1669 4887 1944 4964 notitiam,
1963 4915 2127 4970 quam

545 5011 789 5069 congrua
856 4995 1031 5066 magis
1078 5009 1242 5059 voce,
1283 4989 1776 5064 magniﬁcentiami
1807 5031 1823 5057 ,
1863 4991 2124 5048 Davidica

545 5087 734 5159 phrasi
761 5084 1086 5140 dixerimus.
1119 5084 1260 5152 Quia
1290 5083 1440 5139 enim
1472 5081 1621 5139 ortui
1650 5097 1717 5138 ac
1748 5082 2002 5138 interitui
2031 5082 2128 5136 ob-

2230 4626 2424 4691 ύδατος
2454 4625 2777 4698 ὲξαέρωσιν,
2809 4625 2842 4698 ἢ
2871 4623 3155 4681 πύκνωσιν
3203 4623 3366 4694 ἀέρος
3400 4623 3616 4693 οἰητέον
3642 4620 3783 4687 αὐτὴν

2230 4715 2374 4774 εἶναι
2399 4735 2414 4752 ⁸
2449 4720 2559 4773 οὐδ’
2590 4720 2732 4782 ὅλως
2759 4736 2812 4772 τι
2847 4718 2945 4788 τῆς
2982 4715 3304 4787 σωματικῆς
3356 4716 3546 4779 οὐσίας
3588 4713 3779 4783 ἀέριον·

2229 4811 2368 4867 ἀλλά
2402 4813 2536 4880 ἡμῖν
2561 4809 2816 4878 ὲφικτὴν,
2873 4811 2969 4863 καὶ
3021 4811 3103 4872 εἰς
3157 4808 3308 4879 ἡμᾶς
3358 4806 3664 4876 φθάνουεαν
3704 4802 3781 4871 τῆς

2231 4903 2385 4967 θείας
2447 4903 2666 4972 φύσεως
2716 4900 2942 4970 γνῶσιν,
3006 4902 3074 4971 ἢν
3131 4899 3674 4969 μεγαλοπρέπειαν,
3723 4894 3781 4956 ὡς
3833 4945 3836 4950 .

2230 4992 2486 5063 ὀνομάζει
2544 4990 2729 5054 Δαόὶδ,
2793 4991 2971 5043 εἰπεῖν
3026 4989 3379 5061 οἰκειότερον.
3449 4988 3659 5059 Ἐπειδὴ
3697 4985 3780 5056 γὰρ

2232 5084 2526 5154 ἁνέφικτός
2568 5085 2689 5138 ἐστι
2726 5086 2838 5146 τοῖς
2877 5085 2936 5137 ὲν
2965 5083 3178 5152 γενέσει
3203 5083 3302 5138 καὶ
3339 5082 3520 5155 φθορᾷ
3540 5083 3632 5152 τῆς
3661 5078 3781 5138 θείας

546 5182 732 5239 noxiis
775 5181 976 5237 divinae
1026 5189 1239 5238 natura:
1297 5180 1722 5252 comprehensio
1769 5178 2119 5250 impossibilis

2233 5175 2423 5241 οὐσίας
2444 5177 2478 5246 ἡ
2513 5174 2846 5246 κατάληψις,
2873 5173 2962 5228 διὰ
2992 5173 3102 5257 τῶν
3152 5173 3527 5245 ἐνδεχομένων
3576 5171 3776 5242 τρόπων,

622 5335 668 5367 ⁸⁸
688 5334 855 5389 Marc.
883 5349 965 5397 Ix,
997 5335 1048 5388 5.
1127 5334 1173 5367 ⁸⁸
1203 5333 1396 5389 Matth.
1426 5350 1554 5397 xvn,
1582 5331 1696 5388 5-8.

553 5405 731 5462 “13a.
765 5419 875 5492 xIx,
905 5406 954 5460 i.
1031 5405 1072 5436 "‘
1105 5405 1149 5458 ll
1181 5405 1415 5474 Paralip.
1443 5420 1497 5468 ν,
1530 5404 1616 5459 15.

1809 5333 1854 5365 ⁵⁷
1889 5331 2064 5388 Exod.
2099 5349 2242 5396 tum,
2273 5331 2358 5387 18.
2416 5306 2421 5309 ξ

2468 5331 2516 5364 ⁸⁸
2546 5330 2712 5388 Num.
2745 5346 2853 5397 xvr,
2884 5330 2954 5384 45
3011 5346 3169 5401 seqq.
3280 5331 3326 5363 ⁸³
3357 5331 3530 5387 Exod.
3580 5344 3682 5392 xm,
3705 5326 3775 5380 2i.

1670 5567 1909 5623 VARIA‘]
1945 5565 2332 5624 LECTIONES
2371 5564 2459 5620 ET
2491 5563 2721 5622 NOTIE.

637 5687 651 5738 i
695 5683 1163 5758 Magniﬁcentjam,
1199 5680 1694 5758 μεγαλοπρέπειαν.
1726 5683 2326 5758 Voxestmcreberrima
2360 5683 2416 5758 in
2437 5680 2824 5758 Davidiciskac
2857 5682 2983 5758 aliis
3002 5699 3014 5747 ;
3055 5698 3154 5752 pro
3177 5664 3305 5752 qua,
3335 5699 3398 5737 ac
3431 5681 3608 5758 eadem
3638 5675 3774 5758 signi-

565 5745 821 5816 ﬁcatione
867 5745 959 5812 hic
995 5754 1064 5810 ab
1131 5745 1420 5825 Anastasio
1448 5745 1674 5823 'posita,
1707 5756 1895 5811 multis
1948 5755 2246 5825 Scriptura:
2289 5754 2426 5810 locis
2468 5752 2704 5825 habetur
2734 5751 2878 5819 δόξα.
2923 5745 3352 5825 Chrysostomus
3411 5761 3467 5808 et
3504 5751 3584 5806 alii
3621 5745 3772 5817 appel-

566 5829 684 5890 lant
721 5825 1147 5899 συγκατὰσασιν,
1194 5824 1344 5880 velut
1391 5825 1683 5896 quamdam
1739 5823 2308 5884 accommodationem
2346 5841 2446 5898 pro
2476 5824 2640 5881 modo
2690 5832 2957 5882 creaturae
3011 5839 3074 5880 ac
3115 5823 3236 5896 ejus
3263 5831 3444 5895 captu.
