4052 6566
192 390 341 460 1373

912 393 1168 458 sanuo
1207 350 1361 457 1.4-
1401 391 1483 457 IN
1521 380 2369 457 TRANSFIGURATIONEM
2402 397 2471 457 ι).
2517 395 2587 458 N.
2627 397 2685 461 ι.
2728 396 2795 459 c.

3337 392 3477 459 1374

189 504 499 560 ὀπτάνεται
541 502 696 575 ἡμῖν,
752 503 849 558 καὶ
883 503 940 559 ὲν
990 507 1104 568 τοῖς
1163 502 1281 577 μετ’
1343 504 1507 558 αὑτὸν
1555 501 1788 573 πλησίον

1906 503 2126 571 :xsistit,
2168 520 2268 577 per
2304 505 2500 562 modos
2545 506 2841 577 possibiles
2890 505 2945 561 in
2994 504 3064 562 iis
3106 503 3270 561 nobis
3316 504 3484 562 rebus

191 596 357 652 οὑσιν
381 594 574 662 αὑτοῦ,
606 595 752 649 καθά
784 595 850 667 δὴ
879 596 973 650 καὶ
1007 596 1094 651 διά
1146 596 1442 668 προφητῶν
1490 596 1622 668 ἡμῖν
1670 594 1791 648 ἑλά-

194 688 357 759 λησε,
388 688 499 743 Καὶ
532 687 823 751 ἀκούοντος
853 689 879 727 κ
933 688 1226 760 ἀνθρώπου
1272 688 1529 759 λέγοντος
1563 706 1595 736 ο.
1649 686 1791 757 Ἐγὼ

195 778 423 847 Κύριος
456 780 491 833 ὁ
523 777 669 843 Θεὸς
693 776 865 848 ὑμῶν
893 795 909 811 ⁸
946 779 1007 832 οὑ
1033 778 1128 832 τὸν
1152 778 1460 850 ἄνθρωπον,
1492 777 1626 833 Θεὸν
1650 772 1791 832 εἶναι

198 865 559 942 πιστεύομεν,
591 866 703 923 οἷον
741 868 833 923 τὸν
881 870 1110 925 Ἡσαΐαν
1138 885 1152 900 ο
1203 870 1339 924 ἀλλὰ
1386 872 1479 925 τὸν
1535 872 1593 924 ὲν
1644 869 1794 941 αὑτῷ

199 960 497 1026 λαλοῦντα,
542 962 696 1018 Θεόν.
748 960 982 1028 Οὐκοῦν,
1044 963 1094 1016 et
1155 963 1251 1018 καὶ
1297 962 1397 1033 τῆς
1438 962 1671 1033 νεφέλης
1725 957 1795 1033 ἦν

151 1118 157 1127 ⁸
199 1053 386 1126 φωνὴ,
440 1055 565 1111 ὅθεν
612 1057 706 1110 καὶ
750 1056 984 1127 ἠκούετο
1014 1072 1028 1087 ⁸
1090 1057 1207 1112 ἀλλ’
1253 1052 1347 1112 οὖν
1398 1057 1641 1127 δηλονότι
1697 1054 1794 1110 τοῦ

154 1150 161 1171 λ
203 1149 425 1222 Πατρδς
446 1151 877 1223 προηγουμένως
897 1146 1015 1223 ἦνή
1035 1152 1211 1223 φωνὴ,
1234 1151 1266 1221 ἡ
1288 1149 1385 1204 τοῦ
1406 1167 1481 1220 μα
1490 1150 1798 1221 ρτυρήσαν-

197 1257 302 1304 τος
328 1240 481 1312 αύτῷ
514 1240 614 1313 τὴν
644 1242 891 1313 υίότητα,
944 1242 1035 1297 διὰ
1082 1243 1301 1312 φύσεως
1352 1241 1580 1313 λογικῆς
1641 1244 1797 1310 ὲγγι-

203 1330 410 1404 ξούσης
439 1332 588 1404 αὑτῷ
618 1333 1038 1407 βροντήσαντος.
1071 1334 1195 1388 Εἰσὶ
1231 1336 1330 1405 μὲν
1349 1334 1460 1406 γὰρ
1503 1334 1599 1387 καὶ
1636 1333 1797 1404 νεφέ-

200 1422 299 1477 λαι
331 1422 744 1494 ὑποδεέστεραι,
780 1423 965 1497 φωνὴν
998 1423 1241 1479 διδοῦσαι
1283 1425 1376 1479 καὶ
1418 1424 1801 1495 ὑποφητεύου-

203 1530 304 1569 σαι
324 1514 404 1586 τῷ
441 1514 586 1585 λόγῳ
623 1532 637 1547 ·
664 1516 808 1571 κατὰ
832 1516 915 1582 τὸ,
941 1515 1161 1587 Φωνὴν
1178 1516 1413 1571 ἔδωκαν
1436 1519 1496 1571 αἱ
1522 1515 1800 1585 νεφέλαι.

203 1607 322 1662 Καὶ
347 1607 688 1666 ἐντέλλονται
713 1608 809 1663 τοῦ
852 1609 928 1682 μὴ
956 1609 1147 1682 βρέξαι
1164 1609 1319 1663 ὑετὸν
1343 1611 1425 1673 εἰς
1445 1609 1539 1663 τὸν
1567 1609 1802 1664 ἀκανθο-

202 1701 382 1774 φόρον
410 1702 735 1772 ἀμπελῶνα,
777 1704 869 1757 τὸν
897 1703 1215 1774 σωματικὸν
1246 1701 1396 1757 οἷκον
1418 1702 1512 1758 τοῦ
1561 1704 1799 1777 Ἰσραήλ.

202 1794 511 1867 Προφήτας
529 1796 587 1849 δὲ
620 1795 847 1860 τούτους
889 1791 1031 1850 εἷναί
1070 1812 1235 1866 φημι,
1263 1795 1356 1849 τὸν
1385 1795 1542 1863 λόγον
1579 1795 1791 1860 ὑοντας,

201 1887 308 1940 καὶ
335 1887 600 1959 ἄρδοντας
623 1889 752 1952 τοὺς
783 1887 1051 1959 ποτισμοῦ
1077 1887 1388 1959 δεομένους.
1424 1888 1487 1941 Ἦ
1515 1887 1574 1942 δὲ
1602 1888 1796 1959 νεφέλη

204 1979 354 2051 αὓτη
400 1980 579 2044 πάσας
633 1982 956 2053 ὑπεραίρει,
1010 1982 1108 2034 καὶ⁸
1146 1981 1361 2045 σκιάζει
1405 1981 1654 2044 πάντας·
1716 1981 1802 2035 ἵνα

204 2070 481 2142 εῐπῶμεν,
540 2072 806 2144 Πρόνοιαν
859 2075 1097 2127 ποιεῖται
1153 2073 1393 2128 πάντων.
1450 2069 1641 2140 Οὗτος
1686 2069 1800 2139 οὖν,

205 2162 414 2232 φησὶν,
451 2166 485 2217 ὁ
528 2164 662 2229 Υἱός
705 2182 826 2234 μου
856 2167 890 2219 ό
917 2164 1258 2234 ἀγαπητὸς,
1289 2164 1361 2218 ἐν
1389 2158 1438 2232 ᾧ
1460 2164 1800 2233 ηὐδόκησα-

205 2253 405 2309 αὐτοῦ
433 2255 701 2310 ἀκούετε.
737 2256 814 2309 Οὑ
868 2256 1059 2324 λέγει,
1096 2257 1189 2309 τὸν
1240 2256 1367 2309 Υἱὸν
1422 2257 1800 2328 ἠγαπημένον,

204 2346 351 2401 ἀλλὰ
384 2348 603 2435 μᾶλλον.
639 2349 973 2418 ἀγαπητόν.
1020 2350 1078 2403 '0
1125 2348 1226 2420 μὲν
1256 2349 1368 2421 γὰρ
1413 2349 1802 2421 ἀγαπώμενος,

203 2440 274 2494 οὑ
300 2440 522 2505 πάντως
544 2441 834 2511 ἀγαπητός
861 2459 874 2472 ο
917 2444 946 2496 ὁ
991 2441 1050 2495 δὲ
1083 2443 1388 2513 ἀγαπητὸς,
1442 2442 1533 2496 καὶ
1579 2441 1807 2511 ἀγαπώ-

210 2532 379 2602 μενός
406 2534 544 2587 ἔστι.
575 2531 649 2585 Τὸ
669 2533 778 2604 γάρ
826 2533 1131 2606 ἀγαπητὸν,
1191 2533 1351 2603 φύσει
1395 2532 1638 2588 τοιοῦτόν
1686 2537 1804 2588 ἐστι

209 2623 439 2686 πάντως
464 2636 481 2654 ⁸
516 2622 578 2675 τὸ
606 2622 661 2675 δὲ
688 2623 1074 2693 ἀγαπώμενον,
1107 2624 1169 2678 οὑ
1202 2625 1420 2687 πάντως
1459 2625 1621 2693 φύσει
1650 2664 1666 2690 ,
1713 2626 1807 2678 εὑ-

207 2713 374 2785 δοκία
402 2713 485 2769 δέ.
526 2712 587 2767 Ὀ
638 2714 820 2768 τοίνυν
850 2715 976 2778 mg
1032 2709 1115 2778 εἷς
1164 2714 1261 2778 ὢν,
1308 2714 1455 2770 ἔστιν
1497 2716 1803 2786 ἀμφότερα,

210 2804 314 2859 καὶ⁸
359 2805 667 2876 ἀγαπητὸς,
720 2806 846 2871 καὶ,
900 2806 988 2858 ἵνα
1036 2804 1213 2869 οὕτως
1260 2806 1420 2870 είπω,
1465 2806 1755 2877 εὑδόκητος
1787 2823 1804 2839 ο

208 2896 409 2968 ἐπειδὴ
438 2896 747 2969 προσέλαϐε
773 2914 828 2950 τι
868 2896 1212 2968 έτεροούσιον
1241 2897 1458 2961 ἑαυτοῦ,
1503 2899 1599 2953 καὶ
1638 2916 1808 2972 προσ-

114 3016 117 3017 ν
210 2987 430 3060 ελήφθη
470 2989 530 3042 τὸ
561 2989 635 3061 μὴ
662 2989 957 3059 δμοούσιον
1003 2990 1083 3053 εἰς
1130 2991 1260 3061 μιᾶς
1289 2990 1643 3055 ὑποστάσεως
1675 2992 1809 3046 ἀνά-

209 3080 407 3146 δειξιν.
451 3080 764 3147 ’Υπέδειξεν
792 3076 885 3135 οὖν
910 3082 1042 3152 ἡμῖν
1067 3083 1094 3135 ὁ
1119 3082 1312 3156 Πατὴρ
1341 3084 1399 3137 έν
1427 3086 1494 3156 τῇ
1531 3084 1808 3156 μαρτυρίᾳ

1891 607 2153 670 apparet,
2198 614 2321 669 qua:
2351 606 2475 670 post
2511 598 2689 670 ipsum
2738 598 2842 669 ipsi
2879 597 3188 668 propinque
3229 596 3432 651 habent
3464 592 3482 651 ξ

1894 709 2001 763 qua
2050 692 2314 747 nimirum
2352 692 2565 747 ratione
2602 706 2702 761 per
2738 690 3035 761 prOphctas
3065 702 3289 758 quoque
3325 685 3486 742 nobis

1893 785 2112 839 locutus
2137 793 2219 840 est
2241 800 2255 847 ;
2280 783 2679 853 audientesque
2704 782 2983 837 dicentem
3016 780 3298 835 hominem
3331 796 3344 833 :
3372 778 3485 850 Ego

1894 878 2150 933 Dominus
2216 876 2358 931 Deus
2434 881 2634 941 vester,
2705 874 3135 945 haudquaquam
3202 871 3487 927 hominem

1896 971 2068 1025 Deum
2103 984 2224 1024 esse
2259 968 2561 1029 credimus,
2600 975 2733 1036 puta
2779 966 2974 1021 Isaiam
3015 964 3152 1021 :sed
3209 979 3337 1018 eum
3389 961 3484 1032 qui

1898 1064 2145 1134 loquitur
2178 1063 2234 1117 in
2267 1063 2407 1133 ipso,
2442 1062 2609 1116 Deus.
2640 1060 2966 1130 Quanquam
2999 1074 3131 1129 ergo
3172 1072 3276 1113 vox
3321 1054 3488 1110 nubis

1878 1164 2040 1218 ,erat,
2077 1154 2224 1210 unde
2268 1161 2326 1209 et
2356 1152 2714 1216 audiebatur,
2748 1150 3131 1221 principaliter
3178 1159 3359 1204 tamen
3390 1146 3486 1201 Dei

1898 1265 2005 1305 vox
2024 1258 2165 1315 erat,
2194 1246 2575 1303 testimonium
2597 1243 2944 1315 perhibentis
2966 1242 3127 1305 Filio,
3155 1256 3218 1296 ac
3244 1236 3489 1297 tonantis

1902 1357 2003 1412 per
2027 1341 2265 1396 vicinam
2296 1339 2402 1395 sibi
2437 1336 2764 1392 rationalem
2794 1343 3051 1389 naturam
3090 1333 3132 1387 1.
3166 1333 3309 1388 Sunt
3335 1331 3487 1386 enim

1901 1433 2068 1489 etiam
2120 1432 2412 1487 inferiores
2460 1431 2661 1496 nubes,
2699 1445 2820 1500 qua:
2848 1443 3043 1483 vocem
3078 1427 3232 1489 dent,
3264 1425 3491 1493 sintque

1900 1523 2060 1579 verbi
2094 1524 2447 1593 interpretes,
2473 1522 2629 1592 juxta
2660 1518 2800 1574 illud
2828 1536 2841 1572 :
2874 1518 3063 1572 Vocem
3102 1516 3356 1569 dederunt
3386 1530 3489 1567 nu-

1902 1616 1990 1671 bes
2020 1617 2085 1671 ".
2111 1615 2247 1672 Item
2280 1613 2575 1669 mandatur
2600 1610 2845 1666 nubibus
2874 1626 2945 1664 ne
2979 1610 3172 1679 pluant
3205 1622 3374 1677 super
3402 1605 3490 1659 vi-

1903 1723 2067 1764 neam
2095 1708 2279 1779 spinas
2314 1705 2605 1771 ferentem,
2638 1702 2980 1773 corporalem
3015 1699 3237 1755 lsraelis
3266 1698 3492 1753 domum

1904 1818 1968 1857 ac
2009 1800 2296 1857 familiam.
2346 1797 2457 1853 Hos
2487 1803 2694 1861 autem,
2738 1794 3034 1865 prophetas
3062 1791 3210 1857 dico,
3241 1790 3334 1861 qui
3362 1805 3493 1843 ver-

1911 1895 2040 1949 bum
2064 1894 2275 1964 pluant,
2300 1907 2363 1945 ac
2386 1888 2669 1960 potatione
2698 1886 3009 1957 indigentes
3035 1884 3290 1955 irrigent.
3322 1884 3495 1940 Porro

1905 1986 2085 2044 nubes
2114 1987 2230 2041 haec
2276 1984 2566 2039 universas
2598 1980 2897 2052 praecellit,
2928 1993 2993 2033 ac
3049 1975 3349 2031 obumbrat
3378 1991 3495 2029 om-

1906 2097 2006 2137 nes
2024 2081 2222 2143 nubes,
2241 2079 2393 2132 velut
2424 2077 2676 2130 dicamus
2710 2074 3099 2129 universorum
3120 2085 3283 2141 agere
3303 2067 3460 2139 provi
3476 2099 3493 2109 -

1906 2174 2169 2230 dentiam.
2221 2170 2318 2225 Hic
2344 2185 2495 2241 ergo,
2529 2168 2729 2238 inquit,
2761 2175 2836 2220 est
2870 2163 3033 2219 Filius
3068 2179 3213 2217 meus
3240 2162 3493 2216 charissi-

1906 2284 2043 2330 mus,
2093 2266 2145 2318 in
2174 2279 2276 2333 quo
2339 2262 2463 2315 mihi
2492 2261 2619 2315 bene
2650 2257 2946 2329 complacm‘
2964 2274 2981 2322 ;
3010 2257 3186 2327 ipsum
3219 2252 3398 2307 audite
3421 2252 3490 2309 ⁸³.

1905 2360 2026 2415 Non
2050 2358 2146 2423 ait,
2164 2356 2364 2411 Filium
2388 2352 2783 2417 dilectum,sed
2804 2350 2998 2421 magis,
3018 2347 3405 2403 charissimum
3426 2356 3488 2399 ω.

1907 2451 2009 2518 Qui
2032 2448 2181 2504 enim
2205 2446 2475 2518 diligitur,
2498 2460 2609 2499 non
2631 2442 2816 2498 statim
2843 2442 2959 2513 ipse
2983 2439 3346 2497 charissimus
3366 2445 3449 2492 est
3473 2451 3491 2491 :

1908 2542 2003 2614 qui
2033 2550 2217 2596 autem
2244 2548 2330 2595 est
2354 2536 2738 2601 charissimus,
2765 2535 2929 2590 etiam
2961 2534 3198 2588 dilectus
3222 2539 3325 2587 est.
3351 2528 3495 2584 Cha-

1909 2636 2189 2691 rissimum
2234 2633 2408 2696 enim,
2451 2630 2678 2685 omnino
2709 2628 2815 2684 tale
2843 2638 3041 2683 natura
3066 2635 3151 2683 est
3179 2642 3194 2680 :
3229 2624 3494 2680 dilectum

1907 2737 2130 2794 autem,
2164 2742 2275 2781 non
2324 2723 2552 2779 omnino
2600 2729 2686 2775 est
2731 2729 2951 2784 natura,
2985 2717 3081 2773 sed
3123 2711 3495 2783 beneplacito.

1908 2823 2085 2880 Filius
2134 2834 2266 2891 ergo
2314 2831 2460 2871 unus
2508 2814 2804 2877 exsistens,
2857 2820 3155 2879 utrumque
3206 2813 3313 2871 est,
3368 2818 3498 2859 cum

1908 2914 2291 2976 charissimus,
2317 2920 2455 2974 tum,
2480 2916 2541 2962 ut
2562 2907 2639 2961 ita
2663 2906 2881 2975 loquar,
2906 2900 3286 2971 beneplacitus
3313 2913 3327 2949 :
3349 2892 3496 2965 quod

1906 3006 2173 3062 nimirum
2212 3003 2456 3058 alienum
2490 2997 2698 3069 aliquid
2736 3013 2768 3051 a
2798 2993 3110 3051 substantia
3154 3005 3253 3046 sua
3280 3002 3499 3043 assum-

1910 3097 2122 3170 pserit;
2149 3095 2352 3164 sitque,
2381 3089 2530 3161 quod
2565 3104 2675 3143 non
2705 3086 2951 3159 ejusdem
2978 3093 3125 3138 esset
3147 3077 3494 3144 substantite,

208 3171 317 3269 τὴν
339 3172 659 3269 ἑτερότητα,
682 3173 744 3226 οὑ
779 3173 1081 3247 διαστήσας
1108 3174 1177 3229 τά
1205 3174 1462 3246 ἡνωμένα
1527 3174 1669 3246 (πῶς
1695 3176 1804 3248 γὰρ

1910 3194 2251 3258 assumptum
2314 3182 2383 3238 ad
2462 3181 2629 3236 unius
2695 3175 3150 3233 constitutionem
3221 3185 3495 3243 personm.

210 3260 363 3332 ἅπερ
418 3263 628 3333 ἥνωσεν
674 3267 702 3317 ὁ
757 3264 889 3330 Θεὸς
908 3307 923 3333 ,
951 3268 1357 3340 χωρισθήσεται
1382 3287 1397 3336 ;
1423 3268 1466 3339 ),
1497 3267 1633 3321 ἀλλὰ
1661 3268 1805 3323 διδά-

213 3352 318 3418 ξας
342 3354 452 3407 τῶν
486 3356 798 3427 έτεροφυῶν
829 3358 930 3432 τὴν
959 3359 1177 3425 ἕνωσιν,
1208 3362 1306 3413 καὶ
1341 3360 1433 3413 τὸν
1489 3362 1554 3415 ἐκ
1599 3360 1806 3415 τούτων

213 3444 582 3516 συγκείμενον
607 3447 704 3503 ἕνα
733 3449 864 3505 Υἱδν
892 3452 1124 3523 Χριστὸν
1154 3452 1378 3524 Κύριον,
1404 3452 1499 3506 ἕνα
1529 3453 1656 3507 Υίὺν
1671 3454 1811 3521 ἀγα·

213 3538 413 3612 πητὸν,
449 3533 494 3609 ᾧ
522 3540 811 3612 λατρεύειν
856 3545 1038 3599 πᾶσαν
1088 3544 1188 3617 τὴν
1236 3546 1435 3613 κτίσιν,
1495 3548 1587 3601 καὶ
1642 3546 1807 3601 αὑτοῦ

210 3631 445 3688 ἀκούειν
476 3633 761 3705 εὑδόκησε.
1545 3650 1551 3657 ‘

286 3912 511 3987 Ταύτης
537 3912 630 3967 οὑν
657 3912 756 3983 τῆς
781 3911 1235 3985 μεγαλοπρεποῦς
1257 3913 1443 3985 φωνῆς
1474 3911 1810 3977 ἀκούσαντες

213 4010 265 4062 οἱ
300 4005 618 4069 ἀπόστολοι,
655 4005 884 4059 ἔπεσον
914 4006 1013 4059 ἐπὶ
1050 4006 1398 4075 πρόσωπον,
1442 4006 1809 4074 ὑποταγέντες

213 4105 284 4175 τῇ
319 4101 527 4157 ἄνωθεν
556 4100 840 4175 ἐνεχθείσῃ
876 4103 1028 4171 φωνῇ
1054 4142 1069 4166 ,
1102 4100 1200 4155 καὶ
1222 4092 1631 4171 ἐφοϐήθησαν
1651 4103 1807 4170 σφό-

213 4195 335 4265 δρα
365 4212 380 4225 ο
421 4195 551 4256 ἴσως
588 4192 674 4247 διὰ
706 4192 804 4264 τὴν
833 4193 1122 4263 φθάσασαν
1176 4193 1487 4259 ἀπείθειαν,
1544 4191 1809 4264 μαθόντες

212 4292 299 4346 ὅτι
358 4289 671 4345 τούναντίον
726 4291 795 4360 τῇ
855 4288 950 4342 τοῦ
996 4289 1210 4359 Πατρὸς
1259 4289 1523 4360 ἐφρόνουν
1568 4288 1805 4360 εὑδοκίᾳ,

213 4386 313 4439 τὸν
344 4383 573 4438 θάνατον
602 4381 693 4436 τοῦ
724 4381 854 4435 Υίοῦ
884 4380 1433 4452 άποτροπιαζόμενοι,
1478 4381 1547 4433 δι’
1588 4373 1651 4433 οὗ
1706 4381 1811 4433 πᾶρ

218 4496 310 4535 σιν
348 4475 661 4548 ἀνθρώποις
691 4475 726 4545 ἠ
768 4472 1017 4545 σωτηρία
1049 4473 1505 4544 προεταμιεύετο,
1538 4472 1683 4528 κατὰ
1708 4472 1808 4545 τὴν

216 4568 460 4643 ἀρχαίαν
487 4566 683 4639 βουλὴν
708 4566 803 4619 τοῦ
836 4564 1068 4636 Πατρός.
1102 4565 1390 4636 Ἐμφόϐων
1413 4565 1470 4618 δὲ
1493 4565 1806 4636 γενομένων
1839 4552 1881 4606 Π

219 4660 406 4717 αὐτῶν
433 4659 527 4713 καὶ
557 4657 730 4729 χαμαὶ
784 4656 1073 4726 κειμένων,
1136 4656 1415 4725 Ἐγγίσας
1461 4660 1494 4711 ὀ
1551 4656 1804 4724 Ἰησοῦς,

218 4756 426 4824 ἥψατο
452 4749 674 4812 αὐτῶν,
714 4748 910 4818 λέγων
945 4765 960 4780 ο
1005 4747 1352 4818 Ἐγείρεσθε,
1408 4749 1507 4803 καὶ
1564 4748 1651 4820 μὴ
1703 4767 1809 4819 φο-

220 4844 449 4900 ϐεῖσθε.
500 4841 733 4903 Οὐδενὸς
764 4838 873 4908 γὰρ
901 4833 970 4909 ἦν
1005 4838 1103 4910 τὴν
1124 4838 1325 4892 δειλίαν
1352 4838 1568 4911 ἐκείνην
1592 4839 1808 4893 διασκε-

217 4940 384 4994 δάσαι
421 4936 518 4990 καὶ
551 4934 643 4989 τὸν
671 4934 855 5005 φόϐον,
883 4936 932 4988 εί
971 4934 1045 5005 μὴ
1084 4932 1243 5002 μόνον
1274 4929 1367 4984 τοῦ
1403 4930 1555 4997 Υίοὺ,
1581 4932 1641 4985 τὸ
1672 4931 1808 5002 Θαρ-

222 5034 343 5107 ρεῖν
372 5031 459 5085 ἀεὶ
480 5029 838 5102 κελευομένου
861 5030 974 5092 τοῖς
1004 5024 1153 5096 αὑτῷ
1176 5024 1591 5096 πλησιάζουσιν.

1909 3279 2166 3338 Ostendit
2215 3277 2399 3347 itaque
2436 3288 2536 3329 suo
2583 3270 2744 3326 nobis
2790 3268 2953 3323 Pater
2999 3267 3107 3321 hoc
3159 3260 3498 3327 testimonio,

1910 3375 2160 3430 diversas
2206 3384 2329 3425 esse
2376 3364 2750 3428 substantias;
2782 3377 2893 3416 non
2938 3370 3002 3415 ut
3050 3364 3272 3427 separet
3320 3357 3496 3415 unita,

1912 3464 2029 3538 (qui
2065 3462 2213 3519 enim
2242 3468 2570 3531 separentur
2597 3470 2719 3526 quae
2751 3453 2932 3508 univit
2952 3448 3160 3521 Deus?)
3183 3447 3280 3503 sed
3312 3460 3497 3501 rerum

1910 3567 2107 3616 natura
2149 3555 2495 3611 diversarum
2546 3549 2809 3605 unionem
2860 3546 3078 3608 doceat,
3111 3559 3175 3598 ac
3208 3555 3380 3596 unum
3431 3553 3501 3593 ex

1910 3652 1992 3709 eis
2026 3645 2394 3719 compositum
2428 3643 2653 3707 Filium,
2692 3640 2979 3697 Christum
3026 3635 3357 3699 Dominum;
3406 3629 3500 3685 Fi-

1909 3747 2047 3802 lium
2093 3757 2264 3797 unum
2311 3737 2725 3801 charissimum,
2760 3732 2849 3788 cui
2893 3728 3229 3801 Complacuit
3274 3740 3497 3781 omnem

1910 3837 2121 3897 servire
2156 3840 2467 3889 creaturam
2497 3844 2561 3883 ac
2588 3826 2768 3897 ipsum
2798 3823 3014 3879 audire.

1976 3929 2115 3987 Vll‘l.
2149 3924 2454 3981 Audientes
2486 3920 2674 3990 itaque
2701 3916 2935 3988 apostoli
2970 3913 3314 3986 magniﬁcam
3353 3911 3499 3965 hanc

1909 4035 2124 4083 vocem,
2170 4016 2469 4071 ceciderant
2502 4013 2558 4067 in
2593 4012 2819 4082 faciem;
2858 4007 3091 4078 subjecti
3134 4005 3349 4061 scilicet
3375 4001 3497 4056 voci

1911 4114 1979 4170 de
2020 4111 2241 4167 excelso
2284 4106 2536 4169 emissae,
2595 4110 2647 4158 et
2687 4103 2976 4156 timuerunt
3023 4096 3197 4152 valde.
3239 4096 3498 4150 Fortasse

1910 4212 2139 4277 propter
2164 4198 2571 4273 praecedentem
2600 4192 3060 4254 inobedientiam,
3093 4189 3189 4244 ubi
3220 4189 3332 4258 jam
3359 4201 3496 4240 con-

1910 4297 2148 4353 trarium
2183 4310 2241 4350 se
2285 4291 2464 4349 Patris
2513 4288 2865 4359 beneplacito
2911 4299 3105 4356 sapere
3149 4281 3494 4343 didicissent,

1912 4387 2034 4444 Filii
2066 4392 2300 4440 mortem
2341 4388 2683 4444 aversantes,
2716 4378 2876 4448 cujus
2903 4375 3105 4429 merito
3131 4375 3285 4445 juxta
3318 4369 3498 4425 Patris

1912 4474 2201 4545 antiquum
2238 4470 2533 4527 consilium
2563 4467 2827 4522 universo
2855 4466 3100 4519 humano
3129 4458 3317 4534 generi
3348 4459 3498 4514 salus

1911 4564 2152 4637 paranda
2204 4571 2370 4619 esset.
2426 4560 2661 4615 Territis
2704 4573 2870 4629 porro
2922 4556 3034 4611 illis
3083 4570 3147 4609 ac
3178 4552 3331 4607 humi
3365 4565 3498 4621 pro-

1912 4654 2099 4712 stratis
2131 4672 2144 4709 :
2177 4652 2437 4709 Accedens
2463 4650 2638 4714 Iesus,
2676 4649 2842 4718 tetigit
2870 4663 2976 4711 eos,
3010 4645 3185 4698 dicens
3216 4660 3234 4698 :
3263 4640 3494 4713 Surgite,

1910 4758 1960 4802 et
1992 4746 2153 4802 nolite
2191 4746 2394 4800 timere.
2423 4742 2644 4798 Nullius
2671 4739 2820 4795 enim
2856 4737 3099 4809 partium
3132 4744 3254 4791 erat
3289 4742 3496 4788 metum

1910 4844 2064 4898 illum
2100 4840 2370 4911 dissipare
2404 4844 2571 4907 atque
2606 4834 2885 4896 timorem,
2915 4839 3284 4901 praeterquam
3317 4825 3495 4881 solum

1910 4932 2059 4997 Filii,
2095 4932 2188 5001 qui
2217 4944 2437 5001 semper
2463 4941 2658 4982 omnes
2690 4924 2759 4981 ad
2799 4924 2979 4995 ipsum
3005 4920 3336 4977 accedentes
3363 4931 3495 4971 con-

1912 5023 2084 5080 ﬁdere
2110 5023 2288 5095 jubet.
2418 5066 2419 5069 η
3085 5014 3088 5018 ’

291 5154 338 5186 ⁸⁸
362 5151 504 5209 Psal.
532 5164 708 5218 cxuv,
734 5150 769 5207 5
790 5166 907 5222 seq.
951 5229 956 5233 .
986 5150 1031 5181 ⁸³
1059 5149 1161 5203 lsa.
1199 5163 1380 5212 xavnr,
1421 5146 1482 5200 l7
1515 5160 1631 5215 seq.
1662 5144 1708 5176 “
1735 5145 1876 5200 Psal.
1916 5161 2093 5210 LXXVI,
2123 5144 2209 5199 18.
2286 5143 2331 5175 ⁸⁸
2365 5144 2471 5198 lsa.
2501 5158 2554 5209 ν,
2588 5140 2640 5195 6.

1343 5261 1580 5319 νΑιιιλΕ
1617 5259 1999 5316 LECTIONES
2030 5258 2118 5313 ET
2157 5256 2389 5313 NOTIE.

322 5365 349 5404 ι
388 5363 768 5428 Ἀκούοντος.
830 5359 963 5430 Leg.
1020 5358 1331 5430 ἀκούοντες.

222 5435 451 5506 λογικῆς
517 5423 843 5506 ἐγγιζούσης
874 5423 1055 5506 Διῖιὺιιιῷ
1108 5428 1518 5506 βροντῄσαντος.
1588 5426 1796 5495 Nempe

1906 5439 1956 5478 ει·
2028 5423 2253 5506 angelos
2304 5438 2319 5476 :

1432 5355 1550 5410 lAc
1584 5355 1821 5408 tonantis
1874 5369 1967 5424 per
2022 5353 2249 5424 vicinam
2294 5351 2391 5405 sibi
2442 5346 2761 5424 rationalem
2800 5354 3072 5401 naturam.
3126 5340 3226 5424 sui

3317 5337 3492 5393 ύσεως

2376 5358 2391 5404 i
2442 5358 2761 5404 rationalem
2800 5358 3072 5401 naturam.
3126 5358 3226 5394 Δια
3276 5358 3488 5411 φύσεως

2371 5421 2460 5475 cui
2522 5418 2751 5475 omnino
2811 5421 3077 5471 consonat
3136 5411 3270 5467 illud
3334 5411 3487 5465 Pauli

225 5481 513 5570 Ηέὺικμιι,
635 5481 671 5557 ξ
690 5501 747 5557 Si
798 5481 940 5555 enim
987 5481 1081 5572 per
1108 5481 1335 5570 'a'ngelos
1386 5481 1553 5572 dicitur
1600 5481 1773 5572 serm'o
1816 5481 1986 5572 factus
2026 5481 2319 5572 e_s_tu_f_irmus
2361 5507 2378 5546 :
2415 5508 2539 5572 cum
2592 5492 2851 5572 loquatur
2899 5486 2967 5541 de
3005 5483 3382 5572 ‘legisllatione,
3433 5481 3488 5535 in

226 5590 335 5646 qua
394 5552 525 5630 item
580 5574 804 5645 angelus
848 5588 923 5646 ex_
960 5552 1332 5646 ﬁei__per§ona
1386 5569 1630 5646 loquitur
1685 5552 1974 5646 denube.
2041 5552 2371 5646 Nolit_ver_o
2411 5552 2736 5644 Ariastasi'us
2772 5557 3041 5646 ejusmodi
3078 5552 3285 5646 nubes,
3337 5552 3487 5620 ipsos

227 5622 454 5716 a‘ngelos
504 5622 784 5709 essefseu
832 5644 986 5698 unita
1045 5622 1478 5716 illisﬁcorpora‘,
1516 5637 1852 5716 sed_potius
1900 5636 1969 5716 i_i_s
2012 5634 2260 5707 symbolo
2308 5622 2819 5716 designari._q.uod'
2848 5630 3021 5685 instar
3073 5622 3305 5716 nubium
3356 5636 3484 5674 ver-

229 5714 365 5798 bum
406 5716 598 5798 pluant
649 5716 853 5798 ac_Dei
908 5714 1129 5798 oracula
1176 5729 1190 5765 :

1241 5694 1518 5780 quomodo
1573 5694 1738 5764 etiam
1780 5694 2182 5780 praedicatores
2207 5721 2271 5759 ac
2314 5694 2468 5780 verbi
2524 5694 2693 5757 divini
2738 5703 3082 5780 interpretes.
3114 5694 3290 5749 nubes
3333 5700 3481 5780 sunt.

227 5793 281 5864 ’τ’
301 5762 693 5864 ϐἠαᾙεδίηιυε..
719 5786 1020 5864 ἀγαπητός.
1083 5762 1362 5852 ῐιιιοινιῖι-εε
1424 5762 1807 5835 Latina—svum}
1836 5777 2108 5847 expressit
2134 5774 2242 5830 vim
2271 5776 2437 5835 vocis.
2465 5790 2628 5844 quam
2658 5784 2813 5843 urget
2835 5762 3178 5864 Anastasiqs,
3206 5762 3484 5864 cumfed-

1141 5863 1144 5864 ,
1219 5861 1226 5864 .
1381 5852 1394 5864 ι
1623 5851 1634 5864 ι
1916 5849 1927 5864 ι
1964 5848 2042 5864 οη,
2158 5846 2316 5864 netu-4
2404 5863 2432 5864 η
2485 5847 2496 5864 ι
2533 5844 2627 5864 _.!.
2669 5844 2932 5864 -_:,.:----..
3000 5850 3056 5864 ..ι
3096 5857 3107 5864 .
3136 5838 3310 5864 ἔλα-ιιι.-
3380 5840 3478 5864 ..Α-ζ

231 5855 330 5923 dit,
357 5858 612 5923 dilectus;
643 5833 786 5912 idem
814 5833 1351 5925 enim'sonata—tque
1373 5833 1749 5923 ἠγαπημένος,
1784 5833 1927 5920 quod
1963 5848 2052 5904 ille
2097 5846 2327 5902 minoris
2352 5833 2631 5917 emphasis
2661 5833 2960 5904 existimat,
3000 5850 3058 5894 ut
3094 5838 3310 5894 dicatur
3341 5833 3478 5909 ηγαέ
