4052 6526
223 362 358 427 1377

989 318 1244 421 δεκΜο
1290 362 1375 425 ιι.
1414 386 1483 397 —-
1524 360 1603 421 IN
1636 353 2337 424 ANNUNTIATIONEM
2378 356 2439 415 s.
2480 350 2747 413 manus

3371 349 3507 423 1378

222 478 304 540 si;
332 474 404 529 τὰ
433 471 664 543 θεμέλια
705 470 875 533 Σιὼν,
912 468 941 521 ὁ
980 468 1219 521 συνδέων
1252 467 1507 537 ἀλλήλοις
1546 464 1622 523 ὧν
1671 469 1819 522 ἐστιν

1944 480 2048 520 nus
2077 463 2218 535 lapis
2249 461 2531 532 angularis
2563 462 2616 516 in
2653 460 3034 519 fundamentis
3058 460 3193 517 Sion
3220 460 3290 524 ",
3316 462 3411 533 qui
3442 478 3508 518 ea

225 582 260 642 η
291 567 455 638 φύσις
484 563 801 627 ἀσύνδετος,
835 561 926 615 καὶ
952 561 1216 614 ἐνοποιῶν
1246 560 1314 613 τὰ
1345 561 1467 614 κατ’
1500 561 1690 615 οὐσίαν
1720 562 1815 615 ἀλ-

224 661 431 731 λότρια.
463 657 759 730 Χαίρωμεν
785 651 879 710 οὖν
907 654 1135 718 εἰκότως
1189 652 1333 725 μετὰ
1372 656 1473 726 τῆς
1512 655 1613 726 τήν
1654 654 1817 725 χάριν

228 752 561 823 δεξαμένης,
594 749 690 803 καὶ
720 746 1243 819 προσφθεγγὼμεθα
1292 751 1389 801 σὺν
1439 747 1518 818 τῷ
1577 747 1820 820 Γαδριὴλ

228 847 331 920 τήν
376 862 473 900 τοο
515 842 655 897 Θεοῦ
707 841 868 913 ήμῶν
926 840 1161 912 Μητέρα
1192 880 1205 906 ,
1268 841 1525 909 λέγοντες
1564 856 1577 869 ·
1612 840 1813 909 Χαῖρε,

231 934 697 1011 κεχαριτωμένη,
751 935 785 987 ό
837 933 1058 1001 Κύριος
1100 932 1253 1002 μετὰ
1292 931 1446 985 σοῦ’
1477 932 1559 985 ὅτι
1589 932 1818 1000 γέγονας

230 1028 366 1097 ήμίν
407 1024 525 1088 ὁδὸς
578 1022 878 1096 σωτηρίας,
925 1023 1022 1081 καὶ
1057 1023 1326 1086 ἀνάϐασις
1374 1022 1512 1093 πρὸς
1559 1022 1817 1095 οὐρανὸν,

234 1119 330 1172 καὶ
352 1117 517 1180 τόπος
542 1115 931 1179 ἀναπαύσεως,
972 1116 1070 1173 καὶ
1102 1115 1279 1187 σκηνὴ
1311 1114 1656 1185 ἀναψύξεως,
1692 1117 1751 1169 ὲν
1786 1108 1820 1189 ᾖ

236 1218 651 1282 κατεσκήνωσεν
676 1212 706 1264 ό
742 1209 969 1280 Κύριος.
1005 1208 1105 1263 Διὰ
1138 1208 1301 1263 τοῦτο
1343 1210 1442 1262 σὺν
1479 1210 1682 1272 πάσαις
1705 1211 1824 1273 ταῖς

236 1305 453 1373 γενεαῖς
478 1301 862 1374 μακαριοῦμέν
894 1318 953 1355 σε
999 1300 1173 1372 μόνην
1222 1304 1279 1354 ὲν
1309 1300 1582 1370 γυναιξίν·
1614 1302 1681 1373 ήν
1724 1301 1825 1354 οὐκ

237 1396 532 1469 ἐξέκαυσεν
563 1394 713 1466 ήλιος
744 1394 937 1465 ἡδονῆς
978 1392 1156 1464 φλόγα
1202 1394 1449 1461 ἐπάγων,
1485 1392 1608 1446 οὐδὲ
1630 1392 1826 1455 νυκτὸς

240 1489 471 1560 σελήνης
507 1487 713 1560 ῥοώδης
758 1484 962 1555 ἑόλαψε
1014 1485 1265 1555 δύναμις.
1306 1487 1390 1547 Οὐ
1432 1485 1545 1553 γὰρ
1596 1483 1829 1547 ἔδωκας

238 1581 330 1646 εις
366 1579 565 1632 σάλον
588 1578 697 1633 τὸν
727 1576 886 1630 πόδα
916 1577 1014 1647 τῆς
1042 1577 1242 1647 ψυχῆς,
1278 1576 1395 1639 ἀλλ’
1418 1576 1647 1646 ἔμεινας
1671 1574 1826 1627 ἀκλι-

240 1672 360 1743 νὴς,
389 1671 485 1723 ἐπὶ
515 1671 615 1739 τὴν
649 1668 860 1741 πέτραν
894 1668 1084 1721 τοῦτον
1114 1668 1399 1739 ἐρείσασα’
1433 1669 1529 1721 καὶ
1561 1665 1828 1737 ἐφύλαξεν

1920 556 2159 611 invicem
2190 563 2485 607 connectat
2535 569 2774 623 quorum
2817 562 3020 609 natura
3066 554 3372 609 inconnexa
3402 562 3508 618 est,

1919 649 2186 718 uniatque
2216 660 2339 716 qua:
2376 655 2505 701 sunt
2540 661 2638 715 per
2674 647 3053 703 substantiam
3096 646 3343 701 diversa.
3373 645 3512 709 ,lure

1921 740 2107 811 itaque
2169 738 2412 802 merito,
2464 752 2589 793 cum
2650 753 2715 793 ea
2754 754 2878 808 quae
2916 738 3179 811 gaudium
3232 737 3510 808 suscepit,

1921 834 2280 906 gaudeamus,
2327 832 2538 901 Deique
2587 833 2762 891 nostri
2816 834 3047 890 Matrem
3096 834 3151 888 in
3197 834 3316 889 haec
3347 834 3513 895 verba

1922 939 2049 980 cum
2090 923 2345 979 Gabriele
2391 921 2697 979 salutemus
2744 940 2757 976 :
2796 924 2902 978 Ave
2938 926 3215 996 gratiosa;
3258 924 3515 979 Dominus

1924 1017 2157 1071 tecum"
2191 1014 2381 1085 :quod
2414 1014 2561 1070 facta
2611 1014 2688 1069 sis
2718 1014 2882 1072 nobis
2918 1017 3112 1073 salutis
3164 1017 3273 1083 via,
3323 1033 3514 1073 ascen-

1926 1124 2130 1178 susque
2165 1107 2231 1162 ad
2264 1121 2517 1177 superos,
2566 1122 2631 1163 ac
2667 1107 2827 1163 locus
2874 1109 3259 1177 requietionis,
3292 1109 3515 1180 refrige-

1927 1198 2107 1267 riique
2162 1197 2583 1259 tabernacUlum
2632 1196 2688 1251 in
2742 1213 2855 1268 quo
2912 1198 3178 1260 Dominus
3224 1199 3512 1262 habitavit.

1927 1289 2298 1356 Quamobrem
2332 1303 2458 1343 cum
2492 1290 2755 1347 omnibus
2778 1291 3234 1361 generationibus
3258 1301 3313 1349 te
3344 1293 3515 1357 solam

1929 1381 2146 1435 beatam
2198 1380 2255 1435 in
2306 1382 2641 1445 mulieribus
2665 1382 2936 1446 dicemus,
2969 1397 3135 1453 quam
3184 1399 3365 1453 neque
3410 1386 3514 1450 sol,

1928 1472 2226 1541 voluptatis
2283 1472 2560 1531 ﬂammam
2620 1473 2964 1538 immittens,
3026 1473 3283 1539 adussit,
3335 1491 3517 1545 neque

1930 1562 2075 1617 ﬂuxa
2113 1564 2197 1617 vis
2234 1564 2379 1619 lunae
2419 1574 2589 1621 noctu
2628 1564 2788 1621 laesit.
2846 1564 2965 1621 Non
3015 1565 3165 1619 enim
3227 1566 3415 1621 dedisti
3465 1567 3520 1619 in

1932 1655 2336 1715 commotionem
2381 1656 2567 1725 pedem
2593 1656 2637 1695 7’
2669 1656 2861 1719 animi,
2891 1656 2988 1710 sed
3024 1671 3091 1710 eo
3128 1654 3235 1711 ﬁxo
3258 1656 3312 1710 in
3342 1665 3520 1726 petra,

243 1778 303 1815 σε
342 1763 371 1815 ὁ
411 1760 640 1831 Κύριος,
690 1759 852 1829 μόνος
891 1758 1152 1812 εἰσελθὼν
1199 1759 1294 1810 ὲπὶ
1347 1758 1451 1821 σοὶ,
1498 1757 1593 1811 καὶ
1641 1760 1705 1810 ὲκ
1734 1754 1828 1809 σοῦ

1944 1745 2204 1801 indeﬂexa
2235 1747 2485 1807 mansisti
2531 1765 2543 1800 :
2581 1755 2746 1816 teque
2796 1748 3067 1805 Dominus
3115 1746 3436 1815 custodivit,
3466 1747 3523 1803 in

244 1818 559 1926 προέλθὼν,
600 1818 706 1904 ’,ὲαὶ
759 1818 1181 1923 κεκλεισμένην,
1241 1850 1335 1903 καὶ
1384 1818 1832 1920 ἐσφραγισμένην

1944 1846 1990 1894 te
2019 1840 2171 1899 solus
2199 1839 2515 1910 ingrediens
2543 1855 2609 1895 ac
2637 1856 2704 1894 ex
2736 1848 2791 1895 te
2830 1840 3124 1911 egrediens
3151 1842 3216 1905 ⁷⁸,
3250 1841 3525 1903 clausam-

242 1947 583 2019 διατηρήσας
630 1962 695 1998 σε
747 1946 829 2009 εἰς
874 1943 968 1997 τὸν
1016 1943 1209 2005 αἰῶνα.
1248 1942 1479 2012 Χαῐροις
1525 1942 1743 2003 τοίνυν,
1786 1935 1835 1993 ὦ

244 2040 438 2110 Μῆτερ
471 2037 566 2093 καὶ
597 2035 868 2107 Παρθένε,
912 2036 1008 2089 καὶ⁸
1054 2035 1231 2104 τροφὴ
1278 2034 1379 2104 τῆς
1405 2033 1573 2104 ζωῆς,
1604 2032 1698 2087 καὶ
1724 2050 1834 2103 πη-

246 2130 321 2201 γή
354 2129 452 2203 τῆς
489 2127 824 2191 ἀθανασίας·
864 2128 929 2180 ὲκ
974 2124 1068 2179 σοῦ
1101 2125 1211 2196 γὰρ
1242 2124 1511 2194 προῆλθεν
1540 2127 1569 2178 ὁ
1602 2123 1836 2195 φθορεὺς

247 2222 348 2294 τῆς
374 2221 604 2292 φθορᾶς,
629 2221 726 2274 κα)⁵
774 2220 802 2273 ὁ
833 2219 1158 2285 θανατώσας
1204 2219 1296 2272 τὸν
1358 2218 1607 2273 θάνατον.
1644 2218 1839 2287 Ἡμεῖς

247 2311 369 2380 οὖν,
403 2311 647 2381 ἀδελφοὶ,
682 2310 862 2365 ταῦτα
896 2310 1035 2382 πρὸς
1081 2309 1181 2377 τὴν
1223 2307 1546 2381 Θεομήτορα
1573 2307 1717 2361 κατὰ
1746 2306 1837 2359 δύ-

248 2420 418 2475 ναμιν
446 2404 717 2468 εἰπόντες,
747 2402 1033 2472 νεύσωμεν
1063 2399 1254 2454 λοιπὸν
1295 2400 1431 2470 πρὸς
1459 2399 1709 2463 ἑαυτοὺς,
1740 2398 1838 2459 καὶ

251 2491 471 2563 γνῶμεν
508 2492 608 2563 τῆς
629 2490 845 2563 ἡμέρας
886 2490 987 2563 τὴν
1020 2489 1277 2560 δύναμιν,
1304 2490 1399 2543 καὶ
1433 2488 1840 2557 ὲγκαινίσωμεν

254 2583 498 2657 σήμερον
539 2582 639 2654 τήν
680 2582 841 2655 ἡμῶν
887 2576 1166 2653 γέννησιν.
1204 2580 1314 2633 Καὶ
1355 2590 1383 2617 ει
1435 2579 1582 2639 ἔστιν
1634 2580 1766 2650 ἡμῖν
1807 2580 1840 2650 ή

252 2674 440 2746 ἡμέρα
466 2672 608 2746 αὕτη
644 2673 819 2744 κλητὴ
848 2672 1002 2741 ἁγία,
1038 2675 1095 2727 ὲν
1181 2670 1557 2742 ὲπλάσθημεν,
1588 2672 1682 2733 καὶ
1706 2672 1844 2742 πρὸς

252 2764 354 2835 τὴν
393 2765 633 2835 ἀρχαίαν
662 2763 806 2835 ζωὴν
832 2762 1238 2833 ἐπανήλθομεν.
1280 2758 1596 2832 Παράδοξον
1624 2759 1681 2823 δὲ
1714 2761 1845 2827 ὑμῖν

257 2856 389 2920 ἴσως
420 2855 548 2927 δόξῃ
578 2855 639 2909 τὸ
684 2854 1003 2924 λεγόμενον·
1037 2853 1367 2925 λεχθήσεται
1422 2852 1466 2905 δ’
1498 2853 1670 2923 ὅμως,
1707 2851 1843 2905 Θεοῦ

257 2946 493 3016 δύναμιν
518 2944 774 3007 διδόντος,
809 2945 908 2997 καὶ
944 2942 1308 3015 χορηγοῦντος
1328 2941 1485 3009 λόγον
1509 2941 1587 3011 τῷ
1608 2942 1843 3011 λέγοντι.

341 3038 503 3091 Ἀλλὰ
532 3037 697 3091 πόθεν
726 3037 793 3107 δὴ
824 3036 1008 3105 δῶμεν
1038 3034 1210 3107 ἀρχὴν
1244 3033 1323 3103 τῷ
1350 3034 1675 3105 διηγήματι,
1781 3035 1847 3087 ἐκ

257 3129 369 3183 τῶν
418 3128 512 3182 τοῦ
564 3126 962 3196 εὐαγγελιστοῦ
1021 3128 1324 3198 ρημάτων;
1362 3126 1524 3188 αὐτὸς
1571 3124 1681 3197 γὰρ
1714 3126 1847 3195 ήμῖν

264 3331 384 3388 σας.
432 3314 535 3367 Ἐν
576 3311 657 3378 τῷ
680 3311 827 3382 μηνὶ
851 3352 865 3373 ,
914 3311 1070 3381 φησὶ,
1117 3308 1197 3383 τῷ
1239 3308 1428 3376 ἕκτῳ,
1463 3305 1781 3374 ἀπεστάλη
1813 3307 1846 3359 ὁ

262 3404 523 3475 ἄγγελος
558 3403 827 3471 Γαϐριὴλ
869 3402 1029 3475 παρὰ
1062 3400 1169 3455 τοῦ
1218 3400 1369 3456 Θεοῦ
1404 3407 1489 3468 εις
1529 3402 1714 3454 πόλιν
1739 3397 1849 3467 τῆς

262 3496 633 3562 Γαλιλαίας,
684 3489 724 3569 ᾖ
779 3494 970 3563 ὄνομα
1006 3492 1263 3562 Ναζαρὲτ
1286 3535 1303 3561 ,
1358 3494 1509 3563 πρὸς
1548 3491 1850 3562 παρθένον

260 3588 808 3660 μεμνηστευμένην
844 3586 1041 3655 ἀνδρὶ,
1072 3580 1120 3653 ᾧ
1155 3588 1345 3657 ὄνομα
1382 3586 1627 3655 Ἰωσὴφ,
1658 3586 1728 3649 ἐξ
1767 3585 1851 3639 οτ-

262 3698 379 3735 κου
415 3679 514 3735 καὶ
555 3679 809 3749 πατριᾶς
832 3678 1030 3741 Δαϐὶδ,
1059 3678 1157 3731 καὶ
1188 3677 1252 3731 τὸ
1285 3678 1475 3749 ὄνομα
1501 3676 1609 3743 τῆς
1635 3677 1851 3745 παρθέ-

263 3789 379 3826 νου
422 3771 683 3841 Μαριάμ.
724 3772 833 3823 Καὶ
883 3770 1014 3831 ἴσως
1046 3768 1377 3841 ἀπορήσειεν
1421 3786 1505 3834 τις
1542 3770 1651 3822 τῶν
1679 3769 1853 3839 ἀκρι-

264 3862 508 3927 ϐούντων
534 3846 859 3923 τὰτοιαῦτα
881 3876 895 3891 ⁸
936 3862 1001 3915 Τί
1034 3865 1184 3917 ἐστιν
1213 3864 1241 3914 ὀ
1271 3860 1431 3925 ’ἐκτος
1458 3863 1585 3932 μὴν,
1620 3862 1717 3926 καὶ
1752 3861 1850 3921 πό-

266 3954 363 4008 θεν
413 3954 856 4029 ὰριθμούμενο;;
911 3946 956 4025 ᾧ
993 3955 1267 4024 παριστᾷν
1318 3953 1635 4025 βουλόμενοι
1661 3954 1724 4009 τὸ
1756 3970 1851 4009 σα-

265 4048 393 4116 φὲς,
429 4046 824 4119 ἀνατρέχωμεν
850 4046 932 4109 εἰς
961 4044 1027 4098 τὰ
1063 4044 1249 4117 μικρῷ
1282 4048 1549 4116 πρότερον
1573 4046 1651 4115 τῷ
1684 4047 1852 4114 εὐαγ-

265 4140 496 4210 γελιστῇ
556 4138 843 4215 εἰρημένα.
892 4138 1031 4208 Φησὶ
1084 4138 1411 4207 γάροΜετὰ
1468 4140 1689 4203 ταύτης
1745 4137 1853 4203 τὰς

267 4227 498 4297 ἡμέρας
542 4229 885 4285 συνέλαϐεν
930 4226 968 4295 ἠ
1011 4227 1347 4289 Ἐλισαὸὲτ,
1383 4229 1416 4296 ἡ
1463 4227 1615 4297 γυνὴ
1661 4230 1852 4295 Ζαχα-

261 4304 429 4388 ρῖοὺ,
461 4320 559 4373 καὶ
605 4318 994 4387 περιέκρυϐεν
1023 4317 1251 4386 ἑαυτὴν
1286 4316 1487 4387 μῆνας
1518 4316 1721 4385 πέντε,
1757 4304 1852 4375 καὶ

265 4410 338 4464 τὰ
368 4410 516 4480 ἑξῆς.
549 4406 684 4463 Εἶτα
728 4410 947 4479 ἐπάγειο
1002 4410 1099 4462 Ἑν
1143 4408 1212 4462 δὲ
1263 4409 1343 4476 τῷ
1382 4409 1528 4480 μηνὶ
1562 4408 1644 4474 τῷ
1678 4409 1848 4476 ἕκτῳ,

1934 1949 2043 2004 que
2083 1949 2147 1988 ac
2176 1932 2524 2005 obsignatam
2577 1932 2634 1986 in
2675 1942 2947 1993 aeternum
2985 1948 3237 1988 servans.
3283 1932 3526 1991 Salvesis

1934 2042 2090 2101 ergo,
2118 2027 2291 2084 Mater
2316 2028 2526 2097 pariter
2558 2041 2623 2080 ac
2646 2026 2833 2095 Virgo,
2866 2026 3101 2095 vitaeque
3120 2026 3282 2090 cibus
3305 2042 3371 2087 ac
3401 2026 3527 2088 fons

1938 2117 2375 2181 immortalitatis
2427 2132 2441 2169 :
2480 2131 2548 2175 ex
2594 2124 2647 2171 te
2678 2115 2830 2172 enim
2867 2115 2913 2170 is
2959 2115 3187 2185 prodiit,
3220 2116 3315 2186 qui
3353 2116 3526 2172 inter-

1937 2210 2075 2264 emit
2111 2207 2531 2278 corruptionem
2580 2222 2647 2262 ac
2675 2217 2911 2262 mortem
2947 2206 3239 2267 destruxit.
3269 2206 3384 2263 Nos
3419 2208 3528 2263 ita.-

1942 2316 2075 2371 que,
2114 2298 2338 2365 fratres,
2384 2299 2452 2353 iis
2500 2298 2567 2354 ad
2608 2298 2706 2353 Dei
2735 2298 2962 2357 Matrem
3004 2314 3105 2369 pro
3134 2308 3321 2355 nostra
3350 2300 3528 2357 facul-

1942 2402 2054 2447 tate
2087 2391 2276 2454 dictis,
2304 2390 2361 2445 in
2398 2406 2501 2447 nos
2540 2391 2647 2461 ipsi
2676 2390 2945 2461 deinceps
2980 2400 3317 2462 Spectemus,
3339 2409 3405 2457 ac
3426 2410 3529 2451 no-

1940 2486 2185 2540 verimus
2220 2483 2331 2538 diei
2370 2484 2632 2545 virtutem
2659 2524 2673 2548 ,
2723 2484 3014 2554 nataleque
3072 2490 3322 2545 nostrum
3364 2486 3531 2542 hodie

1942 2577 2287 2633 dedicemus.
2340 2576 2416 2632 lta
2468 2577 2629 2647 plane
2681 2577 2773 2631 hic
2807 2577 2970 2632 nobis
3006 2576 3129 2634 dies
3178 2588 3408 2637 vocatus
3446 2589 3529 2640 est

1943 2678 2191 2737 sanctus,
2228 2669 2283 2729 in
2326 2684 2438 2739 quo
2482 2668 2703 2723 formati
2743 2670 2809 2724 ad
2842 2671 3126 2739 antiquam
3172 2671 3343 2731 vitam
3378 2680 3531 2742 post-

1944 2762 2161 2827 liminio
2194 2760 2401 2817 reversi
2449 2777 2663 2817 sumus.
2712 2762 2887 2817 Porro
2917 2764 3076 2819 vobis
3105 2763 3360 2827 videatur
3388 2764 3532 2821 forte

1948 2869 2151 2909 novum
2178 2840 2324 2922 quod
2358 2852 2565 2907 dicitur
2593 2870 2607 2906 :
2640 2853 2859 2908 dicetur
2890 2863 3095 2917 tamen,
3127 2855 3240 2910 Deo
3265 2855 3533 2927 largiente

1946 2948 2235 3011 virtutem,
2280 2962 2345 3000 ac
2374 2945 2582 3001 dicenti
2620 2946 3082 3001 subministrante
3117 2961 3458 3002 sermonem.

2018 3040 2086 3101 ll.
2118 3039 2274 3096 Unde
2298 3054 2431 3094 vero
2455 3039 2643 3109 potius
2668 3053 2833 3104 quam
2861 3038 2930 3092 ab
2952 3039 3320 3109 Evangelistae
3350 3038 3535 3097 verbis

259 3130 369 3183 τῶν
418 3130 512 3182 τοῦ
564 3130 962 3196 εὐαγγελιστοῦ
1021 3130 1324 3198 equam;
1362 3130 1524 3188 αὐτὸς
1571 3130 1681 3197 γὰρ
1714 3130 1839 3195 ήμῖν

259 3222 479 3289 ἀρχέτω
504 3220 600 3275 τοῦ
635 3219 820 3289 λόγου,
844 3220 873 3272 ὁ
908 3219 1003 3272 καὶ
1034 3218 1133 3289 τὴν
1164 3218 1378 3289 ἡμέραν
1408 3216 1611 3283 ταύτην
1643 3215 1839 3288 γνωρί-

1951 3131 2216 3187 ordienda
2252 3131 2415 3186 nobis
2438 3130 2683 3186 narratio
2726 3130 2839 3185 sit?
2869 3130 2991 3200 Ipse
3033 3130 3297 3193 nimirum
3330 3146 3525 3193 sermo

1952 3240 2078 3279 nem
2115 3223 2471 3289 auspicetur,
2507 3223 2602 3289 qui
2652 3232 2709 3277 et
2764 3222 2913 3279 diem
2952 3223 3095 3287 hanc
3144 3231 3330 3279 notam
3381 3223 3525 3280 fecit.

302 3234 479 3295 ρχετω
504 3238 600 3275 του
637 3234 820 3289 Αογου,
844 3234 873 3272 ο
908 3234 1003 3272 και
1034 3234 1133 3290 την
1164 3234 1378 3289 ημεραν
1408 3234 1611 3283 ταυτην
1643 3234 1845 3288 γνωριρ

1952 3240 2078 3279 nem
2115 3223 2471 3295 auspicetur,
2507 3223 2602 3293 qui
2652 3232 2709 3277 et
2764 3222 2913 3279 diem
2952 3223 3095 3287 hanc
3144 3231 3330 3279 notam
3381 3223 3534 3280 fecit.

1950 3315 2016 3370 In
2047 3331 2244 3379 mense,
2284 3315 2485 3385 inquit,
2518 3324 2667 3369 sexto
2717 3316 2905 3370 missus
2947 3323 3024 3377 est
3066 3316 3290 3387 angelus
3320 3316 3536 3375 Gabriel

1953 3424 1985 3461 a
2022 3406 2127 3461 Deo
2163 3408 2217 3460 in
2247 3407 2513 3460 civitatem
2540 3405 2783 3461 Galilaea:
2814 3409 2899 3461 cui
2931 3424 3121 3463 nomen
3152 3408 3443 3473 Nazareth,
3469 3411 3540 3465 ad

1956 3497 2220 3566 Virginem
2250 3497 2625 3566 desponsatam
2673 3498 2785 3550 viro
2830 3499 2913 3555 cui
2960 3514 3152 3557 nomen
3174 3508 3290 3555 erat
3322 3497 3536 3570 Ioseph,

1952 3589 2015 3647 de
2045 3588 2198 3647 domo
2214 3598 2263 3642 et
2287 3587 2496 3657 familia
2523 3587 2715 3654 David,
2738 3596 2786 3642 et
2817 3605 3008 3651 nomen
3030 3587 3257 3658 Virginis
3281 3588 3537 3649 Maria".

1955 3678 2118 3735 Forte
2150 3694 2281 3741 vero
2308 3686 2521 3747 quaerat
2553 3679 2681 3748 quis
2714 3679 2905 3742 talium
2934 3678 3225 3739 studiosus
3263 3681 3493 3741 rimator
3521 3698 3537 3737 :

1955 3767 2087 3838 quid
2125 3766 2258 3825 velit
2291 3777 2481 3823 sextus
2504 3767 2599 3827 ille
2631 3768 2859 3833 mensis,
2887 3782 2952 3833 ac
2989 3767 3136 3833 unde
3164 3769 3541 3836 numerandus

1954 3861 2065 3915 sit?
2096 3861 2165 3916 Ut
2191 3876 2322 3915 vero
2346 3861 2494 3931 quod
2524 3876 2617 3923 res
2642 3861 2808 3923 habet
2838 3870 3029 3931 aperte
3056 3877 3439 3932 suggerant“.
3464 3863 3541 3925 ad

1954 3970 2019 4013 ea
2054 3952 2455 4011 recurrendum
2488 3967 2611 4021 qua:
2652 3953 2815 4022 paulo
2849 3953 3108 4023 superius
3131 3954 3282 4008 dicta
3317 3963 3447 4013 sunt
3469 3956 3540 4011 ab

1955 4042 2300 4113 Evangelista
2335 4059 2348 4095 :
2383 4041 2461 4099 ait
2483 4040 2629 4095 enim
2667 4059 2679 4094 :
2717 4041 2845 4107 Post
2887 4042 2978 4096 hos
3012 4042 3121 4097 dies
3153 4044 3388 4114 concepit
3420 4042 3540 4099 Eli-

1954 4133 2135 4189 sabeth
2189 4149 2327 4190 uxor
2372 4132 2689 4203 Zaclmriw,
2732 4142 2781 4197 et
2829 4134 3110 4195 occultavit
3172 4152 3229 4190 se
3279 4137 3541 4197 mensibus

1956 4226 2187 4297 quinque
2228 4225 2293 4291 ⁷⁷,
2331 4236 2439 4280 etc.
2474 4224 2725 4296 Tumque
2762 4226 2952 4281 subdit
2990 4244 3005 4289 ;
3038 4226 3103 4281 In
3147 4244 3324 4282 mense
3360 4235 3542 4287 autem

1953 4326 2102 4369 sexto
2132 4316 2319 4369 missus
2349 4324 2424 4369 est
2459 4315 2680 4388 angelus
2714 4316 2931 4379 Gabriel
2980 4318 3051 4381 ad
3082 4317 3314 4381 Mariam
3343 4318 3409 4372 ⁷⁸.
3440 4318 3543 4374 Ve-

1958 4423 2102 4471 rum,
2142 4406 2310 4470 dicet,
2343 4406 2483 4461 nihil
2527 4408 2713 4463 minus
2742 4408 2829 4464 his
2858 4408 3057 4478 positis
3085 4409 3323 4465 obscura
3356 4418 3545 4465 manet

266 4500 588 4568 ἀπεστάλη
620 4504 652 4555 ό
678 4500 932 4570 ἅγγελος
959 4500 1227 4569 Γαϐριὴλ
1259 4500 1414 4569 πρὸς
1445 4499 1560 4566 τὴν
1592 4498 1839 4573 Μαριάμ.

1957 4499 2218 4555 narratio.
2243 4498 2401 4565 Quod
2430 4500 2579 4565 enim
2608 4500 2961 4571 Evangelista
2991 4501 3207 4561 dixerit
3245 4519 3258 4556 :
3294 4500 3423 4557 Post
3448 4503 3543 4557 hos

268 4592 441 4645 Οὐδὲν
474 4591 530 4644 δὲ
564 4587 729 4665 ἧττον
766 4594 1013 4661 φήσειεν,
1055 4592 1136 4645 ὅτι
1182 4591 1357 4655 οῦτως
1398 4590 1672 4662 ἐμεινενή
1722 4590 1856 4645 ἀσά-

268 4703 424 4755 φεια.
464 4684 554 4738 Ἐν
589 4684 696 4757 γὰρ
725 4682 802 4755 τῷ
832 4684 920 4737 τὸν
949 4683 1344 4754 εὐαγγελιστήν
1369 4685 1565 4743 εἰπεῖν.
1600 4683 1760 4742 Μετὰ
1791 4682 1859 4737 δὲ

265 4776 492 4842 ταύτας
525 4776 632 4842 τὰς
663 4776 886 4855 ἡμέρας
942 4776 1354 4844 συνέλαόενῄ
1393 4775 1727 4841 Ἐλισαϐἐτ,
1759 4776 1860 4830 οὐκ

268 4873 548 4942 ἐσήμανεν
580 4871 739 4935 ποίας
760 4872 989 4945 ἡμέρας.
1009 4871 1121 4937 Καὶ
1140 4871 1288 4935 δοκεῖ
1311 4889 1402 4941 μοι
1429 4870 1609 4934 καλῶς
1629 4872 1859 4947 ἀπορεῖν

264 4967 298 5019 ὁ
334 4966 494 5019 τοῦτο
531 4966 726 5037 λέγων’
769 4965 1077 5037 μαθήσεται
1121 4964 1177 5018 δὲ
1225 4965 1444 5035 ὑπέχων
1473 4964 1537 5021 τὸ
1574 4958 1669 5037 οὖς
1713 4963 1852 5033 πρὸς

263 5054 369 5124 τὴν
398 5054 690 5133 ἀκρόασιν,
736 5057 832 5108 καὶ
863 5055 1101 5121 συνετῶς
1130 5054 1421 5127 δεχόμενος
1453 5055 1523 5115 τὰ
1553 5053 1843 5131 λεγόμενα,

344 5146 529 5212 Ἀπᾳξ
550 5146 645 5205 τοῦ
685 5147 932 5203 ἐνιαυτοῦ
959 5148 986 5199 ὁ
1019 5147 1162 5200 κατὰ
1195 5148 1360 5218 νόμον
1394 5147 1574 5218 ἱερεὺς
1600 5146 1846 5217 εἰσέρχε-

345 5279 389 5324 7.!
418 5280 440 5343 ι
472 5280 619 5343 Petr.
645 5296 703 5347 tt,
737 5280 789 5337 6.
867 5280 913 5312 ⁷³
948 5278 1083 5333 Luc.
1115 5296 1154 5345 ι,
1183 5280 1275 5334 28.
1353 5278 1399 5311 ⁷⁵
1428 5277 1550 5333 Psal
1616 5292 1738 5341 CXX,
1775 5276 1830 5332 5ο

1944 5276 1950 5306 ⁸
1987 5273 2165 5328 Ezech
2233 5288 2305 5338 xl,
2333 5272 2388 5325 4.

267 5348 319 5382 ⁷⁸
352 5340 489 5413 ibid.
517 5352 607 5407 26.

1961 4601 2137 4647 autem
2188 4593 2297 4647 dies
2347 4594 2583 4664 concepit
2633 4592 2943 4659 Elisabetlt;
2994 4593 3142 4648 haud
3183 4602 3365 4649 tamen
3400 4610 3544 4664 quos

1961 4687 2095 4742 velit
2120 4686 2258 4753 dies,
2292 4685 2647 4756 significavit.
2679 4686 2757 4749 Ac
2787 4695 2936 4755 certe
2969 4686 3192 4753 videtur
3216 4697 3367 4742 recte
3389 4702 3543 4757 quae—

1964 4795 2107 4846 rere,
2140 4782 2234 4852 qui
2278 4780 2360 4839 sic
2391 4780 2470 4841 ait
2501 4797 2514 4833 :
2552 4779 2847 4843 docebitur
2870 4789 3079 4844 autem,
3112 4779 3414 4835 dummodo
3440 4795 3541 4835 au,-

1962 4889 2079 4932 rem
2125 4873 2397 4936 auditioni
2455 4871 2914 4936 accommodans,
2970 4871 3299 4943 intelligenti
3354 4870 3543 4930 animo

1963 4982 2086 5037 qua:
2114 4965 2379 5023 dicuntur
2418 4964 2720 5036 acceperit.

2024 5143 2116 5207 Ill.
2144 5141 2322 5205 Semel
2361 5141 2416 5205 in
2462 5155 2608 5203 anno
2658 5146 2686 5185 υ
2718 5136 2985 5197 sacerdos
3029 5136 3222 5207 legalis
3262 5137 3432 5197 intrat
3455 5137 3544 5190 ing

2502 5270 2547 5301 "
2574 5268 2709 5323 an.
2744 5283 2781 5333 ι,
2809 5268 2900 5334 26,
2937 5268 3027 5322 27.
3144 5269 3185 5298 ⁷⁷
3211 5266 3346 5325 Luc.
3380 5284 3420 5336 ι,
3449 5271 3544 5335 24.

1366 5440 1601 5503 ΥΑΒΙίΕ
1646 5437 2042 5498 LECTIONES
2075 5436 2164 5493 ET
2201 5434 2441 5493 NOTAE.

356 5595 385 5623 ιι
416 5586 547 5640 Καί.
578 5584 711 5655 Leg.
743 5583 867 5655 Ναί.
956 5594 982 5623 ο
1019 5584 1194 5641 Semel
1244 5586 1299 5639 in
1334 5601 1497 5638 anno.
1532 5582 1731 5654 Opinio
1761 5582 1902 5655 haec,
1935 5580 2157 5655 tametsi
2187 5577 2395 5655 Graecis
2428 5574 2867 5655 aCbrysostorno
2895 5574 3194 5655 admodum
3235 5586 3454 5648 recepta
3482 5588 3550 5655 ac

265 5656 579 5720 familiaris,
623 5647 771 5708 haud
807 5663 989 5709 tamen
1023 5657 1218 5711 nititur
1250 5656 1500 5720 veritate,
1535 5647 1800 5709 innuente
1834 5647 1955 5722 ipsa
1992 5651 2277 5720 Scriptura
2321 5647 2489 5702 fuisse

2610 5646 2883 5701 achariam
2953 5648 3298 5703 sacerdotem
3332 5646 3396 5701 ex
3439 5646 3550 5705 mi-

264 5727 502 5782 noribus
536 5715 856 5795 {siquidem
877 5734 998 5780 erat
1038 5726 1161 5779 talis
1189 5726 1324 5779 vicis
1347 5763 1362 5784 ,
1383 5741 1447 5778 ac
1476 5715 1620 5782 unus
1652 5725 1719 5781 dc
1748 5715 1937 5780 multis
1967 5766 1982 5793 ,
2022 5715 2133 5778 cui'
2153 5730 2208 5776 et
2242 5722 2529 5777 incensum
2564 5733 2769 5787 ponere
2802 5715 3064 5786 obtigerit
3090 5735 3103 5770 :
3136 5733 3245 5773 non
3274 5734 3341 5773 ex
3369 5716 3549 5774 oﬂicio

263 5797 551 5868 peculiare
581 5803 645 5856 ut
670 5811 918 5854 summus
942 5796 1188 5868 pontifex
1213 5795 1488 5851 habuerit.
