4052 6592
602 332 739 403 i379

1727 333 1788 393 S.
1830 333 2233 394 ANASTASII
2270 335 2739 396 ANTIOCHENI

3707 334 3824 401 1380

595 446 793 502 Sancta
848 450 1184 505 sanctorum,
1238 442 1560 512 expiaturus
1595 457 1697 513 pro
1747 444 1952 515 populo
1987 462 2000 498 :
2034 445 2180 499 unde

2287 463 2375 499 ται
2413 449 2494 509 είς
2528 447 2598 499 τὰ
2630 448 2793 514 ’Λγια
2835 445 2942 498 τῶν
2981 445 3174 513 ἁγίων,
3207 444 3564 515 ἱλασκόμενος
3592 445 3722 517 ὑπὲρ
3742 450 3825 502 τοῦ

596 539 763 594 etiam
791 535 1113 592 solemnitas
1149 535 1261 597 illa,
1301 537 1607 605 pmpitiatio
1638 550 1735 591 seu
1766 537 1875 591 dies
1911 539 2171 607 prapitia-

601 632 757 686 tionis
793 646 857 685 ac
882 626 1281 682 humiliationis
1308 627 1445 689 dies,
1480 643 1849 698 magnumque
1878 629 2169 700 jejunium,

600 722 670 776 ab
714 722 796 776 eis
828 720 1157 789 appellatur.
1210 716 1539 772 Cclebratur
1592 731 1776 773 autem
1829 720 1919 774 die
1959 720 2173 774 decima

602 812 810 867 mensis
848 809 1091 878 septimi,
1120 808 1213 877 qui
1264 807 1426 861 nobis
1454 808 1714 870 October,
1745 809 1939 864 Thersi
1970 809 2038 863 ab
2063 809 2173 864 He-

603 897 764 951 braeis
812 906 1061 950 vocatur.
1118 894 1327 949 Hebraai
1379 895 1525 950 enim
1570 897 1698 950 anni
1760 897 2049 952 exordium
2105 899 2174 952 ab

601 987 773 1058 Aprili
818 987 1045 1040 ducunt.
1100 986 1321 1040 Decima
1355 1002 1487 1058 ergo
1525 990 1677 1058 juxta
1725 989 1911 1043 lunam
1955 991 2173 1059 septimi

603 1083 831 1147 mensis,
880 1081 1177 1136 Zacharias
1209 1082 1518 1138 sacerdotio
1569 1083 1825 1155 fungens,
1874 1085 2173 1156 angelicam

602 1173 741 1229 vidit
829 1173 1137 1234 visionem,
1181 1172 1531 1243 faustumque
1584 1176 1838 1230 nuntium
1909 1179 2172 1233 nascituri

605 1263 865 1327 Baptista;
891 1262 1102 1331 accepit
1131 1279 1143 1314 :
1177 1270 1303 1332 post
1336 1263 1482 1333 quod
1508 1262 1729 1334 impleta
1765 1280 1864 1320 sua
1894 1266 2040 1329 vice,
2073 1267 2178 1321 do-

608 1370 757 1409 mum
792 1355 978 1411 rediit.
1014 1355 1187 1409 Porro
1221 1354 1479 1425 impletur
1508 1372 1570 1411 ea
1591 1396 1605 1419 ,
1633 1357 1776 1412 facto
1795 1359 1905 1428 jam
1936 1360 2177 1430 plenilu-

496 1438 501 1445 ’
606 1449 721 1510 nio,
749 1464 813 1503 ac
838 1448 968 1503 luna
999 1462 1214 1502 summe
1253 1457 1433 1502 aucta.
1468 1449 1622 1504 Tunc
1652 1452 1883 1521 concepit
1908 1452 2019 1522 ejus
2045 1469 2179 1506 uxor

608 1539 902 1603 Elisabeth,
928 1548 976 1592 et
999 1556 1053 1592 se
1075 1539 1356 1593 occultavit
1378 1542 1639 1595 mensibus
1662 1544 1895 1613 quinque
1919 1545 1982 1597 7".
2015 1544 2179 1599 Forte

608 1634 969 1695 erubescens,
1002 1632 1203 1687 canitie
1234 1632 1538 1696 eﬂlorente,
1572 1649 1635 1688 ac
1667 1633 1814 1703 quod
1849 1651 1966 1689 eam
2011 1652 2178 1702 agens

609 1734 848 1788 aetatem,
884 1725 1005 1779 viro
1052 1725 1107 1779 in
1155 1725 1354 1779 cubilis
1386 1726 1705 1780 societatem
1740 1728 1961 1803 coisset.
1998 1727 2181 1783 Occal-

2280 534 2434 588 λαοῦ·
2468 535 2590 588 ὅθεν
2618 536 2713 587 καὶ
2742 534 3021 604 maqu
3052 536 3172 605 ἦτοι
3202 533 3389 601 ἡμέρα
3440 535 3716 603 ἱλασμοῦ,
3746 540 3826 591 καὶ

2283 628 2474 700 ἡμέρα
2510 626 2924 690 ταπεινώσεως,
2952 628 3047 680 καὶ
3071 624 3296 695 νηστεία
3332 608 3579 695 μεγάληῖ
3595 627 3828 695 κέκληται

2284 718 2416 789 παρ’
2444 720 2629 781 αὐτοῖς
2671 721 2703 787 ὴ
2753 717 2979 786 τοιαύτη
3010 717 3193 786 ἑορτή.
3238 715 3605 767 Ἔπιτελςίται
3633 714 3686 766 δὶ
3710 715 3829 788 αὕτη

2281 813 2345 879 τῇ
2377 810 2581 881 δεκάτῃ
2603 808 2696 863 τοῦ
2733 809 2961 878 ἑϐδόμου
2995 808 3191 877 μηνδς,
3225 806 3282 868 ὃς
3314 807 3462 858 ἐστιν
3508 804 3827 876 Ὀκτώϐριος,

2284 902 2452 973 Θερσλ⁸
2473 920 2546 955 πα
2556 902 2603 973 ρ’
2633 901 2909 971 Ἑϐραίοις
2929 899 3220 969 λεγόμενος
3239 915 3253 927 ·
3279 897 3385 949 ἀπὸ
3408 895 3525 966 γὰρ
3541 894 3636 947 τοῦ
3669 896 3830 967 ’Δπριο

2283 994 2400 1047 λίου
2434 994 2534 1063 τὴν
2580 992 2754 1064 ἀρχὴν
2793 992 2988 1059 ἄγουσι
3019 990 3115 1043 τοῦ
3158 988 3315 1051 ἔτους
3356 986 3624 1058 Ἑϐραῖοι.
3654 988 3727 1058 Τῇ
3753 988 3828 1043 οὖν

2284 1090 2487 1161 δεκάτῃ
2517 1087 2662 1141 κατὰ
2701 1086 2931 1157 σελήνην
2960 1085 3055 1139 τοῦ
3089 1085 3322 1155 ἑϐδόμου
3359 1083 3532 1154 μηνὸς
3567 1083 3828 1153 ίερατεύων

2283 1181 2311 1233 ό
2342 1160 2641 1249 Ζαχαρίας,
2670 1177 2770 1249 τὴν
2799 1177 3098 1248 ἀγγελικὴν
3136 1176 3403 1229 ὀπτασίαν
3438 1176 3715 1239 ἐθεάσατο,
3752 1180 3828 1232 καὶ
3879 1160 3891 1186 ’

2285 1266 2652 1337 εὐαγγελίσθη
2698 1267 2797 1336 τὴν
2853 1266 2947 1319 τοῦ
2981 1264 3288 1319 Βαπτιστοῦ
3331 1264 3618 1335 γέννησιν·
3647 1266 3751 1331 μεθ’
3777 1270 3829 1337 ἦν

2286 1360 2585 1431 πληρώσας
2641 1360 2740 1429 τὴν
2793 1358 3103 1428 ὲφημερίαν
3150 1356 3337 1419 αὐτοῦ,
3388 1356 3731 1429 ἀνεχώρησεν
3766 1362 3829 1423 είς

2284 1454 2376 1507 τὸν
2400 1448 2547 1505 οἷκον
2587 1450 2774 1505 αὑτοῦ.
2824 1449 3136 1520 Πληροῦται
3177 1450 3235 1502 δὲ
3268 1448 3617 1518 πλησιφαοῦς
3644 1449 3734 1519 τῆς
3763 1468 3831 1503 σε-

2286 1546 2455 1616 λήνης
2488 1542 2787 1614 γενομένης
2813 1543 2871 1593 ὲν
2916 1544 2983 1612 τῇ
3030 1541 3301 1611 λεγομένῃ
3339 1539 3683 1609 πανσελήνῳ.
3720 1541 3827 1594 Τότε

2287 1637 2624 1692 συνέλαϐεν
2662 1637 2700 1702 ἠ
2739 1634 2894 1705 γυνὴ
2945 1632 3133 1686 αὺτοῦ
3175 1631 3517 1693 Ἐλισίιόἐτ,
3551 1631 3648 1683 καὶ
3697 1648 3827 1699 περι-

2287 1727 2542 1795 έκρυϐεν
2560 1725 2788 1790 ἑαυτὴν
2803 1724 2945 1790 τοὺς
2969 1722 3150 1777 πέντε
3174 1722 3403 1791 μῆνας-
3435 1724 3571 1785 ἴσως
3600 1720 3828 1791 ἐρυθριῶ-

612 1819 762 1871 tabat
790 1825 973 1870 autem
1027 1830 1083 1868 se
1120 1814 1381 1868 mensibus
1410 1815 1668 1883 quinque,
1701 1814 1875 1867 dicens
1904 1800 1933 1867 ε’
1953 1813 2089 1879 Quia
2112 1816 2180 1868 sic

2290 1837 2380 1883 σα,
2418 1820 2505 1871 διὰ
2553 1818 2652 1888 τὴν
2686 1816 3029 1871 ἐπανθοῦσαν
3073 1817 3208 1885 αὐτῇ
3240 1815 3454 1877 πολιὰν,
3494 1814 3578 1866 ὃτι
3606 1814 3829 1881 τοιαύτην

613 1908 734 1979 fecit
762 1907 889 1961 mihi
916 1904 1191 1959 Dominus.
1219 1902 1384 1957 Sexto
1412 1902 1579 1974 igitur
1604 1919 1791 1959 mense
1814 1920 1843 1957 a
1874 1888 2180 1974 conceptio-

2287 1911 2495 1978 ἄγουσα
2525 1908 2764 1978 ἡλικίαν,
2804 1907 3066 1976 συνῆλθεν
3096 1907 3249 1980 ἀνδρὶ
3283 1907 3424 1977 πρὸς
3452 1906 3735 1959 κοινωνίαν
3759 1907 3829 1960 εύ-

611 2014 682 2051 ne
707 1995 1008 2058 Elisabeth,
1045 1995 1247 2047 missus
1282 2002 1367 2047 est
1395 1992 1637 2055 Gabriel,
1670 1994 1747 2047 uti
1778 1995 2044 2065 scriptum
2075 2004 2180 2059 est,

2287 2001 2401 2067 νῆς.
2439 1999 2830 2066 Περιέκρυϐεν
2860 1998 2915 2053 δὲ
2971 1997 3197 2063 ἑαυτὴν
3242 1996 3385 2061 τοὺς
3421 1996 3606 2049 πέντε
3640 1996 3827 2065 μῆνας,

613 2087 680 2141 ad
727 2085 948 2142 Mariam
991 2101 1006 2136 :
1049 2098 1159 2137 non
1198 2082 1422 2135 omnino
1462 2081 1617 2136 ﬁnito
1645 2091 1800 2135 sexto
1839 2097 2049 2145 mense,
2085 2082 2180 2137 sed

2287 2091 2554 2161 λέγουσα
2580 2107 2593 2122 ·
2627 2092 2757 2145 ’Ὅτι
2803 2091 2991 2155 οὕτως
3038 2108 3139 2159 μοι
3187 2090 3524 2155 πεποίηκεν
3566 2091 3597 2141 ὀ
3628 2089 3825 2156 Κύριος.

552 2200 556 2204 θ
614 2180 759 2253 intra
782 2178 903 2249 ejus
932 2185 1097 2231 totam
1134 2174 1504 2229 latitudinem.
1549 2173 1738 2244 Neque
1773 2175 1919 2228 enim
1953 2175 2180 2229 historia

2288 2183 2379 2253 Τῷ
2415 2179 2508 2237 οὖν
2538 2185 2683 2253 ἕκτῳ
2735 2183 2835 2249 τῆς
2888 2182 3204 2252 συλλήψεως
3240 2182 3339 2250 τῆς
3377 2181 3664 2233 Ἐλισαϐὲτ
3693 2182 3825 2252 μηνὶ,

556 2254 561 2347 ί
612 2248 927 2342 evangelica
970 2268 1253 2338 impletum
1318 2266 1482 2320 habet
1519 2274 1730 2320 sextum
1768 2281 2044 2332 mensem,
2074 2282 2180 2336 quo

2290 2248 2570 2346 ἀπεστάλη
2621 2248 2666 2329 ὁ-
2685 2274 2948 2345 Γαϐριὴλ,
2977 2248 3051 2336 ὡς
3072 2248 3425 2343 γέγραπται,
3458 2273 3597 2341 πρὸς
3622 2248 3825 2340 Μαρίαν

616 2376 861 2433 tempore
887 2362 1026 2416 facta
1054 2370 1140 2415 est
1171 2359 1416 2431 Virginis
1444 2358 1723 2421 salutatio,
1759 2374 1852 2413 seu
1883 2360 2180 2413 annuntia-

2287 2369 2348 2420 ού
2378 2368 2597 2430 πάντως
2634 2367 3057 2439 πεπερασμένου
3088 2364 3181 2417 τοῦ
3214 2366 3376 2419 ἕκτου
3426 2364 3622 2435 μηνὸς,
3658 2364 3757 2416 ἀλλ’
3783 2367 3827 2417 ὲν

618 2458 732 2510 ιίο;
771 2469 948 2524 neque
981 2450 1251 2507 Gabrielis
1294 2450 1361 2505 ad
1409 2466 1530 2505 eam
1572 2450 1739 2504 verba
1781 2450 1887 2505 hoc
1917 2451 2179 2513 indicant,

2287 2458 2365 2528 τῷ
2413 2458 2604 2512 πλάτει
2637 2458 2731 2512 τοῦ
2775 2458 2977 2521 παντὸς
3026 2457 3214 2528 μηνός.
3249 2457 3386 2510 Οὔτε
3416 2457 3535 2528 γὰρ
3567 2458 3600 2526 ἡ
3638 2456 3827 2523 εὐαγγε-

615 2560 808 2601 verum
838 2544 913 2598 ita
939 2541 1163 2613 quidem
1202 2533 1435 2595 histoﬁa
1470 2558 1482 2593 :
1514 2538 1578 2593 In
1602 2548 1749 2593 sexto
1786 2555 1963 2593 mense
1991 2540 2180 2594 missus

2292 2550 2419 2622 λικὴ
2469 2551 2679 2622 ἱστορία
2708 2550 3047 2620 πληροῦσθαι
3091 2550 3239 2617 λέγει
3269 2551 3360 2603 τὸν
3389 2551 3555 2603 ἕκτον
3588 2550 3738 2619 μῆνα,
3757 2548 3825 2602 ὅτε

620 2647 697 2692 est
729 2634 950 2707 angelus
985 2634 1054 2688 ⁸⁸.
1106 2633 1346 2703 Angelus
1380 2640 1562 2686 autem
1620 2630 1687 2685 ad
1732 2630 2011 2702 Virginem
2057 2647 2073 2685 :
2110 2630 2180 2685 Et

2288 2643 2316 2696 ὁ
2346 2642 2481 2713 πρὸς
2506 2642 2607 2712 τὴν
2640 2642 2917 2713 Παρθένον
2945 2639 3259 2711 ἀσπασμὸς,
3285 2640 3407 2712 ἦτοι
3441 2637 3825 2709 εύαγγςλισμδς,

619 2748 732 2786 ecce
757 2737 980 2802 cognata
1005 2737 1120 2791 tua,
1156 2734 1205 2780 et
1232 2726 1347 2796 ipsa
1372 2724 1603 2794 concepit
1625 2722 1795 2791 ﬁlium
1832 2724 1889 2777 in
1926 2731 2180 2777 senectute

2289 2734 2528 2803 ὲγένετο’
2560 2732 2683 2787 οὔτε
2721 2736 2770 2787 oi
2798 2734 2945 2802 λόγοι
2978 2733 3071 2786 τοῦ
3113 2731 3377 2802 Γαϐριὴλ,
3411 2733 3462 2784 oi
3506 2732 3641 2801 πρὸς
3664 2729 3821 2799 αὐτὴν,

615 2842 737 2888 sua,
768 2834 818 2879 et
846 2824 930 2878 hic
962 2822 1155 2876 mensis
1193 2828 1370 2873 sextus
1420 2825 1496 2871 est
1529 2815 1611 2870 illi
1650 2832 1766 2887 qua:
1796 2826 2011 2879 uocatur
2032 2817 2180 2870 steri-

2290 2822 2446 2876 τοῦτο
2482 2823 2858 2892 ἐμφαίνουσιν,
2903 2822 3018 2874 ἀλλ’
3051 2823 3085 2890 ὴ
3124 2822 3222 2892 μὲν
3256 2821 3474 2890 ἱστορία
3521 2820 3709 2889 φησιν,
3744 2820 3825 2871 ’Er

624 2917 689 2972 lis
725 2914 794 2969 ".
2294 2912 2376 2979 τῷ
2399 2912 2543 2983 μηνί
2582 2914 2660 2978 τῷ
2685 2914 2834 2977 ἕκτῳ
2853 2912 3168 2980 ἀπεστάλη
3202 2916 3234 2966 ό
3257 2912 3543 2982 ἄγγελος.
3580 2912 3638 2964 '0
3673 2911 3721 2964 δὲ
3748 2911 3825 2979 ἆγ-

627 3007 787 3077 γελος
821 3004 961 3078 πρὸς
984 3004 1086 3075 τὴν
1113 2998 1389 3075 Παρθένον
1436 3002 1606 3071 φησί·
1653 3000 1759 3055 Καὶ
1804 3000 1936 3055 ἰδοὺ
1968 3002 2007 3069 ἡ
2039 3005 2343 3074 συγγενής
2388 3022 2526 3072 σου,
2578 3007 2674 3059 καὶ
2709 3006 2861 3074 αὑτὴ
2931 3006 3307 3074 συνείληφεν
3364 3004 3507 3059 υιὸνν
3566 3005 3633 3058 ὲν
3690 3003 3823 3073 γήρει

618 3096 827 3165 αὐτῆς,
852 3096 949 3151 καὶ
979 3091 1157 3159 οὗτος
1182 3093 1304 3160 μὴν
1329 3092 1503 3159 ἕκτος
1544 3089 1698 3159 αὐτῇ
1726 3090 1802 3159 τῇ
1836 3091 2181 3160 καλουμένῃ
2217 3096 2449 3164 στείρᾳ.

690 3191 783 3247 IV.
818 3189 959 3244 Hinc
1010 3203 1178 3257 porro
1222 3188 1394 3255 major
1427 3184 1587 3240 nobis
1624 3185 1850 3239 emersit
1876 3184 2180 3250 diﬂicultas,

2374 3186 2655 3242 Ἐντεῦθεν
2687 3187 2742 3241 δὲ
2769 3189 2901 3257 ἡμῖν
2945 3170 3153 3257 ἅνέφύη
3186 3187 3391 3257 μείζων
3415 3188 3449 3256 ἡ
3488 3186 3723 3257 ζήτησις,
3750 3186 3823 3239 καὶ

622 3282 954 3350 οὺζὶοἰαῑψιε
978 3279 1243 3339 ualentior
1268 3278 1487 3348 aliquis,
1525 3277 1751 3332 dicens:
1781 3276 1837 3332 Si
1861 3277 2083 3347 quidem
2114 3278 2180 3333 ait

2294 3277 2600 3349 ὑπέκρουσὲ
2626 3296 2709 3340 τις
2747 3279 2855 3330 τῶν
2908 3278 3293 3350 θερμοτέρων,
3333 3278 3397 3331 El
3444 3281 3503 3331 ἐν
3535 3277 3611 3347 τῷ
3645 3277 3819 3343 πλάτει,

624 3376 752 3441 iste,
792 3372 1059 3429 accidisse
1106 3371 1514 3434 salutationem,
1566 3385 1661 3424 seu
1710 3368 2180 3424 aununtiationem

2288 3367 2483 3437 λέγων.
2519 3368 2612 3422 τοῦ
2649 3368 2817 3440 μηνὸς
2858 3368 3141 3437 γεγονέναι
3174 3370 3340 3439 φησὶν
3368 3363 3528 3432 οὗτος
3563 3369 3649 3422 τὸν
3681 3371 3821 3423 ἀσπα-

620 3467 841 3524 labente
870 3480 1089 3531 mense;
1120 3463 1246 3533 quis
1290 3464 1362 3517 ita
1393 3461 1674 3516 distribuit
1712 3470 1774 3515 ut
1803 3460 1968 3515 hodie
1994 3460 2180 3515 debeat

2294 3450 2453 3534 σμδν,
2483 3463 2601 3533 ¹ίιτοι
2624 3463 2712 3517 τὸν
2738 3463 3158 3534 εύαγγελισμδν,
3179 3464 3264 3527 τίς
3293 3465 3327 3536 ἡ
3354 3464 3747 3535 ἀποκλήρωσις.
3768 3466 3817 3531 τῇ

621 3554 924 3618 celebrari,
955 3554 1063 3607 hoc
1116 3560 1201 3606 est
1236 3550 1327 3605 die
1362 3551 1433 3604 25
1476 3549 1716 3614 mensis,
1752 3565 1859 3603 non
1915 3549 2005 3604 die
2044 3548 2191 3603 alia?

619 3646 703 3703 Ad
735 3660 899 3717 quem
933 3645 988 3698 in
1024 3651 1279 3713 promptu
1322 3650 1441 3696 erat
1464 3641 1682 3705 dicere,
1719 3641 1967 3696 eamdem
2006 3641 2084 3696 illi
2122 3640 2191 3695 de

621 3739 822 3812 quovis
867 3737 975 3791 alio
1019 3736 1107 3789 die
1139 3734 1374 3787 futuram
1406 3732 1780 3801 quaestionem.
1824 3731 1961 3798 Quia
2008 3740 2189 3787 tamen

621 3830 847 3888 videtur
892 3844 1004 3883 non
1051 3826 1246 3881 inscita
1294 3825 1679 3896 percontatio,
1737 3824 2187 3894 respondeamus.

623 3922 869 3978 Dicimus
900 3934 1052 3989 ergo.
1091 3933 1199 3971 non
1252 3917 1333 3971 sic
1371 3931 1561 3971 revera
1596 3915 1798 3970 habere
1838 3914 2188 3977 aliirmantes,

2294 3558 2532 3627 σήμερον
2593 3557 2752 3609 αὑτὸν
2807 3554 3212 3627 ἐπιτελεῖσθαι,
3268 3556 3525 3609 τουτέστι
3570 3560 3633 3627 τῇ
3678 3556 3816 3608 εἰκάδι

2293 3648 2541 3718 πέμπτῃ,
2578 3646 2673 3701 καὶ
2698 3646 2771 3718 μὴ
2795 3648 2851 3700 ὲν
2880 3646 3031 3718 ἄλλῃ.
3054 3645 3148 3699 τοῦ
3182 3646 3350 3717 μηνὸς
3374 3646 3594 3719 ἡμέρας
3632 3646 3753 3717 Πρὸς
3774 3646 3817 3697 ὃν

2292 3738 2639 3807 ἑτοιμότατον
2682 3734 2748 3810 ἦν
2778 3740 2975 3801 εἰπεῖν,
3014 3741 3096 3792 ὅτι
3146 3739 3255 3791 Καὶ
3289 3740 3422 3810 περὶ
3450 3740 3614 3808 ἄλλης
3643 3738 3816 3807 ἡμέρας

2292 3831 2353 3884 τὺ
2402 3831 2535 3884 αὐτὸ
2582 3832 2865 3901 ἡπόρησας
2912 3831 2997 3885 ἄν.
3044 3830 3548 3901 Ἀπολογησώμεθα
3596 3831 3638 3885 δ’
3678 3832 3813 3901 ὅμως.

2292 3922 2483 3993 ἐπειδὴ
2509 3922 2610 3976 οὐκ
2639 3922 2885 3992 ἄκομψον
2927 3923 3077 3976 δοκεῖ
3114 3918 3252 3976 εἷναι
3288 3923 3349 3975 τὸ
3373 3924 3714 3993 ὲπαπόρημα.
3737 3921 3814 3975 Λέ-

623 4028 806 4082 neque
840 4019 902 4065 ut
945 4019 1195 4064 nostrum
1228 4008 1492 4062 duntaxat
1521 4020 1830 4061 sermonem
1866 4015 2187 4070 teneamus;

623 4103 719 4159 sed
754 4112 815 4157 ut
847 4101 994 4172 quod
1016 4100 1258 4155 animum
1283 4098 1454 4153 subiit
1484 4098 1603 4153 sine
1626 4099 1827 4153 invidia
1854 4100 2190 4170 aperiamus,

623 4211 834 4266 vosque
860 4194 927 4249 ad
952 4195 1227 4249 veriorem
1255 4193 1586 4247 solutionem
1622 4192 2007 4262 inquirendam
2037 4208 2192 4247 exer-

623 4302 847 4344 ceamus
880 4304 894 4339 :
927 4301 1091 4355 quam
1118 4285 1164 4340 si
1190 4283 1534 4349 inveneritis,
1558 4291 1779 4339 maneat
1796 4283 1912 4339 haec
1931 4283 2189 4347 obseura,

625 4391 729 4433 nec
751 4384 1027 4431 mereatur
1053 4372 1354 4430 conscribi.

2291 4027 2464 4081 γομεν
2493 4010 2573 4075 δὲ,
2601 4012 2663 4064 οὐ
2688 4010 3155 4083 διαϐεϐαιούμενοι
3181 4011 3353 4076 οὕτως
3382 4012 3531 4083 ἔχειν
3557 4013 3615 4066 τδ
3638 4010 3811 4083 ἀληθὲς.

2291 4103 2403 4155 οὐδ’
2434 4102 2510 4165 ὡς
2559 4102 2718 4173 μόνον
2756 4103 2846 4155 τὸν
2894 4104 3102 4157 ἑαυτῶν
3138 4104 3297 4172 λόγον
3348 4105 3698 4173 κρατοῦντες·
3722 4102 3811 4157 ἀλλ’

2292 4192 2544 4260 ἀφθόνως
2588 4194 2650 4247 τὸ
2689 4193 2914 4247 ἐπελθὸν
2945 4195 3073 4265 ύμῖν
3103 4195 3600 4262 ἀνακαλύπτοντες,
3625 4194 3707 4250 καὶ
3735 4212 3811 4262 γυ-

2295 4283 2589 4351 μνάζοντες
2650 4284 2795 4355 ὑμᾶς
2844 4284 2941 4355 τὴν
2995 4284 3359 4358 ἀληθεστέραν
3417 4286 3619 4356 ταύτης
3666 4286 3811 4353 ζητεῖν

2294 4375 2573 4429 ὲπίλυσιν’
2607 4375 2674 4445 ἢν
2707 4377 2794 4429 ἐπ’
2825 4376 2892 4431 ἂν
2924 4376 3145 4449 εὕρητε,
3178 4378 3356 4444 αῐολος
3397 4380 3540 4451 αὑτὴ
3570 4392 3594 4430 Ρ
3625 4379 3808 4450 μενέτω,

2292 4468 2387 4521 καὶ
2421 4468 2545 4538 μηδ’
2574 4467 2711 4532 ὅλως
2738 4468 3010 4535 ἀξιούσθω
3047 4472 3289 4542 γραφῆς.

696 4555 759 4611 ν.
803 4552 940 4609 Cum
995 4552 1087 4607 hic
1130 4550 1371 4607 mundus
1406 4559 1625 4605 creatus
1682 4551 1776 4614 sit,
1829 4566 1892 4604 ac
1947 4560 2180 4620 tempore

2366 4560 2598 4631 Γενητὺς
2626 4559 2702 4613 ὣν
2726 4562 2755 4615 ό
2779 4562 2981 4632 κόσμος
3013 4556 3191 4628 οὗτος,
3220 4566 3313 4619 καὶ
3345 4566 3524 4638 χρόνῳ
3554 4564 3808 4636 μετρούμε-

624 4655 1002 4708 mensuretur,
1035 4645 1194 4713 plane
1222 4651 1440 4712 oportet
1472 4640 1743 4711 incepisse
1773 4642 1841 4695 ab
1866 4642 2051 4711 aliquo
2079 4657 2180 4694 moi

2292 4667 2402 4712 νος,
2430 4649 2537 4703 ἀπό
2559 4666 2707 4713 τινος
2733 4651 2952 4714 πάντως
2984 4653 3252 4719 κινήσεως
3276 4654 3499 4725 ἤρξατοο
3530 4656 3578 4707 τί
3618 4655 3655 4707 δ’
3682 4652 3735 4706 ἂν
3756 4648 3807 4720 ἦν

626 4748 684 4793 ιιι
715 4756 731 4805 ;
755 4736 1091 4806 omninoque
1124 4733 1421 4803 temporale
1446 4732 1722 4803 quoddam
1745 4732 2073 4803 principium
2100 4733 2180 4786 ha-

2292 4741 2521 4812 χρονικὴ
2554 4741 2776 4805 πάντως
2824 4744 2996 4814 ἀρχῆς
3038 4745 3210 4798 ἀΐδιον
3239 4745 3347 4817 γὰρ
3390 4746 3554 4800 αὐτὸν
3589 4742 3803 4812 λέγεινώ

624 4829 766 4884 buit.
811 4828 931 4884 Non
958 4826 1105 4881 enim
1136 4840 1237 4880 nos
1266 4824 1660 4894 sempiternum
1692 4823 1877 4879 dicere
1917 4823 2180 4878 novimus.

2294 4832 2701 4903 μεμαθήκαμεν
2730 4836 2915 4905 ἡμεῖς,
2959 4836 3080 4889 οὐδὲ
3134 4840 3190 4891 al
3225 4839 3542 4910 Ἐκκλησίαν.
3571 4838 3656 4891 τοῦ
3682 4832 3800 4887 Θεοῦ.

624 4936 727 4977 nec
756 4918 1017 4975 Ecclesia:
1064 4917 1183 4972 Dei.
1232 4916 1382 4972 Nihil
1420 4916 1626 4987 quippe
1656 4916 2055 4986 sempiternum
2085 4924 2180 4979 est.

2293 4923 2461 4977 Οὐδὲν
2487 4923 2597 4995 γάρ
2625 4927 2776 4978 ἐστιν
2806 4928 3001 4990 ἀΐδιον,
3031 4922 3093 4982 οὗ
3128 4929 3196 4982 τὰ
3230 4932 3368 5001 μέρη
3394 4932 3614 5003 φθοραῖς
3637 4930 3715 4983 καὶ
3735 4927 3802 4977 ἄλο

624 5010 782 5080 cujus
814 5018 999 5079 partes
1032 5006 1376 5078 corruptioni
1425 5022 1490 5061 ac
1534 5006 1825 5062 mutationi
1860 5006 2144 5074 subiacent
2178 5024 2180 5057 1

2292 5012 2571 5067 λοιώσεσιν
2601 5014 2907 5070 ὑπόκειταιο
2938 5019 3075 5071 ἀλλὰ
3101 5021 3337 5084 πάντως,
3364 5017 3427 5077 οὗ
3448 5023 3515 5075 τὰ
3538 5022 3663 5093 μέρη
3690 5016 3803 5086 902i-

622 5099 849 5155 omnino
888 5109 1095 5165 autem,
1132 5101 1290 5171 cujus
1331 5107 1763 5169 corrumpuntur
1786 5110 1992 5169 partes,
2020 5106 2180 5152 totum

2297 5121 2503 5176 ρονται,
2530 5107 2690 5160 τοῦτο
2719 5108 2815 5161 καὶ
2836 5110 2894 5162 τὸ
2918 5110 3038 5163 ὅλον
3063 5111 3274 5184 φθορᾶς
3309 5112 3571 5167 δεκτικόν.
3601 5112 3656 5165 El
3679 5110 3725 5163 δὲ
3754 5108 3801 5160 τὰ

622 5205 843 5259 quoque
898 5190 1077 5260 ipsum
1109 5190 1451 5262 corruptioni
1482 5190 1780 5246 obnoxium
1812 5198 1916 5245 est.
1957 5189 2115 5257 Quod
2145 5192 2180 5245 si

2294 5196 2437 5268 μέρη
2485 5196 2580 5252 τοῦ
2623 5198 2831 5268 κόσμου
2876 5201 3213 5273 φθείρονται,
3246 5203 3491 5275 δηλονότι
3522 5202 3687 5258 καὶτὸ
3710 5198 3800 5253 ὅλον

622 5284 815 5339 mundi
848 5294 1034 5355 partes
1068 5286 1421 5356 corruptione
1450 5284 1751 5352 intereunt,
1793 5284 1985 5355 utique
2021 5283 2180 5338 inter-

2290 5288 2652 5360 φθαρήσεται.
2706 5292 2916 5346 Οὐκοῦν
2967 5295 3068 5349 οὐκ
3117 5296 3310 5360 ἀΐδιος.
3345 5298 3409 5351 Et
3450 5298 3495 5352 δ’
3537 5298 3630 5350 ούκ
3650 5293 3797 5353 ἀΐδιος.

623 5373 826 5432 iturum
875 5386 960 5433 est
986 5387 1043 5432 et
1085 5386 1285 5432 totum.
1318 5377 1434 5432 Non
1466 5394 1597 5449 ergo
1628 5376 1870 5432 mundus
1894 5376 2180 5446 sempiter-

2287 5379 2459 5452 ἀρχὴν
2499 5379 2625 5451 ἔσχε
2663 5381 2759 5436 τοῦ
2799 5379 2969 5453 εἶναι,
3002 5385 3099 5440 καὶ
3139 5388 3309 5462 ἀρχὴτ
3347 5388 3669 5459 γενέσεως,ὀ
3702 5380 3800 5455 ὁρώ-

683 5532 733 5567 ⁷’
762 5532 896 5588 Luc.
928 5549 966 5597 ι,
988 5532 1079 5586 24.
1154 5533 1199 5565 ⁸⁸
1228 5533 1360 5588 ibid.
1386 5534 1477 5590 26.
1552 5537 1593 5568 '”
1627 5536 1761 5593 ibid.
1790 5535 1881 5593 36.

1901 5649 2134 5707 VARIE
2176 5651 2582 5709 LECTIONES.

686 5746 716 5791 Ρ
740 5740 926 5811 sum.
964 5740 1147 5809 Forte,
1183 5742 1339 5813 αὕτη.
