4052 6566
521 341 656 406 1383

1635 332 1697 393 S.
1735 330 2136 399 ANASTASII
2180 329 2654 403 ANTIOCHENI

3644 327 3765 403 1385

514 460 681 522 atque
703 447 841 505 adeo
859 444 1093 517 quadam
1117 438 1489 511 inaequalitate
1525 438 1921 508 atquinoctium
1942 439 2093 508 ejus.

2216 442 2257 511 τῇ
2291 440 2469 503 εἰκάδι
2495 439 2547 511 τ]
2578 438 2792 512 πρώτῃ..
2823 438 2913 492 καὶ
2942 434 3029 490 διὰ
3055 436 3213 492 τοῦτο
3236 436 3539 508 ἀνωμάλως
3582 455 3767 497 καταν-

516 539 671 607 modi
696 536 957 595 occurrit.
988 531 1261 600 Deinceps
1301 538 1486 583 autem
1533 544 1633 584 ver
1671 529 1883 599 incipit,
1917 529 2101 585 omnia

518 631 706 700 statim
730 631 785 685 in
816 626 1103 699 pulchram
1129 620 1423 691 quamdam
1450 634 1516 673 ac
1536 619 1832 690 genitalem
1863 621 2102 691 speciem

518 729 897 783 transmutans
952 730 1017 770 ac
1056 728 1304 767 movens.
1347 709 1632 782 Siquidem
1680 726 1812 769 vero
1864 711 1981 769 haec
2027 710 2103 767 ita

522 815 751 883 habent,
780 806 971 863 mundi
1023 804 1263 860 visibilis
1316 804 1559 874 primum
1614 810 1798 857 ortum
1842 802 2104 863 vicesima

518 906 616 969 die
648 901 853 963 mensis
897 898 1074 957 Martii
1112 896 1491 967 intelligimus.
1539 894 1677 951 Nam
1710 904 1894 950 creata
1925 896 2105 950 omni-

524 1014 599 1054 no
641 994 817 1055 creari
860 990 1109 1064 oportuit
1140 991 1517 1060 pulcherrima
1555 990 1684 1050 anni
1731 997 2055 1060 tempestate
2088 1005 2102 1043 :

523 1088 677 1160 atqui
714 1102 810 1151 ver
855 1082 1233 1159 pulcherrima
1288 1092 1373 1137 est
1423 1089 1813 1151 tempestatum
1862 1081 2013 1149 anni,
2048 1088 2108 1135 ut

526 1181 645 1251 ipse
675 1175 892 1237 abunde
930 1182 1165 1235 testatur
1198 1188 1414 1233 sensus.
1441 1172 1707 1227 Videmus
1739 1172 1885 1227 enim
1916 1188 2017 1242 per
2052 1171 2107 1228 id

527 1279 766 1342 tempus,
798 1268 1009 1331 moveri
1040 1267 1225 1327 omnia
1258 1274 1318 1321 ut
1347 1281 1580 1321 numero
1610 1281 1676 1319 ac
1705 1266 1848 1320 mole
1869 1281 2111 1338 augean—

528 1346 655 1432 tur,
678 1365 916 1435 primum
953 1360 1092 1423 illud
1121 1358 1440 1417 mandatum
1486 1359 1722 1414 reverita
1756 1374 1769 1413 :
1809 1357 2033 1417 Crescite
2060 1367 2110 1419 et

529 1454 961 1528 multiplicamini
982 1453 1048 1507 ⁸⁸.
1077 1451 1134 1507 Si
1168 1450 1391 1520 quidem
1417 1466 1547 1524 ergo
1580 1451 1951 1521 pulcherrima
1979 1450 2109 1505 anni

525 1555 922 1618 tempestatum
952 1558 1123 1599 verna
1163 1552 1269 1607 est,
1304 1540 1609 1615 incipitque
1636 1540 1728 1594 illa
1765 1540 1833 1595 ab
1861 1540 2111 1613 aequino-

526 1640 662 1711 ctio,
687 1636 908 1709 quando
929 1636 1075 1690 Deus
1097 1633 1305 1703 incepit
1332 1648 1419 1689 res
1441 1630 1645 1695 creare,
1674 1646 1799 1686 cum
1832 1630 2110 1685 hominem

529 1729 618 1791 die
652 1737 804 1785 sexta
830 1724 1140 1789 creaverit;
1177 1723 1337 1794 plane
1366 1721 1729 1791 intelligimus
1758 1720 1929 1781 fuisse
1960 1734 2113 1775 crea-

2201 533 2272 603 τᾷ
2319 533 2353 604 ἡ
2400 531 2681 604 ἰσημερία.
2721 526 2882 601 Ἑξῆς
2931 530 3157 602 ἄρχεται
3205 529 3269 583 τὸ
3302 529 3423 602 ἔαρ,
3460 531 3768 602 μεταποιοῦν

2203 624 2300 681 καὶ
2338 623 2526 678 κινοῦν
2557 621 2763 693 εὐθέως
2792 622 3013 689 ἅπαντα
3042 620 3178 693 πρὸς
3203 620 3396 684 κάλλος
3428 622 3527 677 καὶ
3548 621 3767 689 γένεσιν.

2204 718 2267 773 Εἰ
2300 716 2474 770 ταῦτα
2510 714 2685 789 οὕτως
2724 714 2838 789 ἔχει
2859 755 2873 781 ,
2912 713 3088 789 ἀρχὴν
3120 712 3213 767 τοῦ
3242 712 3526 783 ὁρωμένου
3554 713 3770 784 κόσμου,

2203 810 2304 881 τὴν
2359 808 2551 864 εἰκάδα
2606 807 2703 861 τοῦ
2752 806 3000 875 Μαρτίου
3060 805 3228 878 μηνὸς
3295 805 3773 876 καταλαμϐάνομεν

2205 898 2368 957 εἶναι.
2415 902 2489 953 Τὸ
2536 900 2645 972 γὰρ
2694 899 3035 970 γεννώμενον
3064 908 3116 967 γ,
3167 900 3225 950 ὲν
3269 901 3335 969 τῇ
3365 896 3634 969 καλλίστῃ
3677 898 3773 951 τῶν

2205 992 2364 1063 ὡρῶν
2395 991 2502 1045 ἔδει
2537 990 2797 1059 γενέσθαι
2836 990 3053 1053 πάντως
3076 1006 3089 1019 °
3116 988 3377 1058 καλλιστη
3402 989 3466 1041 δὲ
3495 988 3602 1042 τῶν
3628 989 3775 1060 ὡρῶν

2206 1085 2375 1151 ἐστιν,
2423 1083 2456 1153 ἡ
2501 1082 2596 1136 τοῦ
2648 1081 2830 1155 ἔαρος,
2873 1079 2949 1143 ὼς
3003 1079 3144 1151 αὐτὴ
3192 1072 3468 1149 μαρτυρεῖ
3515 1079 3549 1148 ἡ
3594 1076 3776 1151 αἵσθη-
3835 1086 3853 1119 ξ

2210 1194 2313 1241 σις.
2341 1175 2587 1248 Ὀρῶμεν
2627 1174 2733 1245 γὰρ
2765 1174 2943 1227 πάντα
2972 1172 3108 1247 πρὸς
3140 1170 3460 1241 πληθυσμδν
3501 1169 3595 1222 καὶ
3624 1169 3775 1242 αὔξη-

2210 1285 2294 1322 σιν
2329 1268 2453 1322 τότε
2502 1265 2822 1335 κινούμενα.
2868 1264 2929 1318 τὸ
2977 1263 3192 1341 πρῶτον
3222 1260 3521 1331 αἱδούμενα
3554 1262 3776 1333 πρόστα-

2208 1377 2348 1431 γμα,
2379 1358 2704 1423 Αὺξάνετε,
2739 1359 3145 1424 πληθύνεσθε.
3177 1355 3239 1413 Εἰ
3273 1349 3367 1415 οὖν
3396 1353 3656 1423 καλλίστη
3682 1354 3778 1407 τῶν

2210 1450 2371 1520 ὡρῶν
2402 1450 2553 1503 ἐστιν
2576 1449 2610 1519 ἡ
2643 1446 2856 1518 ὲαρινὴ,
2891 1446 3122 1517 ἄρχεται
3157 1444 3213 1497 δὲ
3244 1443 3352 1497 ἀπὸ
3384 1444 3695 1515 ἰσημερίας,
3729 1445 3779 1497 ὲν

2208 1540 2243 1621 ᾖ
2278 1544 2386 1599 τῶν
2416 1542 2721 1614 γεγονότων
2760 1543 2938 1616 ἔργων
2969 1540 3255 1613 ἀπήρξατο
3299 1541 3327 1594 ὁ
3372 1538 3529 1604 Θεὸς,
3562 1542 3627 1609 τῇ
3657 1537 3783 1613 ἕκτη

2208 1636 2399 1709 ἡμέρᾳ
2434 1634 2851 1707 δημιουργήσας
2878 1633 2971 1687 τὸν
2997 1632 3309 1702 ἄνθρωπον,
3335 1632 3439 1702 τὴν
3466 1628 3560 1683 τοῦ
3589 1630 3781 1702 ἀνθρώ.

2214 1744 2319 1780 που
2350 1727 2567 1797 ποίησιν
2596 1729 2662 1799 τῇ
2707 1725 2884 1781 εἰκάδι
2915 1723 3035 1797 [καὶ
3081 1722 3313 1796 πέμπτῃ
3342 1721 3393 1793 ³]
3425 1719 3523 1775 τοῦ
3549 1720 3778 1792 Μαρτίου

532 1832 648 1880 tum
678 1819 959 1877 hominem
987 1816 1077 1870 die
1106 1814 1366 1870 vicesima
1413 1812 1606 1889 quinta
1636 1811 1846 1867 mensis
1878 1810 2056 1868 Martii
2096 1826 2108 1862 :

2217 1818 2389 1893 μηνὸς
2416 1796 2853 1893 κατειλήφαμενο
2889 1796 3025 1890 ἕκτη
3065 1819 3173 1890 γάρ
3202 1818 3349 1870 ἐστιν
3383 1816 3496 1871 ἀπὸ
3523 1816 3620 1887 τῆς
3644 1816 3780 1879 elati-

531 1913 740 1987 quippe
766 1918 918 1969 sexta
945 1916 1033 1964 est
1059 1923 1089 1962 a
1123 1906 1405 1970 vicesima,
1430 1904 1693 1960 vicesima
1717 1904 1932 1974 quinta.

603 2004 717 2061 Vl].
748 2001 884 2065 Cum
908 2000 1024 2059 htec
1044 1999 1230 2068 itaque
1262 1998 1344 2053 sic
1368 1997 1633 2057 habeant.
1655 2012 1821 2067 quam
1852 1995 1959 2051 sibi
1998 2011 2113 2051 ma-

530 2096 616 2168 gis
645 2093 831 2153 decuit
864 2090 1098 2153 delinire
1133 2075 1278 2145 diem
1313 2104 1420 2157 qua
1452 2103 1510 2143 se
1544 2088 1699 2149 carni
1729 2088 2111 2167 coniungeret,

526 2188 626 2258 qui
651 2185 930 2245 hominem
955 2198 984 2238 a
1008 2181 1283 2265 principio
1310 2180 1607 2251 formarat?
1638 2179 1693 2234 Si
1719 2179 1945 2249 quidem
1968 2179 2113 2236 enim

532 2279 731 2334 lubens
782 2284 1009 2346 propter
1042 2282 1286 2331 nostram
1330 2272 1566 2328 salutem
1604 2270 1837 2326 servivit
1867 2270 2018 2328 carni
2051 2286 2115 2327 ac

528 2369 813 2437 nativitati
845 2367 1165 2441 nostrisque
1212 2366 1323 2429 illis
1353 2363 1766 2426 aﬂectionibus,
1795 2371 1979 2425 tentos
2014 2378 2117 2418 nos

533 2462 638 2523 sub
681 2469 909 2531 peccato
954 2459 1327 2523 liberaturus;
1360 2457 1524 2527 plane
1569 2472 1667 2526 par
1699 2464 1839 2518 erat,
1890 2464 1953 2508 ut
1999 2454 2117 2525 ipsa

534 2551 625 2609 die
662 2551 970 2622 compactio
1004 2551 1412 2620 auspicaretur,
1462 2564 1570 2619 qua
1600 2548 1901 2618 incepisset
1934 2546 2117 2601 homi-

533 2658 668 2699 num
713 2640 943 2696 creatio.
1003 2639 1131 2703 Fuit
1168 2638 1444 2709 siquidem
1496 2635 1777 2695 secundus
1828 2635 2001 2693 Adam
2049 2636 2115 2701 ³⁷,

534 2734 797 2801 omnibus
819 2732 1094 2803 susceptis
1110 2746 1231 2803 qua:
1258 2729 1464 2801 prioris
1482 2737 1690 2795 essent,
1716 2727 1880 2783 modo
1904 2736 2117 2789 tantum

536 2834 825 2899 peccatum
861 2824 1105 2895 excipias
1133 2823 1198 2877 ⁸³.
1231 2821 1389 2890 Quod
1445 2821 1492 2876 si
1534 2820 1814 2887 omnibus,
1854 2835 2119 2891 quorsum

536 2921 646 2983 hoc
675 2934 845 2985 unum
884 2917 1194 2989 negligerct
1218 2954 1233 2977 ,
1281 2914 1544 2973 nimirum
1579 2914 1953 2985 generationis
1985 2922 2122 2973 tem-

536 3029 662 3084 pus,
695 3010 842 3089 quod
879 3011 1041 3081 plane
1076 3010 1197 3081 eius
1246 3008 1303 3062 in
1340 3022 1514 3079 genus
1553 3006 1840 3062 hominum
1883 3005 2120 3085 sapienti

538 3104 951 3187 dispensatione
986 3101 1413 3170 haudquaquam
1450 3098 1735 3169 indignum
1765 3100 1949 3154 esset?
1979 3098 2119 3155 Sane

536 3199 704 3263 etiam
733 3204 869 3252 tunc
900 3195 1194 3255 reformari
1232 3194 1462 3250 decebat
1497 3194 1711 3265 peccati
1739 3209 1916 3259 reum,
1947 3210 2120 3266 quan-

538 3289 611 3353 do
640 3289 915 3351 formatus
943 3287 1145 3347 fuerat.

609 3382 748 3446 Vill,
790 3380 1060 3454 Quocirca
1116 3379 1235 3449 ipsa
1274 3378 1398 3445 die,
1446 3376 1635 3441 Missus
1674 3389 1754 3443 ,εει
1786 3379 2006 3441 Gabriel
2038 3380 2116 3445 ⁸⁸,

539 3474 718 3539 fauste
738 3471 953 3543 Virgini
984 3471 1361 3542 incorruptam
1386 3471 1730 3527 nativitatem
1760 3472 2118 3544 annuntians,

538 3566 702 3635 eique
738 3546 981 3619 futuram
1009 3564 1130 3634 ejus
1158 3578 1263 3633 ope
1300 3564 1561 3634 gentibus
1595 3566 1828 3623 salutem
1860 3582 2123 3636 premun-

542 3657 688 3711 tians
727 3673 739 3709 :
774 3642 1277 3724 dumque'interim
1318 3654 1410 3709 ille
1456 3656 1692 3725 salutat,
1742 3656 1963 3711 Verbum
1994 3673 2120 3712 caro

542 3749 741 3818 factum
770 3757 843 3814 est
867 3748 936 3816 9°,
973 3745 1292 3818 ﬁgmentum
1324 3747 1653 3811 reformans,
1687 3747 1834 3818 quod
1868 3763 1973 3807 una
1995 3764 2120 3809 cum

544 3839 766 3910 maligni
799 3838 1076 3913 serpentis
1100 3840 1454 3901 sermonibus
1486 3840 1794 3912 ingressum
1831 3849 2120 3911 peccatum

542 3932 881 4017 corruptioni
930 3931 1233 3995 obnoxium
1286 3931 1495 3987 fecerat
1530 3950 1542 3985 :
1578 3947 1640 3986 ac
1675 3931 1818 3994 sicut
1842 3948 1941 4003 per
1965 3931 2121 3991 femi-

540 4041 671 4089 nam
707 4040 859 4093 mors
900 4033 1124 4092 causata
1162 4032 1267 4088 est,
1301 4024 1383 4081 sic
1412 4025 1661 4094 oportuit
1694 4025 2000 4105 dispensari
2032 4040 2121 4081 sa-

540 4117 714 4172 lutem
748 4132 848 4189 per
878 4116 1157 4183 feminam.
1203 4117 1307 4179 Per
1337 4116 1487 4170 illam
1520 4116 1804 4187 deceptam
1840 4117 2122 4187 voluptate

539 4225 737 4275 omnes
791 4211 996 4271 mortui
1044 4224 1242 4271 sumus
1266 4211 1309 4242 ⁹¹
1352 4210 1485 4281 (per
1532 4194 1675 4271 hanc
1716 4210 1981 4269 viviﬁcati
2026 4226 2122 4265 su.-

541 4299 747 4373 mus")
780 4317 795 4354 :
825 4316 935 4367 non
965 4316 1030 4363 ea
1060 4309 1274 4365 tantum
1314 4299 1651 4369 accipientes
1678 4315 1707 4360 a
1731 4298 1933 4368 quibus
1972 4299 2121 4353 exci-

541 4395 823 4463 deramus,
855 4394 951 4457 sed
985 4393 1146 4464 longe
1187 4394 1394 4474 majora
1426 4408 1490 4459 ac
1532 4392 1881 4466 pretiosiora,
1913 4408 2035 4462 quae
2074 4393 2122 4423 ⁹¹

2211 1910 2299 1979 δος
2324 1913 2358 1982 ἡ
2391 1910 2619 1980 πέμπτη
2647 1910 2741 1963 καὶ
2765 1910 2940 1967 εἰκάς.

2285 2000 2507 2056 Τούτων
2544 2000 2717 2066 οὕτως
2749 2002 3008 2073 ἐχόντων,
3053 2017 3213 2057 ποιαν
3250 1999 3359 2055 ἔδει
3403 2000 3622 2072 ἡμέραν
3662 2001 3783 2073 ὼρίο

2216 2110 2306 2148 σαι
2339 2092 2541 2166 ἐαυτῷ,
2590 2093 2728 2167 πρὸς
2769 2093 2831 2151 τὸ
2879 2091 3271 2163 συμπλακῆναι
3314 2092 3488 2161 σαρκὶ
3520 2090 3611 2143 τὸν
3640 2090 3785 2163 ἐξαρ-

2214 2186 2315 2261 χῆς
2336 2186 2657 2241 πεπλακότα
2686 2185 2776 2243 τὸν
2807 2185 3132 2255 ἄνθρωπονς
3169 2185 3228 2251 Ei
3258 2185 3369 2258 γὰρ
3398 2185 3491 2238 διὰ
3517 2185 3617 2255 τὴν
3644 2186 3784 2256 ἡμῶν

2218 2279 2495 2353 σωτηρίαν
2532 2277 2677 2335 ἑκὼν
2724 2277 3008 2332 ἐδούλευσε
3057 2278 3224 2350 σαρκὶ
3255 2278 3351 2339 καὶ
3402 2277 3678 2355 γεννήσει,
3703 2276 3786 2331 καὶ

2216 2369 2416 2425 πάθεσι
2450 2372 2565 2436 τοῖς
2600 2370 2916 2442 ἡμετέροις,
2959 2370 3047 2423 ἵνα
3094 2372 3240 2447 ἡμᾶς
3284 2368 3651 2441 ἐλευθερώσει
3694 2369 3785 2427 ύπδ

2216 2462 2317 2535 τῆς
2363 2463 2643 2535 ἁμαρτίας
2696 2462 3136 2539 κατεχομένους·
3197 2464 3257 2520 ὲν
3308 2466 3377 2543 τῇ
3432 2462 3572 2535 αὐτῇ
3618 2463 3786 2539 ἡμέρα

2218 2553 2461 2626 ἔπρεπεν
2495 2552 2766 2621 ἄρξασθαι
2795 2553 2897 2625 τῆς
2941 2553 3297 2629 συμπήξεως,
3348 2555 3410 2617 ἐν
3442 2548 3479 2628 ᾗ
3509 2556 3604 2608 καὶ
3644 2555 3786 2625 ἡμεῖς

2219 2645 2317 2714 τῆς
2368 2643 2656 2715 γενέσεως.
2712 2642 2975 2715 Δεύτερος
3030 2644 3142 2723 γὰρ
3205 2643 3376 2721 Ἀδὰμ
3426 2645 3784 2716 ὲχρημᾲτισε,

2223 2737 2399 2788 πάντα
2431 2733 2498 2797 τὰ
2524 2732 2620 2791 τοῦ
2652 2735 2891 2805 πρώτου,
2930 2732 3071 2805 πλὴν
3108 2734 3384 2806 ἁμαρτίας
3423 2736 3614 2805 μόνης,
3640 2752 3787 2789 κατα·

2219 2828 2535 2899 δεξάμενος.
2588 2829 2653 2884 Εἰ
2700 2829 2757 2893 δὲ
2804 2830 3006 2895 πάντα,
3055 2830 3109 2883 τί
3162 2830 3321 2895 τοῦτο
3377 2814 3666 2907 παρεώρα,
3709 2831 3787 2897 τὸν

2220 2918 2411 2990 καιρὸν
2468 2918 2570 2991 τῆς
2628 2919 2795 2981 αὑτοῦ
2857 2920 2985 2991 περί
3040 2919 3197 2991 ἡμῶν
3258 2921 3434 2993 σοφῆς
3496 2923 3784 2992 οἰκονομίας

2222 3009 2444 3085 ἀληθῶς
2466 3009 2595 3070 ὄντα
2624 3010 2773 3076 ἄξιον
2798 3027 2812 3074 ;
2850 3011 2970 3071 τότε
2999 3011 3109 3087 γὰρ
3133 3011 3240 3065 ἔδει
3276 3011 3689 3083 ἀναπλασθῆναι
3708 3012 3787 3075 τὸν

2222 3102 2607 3175 ἡμαρτηκότα,
2638 3103 2730 3163 ὅτε
2754 3102 3026 3175 ἐπλάσθη.
3084 3088 3087 3091 ὗ

2292 3372 2383 3425 Διὸ
2415 3373 2473 3426 ὲν
2493 3372 2629 3444 αὐτῇ
2658 3372 2865 3449 ἡμέρᾳ,
2902 3372 3243 3442 ’ᾼπεστάλη
3274 3377 3306 3429 ὀ
3327 3370 3619 3443 Γαϐριὴλ,
3641 3374 3785 3458 sitq.

2221 3462 2576 3539 γελιζόμενος
2606 3467 2670 3535 τῇ
2698 3464 2963 3539 Παρθένῳ
2992 3465 3094 3531 τὴν
3128 3464 3368 3538 ἄφθορον
3402 3466 3679 3537 γέννησιν,
3706 3466 3786 3527 καὶ

2220 3557 2321 3628 τὴν
2355 3556 2623 3628 ἐσομένην
2650 3560 2766 3621 τοῖς
2809 3557 2989 3611 ἔθνεσι
3030 3558 3100 3611 δι’
3139 3558 3311 3630 αὐτῆς
3355 3546 3635 3632 σωτηρίαν
3665 3575 3786 3633 προ.

2222 3647 2613 3717 καταγγέλλων
2648 3648 2786 3723 αὐτῇ
2809 3665 2822 3681 ⁸
2857 3648 2974 3721 ἃμα
3001 3664 3062 3703 τε
3094 3649 3171 3721 τῷ
3203 3640 3523 3723 ἀσειιασμαξ),Δ
3547 3649 3602 3707 ’0
3623 3653 3786 3722 λόγος

2221 3740 2380 3817 σὰρξ
2407 3740 2665 3817 ἐγένετο,
2698 3742 3062 3800 ἀναπλάττων
3105 3742 3167 3797 τδ
3198 3744 3451 3815 πλάσμα,
3494 3744 3523 3798 ὃ
3558 3743 3785 3816 ἔφθειρεν

2222 3836 2256 3906 ἡ
2293 3836 2559 3907 ἁμαρτία,
2583 3838 2698 3900 τοῖς
2727 3836 2821 3891 τοῦ
2852 3836 3093 3909 πονηροῦ
3120 3837 3296 3911 ὄφεως
3324 3837 3512 3908 λόγοις
3538 3835 3785 3892 συνεισελ·

2224 3927 2419 3982 θοῦσα.
2450 3929 2604 3983 Ἔδει
2625 3928 2757 4001 γὰρ.
2782 3930 2889 3984 ἔδει
2915 3930 3016 4000 τὴν
3045 3928 3499 3999 καταφθαρεῖσαν
3532 3926 3783 4005 σάρκατῷ

2224 4019 2482 4091 συριγμῷ
2508 4019 2603 4075 τοῦ
2634 4021 2831 4091 ὄφεως,
2860 4021 2936 4093 τῷ
2965 4019 3243 4093 ἀσπασμῷ
3273 4019 3367 4074 τοῦ
3401 4021 3637 4089 ἀγγέλου
3666 4017 3781 4090 πρὸς

2223 4113 2539 4183 ἀφθαρσίαν
2598 4114 2952 4179 ἐπανελθεῖν
3013 4116 3105 4169 καὶ
3160 4113 3348 4186 ὥσπερ
3403 4098 3498 4168 διὰ
3550 4112 3782 4183 γυναικὸς

2226 4205 2505 4277 ἐνηργὴθη
2536 4207 2563 4273 δ
2589 4203 2844 4271 θάνατος,
2885 4201 3029 4258 οὕτω
3072 4203 3163 4258 διὰ
3210 4204 3475 4277 γυναικὸς
3516 4204 3781 4273 οἰκονομη-

2224 4298 2383 4368 θῆναι
2434 4299 2539 4363 ἔδει
2578 4299 2680 4370 τὴν
2726 4300 3021 4369 σωτηρίαν.
3074 4299 3153 4351 Δι’
3197 4299 3412 4370 ἐκείνην
3464 4300 3620 4371 ἡδονῇ
3665 4297 3781 4349 κὶα·

2225 4394 2443 4461 πεῖσαν,
2473 4390 2826 4462 ἀπεθάνομεν
2860 4392 3063 4459 πάντες
3083 4409 3094 4423 ·
3128 4391 3235 4464 [διὰ
3264 4392 3473 4460 ταύτην
3506 4388 3781 4461 ὲζωοποιή·

542 4500 724 4556 neque
764 4485 1041 4553 humanus
1093 4484 1407 4538 intellectus
1444 4483 1617 4553 possit
1658 4484 1971 4554 concipere,
2017 4499 2114 4538 nec

2224 4481 2462 4557 θημεν
2503 4482 2605 4537 οὐκ
2654 4484 2839 4539 ἐκεῖνα
2890 4484 3049 4554 μόνον
3092 4483 3349 4547 λαϐόντες
3396 4477 3474 4537 ὧν
3523 4481 3781 4537 ὲκπεπτὼο

541 4578 738 4633 oculus
767 4592 960 4632 eorum
991 4576 1171 4631 valeat
1198 4576 1415 4645 assequi
1448 4577 1710 4646 speciem,
1745 4576 1840 4631 sed
1876 4584 1931 4630 et
1961 4576 2120 4631 audi-

544 4676 633 4722 tus
666 4665 813 4721 ferre
841 4673 1099 4735 nequeat.
1132 4664 1259 4720 Hazc
1289 4680 1452 4734 quam
1483 4664 1715 4735 agimus,
1745 4666 2036 4720 celebritas
2055 4682 2121 4722 ac

542 4758 681 4813 festa
710 4757 850 4823 dies,
880 4773 1049 4813 sacra:
1082 4757 1306 4827 quidem
1346 4773 1411 4813 ac
1436 4758 1763 4816 veneranda:
1804 4758 1969 4827 huius
1998 4759 2120 4815 Vir-

542 4849 684 4919 ginis
723 4848 1086 4904 Annuntiatio
1122 4859 1240 4915 est;
1291 4849 1483 4903 mundi
1525 4858 1709 4903 autem
1742 4849 1986 4905 universi
2023 4867 2120 4906 na-

542 4938 755 4993 talitius
783 4938 903 4995 dies
942 4956 955 4993 :
984 4939 1192 5011 quippe
1231 4940 1489 4995 universa
1530 4956 1631 4996 suo
1664 4956 1899 5010 quazque
1933 4942 2114 4997 ordini

541 5041 747 5092 asserta
770 5041 933 5097 sunt;
960 5032 1221 5102 priorque
1243 5032 1569 5099 deformitas
1594 5034 1850 5093 decorem
1873 5036 2109 5106 accepit.

536 5121 677 5189 Quia
706 5120 969 5185 nimirum
1000 5122 1176 5187 nostri
1204 5138 1368 5188 causa
1400 5124 1600 5179 similis
1632 5124 1791 5180 nobis
1820 5123 1999 5180 factus
2043 5124 2115 5182 sit

609 5277 813 5334 P'Gen.
850 5296 887 5344 ι,
914 5278 1003 5332 28.
1082 5280 1126 5312 ⁸⁷
1153 5278 1322 5334 lCor.
1356 5295 1446 5341 xv,
1477 5280 1564 5334 45.

536 5348 584 5387 ”
607 5349 709 5404 lsa.
743 5365 884 5413 Lxrv,
917 5348 970 5401 4.

1674 5278 1719 5311 ⁸⁸
1745 5277 1912 5334 Hebr.
1939 5295 2029 5342 xv,
2068 5280 2154 5336 l5.
2230 5281 2275 5316 ⁸⁹
2311 5281 2445 5337 Luc.
2482 5298 2519 5346 ι,
2551 5282 2641 5337 26.

2224 4592 2422 4646 καμεν,
2449 4574 2585 4628 ἀλλὰ
2616 4573 2796 4645 πολλῷ
2827 4573 3044 4646 μείζονα
3072 4575 3168 4630 καὶ
3199 4574 3593 4645 πλουσιώτερα,
3618 4573 3651 4627 ἀ
3673 4571 3778 4634 νοῦς

2227 4670 2326 4739 μὲν
2349 4667 2660 4739 ἀνθρώπων
2702 4668 3081 4739 φαντασθῆναι
3129 4662 3402 4731 ἀδυνατεῖ,
3438 4665 3709 4737 ὀφθαλμὸς
3729 4663 3776 4717 δὲ

2220 4762 2322 4824 Ωὺκ
2358 4762 2667 4839 ἐφικνεῖται
2694 4762 2795 4831 τῆς
2827 4761 2989 4825 ἰδέας,
3018 4762 3200 4814 ἀτονεῖ
3230 4760 3285 4813 δὲ
3320 4761 3416 4815 καὶ
3444 4760 3585 4830 ἀκοὴ
3609 4757 3777 4812 ὐποδέ⁴

2222 4852 2439 4919 ξασθαι.
2482 4851 2702 4924 Ταύτην
2727 4852 2935 4923 ἄγομεν
2965 4852 3161 4922 ἑορτὴν
3208 4851 3303 4906 καί.
3338 4852 3663 4922 πανήγυριν.
3694 4849 3775 4917 τῆς

2223 4944 2323 5014 μὲν
2363 4942 2523 5013 ἁγίας
2570 4945 2665 4998 καὶ
2714 4947 2919 5015 σεμνῆς
2948 4944 3155 5015 ταύτης
3198 4943 3476 5014 Παρθένου
3515 4939 3773 5010 εὐαγγελιο

2220 5035 2381 5106 σμδν,
2415 5037 2617 5102 παντὸς
2660 5037 2719 5099 ,δὲ
2759 5037 2854 5103 τοῦ
2910 5038 3116 5121 κόσμου
3160 5036 3406 5121 γενέσιον
3431 5052 3444 5067 ⁶
3493 5038 3571 5091 ὅτι
3617 5035 3772 5099 πάντα

2219 5126 2302 5189 εἰς
2322 5125 2478 5191 τάξιν
2504 5128 2840 5200 μετεποιὴοη
2862 5145 2876 5160 ⁸
2914 5118 3017 5193 καλ
3051 5118 3258 5198 κόσμον
3302 5130 3336 5200 ἡ
3384 5129 3513 5199 πρὶν
3558 5124 3771 5194 ἀκοσμία

2755 5283 2801 5325 ³ο
2835 5280 2992 5341 Joan.
3025 5300 3061 5347 ι,
3108 5283 3194 5339 1i.
3307 5282 3395 5337 ⁸⁸1
3426 5281 3551 5339 Cor.
3582 5298 3667 5347 xv,
3690 5279 3767 5336 22.

1641 5465 1875 5526 VARle
1916 5466 2302 5529 LECTIONES
2336 5466 2420 5526 ET
2454 5466 2682 5533 NOTAE.

608 5589 643 5619 ν
670 5581 946 5663 natasti
977 5581 1187 5663 εἱιεάξι.
1220 5581 1527 5663 Addo‘haac‘
1545 5584 1749 5663 clausa.
1829 5590 1855 5620 ³
1878 5583 1982 5663 Per
2002 5586 2138 5663 lianc
2156 5585 2407 5663 viviﬁcati
2437 5602 2639 5663 suptus.
2666 5586 2747 5640 Ita
2773 5582 3141 5663 supplendum
3162 5588 3361 5663 liquet,
3389 5602 3511 5643 cum
3538 5593 3604 5640 srt
3630 5595 3755 5643 cnam

538 5654 733 5711 allusio
756 5653 1023 5726 adlocuin
1050 5653 1069 5708 l
1101 5652 1229 5726 Cor.
1258 5669 1346 5726 xv,
1369 5652 1835 5726 21.__A_dden_dum_
1877 5655 2114 5710 videbat]

2216 5652 2290 5711 vel
2325 5655 2716 5720 πιστεύσασαν,
2740 5652 3367 5726 νεΓέὑαγγελισθεῗσαν,
3404 5668 3463 5714 ut
3494 5667 3628 5712 esset
3651 5665 3760 5723 per-

538 5727 678 5799 l‘eeta
730 5724 1063 5799 antithesis,_
1084 5723 1182 5779 sed
1228 5724 1379 5799 nolui
1414 5724 1547 5778 mihi
1575 5725 1656 5780 sic
1685 5722 1994 5799 indulgere.
2031 5725 2244 5799 Similia
2271 5726 2471 5799 pawim
2497 5726 2672 5799 (ἶνιεεί
2712 5727 2803 5781 alii
2855 5722 3046 5784 Patres
3082 5729 3135 5783 in
3161 5729 3281 5799 ejus
3316 5729 3425 5785 diei
3452 5722 3754 5783 laudatione.

540 5802 566 5845 1
590 5795 996 5865 Γεννώμενον.
1024 5795 1210 5863 Forte,
1243 5795 1552 5865 γενόμενον.

1636 5804 1663 5831 α
1692 5795 1800 5850 Kal
1825 5795 2086 5865 πέμπτῃ.
2120 5795 2282 5853 Addo
2306 5796 2497 5854 isthwc
2538 5798 2744 5852 clausa.
