4052 6524
236 362 371 425 13δὸ

974 361 1235 422 SERMO
1280 363 1396 423 Ill.
1440 390 1509 399 -υ
1552 364 1633 424 ΙΝ
1676 363 2378 425 ANNUNTMTIONEM
2416 366 2475 423 S.
2521 364 2810 424 MARI/E.

3289 348 3297 357 ’
3381 368 3516 431 13st;

229 470 470 538 ἐδέξατο,
516 471 599 525 ὅτι
654 470 724 524 δι’
764 471 914 542 ἡμᾶς
953 471 1147 540 γέγονε
1180 472 1306 526 καθ’
1354 475 1502 545 ἡμᾶς
1542 475 1570 527 6
1615 475 1817 538 πλάσας

1931 473 2025 543 qui
2068 488 2171 527 nos
2195 472 2348 536 fecit,
2390 484 2693 529 veteratam
2734 475 2908 545 ipsius
2939 490 3001 530 ac
3028 486 3345 546 corruptam
3377 480 3517 536 ima-

229 564 412 635 ἡμᾶς,
465 563 838 628 ἁνακαινίζων
881 564 982 633 τὴν
1037 564 1452 620 παλαιωθεῐσαν
1505 567 1673 620 αὑτοῦ
1730 568 1828 621 καὶ

228 655 535 725 φθαρεῖσαν
566 655 775 720 εἰκόνα,
808 654 903 710 καὶ
932 656 1270 727 άναμορφῶν
1296 658 1468 727 αὐτὴν
1493 660 1573 723 εἰς
1594 659 1828 725 κάλλους

229 747 590 817 περιουσίαν,
661 750 950 819 μονονουχὶ
1007 748 1147 818 βοῶν
1177 749 1317 821 πρὸς
1371 751 1555 821 ἡμᾶς’
1603 751 1825 824 Ἐπειδὴ

231 842 474 912 σήμερον
508 840 843 905 πλασθέντες
886 841 1226 914 ἀπεῤῥύητε,
1269 844 1368 898 καὶ
1410 844 1546 915 προς
1596 844 1827 899 θάνατον

228 933 595 1004 κατεσύρητε,
635 934 879 1006 σήμερον
924 934 991 988 δι’
1044 936 1191 1006 ὑμᾶς
1223 937 1253 989 6
1300 937 1551 1008 πλάστης
1594 937 1824 992 πλάττο-

230 1040 353 1093 μαι,
385 1024 472 1078 ἶνα
511 1042 612 1096 μου
654 1028 719 1097 τῇ
756 1026 925 1097 σαρκὶ
966 1025 1161 1098 ταύτῃ,
1203 1030 1271 1099 τῇ
1310 1027 1407 1081 νῦν
1454 1027 1823 1102 πλαττομένῃ,

226 1118 368 1188 πρὸς
422 1117 523 1189 τὴν
576 1119 853 1189 προτέραν
909 1120 1254 1188 ἐπαναγάγω
1315 1119 1500 1192 ζωήν·
1559 1122 1627 1175 δι’
1690 1124 1826 1177 αὐτὸ

227 1208 688 1281 συμπλεκόμενος
748 1210 829 1281 τῷ
875 1210 1130 1282 θανάτῳ,
1185 1213 1281 1266 καὶ
1324 1212 1575 1268 θανατῶν
1623 1216 1821 1281 αὐτὸν,

230 1299 425 1372 ὥσπερ
458 1296 525 1373 ἦν
549 1302 720 1370 άξιον.
789 1351 798 1359 .

297 1391 417 1445 ἰνα
442 1392 499 1445 δὲ
528 1394 593 1446 lx
609 1392 719 1446 τῶν
750 1394 1011 1466 Πατέρων
1043 1395 1435 1468 βεϐαιὼσωμεν
1459 1397 1525 1451 τά
1550 1399 1820 1470 ἡμέτερα,

224 1482 319 1536 καὶ
356 1481 549 1555 ὥσπερ
580 1485 703 1538 τινὰ
734 1485 940 1556 κόσμον
967 1487 1270 1560 ἐπιθῶμεν,
1291 1489 1359 1543 δι’
1385 1485 1446 1545 οὗ
1474 1490 1535 1543 τὸ
1560 1491 1824 1563 ὲπιχαρὲς

225 1573 465 1640 ἕξουσιν,
498 1573 666 1629 ἄκουε
702 1570 793 1631 οἷα
843 1575 993 1645 λέγει
1043 1579 1177 1651 περὶ
1221 1581 1322 1649 τῆς
1360 1580 1585 1652 ἐαρινῆς
1612 1583 1822 1655 τροπῆς

222 1670 251 1719 6
284 1666 627 1738 Γρηγόριος,
674 1669 702 1723 6
742 1670 843 1739 τὴν
888 1670 1170 1740 θεολογίαν
1226 1674 1605 1745 προσηγορίαν
1662 1674 1822 1741 δεξά-

1927 566 2113 636 ginem
2142 580 2436 632 renovans,
2454 582 2687 637 eamque
2715 568 2918 623 eximia
2935 568 3170 638 quadam
3201 571 3515 640 pulchritu-

1928 657 2059 713 dine
2099 658 2453 727 instaurans;
2507 661 2563 715 in
2614 661 2731 716 haec
2776 661 2894 718 fere
2933 661 3101 718 verba
3153 664 3221 718 ad
3256 681 3357 720 nos
3404 668 3515 722 cla-

1930 766 2086 807 mans
2119 752 2242 807 :Ex
2270 768 2383 823 quo
2413 753 2581 809 hodie
2629 754 2743 810 ficti
2790 755 3125 827 formatique
3177 758 3512 824 diﬂluxistis,

1926 852 2096 914 atque
2136 845 2193 900 in
2227 854 2462 901 mortem
2492 846 2726 903 detracti
2749 849 2911 914 estis;
2939 848 3105 905 hodie
3132 852 3303 907 vestri
3326 868 3513 918 causa,

1930 936 2092 992 ﬁctor
2124 954 2227 1009 ego
2261 938 2461 1011 ﬁnger,
2493 948 2557 994 ut
2586 956 2707 995 mea
2738 940 2842 995 hac
2880 957 3048 997 carne
3086 960 3239 999 nunc
3273 946 3419 1012 ﬁcta,
3458 947 3515 1002 in

1926 1029 2100 1084 vitam
2129 1047 2225 1086 vos
2254 1031 2546 1102 pristinam
2589 1032 2884 1100 reducam;
2928 1034 3137 1092 idcirco
3177 1054 3301 1093 cum
3338 1049 3516 1095 morte

1927 1123 2317 1193 congrediens,
2350 1139 2585 1195 eamque
2623 1124 2925 1195 perimens,
2963 1128 3042 1182 uti
3080 1129 3245 1199 plane
3288 1132 3515 1203 dignum

1926 1221 2066 1265 erat.

1997 1392 2090 1447 lx.
2120 1370 2193 1450 Iit
2236 1404 2422 1450 autem
2448 1397 2674 1453 Patrum
2711 1417 2933 1472 quoque
2967 1404 3295 1461 auctoritate
3327 1417 3515 1464 nostra

1922 1484 2339 1555 conﬁrmemus,
2376 1505 2556 1560 exque
2590 1492 2700 1548 illis
2729 1495 2880 1549 velut
2909 1497 3203 1565 quemdam
3234 1498 3315 1555 eis
3353 1517 3518 1561 orna-

1925 1583 2043 1630 tum
2094 1578 2385 1646 addamus,
2422 1598 2537 1652 quo
2587 1586 2820 1655 gratiam
2878 1587 3160 1655 habeant;
3204 1591 3337 1646 audi
3394 1609 3517 1663 qua:

1922 1666 2222 1738 Gregorius
2256 1687 2286 1725 a
2336 1673 2615 1745 theologia
2651 1691 2956 1747 cognomen
3006 1679 3239 1747 habens,
3288 1683 3357 1737 de
3385 1700 3515 1740 ver-

226 1775 412 1827 μενος.
456 1760 644 1814 Κινῶν
673 1760 781 1832 γὰρ
825 1764 975 1833 ἡμᾶς
1012 1764 1147 1836 πρὸς
1172 1764 1269 1836 τὴν
1302 1766 1429 1820 νέαν
1453 1766 1738 1839 Κυριακὴν
1762 1770 1817 1821 ἐν

1922 1776 1993 1816 na
2023 1762 2173 1818 dicat
2202 1774 2551 1836 tempestate.
2587 1769 2701 1823 Nos
2728 1771 2876 1826 enim
2909 1772 2975 1826 ad
3016 1773 3225 1829 Novam
3262 1776 3512 1833 Domini-

222 1849 303 1921 τῷ
331 1853 802 1926 ἐπιγεγραμμένῳ
842 1855 979 1927 πρὸς
1004 1835 1174 1927 αὐτὴν
1202 1875 1334 1929 φησι
1373 1835 1553 1930 λόγῳζ
1584 1877 1604 1912 ι
1645 1835 1817 1914 Ἔστω

1924 1870 2050 1908 cam
2085 1857 2357 1922 excitans,
2390 1875 2645 1916 sermone
2690 1862 2744 1916 in
2790 1879 2912 1919 eam
2948 1866 3239 1938 inscripto.
3275 1872 3354 1925 sic
3384 1871 3461 1926 ait
3496 1889 3511 1926 :

225 1958 312 1995 σοι
340 1945 369 1996 6
394 1945 630 2015 οὐρανὸς
655 1947 862 2011 καινὸς,
898 1948 991 2001 καὶ
1024 1952 1056 2019 ή
1089 1952 1159 2021 γῆ
1203 1952 1365 2022 καινὴ
1390 1967 1404 1981 ⁶
1451 1952 1522 2006 τά
1565 1970 1625 2005 τε
1667 1953 1822 2022 ἄλλα,

222 2038 321 2091 καὶ
360 2039 455 2093 τὸν
486 2041 695 2095 τοῦτων
731 2043 890 2113 λόγον
927 2045 1432 2116 καταλαμϐάνοντι.
1488 2049 1593 2101 Ἴδε
1635 2044 1723 2102 οἷα
1756 2049 1824 2102 τὰ

222 2132 508 2205 ὁρώμενα.
560 2136 625 2191 ’Π
663 2135 957 2207 βασίλισσα
989 2140 1101 2194 τῶν
1131 2140 1293 2210 ὡρῶν
1336 2145 1403 2214 τῇ
1447 2142 1681 2213 βασιλίδι
1714 2145 1824 2200 τῶν

221 2227 452 2299 ἡμερῶν
480 2229 780 2297 πομπεύει,
811 2233 906 2285 καὶ
921 2232 1227 2304 δωροφορεῖ
1253 2235 1362 2287 πᾶν
1392 2236 1421 2288 6
1445 2252 1498 2288 τι
1532 2236 1823 2291 κάλλιστον

221 2318 324 2371 καὶ
351 2319 742 2387 τερπνότατον.
778 2341 798 2375 ι
828 2324 937 2376 Καὶ
962 2323 1137 2377 πολλὰ
1169 2324 1414 2394 συνάψας
1442 2327 1697 2398 ἐγκώμια
1725 2332 1824 2402 τῆς

220 2409 325 2463 τοῦ
374 2410 536 2483 ἔαρος
591 2413 764 2485 ὥρας,
822 2414 1027 2483 ἔδειξεν
1078 2419 1163 2470 ὅτι
1213 2418 1309 2471 καὶ
1359 2422 1671 2492 προοίμιον,
1730 2425 1824 2478 καὶ

222 2502 427 2573 ἀρχὴν,
458 2505 555 2558 καὶ
589 2506 688 2559 ὅσα
719 2508 863 2561 εἴποι
892 2526 977 2572 τις
998 2550 1013 2575 ,
1056 2510 1254 2577 ἄφεσιν
1279 2511 1375 2564 καὶ⁹
1403 2512 1603 2583 χρόνου
1632 2513 1819 2585 πῆξιν,

222 2594 381 2664 παρὰ
414 2595 506 2648 τὸν
528 2596 635 2668 πρὸ
669 2598 840 2652 αὐτοῦ
871 2599 1064 2654 τοῦτον
1111 2596 1256 2656 εἶναι
1296 2604 1621 2674 προέλαϐεν.
1658 2607 1822 2661 Ἀλλὰ

221 2686 340 2759 γάρ
373 2689 519 2760 ἐρῶν
556 2702 585 2732 ι
623 2693 959 2764 παρατρέχω
1008 2694 1099 2748 τὸν
1140 2696 1355 2766 καιρὸν,
1403 2698 1499 2752 καὶ
1541 2701 1633 2753 τὸν
1666 2700 1822 2772 ἥλιον

218 2778 415 2833 λοιπὸν
443 2781 581 2852 πρὸς
611 2782 829 2852 δυσμὰς
866 2785 1156 2853 γεγονότα,
1204 2787 1445 2843 ἐνταῦθά
1493 2806 1600 2843 που
1648 2808 1821 2845 κατα-

221 2870 427 2925 παύσω
451 2872 543 2926 τὸν
572 2873 753 2943 λόγον,
788 2875 877 2929 ἵνα
906 2878 984 2951 μὴ
1013 2880 1189 2934 πολλὰ
1215 2883 1346 2953 περὶ
1374 2882 1587 2938 τούτων
1618 2884 1815 2953 λέγων,

221 2962 413 3017 σκυλῶ
444 2964 608 3035 ὑμᾶς,
638 2969 733 3021 καὶ
765 2972 1082 3045 προσκορὴς
1121 2974 1252 3044 ὑμῖν
1292 2975 1566 3046 γένωμαι.
1608 2977 1818 3049 ’Υμνή-

221 3073 414 3127 σωμεν
443 3058 539 3113 οὖν
565 3060 660 3113 τὸν
690 3061 760 3115 δι’
784 3065 937 3134 ἡμᾶς
972 3066 1351 3135 σαρκωθέντα,
1394 3067 1464 3120 δι’
1502 3069 1669 3122 αὐτοῦ
1721 3071 1817 3124 καὶ

1932 1965 1951 1998 ι
1991 1946 2076 2002 Sit
2115 1948 2215 2003 tibi
2252 1952 2455 2006 malum
2515 1968 2718 2008 novum
2754 1964 2809 2009 et
2854 1967 2996 2012 terra
3032 1975 3211 2027 nova;
3251 1963 3511 2018 nimirum

1928 2048 1990 2093 ut
2034 2041 2163 2106 alia,
2207 2042 2289 2098 sic
2329 2044 2528 2098 horum
2563 2062 2784 2117 quoque
2836 2051 3105 2106 rationem
3158 2053 3508 2126 intelligenti.

1926 2130 2064 2187 Vide
2096 2134 2281 2203 qualia
2316 2145 2473 2203 sunt,
2510 2153 2633 2208 quae
2661 2140 2839 2195 oculis
2875 2143 3213 2201 offeruntur.
3244 2148 3513 2220 Princeps

1925 2225 2056 2280 anni
2110 2242 2263 2296 pars,
2300 2229 2539 2301 principi
2595 2232 2814 2289 dierum
2851 2251 3106 2308 pompam
3152 2241 3395 2311 peragit,
3447 2259 3512 2300 ac

1925 2318 2200 2389 quidquid
2254 2322 2693 2391 pulcherrimum
2755 2343 2821 2383 ac
2862 2332 3249 2387 suavissimum
3300 2334 3507 2400 habet,

1925 2408 2073 2464 dono
2112 2412 2312 2467 tribuit
2343 2414 2390 2469 ιι.
2416 2435 2435 2467 ι
2470 2415 2766 2489 Multisque
2839 2437 3022 2477 vernae
3061 2428 3407 2495 tempestatis
3452 2428 3510 2482 in

1925 2516 2102 2557 unum
2151 2505 2399 2561 collectis
2444 2508 2735 2576 laudibus,
2781 2514 3056 2581 ostendit,
3099 2532 3212 2586 pne
3261 2534 3326 2574 ea
3384 2536 3512 2590 qua:

1925 2595 2099 2664 ipsam
2127 2599 2411 2667 praecedit,
2436 2617 2760 2674 occupasse,
2785 2614 2847 2661 ut
2873 2615 2929 2662 et
2957 2609 3245 2664 exordium
3269 2619 3333 2667 et
3358 2614 3513 2682 prin-

1922 2688 2165 2758 cipium,
2206 2707 2273 2747 ac
2314 2694 2588 2766 quidquid
2639 2697 2789 2753 dicat
2828 2700 3055 2771 aliquis,
3108 2704 3386 2771 remissio,
3421 2705 3510 2761 in-

1921 2797 2108 2851 quam,
2139 2798 2205 2837 ac
2252 2788 2518 2856 temporis
2539 2792 2853 2861 compactio
2888 2793 2978 2848 sit.
3003 2794 3304 2852 Enimvero
3331 2814 3400 2853 ne
3429 2798 3513 2853 di-

1920 2885 2053 2928 cens
2085 2885 2411 2945 praeteream
2444 2888 2690 2952 tempus,
2725 2885 2950 2956 jamque
2982 2888 3049 2942 ad
3081 2904 3339 2946 occasum
3381 2909 3510 2948 ver-

1919 2974 2140 3034 gentem
2198 2968 2393 3035 solem,
2443 2970 2642 3027 faciam
2691 2974 2783 3030 hic
2833 2977 3055 3034 dicendi
3096 2980 3297 3048 ﬁnem,
3336 2991 3399 3038 ut
3439 3000 3511 3039 ne

1919 3055 2156 3146 lingiori
2193 3058 2262 3114 de
2298 3060 2386 3115 his
2421 3077 2677 3121 sermone
2704 3067 2865 3123 vobis
2900 3070 3188 3138 molestus,
3232 3074 3509 3146 taedioque

221 3149 328 3203 σὺν
356 3149 532 3223 αὐτῷ,
560 3152 639 3224 τῷ
670 3155 871 3227 Πατρὶ,
908 3157 1003 3210 καὶ
1028 3157 1107 3228 τῷ
1150 3159 1291 3229 ἁγίῳ
1322 3159 1619 3231 Πνεύματι,
1658 3161 1814 3226 δόξαν

1922 3136 2155 3204 είίὶοὶοτ.
2191 3151 2331 3207 Eum
2366 3152 2553 3225 itaque
2601 3158 2697 3228 qui
2743 3162 2920 3217 nostri
2956 3179 3122 3220 causa
3157 3182 3380 3223 carnem
3418 3186 3510 3225 as-

219 3240 319 3294 καὶ
353 3242 523 3313 τιμὴν
575 3243 1025 3315 ἀναπέμποντες,
1069 3248 1151 3300 ὅτι
1192 3248 1346 3320 αὐτῷ
1388 3249 1595 3319 πρέπει
1641 3246 1812 3318 αἶνος,

220 3330 319 3382 καὶ
358 3331 729 3406 μεγαλοσύνη,
775 3337 873 3389 καὶ
918 3337 1391 3407 μεγαλοπρέπεια,
1442 3337 1541 3393 νῦν
1571 3339 1670 3393 καὶ
1705 3341 1814 3408 ἀεὶ,

218 3421 305 3485 εἰς
338 3422 466 3487 τοὺς
495 3423 699 3490 αἰῶνας
722 3426 831 3481 τῶν
861 3427 1095 3484 αἰώνων.
1144 3430 1339 3502 Ἀμήν.

847 3711 1069 3767 ΛΟΓΟΣ
1119 3713 1194 3768 l".

213 3796 324 3863 Εἰς
341 3797 447 3850 τὸν
463 3800 923 3884 Εὐαγγεᾼισμύν
940 3804 1460 3884 ξῆςᾼπανιίμνήτου
1478 3812 1815 3884 Δεσποίνης

696 3873 868 3941 ἡμῶν
900 3873 1006 3943 τῆς
1030 3873 1349 3933 Θεοτόἇιου.

292 3982 364 4035 Ti
397 3986 560 4039 πάλιν
594 3987 686 4040 ἐπὶ
725 3988 823 4059 τῆς
851 3990 954 4059 γῆς
991 3993 1019 4044 6
1056 3991 1229 4062 μέγας
1278 3992 1528 4063 βούλεται
1570 3998 1813 4071 Γαϐριὴλ

217 4079 393 4149 ήμῖνς
435 4074 547 4149 ἆρα
588 4079 726 4150 πρὸς
769 4082 917 4151 ἡμᾶς
957 4078 1117 4146 αὖθις
1157 4084 1427 4153 ἀφίκετος
1466 4088 1645 4149 ποίοις
1673 4090 1811 4143 ἀπο-

218 4170 457 4241 κρύφοις
506 4172 774 4241 ὑπηρετεῖ
829 4174 1158 4245 μυστηρίοις
1213 4176 1389 4243 Θεοῦ;
1439 4179 1544 4233 οὐκ
1587 4180 1680 4234 ἐπὶ
1723 4200 1812 4252 μι-

217 4266 401 4336 κροῖς,
456 4264 711 4335 φοόεροίς
764 4266 935 4330 δντως
978 4270 1007 4321 6
1050 4268 1283 4337 ἅγγελος
1329 4271 1663 4327 διακονεῖται
1697 4277 1811 4341 τοῖς

217 4356 636 4427 προστάγμασι.
666 4358 895 4425 Μεγάλα
920 4360 1069 4412 ἐστὶν
1090 4361 1236 4434 άπερ
1258 4364 1603 4420 πιστεύεται.
1630 4366 1810 4439 ’Ἄλλῳ

214 4447 406 4500 οὐδενὶ
458 4445 730 4517 εὔληπτα,
785 4448 854 4502 τά
901 4449 971 4503 δι’
1025 4452 1193 4506 αὐτοῦ
1245 4454 1576 4525 δηλούμενα.
1630 4458 1809 4523 Μόνος

1925 3244 2180 3313 sumpsit,
2210 3246 2469 3305 laudibus
2503 3267 2937 3324 prosequamur;
2973 3273 3071 3329 per
3094 3252 3273 3331 ipsum
3294 3279 3361 3318 ac
3381 3280 3507 3320 cum

1925 3334 2069 3403 ipso,
2102 3336 2251 3393 Patri
2283 3355 2349 3396 ac
2383 3340 2613 3412 Spiritui
2646 3358 2838 3403 sancto
2874 3350 3104 3419 gloriam
3130 3368 3197 3407 ac
3238 3354 3509 3414 honorem

1925 3424 2318 3489 submittentes
2350 3452 2363 3488 :
2401 3438 2607 3507 quippe
2657 3455 2821 3510 quem
2871 3443 3064 3499 d‘eceat
3112 3447 3251 3512 laus,
3294 3452 3506 3522 magni-

1925 3519 2165 3588 ﬁcentia,
2194 3524 2382 3592 decor,
2431 3545 2579 3585 nunc
2612 3543 2670 3588 et
2712 3550 2950 3606 semper,
2981 3548 3039 3594 et
3070 3540 3126 3595 in
3165 3544 3364 3615 saecula
3389 3519 3507 3601 ﬁsa:-

1920 3615 2200 3672 culorum.
2237 3619 2434 3675 Amen.

2528 3736 2763 3795 SERMO
2810 3742 2900 3797 lli.

1991 3824 2057 3879 In
2084 3824 2470 3883 laudatissima:
2500 3829 2597 3885 Dei
2627 3831 2905 3888 Genitrt'cis
2934 3837 3423 3898 Anmmtiationem.

1992 4003 2033 4057 i.
2079 4001 2221 4068 Quid
2258 4005 2420 4059 nobis
2464 4005 2665 4061 iterum
2712 4008 2767 4062 in
2816 4018 2963 4064 terra
2996 4027 3225 4082 magnus
3255 4017 3375 4070 vult
3397 4016 3503 4073 Ga-

1920 4094 2105 4149 briel?
2134 4096 2278 4166 Ergo
2300 4096 2367 4151 ad
2398 4112 2500 4152 nos
2535 4115 2754 4154 rursum
2780 4102 2975 4157 venit?
2995 4102 3261 4169 Qualibus
3293 4108 3502 4167 abditis

1920 4185 2020 4239 Dei
2073 4186 2353 4257 mysteriis
2400 4189 2607 4243 servit?
2657 4191 2779 4245 Non
2831 4193 3165 4262 minoribus,
3223 4198 3319 4253 sed
3367 4214 3500 4257 vere

1918 4279 2226 4333 tremendis
2255 4280 2533 4336 ministrat
2573 4284 2866 4341 mandatis.
2896 4286 3084 4358 Magna
3128 4299 3259 4345 sunt
3296 4308 3418 4362 qua:
3446 4295 3497 4349 ei

1921 4370 2249 4425 creduntur.
2278 4372 2453 4429 Nemo
2495 4375 2637 4431 alius
2678 4392 2777 4447 per
2802 4378 2984 4449 ipsum
3024 4380 3303 4438 declarata
3337 4383 3499 4442 facile

1916 4462 2204 4533 percipere
2233 4465 2426 4534 possit.
2459 4467 2523 4522 Ei
2560 4468 2663 4523 soli
2702 4472 3124 4528 committuntur
3155 4490 3368 4531 arcanae
3400 4477 3497 4532 Dei

216 4539 513 4612 θαρῤεἶται
557 4541 685 4603 τοὺς
713 4541 990 4611 ἀρῤήτους
1022 4544 1125 4614 τῆς
1156 4545 1251 4598 τοῦ
1295 4547 1431 4601 Θεοῦ
1480 4550 1675 4619 σοφίας
1712 4552 1813 4623 θη-

1921 4554 2204 4623 sapientiaa
2235 4557 2502 4624 thesauri,
2556 4575 2624 4614 ac
2663 4562 2999 4631 profundum
3044 4566 3497 4637 imperscrutabi-

218 4632 487 4702 σαυροὺς,
536 4633 630 4685 καὶ
686 4632 748 4684 τὸ
804 4631 967 4702 βάθος
999 4634 1109 4687 τῶν
1177 4636 1598 4709 ἀνεξιχνιάστων
1644 4643 1813 4696 αὑτοῦ

216 4722 514 4793 χριμάτων
567 4722 884 4788 φωτίζεται.
948 4725 1202 4793 Ἀςρίκετό
1256 4746 1387 4782 ποτε
1444 4730 1581 4800 πρὸς
1628 4734 1809 4802 ἡμᾶς,

217 4816 312 4870 ἵνα
339 4815 433 4868 τὸν
463 4816 632 4886 ἄνδρα
659 4816 768 4869 τῶν
812 4818 1123 4889 ἐπιθυμιῶν
1171 4822 1424 4894 συνετίσῃ
1470 4824 1688 4895 Δανιὴλ,
1717 4827 1812 4879 καὶ

218 4906 496 4978 βασιλέων
539 4908 730 4980 διδάξῃ
757 4909 1049 4981 ’διαδοχὰς.
1096 4914 1193 4966 καὶ
1234 4913 1441 4984 κόσμου
1491 4916 1665 4979 τέλος,
1715 4918 1813 4970 καὶ

219 4998 445 5071 δηλώσῃ
475 5000 799 5066 ἀνάστασιν,
832 5004 924 5055 καὶ
954 5004 1137 5075 κρίσιν
1171 5006 1499 5079 προμηνύσῃ
1535 5010 1678 5063 κατὰ
1709 5010 1810 5081 τὴν

215 5091 381 5156 τάξιν
437 5091 656 5163 ἑκάστῳ
704 5093 1123 5166 ἀποδιδομένην,
1184 5098 1280 5150 καὶ
1337 5098 1449 5151 τῶν
1504 5100 1810 5170 μελλόντων

218 5183 525 5258 φανερὼσῃ
547 5186 649 5256 τὴν
675 5186 1044 5259 ἀποκάλυψιν.
1074 5185 1249 5243 Ἦλθε
1282 5192 1465 5259 πάλιν,
1498 5195 1600 5264 τὴν
1631 5196 1812 5267 παρά-

215 5279 378 5345 δοξον
408 5279 503 5333 τοῦ
534 5281 679 5335 θείου
717 5283 1027 5337 Βαπτιστοῦ
1060 5286 1318 5356 γέννησιν
1346 5287 1426 5359 τῷ
1456 5290 1623 5359 πατρὶ
1652 5290 1812 5359 εὐαγ-

218 5372 622 5442 γελιζόμενος,
677 5375 773 5428 καὶ
830 5375 930 5445 τὴν
983 5376 1053 5429 δι’
1106 5377 1273 5431 αὐτοῦ
1325 5380 1466 5450 πρὸς
1518 5380 1650 5434 Θεὸν
1703 5381 1813 5435 τῶν

217 5463 534 5535 ἀνθρώπων
582 5467 880 5535 συνάφειαν
926 5468 1262 5538 ὑποφαίνων.
1316 5471 1428 5524 Καὶ
1461 5471 1569 5543 γὰρ
1618 5474 1665 5527 εἰ
1718 5475 1812 5528 καὶ

297 5623 345 5654 ’³
375 5623 511 5677 Dan.
548 5637 622 5687 Ix,
651 5621 742 5677 25.
819 5624 865 5655 ”
895 5624 1031 5679 Luc.
1080 5640 1122 5691 ι,
1165 5625 1218 5679 8.

1917 4646 2053 4701 lium
2098 4649 2221 4719 ejus
2258 4650 2597 4719 judiciorum
2623 4652 2873 4709 docetur.
2906 4658 2987 4710 Ad
3025 4674 3126 4713 nos
3162 4660 3496 4731 quandoque

1916 4739 2091 4807 venit,
2127 4748 2187 4795 ut
2216 4742 2396 4797 virum
2429 4744 2830 4800 desideriorum
2855 4748 2900 4780 ⁹³
2920 4750 3189 4818 sapientia
3224 4752 3491 4814 erudiret.

1916 4834 2253 4905 doceretque
2284 4852 2475 4907 regum
2510 4838 2910 4904 successiones,
2959 4856 3023 4896 ac
3070 4843 3260 4897 mundi
3294 4843 3489 4911 tinem;

1916 4934 1977 4979 ut
2026 4926 2157 4980 item
2208 4930 2672 4984 resurrectionem
2723 4931 3089 5003 signiﬁcaret,
3125 4951 3189 4990 ac
3218 4936 3491 5006 judicium

1914 5016 2115 5088 cuique
2159 5017 2353 5074 ordine
2381 5020 2727 5075 reddendum
2754 5024 3171 5092 prtenuntiaret,
3198 5026 3492 5098 futuraque

1915 5108 2207 5163 revelaret.
2246 5108 2406 5164 Venit
2452 5111 2673 5177 iterum,
2715 5122 2775 5167 ut
2806 5113 3115 5169 mirabilem
3168 5116 3342 5172 divini
3392 5118 3494 5172 Ba-

1913 5199 2097 5267 ptista:
2128 5199 2475 5256 nativitatem
2519 5204 2664 5273 patri
2694 5207 3048 5261 annuntiaret
3075 5206 3143 5273 ",
3176 5224 3244 5265 ac
3264 5226 3385 5265 eam
3421 5212 3489 5267 ad

1912 5289 2088 5343 Deum
2133 5291 2420 5347 hominum
2451 5295 2925 5366 coniunctionem,
2962 5315 3085 5369 qua:
3122 5316 3221 5371 per
3249 5316 3377 5357 eum
3402 5303 3492 5358 fu-

1915 5392 2037 5437 tura
2066 5392 2234 5449 esset,
2267 5384 2561 5442 indicaret.
2600 5388 2752 5460 Rogo
2780 5391 2950 5458 enim,
2989 5393 3084 5462 qui
3117 5393 3184 5449 iis
3209 5411 3332 5465 quae
3355 5396 3491 5450 scri-

1914 5483 2006 5545 pta
2041 5486 2175 5531 sunt
2226 5477 2390 5534 ﬁdem
2447 5480 2652 5538 habere
2701 5482 2853 5556 digni
2905 5486 3069 5553 estis,
3117 5487 3488 5552 considerate,

1537 5723 1770 5782 VARI/E
1811 5724 2222 5784 LECTIONES.

299 5819 330 5850 ε
369 5808 572 5879 Ἔρῶν.
604 5810 789 5877 Forte,
815 5812 956 5866 ὥστε
994 5812 1068 5883 μὴ
1099 5812 1259 5884 ἐρῶν.
1337 5813 1366 5854 b
1400 5814 1552 5872 Orat.
1572 5817 1663 5883 45,
1686 5818 1851 5889 paulo
1877 5828 2005 5875 ante
2044 5819 2228 5876 ﬁnem.

512 5899 785 5963 Ριτῐιοι.
824 5902 940 5965 Gn.
979 5903 1313 5966 LXXXIX.

3058 5914 3135 5976 44
