4052 6528
557 328 691 396 1387

1696 331 1757 391 S.
1798 327 2199 391 ANASTASII
2237 330 2711 395 ANTIOCHENI

3696 351 3831 416 i338

552 465 688 504 num
722 446 792 503 ab
835 446 901 502 iis
929 461 1052 517 qua:
1081 444 1288 516 scripta
1330 453 1482 508 sunt,
1519 443 1627 500 ﬁde
1661 443 1863 516 dignus
1895 443 2137 499 advene-

2246 444 2338 500 νῦν
2378 449 2697 513 πιστευθεὶς
2754 454 3093 522 παρεγένετο
3150 457 3263 520 τοῖς
3301 461 3736 531 γεγραμμένοις,
3784 469 3834 520 ot

553 542 625 595 rit
654 558 668 593 ε
698 539 844 610 quod
877 539 1141 593 nimirum
1171 537 1394 593 steriles
1418 537 1729 607 suscipiant
1766 538 2010 604 liberos;
2048 552 2138 592 se—

551 650 653 689 nes
695 642 991 705 procreent
1037 631 1215 696 ﬁlios;
1253 629 1536 685 immaturi
1570 630 1627 684 in
1669 640 1829 686 utero
1858 630 2005 685 fetus
2046 645 2140 685 ex-

552 726 777 792 siliant;
812 723 1075 780 sacerdos
1096 724 1169 778 ob
1196 723 1647 779 incredulitatem
1672 723 1951 793 loquelam
1977 723 2140 778 amit-

557 829 657 878 tat.
1742 864 1745 867 λ

626 913 690 967 ll.
721 910 827 965 Alii
854 909 1060 980 aliique
1101 916 1421 965 sanctorum
1464 908 1787 981 angelorum
1825 908 1976 964 aliud
2003 909 2137 980 quid

553 1004 760 1076 negotii
794 1002 1043 1059 creditur
1070 1018 1089 1055 ι
1121 1001 1253 1056 huic
1290 1001 1409 1067 uni,
1438 1002 1588 1072 quod
1626 1010 1711 1057 est
1747 1002 2136 1057 universorum

551 1104 738 1168 caput,
785 1093 1192 1160 committitur;
1248 1094 1518 1149 nimirum
1565 1095 1740 1149 Deum
1792 1095 1847 1149 in
1890 1094 2138 1166 Virginis

552 1190 717 1244 vulva
739 1187 858 1243 sine
884 1186 1095 1242 semine
1117 1186 1362 1256 concipi;
1394 1186 1662 1257 Spiritum
1687 1197 1940 1242 sanctum
1968 1188 2139 1243 eden-

553 1282 637 1337 dae
689 1280 829 1351 proli
882 1278 1210 1350 cooperari;
1256 1294 1386 1334 eum
1445 1281 1535 1350 qui
1582 1286 1657 1333 est
1703 1296 1864 1351 super
1889 1283 2068 1336 omnia
2092 1281 2136 1313 ”

552 1374 714 1428 Pater
748 1388 813 1427 ac
845 1372 1012 1435 Deus,
1052 1370 1109 1424 in
1154 1371 1270 1426 hac
1296 1371 1467 1426 verba
1490 1370 1689 1442 jubere.
1730 1372 2012 1443 Virginem
2048 1388 2138 1428 sa-

551 1466 753 1522 lutari:
785 1466 915 1531 Ave,
944 1465 1122 1537 gratia
1152 1463 1333 1535 plena,
1358 1463 1618 1519 Dominus
1653 1474 1823 1520 tecum
1845 1466 1911 1520 ".
1950 1464 1993 1521 Ο
2019 1481 2136 1521 ma-

553 1560 809 1630 gniﬁcam
858 1572 925 1611 ac
955 1556 1199 1611 divinam
1245 1558 1478 1612 vocem!
1527 1555 1571 1612 Ο
1609 1558 1974 1613 excellentem
2026 1558 2140 1614 cle-

553 1650 816 1706 mentiam
846 1665 909 1704 ac
932 1648 1239 1703 bonitatem
1267 1649 1280 1701 l
1313 1648 1357 1703 0
1389 1649 1700 1720 angelicum
1728 1665 1857 1705 vere
1884 1650 2138 1706 ministe-

554 1744 730 1799 riuml
766 1742 809 1797 Ο
837 1742 1055 1797 beatam
1087 1739 1393 1812 Virginem,
1424 1758 1546 1811 quae
1578 1743 1706 1797 talia
1737 1743 1906 1798 verba
1942 1744 2138 1799 audire

2246 538 2361 600 τοῖς
2412 540 2828 610 γεγραμμένοις
2873 546 3157 599 πιστεύειν
3210 548 3385 617 ἄξιοι,
3433 557 3835 625 κατανοήσατε,

2244 628 2328 682 ὅτι
2366 632 2576 701 στεῖραι
2619 635 3001 703 τεκνογονοῦσι
3026 655 3041 669 ·
3083 641 3345 711 γηραλέοι
3383 646 3835 701 παιὼποιοῦσινο

2246 719 2464 792 ἔμϐρυα
2491 724 2791 796 σκιρτῶσιν
2818 741 2831 755 ⁸
2864 729 3045 799 ἱερεὺς
3074 730 3143 783 δι’
3166 734 3428 789 ἀπιστίαν
3458 741 3640 808 σιωπῇ
3672 756 3837 793 καταο

2247 831 2517 884 κρινεται.

2320 910 2514 976 ’Ἄλλος
2551 912 2683 967 ἄλλο
2713 933 2767 968 τι
2810 917 2921 969 τῶν
2953 919 3131 986 ἁγίων
3177 921 3429 989 ἀγγέλων
3478 924 3837 981 πιστεύεται·

2249 1002 2411 1072 μόνος
2443 1004 2502 1058 δὲ
2554 999 2731 1071 οὗτος,
2781 1009 2844 1062 τὸ
2887 1012 3108 1066 πάντων
3162 1014 3448 1086 θαρρεἶται
3493 1019 3837 1088 κεφάλαιοιι·

2246 1094 2381 1150 Θεὸν
2420 1097 2679 1169 ἀσπόρως
2707 1102 2765 1153 ὲν
2794 1102 3098 1176 παρθενικῇ
3133 1108 3580 1179 κυοφορούμενον
3612 1116 3837 1182 μήτρᾳ·

2247 1189 2474 1259 Πνεῦμα
2510 1192 2666 1259 ἅγιον
2713 1192 2792 1265 τῷ
2836 1195 2983 1266 τόκῳ
3021 1199 3530 1271 συνεργαζόμενον·
3577 1202 3690 1256 τὸν
3739 1205 3835 1256 ἐπὶ

2246 1282 2492 1336 πάντων
2534 1285 2756 1356 Πατέρα
2793 1286 2888 1341 καὶ
2926 1288 3082 1351 Θεὸν,
3121 1293 3188 1363 τῇ
3223 1293 3488 1365 Παρθένῳ
3526 1294 3717 1363 λέγειν
3757 1314 3842 1349 κε-

2244 1374 2469 1429 λεύοντα
2488 1393 2503 1408 ·
2522 1377 2719 1447 Χαῖρε,
2734 1382 3199 1451 κεχαριτωμένη,
3226 1387 3257 1437 ό
3284 1387 3501 1454 Κύριος
3520 1389 3675 1457 μετὰ
3698 1388 3839 1441 σοῦ.

2248 1471 2312 1522 Ὢ
2355 1470 2643 1543 φιλοτίμου
2690 1475 2785 1527 καὶ
2834 1474 3025 1547 θεῖκῆς
3073 1479 3296 1548 φωνῆς’
3338 1478 3383 1531 ὣ
3424 1481 3844 1553 φιλανθρωπίας

2247 1562 2558 1634 ὑπερϐολῆς
2610 1566 2706 1620 καὶ
2754 1566 3095 1640 ἀγαθότητος
3124 1587 3138 1601 ·
3193 1570 3239 1624 ὢ
3284 1572 3630 1645 λειτουργίας
3669 1577 3844 1640 ὅντως

2245 1658 2576 1729 ἀγγελικῆςο
2624 1658 2670 1713 ὣ
2720 1662 3004 1733 μακαρίας
3068 1664 3349 1732 Παρθένου
3394 1668 3659 1721 τοιούτων
3715 1686 3845 1721 κατ-

2247 1747 2576 1822 αξιωθείσης
2625 1753 2891 1823 ῥημάτων
2920 1769 2931 1782 ·
2998 1756 3202 1824 μᾶλλον
3230 1757 3322 1820 δὲ,
3349 1758 3617 1823 τοιούτοις
3654 1760 3847 1813 διακο-

552 1837 793 1891 meruit!
853 1849 949 1889 seu
1008 1833 1204 1904 magis,
1256 1850 1379 1904 quae
1432 1835 1602 1890 rebus
1660 1836 1934 1908 ejusmodi
1976 1836 2139 1890 mini-

2247 1841 2517 1910 νήσασθαι
2572 1843 2918 1915 πράγμασιν.
2968 1847 3378 1913 ’Δσυνδυάστως
3414 1853 3844 1924 ὲκυοφόρησας“

552 1940 729 1986 strare
754 1929 918 2000 digna
966 1927 1102 1983 fuit!
1139 1928 1454 1999 Concepisti
1484 1930 1698 2001 absque
1737 1931 1849 1986 viri
1878 1932 1987 1986 ulla
2020 1931 2138 1986 coi-

554 2024 743 2088 tione;
807 2023 1037 2092 innupta
1097 2020 1364 2091 peperisti
1407 2037 1420 2074 :
1465 2024 1581 2078 sola
1634 2024 1809 2079 Mater
1857 2024 2024 2079 simul
2075 2038 2140 2079 ac

553 2117 723 2187 Virgo
752 2115 950 2171 effecta
984 2113 1160 2169 fuisti.
1203 2114 1395 2185 Neque
1422 2117 1572 2172 enim
1614 2127 1805 2188 partus
1845 2118 2138 2189 virginita-

554 2228 661 2272 tem
698 2215 1003 2287 prohibuit,
1039 2231 1221 2286 neque
1249 2213 1541 2285 conceptio
1564 2212 1938 2284 integritatem
1960 2219 2140 2267 sustu-

552 2313 634 2366 lit.
691 2311 1022 2366 lnviolatum
1086 2312 1324 2366 servasti
1404 2305 1743 2379 virginitatis
1818 2305 2138 2360 thesaurum

550 2404 717 2458 etiam
741 2412 864 2476 post
895 2413 1135 2472 partum.
1170 2400 1356 2465 Lacte,
1399 2397 1626 2454 infantis
1657 2398 1855 2464 instar,
1882 2413 2009 2452 eum
2045 2410 2141 2467 pa-

468 2536 471 2537 ν
552 2496 706 2557 \‘isti.
736 2497 824 2567 qui
846 2496 939 2549 dat
983 2512 1157 2550 escam
1191 2495 1339 2548 omni
1368 2494 1520 2547 carni
1546 2494 1614 2546 θ’.
1644 2491 1760 2547 Sub
1791 2500 1937 2546 tuam
1968 2506 2140 2544 mam-

553 2604 695 2642 mam
727 2596 988 2657 tanquam
1028 2586 1319 2656 parvulum
1355 2599 1484 2639 eum
1524 2582 1815 2653 collegisti,
1844 2581 1937 2651 qui
1970 2579 2140 2636 fontis

553 2680 727 2735 instar
778 2679 862 2734 lac
917 2677 1209 2749 puerperis
1256 2676 1525 2742 scaturit,
1559 2687 1673 2746 quo
1725 2674 1835 2729 illae
1877 2673 2140 2743 parvulos

550 2776 721 2829 alant.
777 2772 992 2827 Etenim
1035 2770 1177 2825 facta
1212 2786 1273 2825 es
1307 2778 1518 2834 mater,
1554 2784 1666 2823 non
1712 2767 1837 2837 puri
1876 2765 2138 2831 hominis,

551 2873 649 2919 aut
694 2863 934 2934 alicujus
975 2862 1295 2932 prophetae,
1329 2871 1425 2916 aut
1456 2861 1627 2914 Deum
1673 2858 1729 2912 in
1770 2872 1829 2913 se
1862 2856 2140 2926 hospitem

554 2955 840 3021 habentis;
875 2954 972 3011 sed
1009 2970 1135 3008 vera
1177 2964 1353 3008 mater
1402 2952 1587 3022 magni
1622 2949 1721 3005 Dei
1748 2965 1812 3004 ac
1841 2948 2139 3004 Saluatoris

555 3050 720 3103 nostri
744 3047 870 3102 Jesu
894 3045 1091 3102 Christi
1118 3047 1185 3101 “.
1216 3076 1287 3086 —
1307 3046 1436 3112 Quis
1472 3043 1721 3116 loquetur
1742 3044 2011 3114 potentias
2034 3041 2141 3095 Do-

554 3143 685 3197 mini
711 3142 797 3193 9"?
841 3140 973 3208 Quae
1029 3139 1183 3194 auris
1238 3154 1439 3209 capere
1492 3136 1737 3207 poterit?
1784 3135 1919 3202 Quis
1953 3149 2140 3189 sermo

552 3233 753 3303 dignus
797 3229 1114 3285 invenietur
1146 3245 1342 3285 eorum
1376 3243 1500 3299 qua:
1534 3227 1941 3299 intelliguntur.
1973 3226 2144 3281 inter-

554 3324 716 3396 pres?
749 3323 828 3377 Ad
859 3337 1033 3393 usque
1070 3330 1120 3376 te
1153 3321 1456 3376 audierunt
1484 3320 1748 3375 mulieres
1774 3337 1795 3372 ι
1822 3319 1887 3373 In
1908 3319 2143 3373 tristitiis

556 3420 774 3488 parietis
836 3417 977 3486 filios
1034 3417 1080 3482 ¹;
1136 3416 1303 3486 inque
1365 3430 1578 3480 omnes,
1629 3430 1733 3469 ceu
1791 3412 2144 3468 bzereditaria

556 3512 803 3584 quaedam
844 3510 1125 3566 successio
1149 3550 1163 3575 ,
1198 3509 1446 3564 divinum
1489 3507 1748 3563 currebat
1796 3505 2140 3571 mandatum,

556 3602 943 3660 indissolubile
984 3617 1217 3657 manens
1254 3611 1420 3672 atque
1465 3601 1779 3655 immotum.
1809 3598 1855 3653 Δ
1888 3609 1941 3655 te
1990 3597 2145 3653 dein-

557 3714 686 3768 ceps
720 3696 910 3752 audiet
957 3694 1234 3751 femineus
1266 3709 1452 3760 sexus,
1495 3693 1720 3758 Avete,‘
1748 3690 1989 3759 feminae,
2021 3707 2145 3763 quae

555 3789 739 3861 gaudii
780 3787 1121 3860 principium
1178 3785 1560 3858 susceperitis,
1592 3784 1765 3840 solam
1801 3784 1949 3839 illam
2001 3783 2145 3839 inter

554 3885 793 3955 virgines
845 3883 1165 3955 gratiosam,
1188 3881 1499 3952 pulchram,
1530 3880 1965 3946 immaculatum,
2011 3895 2141 3935 san-

556 3986 722 4039 ctam,
754 3974 849 4030 Dei
882 3973 1223 4029 Genitricem
1253 3972 1501 4027 Mariam.

593 4142 597 4146 γ
624 4068 713 4123 lll.
745 4067 973 4139 Magnus
1002 4065 1232 4137 quidem
1255 4064 1481 4121 Gabriel
1510 4064 1694 4121 fausta
1718 4065 1996 4137 ejusmodi
2020 4066 2142 4122 Vir-

552 4162 668 4233 gini
696 4162 940 4227 nuntiat,
984 4160 1229 4231 dumque
1257 4159 1453 4214 miscet
1479 4174 1786 4225 sermones,
1821 4159 2142 4230 unigenitus

552 4255 649 4310 Dci
684 4254 855 4309 Filius
888 4252 1218 4324 virginalem
1238 4251 1691 4318 subiituterum;
1721 4252 1986 4322 cepitque
2002 4266 2141 4307 ven-

552 4360 659 4415 ter,
682 4362 849 4419 quem
876 4345 1107 4401 omnino
1139 4345 1345 4400 cuelum
1379 4360 1493 4400 non
1534 4346 1707 4415 capit.
1732 4345 1922 4400 Nostri
1947 4361 2140 4413 causa,

550 4444 733 4498 factus
754 4448 839 4496 est
868 4449 1029 4495 utero
1055 4447 1304 4510 gestatus
1335 4436 1538 4502 infans,
1575 4438 1670 4508 qui
1697 4437 1862 4494 nobis
1885 4439 2142 4509 superior

2246 1934 2615 2006 ἀνυμφεύτως
2642 1939 2913 2004 ἀπέτεκες
2932 1956 2946 1971 ο
2980 1941 3117 2013 μόνη
3148 1944 3351 2016 Μήτηρ
3380 1945 3521 2014 ὁμοῦ
3557 1948 3657 1999 καὶ
3695 1948 3847 2017 Παρ-

2248 2027 2401 2090 θένος
2427 2028 2638 2097 ἐγένου.
2668 2031 2743 2084 Οὐ
2775 2031 2883 2103 γάρ
2911 2033 3126 2104 διέκοψε
3154 2035 3254 2107 τὴν
3278 2037 3583 2109 παρθενίαν
3610 2040 3639 2090 6
3659 2041 3843 2103 τόκος,

2246 2118 2368 2172 οὐδὲ
2397 2118 2613 2173 διέλυσε
2658 2121 2760 2193 τὴν
2792 2122 3062 2194 ἀφθορίαν
3101 2127 3134 2196 ή
3173 2127 3454 2199 σύλληψις.
3496 2130 3743 2183 ’Ᾱσυλον
3791 2131 3847 2183 τὸ

2244 2211 2350 2281 τῆς
2386 2212 2690 2282 παρθενίας
2719 2216 3005 2287 κειμήλιον
3038 2219 3134 2272 καὶ
3171 2222 3313 2291 μετὰ
3341 2222 3503 2275 τόκον
3542 2223 3843 2292 ὲφύλαξας.

2259 2305 2853 2380 Ἐγαλακτοτρόφησας
2882 2309 2958 2373 ὠς
2971 2311 3167 2381 νήπιον
3202 2313 3313 2365 τὸν
3337 2312 3588 2367 διδόντα
3611 2318 3847 2384 τροφὴν

2246 2399 2416 2470 πάσῃ
2451 2404 2658 2471 σαρκί.
2720 2402 2860 2455 Ὑπὸ
2892 2404 2993 2473 τὴν
3025 2404 3126 2475 σὴν
3157 2404 3331 2476 θηλὴν
3358 2408 3570 2478 ἤγαγες
3594 2409 3680 2472 ὡς
3716 2410 3845 2479 βρέ-

2248 2509 2376 2563 φος,
2415 2492 2507 2547 τὸν
2535 2492 2859 2565 πηγάζοντα
2884 2495 3025 2563 γάλα
3055 2498 3178 2559 ταῖς
3203 2498 3522 2562 τικτούσαις
3557 2501 3694 2572 πρὸς
3722 2502 3841 2556 δια-

2245 2585 2455 2657 τροφὴν
2501 2588 2614 2641 τῶν
2659 2590 3001 2659 τικτομένων
3043 2586 3285 2661 βρεφῶν.
3340 2592 3449 2647 Καὶ
3491 2594 3604 2665 γὰρ
3652 2597 3842 2667 μήτηρ

2246 2679 2463 2747 ἐγένου,
2511 2682 2614 2734 οὐκ
2659 2680 2959 2753 ἀνθρώπου
3004 2682 3189 2753 ψιλοῦ,
3240 2684 3273 2755 ἢ
3322 2687 3611 2757 προφήτου
3666 2689 3841 2752 τινὸς,

2247 2772 2279 2843 ἢ
2328 2771 2464 2827 Θεὸν
2510 2772 2721 2827 ἐνοικον
2768 2773 2987 2844 ἔχοντος
3017 2792 3032 2806 ⁸
3089 2776 3226 2830 ἀλλὰ
3260 2778 3448 2850 μήτηρ
3479 2779 3694 2851 ἀληθὴς
3734 2781 3844 2835 τοῦ

2243 2865 2518 2935 μεγάλου
2547 2868 2698 2923 Θεοῦ
2728 2869 2826 2923 καὶ
2849 2869 3128 2938 Σωτῆρος
3151 2871 3325 2940 ἡμῶν
3340 2873 3536 2940 Ἰησοῦ
3555 2875 3841 2942 Χριστοῦ.

2246 2985 2317 2995 -
2348 2956 2444 3023 Τίς
2464 2957 2729 3025 λαλήσει
2748 2960 2854 3027 τὰς
2872 2961 3240 3030 δυναστείας
3260 2963 3370 3018 τοῦ
3385 2967 3647 3034 Ιῦυριόυ;
3685 2971 3844 3020 ποῖον

2248 3044 2341 3113 οὖς
2364 3049 2617 3121 χωρῆσαι
2646 3052 2972 3123 δυνήσεται;
3015 3056 3169 3119 ποῖος
3197 3056 3256 3109 δὲ
3284 3056 3445 3127 λόγος
3472 3059 3842 3130 εὑρεθήσεται

2249 3143 2399 3208 ἄξιος
2443 3144 2554 3198 τῶν
2597 3147 2907 3217 νοουμένων
2945 3149 3256 3219 ὲρμηνεύςς
3315 3152 3481 3222 μέχρι
3508 3152 3607 3206 σοῦ
3636 3157 3843 3226 ήκουον

2248 3238 2512 3305 γυναῖκες
2531 3253 2545 3267 ο
2598 3238 2700 3293 Ἐν
2725 3240 2952 3307 λύπαις
2985 3239 3236 3305 τέξεσθε
3266 3243 3451 3298 τέκνα
3473 3261 3489 3275 ·
3550 3248 3648 3299 καὶ
3696 3251 3841 3302 κατὰ

2246 3330 2464 3396 πασῶν,
2497 3329 2688 3403 ὥσπερ
2718 3349 2801 3395 τις
2828 3332 3035 3405 κλήρου
3065 3334 3325 3407 διδαχὴτ,
3352 3337 3414 3389 τὸ
3440 3335 3623 3391 θεῖκὸν
3644 3342 3838 3411 ἔτρεχε

2245 3425 2583 3497 πρόσταγμα
2602 3466 2618 3493 ,
2665 3426 2861 3480 ἄλυτον
2892 3428 2989 3481 καὶ
3018 3429 3356 3499 ἀμετάθετον
3382 3430 3662 3502 διαμένον.
3705 3437 3839 3490 Ἀπὸ

2247 3518 2342 3572 σοῦ
2378 3518 2568 3572 λοιπὸν
2601 3519 2663 3571 τὸ
2695 3518 2830 3589 θῆλυ
2862 3520 3019 3589 γένος
3051 3521 3278 3576 ἀκούσει
3299 3538 3315 3554 ο
3337 3525 3610 3595 Χαίρετε,
3647 3532 3839 3595 γυναῖ-

2245 3627 2363 3675 κες,
2389 3610 2569 3682 ἀρχὴν
2590 3610 2686 3664 τοῦ
2711 3611 2929 3683 χαίρειν
2951 3612 3217 3667 λαὸοὖσαι
3236 3616 3337 3686 τὴν
3359 3618 3531 3687 μόνην
3557 3621 3616 3673 ὲν
3640 3622 3837 3693 παροέ.

2243 3720 2360 3766 νοις
2403 3704 2890 3777 κεχαριτωμένην,
2941 3706 3039 3778 τὴν
3070 3707 3276 3780 καλὴν,
3323 3710 3422 3781 τὴν
3451 3711 3708 3780 ἄσπιλον,
3736 3718 3835 3787 τὴν

2243 3795 2429 3864 ἁγίαν,
2468 3796 2566 3869 τὴν
2596 3796 2922 3871 Θεομήτορα
2949 3800 3189 3872 Μαρίαν.

2327 4070 2388 4125 '0
2434 4071 2535 4141 μὲν
2567 4067 2664 4126 οὖν
2704 4072 2878 4143 μέγας
2911 4073 3148 4143 ἅγγελος
3193 4075 3424 4131 τοιαῦτα
3470 4080 3536 4151 τῇ
3568 4079 3830 4151 Παρθένῳ

2245 4158 2707 4228 εὐαγγελίζεται,
2761 4161 2860 4215 καὶ
2906 4163 3044 4233 ὁμοῦ
3093 4165 3430 4235 τοῖς.λόγοις
3479 4169 3510 4221 6
3570 4169 3668 4222 τοῦ
3701 4171 3829 4223 Θεοῦ

2247 4253 2552 4323 μονογενὴς
2592 4254 2722 4316 Υἱὸς
2768 4253 2868 4325 τὴν
2921 4256 3266 4328 παρθενικὴν
3294 4258 3462 4312 ὑπέδυ
3503 4260 3707 4331 νηδύν·
3742 4263 3830 4314 καὶ

2244 4344 2494 4416 ἐχώρησε
2524 4346 2740 4417 γαστὴρ
2760 4389 2777 4414 ,
2827 4348 2886 4401 ὃν
2923 4348 3153 4420 οὐρανὸς
3183 4352 3286 4405 οὐκ
3316 4351 3604 4424 ἐχώρησεν
3630 4355 3767 4419 ὅλως
3780 4355 3825 4409 ἀ.

2249 4438 2530 4510 Ἔμϐρυον
2562 4439 2631 4493 δι’
2653 4442 2801 4511 ἡμᾶς
2834 4442 3061 4510 γέγονεν
3100 4445 3129 4497 ὁ
3161 4444 3302 4514 ὑπὲρ
3331 4448 3482 4516 ἡμᾶς
3502 4464 3517 4477 ’
3554 4451 3705 4503 κατὰ
3738 4450 3828 4520 μέ-

550 4546 705 4593 erat:
730 4534 998 4606 paulatim
1028 4546 1311 4595 crescens,
1341 4547 1406 4586 ac
1434 4531 1804 4601 corporaliter
1829 4532 1898 4587 ad
1950 4532 2137 4602 perfe-

2250 4546 2344 4602 ρος
2373 4530 2555 4595 αὔξων
2575 4572 2589 4595 ,
2643 4533 2736 4586 καὶ
2770 4535 3102 4604 σωματικῶς
3127 4536 3531 4608 τελειούμενος,
3569 4542 3599 4593 6
3630 4546 3827 4597 παντέη

549 4641 700 4688 ctum
723 4631 1040 4703 provehens
1064 4628 1218 4700 ’,ιιιιί
1247 4626 1364 4699 ipse
1396 4628 1663 4684 omnibus
1681 4629 1933 4684 numeris
1953 4629 2140 4701 perfe-

549 4736 699 4781 ctum
715 4734 863 4781 esset
884 4724 983 4780 Dei
1008 4723 1277 4788 Verbum,
1297 4738 1362 4778 ac
1394 4724 1575 4777 omnia
1600 4723 1758 4777 verba
1780 4724 1993 4777 virtutis
2025 4739 2137 4778 sua:

550 4821 806 4890 portans"
833 4838 846 4873 :
872 4833 1147 4873 annorum
1180 4816 1397 4871 initium
1417 4816 1718 4886 accipiens,
1745 4817 1843 4886 qui
1865 4816 2138 4873 Conditor

548 4922 696 4967 esset
732 4920 1044 4982 temporum
1076 4926 1141 4965 ac
1168 4909 1464 4965 exsisteret
1498 4918 1629 4964 ante
1664 4910 1885 4964 saecula.
1940 4910 2135 4964 Homi-

549 5021 683 5059 num
711 5004 928 5074 Opifex,
962 5003 1143 5060 factus
1159 5012 1246 5059 est
1274 5003 1464 5069 homo,
1489 5003 1717 5057 Matrem
1748 5003 1854 5058 sibi
1884 5018 1953 5058 ex
1976 5004 2138 5059 nobis

551 5114 922 5170 comparans;
961 5098 1081 5168 ipse
1109 5097 1313 5152 unicus
1346 5112 1448 5167 per
1493 5105 1755 5151 naturam
1803 5097 1900 5151 Dei
1941 5096 2137 5164 Filius,

551 5208 772 5246 carnem
805 5207 872 5245 ex
898 5208 963 5246 ea
992 5190 1157 5245 nobis
1182 5189 1717 5244 consubstantialem
1750 5204 2066 5245 assumens.

623 5282 709 5335 IV.
752 5281 892 5347 Quia
921 5294 1057 5335 vero
1084 5294 1270 5335 sermo
1293 5278 1441 5333 haud
1465 5278 1602 5334 satis
1630 5280 1947 5351 coassurgit
1976 5280 2140 5335 mira—

550 5373 711 5439 culis,
745 5390 847 5429 nec
870 5372 1123 5428 mortalis
1150 5372 1340 5443 lingua
1378 5371 1674 5443 magniﬁca
1707 5372 1805 5427 Dei
1838 5388 2007 5443 opera
2034 5390 2138 5444 pro

651 5520 695 5549 ³⁵
731 5518 888 5571 Rom.
923 5532 996 5579 Ix,
1025 5514 1080 5569 5.
1185 5513 1230 5545 ’⁸
1257 5512 1388 5567 Luc.
1412 5531 1451 5572 ι.
1482 5512 1571 5567 28.

550 5593 570 5624 ²
596 5589 786 5644 Matth.
815 5603 999 5651 xxvm,
1022 5585 1075 5641 9.
1154 5584 1174 5617 ³
1201 5583 1337 5639 Luc.
1364 5599 1419 5649 ιι,
1444 5583 1532 5639 52.
1603 5584 1623 5615 ⁸
1656 5585 1825 5641 Hebr.
1854 5604 1892 5652 ι,
1922 5587 1977 5643 5.

1666 5514 1710 5546 θ’
1740 5515 1887 5571 Psal.
1922 5532 2117 5582 cxxxv,
2149 5520 2240 5574 ΞΒ.

2246 4622 2390 4687 λειος
2417 4623 2512 4677 τοῦ
2539 4624 2676 4678 Θεοῦ
2703 4626 2896 4695 Λόγος,
2930 4626 3034 4681 καῖ
3054 4628 3253 4685 πάντα
3279 4631 3480 4700 φέρων
3509 4632 3591 4700 τῷ
3617 4636 3824 4706 ῥήματι

2244 4713 2356 4783 τῆς
2401 4714 2713 4785 δυνάμεως
2752 4718 2968 4773 αὐτοῦ.
3028 4720 3252 4790 Χρόνων
3289 4723 3465 4796 ἀρχὴν
3509 4724 3822 4795 λαμϐάνων,

2242 4810 2272 4862 6
2319 4808 2526 4881 χρόνων
2572 4812 2816 4882 Ποιητὴς
2836 4852 2850 4873 ,
2898 4813 2991 4865 καὶ
3026 4814 3292 4885 ὑπάρχων
3323 4815 3431 4888 πρὸ
3454 4819 3567 4873 τῶν
3597 4821 3823 4874 αἰώνων.

2249 4905 2579 4976 Ἀνθρωπος
2640 4908 2860 4971 ἐγένετο
2904 4910 2936 4960 6
2968 4910 3077 4963 τῶν
3106 4911 3415 4982 ἀνθρώπων
3442 4916 3821 4985 Δημιουργός·

2250 5000 2467 5071 μητέρα
2515 5002 2865 5070 κτησάμενος
2915 5001 2975 5068 ἐξ
3024 5002 3209 5071 ήμῶν,
3264 5004 3293 5055 6
3345 5005 3507 5074 μόνος
3552 5007 3653 5059 τοῦ
3694 5007 3821 5060 Θεοῦ

2238 5093 2381 5147 κατὰ
2426 5092 2589 5162 φύσιν
2637 5093 2797 5157 Υἱὸς,
2849 5094 3030 5164 σάρκα
3071 5094 3130 5159 ἐξ
3160 5096 3333 5160 αὐτῆς
3365 5096 3547 5150 λαϐὼν
3574 5099 3675 5171 τὴν
3703 5101 3822 5170 ήμῖν

2237 5187 2547 5257 ὁμοούσιον.

2320 5282 2463 5336 Ἀλλ’
2493 5284 2796 5354 ἐπειδήπερ
2828 5286 2856 5337 6
2880 5283 3038 5352 λόγος
3069 5286 3128 5337 οὔ
3160 5287 3548 5339 συναναϐαινει
3572 5290 3687 5350 τοῖς
3707 5286 3802 5339 θαύ

2240 5393 2441 5448 μασιν,
2495 5376 2615 5430 οὐδὲ
2666 5377 2837 5447 θνητὴ
2878 5376 3098 5445 γλῶττα
3143 5378 3265 5431 κατ’
3332 5380 3491 5444 ἀξίαν
3524 5381 3625 5443 τὰς
3656 5396 3816 5449 μεγα-

2342 5520 2385 5551 ”
2425 5518 2533 5574 Tit.
2577 5535 2633 5586 ιι,
2674 5518 2754 5573 l5.
2875 5519 2921 5550 ”
2960 5518 3104 5573 Psal.
3141 5535 3227 5586 ογ,
3259 5517 3313 5572 2.
3421 5519 3433 5548 ¹
3467 5519 3601 5575 Gen.
3632 5536 3703 5585 ιιι,
3732 5518 3808 5573 16.

1843 5727 2083 5786 νΑιιιΑς
2128 5731 2538 5789 LECTIONES.

618 5838 645 5872 ο
670 5825 1058 5899 Διδαχήώρε.
1090 5824 1331 5896 διαδοχή.
1405 5818 1434 5861 ἀ
1463 5825 1675 5892 Ὄλως.
1711 5826 1893 5892 Forte,
1923 5825 2064 5891 ὅλος.
