4052 6520
248 366 380 429 1389

1080 351 1333 416 SERMO
1369 349 1468 410 IV.
1500 369 1565 380 -
1596 345 1697 407 DE
1734 344 2020 407 TRIBUS
2058 341 2711 416 QUADRAGESIMIS.

3396 329 3531 394 139.0

244 478 501 550 λουργίας
532 476 627 529 τοῦ
658 473 793 528 Θεοῦ
824 468 1141 540 ἐξαγγέλλει
1163 484 1177 499 ο
1214 465 1376 535 δεῦρο
1403 461 1512 515 τῶν
1540 460 1839 533 προφητῶν
1868 467 1891 523 Α

1966 458 2214 530 lignitate
2244 456 2540 522 enuntiat;
2559 454 2850 518 adesdum,
2877 452 3275 524 prOphctarum
3300 452 3532 507 vocalis-

246 573 581 625 εὐτονώτατε
618 568 715 621 καὶ
749 560 1238 637 μεγαλοφωνότατε
1272 554 1503 608 Ἠσαῖα’
1542 552 1725 622 δεῦρο,
1754 552 1836 605 δί-

245 665 405 731 δαξον
449 664 602 733 ἡμᾶς
651 660 722 713 τά
772 655 1037 729 μεγαλεῖα
1087 649 1185 705 τοῦ
1233 647 1405 701 θεοῦ’
1465 644 1711 715 ὕμνησον
1750 645 1841 698 διὰ

247 757 343 811 τοῦ
396 755 719 825 Πνεύματος
768 751 839 805 τὰ
883 743 1267 817 γεγενημένα·
1333 738 1709 812 προθέσπισον
1753 736 1843 790 ἵνα

248 848 495 920 ἀκουσθῇ
563 845 635 900 τὰ
694 843 1054 916 μηνυόμενα⁸
1116 833 1474 905 δοξολόγησον
1532 831 1625 884 τὸν
1672 829 1843 900 φωτί-

251 946 416 1010 ζοντα
448 941 544 1006 οὒς
578 939 864 1011 βούλεται·
909 931 1306 1001 πιττοποίησαι
1338 930 1405 998 τῇ
1437 922 1844 997 προαγορεύσει

247 1034 318 1087 τὰ
349 1033 580 1087 ἁπιστα.
643 1027 799 1083 Ἰδοὺ
818 1069 833 1094 ,
877 1026 1043 1096 φησὶν
1064 1066 1078 1088 ,
1115 1022 1153 1090 ἡ
1205 1017 1508 1088 Παρθένος
1534 1017 1606 1071 ἐν
1631 1014 1845 1086 γαστρὶ

248 1127 409 1192 ἕξει,
457 1126 553 1178 καὶ
594 1122 826 1186 τέξεται
857 1119 1026 1181 υἱὸν,
1073 1114 1175 1169 καὶ
1204 1110 1541 1167 καλέσουσι
1566 1107 1634 1162 τὸ
1659 1106 1848 1176 ὄνομα

250 1218 443 1275 αὐτοῦ
494 1212 907 1286 Ἐμμανουήλ.
972 1208 1116 1278 Λέγε
1164 1206 1357 1270 πάλιν,
1404 1202 1691 1273 προφῆτα,
1744 1198 1846 1268 τῆς

251 1314 349 1367 ἐπὶ
389 1312 607 1374 τούτοις
651 1305 968 1373 δοξολογίας
1019 1302 1110 1355 τὸν
1149 1299 1352 1370 ὕμνον·
1393 1297 1612 1364 Κύριος
1642 1294 1676 1347 ό
1702 1291 1848 1356 Θεός

245 1403 642 1475 μου,δοξὰσω
664 1414 759 1465 σε,
778 1396 1030 1468 ὑμνήσω
1056 1393 1122 1447 τὸ
1146 1388 1337 1460 ὄνομά
1361 1402 1502 1453 σου,
1535 1385 1625 1439 ὅτι
1647 1384 1851 1448 ermin-

253 1514 378 1564 σας
420 1493 741 1565 θαυμαστὰ
786 1481 1391 1559 πράγματα,,βουλὴν
1412 1479 1691 1549 ἀρχαίαν,
1708 1476 1852 1543 ἀλη-

252 1590 455 1657 θινήν.
515 1586 803 1649 Γένοιτο,
845 1583 1041 1649 Κύριε.
1103 1576 1197 1640 Τίς
1240 1575 1297 1628 δὲ
1337 1569 1405 1645 ἦν
1442 1572 1650 1644 ἀρχαία
1679 1566 1849 1640 βουλὴ

249 1681 352 1736 τοῦ
399 1679 536 1735 Θεοῦ
586 1678 685 1733 καὶ
727 1673 982 1748 Πατρός;
1028 1669 1101 1724 Τὸ
1144 1667 1389 1736 σωθῆναι
1430 1664 1642 1725 πάντας
1676 1660 1847 1748 ἡμᾶς.

264 1776 329 1830 ’0
352 1774 462 1843 γὰρ
492 1771 553 1825 τὸ
577 1764 718 1824 εῖναι
744 1746 889 1832 δοὺς,
923 1764 1040 1825 πῶς
1068 1763 1169 1815 οὐκ
1199 1758 1265 1813 ἂν
1296 1756 1498 1830 μᾶλλον
1526 1754 1588 1808 τὸ
1616 1750 1678 1807 εὖ
1704 1746 1847 1805 εἶναι

251 1832 502 1929 δέδωκε,
565 1862 628 1916 τὸ
684 1860 815 1914 ῐδιον
868 1853 1319 1921 ἀνακαλούμενος
1368 1848 1600 1918 πλάσμα
1651 1846 1746 1899 ἐπί
1788 1845 1849 1899 τὸ
1882 1832 1922 1887 Β

250 1959 490 2029 ἀρχαῖον
518 1953 876 2024 ἐνδιαίτημα,
928 1949 1025 2003 καλ⁵
1051 1947 1151 2019 τὴν
1179 1945 1281 2013 τῆς
1311 1941 1534 2014 ἐντολῆς
1578 1938 1849 2011 φυλακὴν,

252 2052 327 2106 δι’
359 2053 428 2122 ῆν
479 2046 840 2118 ἀτελεύτητος
880 2046 938 2098 ἐν
972 2044 1109 2114 ἡμῖν
1142 2042 1175 2110 ἡ
1208 2038 1311 2108 τῆς
1342 2034 1490 2106 ζωῆς
1523 2031 1851 2101 ἐπαγγελία,

252 2148 329 2217 ῆν
354 2143 705 2212 ἀπολέσαμεν
729 2139 981 2201 εἰκότως,
1010 2134 1108 2206 τὴν
1130 2130 1354 2201 ἐντολὴν
1381 2130 1455 2200 μὴ
1479 2126 1850 2198 φυλάξαντες

264 2239 442 2301 nmo,
476 2230 521 2290 ὦ
555 2234 681 2289 θεία
727 2234 826 2287 καὶ
877 2228 1125 2301 μακαρία
1175 2223 1460 2294 Παρθένε,
1510 2224 1544 2292 ἡ
1586 2219 1725 2289 πρδς
1757 2218 1853 2272 οὐ·

257 2331 428 2403 ρανδν
474 2325 817 2397 ἐκτεταμένη
850 2322 1087 2391 κλίμαξ,
1122 2321 1159 2389 ἡ
1189 2316 1336 2386 πύλη
1366 2314 1461 2368 τοῦ
1490 2311 1848 2385 παραδείσου,

253 2426 293 2495 ἡ
334 2423 469 2496 πρὸς
498 2418 811 2491 ἀφθαρσίαν
841 2414 1086 2476 εἴσοδος,
1141 2412 1175 2482 ἠ
1225 2409 1336 2463 τῶν
1369 2404 1681 2478 ἀνθρώπων
1715 2403 1854 2496 πρδς

253 2494 397 2568 Θεὸν
443 2513 640 2576 ἐνωσίς
671 2528 731 2565 τε
780 2509 878 2563 καὶ
922 2505 1226 2574 συνάφεια,
1279 2500 1345 2554 σὺ
1395 2500 1530 2570 ἡμῖν
1577 2494 1854 2567 ἐπισφράσ

252 2618 420 2669 γισον
452 2601 545 2654 τὸν
572 2599 731 2668 λόγον
747 2614 762 2629 ·
821 2598 880 2648 ἐν
902 2591 1129 2664 Χριστῷ
1150 2588 1329 2662 Ἰησοῦ
1352 2587 1432 2659 τῷ
1455 2586 1646 2658 Κυρίῳ
1666 2585 1860 2657 ἡμῶν,

1942 552 2081 608 sime
2103 551 2243 606 Isaia
2262 568 2277 618 ;
2293 550 2591 615 adesdum,
2616 550 2878 619 inquam;
2905 547 3043 602 doce
3068 560 3170 599 nos
3187 544 3284 599 Dei
3306 560 3531 615 magna-

1942 645 2015 699 lia
2038 662 2053 710 ;
2076 643 2241 698 lauda
2264 659 2364 714 per
2388 642 2662 714 Spiritum
2684 642 2828 697 facta
2849 657 2862 693 :
2891 640 3025 712 jube
3056 638 3239 693 audiri
3261 652 3384 707 quae
3405 647 3536 692 sunt

1943 737 2288 802 nuntianda;
2321 752 2450 791 eum
2477 735 2747 806 glorifica.
2780 734 2874 805 qui
2900 749 3040 804 quos
3066 732 3187 786 vult
3216 731 3531 786 illuminat:

1946 831 2052 887 ﬁde
2102 829 2411 902 majoribus
2443 868 2457 892 ,
2511 828 2877 898 praedictione
2909 834 3097 881 astrue
3134 825 3297 879 [idem
3348 842 3361 878 :
3402 825 3536 879 Ecce

1945 920 2133 990 inquit
2170 961 2184 983 ,
2224 918 2380 989 Virgo
2408 917 2620 973 habebit
2669 918 2724 970 in
2757 925 2928 979 utero,
2973 922 3024 969 et
3073 916 3250 986 pariet
3291 914 3484 969 Filium
3518 956 3534 978 ,

1946 1021 1997 1065 ct
2012 1012 2269 1066 vocabunt
2298 1028 2486 1065 nomen
2502 1009 2617 1081 ejus
2637 1008 2955 1063 Emmanuel
2972 1010 3118 1064 '.Dic
3130 1009 3293 1065 sodes
3311 1010 3535 1071 iterum,

1948 1105 2264 1177 propheta,
2315 1120 2486 1173 super
2536 1102 2662 1157 istis
2707 1102 2891 1156 laudis
2947 1101 3225 1157 canticum
3261 1119 3275 1155 :
3311 1100 3537 1154 Domine

1949 1196 2091 1249 Deus
2119 1210 2291 1260 meus,
2343 1193 2656 1264 giori/icaba
2682 1202 2770 1256 te;
2832 1192 3064 1247 laudabo
3116 1210 3307 1247 nomen
3338 1201 3486 1246 tuum
3518 1211 3536 1257 ;

1950 1287 2206 1357 quoniam
2238 1285 2404 1355 fecisti
2438 1282 2781 1339 admirabiles
2812 1299 2916 1349 res,
2948 1283 3227 1337 consilium
3258 1284 3538 1354 antiquum

1949 1394 2136 1431 verum
2172 1393 2190 1431 :
2226 1376 2617 1441 Fiat,Domine
2652 1376 2696 1428 ⁸.
2742 1372 3037 1440 Quodnam
3081 1390 3214 1430 vero
3247 1376 3538 1442 antiquum

1951 1481 2073 1526 erat
2100 1471 2398 1526 consilium
2430 1469 2527 1525 Dei
2557 1469 2816 1524 etPatris
2843 1469 2866 1521 ?
2914 1469 3117 1539 Utique
3152 1469 3403 1523 omnium
3434 1486 3538 1524 no-

1952 1574 2128 1619 strum
2167 1564 2340 1619 salus.
2375 1562 2480 1630 Qui
2513 1562 2663 1617 enim
2695 1561 2947 1617 dedisset
2980 1570 3041 1615 ut
3078 1576 3335 1616 essemus
3361 1602 3376 1626 ,
3439 1562 3539 1632 qui

1952 1673 2062 1711 non
2098 1656 2283 1726 potius
2307 1655 2547 1712 daturus
2572 1665 2713 1721 erat,
2744 1666 2805 1708 ut
2833 1654 2975 1709 bene
3004 1669 3278 1720 essemus,
3304 1654 3536 1725 ﬁgmen-

1957 1758 2071 1804 tum
2106 1765 2267 1805 suum
2300 1749 2368 1803 ad
2425 1748 2718 1818 antiquum
2768 1748 3114 1803 domicilium
3166 1764 3435 1805 revocans
3479 1762 3544 1803 ac

1953 1843 2200 1897 mandati
2233 1842 2685 1897 observationem
2714 1881 2729 1906 ,
2780 1856 2881 1912 per
2906 1857 3075 1912 quam
3105 1842 3231 1896 vita:
3280 1842 3336 1895 in
3379 1841 3542 1896 nobis

1955 1936 2290 1991 immortalis
2316 1937 2614 2007 promissio
2644 1946 2751 2000 est,
2778 1952 2944 2006 quam
2979 1944 3036 1991 et
3094 1937 3293 1991 merito
3340 1936 3541 1990 amise-

1954 2042 2164 2091 ramus,
2193 2042 2303 2082 non
2332 2036 2625 2082 servantes
2650 2028 2929 2099 ejusmodi
2964 2028 3317 2083 mandatum?
3351 2028 3483 2091 Sed,
3510 2046 3543 2083 0

1954 2119 2139 2175 divina
2180 2136 2245 2175 ac
2274 2119 2435 2175 beata
2476 2120 2663 2191 Virgo,
2717 2128 2947 2177 extensa
2987 2120 3057 2176 ad
3105 2122 3307 2177 ccelum
3347 2122 3537 2186 scala;

1954 2213 2199 2285 paradisi
2256 2223 2463 2284 porta;
2535 2215 2826 2286 ingressus
2887 2215 2956 2269 ad
3021 2215 3541 2284 incorruptionem;

1953 2307 2243 2362 hominum
2260 2308 2327 2362 ad
2360 2309 2532 2363 Deum
2560 2310 2694 2363 unio
2721 2325 2787 2364 ac
2812 2309 3119 2374 consertio,
3148 2318 3204 2363 tu
3239 2309 3398 2363 nobis
3424 2324 3545 2363 ser-

1958 2401 2141 2456 monis
2187 2410 2309 2456 esto
2363 2402 2707 2473 signaculum
2741 2420 2755 2457 :
2792 2404 2846 2457 in
2875 2403 3103 2458 Christo
3133 2404 3262 2459 .lcsu
3312 2404 3548 2457 Domino

1961 2502 2189 2560 nostro,
2226 2510 2329 2565 per
2368 2512 2535 2566 quem
2581 2511 2647 2551 ac
2677 2511 2919 2567 quocum
2955 2497 3129 2566 gloria
3177 2511 3242 2550 ac
3300 2503 3550 2565 potestas

1969 2586 2117 2641 Patri
2132 2602 2261 2642 cum
2284 2599 2475 2644 sancto
2489 2605 2553 2645 ac
2568 2589 2790 2644 viviﬁco
2804 2588 3040 2659 Spiritu,
3064 2604 3210 2644 nunc
3226 2598 3282 2644 et
3304 2605 3546 2661 semper,

254 2697 332 2751 δι’
361 2690 422 2750 οὗ
466 2697 564 2748 καὶ
629 2692 751 2765 μεθ’
790 2686 853 2747 οὗ
895 2690 973 2761 τῷ
1009 2688 1185 2760 Πατρὶ
1212 2687 1246 2758 ἡ
1275 2684 1405 2750 δόξα
1456 2684 1552 2737 καὶ
1604 2682 1666 2735 τὸ
1721 2680 1863 2751 κράο

1971 2691 2029 2737 et
2058 2682 2112 2737 in
2140 2683 2341 2738 saecula
2373 2683 2724 2739 szeeulorum.
2752 2682 2946 2738 Amen.

253 2812 386 2860 τος,
424 2795 521 2848 σὺν
567 2791 645 2863 τῷ
678 2789 933 2860 παναγίῳ
975 2786 1070 2840 καὶ
1114 2782 1368 2853 ζωοποιῴ
1414 2780 1719 2851 Πνεύματι,
1755 2778 1852 2831 νῦν

256 2890 364 2945 καὶ
394 2890 508 2955 ἀεὶ,
544 2888 640 2941 καὶ
671 2886 753 2950 είς
785 2884 916 2948 τοὺς
943 2882 1152 2946 αἰῶνας
1184 2879 1293 2934 τῶν
1318 2877 1554 2934 αίώνων.
1592 2875 1788 2946 Ἀμήν.

889 3022 1115 3080 ΛΟΓΟΣ
1144 3018 1221 3079 Δ⁹.

271 3118 778 3192 ⁸Αναστασίουῌ)
796 3116 1167 3197 πατριάρχου
1191 3109 1860 3197 ᾷεουπόέεοἘμεγᾴλης

352 3185 731 3261 Ἀντιοχείας,
759 3185 920 3257 περὶ
955 3185 1295 3261 trita-Adrle
1328 3185 1509 3261 τριῷν
1545 3185 1856 3261 Τεσσςιρὶαο

335 3250 593 3328 κρατῶν,
622 3250 807 3315 πόθεν
833 3250 1254 3328 παρελάϐομεν
1279 3250 1613 3328 φύλάττειν
1646 3250 1856 3315 αὑτὰς,

344 3338 444 3389 καὶ
506 3334 598 3387 ὅτι
644 3334 703 3387 οι
750 3331 976 3394 ταύτας
1033 3327 1512 3396 παραϐαίνοντες
1591 3337 1858 3390 παρανο-

331 3407 580 3477 μοῦσιν.

2570 3014 2806 3071 SERMO
2859 3015 2951 3069 iV.

1968 3100 2244 3179 Anastasii
2292 3108 2617 3179 patriarch
2650 3105 2985 3179 ΤΙιεοροίεοεΔ
3008 3103 3552 3179 ηιαρηῳΑηιὶοιζΙιίαυ,

2038 3178 2101 3232 de
2147 3174 2345 3233 sanctis
2384 3177 2549 3232 tribus
2575 3174 3011 3247 Quadragesimis
3036 3216 3050 3239 ,
3087 3174 3224 3228 unde
3258 3192 3347 3228 eas
3381 3174 3555 3227 obser-

2037 3264 2165 3319 uare
2193 3249 2511 3319 accepimus,
2570 3247 2811 3319 quodque
2844 3248 2935 3318 qui
2962 3263 3051 3301 eas
3094 3247 3557 3316 transgrediuntur

2032 3318 2205 3390 legem
2233 3318 2449 3374 violent.

1144 3490 1434 3563 (Comen.
1461 3489 1665 3544 Eccles.
1694 3486 1865 3544 Grazc.
1899 3497 2229 3542 monument.
2262 3495 2302 3541 t.
2330 3486 2420 3552 Ill,
2450 3501 2508 3558 p.
2540 3486 2690 3558 425.)

345 3618 493 3672 Ἔδει
524 3616 623 3687 μὲν
649 3616 798 3687 ἡμᾶς
820 3610 1309 3680 ἐξακολουθοῦντας
1330 3612 1449 3673 ταῖς
1470 3607 1861 3670 ἁποστολικαῖς

264 3708 605 3781 παραδόσεσι
634 3707 729 3760 καὶ
751 3703 1070 3770 διατάξεπι,
1105 3702 1202 3757 καὶ
1231 3704 1352 3765 ταῖς
1382 3701 1495 3755 τῶν
1531 3699 1705 3769 ἁγίων
1746 3699 1861 3751 Ila—

262 3804 445 3872 τέρων
499 3799 658 3871 ἡμῶν
722 3797 1025 3868 ἐγγράφοις
1084 3792 1457 3865 νομοθεσίαις,
1518 3791 1594 3862 μὴ
1646 3787 1860 3844 δεῖσθαι

265 3895 535 3966 ζητήσεις
574 3894 672 3946 καὶ
718 3888 1097 3962 εὑρεσιλογίας
1142 3886 1492 3956 ἐφευρίσκειν
1552 3883 1715 3947 κενὰς
1769 3881 1864 3935 καὶ

269 3986 539 4059 ματαίας,
573 3984 712 4057 πρὸς
768 3983 1028 4052 ἀθέτησιν
1075 3979 1183 4033 τῶν
1217 3977 1309 4031 ὑπ’
1341 3976 1569 4030 ἐκείνων
1620 3973 1868 4046 ὁρισθέν-

265 4097 404 4141 των,
440 4077 576 4133 ἀλλὰ
626 4075 922 4148 προσέχειν
975 4070 1220 4142 ἀκριϐῶς
1260 4071 1371 4132 τοῖς
1407 4068 1498 4121 ὑπ’
1530 4066 1711 4121 αὐτῶν
1752 4068 1867 4137 ὁρι-

271 4170 476 4232 σθεῖσι,
517 4168 575 4222 ἐν
612 4185 670 4221 τε
700 4171 815 4230 τοῖς
847 4162 1059 4220 ἐαυτῶν
1090 4161 1256 4225 θείοις
1286 4160 1542 4221 κανόσιν,
1582 4156 1639 4210 ἐν
1664 4174 1723 4209 τε
1752 4158 1867 4218 τοῖς

267 4261 693 4333 εὑρισκομένοις
715 4260 893 4327 ἁγίοις
918 4255 1125 4310 τούτων
1155 4252 1577 4323 συγγράμμασι,
1608 4249 1704 4304 καὶ
1746 4250 1868 4311 ταῖς

271 4359 345 4409 ἐκ
380 4354 740 4425 παραδόσεων
765 4349 972 4404 τούτων
1007 4347 1191 4416 ἁγίαις
1225 4347 1456 4415 φωναῖς,
1485 4342 1581 4396 καὶ
1611 4342 1687 4404 ὡς
1729 4338 1866 4393 Θεοῦ

271 4446 464 4517 φωνὰς
502 4442 758 4516 ἡγεῖσθαι
798 4442 896 4496 καὶ
952 4439 1134 4493 σέϐειν
1166 4438 1358 4500 αὑτάς.
1405 4435 1546 4488 Ἀλλ’
1585 4432 1819 4503 ἐπείπερ
1842 4433 1870 4485 ὁ

275 4537 578 4610 μισόκαλος
622 4536 717 4589 καὶ
750 4529 1317 4592 ἁπατεὼνηδιὰϐοὶος,
1352 4528 1383 4580 ό
1423 4527 1516 4579 καὶ
1548 4524 1741 4596 πρώην
1770 4525 1870 4587 τὴν

269 4630 358 4701 τῷ
392 4627 807 4701 πρωτοπλάστῳ
830 4623 1083 4678 δοθεῖσαν
1114 4625 1172 4676 ἐν
1204 4620 1283 4691 τῷ
1309 4617 1625 4691 παραδείσῳ
1650 4616 1749 4685 τῆς
1774 4632 1870 4685 νη-

278 4723 472 4786 στείας
526 4720 749 4792 ἐντολὴν
815 4716 1219 4790 παραφθείρας,
1252 4715 1346 4768 καὶ
1400 4710 1599 4786 βρώσει
1663 4712 1729 4781 τῇ
1777 4709 1871 4762 τοῦ

281 4818 447 4883 ξύλου
499 4813 688 4868 τοῦτον
737 4810 1040 4880 ὑπαγαγὼν
1073 4810 1170 4863 καὶ
1206 4806 1484 4875 παραδοὺς
1527 4803 1603 4876 τῷ
1634 4802 1870 4871 θανάτῳ,

2034 3607 2147 3662 Nos
2199 3605 2430 3677 quidem
2476 3606 2727 3677 oportuit
2783 3605 3111 3677 apostolicis
3159 3604 3560 3662 traditionibus

1964 3708 2021 3754 et
2053 3698 2569 3764 constitutionibus,
2611 3707 3047 3768 sanctorumque
3080 3699 3307 3753 Patrum
3338 3708 3560 3753 nostro-

1965 3803 2091 3843 rum
2144 3788 2370 3859 scriptis
2422 3788 2812 3844 sanctionibus
2860 3788 3264 3858 obsequentes,
3297 3804 3557 3844 necessa-

1966 3878 2111 3933 rium
2145 3894 2256 3932 non
2293 3878 2501 3933 habere
2531 3879 2872 3949 quastiones
2918 3878 3113 3934 inanes
3140 3888 3199 3934 et
3242 3890 3558 3936 commenta

1967 3985 2284 4025 sermonum
2312 3985 2453 4024 vana
2474 3969 2813 4039 excogitare,
2839 3968 2907 4023 ad
2932 3968 3331 4025 inﬁciationem
3361 3987 3558 4026 eorum

1966 4079 2092 4134 qua:
2146 4062 2216 4118 ab
2270 4062 2381 4117 illis
2415 4062 2639 4117 decreta
2697 4069 2865 4127 sunt;
2900 4062 2996 4117 sed
3030 4063 3218 4132 potius
3266 4065 3559 4119 attendere

1969 4154 2267 4224 diligenter
2304 4152 2375 4207 iis
2399 4167 2523 4221 quae
2563 4150 2940 4213 deﬁnierunt,
2968 4159 3083 4205 tum
3122 4152 3178 4206 in
3212 4153 3329 4207 suis
3356 4152 3562 4208 divinis

1969 4243 2302 4306 canonibus,
2340 4252 2456 4297 tum
2498 4243 2553 4297 in
2584 4242 2790 4299 sanctis
2827 4243 2944 4298 suis
2975 4243 3138 4299 libris
3176 4244 3272 4315 qui
3308 4256 3558 4310 exstant,

1970 4344 2026 4389 et
2054 4334 2263 4389 sanctis
2295 4334 2415 4388 suis
2454 4333 2692 4389 vocibus
2730 4333 3034 4389 traditione
3060 4335 3326 4405 acceptis,
3353 4351 3563 4405 easque

1972 4436 2033 4482 ut
2070 4427 2167 4483 Dei
2192 4441 2359 4481 voces
2385 4435 2585 4497 putare
2619 4442 2685 4483 ac
2715 4426 2999 4483 venerari.
3034 4427 3241 4483 Verum
3268 4427 3395 4497 quia
3429 4427 3560 4481 boni

1972 4537 2101 4575 osor
2120 4519 2623 4589 fraudulentusque
2646 4519 2928 4584 diabolus,
2949 4520 3047 4590 qui
3072 4519 3352 4591 principio
3377 4520 3432 4573 in
3462 4535 3560 4590 pa-

1974 4614 2159 4667 radiso
2213 4613 2404 4668 datum
2460 4613 2646 4683 primo
2675 4613 2965 4667 hominum
2999 4622 3191 4668 creato
3235 4613 3561 4667 mandatum

1969 4704 2165 4776 jejunii
2196 4703 2573 4771 labefactavit,
2604 4720 2849 4774 eumque
2884 4720 2983 4760 esu
3013 4705 3164 4759 illius
3196 4704 3329 4774 ligni
3360 4704 3565 4775 dejecit

1976 4814 2040 4852 ac
2072 4796 2239 4852 morti
2273 4795 2524 4860 tradidit,
2552 4812 2669 4851 non
2703 4806 2885 4853 cessat
2906 4797 3200 4867 hucusque
3231 4796 3562 4851 calumniari

278 4881 347 4960 οὐ
380 4905 614 4959 παύεται
653 4904 817 4975 μέχρι
869 4903 965 4972 τῆς
1013 4900 1257 4973 σήμερον
1283 4896 1586 4952 διαϐάλλων
1618 4895 1687 4949 τὰ
1715 4892 1867 4964 παρὰ

1974 4891 2161 4945 divina
2196 4898 2472 4960 praecepta
2518 4903 2641 4959 quae
2672 4904 2705 4944 a
2749 4889 2863 4945 Deo
2894 4889 3103 4959 Deique
3150 4889 3289 4944 viris
3334 4898 3564 4959 propter
3600 4900 3610 4910 ‘

364 5044 385 5077 '
410 5044 512 5099 lsa.
542 5058 635 5109 vn,
670 5042 738 5097 M
803 5042 824 5073 ⁸
850 5040 953 5096 lsa.
981 5041 1113 5095 v.1.

358 5187 434 5259 (1)
478 5184 886 5241 Ἀναστασίου
921 5179 1074 5259 ⁸περί
1115 5140 1304 5259 τριῷνι
1331 5168 1864 5259 Τεεᾳαραξιοσξξῦγ.

273 5240 527 5321 (Ξίίοίιιιί,
552 5270 867 5337 quanquam
920 5240 1363 5337 indiligentinsna

277 5343 515 5386 samone
545 5322 778 5397 epistola
820 5324 891 5378 de
916 5322 1164 5393 jejuniis,
1200 5331 1366 5387 quam
1402 5327 1681 5393 superiori
1715 5322 1872 5392 tumo

275 5399 592 5461 edidimus;
627 5396 745 5457 ubi,
791 5389 1261 5463 quemadmodum
1303 5386 1371 5463 ad
1424 5384 1873 5463 Constituttones

276 5452 639 5539 apostolicus,
670 5452 914 5539 diximus
954 5463 1023 5519 de
1055 5459 1296 5539 jejuniis
1328 5457 1677 5539 graecorum,
1707 5452 1872 5539 etnde

278 5527 477 5595 eorum
516 5527 698 5591 tribus
732 5527 1200 5605 Quadragesiinis,
1228 5531 1282 5605 in
1314 5527 1586 5605 Anastasii
1613 5527 1874 5605 quaesti-o-

281 5593 355 5665 ne
392 5611 481 5673 61,
514 5617 572 5663 et
621 5608 675 5662 in
708 5593 829 5661 Ιίῖοο
865 5593 1092 5673 ,Ιοαῖιιιίε
1126 5599 1291 5673 Citrii
1315 5596 1460 5673 apud
1490 5593 1872 5673 Nlatiu‘tnye

280 5663 566 5744 consent,
595 5694 672 5740 ιιι,
700 5676 796 5740 12;
826 5690 1039 5746 necnon
1078 5672 1132 5725 in
1164 5663 1447 5746 ypicdﬁS.
1483 5664 1662 5746 Same,
1692 5663 1870 5746 t‘..l00

282 5734 346 5807 et
380 5750 517 5815 133;
554 5734 719 5819 atque
758 5734 813 5799 in
846 5734 1324 5819 moriniAantiquis
1357 5734 1867 5819 Pmnitentialibus,

286 5806 347 5892 p.
376 5820 466 5888 89,
500 5806 644 5876 115]
666 5820 853 5887 Neque
895 5814 1103 5870 Latinis
1130 5806 1428 5868 defuerunt
1466 5816 1577 5863 tres
1616 5806 1856 5874 Quadra-

2010 5169 2200 5225 esimm
2249 5182 2384 5233 suae,
2435 5183 2503 5224 ex
2556 5164 2797 5221 concilio
2828 5165 3567 5236 Triburiensi,Capitulari-

2018 5256 2105 5300 us,
2146 5240 2449 5305 Amalario,
2489 5237 2727 5307 aliisque
2778 5237 3111 5292 testimoniis
3162 5252 3261 5306 per
3296 5238 3448 5293 viros
3470 5242 3568 5294 do—

1978 5318 2100 5365 ctos
2130 5311 2471 5365 coacervatis
2499 5308 2827 5363 notissimae.
2869 5308 3107 5362 Proinde
3140 5309 3299 5377 juxta
3353 5326 3565 5364 morem

1980 5396 2143 5435 suum
2173 5379 2373 5451 callide
2401 5377 2978 5451 Hieronymus,epist.
3007 5380 3096 5451 54,
3119 5379 3189 5432 ad
3227 5379 3564 5451 Marcellam,

1982 5452 2253 5506 adversus
2292 5448 2638 5514 Montanum,
2673 5469 2691 5501 ι
2720 5448 2854 5511 Nos,
2881 5449 3083 5519 inquit,
3118 5465 3285 5502 unam
3321 5450 3568 5516 Quadra-

1981 5522 2248 5593 gesimam
2278 5520 2593 5593 secundum
2617 5519 2981 5593 traditionem
3011 5521 3416 5593 apostolorum,
3450 5530 3568 5576 toto

1980 5590 2149 5657 anno,
2187 5603 2436 5662 tempore
2466 5592 2633 5646 nobis
2670 5606 2939 5660 congruo,
2968 5591 3308 5662 jejunamus,
3342 5590 3420 5644 illi
3454 5603 3568 5647 tres

1980 5665 2037 5719 in
2076 5679 2223 5718 anno
2274 5661 2487 5717 faciunt
2525 5661 3009 5732 Quadragesimas,
3044 5662 3200 5730 quasi
3251 5668 3363 5713 tres
3420 5663 3569 5732 passi

1979 5735 2095 5789 sint
2117 5734 2455 5798 Salvatores,
2490 5746 2602 5788 etc.
2636 5732 2772 5787 Vide
2794 5734 3049 5786 eumdem
3081 5746 3342 5801 magnum
3372 5732 3567 5787 docto-

1981 5822 2096 5862 rem
2128 5805 2196 5861 ad
2234 5806 2413 5876 Aggzei
2448 5812 2621 5876 caput
2647 5819 2686 5872 ι,
2713 5811 2771 5860 et
2799 5803 2867 5857 ad
2897 5802 3139 5857 Matthaai
3176 5816 3298 5872 cap.
3327 5816 3401 5855 ιιι.
