4052 6520
239 342 368 407 i397

1045 351 1302 411 SERMO
1345 352 1441 413 ιν.
1473 378 1545 391 --
1571 353 1671 414 DE
1708 356 1993 419 TRIBUS
2032 360 2685 433 QUADRAGESIMIS.

3372 371 3507 438 1398

231 460 464 523 κοῦντέις
482 478 539 512 σε
564 476 577 490 ·
598 458 716 515 εἶτα
740 464 1047 539 είσελεύσῃ.
1064 470 1160 521 καὶ
1179 468 1438 539 ἀπολήψῃ
1464 468 1553 522 τὸν
1585 471 1819 541 ἡτοιμαο

1924 473 2127 545 injuria
2175 476 2415 534 all‘ecere
2472 481 2720 547 vexasti,
2762 490 2959 550 postea
3014 482 3296 550 introibis,
3340 496 3506 556 atque

235 553 432 621 σμένον
457 568 540 605 σοι
566 552 749 609 τόπον.
769 556 1108 626 Ἀνενεγκῶν
1130 560 1188 613 δὲ
1211 561 1454 625 καὶτοὺς
1470 565 1821 634 κατενεχθέν-

230 657 331 703 τας
355 644 412 695 ἐν
428 641 506 713 τῷ
528 644 650 716 ᾅδῃ,
674 647 909 717 ἀνῆλθεν
929 654 1009 714 είς
1036 651 1324 723 οὐρανούς⁹
1344 649 1466 708 εἶτα
1485 655 1820 710 διεστείλατο

230 737 261 786 ὁ
286 735 548 801 Φίλιππος
578 739 655 809 τῷ
685 741 1076 816 Βαρθολομαίῳ
1104 746 1199 799 καὶ
1224 749 1290 818 τῇ
1323 748 1649 821 Μαριάμνῃ,
1678 750 1819 803 ὥστε

231 829 405 880 εἰπεῖν
421 829 663 903 Ἰακώϐῳ
685 835 913 900 καὶτοῖς
936 838 1146 903 λοιποῖς
1169 840 1508 905 ἀποστόλοις,
1525 842 1819 910 νηστεῦσαι

230 922 327 971 καὶ
370 922 780 991 προσεύξασθαι
820 930 952 998 περὶ
986 929 1178 991 αὐτοῦ,
1213 933 1633 1002 τεσσαράκοντα
1670 935 1817 1005 ἦμέ-

233 1027 355 1081 ρας.
390 1014 498 1067 Καὶ
530 1014 705 1081 οὕτως
734 1021 784 1071 οἱ
816 1022 1105 1076 ἀπόστολοι
1145 1026 1283 1077 πᾶσι
1311 1028 1423 1089 τοῖς
1454 1029 1667 1091 πιστοῖς
1696 1044 1820 1080 τεσ-

231 1107 545 1174 σαράκοντα
591 1111 816 1180 ἡμερῶν
863 1115 1120 1185 νηστείαν
1159 1119 1255 1171 καὶ
1285 1120 1600 1190 προσευχὴν
1634 1120 1819 1190 διωρί-

232 1211 417 1252 σαντο.
453 1200 561 1253 Καὶ
586 1203 865 1277 ἐφυλάχθη
901 1209 1052 1277 παρὰ
1075 1196 1182 1261 τῶν
1211 1210 1387 1277 ἁγίων
1417 1211 1679 1282 Πατέρων
1723 1211 1821 1265 καὶ

227 1289 338 1341 τῶν
379 1290 425 1355 ζ’
460 1296 858 1365 οἰκουμενικῶν
914 1301 1169 1354 συνόδων.
1230 1304 1342 1356 Καὶ
1386 1303 1817 1376 ὲνενομοθετήθη

227 1383 351 1453 οὐχὶ
382 1386 543 1440 πέντε
566 1388 598 1455 ἢ
621 1389 766 1443 ὀκτὼ
796 1391 828 1463 ἦ
856 1393 1230 1465 δὲκαὴμερῶν
1260 1396 1508 1466 νηστεία,
1541 1396 1819 1451 ἀλλὰτεσ·

230 1479 564 1546 σαρὰκοντα.
588 1483 709 1536 Τῶν
732 1484 968 1556 Χριστοῦ
992 1488 1196 1555 γέννων
1222 1488 1278 1541 δὲ
1302 1488 1539 1557 λέγεται,
1557 1489 1638 1543 ὅτι
1662 1491 1719 1541 ἐν
1741 1489 1820 1561 τῷ

227 1568 378 1621 τέλει
423 1571 533 1624 τῶν
588 1581 642 1642 μ’
702 1577 925 1646 ἡμερῶν
973 1579 1279 1649 συνέφθασε
1314 1581 1411 1634 καὶ
1451 1581 1485 1651 ἡ
1551 1583 1819 1651 σωτήριος

228 1660 489 1731 γέννησις
540 1666 635 1717 τοῦ
681 1668 885 1739 Κυρίου
905 1672 1063 1741 ἡμῶν
1101 1672 1278 1742 Ἰησοῦ
1307 1672 1575 1742 Χριστοῦ.
1593 1673 1703 1727 Καὶ
1730 1671 1814 1740 γίσ

1924 578 2292 636 ρταιριπειιιιηι
2323 571 2420 626 tibi
2452 573 2634 628 locum
2660 574 2916 644 recipies.
2954 595 2972 627 ι
3005 576 3145 631 Tum
3186 592 3282 631 eos
3315 578 3411 647 qui
3451 580 3507 634 in

1919 658 2201 715 infernum
2260 662 2487 720 deducti
2534 665 2755 722 fuerant.
2800 668 3097 734 reducens,
3150 671 3399 725 ascendit
3452 672 3507 726 in

1920 753 2112 809 cmlos.
2152 755 2349 811 Postea
2413 758 2705 829 Philippus
2768 762 3050 817 mandavit
3106 763 3508 820 Bartholomaao

1920 862 1985 900 ac
2031 847 2365 913 Marianum,
2393 849 2579 906 dicere
2609 852 2813 908 Jacobo
2861 854 3188 925 casterisque
3219 857 3504 926 apostolis,

1923 947 1987 993 ιιι·
2022 955 2124 1010 pro
2169 956 2236 996 eo
2286 942 2602 1013 jejunarent
2639 962 2702 1001 ac
2749 958 2975 1003 orarent
3003 964 3102 1019 per
3138 950 3507 1021 quadraginta

1922 1032 2060 1090 dies.
2091 1034 2267 1105 Atque
2299 1036 2375 1091 ita
2418 1038 2652 1107 apostoli
2700 1039 3067 1113 quadraginta
3111 1041 3329 1097 dierum
3365 1044 3508 1113 jeju-

1922 1126 2078 1182 nium
2116 1137 2173 1183 et
2196 1144 2391 1199 preces
2411 1130 2631 1185 cunctis
2665 1130 2928 1187 ﬁdelibus
2962 1141 3302 1204 statuerunt.
3337 1134 3508 1204 ldque

1920 1230 2201 1275 servatum
2234 1220 2339 1276 fuit
2372 1238 2403 1277 a
2430 1222 2637 1278 sanctis
2663 1222 2943 1288 Patribus,
2976 1202 3054 1280 et‘
3075 1235 3287 1296 septem
3323 1202 3509 1283 conci-

1918 1310 2011 1366 liis
2072 1313 2445 1383 generalibus.
2477 1314 2656 1383 Atque
2712 1314 3002 1369 decretum
3056 1314 3161 1370 fuit
3210 1318 3505 1387 jejunium,

1920 1419 2033 1458 non
2083 1406 2352 1475 quinque,
2383 1407 2469 1460 vel
2525 1415 2673 1470 octo,
2711 1415 2809 1460 aut
2856 1406 3048 1462 decem
3103 1408 3351 1472 dierum,‘
3410 1409 3505 1464 sed

1920 1496 2306 1566 quadraginta.
2341 1495 2582 1552 Vocatur
2644 1507 2831 1556 autem
2878 1499 3088 1554 Natalis
3115 1498 3319 1555 Christi
3357 1502 3506 1573 jeju-

1923 1588 2099 1651 nium,
2137 1589 2267 1659 quia
2310 1588 2366 1644 in
2408 1588 2516 1646 ﬁne
2563 1590 2783 1645 dierum
2848 1591 3215 1662 quadraginta
3261 1595 3507 1648 occurrit

1924 1683 2184 1738 salutaris
2241 1683 2516 1739 Nativitas
2573 1685 2806 1739 Domini
2844 1686 3019 1740 nostri
3082 1686 3214 1741 Jcsu
3275 1685 3502 1741 Christi.

227 1772 383 1847 νεται
415 1757 509 1811 δύο
537 1761 603 1813 τὰ
631 1763 795 1817 καλά.
829 1764 1153 1835 Πληροῦμεν
1178 1767 1289 1838 γὰρ
1318 1766 1417 1838 τὴν
1438 1766 1549 1819 τῶν
1590 1768 1821 1821 ἀποστό-

1926 1777 2158 1845 Duoque
2200 1776 2342 1830 bona
2373 1784 2735 1847 peraguntur.
2768 1774 2905 1831 Nam
2943 1777 3303 1846 exsequimur
3338 1776 3508 1830 tradi—

228 1846 336 1900 λων
364 1851 684 1921 παράδοσιν,
712 1858 805 1909 καὶ
834 1835 1324 1931 προκαθαιρόμεθα
1351 1835 1430 1924 είς
1454 1859 1698 1932 ὑπαντὴν
1723 1860 1818 1913 καὶ

1924 1868 2132 1923 tionem
2186 1868 2589 1936 apostolorum,
2642 1868 2921 1937 simulque
2980 1884 3403 1939 prmpurgamur
3450 1870 3504 1923 in

229 1945 605 2017 προσκύνησιν
654 1949 747 2002 τοῦ
792 1950 858 2003 ὲκ
902 1949 1003 2020 τῆς
1028 1952 1190 2020 ἁγίας
1236 1952 1503 2006 Θεοτόκου
1542 1953 1638 2007 καὶ
1679 1953 1819 2005 Ἀει-

226 2034 504 2102 παρθένου
581 2040 921 2112 ἀρῤυπὰρως
982 2046 1078 2098 καὶ
1147 2047 1407 2117 ἀρρήτως
1463 2042 1820 2115 γεννηθέντος

237 2128 419 2198 Ἰησοῦ
445 2132 682 2202 Χριστοῦ
715 2133 809 2187 τοῦ
845 2136 1050 2205 Κυρίου
1073 2137 1251 2207 ημῶν.

310 2221 376 2274 Ἦ
405 2222 463 2274 δὲ
495 2225 631 2294 μετὰ
654 2226 755 2296 την
788 2229 1171 2299 Πεντηκοστὴν
1203 2230 1430 2300 νηστεία
1487 2229 1629 2302 α’ύτη
1668 2231 1820 2285 ἐστὶν

224 2314 257 2382 ἡ
292 2314 351 2365 ὲν
384 2318 505 2378 ταῖς
542 2318 832 2385 Διατάξεσι
875 2320 987 2374 τῶν
1018 2322 1192 2390 ἁγίων
1216 2324 1536 2377 ἀποστόλων
1561 2322 1815 2394 ῥηθεῖσα.

222 2410 365 2460 Φασὶ
397 2409 508 2481 γὰρ
540 2411 598 2463 ἐν
625 2412 876 2477 ταύταις,
904 2414 986 2467 ὅτι
1017 2434 1035 2466 ι
1077 2415 1234 2469 Μετὰ
1279 2418 1380 2487 τὴν
1433 2417 1820 2487 Πεντηκοστὴν

223 2502 531 2571 ἑορτάσατε
558 2504 832 2576 ἑϐδομάδα
862 2509 1016 2576 μίαν,
1045 2512 1141 2563 καὶ
1179 2510 1298 2581 μετ’
1337 2511 1559 2581 ἐκείνην
1580 2510 1818 2581 νηστεύσ-

225 2611 380 2649 σατε.
417 2596 637 2651 Δίκαιον
707 2600 815 2672 γὰρ
878 2602 1254 2675 εὐφρανθῆναι
1308 2604 1403 2656 ἐπὶ
1446 2607 1515 2676 τῇ
1546 2604 1643 2658 τοῦ
1681 2602 1817 2657 Θεοῦ

220 2684 427 2755 δωρεᾷ,
463 2689 557 2740 καὶ
598 2691 736 2758 μετὰ
790 2690 890 2761 τὴν
936 2693 1126 2747 ἄνεσιν
1177 2693 1498 2764 νηστεῦσαι.
1544 2695 1654 2749 Καὶ
1709 2694 1819 2766 γὰρ

224 2780 322 2830 καί
348 2781 592 2851 Μωῡσῆς
623 2784 719 2835 καὶ
760 2783 949 2848 Ἠλίας
990 2787 1325 2857 ὲνήστευσαν
1355 2785 1571 2857 ἡμέρας
1617 2802 1817 2838 τεσσα-

225 2870 491 2942 ράκοντα,
520 2876 614 2927 καὶ⁹
658 2876 859 2947 Δανιὴλ
900 2877 1205 2948 ὲὸδομάδας
1240 2880 1392 2947 τρεῖς
1426 2878 1593 2947 ἄρτον
1626 2877 1817 2931 ἐπιθυ-

225 2965 372 3034 μιῶν
401 2967 501 3020 οὐκ
530 2967 725 3039 ἔφαγε,
750 2972 844 3025 καὶ
873 2971 1044 3041 κρέας
1069 3012 1083 3034 ,
1120 2974 1216 3025 καὶ
1250 2967 1388 3033 οἶνος
1422 2972 1524 3025 οὐκ
1562 2970 1817 3042 εἰσῆλθεν

222 3059 307 3120 εἰς
327 3060 389 3110 τὸ
408 3060 585 3129 στόμα
611 3062 802 3116 αὑτοῦ.
827 3082 847 3115 ι
883 3063 1240 3135 Ἐνηστεύετο
1262 3063 1557 3135 τοιγαροῦν
1580 3064 1819 3135 ἡτοιαύ-

1920 1974 2215 2015 occursum
2245 1970 2302 2016 et
2329 1960 2714 2017 adorationem
2739 1962 2870 2019 Jesu
2911 1960 3121 2017 Christi
3150 1962 3368 2016 Domini
3404 1978 3505 2017 no-
3602 1956 3608 1969 ³

1921 2054 2043 2117 stri,
2073 2054 2170 2124 qui
2191 2069 2257 2108 ex
2282 2062 2471 2110 sancta
2502 2054 2596 2109 Dei
2618 2054 2899 2111 Genitrice
2921 2071 3251 2126 semperque
3293 2055 3505 2126 virgine

1920 2146 2130 2216 absque
2147 2146 2359 2201 macula
2381 2154 2438 2201 et
2467 2146 2828 2202 ineﬂ‘abiliter
2853 2155 3018 2203 natus
3042 2155 3145 2202 est.

1989 2237 2264 2294 Caeterum
2325 2238 2475 2309 quod
2530 2238 2893 2309 subsequitur
2948 2239 3317 2295 Pentecosteu
3359 2240 3506 2310 jeju-

1920 2331 2075 2386 nium
2100 2330 2279 2400 ipsum
2310 2331 2491 2387 estde
2526 2347 2637 2401 quo
2685 2331 2869 2403 agitur
2905 2332 2960 2386 in
2992 2331 3505 2387 Constitutionibus

1921 2431 2242 2474 sanctorum
2292 2419 2692 2489 apostolorum.
2741 2419 2913 2474 Aiunt
2966 2419 3171 2490 quippe
3226 2420 3280 2474 in
3339 2419 3500 2474 illis:

1925 2529 1943 2563 α
1985 2512 2115 2567 Post
2139 2512 2531 2577 Pentecosten,
2556 2513 2840 2569 celebrate
2872 2512 3281 2569 hebdomadam
3309 2528 3500 2575 unam,

1918 2614 1976 2660 et
2007 2612 2132 2675 post
2157 2603 2305 2659 illam
2325 2605 2596 2676 jejunate.
2623 2605 2864 2676 Equum
2887 2606 3037 2661 enim
3056 2614 3164 2668 est,
3199 2613 3261 2660 ut
3289 2603 3357 2659 de
3382 2620 3506 2658 mu-

1920 2713 2052 2754 nere
2080 2697 2176 2752 Dei
2219 2697 2505 2763 ltetemini,
2541 2713 2607 2754 ac
2640 2709 2764 2769 post
2795 2699 3182 2754 remissionem
3211 2698 3500 2769 jejunclis.

1921 2789 2205 2861 Siquidem
2225 2789 2439 2863 Moyses
2467 2798 2524 2847 et
2551 2790 2703 2846 Elias
2721 2792 3116 2863 jejunaverunt
3144 2790 3506 2862 quadraginta

1920 2883 2158 2951 diebus;
2191 2890 2248 2940 et
2277 2883 2468 2939 Daniel
2504 2884 2684 2940 tribus
2725 2884 3092 2941 hebdomadis
3117 2900 3317 2954 panem
3357 2882 3506 2939 desi-

1920 2975 2206 3031 deriorum
2233 2991 2345 3030 non
2393 2975 2672 3042 comedit,
2725 2986 2783 3033 et
2839 2993 2968 3033 caro
3018 2992 3085 3032 ac
3141 2977 3333 3032 vinum
3396 2991 3505 3031 non

1923 3067 2259 3125 introierunt
2306 3068 2363 3122 in
2424 3083 2489 3125 os
2540 3069 2663 3139 ejus
2697 3068 2737 3123 ⁷.
2777 3088 2795 3121 ι
2829 3069 3193 3140 Jejunabatur
3221 3084 3354 3139 ergo
3404 3068 3509 3123 hoc

220 3167 290 3222 τη
361 3153 610 3222 νηστεία,
650 3156 815 3227 μέχρι
855 3157 955 3227 τῆς
1006 3159 1319 3228 κοιμήσεως
1347 3158 1450 3229 τῆς
1493 3158 1763 3213 Θεοτόκου
1799 3173 1813 3189 ·

1921 3159 2211 3231 jejunium,
2244 3177 2423 3233 usque
2451 3160 2521 3216 ad
2548 3160 2946 3217 Dormitionem
2989 3177 3088 3217 seu
3120 3162 3349 3216 Mortem
3383 3161 3510 3217 Dci-

222 3246 335 3300 ῦπὸ
362 3248 419 3301 δὲ
448 3250 556 3303 τῶν
582 3251 756 3319 ἁγίων
796 3254 1060 3325 Πατέρων
1096 3253 1163 3307 δι’
1188 3254 1505 3325 οἰκονομίαν
1534 3254 1775 3325 ἐξεκόπη
1800 3270 1816 3284 ⁸

222 3342 283 3393 τὶ
308 3343 429 3412 μὲν.
449 3343 536 3397 διὰ
560 3344 619 3398 τὸ
638 3353 661 3381 ι
686 3346 1101 3417 παρεμπίπτειν
1116 3348 1236 3411 ταῖς
1252 3345 1494 3409 ἐθνικαῖς
1516 3347 1816 3418 νηστείαις,

226 3435 346 3506 ηως
398 3437 722 3509 Ἃρμενίων,
772 3438 1128 3501 Ἰακωὸιτῶν,
1167 3440 1570 3511 Νεστοριανῶν,
1636 3439 1718 3491 ἔτι
1763 3438 1819 3491 δὲ

225 3530 495 3592 πολλάκις
530 3534 622 3584 καὶ
664 3532 1024 3603 Ἰσμαηλιτῶν
1054 3548 1066 3561 ·
1107 3533 1169 3585 τὸ
1202 3532 1281 3593 δὲ,
1314 3533 1390 3596 ὼς
1410 3532 1607 3600 ἔμοιγε
1642 3548 1817 3585 κατα-

228 3622 506 3690 φαίνεται,
540 3624 635 3676 καὶ
658 3624 747 3678 διὰ
785 3625 887 3694 τὴν
917 3624 1217 3695 ὀλιγωρίαν
1252 3624 1349 3678 καὶ
1400 3626 1461 3677 τὸ
1492 3618 1819 3695 ἀπρόθυμον

226 3714 343 3766 τῶν
372 3714 696 3786 ἀνθρώπων.
746 3714 1035 3787 Ἐτυπώθη
1064 3716 1145 3779 δὲ,
1174 3717 1304 3787 ἄχρι
1336 3717 1435 3785 τῆς
1466 3717 1663 3787 ἑορτῆς
1709 3714 1820 3768 τῶν

228 3806 408 3875 ἁγίων
452 3807 764 3861 ἀποστόλων
808 3807 1092 3879 νηστεύειν
1116 3824 1130 3839 °
1164 3807 1264 3861 εἷθ’
1312 3808 1486 3872 οὕτως
1525 3807 1771 3861 ἐπιλύειν
1803 3823 1815 3836 ⁸

230 3894 359 3951 εἶτα
389 3899 485 3952 ἀπ’
515 3901 689 3971 ἀρχῆς
716 3899 1034 3966 Αὐγούστου
1057 3899 1370 3971 νηστεύειν.
1405 3900 1537 3972 ἄχρι
1557 3900 1659 3970 τῆς
1684 3901 1816 3953 Κοιο

233 3992 462 4060 μήσεως
507 3992 607 4061 τῆς
626 3991 918 4057 Θεοτόκου,
949 3994 1047 4047 καὶ
1073 3993 1240 4047 πάλιν
1272 3990 1536 4055 διαλύειν,
1566 3992 1662 4045 καὶ
1694 3992 1818 4046 τότε

229 4082 463 4151 ἔχοντας
510 4084 913 4156 παρακέλευσιν
969 4086 1035 4141 ὲκ
1074 4085 1184 4140 τῶν
1216 4084 1593 4140 ἁποστολικῶν
1620 4085 1818 4139 Διατά-

231 4174 396 4242 ξεων.

302 4433 325 4463 ⁷
362 4430 490 4486 Lib.
531 4447 586 4499 v,
611 4446 731 4503 cap.
765 4432 869 4488 ult.

1920 3269 2110 3323 parae;
2147 3269 2340 3310 verum
2370 3270 2401 3309 a
2436 3254 2647 3310 sanctis
2692 3254 2955 3310 Patribus
2993 3270 3092 3325 per
3143 3252 3508 3311 meonomiam

1923 3355 1980 3400 et
2003 3346 2478 3415 dispensationem
2500 3347 2833 3401 intercisum
2856 3355 2941 3402 est
2974 3388 2989 3413 ,
3026 3348 3229 3418 partim
3253 3346 3383 3417 quia
3418 3345 3473 3400 in
3495 3375 3508 3385 -

1924 3438 2187 3494 currebat
2233 3439 2289 3493 in
2338 3440 2553 3510 jejunia
2591 3440 2847 3505 ethnica,
2917 3454 3014 3495 seu
3082 3438 3508 3514 Armeniorum,

1919 3530 2826 3598 Jacobitarum,Nestorianorum,
2847 3530 3138 3601 adhucque
3173 3546 3317 3600 saepe
3340 3530 3519 3585 etiam

1921 3622 2324 3679 Ismaelitarum
2350 3641 2365 3689 ;
2396 3624 2620 3694 partim,
2648 3640 2777 3679 mea
2795 3624 3023 3695 quidem
3051 3624 3348 3689 sententia,
3385 3640 3511 3695 pro-

1931 3726 2056 3787 pter
2103 3717 2392 3771 hominum
2436 3718 2830 3789 negligentiam
2881 3718 3168 3788 animique
3220 3718 3511 3773 relaxatio-

1927 3824 2076 3864 nem.
2122 3808 2408 3864 Sancitum
2461 3817 2649 3865 autem
2678 3808 2807 3875 fuit,
2836 3825 3013 3879 usque
3043 3809 3111 3864 ad
3147 3809 3347 3864 festum
3382 3824 3510 3864 san-

1924 3909 2149 3956 olorum
2165 3903 2541 3972 apostolorum
2558 3904 2810 3974 jejunare
2832 3920 2847 3967 ;
2871 3904 3062 3973 sicque
3082 3913 3271 3973 postea
3295 3902 3508 3958 solvere

1920 3991 2192 4061 jejunium
2223 4009 2238 4057 ;
2274 3991 2402 4045 dein
2447 3991 2516 4047 ab
2566 3991 2724 4046 initio
2757 3990 2990 4063 Augusti
3024 3994 3274 4064 jejunare
3334 4007 3512 4062 usque

1925 4085 1993 4139 ad
2025 4083 2249 4139 Obilum
2284 4084 2563 4154 Deiparae;
2599 4084 2916 4153 iterumque
2944 4085 3161 4140 solvere
3191 4086 3461 4156 jejunium
3491 4127 3506 4150 ,

1925 4179 2093 4234 etiam
2149 4186 2281 4234 tunc
2326 4179 2481 4249 juxta
2548 4177 2987 4235 admonitionem
3030 4177 3511 4235 Constitutionum

1927 4273 2379 4344 apostolicarum.

1537 4548 1766 4606 VAIWE
1799 4548 2091 4608 LECTION
2101 4550 2200 4607 ES.

310 4678 346 4712 ι
367 4687 497 4743 συμ.
