4052 6590
523 368 661 433 1399
1652 364 1714 424 S.
1754 358 2158 424 ANASTASII
2200 352 2677 419 ANTIOCHENI’.
3649 341 3772 406 1100

533 561 3767 611 Wa:

1668 733 2666 869 ΑΝΑΣΤΑΣΙΟΥ,

1088 953 1539 1009 ΠΑΤΡῙΑΡΧΟΥ
1581 947 2055 1009 ΘΕΟΥΠΟΛΕΩΣ,
2095 946 2218 1000 ΚΑΙ
2259 941 2642 1007 ΚΥΡΙΛΛΟΥ,
2678 938 3230 1009 ΔΛΕΞΔΝΔΡΕΙΛΣ,

778 1120 1257 1214 ΕΚΘΕΣΙΣ
1321 1118 1922 1206 ΣΥΝΤΟΜΟΣ
1995 1113 2213 1203 ΤΗΣ
2279 1102 2971 1200 ΟΡΘΟΔΟΞΟΥ
3032 1108 3519 1199 ΠΙΣΤΕΩΣ
3572 1097 3635 1193 ⁸.

1725 1458 2578 1589 ANASTASII

1061 1704 1569 1768 PATRIARCHE
1606 1702 2196 1776 THEOPOLITANI,
2237 1701 2337 1762 ET
2376 1698 2682 1761 CYRILLI
2720 1697 3246 1758 ALEXANDRINI

635 1874 1549 1970 COMPENDIARIA
1621 1869 2424 1965 ORTHODOXZE
2499 1871 2829 1959 FIDEI
2912 1866 3704 1961 EXPLICATIO.

1660 2060 1932 2133 (Biblioth.
1967 2059 2196 2115 Patrum
2227 2068 2268 2114 t.
2306 2058 2401 2123 XI,
2430 2074 2485 2130 ρ.
2514 2058 2676 2129 404.)
2771 2030 2774 2033 λ

598 2381 919 2441 Catechista.
952 2380 1101 2438 Heus
1129 2391 1211 2447 tu,
1233 2381 1390 2452 cuius
1422 2394 1483 2435 es
1504 2378 1830 2449 religionis?
2128 2377 2176 2434 Α

2128 2377 2176 2434 Α
2272 2377 2672 2446 Κατηχιστής.
2709 2377 2876 2441 Ποίας
2911 2373 3209 2447 θρησκείας
3254 2366 3335 2441 εἶ,
3369 2371 3668 2444 ἇνθρωπες

607 2477 1046 2534 ϐαιεεΙηυηεηιιε.
1080 2472 1433 2529 Christianus
1465 2486 1610 2527 sum.

2290 2471 2777 2541 Κατηχούμενος.
2810 2468 3138 2541 Χριστιανός
3174 2469 3311 2539 εἰμι.

609 2571 790 2628 Catec.
819 2570 957 2637 Quis
979 2577 1066 2625 est
1092 2584 1228 2623 vero
1261 2563 1649 2623 Christianus?

1438 2563 1649 2619 lianus?
2290 2564 2401 2618 Kal
2431 2565 2485 2618 τί
2518 2566 2636 2618 ἐστι
2674 2564 3038 2636 Χριστιανός;

613 2664 830 2722 Catech.
862 2662 968 2730 Qui
999 2678 1068 2717 ex
1100 2661 1198 2717 Dei
1244 2660 1533 2715 voluntate
1576 2656 1717 2711 vivit
1748 2655 1932 2726 etpie,
1954 2661 2011 2709 et
2039 2660 2115 2706 ita

2300 2657 2358 2709 Ὀ
2390 2656 2535 2711 κατὰ
2563 2657 2699 2712 Θεὸν
2741 2656 2870 2722 ζῶν,
2908 2658 3000 2711 καὶ
3042 2656 3288 2722 εὐσεϐῶς
3330 2656 3428 2711 καὶ
3466 2652 3781 2726 θεαρὲσκως,

548 2766 615 2814 ut
653 2758 767 2812 Deo
789 2756 1014 2826 placere
1034 2753 1253 2809 studeat
1293 2771 1305 2806 :
1331 2752 1471 2807 bene
1489 2749 1733 2820 denique
1758 2763 1818 2803 se
1844 2746 2009 2818 gerit.

1453 2749 1733 2820 adenique
1758 2763 1818 2803 se
1844 2746 2009 2818 gerit.
2220 2748 2313 2802 καὶ
2334 2749 2588 2821 χρηστῶς
2616 2750 3053 2821 πολιτευόμενος.

625 2845 805 2903 Calec.
832 2843 991 2912 Quod
1015 2843 1085 2900 ad
1115 2842 1291 2899 Deum
1321 2840 1553 2906 attinet,
1580 2846 1717 2910 quot
1738 2845 1968 2893 naturas
1985 2847 2117 2905 pro—

2074 2850 2117 2888 ι-
2302 2840 2428 2895 Ἐπὶ
2456 2841 2555 2912 τῆς
2581 2841 2861 2911 θεολογίας
2903 2842 3077 2907 πόσας
3121 2842 3315 2914 φύσεις
3352 2842 3674 2913 ὁμολογεῖςς

538 2938 756 2996 ﬁteris?

607 3029 821 3087 Catech.
841 3028 1098 3086 Unicam.

859 3028 1098 3086 Unicam.
2288 3021 2459 3075 Μίαν.

612 3121 794 3178 Catec.
825 3120 1129 3188 Quamnam
1145 3118 1172 3171 ?
1980 3132 1983 3139 λ

1145 3118 1172 3171 ?
1980 3132 1983 3139 λ
2292 3112 2460 3167 Πθξαν
2487 3111 2698 3183 ταύτην
2720 3110 2736 3178 ;’

610 3214 825 3271 Calech.
867 3212 1163 3268 Deitatem.

955 3212 1163 3267 itatem.
2292 3200 2555 3276 Θεότητα.

609 3302 791 3363 Catec.
843 3300 988 3368 Quid
1014 3307 1101 3355 est
1130 3297 1314 3354 Deus?

1130 3297 1314 3354 Deus?
2293 3298 2359 3351 Τί
2396 3300 2511 3353 ἐστι
2546 3300 2716 3365 Θεός;

614 3394 837 3450 Catech.
872 3390 1125 3446 Essentia
1157 3389 1318 3459 cujus
1357 3386 1546 3440 nullus
1574 3394 1660 3440 est
1690 3392 1903 3449 auctor,
1954 3397 2119 3437 causa

2296 3390 2469 3446 Οὐσία
2497 3391 2761 3457 ἀναίτιος,
2798 3393 2953 3447 αἰτία
3003 3390 3223 3445 πάντων
3262 3389 3372 3443 τῶν
3404 3389 3603 3453 ὄντων,
3640 3388 3793 3459 ἦγουν

542 3485 904 3557 omnipotens
944 3500 957 3536 :
991 3482 1081 3536 cui
1104 3495 1336 3552 prorsus
1365 3478 1502 3535 nihil
1539 3478 1684 3534 desit
1710 3496 1722 3531 :
1747 3476 1931 3531 omnis
1964 3475 2124 3530 deni-

2228 3484 2740 3557 παντοδυνάμενος,
2783 3485 3090 3554 παναλκὴς,
3124 3484 3306 3555 πάσης
3339 3482 3527 3547 αἰτίας
3573 3480 3663 3534 καὶ
3706 3478 3790 3549 φῦ·

542 3593 653 3648 que
682 3591 863 3632 causae
895 3584 953 3629 et
980 3583 1194 3629 natura:
1218 3571 1700 3643 superessentialis
1728 3585 1906 3627 causa.

1325 3571 1700 3630 eressentialis
1728 3585 1906 3627 causa.
2231 3594 2369 3641 σεως
2401 3577 2727 3649 ὑπερούσιος
2751 3578 2925 3633 αίτία.

622 3667 803 3726 Catec.
834 3666 1124 3734 Quomodo
1150 3664 1370 3721 credis?
2160 3716 2200 3738 π

1320 3666 1370 3719 5?
2160 3716 2200 3738 τ,
2302 3668 2415 3723 Καὶ
2448 3669 2565 3735 πῶς
2599 3671 2920 3738 πιστεύεις;

614 3716 1300 3817 δατεώμὶτεάοὶθιιῐιυηι
1327 3758 1500 3813 Deum
1521 3757 1764 3820 Patrem,
1793 3763 1851 3810 et
1876 3753 1930 3809 in
1949 3769 2122 3809 unum
2159 3716 2201 3771 Β
2992 3762 3235 3833 Πατέρα,
3283 3764 3381 3817 καὶ
3433 3764 3520 3828 εἰς
3549 3762 3646 3815 ἕνα
3684 3756 3794 3811 Tit»

547 3854 776 3918 Filium,
811 3868 878 3908 ac
906 3853 1104 3917 Deum,
1132 3867 1203 3906 ex
1236 3852 1350 3907 Deo
1369 3866 1437 3906 ac
1466 3851 1628 3905 Patre
1647 3850 1897 3921 genitum
1939 3856 2031 3903 :et
2066 3847 2123 3902 in

2233 3854 2327 3908 καὶ
2360 3853 2516 3916 Θεὸν,
2558 3854 2650 3907 τὸν
2680 3855 2744 3907 ὲκ
2774 3852 2871 3906 τοῦ
2902 3848 3040 3907 Θεοῦ
3074 3853 3169 3906 καὶ⁵
3196 3854 3416 3924 Πατρός
3444 3848 3790 3921 γεννηθέντα·

548 3960 723 4000 unum
757 3944 1026 4015 Spiritum
1059 3950 1337 4009 sanctum,
1370 3943 1543 3998 Deum
1596 3956 1664 3997 ex
1714 3943 1879 3997 Patre
1923 3955 2126 4011 proce-

2234 3946 2327 3999 καὶ
2349 3948 2429 4009 είς
2465 3945 2521 3998 ἓν
2549 3944 2776 4016 Πνεῦμα
2806 3945 2982 4013 ἅγιον,
3018 3946 3171 4015 παρὰ
3200 3944 3414 4016 Πατρὶς
3446 3939 3793 4013 ἐκπορευόμε-

549 4039 797 4093 dentem.

2234 4055 2323 4091 νον
2352 4038 2504 4091 Θεόν.

626 4132 803 4189 Catec.
840 4130 958 4198 Qua
982 4146 1041 4187 re
1071 4130 1261 4185 diﬂ'ert
1284 4129 1457 4185 Filius
1482 4144 1513 4183 a
1542 4129 1742 4184 Patre?

2307 4129 2465 4183 Κατὰ
2491 4127 2544 4181 τί
2575 4126 2828 4198 διαφέρει
2860 4128 2887 4181 ὁ
2925 4126 3056 4192 Υἱὸς
3083 4127 3177 4181 τοῦ
3216 4126 3469 4197 Πατρὸςς

621 4224 839 4283 Catech.
870 4224 1183 4297 llypostasi,
1215 4232 1491 4293 quatenus
1519 4223 1685 4277 Pater
1712 4230 1800 4277 est
1825 4220 2124 4293 ingenitus,

2308 4220 2467 4274 Κατὰ
2496 4223 2595 4289 τὴν
2630 4219 2930 4272 ὑπόστασιν
2957 4236 2970 4249 ⁸
3007 4220 3150 4273 καθὸ
3181 4222 3329 4272 ἐστιν
3357 4221 3386 4273 ὁ
3430 4216 3619 4288 Πατὴρ
3651 4212 3788 4282 ἀγέν-

553 4316 728 4373 Filius
764 4322 950 4371 autem
982 4313 1224 4384 genitus.
1256 4313 1355 4368 Est
1383 4314 1533 4368 enim
1557 4327 1623 4367 ex
1647 4313 1832 4366 Patre.

2238 4332 2424 4386 νητος,
2457 4316 2484 4367 ὁ
2504 4314 2561 4367 δὲ
2592 4314 2719 4377 Υἱὸς
2754 4315 3037 4384 γεννητός’
3077 4316 3141 4367 ὲκ
3169 4313 3264 4367 τοῦ
3296 4312 3516 4383 Πατρδς
3546 4310 3670 4381 γάρ.

623 4408 802 4466 Catec.
832 4407 1074 4478 Spiritus
1095 4411 1326 4461 sanctus
1347 4420 1482 4461 vero
1503 4420 1746 4474 quonam
1761 4404 1949 4460 diﬂ‘ert
1975 4420 2005 4459 a
2027 4404 2131 4460 Pa-

2310 4405 2466 4460 Κατὰ
2505 4405 2559 4458 τί
2589 4404 2841 4477 διαφέρει
2873 4406 2937 4461 τὸ
2966 4407 3198 4479 Πνεῦμα
3227 4407 3287 4460 τὸ
3302 4406 3465 4475 ἇγιον
3485 4404 3582 4459 τοῦ
3609 4399 3790 4472 Πατρδς

554 4509 638 4556 tre
660 4508 718 4554 et
742 4498 919 4555 Filio?

2240 4498 2335 4553 καὶ
2370 4497 2465 4551 τοῦ
2495 4497 2627 4551 Υἰοῦ
2649 4516 2663 4565 ;

624 4589 837 4648 Catech.
870 4589 1188 4662 Hypostasi,
1215 4598 1497 4659 quatenus
1515 4587 1791 4658 procedit.

2321 4590 2479 4645 Κατὰ
2505 4591 2605 4662 τὴν
2638 4592 2961 4659 ὑπόστασιν,
2988 4590 3126 4645 καθό
3153 4592 3300 4645 ἐστιν
3330 4588 3676 4663 ὲκπορευτόν.

628 4685 809 4741 Catec.
868 4684 1012 4755 Ergo
1066 4688 1478 4752 consequenter
1538 4680 1596 4735 in
1660 4688 1780 4736 tres
1821 4680 1957 4737 deos
2015 4696 2137 4737 cre-

1902 4696 1957 4737 os
2015 4696 2137 4737 cre-
2312 4683 2423 4737 Καὶ
2466 4682 2651 4738 λοιπὸν
2684 4685 2762 4748 είς
2795 4686 2945 4757 τρεῖς
2991 4683 3146 4748 θεοὺς
3186 4683 3502 4750 πιστεύεις;

558 4775 646 4831 dis
665 4774 691 4815 ν

629 4867 840 4924 Catecli.
881 4865 1065 4921 Absit.

2314 4867 2408 4937 Μὴ
2438 4866 2665 4935 γένοιτο.

633 4960 814 5016 Catec.
844 4960 914 5015 At
934 4969 1086 5014 certe
1113 4958 1171 5014 in
1203 4967 1318 5014 tres
1346 4958 1613 5013 naturas?

1346 4958 1613 5013 naturas?
2330 4959 2493 5013 Ἀλλὰ
2521 4961 2672 5030 τρεῖς
2706 4959 2941 5029 φύσειςς

630 5052 841 5110 Catech.
875 5051 1121 5107 Minime.
2169 5073 2213 5134 ς

879 5051 1121 5107 Minime.
2169 5073 2213 5134 ε
2321 5054 2479 5123 Οὐχί.

636 5144 816 5202 Catec.
848 5142 1020 5213 Atqui
1064 5152 1180 5199 tres
1234 5142 1372 5200 deos
1418 5143 1747 5200 recensuisti
1794 5160 1811 5199 :
1862 5142 2141 5214 quomodo

2320 5148 2431 5200 Kal
2466 5146 2571 5218 μὴν
2602 5148 2750 5220 τρεῖς
2772 5145 2930 5210 θεοὺς
2958 5144 3303 5217 ἠρίθμησας*
3337 5144 3431 5199 καὶ
3470 5141 3586 5206 πῶς
3620 5138 3790 5208 λέγεις,

564 5240 734 5314 igitur
762 5236 969 5307 inquis,
1005 5236 1210 5292 Absit?

1035 5236 1210 5292 lbsit?
2249 5236 2341 5307 Μὴ
2373 5239 2584 5305 γένοιτο
2616 5255 2635 5305 ;

629 5330 849 5390 Catech.
877 5330 1046 5400 Atqui
1069 5330 1235 5384 etiam
1269 5330 1317 5385 si
1338 5339 1454 5386 tres
1484 5329 1762 5394 recensui,
1797 5330 1902 5383 tria
1959 5338 2145 5383 tamen

2335 5329 2497 5383 Ἀλλὰ
2547 5332 2593 5383 εἰ
2632 5330 2727 5383 καὶ
2757 5331 2906 5399 τρεῖς
2943 5328 3254 5400 ἠρίθμησα,
3290 5327 3427 5383 ἀλλὰ
3465 5326 3535 5381 τὰ
3572 5323 3688 5395 τρία
3720 5316 3790 5371 διὰ

564 5422 693 5478 dico
728 5430 962 5492 propter
994 5419 1267 5492 triplicem
1316 5421 1699 5475 coessentialis
1743 5429 1800 5475 et
1844 5419 2146 5475 individua:

2250 5421 2315 5475 τὸ
2342 5422 2775 5490 τρισυπόστατον
2805 5424 2905 5492 τῆς
2931 5421 3220 5491 ὁμοουσίου
3251 5420 3484 5491 Τριάδος
3526 5418 3615 5470 καὶ
3641 5413 3787 5469 ἀδιαι-

568 5514 861 5570 Trinilatis
901 5510 1340 5567 subsistentiam.
1383 5511 1519 5565 Nam
1559 5522 1615 5567 et
1669 5514 1834 5567 Pater
1882 5522 1968 5568 est
2000 5528 2149 5567 unus

2256 5515 2414 5585 ρέτου
2476 5513 2642 5582 λέγω.
2684 5514 2993 5581 Ὲπείτοιγε
3031 5508 3112 5577 εἷς
3138 5512 3271 5577 Θεὸς
3306 5515 3335 5568 ὁ
3367 5512 3573 5583 Πατὴρ,
3604 5507 3689 5563 καὶ
3723 5496 3787 5564 εἷς

566 5606 738 5665 Deus.
760 5610 824 5663 ,et
864 5601 1040 5657 Filius
1061 5609 1148 5655 est
1174 5616 1319 5656 unus
1350 5602 1517 5667 Deus,
1541 5612 1598 5657 et
1630 5602 1873 5673 Spiritus
1921 5612 2148 5658 sanctus

2254 5604 2386 5669 Θεὸς
2414 5607 2442 5658 ὁ
2481 5604 2628 5670 Υἱὸς,
2666 5605 2760 5659 καὶ
2789 5598 2871 5669 εἷς
2907 5603 3039 5669 Θεὸς
3060 5604 3120 5658 τὸ
3155 5602 3312 5674 ἅγιον
3340 5601 3579 5673 Πνεῦμα·
3608 5599 3689 5651 καὶ
3710 5591 3786 5663 μία

644 5760 661 5777 ⁶
694 5758 933 5831 Tertum
959 5755 1707 5831 Graecum_deprompsimus
1748 5774 1814 5813 ex
1856 5774 2024 5831 opere
2052 5826 2065 5831 ,ν
2087 5759 2174 5814 cui
2212 5759 2405 5814 titulus
2438 5777 2450 5811 :
2484 5757 2583 5831 SS.
2641 5759 2942 5825 Athanasii,
2974 5757 3203 5831 Basilii.
3236 5758 3529 5824 Anastasii,
3565 5749 3783 5829 Cyrillt'“

570 5826 840 5886 Phabadii
865 5826 1153 5885 Onuscula.
1207 5826 1517 5884 Excudebat
1555 5828 1807 5885 Henricus
1858 5826 2154 5895 Sim/ianus
2193 5847 2334 5884 anno
2362 5831 2518 5893 1570.
2541 5830 2780 5891 ϐεηευω,
2809 5840 2934 5894 etc.,
2958 5846 3080 5892 uaq.
3106 5830 3234 5885 423.
