4052 6536
350 334 481 403 1401

350 453 543 528 θεότης
570 458 629 511 ἐν
654 461 835 529 τρισὶν
869 462 1235 522 ὑποστάσεσιν
1260 470 1531 543 ὁρίζεται,

352 548 466 613 σία,
501 552 597 605 καὶ
625 552 895 624 βασιλεία,
926 559 1020 612 καὶ
1038 559 1300 633 δύναμις,
1335 567 1432 620 καὶ
1463 568 1645 638 φύσις.

418 734 532 788 Καὶ
576 736 629 789 τί
663 739 815 793 ἐστιν
844 741 1004 799 οὐσία
1030 761 1045 810 ;

417 829 659 923 Πρᾶγμα
703 833 1117 908 αὐθύπαρκτον,
1152 842 1228 913 μὴ
1266 843 1524 916 δεόμενον
1563 848 1755 921 ἐτέρου
1794 851 1933 923 πρὸς

345 918 445 990 τὴν
470 921 664 976 ἑαυτοῦ
693 924 976 985 σύστασιν.

418 1012 485 1065 Τί
515 1015 631 1068 ἐστι
662 1018 825 1085 φύσις
848 1038 864 1087 ;

418 1105 493 1158 Τὸ
510 1106 802 1167 καθολικὴν
822 1118 1058 1188 πρᾶγμα
1091 1120 1185 1174 καὶ
1214 1138 1282 1175 πε
1291 1140 1568 1195 ριεκτικον
1592 1127 1702 1181 τῶν
1721 1128 1814 1182 ὑπ’
1833 1130 1932 1184 αὐο

344 1199 446 1270 τὴν
470 1200 845 1264 ὐποστάσεων.
886 1211 956 1263 Ἦ
985 1211 1180 1279 οὕτως’
1221 1216 1458 1291 Ἀληθὴς
1487 1219 1722 1292 ὖπαρξις
1748 1239 1933 1294 πραγο

312 1296 537 1369 πμάτων
561 1316 576 1328 ο
607 1299 684 1364 ὡς
727 1297 872 1358 εἶναι
901 1305 1113 1375 οὐσίαν,
1151 1310 1342 1379 φύσιν,
1378 1315 1618 1388 μορφὴν,
1648 1314 1706 1369 ἓν
1732 1318 1829 1370 καὶ
1857 1316 1930 1371 τὸ

344 1388 482 1443 αὐτὸ
515 1394 770 1465 πρᾶγμα.

417 1482 603 1547 Πόσσις
636 1486 967 1553 ὑποστάσεις
1026 1492 1121 1544 ἐπὶ
1148 1495 1249 1565 τῆς
1300 1493 1569 1564 Θεότητος
1604 1496 1927 1567 ὁμολογεῖς;

417 1575 601 1644 Τρεῖς,
628 1577 869 1652 Πατέρα,
894 1580 1047 1649 Υίὸν,
1077 1584 1171 1637 καὶ
1196 1584 1352 1654 ἅγιον
1390 1588 1636 1659 Πνεῦμα.

416 1758 483 1812 Τί
522 1761 674 1815 ἐστιν
718 1762 1060 1833 ὕπόστασιςς

213 1856 262 1937 ᾗ
284 1816 343 1935 ad
364 1860 376 1873 ‘
414 1853 587 1907 Οὐσία
617 1856 760 1925 μετά
780 1816 1312 1932 ῠίθινωμάτων,
1345 1862 1567 1935 ἀριθμῷ
1608 1863 1718 1918 τῶν
1741 1864 1925 1936 ὁμοει-
1957 1844 2001 1905 Β

328 1920 448 1997 ίδῶν
504 1947 859 2018 διαφέρουσα.
922 1952 1185 2009 Τουτέστι
1257 1956 1556 2031 πρόσωπον
1614 1957 1922 2030 ὁμοούσιον.

342 2037 620 2110 Πρόσωπα
649 2041 706 2096 δὲ
734 2042 968 2116 λέγομεν
1000 2046 1096 2101 ἐπὶ
1141 2047 1278 2103 Θεοῦ
1319 2051 1592 2121 ἀσώματα
1622 2053 1719 2105 καὶ
1749 2053 1925 2126 ἀσχη-

344 2131 612 2201 μάτιστα.

413 2322 481 2375 Τί
511 2323 645 2378 ίδιον
672 2323 913 2398 ἑκάστης
956 2326 1066 2383 τῶν
1109 2328 1283 2402 τριῶν
1325 2330 1709 2399 ὗποστάσεων,
1738 2334 1838 2388 καὶ
1870 2334 1926 2390 τί

344 2412 524 2466 κοινόν
545 2430 562 2481 ;

439 2503 578 2558 ἴδιον
613 2505 1064 2583 μὲννῌατρδςίτὸ
1096 2510 1418 2582 ἀγέννητον,
1447 2512 1580 2575 Υἱοΰ
1615 2514 1671 2569 δὲ
1704 2516 1765 2570 τὸ
1799 2533 1926 2589 γεν-

334 2611 524 2683 nit”!
556 2598 877 2677 Πνεῦματος
918 2602 975 2656 δὲ
1002 2602 1111 2683 τοῦν
1131 2605 1291 2674 ἁγίου
1319 2605 1382 2660 τὸ
1412 2608 1766 2678 ὲκπορευτόν·
1803 2626 1923 2664 κοι-

457 2682 515 2745 δὲ
609 2692 803 2769 θερτης
832 2696 927 2774 καὶ
953 2697 985 2768 ἡ
1022 2682 1299 2773 βασιλεία.

405 2872 589 2938 Πόσας
617 2873 810 2944 φύσεις
834 2874 1124 2947 ὁμολογεῖς
1162 2877 1258 2931 ἐπὶ
1284 2877 1384 2949 τῆς
1416 2878 1741 2951 οἰκονομίας
1770 2897 1785 2946 ς
1835 2846 1839 2850 ἢ

401 3050 526 3105 Δύο⁹
556 3050 787 3124 θεότητα
822 3054 917 3107 καὶ
945 3055 1368 3128 ἅνθρωπότηταο
1403 3060 1480 3124 ὡς
1523 3056 1667 3116 εἶναι
1691 3063 1784 3118 τὸν
1813 3065 1917 3119 αὐ-

329 3145 423 3199 τὸν
450 3145 598 3211 Υίὸν,
623 3146 757 3200 Θεὸν
788 3147 1019 3214 τέλειον,
1054 3151 1151 3204 καὶ
1175 3151 1388 3207 τέλειον
1418 3155 1732 3228 ἄνθρωπον.

399 3237 581 3301 Πόσας
621 3241 861 3308 φυσικὰς
892 3240 1144 3315 θελήσεις
1191 3247 1289 3300 καὶ
1342 3248 1625 3319 ἐνεργείας
1655 3250 1750 3305 ἐπὶ
1777 3252 1913 3323 Χρι-

327 3328 459 3382 στοῦ
496 3330 815 3402 ὁμολογεῖςς

401 3421 527 3475 Δύο·
557 3423 689 3495 μίαν
723 3424 935 3498 θεῖκὴν,
966 3430 1064 3483 καὶ
1091 3430 1222 3502 μίαν
1252 3432 1629 3506 ἀνθρωπίνην.

399 3606 467 3659 Τί
492 3608 610 3661 ἐστι
649 3608 864 3681 θέλημα
888 3611 1107 3683 θεῖκόν;

395 3698 469 3753 Τὸ
492 3699 781 3772 καθαίρειν
805 3704 935 3768 τοὺς
960 3704 1227 3777 λεπρούςο
1250 3708 1325 3774 ὡς
1341 3710 1422 3777 τὸ,
1458 3730 1478 3765 ι
1506 3713 1681 3776 Θέλω.
1705 3714 1915 3784 καθάρ-

326 3790 482 3861 θητι·
516 3814 536 3845 ι
568 3796 666 3849 καὶ
694 3795 766 3849 τὰ
787 3797 1000 3863 τούτοις
1031 3800 1215 3870 ὅμοια,
1264 3803 1466 3873 καὶτὸ,
1498 3824 1517 3857 ι
1540 3807 1785 3877 "Imus,
1820 3810 1916 3864 nati.

324 3884 402 3948 ὡς
428 3885 776 3953 ἐπίστευσας,
802 3889 1092 3963 γενηθήτω
1119 3911 1224 3948 σοι.
1252 3912 1271 3947 ι
1574 3873 1609 3885 ἡ

396 3977 493 4041 Τίς
524 3980 674 4032 ἐστιν
707 3980 968 4052 ἐνέργεια
999 3983 1193 4055 θεῖκής

394 4066 471 4125 Th
505 4072 747 4143 σωθῆναι
785 4075 996 4140 πάντας
1024 4076 1351 4150 ἀνθρώπους
1377 4081 1473 4135 καὶ
1505 4083 1586 4148 είς
1610 4085 1912 4154 ἐπίγνωσιν

323 4163 587 4233 ἀληθείας
633 4166 831 4221 ἐλθεῖν.
869 4169 961 4233 Ὠς
1004 4170 1086 4230 τὸ.
1128 4191 1146 4223 ι
1173 4172 1231 4227 '0
1269 4176 1462 4249 Πατήρ
1498 4195 1602 4247 μου
1652 4178 1757 4244 ἕως
1783 4180 1912 4252 ἄρτι

322 4253 621 4323 ἐργάζεται
642 4293 658 4318 ,
691 4256 848 4326 κάγὼ
877 4259 1210 4332 ἐργάζομαι.
1240 4282 1258 4315 ι

398 4344 464 4399 Τί
509 4346 631 4400 ἐστι
664 4346 879 4420 θέλημα
913 4351 1302 4422 ἀνθρωπικόνς

394 4434 470 4489 Τὸ
508 4437 746 4508 ζητῆσαι
776 4443 954 4495 πιεῖν
992 4443 1022 4491 ὅ
1052 4445 1146 4498 καὶ
1172 4447 1265 4500 ἐπὶ
1287 4446 1381 4501 τοῦ
1414 4451 1656 4523 σταυροῦ
1686 4455 1904 4526 γέγονε,

1358 361 1813 427 EXPLICATIO
1855 364 2065 432 FIDE!
2105 374 2617 456 ORTHODOX5E.

3482 396 3619 463 1402

1575 478 1669 532 καὶ
1713 478 1810 549 μία
1838 481 1930 534 οὐ·
1960 488 2004 543 A
2032 496 2117 542 est
2148 508 2291 551 unus
2324 500 2491 569 Deus,
2525 516 2583 562 et
2622 509 2788 566 unica
2819 510 2997 567 deitas
3027 510 3084 565 in
3126 510 3307 567 tribus
3364 510 3620 584 hyposta-

2034 586 2194 644 sibus
2220 594 2508 661 statuitur,
2536 608 2593 653 et
2619 602 2780 657 unica
2812 603 3079 669 essentia,
3102 604 3330 659 unicum
3359 619 3616 677 regnum,
3710 676 3718 680 ς

2037 681 2201 737 unica
2235 689 2485 755 potentia
2513 701 2572 747 et
2597 703 2813 750 natura.

2104 772 2280 832 Catec.
2308 779 2452 846 Quid
2485 792 2571 839 est
2601 796 2786 843 autem
2814 788 3059 845 essentia
3077 790 3102 842 ’ί

2105 865 2318 925 Catech.
2346 872 2456 928 Res
2488 891 2611 944 qua:
2632 893 2731 947 per
2757 894 2817 933 se
2848 889 2956 948 est,
2987 896 3167 951 neque
3194 881 3370 937 altero
3404 880 3619 954 indiget

2034 957 2100 1013 ad
2134 959 2239 1016 hoc
2272 969 2333 1016 ut
2370 963 2487 1034 ipsa
2517 968 2808 1024 subsistat.

2103 1049 2280 1107 Catec.
2308 1054 2451 1121 Quid
2475 1067 2560 1113 est
2585 1062 2827 1116 natura?
3576 1122 3581 1125 .

2104 1143 2318 1201 Catech.
2349 1148 2459 1205 Res
2482 1153 2836 1220 universalis,
2866 1163 2924 1211 et
2972 1155 3300 1228 bypostascs
3339 1158 3448 1214 sibi
3476 1158 3605 1215 sub-

2027 1232 2212 1305 jectas
2255 1241 2650 1309 complectens.
2684 1246 2794 1299 Aut
2847 1246 2929 1300 sic
2975 1246 3205 1303 deﬁnito
3245 1267 3257 1302 :
3293 1248 3435 1306 Vera
3466 1251 3616 1307 exsi-

2030 1326 2232 1383 stentia
2264 1345 2473 1398 rerum,
2504 1335 3078 1403 utessentia,natura,
3110 1338 3308 1405 forma,
3359 1341 3471 1396 siut
3503 1357 3614 1397 una

2030 1427 2087 1475 et
2111 1421 2305 1477 eadem
2336 1440 2444 1480 res.

2102 1510 2279 1566 Catec.
2304 1512 2449 1579 Quot
2475 1516 2802 1588 bypostases
2826 1523 3083 1590 agnoscis
3117 1522 3172 1577 in
3204 1521 3453 1578 deitate?

2100 1600 2312 1656 Catech.
2351 1604 2507 1671 Tres,
2534 1608 2777 1675 Patrem,
2816 1611 3040 1679 Filium,
3072 1620 3130 1668 et
3159 1610 3434 1682 Spiritum
3485 1627 3615 1669 san-

2029 1704 2201 1750 ctum.

2098 1787 2277 1844 Catec.
2311 1788 2453 1856 Quid
2473 1801 2559 1847 est
2582 1793 2932 1866 Iiypostasis?

2100 1880 2317 1936 Catech.
2372 1884 2625 1939 Essentia
2660 1902 2787 1941 cum
2838 1889 2956 1943 suis
2993 1888 3322 1959 quibusdam
3357 1887 3611 1959 proprie-

2031 1970 2258 2036 tatibus,
2290 1973 2361 2028 ab
2394 1973 2470 2030 iis
2507 1991 2630 2046 quae
2690 1978 2941 2049 ejusdem
2990 1990 3115 2034 sunt
3141 1979 3347 2050 speciei
3375 1996 3614 2036 numero

2026 2062 2316 2131 diﬂ'erens,
2372 2067 2427 2122 id
2476 2077 2581 2135 est,
2613 2086 2853 2142 persona
2890 2074 3297 2128 coessentialis.
3334 2075 3611 2130 Personas

2020 2166 2212 2210 autem
2230 2156 2284 2213 in
2311 2159 2424 2214 Deo
2452 2160 2697 2218 dicimus
2726 2164 3089 2235 incorporeas
3117 2174 3174 2220 et
3199 2166 3382 2222 omnis
3420 2165 3610 2238 ﬁgurae

2021 2256 2301 2316 expertes.

2094 2339 2273 2397 Caiec.
2320 2342 2593 2411 Quidnam
2636 2357 2726 2404 est
2761 2349 2997 2421 singulis
3052 2350 3176 2407 istis
3208 2351 3391 2408 tribus
3435 2351 3611 2425 hypo-

2021 2434 2264 2489 stasibus
2280 2439 2607 2507 proprium?
2632 2442 2764 2512 quid
2798 2443 2929 2515 item
2959 2442 3291 2499 commune?

2094 2525 2308 2584 Cateclt.
2346 2529 2643 2601 Proprium
2694 2541 2779 2587 est
2819 2532 3021 2597 Patris,
3085 2532 3395 2604 ingenitum
3441 2547 3606 2588 esse:

2021 2618 2151 2674 Filii
2203 2634 2362 2686 vero,
2394 2622 2641 2692 genitum
2673 2636 2795 2677 esse
2825 2639 2840 2677 :
2872 2622 3116 2693 Spiritus
3144 2623 3345 2689 sancti,
3382 2639 3610 2694 proces-

2016 2709 2124 2763 sio.
2152 2708 2481 2767 Communis
2502 2720 2690 2767 autem
2710 2712 2826 2768 illis
2853 2720 2940 2770 est
2970 2714 3175 2783 deitas,
3210 2724 3270 2771 et
3308 2728 3608 2770 commune

2020 2812 2277 2868 regnum.

2091 2887 2269 2945 Cales.
2288 2891 2349 2946 In
2373 2894 2685 2949 oeconomia
2710 2895 2786 2967 (id
2800 2906 2896 2962 eu,
2920 2897 3310 2953 incarnationis
3332 2895 3605 2969 mysterio)

2020 2990 2154 3051 quot
2183 2992 2413 3038 naturas
2446 2985 2767 3054 proﬁteris?

2089 3072 2301 3129 Catech.
2373 3076 2573 3133 Duas:
2620 3079 2887 3135 deitatem
2947 3089 3005 3135 et
3046 3080 3484 3144 humanitatem;
3545 3085 3606 3133 ut

2020 3164 2166 3221 idem
2198 3168 2372 3225 Filius
2403 3169 2479 3226 sit
2509 3172 2791 3241 perfectus
2826 3174 2971 3229 Deus
3020 3184 3075 3229 et
3099 3174 3387 3246 perfectus
3414 3166 3614 3227 homo.

2086 3258 2263 3315 ϐακε.
2292 3260 2441 3328 Quot
2476 3264 2760 3320 naturales
2808 3265 3128 3322 voluntates
3172 3274 3230 3320 et
3269 3264 3520 3320 actiones
3544 3263 3601 3319 iu

2014 3351 2235 3408 Christo
2257 3353 2575 3414 proﬁteris?

2084 3444 2298 3501 Catuli.
2346 3446 2538 3503 Duas:
2572 3464 2739 3503 unam
2789 3448 3071 3517 divinam,
3115 3451 3349 3507 alteram
3401 3451 3603 3505 huma-

2010 3554 2165 3593 nam.

2084 3630 2262 3688 Catec.
2279 3632 2412 3701 Qum
2439 3643 2527 3690 est
2559 3636 2815 3692 voluntas
2838 3635 3026 3691 divina
3050 3637 3073 3690 ?

2084 3725 2296 3779 Catecli.
2328 3727 2572 3797 Purgare
2595 3729 2845 3798 leprosos
2869 3746 2883 3783 :
2910 3734 2991 3793 ut,
3019 3748 3038 3780 ι
3060 3728 3217 3790 Volo,
3248 3736 3548 3797 purgator:
3576 3744 3598 3779 ι

2011 3822 2071 3869 et
2104 3824 2306 3872 caztera
2352 3816 2716 3886 huiusmodi:
2751 3827 2813 3874 ut
2858 3828 2916 3875 et
2963 3819 3124 3885 illud,
3164 3838 3182 3871 ι
3216 3819 3363 3875 Vade
3405 3827 3463 3875 et
3508 3819 3602 3874 liat

2014 3909 2113 3963 tibi
2148 3908 2294 3963 sicut
2320 3908 2632 3964 credidisti.
2663 3927 2683 3960 ι

2082 4000 2263 4054 Catec.
2300 4000 2432 4066 Quae
2451 4009 2537 4055 est
2574 4000 2722 4055 actio
2750 4001 2982 4057 divina?

2082 4090 2298 4147 Catech.
2331 4093 2401 4149 Ut
2423 4103 2714 4148 serventur
2745 4110 2939 4150 omnes
2975 4093 3250 4158 homines,
3281 4101 3337 4148 et
3358 4092 3425 4148 ad
3449 4092 3602 4148 veri-

2010 4185 2143 4240 tatis
2199 4185 2455 4240 notitiam
2499 4187 2855 4256 perveniant,
2886 4196 2947 4243 ut
2976 4187 3117 4243 illud
3143 4204 3157 4241 :
3197 4206 3215 4239 ι
3247 4186 3411 4242 Pater
3442 4201 3603 4247 meus

2010 4293 2188 4348 usque
2225 4293 2373 4333 nunc
2401 4287 2683 4349 operatur,
2710 4288 2767 4335 et
2789 4295 2891 4351 ego
2916 4295 3118 4350 operor
3143 4282 3183 4336 ⁸.
3226 4299 3246 4334 ι

2081 4370 2261 4427 Catec.
2301 4373 2435 4439 Quae
2456 4381 2542 4427 est
2573 4372 2831 4428 voluntas
2861 4373 3139 4428 humana?

2078 4465 2297 4522 Catech.
2324 4466 2526 4522 Potum
2553 4481 2828 4537 quaerere,
2852 4465 3000 4537 quod
3028 4467 3196 4523 etiam
3223 4466 3279 4523 in
3310 4482 3475 4523 cruce
3503 4481 3596 4522 ac-

320 4532 421 4587 καὶ
451 4532 512 4586 τὸ
534 4535 758 4605 αίτῆσαι
788 4540 1007 4608 φαγεῖν
1039 4539 1117 4604 ὡς
1135 4542 1218 4607 τὸ,
1263 4563 1281 4595 ι
1317 4545 1512 4617 Ἔχετέ
1538 4563 1591 4603 τι
1618 4549 1900 4626 βρώσιμον

2028 4558 2265 4615 :iditzet
2312 4558 2503 4615 cibum
2536 4532 2819 4630 eapetere,
2866 4532 2928 4615 ut
2951 4560 3089 4616 illud
3124 4579 3139 4618 :
3178 4579 3198 4612 ι
3245 4559 3475 4617 Habetis
3501 4559 3595 4615 hic

320 4624 511 4679 ἐνθάδε
528 4642 547 4692 ;
582 4645 601 4679 ι

395 4717 492 4780 Τίς
530 4719 682 4774 ἔστιν
719 4721 976 4792 ἐνέργεια
1012 4726 1375 4802 ἀνθρωπίνη;

393 4808 467 4862 Τὸ
502 4810 880 4885 ὁδοιπορῆσαι,
906 4818 968 4871 τὸ
1001 4822 1284 4888 κοπιάσαι,
1322 4826 1414 4879 καὶ
1443 4827 1513 4882 τὰ
1547 4829 1794 4887 τοιαῦτα.

394 4900 577 4966 Πόσας
622 4904 956 4975 ὑποστάσεις
996 4911 1092 4965 ἐπὶ
1132 4913 1232 4985 τῆς
1261 4919 1390 4988 περὶ
1415 4918 1512 4973 τοῦ
1550 4921 1679 4976 Υίοῦ
1711 4924 1908 4995 ὁμολο-

315 4993 446 5062 γίας
476 4996 766 5067 ὁμολογεῖς
805 5017 821 5068 ;
1749 4993 1756 4995 ⁷
1796 5002 1798 5005 ’

389 5086 537 5142 Μίαν
560 5106 576 5121 ·
604 5091 682 5154 ὡς
705 5088 847 5149 εἶναι
873 5096 965 5151 τὸν
1007 5099 1173 5154 αὐτὸν
1202 5102 1297 5157 ἕνα
1322 5104 1453 5160 Υίὸν
1485 5107 1620 5162 Θεοῦ
1647 5111 1742 5166 καὶ
1774 5112 1907 5166 Υίὸν

313 5176 420 5247 τῆς
465 5179 768 5251 Παρθένου.

394 5271 554 5326 Κατὰ
583 5274 638 5326 τί
667 5280 968 5333 κοινωνεῖὸ
1005 5280 1131 5347 Υίδς
1172 5283 1251 5356 τῷ
1282 5285 1484 5360 Πατρὶ,
1514 5291 1611 5345 καὶ
1648 5292 1728 5364 τῷ
1757 5294 1903 5368 ἁγίῳ

319 5362 608 5434 Πνεῦματι
644 5382 659 5432 ;

390 5455 659 5547 ῖζοινωνεῖ
702 5462 842 5515 κατὰ
892 5463 992 5535 τὴν
1033 5465 1197 5536 φύσιν
1261 5471 1361 5543 τῆς
1405 5471 1661 5547 θεότητος
1707 5479 1898 5546 αὑτοῦ,

316 5545 457 5601 ιω.θὸ
481 5549 598 5602 ἐστι
628 5551 838 5616 τέλειος
877 5554 1035 5621 Θεός’
1061 5565 1314 5617 κοινωνεῖ
1333 5563 1391 5617 δὲ
1417 5568 1513 5621 καὶ
1535 5545 1652 5634 τοῖς
1684 5571 1783 5625 ἀνθ
1794 5572 1901 5644 ρώ-

319 5657 446 5704 ποις
473 5643 617 5697 κατὰ
642 5644 742 5716 τὴν
776 5646 942 5716 φύσιν
968 5650 1068 5720 τῆς
1092 5653 1520 5729 ἀνθρωπότητος
1544 5661 1735 5731 αὑτοῦ,
1762 5663 1903 5721 καθό

319 5732 438 5786 ἐστι
468 5736 567 5787 καὶ
604 5736 894 5810 ἄνθρωπος
920 5742 1152 5809 τέλειος.

397 5846 414 5878 ⁸
444 5845 603 5905 Joan.
631 5865 685 5916 v,
724 5853 808 5907 ΓΙ.
886 5856 906 5888 ¹
936 5856 1070 5913 Luc.
1107 5874 1255 5924 χχιιι.
1287 5862 1375 5918 ιι.

2008 4652 2220 4723 aliquid
2249 4652 2419 4707 edulii
2441 4653 2504 4707 ’ἲ
2537 4670 2556 4704 ι

2076 4745 2257 4803 Catec.
2292 4745 2425 4814 Quae
2447 4746 2591 4802 actio
2620 4746 2907 4802 humana?

2083 4838 2296 4894 Catech.
2328 4840 2439 4895 lter
2470 4839 2680 4905 facere,
2719 4839 3035 4912 fatigari,et
3061 4839 3286 4896 similia.
3368 4914 3375 4921 _

2081 4928 2259 4984 Catec.
2287 4929 2434 4996 Quot
2466 4930 2795 5002 hypostases
2827 4930 2884 4984 in
2911 4929 3037 4986 ﬁdei
3078 4930 3149 4986 de
3208 4930 3350 4987 Filio
3382 4931 3597 5003 profes-

2010 5019 2168 5076 sione
2198 5020 2519 5091 proﬁteris?

2083 5109 2296 5167 Cateoh.
2333 5111 2565 5169 Unicam
2592 5131 2608 5180 ;
2648 5122 2710 5168 ut
2737 5113 2883 5170 idem
2916 5123 2975 5171 et
3005 5131 3148 5172 unus
3178 5115 3252 5172 sit
3281 5116 3454 5173 Filius
3485 5117 3584 5173 Dei

2007 5210 2067 5259 et
2102 5204 2272 5258 Filius
2296 5204 2561 5275 Virginis.

2082 5297 2262 5354 Catec.
2290 5296 2434 5364 Quid
2465 5313 2761 5354 commune
2788 5298 2959 5354 habet
2980 5299 3157 5356 Filius
3184 5313 3309 5356 cum
3342 5300 3503 5356 Patre
3536 5308 3593 5357 et

2012 5391 2221 5463 Spiritu
2247 5392 2480 5447 saneto?

2082 5481 2296 5539 Catech.
2356 5482 2723 5540 Communem
2784 5483 3121 5541 habetcum
3189 5486 3299 5541 illis
3332 5494 3591 5541 naturam

2010 5592 2125 5633 sua:
2171 5575 2396 5632 deitatis
2442 5586 2717 5646 quatenus
2756 5586 2842 5633 est
2874 5578 3021 5634 Deus
3073 5579 3356 5649 perfecms
3388 5595 3589 5635 :‘com-

2010 5683 2234 5723 munem
2257 5683 2391 5723 vero
2416 5684 2542 5724 cum
2570 5668 2894 5726 hominibus
2912 5670 3080 5726 habet
3109 5680 3363 5727 naturam
3390 5671 3591 5729 huma-

2010 5760 2200 5818 nitatis
2226 5776 2359 5827 sua),
2391 5770 2667 5832 quatenus
2701 5770 2785 5819 est
2810 5763 2979 5820 homo
3000 5763 3304 5835 perfectus.
