4052 6532
595 476 773 531 Catec.
806 474 946 541 Quid
976 484 1063 531 est
1094 476 1282 530 Deus?

594 569 807 625 Cutech.
836 568 893 623 Si
938 568 1023 624 vis
1066 584 1228 623 nosse
1287 569 1422 640 quid
1466 571 1539 627 sit
1574 572 1720 626 Deus
1753 579 1809 626 et
1835 572 2114 642 quomodo

525 665 597 718 sit
643 663 982 725 adorandus,
1013 672 1223 718 attente
1280 665 1553 731 ausculta,
1595 675 1652 721 et
1681 665 1968 720 veritatem
2019 680 2114 720 co-

526 772 751 827 gnosce.
796 756 995 819 Patris,
1046 756 1171 810 Filii
1211 766 1268 812 et
1323 757 1568 828 Spiritus
1610 759 1785 813 sancti
1827 772 1998 811 unum
2030 764 2117 813 est

525 851 845 914 consilium,
889 850 1165 920 sapientia
1218 867 1348 915 una,
1407 853 1652 922 potentia
1702 869 1809 906 una
1875 870 1887 905 :
1935 867 2116 922 neque

527 960 672 998 unus
690 943 913 1012 quidem
944 944 1160 996 exstitit
1192 953 1322 998 ante
1369 945 1591 1005 szccula,
1626 945 1770 999 alter
1820 960 1953 999 vero
1994 953 2116 1013 post

527 1038 748 1100 sucula,
815 1036 913 1091 sed
976 1037 1140 1091 simul
1201 1037 1387 1100 Pater,
1430 1046 1486 1091 et
1538 1037 1733 1099 Filius,
1776 1046 1833 1090 et
1874 1036 2118 1106 Spiritus

527 1138 786 1184 sanctus:
821 1129 992 1184 Filius
1029 1129 1081 1183 in
1117 1131 1298 1191 Patre,
1344 1138 1399 1184 et
1435 1129 1677 1199 Spiritus
1718 1131 1773 1183 in
1825 1130 1983 1195 Filio,
2020 1147 2115 1184 co-

529 1222 702 1277 lui-ret
733 1223 880 1276 enim
912 1222 1280 1285 hmcuatura;
1318 1223 1465 1276 unde
1504 1239 1608 1277 una
1639 1230 1725 1276 est
1792 1232 2012 1283 natura,
2061 1233 2117 1279 et

531 1332 635 1367 una
667 1314 850 1369 Deitas
884 1332 897 1368 :
930 1314 1189 1369 distincta
1244 1315 1468 1384 quidem
1505 1315 1558 1367 in
1620 1324 1730 1368 tres
1772 1314 2112 1385 bypostases,

528 1408 621 1461 sed
661 1407 714 1461 in
748 1407 1012 1461 unitatem
1044 1424 1362 1471 occurrens,
1397 1408 1587 1462 habitu
1609 1409 1863 1463 essentia:
1883 1410 2113 1464 ratione.

527 1498 740 1551 Idcirco
789 1499 956 1552 etiam
988 1514 1112 1553 eum
1172 1499 1388 1553 Patrem
1450 1499 1709 1560 dicimus.
1742 1512 1798 1554 et
1830 1500 2022 1553 Filium
2055 1517 2119 1556 ac

528 1589 795 1657 Spiritum
831 1600 1080 1644 sanctum
1132 1592 1479 1658 proﬁtemur,
1513 1591 1735 1645 unicum
1784 1592 1952 1644 Deum
1984 1592 2121 1645 dici-

529 1697 671 1735 IIIIIS.
709 1682 805 1735 Est
837 1697 967 1734 vero
996 1680 1141 1735 Deus
1182 1698 1476 1737 connnune
1508 1696 1709 1735 nomen
1742 1682 1911 1744 Patri,
1955 1682 2115 1746 Filio,

527 1783 584 1827 et
617 1773 845 1841 Spiritui
881 1785 1074 1829 sancto
1108 1775 1310 1828 :Pater
1350 1790 1502 1838 vero,
1544 1781 1602 1828 et
1634 1773 1825 1835 Filius,
1854 1782 1909 1828 et
1939 1772 2117 1842 Spiri-

1658 364 1719 424 S.
1762 362 2165 425 ANASTASII
2206 366 2679 429 ANTIOCHENI

2141 486 2188 541 Α
2292 480 2358 535 Τί
2392 483 2518 536 ἐστι
2562 484 2731 551 Θεός;

3657 377 3770 444 1404

2291 573 2353 626 Ei
2390 573 2567 638 θέλεις
2591 575 2796 643 γνῶναι
2831 574 2886 627 τί
2906 575 3022 629 ἐστι
3050 576 3184 641 Θεὸς
3209 577 3305 631 καὶ
3334 578 3450 639 πῶς
3473 587 3772 650 προσκυνεῖ-

2217 682 2332 727 ται,
2366 666 2605 719 ἄκουσον
2634 667 2924 737 νουνεχῶς,
2967 669 3061 721 καὶ
3095 669 3266 737 γνῶθι
3308 670 3371 723 τὸ
3404 671 3617 740 ἀληθές.

2294 758 2530 830 Πατρὸς,
2564 758 2716 819 Υίοῦ,
2769 761 2861 813 καὶ
2904 760 3061 827 ἁγίου
3106 760 3426 832 Πνεύματος
3472 763 3629 833 βουλὴ
3673 764 3771 832 μία,

2221 850 2383 917 σοφία
2423 851 2543 921 μία,
2585 852 2682 921 μία
2715 852 2969 922 δύναμις.
3002 854 3113 924 Οὐχ
3151 855 3179 907 6
3209 853 3308 924 μὲν
3357 855 3461 921 πρὸ
3505 856 3723 919 αἰιῖινων,
3752 860 3776 909 6

2218 938 2275 990 δὲ
2311 940 2430 1008 μετ’
2460 939 2689 1004 αἰῶνας,
2739 942 2853 995 ἀλλ’
2888 942 3006 1012 ἅμα
3044 945 3234 1017 Πάτηρ
3260 984 3276 1007 ,
3325 944 3451 1008 Υἱὸς
3512 947 3604 997 καὶ
3640 948 3777 1014 ἆγιον

2219 1030 2464 1101 Πνεῦμα.
2498 1033 2627 1095 Υἱὸς
2662 1036 2719 1087 ὲν
2759 1036 2938 1105 Πατρὶ
2961 1038 3055 1089 καὶ
3107 1036 3331 1107 Πνεῦμα
3370 1037 3429 1089 ὲν
3475 1036 3591 1106 Υἱῷ
3619 1056 3631 1071 ⁸
3664 1056 3774 1092 συν-

2218 1118 2392 1185 ῆπται
2427 1120 2535 1191 γὰρ
2583 1124 2616 1194 ἡ
2666 1122 2851 1192 φύσις.
2876 1126 3043 1179 Ὅθεν
3081 1127 3178 1196 μία
3213 1129 3246 1198 ἡ
3290 1127 3456 1195 φύσις
3490 1129 3583 1182 καὶ
3624 1130 3711 1199 μία
3750 1133 3776 1198 ἠ

2221 1210 2433 1279 θεότης·
2473 1213 2833 1285 διαιρουμένη
2884 1216 2982 1287 μὲν
3016 1218 3096 1279 είς
3141 1217 3268 1286 τρία
3313 1217 3402 1270 διὰ
3433 1219 3534 1281 τὰς
3563 1220 3779 1273 ὑποστά-

2222 1320 2357 1369 σεις,
2394 1306 2475 1367 είς
2525 1306 2732 1373 μονάδα
2775 1307 2832 1359 δὲ
2876 1307 3204 1361 καταντῶσα
3250 1310 3339 1362 διά
3367 1310 3459 1362 τὸν
3486 1310 3587 1376 τῆς
3614 1313 3781 1377 οὐσίας

2218 1395 2397 1462 λόγον.
2429 1399 2527 1451 Διά
2572 1399 2732 1452 τοῦτο
2764 1401 2859 1453 καὶ
2891 1402 3109 1469 Πατέρα
3137 1401 3392 1469 λέγοντες
3425 1404 3521 1455 καὶ
3550 1404 3672 1456 Υἰὸν
3699 1405 3780 1458 καὶ

2221 1490 2446 1559 Πνεῦμα
2480 1491 2634 1559 ἆγιον
2661 1494 3075 1562 ὁμολογοῦντες,
3112 1494 3208 1547 ἕνα
3239 1495 3375 1547 Θεὸν
3404 1495 3655 1566 λέγομεν.

2291 1582 2364 1635 Τὸ
2386 1584 2441 1636 δὲ
2465 1584 2597 1647 Θεὸς
2627 1584 2803 1650 ὄνομα
2833 1586 3014 1638 κοινόν
3045 1588 3160 1638 ἐστι
3187 1585 3282 1639 τοῦ
3313 1588 3552 1658 Πατρὸς,
3588 1587 3781 1641 καὶτοῦ

2220 1672 2353 1726 Υἱοῦ
2385 1675 2483 1727 καὶ
2524 1673 2618 1727 τοῦ
2665 1675 2823 1743 ἁγίου
2876 1675 3218 1747 Πνεύματος,
3250 1678 3324 1731 Τὸ
3362 1679 3419 1731 δὲ
3464 1679 3671 1748 Πατὴρ,
3704 1681 3783 1731 καὶ

2221 1768 2351 1831 Υἱὸς
2397 1769 2492 1822 καὶ
2548 1768 2704 1837 ἅγιον
2756 1769 3005 1838 Πνεῦμα,
3052 1773 3114 1824 οὑ
3167 1772 3324 1825 κοινά
3370 1772 3639 1840 ὀνόματα,
3684 1773 3782 1826 ἀλλ’

530 1876 619 1921 tus
644 1876 886 1929 sanctus,
918 1884 1024 1922 non
1058 1878 1187 1922 sunt
1219 1868 1535 1922 communia
1568 1868 1816 1933 nomina,
1856 1868 1953 1923 sed
1988 1883 2115 1938 pro-

2226 1858 2363 1920 ίδίας
2402 1832 2642 1912 ἑκάστου
2678 1832 3057 1924 ὑποστάσειῦς.
3105 1860 3162 1915 ’0
3187 1862 3298 1933 γάρ
3334 1832 3527 1935 Πατήρ
3558 1863 3617 1915 ού
3650 1862 3785 1931 λέγε-

529 1960 664 2028 priac
693 1960 1037 2029 singulorum
1070 1961 1412 2031 hypostases.
1452 1959 1614 2013 Pater
1644 1959 1792 2013 enim
1818 1974 1928 2013 non
1977 1959 2119 2013 dici-

532 2062 620 2105 tur
650 2053 841 2115 Filius,
877 2068 978 2107 nec
1028 2053 1199 2107 Filius
1245 2052 1454 2106 dicitur
1487 2052 1672 2115 Pater,
1727 2067 1832 2106 nec
1882 2050 2121 2120 Spiritus

529 2153 752 2198 sanctus
780 2153 1007 2198 vocatur
1063 2145 1223 2199 Pater
1251 2154 1345 2197 aut
1371 2142 1541 2197 Filius
1579 2160 1591 2195 :
1626 2151 1684 2197 at
1719 2141 1866 2197 Deus
1900 2157 2120 2212 semper

529 2236 769 2291 Trinitas
811 2238 1137 2307 appellatur.
1201 2237 1387 2306 Itaque
1443 2251 1567 2290 cum
1624 2242 1737 2289 tres
1796 2234 2118 2307 hypostases

504 2332 643 2385 .sive
670 2340 782 2386 tres
809 2346 1073 2402 personas
1097 2331 1355 2393 dicimus,
1383 2345 1493 2383 non
1528 2328 1769 2383 dicimus
1788 2337 1903 2385 tres
1928 2345 2120 2385 essen-

531 2428 635 2479 tias
664 2426 779 2480 sive
836 2437 949 2481 tres
977 2435 1231 2490 naturas,
1259 2426 1376 2480 sive
1414 2433 1526 2480 tres
1566 2421 1702 2476 deos
1742 2440 1755 2476 :
1805 2421 1902 2478 sed
1944 2437 2116 2475 unum

528 2519 724 2583 Deum,
763 2534 926 2572 unam
952 2517 1273 2581 essentiam,
1301 2519 1415 2574 sive
1456 2534 1622 2573 unam
1654 2524 1914 2572 naturam
1947 2511 2116 2583 proﬁ-

529 2621 730 2678 temur,
757 2628 826 2667 ne
859 2611 1247 2683 arianizemus.
1273 2612 1339 2666 Et
1363 2629 1555 2668 rursus
1585 2628 1711 2668 eum
1741 2624 1908 2664 unam
1928 2622 2118 2662 essen-

530 2705 659 2758 tiam
716 2704 833 2759 sive
868 2713 1126 2759 naturam
1176 2703 1435 2769 dicimus,
1487 2720 1599 2759 non
1669 2703 1909 2759 dicimus
1948 2714 2115 2754 unam

528 2796 890 2866 hypostasim,
947 2812 1018 2851 ne
1071 2794 1560 2852 sabellianizemus
1615 2813 1629 2850 :
1685 2794 1783 2850 sed
1841 2802 1955 2848 tres
2010 2791 2114 2862 hy-

527 2898 779 2958 postases
829 2889 945 2943 sive
1004 2898 1114 2943 tres
1166 2904 1433 2958 personas
1474 2889 1528 2943 in
1554 2904 1659 2943 una
1684 2887 1909 2951 deitate,
1949 2900 2114 2939 unam

527 2982 826 3035 essentiam
858 2991 915 3035 et
944 2990 1201 3035 naturam
1233 2982 1534 3038 credimus.
1568 2982 1665 3035 Est
1704 2990 1888 3035 autem
1943 2978 2112 3041 Deus,

526 3075 766 3128 essentia
821 3090 943 3143 quae
1002 3089 1221 3128 omnem
1288 3073 1811 3144 contemplationem
1865 3079 2111 3141 superat,

2220 1968 2311 2003 ται
2343 1951 2494 2016 Υἱὸς,
2546 1952 2644 2004 καὶ
2680 1952 2710 2004 6
2761 1953 2888 2014 Υἱὸς
2937 1955 2999 2007 οὑ
3049 1954 3273 2022 λέγεται
3322 1958 3548 2027 Πατήρ*
3598 1959 3686 2010 καὶ
3735 1959 3785 2011 τὸ

2221 2043 2449 2113 Πνεῦμα
2476 2044 2538 2096 τὸ
2581 2043 2760 2111 ἅγιον,
2804 2044 2930 2099 οὔτε
2963 2047 3175 2118 Πατὴρ,
3212 2047 3335 2101 οὗτε
3369 2049 3503 2111 Υίὸς
3531 2066 3785 2120 προσαγο-

2225 2137 2471 2206 ρεύεται.
2511 2138 2645 2199 Θεὸς
2668 2138 2724 2191 δὲ
2748 2139 2835 2191 ἀεὶ
2873 2142 2906 2210 ή
2944 2141 3115 2211 Τριάς
3152 2142 3509 2212 ὀνομάζεται.
3543 2144 3786 2211 Λέγοντες

2219 2226 2314 2284 οὖν
2344 2232 2495 2299 τρεῖς
2526 2230 2877 2296 ὑποστάσεις,
2909 2232 3026 2302 ἦτοι
3065 2233 3336 2301 πρόσωπα
3364 2234 3519 2305 τρία,
3552 2235 3611 2285 οὑ
3652 2234 3786 2301 λέγι)⁸

2224 2341 2325 2394 μεν
2358 2326 2509 2393 τρεῖς
2532 2325 2743 2387 οὐσίας,
2773 2324 2805 2395 ἢ
2837 2329 2987 2395 τρεῖς
3018 2326 3231 2395 φύσεις,
3256 2326 3288 2397 ἦ
3317 2327 3477 2391 θεοὺς
3500 2330 3670 2398 τρεῖς,
3690 2329 3787 2381 ἀλλ’

2220 2415 2319 2469 ἕνα
2349 2417 2503 2479 θεὸν,
2534 2417 2665 2486 μίαν
2695 2418 2907 2479 οὐσίαν,
2935 2420 3055 2488 ἦτοι
3081 2418 3266 2486 φύσιν,
3298 2418 3694 2487 ὁμολογοῦμεν,
3715 2420 3787 2472 ἵνα

2224 2510 2299 2579 μὴ
2345 2510 2767 2580 ἀρειανίσωμεν.
2807 2512 3077 2580 Λέγοντες
3123 2513 3181 2565 δὲ
3235 2513 3366 2583 μίαν
3419 2514 3631 2579 οὐσίαν,
3684 2516 3785 2584 ἤτοι

2220 2602 2404 2669 φύσιν,
2442 2605 2503 2655 οὑ
2540 2602 2777 2672 λέγομεν
2812 2604 2945 2674 μίαν
2987 2604 3304 2669 ὑπόστασιν,
3340 2606 3431 2659 ἴνα
3481 2607 3557 2677 μὴ
3612 2607 3786 2660 cat651-

2219 2694 2578 2764 λιανίσωμεν.
2631 2695 2795 2749 Ἀλλά
2848 2700 3001 2767 τρεῖς
3057 2698 3430 2762 ὑποστάσεις,
3498 2700 3619 2770 ἦτοι
3674 2700 3783 2769 τρία

2220 2787 2515 2859 πρόσωπα,
2569 2790 2627 2841 ὲν
2685 2791 2786 2861 μιᾷ
2841 2789 3296 2859 Θεότητι,οὑσίαν
3340 2793 3477 2862 μίαν
3508 2794 3601 2846 καὶ
3644 2794 3786 2861 φύσιν

2221 2880 2578 2951 πιστεύομεν.
2616 2882 2752 2945 Θεός
2784 2885 2934 2936 ἐστιν
2978 2882 3294 2955 ἀθεώρητος
3314 2885 3501 2951 οὐσία,
3530 2885 3785 2948 ἀκατάλη-

2219 2989 2354 3036 πτος
2410 2972 2535 3037 νοῦς
2561 3016 2577 3040 ,
2634 2974 2921 3045 ἀμήχανον
2973 2976 3193 3042 κάλλος,
3247 2978 3487 3049 ἀόρατον
3556 2978 3784 3049 μέγεθος,

2218 3065 2582 3136 ἀπερινόητος
2647 3067 2792 3132 δόξα.
2848 3068 2976 3132 Υἱός
3036 3072 3186 3125 ἐστιν
3246 3071 3495 3144 ἄρρητον
3530 3073 3781 3143 γέννημα,

527 3180 688 3218 mens
720 3180 843 3233 qum
875 3165 1273 3234 comprehendi
1300 3164 1519 3234 nequit.
1551 3162 1914 3234 pulchritudo
1953 3161 2114 3232 cujus

2220 3154 2534 3225 ἀμύθευτος
2554 3157 2734 3227 λόγος,
2766 3160 3185 3233 ἀνυπέρϐλητος
3208 3162 3354 3229 νοῦς,
3382 3165 3787 3237 ἀπαράλλακτος

530 3256 673 3309 ratio
700 3266 828 3311 ante
876 3256 1024 3310 nulla
1072 3256 1201 3310 iniri
1240 3264 1443 3325 potest,
1472 3254 1795 3325 magnitudo
1820 3270 1942 3324 quae
1962 3252 2115 3308 cerni

528 3365 637 3402 non
676 3348 869 3419 possit,
897 3349 1071 3417 gloria
1125 3364 1345 3403 omnem
1394 3347 1787 3420 cogitationem
1820 3345 2115 3417 eﬂ'ugiens.

530 3442 703 3496 Filius
733 3450 818 3496 est
854 3441 1155 3497 ineﬂ‘abilis
1213 3442 1420 3512 proles,
1462 3456 1648 3496 sermo
1694 3440 1844 3494 nulla
1899 3439 2116 3493 ratione

528 3534 899 3604 explicabilis,
926 3550 1082 3589 mens
1107 3534 1528 3604 inSuperabilis,
1553 3533 1795 3588 essentia
1821 3530 2114 3595 invariata,

529 3638 727 3682 natura
776 3628 1080 3693 inaccessa,
1134 3629 1425 3683 character
1478 3628 1809 3683 subsistens.
1873 3626 2117 3696 Spiritus

527 3729 613 3776 est
665 3721 1053 3777 intellectualis
1089 3730 1145 3777 et
1193 3722 1447 3792 simplex,
1504 3722 1744 3779 subtilis.
1802 3720 2001 3790 planus
2053 3735 2117 3776 ac

528 3813 858 3883 pellucidus.
889 3813 1072 3868 omnis
1094 3828 1250 3867 noxa:
1272 3822 1326 3867 et
1350 3813 1576 3867 macula:
1599 3827 1817 3881 expers,
1846 3820 1902 3866 et
1928 3811 2115 3867 omnia

529 3902 768 3957 intuens.
804 3903 986 3973 Imago
1014 3904 1195 3957 Patris
1219 3911 1303 3957 est
1327 3903 1429 3969 sol,
1458 3904 1646 3957 radius
1676 3902 1820 3967 Filii,
1857 3902 1995 3957 radii
2020 3918 2116 3957 ca-

527 3995 613 4049 lor
652 4003 737 4049 est
766 3994 1005 4065 Spiritus
1029 3995 1228 4049 sancti.
1263 3995 1454 4065 Itaque
1485 3995 1566 4049 sol
1593 4002 1677 4049 est
1710 3996 1896 4059 Pater,
1927 3994 2118 4048 radius

527 4084 722 4148 Filius,
772 4087 1035 4156 splendor
1073 4087 1278 4157 ignitus
1312 4093 1397 4142 est
1449 4086 1690 4157 Spiritus
1739 4087 1830 4141 ille
1884 4102 2117 4156 prorsus

525 4186 767 4231 sanctus.
792 4177 861 4231 Et
895 4178 975 4232 sol
1000 4178 1225 4248 quidem
1255 4194 1539 4249 nunquam
1567 4181 1769 4235 c-mlum
1815 4178 2066 4234 deseruit
2099 4197 2113 4234 :

527 4270 727 4326 Filium
772 4282 956 4328 autem
992 4284 1051 4327 ut
1100 4272 1305 4337 radios,
1340 4272 1693 4342 splendorem
1749 4273 2010 4328 videlicet
2046 4272 2116 4327 ab

525 4365 647 4435 ipso
699 4366 1092 4437 refulgenlem,
1153 4366 1339 4421 emisit
1393 4367 1447 4420 in
1483 4376 1685 4421 terram
1728 4373 1786 4421 et
1842 4366 2111 4436 Spiritum

524 4468 800 4525 sanetum,
838 4467 900 4513 ut
928 4460 1170 4514 calorem
1200 4474 1310 4529 quo
1338 4458 1683 4529 superiorem
1710 4466 1765 4513 et
1790 4458 2110 4514 inferiorem

2219 3247 2402 3310 οὑσία,
2434 3248 2593 3316 φύσις
2625 3249 3071 3321 ἀνεπιχείρητος,
3099 3254 3391 3325 χαρακτὴρ
3414 3255 3783 3320 ἑνυπόστατος.

2221 3338 2450 3411 Πνεῦμά
2474 3340 2626 3393 ἐστιν
2650 3343 2839 3413 νοερὸν
2861 3344 2954 3396 καὶ
2980 3343 3208 3409 ἀπλοῦν,
3230 3344 3459 3411 λεπτὸν,
3495 3346 3679 3414 σαφὲς,
3704 3347 3786 3399 καὶ

2219 3432 2442 3499 τρανὸν,
2471 3432 2825 3502 ἀπήμαντον,
2858 3434 3182 3504 ἀμόλυντον,
3226 3437 3321 3490 καὶ
3359 3438 3776 3492 πανεπίσκοπον.

2220 3523 2401 3578 Είκὼν
2430 3523 2524 3578 τοῦ
2560 3525 2779 3597 Πατρὸς
2807 3528 2835 3580 ὀ
2866 3526 3040 3596 ἥλιος,
3074 3529 3232 3592 ἀκτὶς
3263 3528 3418 3599 ἡλίου
3456 3532 3486 3583 6
3519 3530 3660 3593 Υίὸς,
3685 3530 3787 3600 θέρ·

2224 3634 2299 3688 μη
2330 3618 2434 3688 τῆς
2463 3620 2686 3683 ἀκτῖνος
2732 3620 2792 3672 τὸ
2822 3621 3178 3692 παράκλητον
3210 3621 3460 3694 Πνεῦμα.
3492 3624 3603 3677 Καὶ
3633 3622 3785 3685 οὕτως

2217 3711 2372 3781 ἥλιος
2412 3711 2442 3764 6
2494 3712 2708 3782 Πατὴρ,
2747 3714 2906 3777 ἀκτὶς
2952 3716 2981 3768 6
3020 3716 3168 3778 Υἱὸς,
3219 3716 3384 3787 αἴγλη
3422 3717 3707 3789 πυραυγὴς
3734 3716 3787 3768 τὸ

2219 3804 2490 3872 πανάγιον
2526 3804 2774 3875 Πνεῦμα,
2826 3808 2937 3860 Καὶ
2969 3809 2997 3861 6
3048 3809 3149 3878 μὲν
3199 3809 3352 3880 ἥλιος
3384 3811 3644 3865 οὐδέποτε
3672 3829 3783 3864 κατ-

2218 3895 2376 3949 έλιπε
2401 3896 2493 3951 τὸν
2522 3898 2778 3969 οὐρανὸν,
2812 3899 2938 3953 Υίὸν
2961 3900 3019 3954 δὲ
3051 3900 3128 3965 ὡς
3163 3903 3265 3965 τὰς
3302 3904 3536 3967 ἀκτῖνας
3561 3904 3785 3957 ἀπέστει-

2217 3990 2299 4054 λε,
2331 3990 2392 4043 τὸ
2424 3990 2771 4061 ἀπαύγασμα
2817 3994 2909 4047 ἐπὶ
2950 3994 3050 4064 τῆς
3086 3994 3212 4065 γῆς,
3247 3997 3348 4066 τὴν
3401 3996 3461 4050 δὲ
3511 3998 3711 4069 Θέρμην
3732 3997 3782 4050 τὸ

2220 4082 2445 4151 Πνεῦμα
2502 4085 2564 4138 τὸ
2626 4085 2783 4154 ἆγιον
2823 4126 2840 4150 ,
2891 4087 3252 4159 περιθάλπειν
3328 4090 3421 4143 καί
3500 4092 3782 4161 εὐεργετεῖν

2217 4174 2309 4227 τὸν
2351 4174 2465 4229 ἀνω
2499 4176 2597 4229 καὶ
2641 4177 2735 4230 τὸν
2766 4178 2919 4232 κάτω
2956 4178 3185 4250 κόσμον.
3230 4181 3479 4254 Τοιούτῳ
3508 4184 3589 4236 δεῖ
3618 4183 3782 4255 τρόπῳ

2218 4265 2423 4320 ἐννοεῖν
2457 4268 2555 4321 καὶ
2586 4269 2717 4340 περὶ
2752 4268 2855 4339 τῆς
2885 4271 3100 4334 ἑνιαίας
3142 4276 3585 4342 τρισυποστάτου
3615 4275 3783 4342 Θεότη·

2216 4376 2350 4422 τοςο
2398 4359 2584 4431 φύσις,
2616 4361 2712 4415 καὶ
2761 4362 2941 4429 οὐσία,
2985 4364 3083 4417 καὶ
3139 4366 3324 4438 μορφὴ
3376 4367 3518 4435 ὁμοῦ
3577 4368 3609 4438 ἡ
3664 4367 3781 4433 αὐτή

2220 4452 2389 4505 ἐστιν’
2415 4453 2719 4517 ὑπόστασις
2744 4455 2841 4507 καὶ
2871 4454 3170 4525 πρόσωπον
3195 4457 3393 4511 ταύτόν
3420 4459 3594 4510 ἔστιν.
3631 4456 3729 4511 Καὶ
3754 4456 3780 4523 ἡ

524 4521 795 4606 mundum
820 4551 1186 4622 undequaque
1219 4521 1440 4605 .fovere-t
1479 4559 1536 4605 et
1566 4550 1727 4604 bonis
1774 4549 2109 4605 cumularet.

2222 4544 2321 4615 μὲν
2353 4545 2510 4599 οὑσία
2538 4546 2658 4617 ἦτοι
2687 4545 2854 4616 φύσις
2892 4521 2954 4601 τὸ
2997 4550 3175 4604 κοινὸν
3216 4551 3642 4622 χαρακτηρίζει,
3678 4521 3781 4621 ἡδέ

524 4639 603 4693 Ita
634 4639 793 4694 nobis
822 4640 1175 4711 cogitandum
1204 4648 1291 4696 est
1324 4640 1392 4695 de
1424 4640 1586 4694 unica
1628 4640 1685 4693 in
1716 4639 1898 4694 tribus
1933 4640 2110 4711 hypo-

523 4732 764 4787 stasilms
790 4732 1023 4788 Deitate.
1054 4732 1283 4796 Natura,
1303 4732 1564 4795 essentia,
1598 4732 1775 4786 forma
1810 4731 1976 4786 simul
2019 4748 2113 4788 ea-

523 4825 647 4878 dem
672 4835 777 4883 est.
814 4825 1127 4896 hypostasis
1146 4835 1203 4880 et
1242 4840 1475 4894 persona
1509 4824 1654 4878 idem
1682 4832 1786 4878 est.
1823 4823 1892 4877 Et
1927 4839 2114 4879 essen-

526 4915 597 4971 tia
622 4903 847 4984 quidem
878 4916 996 4970 sive
1046 4924 1243 4969 natura
1274 4915 1327 4969 id
1362 4914 1508 4984 quod
1557 4930 1853 4970 commune
1890 4922 1976 4969 est
2010 4914 2111 4971 de-

522 5008 704 5079 signat
737 5028 750 5063 :
782 5010 1097 5081 hypostasis
1131 5018 1313 5065 autem
1354 5010 1469 5065 sive
1517 5025 1773 5079 persona,
1803 5009 1951 5079 quod
1989 5009 2107 5065 sin-

524 5105 779 5170 gulorum
808 5101 1094 5170 proprimn
1120 5111 1205 5156 est
1227 5100 1491 5157 declarat.
1528 5100 1600 5156 Ut
1627 5100 1885 5170 (exempli
1935 5099 2111 5171 gratia

524 5192 603 5246 sic
633 5189 903 5257 dicamus)
948 5191 1003 5245 in
1057 5191 1299 5255 homine,
1347 5206 1541 5245 onmes
1572 5190 1828 5244 homines
1861 5188 2027 5244 unius
2056 5196 2114 5243 et

523 5282 773 5353 ejusdem
801 5292 1011 5338 natura:
1055 5299 1267 5348 sumus,
1302 5298 1408 5339 una
1437 5290 1495 5338 et
1519 5282 1715 5338 eadem
1760 5290 1956 5337 natura
1986 5298 2111 5337 om-

526 5378 679 5430 nium
704 5384 825 5431 est:
861 5375 1137 5445 siquidem
1170 5391 1362 5431 omnes
1411 5376 1665 5432 homines
1687 5392 1757 5432 ex
1805 5376 1988 5430 anima
2023 5374 2112 5430 in-

530 5470 831 5526 tellectuaIi
895 5478 951 5525 et
1000 5484 1234 5540 corpore
1284 5483 1603 5526 constamus
1647 5489 1660 5525 :
1720 5469 2115 5541 hypostasibus

2219 4638 2520 4702 ὑπόστασις
2561 4639 2681 4710 ἦτοι
2725 4640 2785 4693 τὸ
2822 4641 3147 4712 πρόσωπον,
3176 4643 3237 4696 τὸ
3265 4645 3399 4697 ἴδιον
3429 4645 3664 4699 ἑκάστου
3694 4659 3778 4709 σηο

2222 4730 2420 4801 μαίνει.
2465 4731 2554 4795 Ὠς
2582 4733 2676 4785 ἐπὶ
2706 4732 3021 4804 ἀνθρώπου,
3069 4735 3205 4804 φέρε
3254 4735 3525 4804 εἴπωμεν.
3576 4737 3655 4790 ὅτι
3701 4733 3779 4785 καὶ

2220 4826 2420 4887 πάντες
2450 4825 2727 4896 ἄνθρωποι
2759 4829 2888 4897 μιᾶς
2919 4829 3014 4881 καὶ
3043 4829 3143 4895 τῆς
3164 4829 3341 4899 αὐτῆς
3365 4830 3587 4897 φύσεώς
3610 4833 3777 4899 ἐσμεν,

2223 4917 2323 4987 μία
2352 4917 2448 4971 καὶ
2482 4918 2623 4989 αὑτὴ
2654 4918 2818 4989 φύσις
2859 4920 3009 4992 παρὰ
3041 4922 3214 4975 πᾶσίν
3245 4924 3414 4977 ἐστιν.
3447 4925 3655 4987 Πάντες
3688 4920 3777 4989 γὰρ

2219 5008 2496 5075 ἄνθρωποι
2549 5012 2614 5065 ἐκ
2657 5013 2837 5082 ψυχῆς
2899 5031 2959 5067 τε
3010 5017 3205 5086 νοερᾶς
3249 5017 3346 5070 καὶ
3378 5017 3632 5087 σώματος
3672 5030 3779 5068 σνν-

2220 5104 2560 5173 εστήκαμεν,
2591 5104 2944 5158 ὑποστάσεων
2982 5106 3038 5160 δὲ
3073 5108 3287 5162 πολλῶν
3320 5111 3416 5163 καὶ
3442 5111 3682 5182 ἀπείρων
3700 5106 3776 5160 καὶ

2220 5193 2634 5264 ἀναριθμήτων.
2669 5196 2780 5249 Καὶ
2811 5196 3017 5267 Πέτρος
3049 5198 3143 5251 καὶ
3176 5199 3387 5262 Παῦλος
3415 5202 3547 5270 μιᾶς
3584 5197 3775 5263 καὶτῆς

2220 5285 2392 5355 αὑτῆς
2440 5286 2549 5339 εἱσι
2590 5289 2828 5355 φύσεως,
2869 5287 3223 5342 ὑποστάσεων
3268 5290 3326 5342 δὲ
3370 5291 3658 5363 διαφόρων.
3684 5289 3774 5343 Καὶ

2223 5378 2540 5433 κοινωνοῦσι
2569 5379 2668 5449 μὲν
2702 5379 2955 5448 ἀλλήλοις
2983 5380 3130 5433 κατά
3159 5382 3261 5451 τὴν
3302 5381 3484 5450 φύσιν,
3525 5381 3773 5454 διαιροῦν-

2220 5487 2311 5522 ται
2339 5469 2397 5522 δὲ
2418 5471 2558 5523 κατά
2584 5470 2683 5534 τὰς
2713 5470 3068 5534 ὑποστάσεις,
3097 5472 3219 5543 ἦτοι
3253 5474 3323 5526 τά
3365 5475 3647 5545 πρόσωπα.

526 5583 659 5621 vero
681 5566 895 5624 multis.
924 5576 979 5622 et
1007 5565 1239 5621 inﬁnitis
1263 5573 1321 5621 et
1346 5566 1867 5621 innumerabilibus.
1893 5567 1961 5620 Et
1985 5565 2183 5619 Petrus
2214 5580 2279 5619 ac
2302 5565 2506 5620 Paulus
2536 5564 2704 5620 unius
2737 5576 2793 5621 et
2844 5565 3096 5637 ejusdem
3169 5577 3297 5621 sunt
3323 5578 3552 5632 naturae,
3620 5570 3768 5638 hypo-

526 5664 767 5718 stasilms
822 5672 1009 5718 autem
1068 5663 1306 5718 diversis
1366 5680 1378 5718 :

532 5758 773 5817 Stasibus
804 5758 919 5815 sive
947 5758 1221 5829 personis.

1450 5670 1506 5719 et
1557 5671 1807 5718 naturam
1876 5660 2100 5733 quidem
2130 5659 2273 5715 inter
2306 5676 2365 5717 se
2391 5676 2742 5717 communem
2774 5661 3003 5723 habent,
3044 5661 3372 5718 dividuntur
3404 5674 3581 5720 autem
3616 5666 3766 5735 hypo-

2148 5908 2211 5920 _
