4052 6514
339 390 479 457 1435

1726 399 2217 459 FRAGMENTA.

3453 387 3587 454 “06

556 705 1276 834 EJUSDEM
1388 702 2234 832 ANASTASII
2329 703 3358 833 FRAGMENTA.

1021 1038 1105 1125 Ι.
1183 1028 2011 1125 FRAGMENTUM
2093 1032 2239 1120 DE
2333 1028 2900 1124 SABBATO.

342 1280 457 1338 Τοῦ
493 1282 670 1336 ὁσίου
716 1278 944 1346 Πατρὸς
984 1279 1154 1347 ἡμῶν
1190 1278 1595 1336 Ἀναστασίου
1625 1274 1776 1344 πρὸς
1801 1275 1916 1347 Σιδ-

2019 1271 2200 1347 Sanfti
2228 1271 2408 1327 Patris
2438 1278 2606 1347 nostri
2636 1272 2909 1347 Anastasii
2932 1271 3000 1326 ad
3036 1270 3265 1347 _Synteon_
3294 1270 3593 1341 episcopum
3685 1284 3789 1329 λὶς,
3870 1310 3931 1340 με,

404 1352 566 1421 μεὼν
602 1341 942 1421 ἐπίσκοὴοῶ·
972 1341 1245 1421 Βόστρης
1277 1350 1463 1418 λόγος
1502 1348 1637 1416 περὶ
1665 1341 1915 1400 ’Σαϐϐά-

405 1419 535 1486 του,
575 1419 647 1478 οὗ
678 1421 714 1487 ἡ
746 1421 924 1489 ἀρχήο

411 1541 473 1592 Εἰ
507 1537 780 1607 Πατέρας,
810 1537 890 1589 δεῖ
925 1536 1068 1589 κατά
1101 1534 1162 1587 τὸ
1199 1534 1401 1602 λόγιον,
1443 1533 1538 1588 καὶ
1580 1530 1656 1593 ὼς
1686 1529 1750 1582 σὺ
1784 1527 1914 1597 φὴς.

340 1632 651 1701 ἐπερωτᾷν,
693 1630 773 1681 ἔτι
805 1644 868 1697 γε
905 1626 1012 1697 μὴν
1061 1627 1157 1679 καί
1184 1623 1611 1696 πρεσϐυτέρους.
1650 1618 1760 1675 Καὶ
1789 1619 1917 1687 μετ’

338 1727 539 1794 όείίγαο
576 1724 788 1792 Ὥσπερ
830 1721 938 1791 γὰρ
976 1719 1211 1781 ἀπόντος
1248 1716 1349 1786 μὲν
1385 1715 1670 1786 βασιλέως,
1700 1708 1919 1782 ὴείκὼν

337 1817 504 1873 αὑτοῦ
537 1818 650 1870 ἀντ’
686 1813 852 1869 αὑτοῦ
886 1813 1275 1884 προσκυνεῖται
1298 1825 1311 1838 °
1343 1807 1612 1879 παρόντος
1644 1805 1701 1858 δὲ
1730 1802 1920 1857 λοιπὸν

338 1910 530 1974 αὑτοῦ,
566 1908 824 1979 περιττὸν
854 1903 1229 1959 καταλιπόντα
1265 1901 1329 1955 τὸ
1370 1900 1752 1973 πρωτότυπον,
1785 1914 1920 1967 προ⁴

341 2004 558 2055 σκυνεῐν
582 2000 679 2070 τὴν
701 1997 906 2051 εἰκόνα·
930 1996 990 2049 οὑ
1021 1995 1125 2066 μὴν
1160 1994 1280 2047 ἐπεὶ
1308 1991 1381 2063 μὴ
1402 1992 1815 2062 προσκυνεῖται,
1834 1987 1921 2041 διὰ

336 2091 401 2143 τὸ
430 2092 684 2159 παρεῖναι
717 2088 832 2152 τὸν,
868 2086 939 2140 δι’
991 2086 1049 2139 ὃν
1105 2087 1527 2156 προσκυνεῖται,
1556 2080 1921 2151 ἀτιμάζεσθαι

339 2182 511 2252 αὐτὴν
531 2181 659 2234 ἔδει.
680 2180 785 2233 Kal
810 2178 935 2248 μετ’
956 2178 1150 2245 ὀλίγα·
1170 2177 1383 2246 ’Ὠσπερ
1406 2178 1435 2230 ὁ
1458 2173 1734 2245 παροινῶν
1750 2174 1919 2227 εἰκόνι

342 2274 630 2347 βασιλέως,
662 2273 935 2344 τιμωρίαν
951 2270 1168 2323 δικαίαν
1193 2269 1512 2338 ὑφίσταται,
1541 2267 1617 2329 ὡς
1647 2267 1921 2337 αὐτόχρη-

343 2384 419 2438 μα
462 2364 690 2435 βασιλέα
758 2362 1071 2429 ἀτιμάσας’
1121 2361 1298 2415 καίτοι
1342 2361 1441 2429 τῆς
1507 2358 1719 2421 εἰκόνος
1769 2357 1920 2410 οὐδὲν

339 2459 524 2529 ἕτερον
541 2455 729 2527 οὔσης,
764 2453 796 2526 ἢ
831 2453 918 2519 ξύ)
930 2471 990 2506 ον
1014 2455 1109 2507 καὶ
1134 2452 1408 2525 χρώματα
1429 2449 1588 2522 κηρῷ
1604 2450 1920 2521 μεμιγμένα

339 2551 436 2604 καὶ
474 2547 795 2619 κεκραμένα
816 2562 828 2574 ·
871 2544 961 2600 τὸν
978 2545 1140 2597 αὑτὸν
1170 2544 1371 2614 τρόπον
1410 2545 1438 2596 ὁ
1466 2542 1558 2595 τὸν
1594 2541 1766 2594 τύπον
1794 2538 1920 2592 τοῦ·

339 2643 397 2696 δέ
442 2659 583 2703 τινος
635 2637 942 2710 ἀτιμάζων,
977 2640 1058 2703 είς
1111 2639 1277 2692 αὐτὸν
1318 2638 1553 2701 ἐκεῖνον,
1588 2627 1649 2688 οὗ
1685 2635 1712 2686 ὁ
1745 2632 1916 2697 τύπος
1952 2619 1990 2675 Β

339 2734 477 2797 ἐστὶ,
504 2734 768 2802 ἀναφέρει
797 2733 895 2802 τὴν
919 2730 1099 2802 ὓϐριν.
1120 2730 1333 2801 (MANSI,
1358 2729 1553 2792 Cone,
1573 2736 1613 2782 t.
1636 2726 1779 2792 Xlll,
1802 2724 1916 2797 55.)

416 2845 434 2876 ι
463 2824 716 2878 Τοιοῦτόν
747 2841 799 2877 τι
826 2821 1033 2893 νομίζω
1054 2822 1329 2893 συμὸἧναι
1354 2822 1484 2890 περὶ
1505 2818 1604 2890 τὴν
1624 2818 1720 2873 τοῦ
1749 2820 1916 2889 νόμου

341 2917 524 2980 σκιάν,
578 2917 697 2987 ἦτοι
742 2914 803 2968 τὸ
851 2915 1091 2987 γράμμα
1138 2912 1343 2971 (σκιὰν
1371 2911 1480 2982 γὰρ
1512 2910 1673 2964 αὑτὸν
1706 2909 1919 2964 καλεῖὸ

352 3008 725 3077 Ἀπόστολος).
767 3007 888 3075 Ἐφ’
918 3007 1045 3059 ὅσον
1082 3005 1192 3076 γὰρ
1227 3002 1552 3073 ὲταμιεύετο
1597 3002 1690 3055 τὸν
1726 3000 1920 3071 καιρὸν

337 3105 441 3172 τῆς
484 3100 745 3169 ἀληθείας
794 3102 827 3170 ἡ
870 3099 1048 3170 χάρις,
1088 3098 1217 3161 τοὺς
1260 3097 1467 3159 τύπους
1517 3098 1825 3167 προεῖπονυ
1870 3094 1919 3147 οί

340 3194 514 3262 ἅγιοι,
556 3190 889 3264 Θεωροῦντες
943 3192 1020 3255 ὡς
1062 3195 1121 3246 ὲν
1180 3192 1433 3263 ἐσόπτρῳ
1483 3190 1585 3262 τὴν
1635 3190 1916 3260 ἀλήθειαν.

354 3284 649 3357 Ἐλθούσης
677 3285 733 3338 δὲ
758 3284 857 3353 τῆς
888 3285 1165 3355 ἀληθείας,
1200 3285 1301 3357 ζῇν
1335 3285 1436 3354 μὲν
1465 3285 1609 3338 κατὰ
1651 3285 1779 3346 τοὺς
1819 3281 1919 3335 τύ-

346 3394 482 3440 πους
505 3378 608 3430 οὐκ
639 3376 893 3446 ἐνόμιζον
927 3372 1068 3431 εἶναι
1098 3376 1285 3442 καλὸν,
1318 3377 1414 3430 καὶ
1453 3377 1666 3440 τούτοις
1696 3374 1924 3429 ἀκολου-

346 3470 459 3524 θεῖν
489 3469 590 3525 ἔτι.
624 3470 914 3542 Παρόντων
965 3472 1075 3542 γὰρ
1112 3470 1222 3524 τῶν
1265 3472 1629 3540 πραγμάτων,
1656 3468 1920 3539 παρέλκει

342 3562 533 3615 λοιπὸν
556 3563 585 3615 ὁ
612 3562 780 3626 τύπος
808 3563 902 3617 τοῦ
938 3564 1285 3635 πράγματος.
1316 3563 1465 3634 Πλὴν
1500 3564 1595 3617 καὶ
1619 3562 1796 3625 οὕτως
1820 3564 1921 3617 ούκ

339 3652 631 3723 ⁴ἠτίμαζον,
666 3653 787 3707 οὐδὲ
822 3656 1138 3725 παρεῖλκον,
1163 3655 1281 3711 ἀλλ’
1321 3657 1530 3726 ἐτίμων
1581 3657 1675 3711 τὸν
1722 3656 1916 3721 τύπον,

342 3743 441 3797 καὶ
472 3746 601 3808 τοὺς
632 3745 920 3817 ἀτιμάζειν
970 3748 1385 3819 ἐπιχειροῦντας
1422 3750 1643 3816 ἀσεϐεῖς
1680 3749 1918 3822 ἔκρινον,

343 3837 440 3891 καὶ
466 3836 698 3892 θανάτου
730 3839 819 3894 διὰ
849 3839 1124 3906 κολάσεως
1162 3843 1368 3913 πικρᾶς
1395 3841 1603 3907 ἀξίους.
1637 3861 1656 3894 ι

721 4043 834 4099 Τοῦ
866 4044 1079 4110 αὐτοῦ,
1102 4045 1292 4116 λόγου
1320 4045 1547 4114 τρίτου.

423 4168 443 4202 ι
468 4152 680 4224 ’Ὠσπερ
725 4153 792 4209 ἂν
819 4157 872 4209 ετ
910 4174 994 4221 τις
1030 4158 1217 4214 εἰκόνα
1260 4159 1549 4228 βασιλέως,
1585 4160 1758 4216 διὰτὸ
1785 4144 1923 4215 καθ-

344 4243 481 4312 ῆκον
503 4243 605 4312 τῆς
645 4244 774 4315 περὶ
798 4246 889 4300 τὸν
924 4247 1149 4318 βασιλέα
1191 4254 1494 4322 προσκυνεῖ
1535 4252 1726 4326 τιμῆς,
1769 4254 1922 4309 οὐδὲν

342 4331 533 4400 οὖσαν,
564 4337 596 4408 ἢ
627 4338 796 4410 κηρὸν
820 4340 914 4394 καὶ
952 4341 1241 4414 χρώματα.
1267 4362 1286 4397 ι

2111 1344 2334 1409 Βοδτνιε,
2362 1360 2538 1399 sermo
2572 1344 2636 1399 de
2669 1342 3112 1412 Sabbato;cujus
3146 1341 3359 1395 initium
3392 1351 3467 1394 est
3501 1356 3518 1394 :

2085 1529 2141 1584 Si
2176 1529 2368 1583 Patres
2397 1534 2641 1597 oportet,
2668 1527 2976 1580 secundum
3031 1523 3177 1593 quod
3215 1522 3426 1578 dictum
3479 1533 3586 1584 est,

2013 1634 2071 1681 et
2101 1623 2267 1678 sicuti
2310 1622 2426 1691 ipse
2480 1620 2697 1683 fateris,
2736 1620 3110 1688 interrogare,
3144 1631 3246 1671 nec
3278 1631 3388 1670 non
3422 1625 3474 1669 et
3504 1631 3592 1668 se-

2013 1715 2226 1770 niores.
2261 1712 2331 1767 Et
2370 1720 2485 1782 post
2536 1728 2706 1781 pauca
2738 1726 2755 1763 :
2786 1709 2944 1764 Sicut
2980 1708 3129 1764 enim
3165 1707 3297 1761 dum
3337 1704 3591 1774 diligitur

2016 1808 2131 1881 {Gn
2167 1804 2348 1878 abest]
2382 1806 2708 1876 imperator,
2754 1803 2932 1873 imago
2960 1804 3081 1873 ejus
3112 1817 3213 1871 pro
3242 1801 3361 1870 ipso
3395 1799 3598 1853 adora-

2016 1910 2109 1956 tor
2142 1919 2155 1955 :
2189 1916 2315 1957 eum
2340 1915 2471 1953 vero
2498 1899 2606 1968 jam
2640 1911 2889 1966 praesens
2918 1894 3111 1961 fuerit,
3143 1893 3489 1965 superfluum
3515 1898 3602 1946 est

2015 1994 2244 2049 deserto
2300 1991 2585 2062 priinitivo
2640 1989 2876 2043 adorare
2928 1987 3246 2058 imaginem.
3298 1987 3443 2056 Ergo
3470 1983 3601 2054 quia

2016 2085 2137 2157 [(2r.
2172 2102 2282 2140 non
2332 2095 2513 2139 tamen
2549 2081 2705 2153 quia}
2733 2081 2999 2137 adorator
3024 2096 3091 2136 eo
3123 2078 3268 2150 quod
3297 2088 3498 2149 prmsto
3529 2076 3603 2131 sit

2017 2179 2065 2234 is
2110 2186 2339 2249 propter
2375 2192 2540 2247 quem
2584 2174 2872 2239 adorator,
2907 2173 3229 2229 inhonorari
3256 2188 3376 2229 eam
3430 2185 3602 2240 opor-

2019 2282 2118 2329 tet.
2160 2272 2228 2326 Et
2260 2279 2374 2341 post
2411 2284 2583 2339 pauca
2609 2285 2626 2322 :
2650 2266 2811 2322 Sicut
2841 2267 2993 2322 enim
3026 2267 3139 2337 ‘qoi
3203 2263 3601 2321 contumeliam

2018 2366 2189 2420 infert
2224 2361 2452 2432 imagini
2505 2360 2885 2429 imperatoris,
2919 2360 3363 2431 pmnamjustam
3397 2372 3603 2427 perpe-

2020 2452 2177 2516 titur,
2211 2467 2274 2507 ac
2306 2452 2351 2505 si
2388 2451 2568 2506 eidem
2605 2451 2932 2520 imperatori
2968 2450 3338 2506 contumelias
3366 2448 3607 2518 irrogas—

2019 2554 2131 2611 set;
2167 2560 2478 2616 quanquam
2513 2545 2692 2615 imago
2725 2543 2863 2598 nihil
2896 2542 3044 2598 aliud
3100 2543 3172 2599 sit
3199 2557 3364 2612 quam
3392 2540 3603 2611 lignum

2021 2646 2073 2691 et
2095 2639 2313 2693 colores
2333 2654 2474 2692 cene
2499 2637 2777 2692 commisti
2801 2645 2859 2690 et
2890 2635 3181 2705 temperati
3212 2653 3225 2688 :
3251 2635 3450 2689 eodem
3482 2649 3607 2688 mo-

2020 2727 2093 2781 do
2147 2716 2241 2797 qui
2298 2727 2528 2798 ﬁguram
2587 2728 2828 2799 alicujus
2883 2727 3210 2785 inhonorat.
3240 2726 3296 2780 in
3345 2724 3603 2781 eumdem

2020 2819 2225 2890 ipsum,
2253 2821 2412 2890 cujus
2452 2819 2626 2891 ﬁgura
2661 2828 2769 2880 est.
2804 2818 2979 2873 refert
3013 2818 3293 2887 injuriam.

2099 2935 2116 2963 ι
2142 2913 2274 2968 Tale
2329 2912 2464 2983 quid
2519 2913 2772 2968 evenisse
2804 2927 2931 2966 reor
2966 2912 3115 2966 circa
3158 2912 3298 2981 legis
3350 2911 3603 2965 umbram

2019 3009 2135 3064 sive
2172 3007 2420 3061 litteram
2457 3006 2638 3067 (hanc
2667 3006 2815 3059 enim
2868 3005 3112 3058 umbram
3160 3004 3411 3059 nominat
3459 3003 3607 3073 Apo-

2021 3101 2248 3167 stolus).
2278 3098 2539 3166 Quandiu
2575 3097 2723 3152 enim
2757 3098 3014 3152 veritatis
3070 3098 3247 3168 gratia
3296 3096 3606 3152 absconde-

2020 3190 2206 3253 batur,
2240 3188 2448 3259 ﬁguras
2480 3188 2658 3243 sancti
2711 3187 3077 3257 promebant;
3117 3186 3326 3256 quippe
3371 3184 3465 3255 qui
3505 3200 3608 3239 ve—

2022 3284 2243 3339 ritatem
2295 3293 2554 3352 tanquam
2585 3281 2639 3336 in
2672 3282 2900 3351 speculo
2926 3282 3471 3351 contemplabantur.
3504 3280 3607 3337 Ast

2022 3375 2119 3429 ubi
2153 3374 2366 3429 veritas
2412 3372 2642 3443 prodiit,
2668 3386 2887 3441 acquum
2920 3388 3029 3426 non
3084 3388 3207 3427 esse
3238 3382 3606 3437 censuerunt,

2021 3479 2084 3523 ut
2109 3468 2415 3524 secundum
2450 3465 2656 3537 figuras
2683 3466 3027 3530 viveremus,
3061 3482 3202 3535 quas
3223 3466 3491 3536 deinceps
3521 3481 3610 3521 se-

2022 3574 2345 3629 queremur.
2383 3558 2590 3612 Rerum
2614 3558 2764 3613 enim
2793 3558 3151 3627 przesentiom
3184 3575 3609 3629 supervacanea:

2020 3662 2149 3709 sunt
2206 3650 2417 3719 figurae.
2452 3650 2568 3705 Nec
2596 3658 2781 3705 tamen
2817 3651 3019 3722 figuras
3051 3652 3344 3707 inhoneste
3393 3653 3607 3708 habue-

2021 3752 2172 3804 runt.
2198 3751 2295 3797 aut
2319 3743 2945 3813 contempserunt,'quin
2969 3744 3533 3815 honoraruntpotius,
3552 3753 3610 3800 et

2021 3853 2138 3899 eos,
2169 3836 2262 3906 qui
2290 3835 2650 3890 contumeliis
2680 3834 2826 3905 ipsas
2853 3838 3242 3907 aspergebant,
3265 3836 3467 3908 impios
3485 3854 3609 3894 esse

1951 3960 1997 4021 c
2022 3928 2366 3999 jndicaront,
2414 3936 2471 3981 et
2534 3926 2749 3982 acerba:
2768 3928 2964 3982 mortis
3024 3930 3305 3999 supplicio
3336 3930 3557 4002 dignos.
3583 3950 3603 3984 ι

2379 4038 2657 4104 Eiusdem,
2691 4056 2755 4093 ea;
2784 4041 3028 4095 oratione
3063 4042 3248 4097 tertia.

2103 4169 2123 4203 ι
2153 4150 2318 4207 Velut
2340 4151 2384 4206 si
2411 4152 2535 4221 quis
2563 4162 2795 4223 propter
2821 4154 3095 4210 honorem
3121 4157 3213 4227 qui
3238 4156 3478 4212 debetur
3502 4158 3609 4213 im-

2028 4243 2294 4315 peratori,
2325 4244 2449 4315 ejus
2468 4243 2667 4300 adoret
2692 4246 3010 4317 imaginem.
3048 4247 3354 4317 quamlibet
3386 4264 3453 4304 ex
3482 4265 3613 4305 cera

2027 4343 2085 4392 et
2112 4337 2401 4392 coloribus
2415 4347 2789 4394 constantem.
2804 4358 2822 4393 ι
2839 4338 2917 4410 (S.
2939 4340 3142 4396 loann.
3164 4340 3411 4397 Damasc.
3448 4341 3607 4413 Oper.

2027 4425 2121 4483 ed.
2146 4425 2311 4493 Nov.,
2342 4436 2384 4483 t.
2410 4427 2452 4490 1,
2486 4428 2594 4483 col.
2627 4428 2807 4499 Mli).

345 4589 3566 4627 __________________________________

667 4715 804 4802 Il.
883 4713 1717 4811 FBAGMENTUM
1791 4723 2421 4818 EPISTOLIE
2494 4729 2645 4818 AD
2718 4731 3291 4821 SERGIUM.

1541 4886 1756 4955 (MANSI,
1791 4888 1953 4947 Conc.
1991 4900 2030 4948 t.
2068 4892 2211 4959 Xlll,
2247 4909 2303 4964 p.
2334 4892 2450 4960 55.)

352 5017 675 5107 Toidrlmi
693 5019 1118 5107 ⁸Ἀναρντασίου
1152 5019 1515 5107 ἐπιοξκόπουι
1541 5027 1922 5107 Θεοιξπρλεως

2034 5027 2218 5085 Sancti
2264 5029 2554 5107 Anastasii
2604 5034 2834 5107 episcOpi
2890 5033 3205 5106 TheOpoleos
3260 5037 3483 5107 epistola
3535 5040 3609 5093 ad

419 5088 720 5165 ἐπιστολὴ
752 5091 902 5165 πρός
930 5108 1097 5165 τινα
1144 5094 1580 5165 σχολαστικὸν.
1617 5096 1693 5149 δι’
1721 5093 1797 5165 ἧς
1815 5088 1927 5151 dar;

422 5160 697 5234 εκρζνατο
713 5163 861 5234 πρὸς
875 5160 1063 5234 αὐτὸν
1084 5160 1234 5234 πρὸς
1251 5162 1366 5227 τὴν
1387 5160 1926 5234 ἐνεχθεῖσαν-ἀὐτῷ

417 5230 554 5296 παρ’
585 5229 771 5284 αὑτοῦ
800 5232 1082 5299 ἀπορίαν·
1114 5230 1185 5305 ἧς
1220 5235 1253 5302 ὴ
1286 5232 1464 5303 ἀρχή’

423 5341 488 5395 El
505 5342 581 5412 τῷ
598 5343 761 5414 μόνον
776 5345 1185 5417 ἐπερωτήσαντι
1213 5346 1405 5416 σοφίαν
1425 5347 1586 5418 σοφία
1606 5347 1692 5418 λογ
1708 5348 1926 5422 ισθήσε-

2101 5100 2385 5175 qnemdarn
2398 5100 2800 5175 scholasticam,
2830 5120 2925 5174 per
2969 5100 3129 5174 quam
3165 5100 3428 5175 respondit
3458 5111 3507 5162 ei
3537 5113 3606 5163 ad
3664 5148 3667 5159 ι

2099 5158 2313 5224 illatam
2341 5172 2440 5226 sibi
2472 5172 2536 5226 ab
2569 5188 2629 5226 eo
2659 5158 2905 5244 aporiam
2929 5158 3605 5248 (1'),*‘éajas’iiiiain'és'i?
3664 5158 3713 5205 "1
3794 5158 3809 5195 ί

2099 5352 2155 5409 Si
2191 5363 2408 5411 tantum
2442 5356 2809 5431 interroganti
2854 5361 3180 5433 sapientiam
3210 5364 3481 5437 sapientia
3522 5383 3609 5423 re-

1646 5462 1878 5521 VAlll/E
1926 5466 2331 5527 LECTIONES.

419 5550 657 5606 °Billius
694 5551 973 5618 emendat,
1007 5556 1313 5625 περιεῖπον,
1344 5556 1821 5628 amplectebantur.

426 5712 870 5801 (I)Ex‘eodem
934 5715 1158 5801 codice:
1219 5718 1473 5801 tepor-ia
1517 5732 1603 5777 est
1646 5654 2193 5796 inOpia,N(()::i‘i‘fLusio,
2247 5728 2510 5799 defectio,
2562 5731 2791 5797 solutio.
2853 5732 3190 5801 reverentia,
3248 5732 3492 5792 turbatio
3545 5744 3600 5792 ct

357 5795 559 5850 terror,
598 5793 658 5840 ut
687 5786 902 5856 priores
935 5787 1235 5843 ostendunt
1261 5786 1611 5862 interpretes.
1640 5813 1659 5846 ι

3712 1184 3871 1221 ’λιιιγτ
