4052 6582
476 355 613 420 lilii

1746 348 2112 411 ANTIOCIII
2150 346 2495 408 MONACHI

3600 345 3723 412 1416

473 581 3717 617 mm

629 781 1317 875 PANDECTES
1400 720 2114 870 SCRIPT‘URJE
2199 778 2841 869 DIVINITUS
2927 780 3607 873 INSPIRATzE

477 997 665 1059 VEN.
706 997 988 1060 PATRIS
1028 995 1425 1059 ANTIOCHI
1457 996 1677 1058 ANTE
1713 994 1981 1057 ANNOS
2017 995 2334 1070 QUIDEM
2378 995 2679 1058 ABHINC
2722 996 3211 1059 NONGENTOS
3242 999 3344 1059 AB
3379 956 3743 1064 AUCTORE

1958 1098 2291 1170 EDITUS;

960 1281 1321 1328 GODEFRIDO
1350 1281 1676 1327 TIIJIANNO
1715 1279 2080 1324 CARTHUSIE
2100 1277 2484 1323 PARISIENSIS
2516 1278 2815 1323 MONACHO
2846 1279 3261 1328 INTERPRETE.

970 1436 1218 1509 (Ducmus
1248 1430 1522 1505 Supplem.
1557 1431 1627 1486 ad
1657 1430 1906 1487 Biblioth.
1941 1428 2078 1484 Patr

2183 1427 2309 1483 .ed.
2338 1427 2512 1483 Paris.
2551 1427 2708 1493 1624,
2748 1421 2880 1485 tom.
2912 1431 2956 1497 Ι,
2991 1446 3045 1501 p.
3085 1428 3271 1499 1019.)

550 1743 681 1799 Fuit
711 1742 814 1798 iste
860 1738 1167 1795 Antiochus
1197 1738 1500 1793 monachus
1530 1737 1859 1793 Palaestinos
1886 1738 2058 1794 Iaurm
2087 1742 2134 1799 Α
2162 1738 2468 1808 praesertim
2525 1736 2581 1792 in
2614 1738 3027 1810 Exomologesi,
3064 1755 3188 1812 quae
3215 1748 3302 1797 est
3350 1740 3423 1797 ad
3472 1743 3632 1801 tinem
3661 1748 3748 1803 ho-

482 1833 667 1890 Sancti
729 1833 885 1889 Sabae
938 1830 1177 1894 abbatis,
1216 1831 1302 1884 vir
1353 1829 1647 1885 sanctitate
1699 1839 1755 1885 et
1812 1831 2064 1887 doctrina

483 1928 737 1999 insignis,
761 1926 855 1996 qui
887 1925 991 1980 sub
1022 1925 1275 1979 Heraclio
1304 1924 1639 1994 imperatore
1671 1924 1832 1985 vixit,
1874 1932 1933 1979 et
1962 1924 2067 1979 sub

482 2021 695 2076 cladem
736 2018 1310 2090 Hierosolymitanam,
1346 2032 1455 2086 qua
1481 2016 1618 2071 urbe
1643 2026 1821 2086 capta,
1848 2017 2069 2088 signum

482 2123 689 2169 sanctae
739 2112 922 2168 crucis
975 2128 1006 2166 a
1051 2110 1295 2166 Chosroe
1327 2109 1383 2163 in
1436 2110 1716 2166 Persidem
1769 2110 2071 2165 abductum

484 2215 570 2263 est
610 2205 840 2279 (incidit
872 2221 937 2259 ea
975 2204 1032 2259 in
1086 2218 1292 2257 annum
1343 2202 1539 2257 salutis
1591 2203 1739 2272 6M),
1779 2203 2069 2274 scripsisse

484 2298 728 2367 videtur,
754 2306 816 2354 ut
850 2306 1081 2369 apparet
1109 2312 1176 2351 ex
1232 2295 1462 2351 homilia
1500 2296 1602 2350 107
1648 2305 1704 2352 et
1741 2296 1866 2350 aliis
1906 2295 2066 2363 locis,

2174 1829 2453 1884 miliarum
2496 1829 2552 1884 in
2583 1830 2816 1901 epistola
2846 1831 3205 1886 dedicatoria.
3238 1832 3597 1891 Occasionem
3629 1856 3748 1894 vero

2174 1931 2231 1977 et
2282 1921 2599 1977 institutum
2634 1923 2909 1978 scribendi
2958 1924 3063 1980 hoc
3092 1940 3233 1994 opus
3285 1925 3526 1996 ipsemet
3571 1931 3748 1986 Antio-

2177 2016 2317 2071 chus
2348 2015 2577 2086 exponit
2617 2015 2776 2071 initio
2828 2016 3072 2073 homilia:
3105 2018 3193 2072 66.
3242 2018 3319 2073 De
3361 2019 3559 2075 eodem
3607 2024 3749 2092 plura

2179 2109 2444 2164 exhibent
2480 2108 2579 2164 tibi
2601 2107 2843 2167 Annales
2871 2110 3257 2179 ecclesiastici,
3283 2123 3424 2169 tom.
3461 2114 3597 2183 VIII,
3620 2130 3748 2171 anno

2176 2200 2303 2258 6M.

924 2456 1008 2501 EX
1040 2456 1319 2501 EJUSDEM
1350 2455 1499 2500 θοι).
1530 2454 1833 2500 TILMANNI
1862 2450 2275 2499 PREFATIONE
2305 2448 2373 2495 IN
2412 2448 2779 2494 ANTIOCHUM
2808 2448 3320 2498 NUNCUPATORIA.

560 2590 702 2647 Sunt
755 2591 850 2662 qui
896 2591 1105 2662 majore
1163 2589 1482 2660 eloquentia
1550 2588 1896 2660 scripserint,
1936 2603 2066 2658 per-

488 2684 645 2741 multi
679 2701 693 2738 :
732 2691 789 2738 at
818 2683 979 2753 pauci
1019 2689 1366 2754 perspicuam
1398 2682 1566 2753 hujus
1597 2681 1687 2753 (de
1719 2692 1911 2737 sancto
1954 2680 2071 2736 An-

490 2776 679 2833 tiocho
708 2776 978 2848 loquitur)
1018 2776 1354 2830 brevitatem
1387 2774 1623 2830 feliciter
1649 2775 1887 2830 assecuti
1919 2782 2069 2829 sunt.

2180 2584 2429 2638 tulerunt
2497 2583 2973 2640 sententiolaezet
3044 2585 3145 2642 has
3197 2587 3437 2655 absolvi,
3491 2600 3750 2650 mutuatus

2178 2676 2325 2746 quod
2366 2676 2604 2732 deerate
2649 2676 2837 2733 bibliis
2870 2677 3088 2734 Aldinis
3118 2697 3131 2733 :
3156 2696 3279 2750 quae
3315 2683 3546 2752 quidem
3583 2686 3747 2743 Graeca

2177 2768 2434 2822 feruntur
2481 2782 2602 2823 esse
2653 2783 2685 2823 e
2737 2768 2878 2822 LXX
2904 2769 3153 2826 editione
3183 2790 3197 2825 :
3229 2787 3331 2844 ego
3371 2776 3559 2832 verius
3586 2779 3747 2834 credi-

489 2871 760 2925 Rarenter
788 2870 905 2924 haec
944 2883 1052 2923 una
1090 2867 1190 2922 dos
1218 2867 1559 2938 unicuipiam
1584 2866 1894 2938 contingit:
1923 2881 2076 2920 ama-
2108 2908 2149 2964 Β
2180 2860 2358 2914 dcrim
2408 2860 2810 2917 Theodotionis
2860 2876 3005 2927 esse,
3053 2878 3121 2917 ex
3174 2865 3476 2923 collatione
3522 2868 3747 2929 locorum

488 2963 618 3018 bilis
676 2962 979 3033 plurimum
1031 2970 1237 3016 nostra;
1298 2959 1460 3015 istius
1516 2960 1696 3015 :etatis
1735 2959 2073 3014 hominibus.

491 3056 667 3123 Quam
699 3054 904 3110 decore
949 3053 1299 3109 conservavit
1326 3053 1389 3107 τὸ
1422 3053 1654 3123 πρέπον,
1693 3052 1800 3107 hoc
1827 3060 1951 3115 est,
1986 3066 2078 3106 or-

492 3147 643 3203 dinis
686 3146 974 3212 decorum,
1022 3146 1077 3199 in
1135 3145 1224 3199 his
1274 3143 1596 3215 digerendis
1640 3143 1897 3199 Homiliis
1940 3142 2076 3197 libet

491 3240 823 3310 compendio
864 3238 1258 3313 perstringere.
1302 3238 1349 3292 A
1394 3236 1500 3291 [ide
1545 3236 1762 3292 orditur
1792 3238 1959 3293 telam
1988 3236 2075 3292 sui

492 3330 883 3400 operiszquai
945 3328 1276 3384 Christianae
1347 3326 1636 3397 religionis
1693 3327 2072 3397 virtutumque

492 3421 742 3477 omnium
788 3421 1121 3476 solidissima
1165 3418 1392 3490 crepido
1439 3428 1545 3485 est,
1600 3428 1657 3474 et
1712 3419 1863 3475 basis
1905 3419 2077 3475 totius

493 3512 802 3583 spiritualis
837 3510 1078 3566 fabricae.
1119 3510 1406 3581 Siquidem
1439 3518 1582 3565 teste
1633 3510 1860 3565 Aurelio
1890 3514 2077 3581 Augu-

493 3604 664 3671 stino,
696 3605 789 3660 ubi
839 3605 997 3660 deest
1028 3603 1234 3676 agnitio
1266 3601 1518 3657 veritatis
1550 3610 1794 3667 aeternae,
1826 3601 1960 3657 falsa
1992 3610 2078 3657 est

494 3696 676 3751 virtus
703 3695 906 3759 omnis,
929 3695 1096 3753 etiam
1137 3693 1193 3749 in
1234 3693 1462 3764 Optimis
1494 3693 1772 3760 moribus;
1811 3692 1937 3748 ﬁdei
1975 3694 2077 3748 ad-

488 3787 673 3858 iungit
713 3786 1054 3841 individuam
1101 3785 1384 3851 comitem,
1423 3802 1609 3857 spem;
1652 3784 1878 3840 fabrica:
1918 3785 2079 3841 istius

494 3877 798 3951 fastigium,
840 3878 1086 3934 eharitas
1140 3887 1411 3949 estzqua:
1465 3877 1746 3933 hominem
1809 3886 1958 3933 recta
2007 3876 2079 3932 ad

495 3988 726 4043 regnum
758 3972 1046 4044 provehit;
1074 3987 1247 4043 quare
1286 3969 1614 4027 charitatem
1642 3976 1699 4025 et
1723 3984 1973 4040 regnum,
2008 3968 2077 4023 ad

490 4065 700 4120 calcem
723 4064 913 4134 cperis
955 4062 1236 4134 relegavit.
1260 4062 1416 4118 Jacto
1442 4058 1677 4131 proinde
1712 4058 1840 4114 tldei
1869 4074 1935 4114 ac
1960 4060 2078 4129 spei

491 4158 875 4224 fundamento,
912 4155 1224 4212 amolienda
1258 4155 1499 4225 primum
1548 4152 1779 4207 veniunt
1822 4168 1943 4224 quae
1973 4152 2077 4207 im-

2180 2951 2499 3023 Ilieronymi
2547 2953 2600 3007 in
2635 2954 2932 3024 prophetas
2962 2955 3222 3011 maxime.
3281 2958 3354 3013 Et
3390 2960 3475 3015 hae
3508 2977 3749 3033 perquam

2179 3061 2367 3115 pauca:
2395 3064 2408 3100 :
2434 3056 2494 3101 ut
2523 3046 2615 3100 illa
2635 3054 2715 3102 est
2743 3063 2811 3102 ex
2841 3047 3034 3102 homil.
3061 3049 3123 3103 91
3158 3068 3171 3103 :
3194 3049 3384 3107 Omnis
3414 3071 3586 3109 sermo
3614 3056 3750 3127 ἔγκο-

2179 3152 2301 3200 stoc.
2342 3138 2411 3192 Et
2455 3138 2560 3193 sub
2594 3139 2839 3194 medium
2893 3142 3177 3211 sequentis
3204 3159 3270 3199 ex
3312 3144 3441 3211 Job,
3473 3146 3746 3203 delitnon-

2179 3244 2461 3300 nunquam
2498 3232 2717 3303 negatio
2748 3233 2845 3304 μή.
2896 3233 3145 3290 Alterum
3174 3245 3284 3303 est,
3314 3239 3466 3309 quod
3498 3240 3602 3297 nisi
3628 3257 3748 3296 mn-

2180 3324 2420 3379 ciscetur
2464 3341 2684 3395 aequum
2729 3328 2995 3397 temporis
3027 3338 3083 3385 et
3134 3347 3321 3385 rerum
3356 3334 3746 3400 aestimatorem,

2183 3424 2311 3469 nota
2342 3416 2418 3471 illi
2453 3416 2709 3471 inuretur
2739 3419 3022 3474 novitatis.
3056 3421 3174 3475 Duo
3203 3424 3482 3493 proferam
3510 3426 3751 3499 insignio-

2180 3523 2261 3562 ra.
2298 3508 2478 3574 Prius,
2514 3509 2707 3564 homil.
2761 3510 2851 3576 98,
2895 3513 3126 3585 Οἰκέτην
3152 3513 3444 3584 famulum,
3474 3519 3558 3572 vel
3603 3537 3748 3589 νομα-

2182 3599 2292 3654 lum
2343 3618 2550 3656 servum
2573 3620 2591 3658 :
2614 3618 2714 3674 pro
2734 3619 2847 3674 quo
2886 3605 3081 3671 Aldus,
3117 3608 3308 3679 ἱκέτην
3338 3611 3623 3683 supplicem
3664 3612 3746 3667 ba-

2183 3692 2334 3748 bent.
2372 3694 2623 3750 Alterum
2655 3695 2847 3751 homil.
2893 3698 2997 3754 119
3030 3699 3133 3753 sub
3170 3698 3362 3766 ﬁnem,
3394 3704 3577 3773 θήραν
3608 3721 3746 3758 vena-

2182 3789 2377 3841 tionem
2411 3788 2523 3858 ejus
2565 3788 2893 3856 benedicens,
2920 3807 3023 3862 pro
3068 3809 3179 3864 quo
3222 3792 3422 3861 Aldus,
3456 3796 3638 3869 Θύριν.
3662 3801 3743 3869 ja-

2183 3898 2374 3946 nuam,
2405 3881 2674 3944 Ecclesia.
2722 3886 2900 3955 χήραν
2953 3886 3191 3941 viduam.
3230 3888 3436 3944 Facilis
3484 3892 3743 3953 transitus,

2182 3971 2211 4025 0
2271 3972 2327 4026 in
2375 3990 2428 4043 χ.
2463 3973 2607 4044 Lege
2641 3973 2866 4030 Hieron.
2898 3985 2954 4030 et
2985 3975 3219 4048 August.
3264 3978 3518 4035 Tertium
3569 3996 3744 4036 occur-

2182 4061 2255 4116 rit
2289 4080 2301 4116 :
2333 4063 2558 4133 propria
2587 4062 2878 4130 Hebraica,
2906 4082 3069 4136 quam
3098 4082 3199 4123 nos
3230 4066 3414 4124 Latini
3454 4072 3745 4141 corruptius

2181 4151 2413 4207 inducit.
2440 4154 2508 4208 Et
2533 4154 2639 4209 hoc
2673 4155 2751 4209 illi
2782 4170 3075 4212 commune
3101 4167 3185 4213 est
3215 4174 3344 4214 cum
3369 4162 3579 4218 caeteris
3613 4162 3744 4217 Grae-

493 4250 814 4320 pedimento
839 4266 961 4304 esse
1007 4248 1221 4319 possint
1251 4265 1265 4301 :
1293 4247 1348 4301 in
1385 4261 1621 4317 quorum
1662 4260 1832 4301 censu
1868 4244 2077 4315 primas
2105 4260 2149 4319 (3
2181 4244 2262 4298 cis
2289 4246 2632 4301 doctoribus.
2668 4246 2725 4301 In
2756 4248 3011 4320 Prologo,
3038 4259 3095 4304 et
3116 4250 3318 4307 Homil.
3351 4254 3387 4308 2
3414 4254 3491 4308 De
3516 4272 3630 4325 spe;
3659 4254 3743 4310 Su-

495 4348 647 4395 tenet
695 4340 1112 4411 gastrimargia,
1161 4346 1303 4393 teste
1339 4335 1605 4393 Cassiano
1626 4350 1746 4405 cap.
1795 4335 1849 4395 3.
1890 4335 1989 4389 lib.
2025 4351 2077 4389 v.

496 4434 808 4488 Ileinolitus
844 4433 1085 4503 primum
1118 4430 1273 4496 vitia,
1309 4446 1434 4484 mox
1477 4427 1834 4499 progreditur
1862 4429 1929 4483 ad
1974 4428 2085 4482 vir-

495 4536 677 4581 tutum
718 4523 1209 4580 substructionem.
1243 4520 1351 4577 Sed
1390 4528 1448 4575 et
1488 4522 1594 4575 hoc
1638 4519 1718 4574 illi
1752 4527 2084 4590 perpetuum

491 4629 600 4676 est.
650 4620 869 4676 Nullam
904 4634 1013 4674 non
1044 4618 1241 4672 harum
1268 4616 1369 4670 150
1391 4615 1754 4670 Homiliarum
1788 4614 1908 4669 ﬁnit
1938 4614 2087 4670 desi-

497 4728 638 4767 nens
671 4713 752 4775 ei;
797 4711 892 4765 τοῦ
949 4710 1085 4764 Θεοῦ
1139 4708 1473 4776 δοξολογιαν.
1499 4708 1567 4763 Ει
1604 4708 1830 4778 quidem
1871 4709 1989 4763 haec
2016 4708 2084 4763 de

493 4818 686 4874 opere.
708 4803 791 4858 Ad
825 4805 1048 4857 tertium
1079 4800 1388 4856 ﬂectendus
1412 4800 1545 4856 mihi
1575 4809 1657 4855 est
1692 4800 1957 4855 calamus.
1986 4798 2086 4857 llic

497 4896 635 4952 mihi
666 4912 791 4952 cum
817 4896 1011 4966 primis
1031 4892 1466 4950 commonendus
1485 4892 1695 4958 videre,
1718 4894 1910 4957 lector,
1930 4900 1992 4946 ut
2016 4908 2086 4947 ne

499 5004 909 5059 praeproperam
940 4988 1087 5042 feras
1125 4985 1458 5041 sententiam
1483 4986 1528 5039 si
1560 4984 1692 5053 quid
1720 4986 1867 5040 inter
1897 4985 2086 5057 legen-

497 5080 633 5135 dum
661 5095 720 5134 se
750 5080 948 5134 offeret
974 5079 1085 5134 tuis
1120 5078 1354 5132 auribus
1408 5076 1674 5141 insolens,
1704 5075 1851 5146 quod
1881 5076 1934 5130 in
1964 5091 2089 5145 spe-

499 5172 645 5227 ciem
684 5169 941 5241 prwfcret
964 5180 1149 5225 notam
1175 5169 1409 5226 curiosa:
1442 5169 1727 5224 novitatis.
1756 5168 1965 5223 Habuit
1997 5170 2089 5225 hic

502 5269 630 5339 pius
660 5283 786 5323 cum
846 5284 1044 5339 magno
1078 5268 1379 5322 Athanasio
1428 5281 1722 5321 commune
1769 5264 1905 5319 illud
1944 5264 2090 5318 διδα-

503 5358 728 5412 κτικόν·
782 5374 955 5429 genus
1000 5359 1189 5429 utique
1249 5357 1489 5413 docendi
1540 5372 1793 5427 pressum
1838 5366 1894 5410 et
1919 5358 2087 5410 astri-

502 5459 676 5513 ctum.
712 5449 783 5503 ab
820 5450 970 5504 omni
1005 5450 1374 5506 ostentatione
1396 5460 1453 5505 et
1480 5449 1831 5505 affectatione
1860 5465 2089 5519 prorsus

503 5543 834 5598 abhorrens.
873 5544 980 5598 Sex
1018 5550 1388 5597 occurrerunt
1437 5557 1501 5595 ex
1548 5542 1804 5595 versione
1856 5549 1913 5595 et
1949 5541 2087 5595 rele-

2187 4339 2427 4402 namitis,
2452 4339 2667 4408 profert
2694 4348 2750 4393 et
2778 4340 3179 4410 interpretatur
3218 4343 3513 4411 Caelestem,
3537 4347 3681 4417 quasi
3717 4364 3741 4399 a

2184 4430 2485 4497 schamain,
2507 4432 2656 4498 coeli,
2702 4443 2947 4505 etymum
2981 4436 3251 4492 sortiatur
3279 4454 3442 4494 :cum
3476 4437 3741 4494 Sununu'tis

2186 4522 2256 4576 sit
2310 4523 2610 4579 dicendum
2686 4541 2715 4579 a
2776 4524 2929 4580 Sana
2987 4527 3227 4596 oppedo,
3276 4539 3478 4601 nempe
3528 4532 3742 4602 Abysag;

2186 4616 2496 4687 Σαραφθία,
2529 4617 2679 4670 hom.
2727 4617 2817 4682 20,
2872 4634 2971 4689 pro
3004 4618 3308 4692 Sareptena
3358 4624 3552 4691 vidua;
3578 4624 3741 4677 Jothor

2186 4722 2290 4776 pro
2333 4706 2538 4761 Jethro.
2567 4707 2780 4763 Similia
2812 4710 3014 4780 passim
3060 4711 3203 4781 apud
3233 4712 3671 4786 Chrysostomum
3696 4724 3742 4768 et

2186 4798 2591 4852 Nazianzenum
2617 4815 2631 4863 ;
2667 4800 2815 4853 hom.
2837 4800 2923 4864 74,
2947 4799 3211 4867 Nabuthe,
3230 4818 3332 4872 pro
3360 4804 3564 4859 Naboth
3586 4821 3603 4860 :
3625 4812 3678 4858 ut
3696 4813 3743 4858 et

2187 4890 2422 4946 Basilius
2449 4909 2462 4943 :
2488 4889 2590 4956 Qui
2615 4890 2858 4946 Nabuthe
2896 4891 3241 4948 Jesraelitam
3288 4897 3558 4966 perdidit?
3578 4896 3741 4951 Nonne

2186 4984 2402 5038 Achaaz
2444 4984 2707 5055 cupiditas
2751 4985 2955 5039 vineas?
2991 4985 3136 5053 Quin
3160 4996 3216 5043 et
3246 4989 3589 5055 Ambrosius,
3610 4990 3739 5045 Grae-

2189 5074 2395 5130 canica:
2423 5076 2684 5132 dictionis
2727 5077 2981 5144 aemulus,
3014 5079 3222 5135 librum
3258 5082 3481 5153 scripsit
3510 5082 3582 5135 De
3607 5084 3738 5135 vinea

2187 5165 2451 5222 Nabuthe.
2479 5166 2683 5222 Horum
2708 5170 2937 5239 gratiam
2963 5171 3204 5227 arbitror
3228 5190 3329 5230 nos
3348 5174 3546 5231 debere
3569 5190 3739 5229 secun—

2190 5259 2321 5315 dum
2358 5260 2531 5315 Deum
2579 5262 2673 5315 uni
2728 5263 3083 5336 Hieronymo.
3132 5265 3398 5332 Quartum
3429 5276 3527 5330 est,
3556 5268 3607 5321 in
3636 5282 3736 5320 am-

2191 5352 2504 5423 pliﬁcandis
2526 5353 2831 5409 virtutibus
2864 5366 2921 5410 et
2942 5359 3343 5428 exaggerandis
3372 5361 3517 5413 vitiis
3548 5355 3734 5414 censeri

2190 5445 2394 5515 poterit
2445 5444 2777 5501 immodicus
2813 5462 2829 5499 :
2872 5446 2968 5501 sed
3006 5459 3064 5503 et
3108 5449 3213 5505 hoc
3240 5450 3320 5505 illi
3366 5463 3641 5506 commune
3667 5451 3739 5499 est

2191 5552 2316 5591 cum
2335 5539 2538 5594 veteris
2567 5539 2832 5594 Ecclesiae
2854 5539 3202 5607 doctoribus,
3239 5543 3536 5613 praesertim
3556 5540 3736 5595 Joanne

503 5633 710 5699 ctione,
739 5634 865 5702 quae
904 5632 1095 5687 rudem
1131 5632 1331 5702 linguae
1371 5630 1696 5686 Gnecanicm
1722 5642 1777 5686 et
1799 5630 2090 5686 crassioris
2120 5601 2166 5657 θ
2193 5631 2607 5703 Chrysostomo.
2636 5630 2984 5686 Crediderim
3013 5601 3347 5691 Antiochum
3369 5651 3397 5689 a
3422 5648 3584 5705 puero
3605 5644 3737 5689 exer-

501 5726 695 5797 judicii
747 5727 1012 5782 lectorem
1069 5724 1353 5780 otl‘endere
1396 5731 1642 5794 possent.
1675 5722 1922 5777 Primum
1952 5732 2037 5779 est
2070 5742 2083 5777 :

508 5818 787 5877 Intercisa:
819 5818 1049 5892 aliquot,
1081 5817 1384 5892 prudentes
1426 5826 1482 5874 et
1518 5816 1843 5873 inahsolutae
1875 5832 1934 5873 se
1983 5818 2088 5875 ob-

2196 5723 2375 5778 cuisse
2413 5723 2693 5793 ingentium
2738 5723 2794 5777 in
2831 5724 3144 5781 scribendis
3193 5726 3549 5799 Panegyricis,
3579 5722 3734 5777 Enco-

2197 5815 2463 5873 miasticis
2486 5824 2540 5871 ct
2578 5815 2915 5887 Epidecticis
2958 5818 3325 5875 orationibus.
3356 5819 3600 5887 Quintum
3627 5819 3731 5868 est:
