4052 6560
252 358 378 424 1517

1375 354 1548 415 GOD.
1605 350 1954 414 TILMANN
1962 348 2056 412 US
2109 347 2456 410 LECTORI.

3383 338 3514 403 1H8

251 473 426 544 negari
450 485 561 526 non
589 475 768 540 potest
822 470 953 540 quin
1007 466 1209 523 alicubi
1255 466 1441 537 lapsus
1491 465 1562 520 sit
1623 477 1834 518 memo-
1862 468 1908 526 Α
1939 461 2059 531 ipso
2091 457 2245 515 aditu
2277 459 2398 531 ejus
2429 472 2550 528 qua:
2605 456 2674 511 de
2707 453 2812 510 fide
2838 462 2942 520 est,
2975 459 3219 508 actutum
3265 451 3508 521 impegit-

251 569 327 623 ria
352 583 365 620 :
393 573 452 620 ut
472 581 599 620 cum
631 564 783 618 hom.
810 563 896 628 78,
926 577 1027 633 pro
1058 561 1336 625 Habacue,
1375 559 1587 614 inducit
1612 558 1830 628 Sopho-

251 663 428 724 niam;
463 673 563 728 pro
598 655 860 711 Malachia
896 655 1208 718 Michazam;
1244 651 1348 708 sub
1376 650 1541 706 finem
1581 649 1702 715 107,
1730 663 1831 719 pro

250 750 633 808 Ecclesiastico
691 750 896 805 iterum
922 746 1278 818 Sophoniam.
1305 745 1412 801 Sed
1449 745 1568 799 haec
1597 743 1834 799 levicula

251 843 575 898 ascribenda
629 839 955 897 amanuensi
1015 839 1214 895 scribae
1264 845 1322 893 et
1373 836 1680 908 exceptori,
1741 836 1832 891 cui

252 937 440 994 forsan
457 936 526 992 de
551 935 819 990 memoria
841 933 1106 989 dictabat.
1133 931 1399 1002 Superest
1421 940 1660 994 sextum,
1685 929 1834 1000 quod

254 1038 315 1088 ut
341 1031 466 1102 plus
488 1029 656 1084 habet
687 1027 904 1083 caeteris
921 1026 1210 1092 momenti,
1222 1029 1404 1096 "eoque
1423 1025 1548 1096 plus
1564 1023 1798 1095 periculi
1818 1039 1832 1078 :

256 1127 331 1181 ita
361 1135 416 1181 et
441 1124 510 1181 de
539 1125 644 1180 hoc
675 1122 814 1178 mihi
857 1121 1240 1178 disserendum
1271 1131 1355 1176 est
1377 1121 1702 1177 consultius.
1735 1118 1837 1176 Ubi

255 1217 404 1272 enim
440 1217 616 1288 majus
654 1214 891 1270 vertitur
924 1213 1250 1284 perieulum,
1282 1213 1359 1268 ibi
1380 1213 1552 1283 magis
1590 1220 1676 1267 est
1703 1225 1838 1266 con-

257 1307 552 1362 sulendum
588 1323 600 1358 :
632 1306 672 1360 l.
695 1305 753 1360 ti‘.
797 1303 864 1359 14
887 1305 962 1359 De
995 1302 1344 1359 Carboniano
1367 1302 1571 1368 edicto,
1607 1301 1705 1366 l.l,
1736 1299 1837 1371 §2.

258 1401 374 1456 Nec
409 1400 558 1455 enim
601 1396 1062 1468 praecipitandum
1113 1404 1198 1450 est
1247 1395 1564 1460 consilium,
1620 1394 1841 1464 quando

260 1506 352 1546 res
387 1491 505 1561 ipsa
535 1488 706 1559 exigit
739 1494 798 1541 ut
826 1486 1098 1540 maturius
1147 1499 1392 1555 agamus,
1424 1485 1550 1539 dist.
1586 1483 1655 1540 50
1696 1483 1841 1538 Ροη-

262 1583 426 1637 deret.
453 1581 668 1636 Dixeris
686 1597 699 1636 :
718 1578 861 1646 Quid
887 1577 1023 1633 illud
1047 1577 1167 1632 est?
1190 1577 1385 1632 Paucis
1407 1576 1613 1647 accipe.
1641 1575 1841 1642 Quanti

262 1676 433 1730 fuerit
462 1673 695 1744 periculi
721 1687 821 1743 per
843 1685 1035 1726 omnes
1074 1669 1322 1724 omnium
1360 1675 1588 1723 aetatum
1621 1667 1840 1739 gradus,

1937 554 2105 608 Lecto
2135 551 2407 622 siquidem
2438 550 2562 605 loco
2589 566 2602 602 :
2636 547 2788 602 Fides
2817 547 2955 602 enim
2977 547 3033 600 in
3057 544 3308 599 saeculum
3334 543 3510 605 stabit,

1933 647 2282 718 apprehenso
2316 643 2598 699 mordicus
2624 642 2779 696 labro
2803 639 3065 695 inferiore
3092 637 3335 692 restabat
3358 636 3514 708 quasi

1934 743 1991 797 in
2029 740 2246 795 salebra
2287 739 2539 793 haereret.
2565 736 2689 791 Mox
2715 734 2940 805 subjicit
2967 751 2980 785 :
3013 753 3030 784 ‹
3056 732 3156 788 Hic
3183 732 3341 787 locus
3375 730 3518 800 sapit

1934 833 2228 898 haeresim;
2272 839 2426 886 certo
2472 828 2570 884 tibi
2619 827 2890 898 persuade
2925 840 3209 896 nunquam
3249 823 3521 879 admissu-

1937 943 2029 982 ros
2057 941 2178 982 esse
2198 940 2326 980 eum
2359 922 2664 992 theologos,
2686 935 2826 989 quos
2855 932 3026 989 penes
3054 917 3244 973 libella
3268 915 3522 972 consistit

1933 1017 2069 1089 justi
2092 1014 2361 1072 examinis
2393 1031 2407 1067 :
2437 1011 2796 1082 quamobrem
2831 1025 2862 1065 e
2895 1025 2954 1063 re
2981 1018 3077 1063 tua
3109 1008 3278 1064 fuerit
3311 1008 3521 1078 tibique

1938 1109 2216 1173 consules,
2253 1107 2298 1162 si
2331 1106 2500 1160 ducta
2525 1103 2689 1157 litura
2741 1101 3106 1157 interleveris.
3151 1120 3170 1152 ι
3210 1101 3348 1156 Huic
3374 1116 3518 1173 ego:

1947 1221 1966 1255 ‹
1993 1203 2311 1273 Apostolum
2329 1199 2444 1255 scio
2465 1195 2762 1268 apostolice
2790 1195 3077 1265 scripsisse
3107 1194 3270 1251 fidem
3299 1205 3351 1251 et
3370 1210 3523 1266 spem

1941 1311 2187 1358 casuras,
2243 1293 2566 1348 charitatem
2605 1306 2737 1346 vero
2781 1298 3048 1346 aeternum
3101 1297 3519 1345 constaturam:

1944 1387 2076 1451 imo,
2117 1385 2253 1440 nulli
2303 1382 2629 1454 explicabile
2658 1382 3058 1436 incrementum
3087 1391 3440 1452 accepturam
3469 1382 3526 1435 in

1942 1478 2139 1548 patria,
2160 1478 2315 1548 juxta
2344 1476 2496 1531 lsaia:
2523 1475 2808 1529 oraculum
2859 1472 3096 1528 dicentis
3133 1490 3146 1526 :
3179 1472 3312 1527 Vivit
3342 1473 3527 1528 Domi-

1945 1587 2043 1624 nus
2085 1570 2237 1641 cujus
2295 1570 2431 1640 ignis
2490 1571 2546 1622 in
2590 1565 2738 1632 Sion,
2767 1577 2815 1622 et
2869 1567 3107 1620 caminus
3142 1565 3198 1618 in
3234 1564 3531 1619 Jerusalem

1947 1665 2084 1737 (Isa.
2120 1682 2268 1732 xxxi,
2293 1666 2382 1726 9).
2420 1663 2575 1719 Fidei
2606 1665 2753 1718 enim
2813 1671 2967 1718 actus
3015 1671 3100 1718 est
3162 1660 3242 1717 rei
3284 1661 3531 1716 nondum

263 1769 514 1836 abusque
547 1766 706 1819 initio
748 1764 1103 1834 primogenize
1146 1773 1202 1818 et
1253 1763 1494 1832 primum
1544 1761 1847 1817 exorientis
1879 1829 1913 1836 Α
1946 1759 2112 1824 visae;
2152 1757 2294 1827 spei,
2338 1755 2587 1810 nondum
2622 1755 2847 1810 habitae.
2888 1753 3250 1824 Consequens
3281 1767 3413 1808 sane
3456 1752 3532 1808 sit

264 1829 527 1914 Ecclesia:
561 1829 780 1927 quidvis
814 1856 868 1910 in
899 1829 1150 1926 apricum
1188 1829 1513 1923 depromere
1547 1853 1846 1923 e'locuple-
1879 1829 1919 1884 Β
1953 1851 2098 1921 quod
2123 1865 2248 1904 cum
2279 1848 2558 1904 videbitur
2573 1847 2732 1904 sicuti
2764 1856 2848 1902 est
2877 1855 2931 1901 et
2959 1846 3274 1911 habebitur,
3297 1859 3530 1900 evacua-

264 1951 484 2005 tissimo
515 1965 661 2018 penu
693 1947 1042 2017 eloqui-orum
1084 1947 1419 2008 divinorum,
1447 1945 1640 2000 testari
1673 1945 1850 1999 abun-

263 2043 339 2098 de
375 2049 556 2112 potest
581 2055 723 2095 unus
754 2040 845 2094 ille
875 2038 1202 2095 Christianze
1233 2038 1514 2110 religionis
1543 2037 1849 2093 acerrimus

264 2144 646 2207 propugnator
701 2133 1002 2205 Gregorius
1045 2133 1442 2190 Nazianzenus.
1484 2145 1595 2202 quo
1648 2146 1852 2202 pretee-

263 2237 429 2299 ptore
480 2238 667 2282 noster
706 2225 1072 2298 Hieronymus
1126 2225 1352 2296 gloriari
1401 2240 1511 2279 non
1565 2239 1677 2278 uno
1729 2225 1850 2279 loco

267 2321 434 2373 solet.
461 2319 520 2372 In
549 2316 904 2388 Apologetico
926 2315 1130 2371 etenim
1159 2331 1260 2371 suo
1284 2314 1447 2369 docet
1472 2313 1526 2368 id
1556 2313 1848 2384 perspicue

267 2411 476 2480 triplici
499 2425 566 2464 ex
596 2409 763 2463 modo
793 2408 950 2471 oriri,
979 2423 1010 2463 e
1036 2423 1226 2472 sensu,
1252 2423 1283 2462 e
1323 2421 1598 2469 sermone,
1635 2421 1698 2460 ex
1731 2406 1850 2476 ipso

266 2505 493 2558 auditu.
539 2506 610 2557 At
655 2507 864 2572 quanto
910 2511 997 2555 est
1039 2500 1204 2554 hodie
1251 2500 1382 2554 aleae
1435 2497 1851 2569 pcriculosioris

268 2593 521 2649 scribere
551 2610 566 2645 :
607 2600 703 2646 aut
735 2591 884 2661 quod
917 2591 972 2645 in
995 2591 1308 2660 antiquario
1333 2589 1594 2660 quopiam
1620 2588 1850 2643 doctore

268 2686 488 2741 editum
510 2686 622 2756 jam
657 2684 789 2739 olim
826 2685 920 2750 sit,»
953 2684 1006 2738 in
1043 2684 1283 2738 alienam
1315 2681 1707 2737 transfundere
1745 2681 1854 2736 lin-

267 2793 457 2849 guam,
493 2787 558 2830 ac
603 2775 836 2845 pro-inde
887 2774 955 2829 ad
1007 2787 1356 2829 communem
1394 2772 1642 2827 omnium
1692 2787 1850 2827 usum

271 2867 422 2939 typis
482 2865 863 2931 committere,
914 2864 1138 2935 quando
1214 2863 1486 2933 quidquid
1548 2863 1852 2933 quamlibet

269 2965 465 3012 sancte
509 2954 716 3010 dixeris
751 2955 868 3024 rapi
911 2954 966 3009 id
994 2954 1170 3009 soleat
1197 2953 1250 3008 in
1277 2953 1572 3023 pessimam
1603 2953 1853 3024 partem?

269 3046 323 3103 Δ
355 3046 722 3102 novatoribus
759 3045 883 3101 istis
923 3053 1178 3100 veterum
1229 3043 1541 3104 haereseon,
1567 3043 1706 3098 nihil
1751 3059 1855 3098 ne-

270 3155 433 3195 cesse
467 3138 541 3194 sit
593 3131 657 3192 ut
701 3137 932 3192 doceam
969 3151 1135 3208 quam
1162 3135 1388 3208 oblique
1427 3145 1625 3191 cuncta
1663 3134 1853 3191 detor-

270 3241 577 3301 queantur,
609 3229 829 3299 quando
856 3244 966 3283 non
997 3229 1181 3294 Petro,
1214 3243 1324 3283 non
1371 3228 1566 3284 Joanni
1599 3236 1854 3298 parcunt,

272 3339 390 3378 non
427 3322 614 3378 vivido
654 3323 734 3377 illi
764 3338 971 3395 organo
1005 3322 1248 3393 Spiritus
1279 3322 1453 3378 sancti
1477 3322 1667 3386 Paulo,
1703 3337 1767 3377 ac
1791 3337 1861 3377 ne

274 3417 582 3488 Evangelio
607 3417 850 3487 quidem.
879 3416 986 3472 Sed
1009 3427 1065 3472 et
1097 3418 1201 3473 hoc
1234 3418 1463 3482 malum,
1489 3416 1636 3486 quod
1659 3417 1726 3472 ad
1762 3432 1864 3471 nos

275 3511 502 3576 attinet,
556 3517 838 3580 utcunque
908 3509 1194 3564 tolerabile
1243 3509 1423 3564 videri
1478 3509 1670 3578 possit.
1724 3507 1860 3563 Cum

274 3605 432 3660 enim
461 3603 577 3658 sint
610 3601 967 3667 insanabiles,
999 3602 1267 3672 praecipiti
1320 3601 1446 3672 fuga
1495 3599 1863 3672 praevertendi

276 3697 538 3760 veniunt,
575 3697 733 3767 juxta
769 3694 924 3750 Pauli
949 3695 1281 3756 doctrinam.
1313 3703 1370 3749 et
1397 3694 1578 3749 modis
1605 3693 1864 3750 omnibus

278 3792 518 3848 vitandi.
555 3787 724 3863 Major
753 3803 945 3846 eorum
979 3805 1113 3845 cura
1174 3797 1281 3854 est,
1345 3792 1440 3861 qui
1493 3791 1706 3862 privata
1754 3807 1864 3847 non

281 3887 419 3942 item
446 3884 667 3954 publica
695 3883 1028 3939 auctoritate
1056 3898 1258 3938 nomen
1283 3883 1388 3939 sibi
1429 3895 1656 3939 sumunt
1707 3885 1864 3940 theo-

277 3979 556 4049 logorum,
595 3975 689 4047 qui
756 3975 992 4030 frontem
1049 3975 1254 4032 habent
1295 3985 1406 4030 tam
1450 3976 1742 4032 efl‘runtem
1802 3993 1868 4033 ac

279 4069 650 4142 praefractam,
682 4075 734 4122 et
772 4085 840 4124 eo
889 4068 1215 4125 reciderunt
1253 4070 1582 4124 temeritatis
1617 4080 1678 4125 ut
1708 4071 1864 4140 quasi

275 4161 833 4234 quidam-Aristarchi
853 4177 1046 4217 eorum
1077 4162 1182 4216 sibi
1215 4162 1496 4218 vindicent
1527 4163 1866 4219 functionem

279 4259 666 4330 theologorum
694 4271 833 4326 quos
872 4269 1046 4326 penes
1091 4255 1450 4311 honorarium
1495 4257 1700 4328 pendet
1718 4257 1868 4328 judi-

275 4357 432 4412 cium
487 4353 834 4426 expendcndi
897 4353 1235 4422 Scripturas,
1279 4370 1412 4408 num
1464 4354 1723 4425 legitima:
1756 4354 1867 4409 sint

275 4456 540 4511 monetae,
573 4453 642 4500 an
681 4443 1012 4500 adulterinae
1042 4453 1139 4499 aut
1170 4444 1558 4515 supposititim.
1582 4443 1865 4516 Ejusmodi

1956 1943 2107 1998 bitur
2137 1941 2286 2013 quod
2345 1951 2646 2010 utrumque
2686 1957 2752 1996 ex
2788 1945 2940 2010 parte
2976 1946 3080 2005 est,
3117 1949 3173 1994 et
3215 1938 3534 2010 perficietur

1955 2035 2103 2106 quod
2131 2045 2218 2090 est
2246 2034 2469 2090 fabricae
2491 2033 2799 2103 spiritualis
2833 2049 2968 2104 apex
2996 2045 3052 2088 et
3081 2032 3410 2104 fastigium»
3441 2034 3537 2089 Est

1956 2128 2320 2182 nihilominus
2380 2126 2652 2182 catholica
2706 2127 2822 2181 haec
2884 2125 3411 2198 propositio:Fides
3479 2128 3537 2180 in

1955 2216 2210 2271 saeculum
2237 2216 2417 2272 stabit.
2449 2217 2608 2284 Quod
2636 2223 2721 2272 est
2769 2215 3017 2272 Hebrais
3049 2200 3300 2279 3515ch
3334 2215 3538 2271 Graecis

1957 2309 2112 2378 αἰών,
2145 2310 2308 2366 nobis
2339 2311 2610 2378 swculum,
2644 2325 2749 2365 vox
2772 2309 2972 2381 cuique
3008 2310 3208 2381 linguae
3236 2309 3534 2380 polysema,

1957 2402 2192 2458 testibus
2225 2401 2559 2476 Hieronymo
2593 2404 2649 2457 in
2681 2402 2983 2473 prophetas
3016 2410 3072 2458 et
3095 2402 3306 2457 Joanne
3344 2401 3541 2455 Dama-

1959 2509 2147 2558 sceno,
2176 2509 2297 2564 cap.
2337 2495 2360 2547 1
2393 2494 2524 2548 libri
2552 2511 2614 2557 ιι,
2643 2509 2794 2549 nunc
2829 2492 3072 2548 hominis
3127 2499 3365 2559 aetatem,
3392 2508 3542 2547 nunc

1959 2586 2145 2641 saeculi
2182 2587 2368 2652 tinem,
2399 2594 2464 2640 ut
2491 2585 2598 2641 hoc
2647 2583 2793 2652 loco,
2844 2585 3043 2657 signat.
3093 2584 3200 2641 Sed
3247 2591 3303 2639 et
3358 2585 3540 2640 locum

1961 2678 2147 2733 indico
2180 2679 2328 2734 unde
2368 2677 2711 2750 praescriptis
2757 2677 2946 2734 verbis
2984 2677 3040 2732 id
3077 2678 3293 2732 axioma
3321 2677 3543 2732 desum-

1959 2781 2115 2843 ptum
2152 2771 2243 2836 sit,
2275 2786 2478 2842 nempe
2533 2786 2563 2827 e
2593 2787 2660 2825 XL
2694 2786 2814 2842 cap.
2859 2767 3070 2825 Eceles.
3113 2768 3270 2824 Tunc
3301 2769 3543 2839 primum

1959 2867 2029 2922 ab
2059 2881 2126 2922 eo
2165 2865 2488 2936 scrupulum
2524 2864 2675 2920 hunc
2707 2863 2947 2919 excussi.
2984 2862 3174 2932 Neque
3219 2862 3326 2916 hoc
3377 2861 3544 2917 velim

1959 2962 2242 3017 existimes
2269 2974 2336 3015 eo
2374 2976 2405 3014 a
2446 2973 2532 3013 me
2562 2958 2795 3020 dictum,
2821 2956 2964 3026 quod
2991 2955 3245 3011 damnem
3276 2956 3339 3010 D.
3384 2955 3544 3011 theo-

1961 3057 2211 3128 logorum
2245 3053 2368 3124 pios
2389 3051 2610 3108 labores
2637 3051 2691 3104 in
2716 3046 3068 3120 explorandis
3089 3047 3391 3118 Seripturis
3411 3063 3544 3101 num

1962 3144 2220 3216 legitimae
2258 3144 2370 3200 sint
2414 3153 2469 3200 et
2534 3143 2744 3198 lectore
2791 3140 3109 3196 Christiano
3153 3140 3351 3212 dignae.
3399 3138 3544 3206 Quin

1963 3238 2099 3294 adeo
2115 3252 2224 3293 non
2247 3237 2470 3305 damno,
2503 3234 2754 3291 utetiam
2800 3233 3018 3289 tuendae
3047 3232 3174 3288 fidei
3205 3231 3545 3297 orthodoxae,

1961 3339 2089 3386 ante
2149 3329 2693 3386 senatusconsultum
2721 3328 2776 3382 in
2817 3327 2962 3382 hanc
3010 3337 3126 3382 rem
3171 3324 3441 3381 sancitum
3493 3333 3545 3378 et

1962 3425 2194 3490 editum,
2247 3424 2564 3480 necessario
2633 3420 2947 3477 censuerim
2983 3434 3202 3490 semper
3253 3429 3309 3473 et
3353 3417 3546 3472 eadem

1965 3520 2202 3584 ratione,
2254 3517 2403 3590 vulgi
2457 3525 2622 3587 atque
2681 3515 3121 3570 Lutheranorum
3191 3510 3546 3582 negligendos

1964 3609 2327 3681 contemptim
2361 3609 2732 3673 rumusculos,
2767 3606 3095 3678 pervicacite
3133 3613 3346 3658 tantum
3378 3611 3434 3658 et
3465 3613 3546 3658 te-

1965 3703 2238 3758 meritatis
2260 3701 2579 3757 Dathanieae
2613 3710 2670 3756 et
2699 3699 3014 3756 Abironica:
3040 3711 3302 3770 perquam
3330 3698 3544 3768 plenos.

1965 3797 2043 3852 De
2094 3811 2197 3852 suo
2245 3794 2468 3866 opificio
2522 3793 2847 3864 pronuntiat
2895 3791 3075 3862 quivis
3129 3789 3334 3862 epifex,
3368 3798 3545 3856 sutor,

1966 3901 2164 3956 sartor,
2202 3890 2463 3960 piscator,
2491 3889 2694 3958 pellio;
2731 3887 2800 3942 de
2834 3885 3142 3955 theologica
3185 3899 3268 3949 re,
3298 3885 3546 3940 omnium

1968 4001 2088 4054 quae
2112 3984 2166 4038 in
2194 3983 2357 4036 terris
2380 3989 2506 4035 sunt
2531 3979 2942 4050 augustissima,
2967 3977 3068 4033 soli
3100 3978 3190 4033 isti
3224 3978 3346 4048 ejus
3369 3979 3542 4034 rudis-

1967 4076 2093 4132 simi
2132 4075 2436 4131 censebunt
2467 4073 2715 4142 opifices,
2748 4071 2843 4126 uni
2895 4072 3148 4142 theologo
3216 4087 3326 4126 non
3357 4071 3548 4127 licebit

1970 4171 2024 4225 in
2057 4180 2274 4226 suomet
2306 4185 2499 4240 campo
2526 4170 2928 4240 pronuntiare?
2961 4168 3023 4222 Et
3050 4168 3167 4224 lucc
3208 4177 3314 4222 tam
3357 4169 3547 4224 multis

1967 4264 2136 4320 libuit
2159 4263 2429 4327 scribere,
2455 4271 2518 4317 ut
2551 4263 2830 4332 intelligas
2871 4263 2926 4317 in
2974 4262 3198 4332 quantis
3224 4261 3388 4318 hodie
3418 4279 3546 4317 ver-

1968 4365 2122 4412 setur
2171 4356 2431 4427 periculis
2486 4356 2738 4427 quisquis
2790 4355 3006 4411 scribit.
3037 4355 3120 4410 Ad
3173 4370 3237 4410 ea
3286 4364 3342 4410 et
3376 4371 3547 4426 pauca

1968 4449 2154 4515 venio,
2181 4464 2304 4519 quae
2335 4449 2589 4503 nonnihil
2617 4448 2938 4504 desiderant
2956 4449 3095 4504 lucis
3122 4464 3232 4521 qua
3261 4448 3548 4504 illustrcn-

275 4535 620 4612 pr:cproperi
668 4535 808 4592 adeo
845 4545 975 4591 sunt
1016 4546 1070 4592 et
1104 4537 1407 4607 przecipitis
1443 4536 1664 4607 judicii,
1698 4543 1758 4590 ut
1792 4536 1861 4592 de
1898 4547 1938 4602 D
1970 4549 2060 4595 tur
2099 4549 2154 4596 et
2209 4543 2620 4612 Splendescant,
2656 4553 2712 4598 et
2744 4543 2893 4606 inec,
2920 4542 3172 4614 inquam,
3215 4542 3549 4614 paucissima

273 4632 482 4705 quovis
535 4631 778 4686 nondum
841 4639 1052 4706 mature
1106 4629 1249 4684 lecto
1305 4642 1534 4684 censere
1582 4629 1768 4683 ausint
1799 4645 1864 4685 ac

273 4741 480 4797 magna
523 4741 648 4782 cum
699 4725 957 4780 libertate
988 4722 1370 4794 pronuntiare.
1402 4721 1627 4777 Liberet
1654 4722 1863 4778 dictum

275 4821 390 4875 hoc
420 4834 604 4873 meum
635 4818 845 4888 duplici
873 4816 1256 4888 experimento
1286 4817 1635 4883 confirmare,
1672 4825 1732 4871 ut
1763 4816 1857 4872 ad~

278 4911 532 4966 monitus
587 4910 762 4966 lector
793 4909 859 4982 (si
911 4911 1035 4980 quis
1102 4910 1320 4965 tandem
1380 4909 1682 4982 continget)
1745 4910 1866 4977 pios

271 5003 435 5074 juxta
489 5015 554 5056 ac
606 5001 800 5056 doctos
852 5017 960 5056 non
999 5001 1130 5058 satis
1152 5017 1310 5072 azquo
1339 5001 1533 5072 judicii
1573 5000 1865 5056 libramine

272 5108 557 5164 expenses
608 5095 913 5165 prospiciat
956 5110 1028 5150 ne
1063 5095 1291 5150 damnet
1324 5094 1586 5149 immeriti
1632 5095 1863 5158 erroris,

272 5186 385 5240 hac
413 5187 720 5256 praesertim
766 5194 927 5241 :etate
955 5185 1104 5240 omni
1144 5185 1668 5255 tragmdio-graphia
1698 5201 1864 5256 supe-

273 5279 447 5332 riore.
466 5276 624 5343 Quod
651 5277 836 5348 priore
869 5277 992 5332 loco
1023 5275 1115 5331 hic
1137 5275 1436 5332 dicendum
1459 5276 1656 5341 fuerat,
1685 5277 1864 5332 visum

272 5379 367 5426 est
429 5369 658 5426 differre
699 5369 754 5425 in
807 5369 1244 5442 recognitionem
1304 5370 1496 5440 operis
1553 5369 1862 5441 imperfecti

273 5463 514 5520 Joannis
557 5462 938 5534 Chrysostomi
970 5463 1026 5518 in
1060 5463 1396 5518 Matthaeum.
1424 5462 1543 5518 lam
1583 5462 1648 5517 ad
1686 5462 1740 5517 id
1770 5462 1864 5519 de-

273 5554 492 5609 scendo
525 5555 675 5625 quod
717 5571 805 5610 me
838 5557 1068 5626 propius
1100 5562 1282 5626 urget.
1330 5553 1496 5609 Initio
1531 5554 1718 5610 statim
1754 5556 1866 5625 pri-

271 5664 426 5702 mam
461 5649 872 5719 αὑτοσχεδίασιν
900 5649 990 5703 vix
1018 5664 1258 5715 versam,
1307 5649 1545 5704 amiculo
1609 5648 1736 5703 dedi
1783 5649 1863 5703 la-

273 5740 536 5809 gcndam,
575 5741 740 5796 docto
785 5741 1032 5811 quidem,
1062 5739 1180 5806 sed,
1215 5749 1277 5794 ut
1316 5742 1495 5796 exitus
1535 5739 1746 5804 docuit,
1778 5757 1866 5795 ar-

275 5833 486 5902 gutiori
512 5850 678 5904 quam
729 5835 784 5887 in
836 5833 1157 5888 evolvendis
1193 5832 1387 5888 Bibliis
1415 5833 1772 5905 diligentiori.
1803 5834 1860 5888 ln

533 5927 808 5987 PATROL.
856 5928 966 5986 Gn.
1008 5924 1334 5988 LXXXIX.

1965 4633 2270 4701 conferam,
2303 4635 2756 4706 quandoquidem
2791 4645 2950 4706 urget
3002 4635 3223 4705 prelum
3246 4635 3548 4690 vehemen-

1967 4736 2072 4782 ter.
2108 4727 2288 4783 Locus
2315 4727 2406 4798 qui
2438 4744 2497 4784 se
2532 4728 2694 4783 offert
2735 4727 3170 4790 discutiendum,
3195 4727 3412 4798 primus
3458 4728 3549 4783 ille

1965 4832 2052 4877 est
2080 4821 2135 4877 in
2194 4822 2313 4893 ipso
2339 4821 2558 4893 Prologi
2595 4821 2872 4877 vestibulo
2903 4838 2933 4877 e
2961 4821 3205 4876 Canticis
3239 4819 3550 4876 Salomonis

1967 4910 2349 4982 depromptus,
2400 4927 2510 4982 quo
2543 4911 2716 4969 libros
2762 4912 3069 4966 Bibliorum
3120 4911 3356 4982 (eximite
3405 4911 3549 4966 inter

1968 5011 2197 5057 eteteros
2228 5003 2601 5071 auctoritatis)
2631 5003 2951 5074 parabolica
2989 5003 3284 5060 collatione
3331 5004 3551 5060 confert

1967 5094 2252 5163 sexaginta
2305 5093 2554 5166 reginis,
2609 5111 2734 5150 cum
2773 5095 3099 5164 neutiquam
3153 5094 3383 5150 totidem
3438 5095 3553 5150 sint

1965 5187 2119 5241 libri.
2150 5188 2424 5244 (lzeterum
2480 5204 2589 5243 non
2639 5202 2932 5242 numerum
2983 5187 3075 5243 hic
3134 5189 3392 5250 attendit.
3449 5189 3549 5246 sed

1968 5280 2354 5336 auctoritatem
2415 5281 2531 5337 sive
2589 5279 2912 5352 dignitatem
2948 5297 2962 5334 :
2996 5281 3145 5352 quod
3197 5292 3284 5338 sat
3337 5291 3423 5337 est
3479 5283 3550 5338 ad

1967 5371 2293 5426 eliciendam
2339 5373 2627 5428 veritatem
2706 5372 3085 5439 Homoeoseos,
3123 5373 3285 5442 cujus
3333 5373 3549 5443 species

1969 5473 2082 5518 tres
2123 5472 2272 5528 sunt,
2312 5464 2498 5530 εἰκὼν,
2531 5466 2626 5518 καὶ
2681 5465 3054 5536 παράδειγμα,
3099 5467 3195 5520 καὶ
3235 5466 3546 5537 παραϐολή.

1970 5557 2174 5613 Homil.
2227 5557 2338 5624 26,
2400 5559 2548 5628 quod
2593 5559 2851 5614 hortatur
2896 5559 3236 5622 monachos,
3291 5558 3550 5614 manibus

1967 5657 2192 5705 strenue
2234 5661 2295 5704 ut
2343 5650 2632 5718 laborent;
2675 5651 2824 5707 idem
2851 5651 3218 5725 Hieronymus
3266 5651 3334 5706 ad
3357 5652 3548 5706 Rusti-

1967 5755 2114 5807 eum,
2149 5742 2481 5800 Benedictus
2525 5756 2580 5801 et
2606 5745 2810 5802 caeteri.
2845 5745 3046 5802 llomil.
3081 5745 3151 5801 49
3183 5751 3334 5799 arcet
3373 5743 3548 5799 Simo-

1966 5834 2158 5892 niacos
2213 5852 2242 5892 a
2301 5837 2529 5910 judicio,
2562 5855 2675 5896 non
2711 5840 3107 5912 qualicunque,
3131 5838 3227 5893 sed
3257 5847 3548 5911 usurpato-

3157 5931 3230 5992 45
