4052 6534
575 327 712 394 1419

1844 322 2210 384 ANTIOCHI
2250 321 2599 386 MONACHI

3695 317 3823 383 1420

561 447 678 510 rio,
704 443 1011 515 suspicioso
1037 453 1093 499 ct
1121 439 1414 498 temerario
1444 479 1457 504 ,
1493 436 1730 492 maxime
1768 450 1799 490 a
1830 435 2040 506 iudicio
2071 451 2155 490 rc-
2185 442 2228 498 Α
2262 435 2340 488 De
2372 436 2563 506 spiritu
2602 441 2651 487 ct
2696 435 2876 488 anima
2920 433 3278 504 cxsequitur’;
3319 433 3668 505 Hippocratis
3700 449 3828 504 quo-

572 538 916 608 probationis
941 535 1088 606 quod
1119 535 1293 589 solius
1313 541 1398 586 est
1425 531 1522 585 Dei
1559 548 1570 582 :
1595 545 1703 583 non
1732 529 1863 584 item
1896 529 2155 599 prohibet

573 625 858 695 publicum
898 625 1013 679 sive
1039 624 1447 678 contentiosum
1484 620 1539 673 in
1585 619 1692 674 hoc
1728 619 2067 682 institutum,
2093 629 2156 673 ιιι

572 727 894 788 protegatur
925 716 1262 778 innocentia,
1290 723 1347 767 ct
1375 712 1584 766 malitia
1626 713 1910 782 puniatur,
1935 713 1990 776 2,
2018 728 2074 781 q.
2106 713 2152 774 l,

574 810 704 874 Qua:
755 809 1056 862 Lotharius.
1111 807 1312 861 llomil.
1379 806 1484 869 65,
1544 804 1726 870 initio,
1750 804 1928 859 videri
1979 805 2155 874 possit

571 901 722 974 otiuii
751 915 977 970 prorsus
995 901 1317 971 iuramento
1366 897 1702 953 interdicere
1736 897 1976 952 voluisse
1997 896 2157 953 Chri-

571 993 786 1059 stianis,
841 993 1135 1048 collatione
1192 992 1482 1062 utriusque
1532 993 1690 1062 legis,
1759 1005 1888 1044 cum
1945 989 2152 1060 alioqui

567 1088 944 1158 iuramentum
999 1087 1084 1141 sui
1125 1094 1323 1139 natura
1377 1086 1582 1140 malum
1624 1083 1763 1139 adeo
1813 1099 1923 1138 non
1966 1083 2062 1149 sit,
2095 1093 2156 1138 ut

571 1189 730 1234 actus
772 1179 937 1233 etiam
989 1177 1163 1233 latriae
1197 1179 1289 1242 sit,
1328 1177 1513 1233 adsint
1548 1176 1711 1232 modo
1762 1184 1872 1231 tres
1898 1176 2152 1241 comites,

571 1270 798 1332 veritas,
826 1268 1098 1339 judicium
1141 1276 1197 1322 et
1241 1267 1474 1338 iustitia,
1510 1276 1648 1321 teste
1688 1267 1752 1320 D.
1786 1266 2018 1320 Thoma.
2044 1265 2154 1321 Ve-

571 1380 692 1417 rum
723 1363 944 1432 quando
979 1362 1103 1416 libri
1138 1362 1280 1432 juris
1316 1363 1604 1429 utriusque
1629 1359 1905 1414 fusissime
1928 1358 2152 1423 docent,

571 1455 774 1526 quibus
798 1455 866 1509 de
898 1455 1082 1508 causis
1114 1453 1280 1507 liceat
1324 1454 1534 1522 iurare,
1570 1450 1776 1520 quibus
1807 1465 1942 1515 non,
1969 1449 2067 1503 sed
2101 1459 2158 1502 et

570 1549 760 1604 schola
813 1546 1192 1616 theologorum
1239 1543 1347 1598 illis
1411 1541 1602 1597 eadem
1652 1541 1720 1596 de
1771 1556 1830 1596 re
1867 1540 2152 1596 concinit:

572 1640 707 1694 satis
732 1637 965 1692 videbor
1001 1634 1198 1690 iecisse
1221 1634 1266 1688 si
1291 1633 1532 1688 docuero
1555 1631 1890 1686 Antiochum
1915 1629 2155 1684 voluisse

571 1745 602 1783 a
635 1727 871 1798 reproba
921 1722 1328 1780 consuetudine
1373 1719 1596 1792 iurandi
1651 1733 1883 1774 avocare
1931 1717 2152 1780 fratres,

2260 545 2365 599 que
2391 529 2825 583 cornmcntarius
2852 528 3131 584 fusissime
3164 530 3220 583 in
3244 529 3411 599 huius
3436 528 3830 598 Apotelesmata

2259 622 2326 676 (le
2366 622 2618 676 somniis.
2646 621 2920 691 Apathian
2957 622 3184 692 insuper
3206 622 3376 676 sumit
3402 637 3512 676 non
3541 637 3641 691 pro
3668 624 3833 678 cumi-

2259 714 2416 768 moda
2474 715 2565 768 illa
2613 729 2741 784 erga
2794 714 3118 769 all'ectioncs
3170 714 3287 770 sive
3338 715 3624 785 passiones
3672 715 3832 770 animi

2258 805 2646 861 immobilitate
2678 823 2690 859 :
2720 805 2815 875 qui
2863 821 3022 860 error
3063 807 3524 877 philosophorum
3555 817 3713 872 erat;
3746 808 3834 862 ad-

2257 913 2455 952 versus
2487 911 2654 966 quem
2696 895 2974 960 Laertius,
3035 898 3307 970 Diogenes
3353 909 3411 955 et
3467 900 3832 955 Plutarchus:

2256 1006 2325 1044 ex
2375 989 2610 1053 Latinis,
2664 988 2839 1043 Aulus
2889 988 3119 1055 Gellius,
3171 1001 3397 1046 sanctus
3453 991 3836 1064 Hieronymus,

2257 1092 2420 1152 atque
2452 1080 2794 1151 Augustinus
2847 1081 3115 1137 adversus
3145 1083 3462 1154 Pelagium;
3495 1083 3594 1139 sed
3627 1100 3729 1155 pro
3753 1101 3840 1140 eu-

2259 1175 2490 1245 thymia,
2520 1174 2574 1228 id
2600 1181 2706 1238 est,
2735 1189 2837 1244 pro
2869 1181 3012 1229 statu
3045 1176 3337 1245 compositi
3364 1177 3557 1242 animi,
3613 1179 3837 1246 requieti

2257 1283 2321 1322 ac
2357 1266 2534 1320 sedati
2589 1267 2660 1321 ab
2709 1266 3038 1337 intemperie
3088 1269 3547 1323 tumultuantium
3595 1270 3838 1324 affectio-

2258 1373 2430 1412 num:
2463 1357 2570 1412 hoc
2613 1368 2722 1422 est,
2771 1373 2872 1427 pro
2919 1359 3342 1428 tranquillitate.
3385 1360 3598 1416 Verum
3638 1376 3728 1415 me
3757 1361 3840 1416 hic

2258 1447 2467 1511 dicere,
2515 1446 2635 1516 ipse
2701 1446 2806 1501 sibi
2870 1447 3028 1501 testis
3086 1456 3174 1503 est
3219 1448 3470 1518 locuples
3522 1449 3632 1504 sub
3685 1449 3839 1504 tinem

2258 1539 2452 1593 homil.
2480 1538 2568 1603 79,
2599 1554 2723 1609 quae
2749 1537 2818 1594 de
2847 1554 3024 1609 agone
3057 1547 3163 1594 est.
3189 1539 3440 1610 Denique
3476 1539 3661 1595 videri
3693 1550 3843 1611 pote-

2259 1630 2333 1684 rit
2370 1629 2571 1686 alicubi
2625 1630 2816 1686 varius
2864 1630 2921 1684 in
2971 1632 3297 1701 acceptione
3358 1632 3700 1698 dictionum,
3732 1650 3845 1704 quae

2257 1732 2453 1794 suapte
2489 1730 2687 1778 natura
2719 1723 3016 1795 polyscmze
3044 1734 3193 1779 sunt.
3222 1725 3354 1780 Duae
3400 1735 3714 1782 occurrunt
3753 1742 3845 1798 po-

571 1837 712 1892 quos
735 1821 885 1875 nulla
917 1817 1146 1889 urgebat
1188 1813 1410 1886 iurandi
1457 1811 1762 1867 necessitas
1789 1829 1802 1865 :
1825 1825 1992 1881 quam
2021 1824 2154 1865 con-
2184 1808 2228 1865 Β
2260 1817 2554 1874 tissimum,
2581 1815 2874 1893 Homiliam
2904 1816 3227 1872 vicesimam
3273 1817 3550 1881 inscribit,
3577 1819 3720 1889 Περὶ
3747 1837 3842 1873 σω.

572 1912 946 1976 suetudinem,
977 1924 1140 1964 nemo
1187 1907 1314 1979 pius
1361 1904 1458 1975 qui
1510 1919 1621 1959 non
1664 1911 2003 1958 exsecretur.
2038 1901 2155 1956 Hoc

571 2006 814 2062 voluisse
889 2002 1261 2066 Antiochum,
1349 1999 1585 2054 verbum
1671 1996 2149 2068 παρακελεύομαι,

571 2100 679 2154 hoc
703 2106 806 2162 est,
837 2095 1245 2168 προτρέπομαι,
1275 2092 1548 2154 adhortor,
1573 2089 1852 2155 admoneo,
1889 2087 2158 2144 facilein-

571 2190 742 2244 dicat.
824 2186 1064 2243 Proinde
1125 2201 1226 2256 per
1295 2183 1593 2256 iuramenti
1669 2197 1782 2236 non
1852 2182 2155 2237 necessarii

571 2279 1032 2338 consuetudinem
1068 2277 1171 2350 ipsi
1202 2276 1520 2348 experimur
1552 2283 1756 2345 quanta
1808 2274 2156 2344 proclivitatc

573 2377 860 2446 rapiantur
894 2371 961 2426 ad
1009 2370 1250 2442 periuria
1311 2367 1586 2432 homines,
1637 2377 1695 2422 et
1755 2366 2154 2436 blasphemiam

572 2467 898 2536 sacrilegam
927 2481 940 2516 :
969 2477 1140 2532 quare
1175 2463 1355 2516 locum
1405 2460 1497 2515 hic
1543 2458 1713 2514 habet
1759 2457 1908 2529 quod
1942 2457 2157 2531 inducit

571 2558 722 2612 Glos.
755 2557 810 2612 in
838 2554 995 2620 illud,
1029 2552 1132 2608 Sed
1165 2553 1290 2624 quia
1333 2552 1593 2630 peierare,
1623 2551 1714 2610 2‘2,
1763 2565 1820 2620 q.
1853 2550 1905 2610 1,
1935 2564 2055 2619 cap.
2089 2548 2155 2603 In

571 2649 716 2704 Novo
748 2647 1102 2701 Testamento.
1141 2645 1542 2713 Argumentum
1577 2650 1681 2700 est,
1722 2639 1871 2710 quod
1901 2637 2156 2710 quando-

571 2756 680 2810 quc
717 2737 1047 2809 prohibetur
1101 2733 1308 2804 aliquid
1350 2748 1460 2787 non
1495 2741 1724 2803 propter
1756 2747 1839 2798 se,
1878 2731 1977 2787 sed
2020 2745 2152 2802 pro-

573 2840 694 2898 pter
730 2826 862 2880 illud
908 2824 1055 2894 quod
1120 2823 1248 2878 inde
1312 2821 1470 2893 sequi
1522 2837 1633 2876 non
1673 2831 1875 2892 potest,
1906 2823 2070 2892 il,q.
2097 2822 2152 2888 5,

571 2922 768 2981 Nolite,
795 2928 842 2976 et
882 2919 950 2972 27
982 2920 1104 2971 dist.
1142 2916 1248 2972 Sed
1275 2924 1331 2972 et
1361 2915 1708 2974 Venerabilis
1746 2915 1893 2971 Beda
1923 2915 1980 2970 in
2017 2915 2153 2970 illud

573 3015 762 3070 Jacobi
799 3013 977 3068 :Ante
1049 3012 1228 3064 omnia
1253 3049 1269 3075 ,
1335 3009 1528 3080 fratres
1563 3048 1578 3074 ,
1629 3015 1766 3074 etc.,
1802 3007 2157 3064 consuetudi-

573 3121 698 3160 nem
733 3103 994 3174 probibet
1024 3099 1268 3172 iurandi,
1303 3115 1374 3154 ne
1401 3116 1468 3155 ex
1492 3114 1555 3154 ea
1581 3098 1910 3153 deveniatur
1935 3098 1991 3153 in
2022 3113 2154 3168 per-

566 3195 798 3267 iurium.
829 3192 1029 3248 llomil.
1053 3190 1142 3254 84,
1162 3207 1283 3261 quae
1310 3198 1393 3246 est
1419 3189 1488 3245 de
1519 3190 1827 3256 insomniis,
1860 3189 2022 3246 tidem
2051 3205 2161 3244 non

574 3286 886 3343 habendam
934 3284 1224 3340 insomniis
1254 3283 1417 3338 docet
1442 3284 1696 3354 exemplo
1718 3283 2064 3350 luculenter;
2105 3283 2161 3339 id

573 3396 707 3434 vero
739 3377 1181 3448 intelligendum,
1213 3376 1322 3431 nisi
1363 3375 1623 3430 discretio
1661 3375 1958 3444 spirituum
1995 3375 2158 3431 adsit.

574 3474 711 3528 Sunt
743 3473 890 3529 enim
925 3471 1140 3543 species
1170 3470 1360 3536 variae,
1395 3485 1533 3541 quas
1565 3470 1904 3540 Augustinus
1930 3470 1984 3526 in
2019 3471 2161 3528 libro

574 3657 729 3711 Liber
761 3655 858 3709 Dei
887 3663 1150 3727 praecepta
1190 3655 1482 3727 continens,
1531 3655 1855 3727 insunerque
1899 3657 2160 3726 interpre-

645 3723 1102 3791 tationes'eorum,
1145 3742 1346 3780 necnon
1374 3723 1673 3780 doctrinam
1727 3723 1792 3781 iis
1846 3723 2158 3782 convenien-

645 3807 748 3852 tem
786 3807 835 3851 et
872 3805 1266 3868 congruentem.

910 3981 1273 4040 PROLOGUS
1311 3981 1526 4039 llUJUS
1562 3981 1830 4039 OPERIS.

645 4095 952 4152 Antiochus
990 4095 1102 4162 ille,
1130 4095 1225 4166 qui
1270 4095 1477 4151 mundo
1525 4096 1749 4167 penitus
1795 4095 2152 4164 renuntiavit,

571 4189 709 4244 etin
744 4191 927 4260 magni
973 4188 1121 4243 illius
1173 4187 1329 4244 Saba:
1383 4188 1723 4244 monasterio
1776 4203 1890 4244 non
1958 4189 2155 4260 exiguo

2172 3601 2242 3613 .—

2255 1911 2554 1982 φροσύνης,
2603 1924 2772 1980 quam
2821 1907 3242 1980 inscriptionem
3297 1909 3628 1966 vertendam
3673 1910 3841 1978 docet,

2255 2003 2337 2057 uti
2375 2001 2665 2067 vertimus,
2700 2000 3060 2056 subinductio
3100 2001 3480 2072 exemplorum
3513 2020 3526 2056 :
3564 2001 3652 2056 De
3699 2005 3843 2058 casti-

2255 2102 2366 2148 tate
2401 2094 2510 2148 sive
2569 2093 2849 2164 pudicitia.
2896 2092 3114 2147 lnducit
3159 2093 3306 2149 enim
3359 2094 3592 2166 Joseph,
3652 2095 3844 2152 Susan-

2256 2202 2404 2252 nam,
2434 2185 2838 2256 Sarephtanam
2899 2185 3146 2252 viduam,
3188 2187 3523 2258 Gregorium
3565 2189 3845 2245 Neocaesa-

2254 2279 2521 2346 riensem,
2550 2277 2775 2350 Cyrum,
2817 2277 2886 2334 dc
2923 2293 3036 2349 quo
3065 2279 3212 2350 apud
3251 2279 3689 2352 Xenophontem
3717 2300 3731 2336 :
3755 2297 3842 2338 ne

2255 2385 2364 2440 que
2392 2370 2540 2426 enim
2581 2370 2944 2427 sobrietatem
2992 2381 3088 2427 aut
3142 2372 3436 2428 sanitatem
3494 2375 3708 2430 mentis
3751 2375 3841 2431 hoc

2254 2463 2379 2518 loco
2399 2463 2580 2518 solum
2619 2463 2850 2520 indicat.
2891 2463 2999 2519 Sed
3030 2472 3088 2520 et
3127 2465 3232 2520 sub
3257 2479 3382 2536 eius
3408 2464 3664 2521 bomilia:
3689 2467 3837 2524 ﬁnem

2253 2555 2440 2611 locum
2501 2555 2773 2612 inducens
2819 2572 2887 2612 ex
2929 2572 3052 2627 cap.
3083 2571 3122 2612 ..'
3173 2557 3242 2612 ad
3309 2557 3515 2624 Titum,
3550 2560 3841 2632 σωφρόνως

2254 2651 2351 2704 καὶ
2379 2649 2607 2714 δικαίως
2631 2651 2726 2704 καὶ
2755 2650 3022 2715 εὐσεϐῶς,
3046 2651 3103 2705 ni
3133 2651 3294 2706 fallor
3325 2652 3628 2722 σωφρόνως
3661 2655 3837 2718 sumit,

2255 2758 2380 2814 pro,
2415 2752 2581 2809 caste,
2614 2744 2843 2814 pudice:
2870 2753 2931 2798 ut
2971 2744 3045 2798 sit
3079 2743 3360 2798 acoluthia
3385 2747 3722 2802 sententia:
3752 2763 3839 2802 nos

2256 2844 2442 2892 tamen
2491 2837 2812 2909 religiosum
2861 2837 3122 2892 duximus
3153 2837 3369 2892 variare
3412 2839 3838 2894 ecclesiasticam

2252 2930 2571 2998 lectionem,
2596 2931 2966 3001 interpretati,
2996 2931 3166 2984 sobrie
3188 2938 3245 2984 et
3262 2931 3429 3000 juste.
3463 2929 3664 2987 Simile
3689 2933 3841 3003 quid-

2254 3023 2381 3079 dam
2438 3023 2496 3079 in
2540 3023 2765 3078 bomilia
2824 3024 2928 3079 106
2964 3023 3275 3094 comperies
3304 3040 3318 3076 :
3348 3025 3514 3096 εὐχὴν
3558 3026 3713 3080 enim
3752 3041 3840 3096 pro

2263 3115 2516 3171 oratione
2555 3116 2650 3170 ubi
2699 3115 2970 3186 sumpsit;
3007 3115 3110 3170 sub
3146 3115 3311 3170 tinem
3337 3117 3561 3172 videtur
3587 3134 3696 3189 pro
3723 3129 3840 3172 voto

2265 3207 2519 3277 accipere
2557 3225 2568 3261 :
2601 3206 2660 3262 Si
2686 3209 2907 3271 voceris,
2937 3215 3046 3262 etc.
3098 3205 3204 3262 Sed
3237 3221 3302 3261 ea
3334 3223 3440 3261 vox
3464 3223 3591 3262 cum
3628 3219 3836 3263 utrum-

2263 3317 2371 3371 que
2421 3301 2648 3368 indicet,
2703 3301 2860 3358 locus
2911 3312 2998 3358 est
3051 3303 3417 3358 excusationi.
3453 3303 3525 3358 Et
3573 3303 3694 3360 hzec
3720 3320 3837 3358 sane

2266 3399 2422 3458 sunt,
2463 3392 2701 3450 candide
2744 3393 2940 3459 lector,
2971 3409 3209 3464 quorum
3238 3394 3415 3465 gratia
3444 3396 3645 3452 anxius
3680 3397 3836 3452 haere-

2264 3485 2409 3540 bam.

2263 3669 2482 3737 Βίϐλος
2504 3673 2533 3742 ἕ
2563 3674 2930 3742 περιέχουσα
2949 3672 3057 3740 τὰς
3081 3673 3185 3727 τοῦ
3200 3673 3422 3742 Κυρίου
3441 3672 3722 3742 ἐντολὰς,
3761 3674 3834 3728 ἔτι

2333 3757 2398 3809 γε
2442 3741 2591 3813 μὴν(
2618 3741 2717 3796 καὶ
2753 3743 2860 3810 τὰς
2902 3743 3223 3813 ἑρμηνείας
3269 3741 3504 3798 αὐτῶν·
3536 3745 3691 3813 πρὸς
3716 3751 3833 3799 τού-

2331 3828 2457 3876 τοις
2499 3811 2735 3880 καὶτὰς
2767 3811 3264 3884 συναρμοζούσας
3310 3816 3553 3882 ταύταις
3578 3811 3708 3870 erat
3748 3816 3832 3879 ἐξ·

2326 3884 2789 3950 ακολουθούσας
2820 3883 3239 3951 διδασκαλίας.

2295 3994 2652 4050 ΠΡΟΛΟΓΟΣ
2690 3997 2830 4051 ΤΟΥ
2867 3998 3238 4052 ΠᾹΡΟΝἸῸΣ
3275 3998 3800 4056 ΣΥΝΤΑΓΜΑΤΟΣ.

2346 4107 2622 4178 Ἀντίοχος
2672 4109 2774 4181 μὲν
2827 4111 3034 4174 ἐκεῖνος
3059 4112 3088 4164 ὁ
3115 4111 3279 4164 παντὶ
3312 4111 3493 4182 πάντη
3535 4111 3613 4186 τῷ
3653 4114 3830 4184 κόσμῳ

2262 4199 2696 4272 ἀποταξάμενος,
2732 4203 2828 4257 καὶ
2860 4205 2928 4275 τῇ
2975 4203 3070 4256 τοῦ
3122 4203 3359 4274 μεγάλου
3403 4205 3553 4258 Σάϐα
3585 4207 3642 4260 ὲν
3684 4206 3824 4278 Ἰερο-

573 4291 821 4351 tempore
869 4279 926 4334 in
979 4295 1202 4336 secessu
1255 4279 1426 4336 vitam
1479 4279 1667 4347 duxit;
1703 4279 1836 4334 dum
1882 4279 1990 4335 sibi
2051 4279 2155 4351 ipsi

2266 4291 2390 4347 σολύ
2400 4311 2522 4363 μοις
2554 4297 2690 4366 μονῇ
2723 4295 3072 4366 ὲφησυχάσας
3097 4297 3288 4367 χρόνον
3315 4297 3437 4368 οὐχὶ
3459 4298 3828 4371 μικρόνόῧτω

575 4382 798 4429 vacaret
838 4381 894 4428 et
941 4373 1279 4436 attenderet,
1310 4373 1545 4443 adeptus
1589 4389 1777 4428 rerum
1824 4373 2155 4429 salutarium

572 4465 828 4520 notitiam
882 4464 1187 4519 secundum
1241 4464 1377 4518 illud
1431 4473 1790 4534 praeceptum,
1852 4464 2045 4519 Vacate
2103 4474 2152 4520 et

571 4557 776 4621 scitote,
798 4554 1046 4610 collectis
1073 4554 1314 4624 Spiritus
1368 4554 1544 4609 sancti
1586 4555 1818 4622 divitiis,
1857 4572 2034 4627 neque
2066 4573 2154 4612 se-

572 4647 696 4717 gnis
727 4645 794 4700 ad
844 4658 938 4700 eas
999 4644 1294 4715 egentibus
1328 4645 1554 4716 largiter
1607 4646 1993 4715 effundendas,
2029 4665 2155 4703 cum

573 4733 955 4790 centenarium
981 4733 1220 4788 fructum
1258 4735 1537 4790 retulisset
1576 4745 1631 4790 et
1661 4735 1924 4792 talentum
1965 4739 2155 4794 multi-

573 4829 852 4898 plicasset,
886 4837 948 4882 ut
988 4835 1246 4899 tanquam
1303 4845 1498 4884 servus
1551 4830 1752 4897 ﬁdelis,
1805 4833 2051 4902 prudens
2101 4843 2158 4890 et

577 4921 753 4976 bonus
787 4937 818 4975 a
863 4921 1134 4977 clemente
1177 4922 1405 4977 domino
1458 4923 1904 4981 benedictionem
1945 4927 2158 4998 accipe-

577 5023 694 5068 ret:
723 5014 834 5080 hic,
877 5014 1122 5084 inquam,
1158 5016 1467 5071 Antiochus
1512 5033 1622 5088 quo
1671 5027 1919 5090 tempore
1952 5022 2158 5077 eﬂ'erus

575 5107 870 5161 Persarum
896 5109 1136 5174 animus,
1161 5109 1515 5181 impetusque
1547 5127 1742 5168 eorum
1767 5115 2158 5186 sanguinarius

578 5208 750 5253 totam
777 5198 1113 5256 Orientalem
1149 5202 1364 5274 plagam
1401 5205 1651 5260 Romano
1693 5219 1914 5277 sceptro
1953 5223 2154 5279 paren-

578 5300 688 5365 tem
712 5293 1012 5348 miserabili
1044 5295 1194 5350 exitu
1214 5295 1281 5350 ad
1305 5312 1468 5352 suum
1492 5299 1658 5354 traxit
1677 5298 1996 5370 imperium,
2027 5301 2156 5356 hinc

575 5392 944 5452 opportunam
973 5393 1167 5438 nactus
1193 5387 1564 5454 occasionem,
1599 5403 1818 5442 sacrum
1863 5389 2155 5459 quemdam

574 5474 780 5530 librum
809 5491 878 5530 ex
911 5475 1114 5531 divinis
1141 5475 1378 5547 eloquiis
1413 5478 1724 5546 adornavit,
1761 5489 1820 5536 ut
1843 5481 1936 5536 ille
1962 5481 2155 5536 eodem

576 5570 633 5622 in
678 5569 825 5624 libro
880 5569 1330 5625 manifestissime
1356 5570 1622 5637 declarat,
1646 5573 1941 5644 eidemque
1969 5574 2159 5645 huius-

575 5662 723 5718 modi
764 5665 985 5721 titulum
1010 5663 1241 5731 indidit;
1281 5664 1547 5736 illumque
1571 5665 1627 5720 in
1651 5667 1896 5722 medium
1924 5668 2154 5738 protulit

649 5831 679 5864 *
707 5831 1095 5897 Montfaucon.,
1121 5828 1423 5892 Bibtiotliec.
1456 5827 1702 5896 Coislin.,
1740 5847 1796 5900 p.
1840 5832 1962 5889 189.

2261 4404 2322 4440 τε
2358 4387 2482 4441 καθ’
2513 4387 2710 4442 ἑαυτὸν
2738 4389 2999 4458 γεγονὼς,
3034 4390 3129 4443 καὶ
3160 4389 3430 4459 σχολάσας
3459 4392 3554 4445 καὶ
3578 4393 3736 4461 γνοὺς
3767 4395 3825 4445 τὰ

2260 4481 2504 4551 σωτήρια
2531 4479 2674 4534 κατὰ
2695 4481 2819 4552 τὴν,
2846 4483 3193 4552 Σχολάσατε
3219 4483 3315 4537 καὶ
3359 4483 3566 4555 γνῶτε,
3589 4485 3815 4538 κελεύου-

2258 4588 2359 4625 σαν
2413 4571 2674 4644 ἐντολήν·
2725 4571 2957 4626 πλοῦτόν
3011 4591 3072 4626 τε
3132 4572 3278 4627 οὕτω
3363 4575 3692 4648 συναγείρας
3739 4575 3821 4630 τοῦ

2257 4662 2599 4734 Πνεύματος,
2623 4665 2717 4718 καὶ
2749 4665 3073 4737 μεταδοῦναι
3096 4665 3288 4722 τούτου
3316 4667 3592 4734 πλουσίως
3614 4671 3673 4724 οὐ
3703 4687 3816 4722 κατ-

2256 4757 2495 4827 οκνήσας
2536 4759 2648 4820 τοῖς
2684 4755 2971 4828 χρῄζουσι,
2999 4761 3430 4831 καρποφορήσας
3451 4761 3507 4814 δὲ
3537 4760 3728 4832 μᾶλλον
3750 4763 3813 4822 εἰ,

2257 4847 2475 4914 ἑκατὸν,
2508 4849 2600 4904 καὶ
2631 4849 3078 4916 πολυπλασιάσας
3108 4851 3168 4920 τὸ
3199 4852 3484 4917 τάλαντον,
3511 4854 3596 4906 ἵνα
3617 4853 3688 4916 ὡς
3712 4852 3810 4906 δοξ-

2258 4939 2349 5003 λος
2394 4940 2586 5005 πιστός
2620 4958 2679 4994 τε
2731 4941 2827 4994 καὶ
2876 4942 3139 5014 φρόνιμος
3169 4944 3265 4996 καὶ
3299 4944 3503 5014 ἀγαθὸς
3562 4944 3710 5016 παρὰ
3733 4942 3810 4995 τοῦ

2260 5032 2565 5102 φιλαγάοου
2584 5034 2854 5088 Δεσπότου
2885 5035 3155 5107 εὐλογηθῇ
3177 5052 3189 5065 ’
3222 5031 3375 5100 οὗτος
3405 5033 3498 5091 οὖν
3516 5039 3544 5091 ὁ
3573 5037 3809 5106 Ἀντίοχος

2262 5125 2406 5179 κατὰ
2432 5127 2660 5198 καιροὺς
2688 5126 2951 5194 ἐκείνους,
2984 5129 3070 5182 ὅτε
3098 5131 3130 5199 ἡ
3170 5129 3281 5182 τῶν
3311 5130 3537 5202 Περσῶν
3568 5131 3805 5202 θηριώδης

2257 5216 2451 5288 γνώμη
2476 5218 2568 5270 καὶ
2602 5218 2882 5290 μιαιφόνος
2911 5219 3059 5292 ὁρμὴ
3104 5222 3284 5274 πᾶσαν
3316 5220 3500 5292 χώραν
3526 5225 3686 5294 ὀρμὲν
3707 5221 3806 5292 (sic)

2259 5310 2398 5380 πρὸς
2431 5309 2723 5380 ἀνίσχοντα
2778 5311 2930 5380 ἥλιον
2978 5311 3057 5383 τῷ
3103 5312 3398 5384 Ῥωμαϊκῷ
3452 5316 3707 5384 σκήπτρῳ
3732 5328 3803 5362 τε-

2257 5398 2457 5454 λοῦσαν
2509 5401 2744 5473 ὐποτελῆ
2808 5403 3054 5467 ἐλεεινῶς
3110 5403 3396 5469 ἐλκύσατο,
3425 5407 3612 5457 τούτου
3661 5399 3803 5456 αὐτοῖ-

2257 5491 2450 5564 ὦσπερ
2479 5493 2740 5565 εὐκαίρου
2770 5495 2833 5566 δή
2857 5513 3002 5558 τινος
3025 5493 3362 5567 δραξάμενος
3389 5494 3657 5566 ἀφορμὴν,
3678 5492 3799 5558 iapix

2257 5601 2380 5638 τινα
2405 5583 2590 5654 βίϐλον
2618 5587 2683 5638 ἐκ
2710 5585 2816 5638 τῶν
2845 5585 3004 5639 Θείων
3029 5586 3226 5654 λογίων
3259 5586 3608 5651 συνετάξατο,
3636 5583 3804 5650 ὥσπερ

2261 5678 2424 5741 αὐτὸς
2459 5679 2516 5733 ἐν
2551 5679 2689 5748 αὐτῇ
2752 5677 3113 5750 ἀριδηλότατα
3152 5680 3393 5751 παριστᾷ
3422 5676 3558 5748 αὕτη
3585 5674 3695 5747 (sic)
3721 5675 3803 5724 ἑπ-
