4052 6528
274 349 403 415 1421

1366 296 1735 411 EPISTULA.
1770 350 1870 410 AD
1908 349 2432 410 EUSTATHlUM.

3396 344 3532 411 1422

272 467 688 539 ονομάσας,καὶ
739 465 999 537 προσθεὶς
1028 466 1108 529 είς
1162 465 1326 535 μέσον
1365 464 1534 536 αὐτὴν
1570 467 1650 527 είς
1697 463 1854 535 μεγί-

1961 463 2023 517 ad
2066 463 2358 518 maximam
2407 459 2765 532 prresentium
2792 457 2876 515 sui
2918 456 3181 529 temporis
3221 467 3278 514 et
3318 457 3535 514 futuro-

270 575 406 627 στην
449 558 560 610 τῶν
594 558 783 611 ἔκτοτε
832 557 929 611 καί
968 557 1130 628 μέχρι
1166 555 1260 609 τοῦ
1284 556 1377 609 νῦν
1412 556 1848 627 ἐντυγχανόντων

1961 572 2079 611 rum
2112 556 2405 610 utilitatem
2434 556 2472 607 '.

268 648 505 719 ὠφέλεια
514 667 560 706 ν.

344 768 360 785 ⁴
394 766 549 821 lianc
584 763 959 819 narrationem
992 763 1129 818 mire
1153 773 1473 833 corruptam
1508 777 1653 832 saepe
1681 761 1984 817 divinando
2026 760 2221 816 Latine
2255 759 2620 816 reddidimus.

2120 896 2217 912 -ι

1625 1010 2199 1099 ΕΠΙΣΤΟΛΗ

1002 1191 1359 1247 ΑΝΤΙΟΧΟΥ
1396 1194 1737 1249 ΜΟΝΑΧΟΥ
1776 1196 1914 1250 ΤΗΣ
1950 1194 2227 1250 ΛΑΥΡΑΣ
2264 1196 2403 1250 ΤΟΥ
2438 1195 2619 1250 ΑΒΒΑ
2654 1194 2832 1249 ΣΑΒΑ

380 1289 561 1342 ΠΡΟΣ
600 1285 990 1340 ΕΥΣΤΑΘΙΟΝ
1027 1286 1457 1340 ΗΓΟΥΜΕΝΟΝ
1493 1288 1739 1349 ΜΟΝΗΣ
1773 1289 2199 1354 ΑΤΤΑΔΙΝΗΣ,
2239 1289 2510 1342 ΠΟΛΕΩΣ
2549 1289 2873 1342 ΛΓΚΥΡΑΣ
2910 1289 3046 1342 ΤΗΣ
3084 1289 3445 1354 ΓΑΛΑΤΙΑΣ,

810 1381 973 1434 ΠΕΡΙ
1014 1382 1154 1436 ΤΩΝ
1192 1382 1445 1436 ΕΚΕΙΣΕ
1493 1384 1703 1437 ΑΙΊΩΝ
1754 1384 2080 1439 ΠΑΤΕΡΩΝ
2132 1384 2219 1440 ΕΝ
2260 1386 2302 1455 ῼ
2338 1386 2461 1437 ΚΑΙ
2500 1385 2850 1440 ΚΕΦΛΛΔΙΑ
2888 1385 3011 1449 PA',
3480 1389 3494 1401 ’

1314 1476 1438 1529 ΚΑΙ
1479 1476 1856 1531 ΠΡΟΣΕΥΧΗ
1889 1477 2495 1533 ΕΞΟΜΟΛΟΓΗΣΕΩΣ.

1630 1723 2205 1818 EPISTOLA

935 1896 940 1902 Ι
1002 1923 1393 1986 ANTIOCHI
1438 1922 1809 1986 MONACHI
1842 1921 2134 1983 LAURZE
2172 1921 2205 1956 ⁴
2237 1922 2462 1983 SABE
2492 1922 2832 1983 ABBATIS

777 2025 884 2084 AD
918 2022 1439 2084 EUSTATHIUM
1488 2019 2025 2081 PRIEPOSITUM
2065 2019 2397 2091 MONAST
2403 2020 2567 2081 ΕΒΗ
2599 2019 3058 2093 ATTALINIE,

1397 2127 1712 2175 CIVITLTIS
1770 2128 2038 2171 ANCYBE
2088 2127 2395 2180 GALATIE,

514 2222 605 2284 De
635 2220 742 2282 SS.
777 2218 1071 2282 Patribus
1106 2217 1191 2279 ibi
1248 2216 1667 2297 degentibus,
1716 2216 1823 2279 cui
1878 2216 2103 2278 insunt
2152 2215 2427 2294 capitula
2470 2215 2582 2277 150
2647 2226 2710 2280 et
2757 2217 3102 2296 gratiarum
3163 2218 3351 2281 actio.

845 2410 1117 2481 (Dum-ms,
1147 2405 1425 2479 Supplem.
1460 2405 1529 2461 ad
1580 2403 1829 2460 Biblioth.
1858 2402 2106 2482 Ifatrum.
2141 2402 2313 2459 Paris.
2349 2402 2507 2469 1624,
2538 2413 2672 2460 tom.
2698 2405 2739 2473 Ι,
2767 2422 2822 2476 p.
2851 2406 2997 2477 109.)

361 2678 689 2750 Ἐπειδήπερ
722 2676 1087 2749 γεγράφηκάς
1116 2694 1206 2747 μοι
1230 2715 1246 2742 ,
1275 2676 1424 2747 τίμιε
1452 2675 1635 2747 Πάτερ
1660 2674 1856 2730 Εὐστά-

2030 2676 2169 2734 Cum
2204 2678 2274 2734 ad
2316 2695 2404 2736 me
2452 2679 2766 2751 scripseris,
2796 2679 3048 2738 Eustatbi
3092 2684 3255 2739 Pater
3280 2700 3548 2742 veneran-

276 2774 386 2839 θιε,
410 2773 613 2843 πολλὴν
634 2770 814 2840 θλίψιν
831 2769 1376 2842 ὐπερμεμενηκέναι,
1398 2768 1563 2823 τόπον
1584 2770 1650 2822 ἐκ
1668 2768 1861 2832 τόπου,

275 2868 375 2923 καὶ
408 2865 591 2937 χώραν
622 2865 687 2917 ἐκ
729 2863 914 2935 χώρας
945 2862 1267 2934 ἀμείϐοντα,
1302 2863 1454 2933 φόϐῳ
1486 2859 1583 2915 τοῦ
1632 2861 1864 2932 ἐπικρατ

275 2960 502 3022 τοῦντος
532 2956 836 3011 Χαλδαῖκοῦ
870 2955 1164 3027 χειμῶνος,
1203 2955 1397 3025 πείνης
1450 2970 1511 3006 τε
1557 2953 1653 3007 καὶ
1701 2952 1863 3023 δίψης

245 3037 635 3123 ’πειραθῆναῃ
687 3050 789 3103 οὐκ
833 3049 1000 3121 ἄρτου
1052 3050 1147 3102 καὶ
1197 3047 1569 3113 ὑδατος,ἀλλὰ
1622 3047 1766 3101 κατὰ
1801 3045 1863 3099 τὸ

276 3145 595 3216 εἰρημένον,
622 3143 716 3196 τοῦ
763 3142 998 3197 ἀκοῦσαι
1032 3142 1193 3211 λόγον
1232 3141 1439 3213 Κυρίου
1463 3157 1477 3171 ο
1512 3141 1602 3195 διὰ
1630 3140 1691 3193 τὸ
1724 3141 1862 3211 μήτε

276 3238 544 3293 δύνασθαι
578 3239 723 3309 ὑμᾶς
754 3237 921 3307 βάρος
956 3235 1178 3307 βιϐλίων
1205 3234 1587 3306 ἐπιφέρεσθαι,
1615 3234 1756 3305 μήτε
1803 3233 1862 3285 ἐν

277 3335 394 3395 τοῖς
426 3332 615 3395 τόποις
647 3332 705 3383 ἐν
738 3327 819 3393 οἷς
861 3329 1182 3401 ἐπιδημεῖτε
1208 3328 1489 3399 εὑρίσκειν
1514 3326 1756 3399 εὐχερῶς
1793 3325 1862 3380 τὰ

277 3425 707 3494 ἐπιζητούμενα,
762 3422 1088 3477 ἐκελεύσατε
1142 3425 1210 3494 τῇ
1265 3423 1371 3493 ἐμῇ
1439 3420 1739 3492 βραχύτητι
1804 3420 1863 3473 ἐν

279 3515 534 3586 συντόμῳ
563 3517 745 3568 πᾶσαν
769 3516 1047 3568 συστεῖλαι
1059 3514 1158 3586 τὴν
1178 3514 1330 3568 θείαν
1350 3514 1389 3565 Γ
1395 3512 1591 3585 ραφὴν,
1618 3510 1863 3566 Παλαιὰν

277 3625 337 3660 τε
368 3608 465 3662 καὶ
502 3608 735 3679 Καινὴν,
767 3608 911 3661 ὥστε
946 3609 1083 3680 μήτε
1114 3608 1280 3679 ἄχθος
1315 3609 1449 3679 ἡμῖν
1481 3606 1739 3676 γενέσθαι
1775 3605 1864 3675 βα-

278 3700 615 3770 στάγματος,
645 3701 785 3770 μήτε
816 3700 982 3754 πάλιν
1024 3700 1374 3771 ἐλλειφθῆναί
1415 3717 1468 3752 τι
1514 3697 1624 3753 τῶν
1660 3699 1863 3752 τεινόν-

274 3806 390 3842 των
425 3790 513 3842 ἐπ’
542 3789 814 3857 ὠφέλειαν
842 3790 936 3843 καὶ
972 3790 1252 3861 σωτηρίαν
1280 3790 1482 3861 ψυχῆς,
1510 3786 1628 3853 είξα
1655 3787 1862 3861 προθύ-

280 3898 401 3950 μως
432 3884 498 3953 τῇ
550 3882 794 3953 ὑμετέρᾳ
824 3881 1096 3946 κελεύσει,
1126 3881 1333 3943 εὐθέως
1358 3882 1695 3953 περιστήσας
1727 3877 1864 3935 πάν.

1964 2771 2056 2838 de,
2091 2782 2143 2829 te
2171 2789 2367 2845 magna
2405 2774 2546 2830 attici
2583 2775 3012 2843 molestia,dum
3043 2779 3224 2834 eloco
3256 2781 3323 2836 ad
3357 2781 3543 2838 locum

1962 2872 2020 2917 et
2049 2878 2080 2918 e
2103 2864 2325 2935 regione
2370 2865 2438 2919 ad
2470 2866 2750 2937 regionem
2787 2867 3023 2939 migrare
3050 2872 3268 2942 cogeris
3287 2883 3434 2929 metu
3461 2875 3544 2929 vi-

1965 2954 2147 3025 gentis
2203 2956 2589 3013 Chaldazorum
2650 2960 3024 3016 calamitatis:
3059 2961 3201 3018 fame
3250 2964 3417 3021 etiam
3480 2982 3548 3021 ac

1964 3047 2059 3103 siti
2093 3047 2369 3114 laborare,
2411 3066 2523 3105 non
2552 3052 2712 3121 panis
2758 3060 2815 3108 et
2843 3069 3019 3123 aquae,
3043 3055 3139 3111 sed
3192 3058 3347 3129 juxta
3381 3074 3549 3114 cvan-

1964 3141 2203 3211 gelicum
2240 3143 2629 3212 propheticum
2671 3144 2903 3213 dictum,
2940 3148 3093 3203 verbi
3125 3149 3256 3222 Dei;
3287 3168 3414 3208 cum
3450 3169 3548 3209 ne-

1963 3249 2071 3303 que
2099 3233 2273 3289 libros
2303 3234 2663 3291 circumferre
2694 3239 2939 3307 possitis,
2977 3256 3158 3313 neque
3190 3243 3265 3299 ita
3293 3244 3451 3302 facile
3489 3249 3542 3303 in

1964 3326 2107 3381 locis
2146 3326 2204 3381 in
2251 3328 2457 3398 quibus
2493 3330 2782 3397 exsulatis,
2816 3347 2938 3401 quae
2968 3333 3135 3388 vultis
3168 3335 3416 3391 invenire
3447 3341 3545 3393 'va-

1963 3415 2125 3472 leatis
2152 3435 2164 3471 :
2195 3432 2433 3488 cumque
2463 3435 2599 3475 mea:
2635 3420 2871 3491 jusseris
2916 3423 3239 3491 humilitati,
3280 3436 3339 3482 ut
3367 3429 3546 3499 epito-

1969 3522 2097 3562 men
2140 3509 2383 3579 aliquam
2422 3510 2733 3566 divinarum
2777 3512 3188 3584 Scripturarum
3237 3519 3305 3574 ad
3340 3529 3393 3576 te
3424 3523 3549 3578 mit-

1969 3609 2169 3667 terem,
2205 3618 2328 3672 qua:
2372 3619 2550 3674 neque
2599 3605 3038 3664 circumferendo
3064 3612 3406 3681 gravisesset
3433 3630 3547 3685 pne

1969 3693 2370 3763 magnitudine,
2413 3710 2594 3765 neque
2632 3697 2717 3750 sui
2769 3698 3038 3755 tenuitate
3103 3699 3158 3755 in
3223 3716 3282 3757 se
3335 3702 3543 3774 aliquid

1963 3801 2157 3842 eorum
2192 3803 2315 3857 qua:
2344 3787 2410 3841 ad
2435 3788 2728 3844 utilitatem
2759 3799 2815 3845 et
2835 3793 3066 3847 salutem
3089 3794 3284 3849 anima:
3308 3794 3540 3863 faciunt,

1964 3880 2341 3947 desideraret;
2391 3881 2773 3954 obtemperavi
2829 3884 3067 3939 libenter
3101 3886 3211 3942 tuis
3245 3889 3540 3953 mandatis,

275 3989 345 4024 τα
373 3970 445 4024 τὰ
477 3971 608 4041 παρ’
650 3970 804 4043 ὑμῶν
830 3973 895 4025 ἐκ
923 3971 1023 4041 τῆς
1067 3970 1217 4034 θείας
1247 3971 1468 4043 Γραφῆς
1492 3970 1856 4042 ἐπιζητούμε-

1964 3980 2021 4027 et
2053 3988 2216 4042 quam
2253 3973 2493 4042 primum
2538 3975 2683 4043 quod
2716 3975 2857 4045 petis
2896 3962 3220 4032 facienduni
3259 3982 3471 4050 putavi.
3502 3984 3545 4038 Ε

275 4082 366 4129 να,
397 4066 480 4128 είς
507 4063 704 4117 ἑκατὸν
753 4064 1054 4135 τριάκοντα
1094 4062 1366 4132 κεφάλαια
1398 4064 1654 4134 ἡνωμένα
1676 4081 1735 4117 τε
1761 4066 1856 4119 καὶ

1966 4079 2121 4119 saera
2167 4063 2335 4133 igitur
2394 4064 2679 4135 Scriptura
2733 4077 2953 4123 centum
2999 4071 3396 4143 quinquaginta
3446 4090 3544 4129 ex-

270 4157 673 4229 διακεκριμένα
724 4158 816 4211 ἀπ³
870 4157 1141 4229 ἀλλήλων,
1182 4157 1260 4221 ὡς
1311 4156 1388 4229 μὴ
1447 4157 1711 4227 σύγχυσιν
1761 4159 1856 4212 καὶ

272 4250 506 4324 φυρμὸν”
530 4254 824 4323 ὑπομεῖναι
843 4254 935 4307 τὸν
958 4253 1422 4322 ἀναγινώσκοντα.
1458 4253 1644 4307 Ταῦτα
1678 4254 1855 4315 ἔστει-

271 4346 342 4399 λα
368 4348 435 4415 τῇ
466 4346 714 4417 ὑμετέρᾳ
758 4346 1038 4416 θεοφιλείᾳ
1058 4362 1071 4375 ·
1111 4344 1257 4417 ἆπερ
1306 4345 1617 4417 δεχόμενος,
1648 4346 1724 4418 τῷ
1751 4347 1853 4417 μὲν

271 4437 396 4505 Θεῷ
443 4436 546 4506 τὴν
607 4436 925 4507 πρέπουσαν
975 4434 1287 4504 δοξολογίαν
1350 4436 1447 4490 καὶ
1505 4437 1853 4507 εὐχαριστίαν

270 4527 619 4597 ἀνάπεμψον,
650 4525 729 4597 τῷ
760 4525 858 4597 τὴν
877 4525 1109 4597 δύναμιν
1140 4525 1305 4579 αὐτοῦ
1355 4528 1414 4579 ἐν
1462 4528 1717 4597 ἀσθενείᾳ
1766 4545 1855 4580 τε-

267 4618 524 4673 λειοῦντι.
558 4620 738 4689 Ἦμᾶς
772 4618 829 4672 δὲ
875 4620 996 4682 ταῖς
1050 4619 1467 4688 εὐπροσδέκτοις
1520 4637 1613 4673 σου
1665 4620 1852 4690 εὐχαῖς

268 4711 626 4782 ἀνταμείϐου,
659 4712 809 4778 ὅπως
846 4713 989 4767 κατά
1017 4713 1079 4766 τὸ
1113 4713 1232 4784 Θεῷ
1258 4714 1581 4784 εὐχάριστον
1600 4715 1692 4769 τὸν
1720 4714 1852 4767 ὑπό-

267 4804 456 4858 λοιπον
484 4804 675 4875 χρόνον
704 4805 805 4875 τῆς
837 4805 984 4876 ζωῆς
1006 4806 1162 4876 ἡμῶν
1190 4807 1584 4876 ἐκτελέσωμεν.
1613 4808 1674 4861 Et
1696 4807 1753 4861 δέ
1773 4826 1846 4874 τι,

267 4898 347 4960 ὡς
409 4897 579 4962 είκὸς,
636 4897 840 4971 εὐροις,
889 4897 1225 4969 σύγγνώμην
1276 4898 1592 4965 ἀποδοῦναι,
1640 4901 1735 4954 καὶ
1782 4904 1847 4973 τῇ

270 4992 511 5063 ίδιωτείᾳ
543 4993 639 5047 καὶ
686 4996 753 5065 τῇ
807 4993 1012 5063 σπουδῇ
1066 4992 1162 5046 τοῦ
1192 4993 1588 5063 ἐπιτάγματος.
1628 4994 1849 5064 Ἐπειδὴ

265 5085 325 5138 δὲ
357 5086 451 5138 καὶ
481 5084 638 5138 τϐὗτο
688 5084 960 5150 ἔστειλας,
1002 5084 1152 5154 τίμιε
1194 5085 1399 5155 Πάτερ,
1431 5084 1571 5140 ὥστε
1606 5086 1849 5156 σημᾶναί

267 5194 354 5230 σοι
399 5178 495 5230 καὶ
545 5177 674 5247 περὶ
727 5176 837 5229 τῶν
880 5176 1049 5245 ἁγίων
1099 5176 1361 5248 Πατέρων
1401 5177 1501 5247 τῆς
1548 5176 1673 5231 καθ’
1702 5178 1851 5248 ἡμᾶς

265 5268 513 5340 Λαύρας,
535 5271 583 5324 εί
604 5270 780 5341 ἀληθῆ
806 5272 966 5335 εἰσιν,
991 5269 1134 5341 ἅπερ
1154 5269 1345 5323 εἴπατε
1372 5269 1668 5339 ἀκηκοέναι
1701 5270 1848 5341 παρὰ

265 5362 503 5428 πολλῶν,
538 5363 669 5434 περί
696 5380 756 5416 τε
785 5362 888 5434 τῆς
919 5360 1195 5426 πολιτείας
1223 5363 1320 5416 καὶ
1368 5362 1471 5430 τῆς
1508 5363 1847 5434 ἀναιρέσεως

263 5454 470 5521 αὐτῶν,
492 5454 761 5508 δύσπιστα
778 5454 906 5507 ὅντα
932 5454 1027 5507 καὶ
1054 5454 1225 5524 ἀκοὴν
1242 5453 1661 5523 ὑπερϐαίνοντα,
1679 5454 1846 5522 ἀναγ-

1963 4156 2143 4225 cerpsi
2174 4156 2377 4228 capita,
2411 4158 2565 4213 unita
2617 4159 2838 4229 quidem
2888 4161 3073 4228 simul,
3098 4163 3330 4220 invicem
3362 4174 3541 4222 tamen

1964 4250 2040 4303 ita
2080 4249 2375 4321 disjuneta,
2410 4261 2471 4306 ut
2498 4253 2591 4322 qui
2639 4270 2702 4309 ea
2745 4253 2962 4325 legerit,
3010 4258 3157 4311 nulla
3215 4259 3543 4316 confusione

1965 4342 2237 4397 trahatur.
2265 4343 2331 4397 Et
2381 4344 2497 4399 hzec
2538 4355 2644 4399 tua:
2684 4346 2809 4401 misi
2841 4347 3053 4417 pietati,
3081 4365 3202 4420 quae
3223 4366 3347 4406 cum
3379 4368 3540 4409 acce-

1962 4436 2130 4506 peris,
2156 4437 2289 4502 Deo,
2324 4446 2384 4490 ut
2416 4454 2516 4507 par
2545 4446 2649 4503 est,
2685 4441 2913 4510 gloriam
2944 4451 3001 4497 et
3028 4445 3328 4514 gratiarum
3368 4448 3541 4503 actio-

1961 4544 2090 4583 nem
2118 4529 2335 4593 reddas,
2360 4531 2456 4600 qui
2501 4548 2656 4587 suam
2704 4534 2965 4589 virtutem
2991 4536 3284 4593 imbecillis
3333 4538 3536 4610 imper-

1960 4619 2115 4685 titur,
2143 4630 2204 4675 ut
2244 4620 2299 4675 in
2350 4621 2672 4679 inﬁrmitate
2714 4626 3092 4694 perﬁciantur.
3128 4624 3210 4683 Tu
3252 4647 3386 4686 vero
3408 4648 3535 4688 cum

1960 4713 2072 4768 tuis
2102 4715 2272 4784 gratis
2312 4717 2573 4785 precibus
2603 4733 2702 4772 nos
2733 4718 2937 4782 foveas,
2965 4731 3025 4775 ut
3058 4723 3207 4791 quod
3258 4726 3536 4795 reliquum

1958 4818 2044 4861 est
2076 4807 2238 4862 nobis
2268 4807 2394 4862 vita!
2416 4808 2599 4878 hujus,
2628 4810 2780 4879 juxta
2798 4810 2896 4865 Dei
2915 4812 3256 4868 voluntatem
3275 4831 3538 4887 peragere

1957 4900 2274 4969 possimus:
2309 4901 2355 4954 si
2397 4916 2531 4955 vero
2580 4902 2788 4971 aliquid
2838 4904 2919 4972 (ut
2963 4903 3122 4960 facile
3165 4905 3285 4961 ﬁeri
3334 4910 3535 4980 potuit)

1959 4992 2339 5062 imperfectum
2382 4994 2703 5059 oll‘enderis,
2743 4997 3018 5067 ignoscas,
3047 5014 3233 5067 quzeso
3269 5010 3341 5065 te,
3400 5017 3537 5057 mete

1956 5085 2233 5152 tenuitati,
2264 5096 2379 5141 tum
2425 5089 2688 5158 temporis
2724 5092 2990 5160 angustia
3020 5091 3251 5153 tribuas,
3279 5109 3400 5163 quae
3426 5096 3536 5150 tuis

1955 5178 2228 5233 mandatis
2259 5180 2434 5235 voluit
2455 5182 2856 5251 obtemperare.
2887 5182 3157 5250 Quoniam
3210 5203 3342 5243 vero
3398 5190 3532 5245 illud

1954 5280 2219 5340 praeterea
2242 5274 2515 5343 scripsisti
2546 5284 2607 5330 ut
2641 5277 2851 5346 1022
2874 5277 2973 5331 tibi
2994 5277 3199 5349 aliquid
3223 5280 3534 5339 diceremus

1955 5363 2024 5419 de
2053 5364 2260 5419 sanctis
2283 5366 2541 5422 Patribus
2563 5376 2764 5424 nostrze
2786 5370 2975 5437 laurae,
3003 5388 3072 5426 an
3107 5389 3237 5428 vera
3268 5375 3381 5430 sint
3409 5393 3532 5446 qua:

1954 5470 1983 5509 a
2009 5457 2295 5511 nonnullis
2329 5458 2551 5513 audisse
2586 5459 2746 5525 dicis,
2781 5459 2851 5516 de
2878 5477 3072 5517 eorum
3106 5465 3369 5521 videlicet
3418 5468 3528 5522 vita

265 5549 427 5602 καῖον
459 5547 761 5619 ἡγησάμην
793 5547 1060 5619 πρότερον
1088 5547 1147 5599 ἐν
1182 5548 1381 5619 βραχεί
1431 5551 1674 5618 σημᾶναι
1715 5548 1844 5620 ὑμῖν

1961 5559 2009 5605 et
2056 5564 2215 5617 nece,
2259 5567 2387 5605 cum
2440 5547 2533 5607 ἧι
2567 5553 2660 5609 illa
2713 5555 2867 5611 credi
2912 5556 3150 5627 possint,
3194 5567 3251 5612 et
3302 5574 3527 5613 sensum

336 5702 357 5724 ⁶
387 5704 624 5789 Ιλαιιναπι
663 5704 909 5757 neoterici
957 5702 1126 5759 σι’ωεὶ
1163 5704 1367 5789 insigne
1406 5704 1588 5759 dicunt
1638 5705 2039 5771 monasterium,
2085 5725 2180 5778 pro
2230 5725 2422 5781 magna
2468 5711 2739 5770 hominum
2778 5716 2927 5786 copia
2960 5717 3049 5787 qui
3084 5715 3369 5773 devotionis
3400 5732 3526 5789 ergo

261 5777 435 5830 instar
466 5772 757 5829 multarum
781 5791 1046 5844 aquarum
1078 5791 1136 5829 ea
1170 5776 1460 5846 conﬂuunt.
