4052 6528
472 1294 475 1297 ’
574 1299 936 1354 ctlaboribus
967 1313 1108 1367 quos
1136 1312 1239 1367 pro
1272 1296 1477 1366 pietate
1512 1298 1884 1364 sustulerunt,
1904 1299 2155 1369 ajuven-

578 347 713 412 1423
1848 351 2213 413 ANTIOCHI
2257 286 2604 413 moramur
3690 362 3799 431 ιρι

574 481 794 524 omnem
819 473 1105 536 superent,
1123 462 1500 519 necessarium
1521 472 1812 533 propterea
1828 463 1957 517 duxi
1979 463 2156 519 brevi-

2263 468 2329 520 τά
2355 466 2486 537 περὶ
2520 466 2722 533 αὐτῶν,
2753 463 2853 520 εἶθ’
2871 466 3048 533 οὕτως
3079 468 3450 541 καθυποτάξαι
3474 474 3543 528 τὰ
3562 477 3650 548 τῆς
3677 480 3802 551 θείας

575 564 682 617 bus
709 560 807 614 tibi
830 560 988 630 prius
1008 557 1229 628 aperire
1250 572 1372 626 quae
1394 555 1461 609 ad
1486 556 1611 611 illos
1630 556 1892 621 attinent,
1911 572 1975 610 ea
2008 556 2155 610 dein-

2263 556 2482 626 Γραφῆς
2513 556 2803 626 κεφάλαια.

575 667 705 721 ceps
715 648 1568 723 subjicere,quzediximussacraa
1580 647 1881 718 Scriptura:
1894 649 2151 719 capitula.

647 741 725 795 De
751 739 1015 793 laudabili
1051 746 1235 793 autem
1261 736 1375 791 vita
1404 752 1600 801 eorum
1648 737 1704 792 in
1739 739 2155 808 praesentiarum

575 849 738 905 agere
780 833 834 887 id
874 832 1142 902 temporis
1175 847 1286 885 non
1330 832 1595 902 postulat,
1637 848 1742 887 nec
1796 848 1916 888 mea
1968 835 2153 905 lingua

577 927 669 980 illa
694 932 883 995 posset
910 924 1067 978 facile
1115 938 1450 994 percurrere
1489 941 1503 976 :
1535 924 1671 979 illud
1705 932 1919 979 tantum
1951 926 2153 990 dicam,

577 1017 727 1088 quod
791 1031 984 1070 revera
1043 1015 1299 1070 homines
1351 1023 1511 1071 erant
1560 1016 1733 1072 divini
1785 1018 1854 1088 (si
1901 1018 2157 1075 homines

578 1123 792 1168 tantum
828 1112 952 1166 illos
978 1118 1234 1181 Oporteat
1281 1105 1469 1165 dicere
1492 1112 1680 1181 potius
1702 1127 1868 1182 quam
1904 1114 2153 1183 angelos)

576 1223 702 1261 cum
734 1207 787 1260 in
818 1204 1218 1261 exercitatione
1246 1204 1525 1273 spirituali
1579 1213 1637 1260 et
1685 1206 1993 1260 monastica
2039 1206 2155 1261 vita

2330 731 2442 784 Καὶ
2464 733 2594 802 περὶ
2626 732 2726 802 μὲν
2745 731 2843 801 τῆς
2868 731 3130 805 ἐναρέτου
3150 732 3329 788 αὐτῶν
3358 736 3632 803 πολιτείας
3654 741 3709 795 οὐ
3732 743 3808 796 τοῦ

2258 824 2527 894 παρόντος
2543 824 2738 896 καιροῦ
2763 824 2885 878 οὐδέ
2904 828 3003 896 τῆς
3021 826 3161 897 ἐμῆς
3189 828 3433 899 γλώττης
3457 829 3807 900 διηγήσασθαι.

2257 914 2431 967 Τοῦτο
2453 915 2510 968 δὲ
2546 916 2705 986 μόνον
2734 915 2900 984 λέγω,
2933 916 3015 970 ὅτι
3049 918 3125 982 ὡς
3153 917 3369 989 ἀληθῶς
3400 920 3673 991 ἅνθρωποι
3696 920 3811 995 ἦσαν

2258 1006 2394 1061 θεῖοι
2411 1007 2547 1079 (είγε
2572 1008 2653 1061 δεῖ
2677 1006 2773 1061 ἀνθ
2784 1009 2999 1079 ρώπους
3017 1010 3217 1074 αὐτοὺς
3236 1012 3445 1079 καλεῖν,
3470 1016 3566 1067 καὶ
3587 1015 3657 1087 μὴ
3676 1018 3813 1085 ἀγγέ-

2258 1099 2426 1172 λους),
2458 1102 2523 1171 τῇ
2553 1118 2612 1151 τε
2640 1100 2871 1172 ἀσκήσει
2892 1102 2984 1156 καὶ
3019 1103 3222 1174 ἠσυχίᾳ
3255 1105 3346 1158 καὶ
3375 1107 3489 1169 τοῖς
3522 1107 3658 1179 ὑπὲρ
3686 1110 3813 1163 εὐσε-

2258 1191 2412 1256 ϐείας
2455 1192 2637 1255 πόνοις
2677 1194 2743 1245 ἐκ
2771 1192 3024 1263 νεότητος
3051 1195 3515 1266 ἐγγεγηρακότες,
3570 1202 3812 1270 γηραλέοι,

2260 1283 2632 1356 ἱεροπρεπεῖς,
2654 1284 2829 1337 πολιοὶ
2847 1284 2945 1355 τὴν
2972 1286 3131 1356 τρίχα
3149 1287 3244 1340 καὶ
3264 1288 3362 1357 τὴν
3379 1289 3614 1354 σύνεσιν,
3630 1291 3812 1359 ἁγαθοὶ,

2257 1378 2706 1448 ταπεινόφρονες,
2739 1378 2979 1445 κόσμιοι,
3010 1379 3306 1450 σώφρονες,
3352 1381 3622 1452 ἀληθινοὶ,
3664 1386 3818 1456 ἀμεμ-

2258 1485 2402 1532 πτοι,
2426 1468 2641 1533 δίκαιοι,
2665 1468 2960 1532 θεοσεϐεῖς,
2984 1470 3315 1539 ἀπεχόμενοι
3333 1470 3440 1524 ἀπὸ
3460 1474 3658 1536 παντὸς
3677 1492 3817 1548 novr-

2260 1564 2356 1635 ροῦ
2387 1564 2733 1635 πράγματος,
2758 1563 3065 1626 ἀνελλιπεῖς
3104 1564 3323 1620 πάντων
3344 1567 3455 1619 τῶν
3476 1567 3711 1634 ἀγαθῶν,
3741 1589 3820 1623 πε-

576 1384 694 1449 tute
743 1410 841 1448 sua
869 1392 1253 1449 insenuerint:
1278 1408 1441 1448 senes
1476 1394 1699 1464 quidem
1747 1395 2069 1459 venerandi,
2101 1402 2158 1451 et

574 1503 744 1543 canos
778 1488 1006 1558 capillos
1039 1486 1339 1553 habebant,
1366 1487 1461 1543 sed
1491 1496 1677 1543 mente
1704 1487 1875 1558 magis
1925 1496 2155 1557 prmsta-

576 1580 709 1635 bant
742 1588 798 1634 ct
817 1578 1155 1642 humilitate,
1181 1577 1421 1639 honesti,
1458 1576 1717 1640 modesti,
1743 1575 1995 1639 veridici,
2021 1574 2157 1628 irre«

573 1668 1001 1739 prehensibiles,
1043 1668 1202 1738 justi,
1246 1667 1343 1737 pii,
1379 1667 1450 1721 ab
1509 1667 1660 1720 omni
1708 1666 2051 1735 turpitudine
2100 1673 2158 1718 et

2263 1657 2609 1728 πληρωμένοι
2632 1656 2688 1709 δὲ
2719 1657 2815 1727 τῆς
2839 1656 2989 1720 θείας
3014 1657 3258 1728 ἀγάπης.
3292 1660 3455 1723 Τινὲς
3482 1661 3659 1713 αὐτῶν
3684 1662 3821 1734 ὑπερ-

573 1762 849 1833 pravitate
896 1759 1086 1823 alieni,
1116 1759 1376 1814 omnibus
1421 1758 1581 1813 bonis
1616 1758 1822 1821 ornati,
1861 1766 1917 1812 et
1964 1755 2155 1810 divino

2263 1747 2553 1820 ϐεϐηκότες
2570 1750 2679 1802 ἀπὸ
2696 1751 3037 1817 πεντήκοντα
3052 1750 3144 1803 καὶ
3159 1752 3425 1822 ἐξήκοντα
3440 1753 3601 1817 ἐτῶν,
3617 1756 3687 1824 μὴ
3703 1756 3822 1825 ἐξερ-

576 1852 770 1922 repleti
798 1849 1307 1905 amoreznonnulli
1336 1850 1584 1919 ipsorum
1630 1857 1853 1903 centum
1900 1862 2148 1902 excesse-

2263 1842 2482 1913 χόμενοι
2510 1842 2783 1905 παντοίως
2828 1846 2930 1913 τῆς
2967 1842 3220 1915 Λαύρας·
3256 1847 3401 1909 τινὲς
3432 1847 3493 1899 δὲ
3549 1849 3681 1919 μήτε
3700 1849 3749 1899 ἐν
3766 1852 3818 1921 τῇ

576 1952 706 1997 runt
735 1957 908 1996 annos
930 1951 986 1996 et
1023 1941 1424 2011 quinquaginta
1456 1956 1573 2004 sex,
1613 1940 1667 1994 in
1700 1940 1891 2009 quieta
1937 1949 1993 1993 et
2033 1955 2153 1993 mo-

2263 1936 2534 2008 ἐκκλησίᾳ
2550 1936 2857 2007 προϊόντες,
2881 1938 3015 2007 μηδὲ
3033 1939 3343 2009 ἑωρακότες
3364 1941 3467 2012 τὴν
3485 1942 3657 2007 πόλιν,
3677 1945 3757 2013 ἀφ’
3772 1939 3820 1999 οὗ

573 2035 786 2090 nastica
809 2034 921 2089 vita
955 2049 1083 2088 cum
1111 2034 1475 2104 peregissent,
1506 2049 1609 2087 nec
1640 2050 1670 2088 a
1731 2033 1883 2087 laura
1913 2047 2155 2101 unquam

2263 2028 2556 2098 ἐμόνασαν,
2594 2018 2820 2099 ἀρεταῖς
2844 2029 3128 2094 παντοίαις
3156 2033 3590 2104 κεκοσμημένοι,
3620 2036 3820 2103 ἐπίγειοι

574 2134 927 2183 recesserunt
960 2126 1251 2180 :nonnulli
1307 2141 1439 2181 vero
1494 2142 1674 2196 neque
1728 2125 1795 2180 ad
1864 2123 2154 2180 ecclesiam

2263 2122 2505 2192 ἄγγελοι,
2521 2121 2615 2176 καὶ
2630 2122 2874 2193 οὐράνιοι
2891 2122 2988 2177 ἀνθ
2996 2142 3191 2196 ρωποι·
3207 2126 3264 2179 ὅθ
3272 2142 3329 2179 εν
3342 2127 3437 2180 καὶ
3450 2128 3684 2181 τοιοῦτον
3698 2129 3821 2190 τέλος

573 2225 976 2287 processerant,
1015 2232 1117 2272 nec
1142 2216 1423 2272 civitatem
1470 2217 1711 2287 amplius
1760 2216 2034 2279 viderant,
2087 2231 2154 2270 ex

2263 2214 2666 2287 ἀπηνέγκαντο,
2692 2216 2788 2270 καὶ
2811 2216 2871 2269 τὸ
2903 2215 3155 2289 βραϐεῖον
3178 2221 3277 2289 τῆς
3310 2218 3471 2289 νίκης
3507 2201 3818 2291 ἐκομίσαντο.

571 2323 682 2378 quo
732 2308 899 2361 vitam
947 2306 1303 2360 monasticam
1337 2307 1505 2361 semel
1544 2307 1765 2361 fuerant
1793 2306 2120 2373 amplexati;
2153 2305 2324 2361 variis
2362 2306 2532 2362 etiam
2578 2306 2884 2363 virtutibus
2928 2309 3260 2375 emicabant,
3304 2320 3601 2367 terrestres
3644 2314 3819 2369 scilicet

573 2403 750 2474 angeli
802 2411 858 2457 et
900 2401 1152 2457 caelestes
1202 2400 1478 2456 homines.
1519 2400 1866 2472 Quapropter
1930 2401 2077 2455 hunc
2115 2399 2281 2474 tinem
2322 2410 2454 2455 sunt
2499 2400 2720 2472 adepti,
2781 2411 2839 2458 et
2877 2403 3122 2459 victoriae
3154 2405 3447 2473 praemium
3498 2416 3627 2461 sunt
3659 2422 3819 2463 consc-

572 2500 701 2555 cuti.

641 2592 777 2647 Cum
831 2590 979 2645 enim
1042 2588 1332 2644 lsmaelita:
1382 2587 1449 2642 ad
1497 2598 1750 2644 nostrum
1795 2589 2157 2645 accessissent

2346 2588 2717 2644 Ἐπελθόντιυν
2765 2590 2872 2662 γὰρ
2924 2591 3035 2645 τῶν
3075 2590 3438 2664 Ἰσμαηλιτῶν
3486 2596 3555 2665 τῇ
3607 2595 3819 2667 ἡμετέρᾳ

572 2682 991 2741 monasterium,
1041 2694 1151 2733 una
1230 2680 1538 2749 septimana
1591 2690 1891 2751 antequam
1966 2691 2155 2736 sancta

2264 2680 2459 2752 Λαύρᾳ
2499 2679 2606 2752 πρὸ
2639 2681 2769 2752 μιᾶς
2816 2681 3112 2751 ἑϐδομάδος
3150 2680 3243 2735 τοῦ
3282 2682 3707 2755 παραληφθῆναι
3742 2687 3819 2756 τὴν

571 2775 768 2831 civitas
817 2772 1016 2827 fuisset
1085 2780 1375 2841 occupata,
1409 2782 1467 2827 et
1510 2772 1772 2828 universa
1824 2788 1980 2831 sacra
2031 2789 2158 2828 vasa

2263 2775 2428 2844 άγίαν
2480 2775 2659 2839 πόλιν,
2688 2826 2693 2831 λ
2723 2775 2818 2829 καὶ
2866 2777 3045 2831 πάντα
3092 2778 3160 2829 τὰ
3218 2777 3317 2848 τῆς
3369 2777 3673 2849 ἐκκλησίας
3722 2779 3820 2849 ἱερὰ

572 2861 835 2918 Ecclesia:
867 2861 977 2932 jam
1010 2859 1393 2930 diripuissent,
1419 2861 1676 2932 plerique
1716 2864 1907 2919 Patres
1929 2863 2160 2934 aufuge-

2266 2864 2439 2937 σκεύη
2469 2866 2919 2939 διαρπασάντων,
2950 2869 3015 2922 τὸ
3054 2869 3154 2939 μὲν
3186 2868 3394 2940 πλῆθος
3434 2869 3552 2923 τῶν
3592 2871 3821 2941 Πατέρωι

574 2960 709 3005 runt
752 2966 917 3021 quam
955 2950 1218 3020 primum,
1243 2962 1635 3006 remanserunt
1670 2961 1856 3007 autem
1880 2954 1935 3007 in
1966 2948 2161 3008 mona-

2266 2962 2612 3031 παραχρῆμα
2667 2961 3129 3033 ὑπανεχώρησενο
3156 2960 3473 3031 ἀπέμειναν
3498 2960 3557 3015 δὲ
3587 2961 3636 3014 oi
3657 2978 3823 3032 καρτε-

571 3042 745 3098 sterio
788 3039 885 3111 qui
928 3039 1192 3094 fortiores
1240 3038 1448 3095 Christi
1491 3040 1712 3096 fuerant
1743 3042 1912 3109 servi,
1944 3057 2163 3098 sacrum

2270 3052 2415 3125 pton
2457 3052 2633 3107 δοῦλοι
2662 3054 2758 3108 τοῦ
2795 3053 3035 3126 Χριστοῦ
3058 3055 3117 3107 ἐν
3143 3056 3209 3125 τῇ
3237 3053 3457 3126 Λαύρᾳ,
3493 3055 3569 3126 μὴ
3598 3054 3822 3126 βουλόμε-

577 3135 732 3189 illum
762 3134 947 3188 locum
988 3131 1294 3189 destituere
1332 3132 1488 3188 nullo
1524 3143 1685 3202 pacto
1716 3135 1990 3191 volentes.
2034 3136 2167 3190 Bar-

2267 3164 2349 3201 νοι
2385 3146 2709 3200 καταλιπεῖν
2745 3146 2842 3200 τὸν
2870 3148 3056 3201 τόπον.
3099 3148 3160 3200 Ol
3190 3147 3246 3199 δὲ
3278 3146 3554 3217 βάρϐαροι
3600 3149 3822 3202 συλλαϐό-

574 3226 696 3283 bari
727 3240 862 3280 vero
908 3240 1034 3278 cum
1076 3224 1202 3278 illos
1250 3224 1829 3294 comprehendissent,
1859 3236 1916 3282 et
1958 3228 2163 3283 multos

2270 3256 2425 3311 μενοι
2450 3239 2674 3307 αὐτοὺς,
2716 3239 2811 3293 καὶ
2849 3240 3093 3311 ἀνηλεῶς
3139 3240 3233 3293 ἐπὶ
3281 3239 3492 3305 πολλὰς
3520 3242 3724 3313 ἡμέρας
3746 3241 3822 3312 βα-

575 3320 698 3374 dies
725 3319 848 3372 illos
882 3316 1182 3371 inhumane
1213 3323 1563 3382 tractassent,
1600 3325 1659 3372 et
1701 3320 1993 3376 tormentis
2025 3320 2161 3375 allii-

2269 3333 2603 3401 σανίζοντες,
2642 3333 2881 3405 οἰόμενοι
2922 3335 3182 3405 χρήματα
3222 3334 3532 3405 εὑρίσκειν,
3584 3336 3708 3407 παρ’
3759 3331 3821 3399 οἷς

578 3413 808 3475 xissent,
840 3408 1107 3479 pecunias
1137 3408 1244 3463 hoc
1266 3416 1430 3479 pacto
1460 3424 1582 3464 sese
1618 3409 1942 3466 inventuros
1963 3422 2161 3483 putan-

2271 3425 2439 3497 μηδὲν
2463 3424 2559 3479 τοῦ
2597 3425 2797 3489 αἰῶνος
2819 3424 3012 3479 τούτου
3044 3425 3311 3496 ὑπῆρχεν,
3338 3426 3500 3491 τέλος
3525 3427 3618 3481 τοῦ
3649 3425 3822 3480 σκοποῦ

578 3514 682 3570 tes,
722 3503 867 3574 apud
905 3517 1047 3572 quos
1087 3501 1228 3556 nihil
1272 3501 1440 3573 hujus
1488 3502 1677 3559 δεξιουιί
1737 3504 2156 3574 reperiebatur:

2268 3517 2617 3582 ἐκπεσόντες,
2673 3520 2947 3589 ἐμμανεῖς
3010 3519 3295 3590 γενόμενοι
3347 3522 3567 3584 πάντας
3628 3521 3822 3591 μεληδὸν

581 3600 658 3653 illi
689 3598 854 3653 simul
885 3604 1053 3667 atque
1087 3595 1505 3661 intellexerunt,
1538 3612 1637 3652 sua
1683 3612 1742 3652 se
1789 3598 2012 3653 tandem
2064 3614 2161 3669 spc

2268 3609 2628 3680 κατέτεμνόν.
2662 3611 2724 3664 υἱ
2770 3610 2829 3664 δὲ
2872 3611 3134 3681 μακάριοι
3178 3610 3484 3681 γεγηθότες
3525 3612 3723 3683 φαιδρῷ
3763 3610 3823 3681 τῷ

578 3707 645 3747 ac
676 3690 963 3762 proposito
1007 3689 1302 3754 excidisse,
1332 3689 1387 3743 in
1418 3689 1864 3746 ell‘eratissimarn
1894 3692 2040 3748 versi
2071 3707 2161 3746 ra-

2270 3701 2575 3773 προσώπῳ,
2611 3703 2953 3776 εὐχαρίστως
2971 3704 3073 3767 τὰς
3098 3704 3276 3774 ψυχὰς
3296 3704 3371 3774 τῷ
3401 3706 3602 3776 Κυρίῳ
3645 3704 3823 3757 ἀπέδωο

580 3783 753 3845 biem,
784 3782 853 3837 ad
897 3796 1068 3836 unum
1117 3781 1470 3836 membratim
1516 3783 1710 3839 beatos
1748 3784 1871 3839 illos
1907 3784 2163 3839 concide-

2271 3814 2397 3862 καν,
2434 3795 2509 3860 ὡς
2535 3799 2601 3850 ἐκ
2628 3796 2826 3851 πολλοῦ
2858 3798 2957 3869 τὴν
2999 3797 3299 3868 ἐπιθυμίαν
3329 3797 3556 3867 ἔχοντες
3594 3798 3822 3851 ἀναλῦσαι

582 3882 733 3939 runt,
762 3871 856 3942 qui
888 3880 944 3928 et
993 3870 1184 3927 laetitia
1224 3871 1537 3927 incredibili
1588 3874 1799 3943 perfusi
1831 3890 1897 3930 ac
1928 3875 2162 3946 proinde

2270 3887 2367 3942 καὶ
2394 3888 2493 3942 σὺν
2524 3888 2746 3960 Χριστῷ
2779 3886 2938 3942 εἶναι.
2983 3888 3283 3957 Ῥιφέντων
3318 3888 3375 3943 δὲ
3425 3891 3541 3944 τῶν
3584 3890 3822 3959 σωμάτων

580 3967 749 4022 alacri
784 3966 941 4021 vultu
984 3965 1326 4029 renidentes,
1359 3966 1508 4020 omni
1538 3981 1663 4021 cum
1709 3968 1927 4023 actione
1964 3969 2165 4039 gratia-

2271 3980 2454 4033 αὐτῶν
2502 3982 2596 4034 ἐπὶ
2628 3980 2831 4045 πολλὰς
2859 3982 3073 4052 ἡμέρας
3097 3983 3341 4051 ἀτάφων,
3380 3982 3821 4053 ἐπικατελάϐομεν

582 4075 730 4124 rum,
777 4060 991 4114 animas
1056 4058 1422 4113 reddiderunt
1486 4060 1768 4115 Domino:
1805 4061 2011 4132 quippe
2067 4063 2163 4133 qui

2270 4074 2431 4143 ἡμεῖς
2462 4072 2571 4125 ἀπὸ
2608 4072 2907 4144 Ἀραϐίας·
2958 4076 3054 4127 καὶ
3084 4075 3112 4128 ό
3146 4075 3248 4142 μὲν
3303 4074 3485 4139 ἀϐϐᾶς
3528 4076 3817 4145 Νικομήδης

580 4168 692 4207 non
728 4151 802 4207 ita
836 4150 1051 4222 pridem
1083 4151 1141 4205 in
1184 4151 1332 4206 votis
1372 4150 1687 4207 habuerant
1734 4152 1934 4206 resolvi
1956 4161 2005 4206 et
2042 4169 2165 4207 cum

2273 4164 2613 4237 θεασάμενος
2643 4166 2712 4220 τά
2745 4165 2956 4221 ἐλεεινά
2982 4166 3233 4238 θεάματα
3264 4169 3372 4221 τῶν
3410 4169 3695 4241 Πατέρων,
3727 4168 3819 4219 λει-

581 4244 788 4300 Christo
818 4260 930 4300 esse
960 4245 999 4298 ‘.
1020 4242 1266 4314 Corpora
1315 4258 1449 4299 vero
1474 4243 1765 4314 plusquam
1795 4243 2001 4315 tragice
2024 4259 2163 4300 caesa

2273 4259 2600 4328 ποθυμήσας
2632 4258 2820 4329 σχεδὸν
2851 4259 3028 4314 εἰπεῖν
3052 4260 3193 4332 ἤρθη
3216 4262 3429 4332 νεκρός.
3455 4242 3720 4326 Μόδεστος
3739 4262 3822 4314 ὁὲό

579 4354 705 4392 cum
734 4352 847 4392 non
878 4350 1084 4407 paucos
1115 4335 1235 4390 dies
1267 4335 1325 4389 in
1366 4334 1597 4390 humum
1642 4334 1891 4405 disjecta.
1932 4335 2052 4390 sine
2078 4351 2165 4390 se-

2271 4347 2568 4412 ὁσιώτατος
2618 4348 2935 4421 προσελθὼν
2987 4350 3167 4404 πάντα
3217 4352 3285 4405 τά
3335 4353 3671 4425 σκηνώματα
3731 4352 3820 4404 τῶν

580 4430 822 4499 pulturae
856 4427 1131 4484 beneﬁcio
1162 4427 1486 4499 jacuissent,
1519 4428 1588 4482 ab
1620 4428 1831 4483 Arabia
1858 4428 1953 4483 illo
1988 4443 2163 4499 usque

2272 4442 2444 4510 ἁγίων
2495 4441 2805 4508 συστείλας,
2865 4441 3053 4496 ἔλουσε
3114 4443 3291 4498 πολλά
3343 4463 3404 4498 τε
3459 4445 3817 4518 ἐπιδακρύσας.

578 4520 1092 4593 approperavimus.
1132 4521 1202 4575 Et
1239 4520 1465 4590 quidem
1505 4520 1743 4576 eximius
1794 4520 1965 4576 abbas
2003 4522 2164 4577 Nico-

2268 4534 2365 4586 καὶ
2423 4531 2899 4603 περιπτυξάμενος
2939 4536 3009 4589 τά
3070 4536 3201 4605 ἅγια
3256 4539 3350 4591 καὶ
3385 4540 3687 4609 καρτερικὰ
3738 4538 3818 4590 αὖα

579 4617 771 4673 medes
801 4615 1181 4687 spectaculum
1216 4613 1353 4669 illud
1400 4613 1717 4670 miserabile
1764 4630 2031 4671 ca:sorum
2062 4616 2163 4670 Pa-

2266 4624 2375 4678 τῶν
2409 4625 2656 4695 λείψανα,
2687 4626 2950 4681 κατέθετο
2978 4631 3035 4681 ἐν
3068 4632 3191 4693 ταῖς
3217 4630 3415 4702 θήκαις
3436 4633 3547 4685 τῶν
3571 4634 3813 4703 Πατέρων.

582 4720 728 4764 trum
764 4708 1194 4778 contemplatus,
1230 4706 1474 4777 deliquio
1504 4707 1675 4762 animi
1709 4707 1973 4772 concidit,
1996 4716 2161 4779 atque

581 4802 733 4859 illinc
766 4803 975 4858 relatus
1027 4812 1282 4857 mortuus
1327 4816 1500 4872 prope
1545 4810 1648 4856 est.
1698 4801 1979 4858 Modestus
2018 4818 2161 4873 pra:-

580 4905 753 4964 terea,
808 4905 865 4951 et
921 4895 1039 4967 ipse
1108 4895 1514 4961 sanctissimus,
1563 4895 1863 4952 adventum
1909 4905 2163 4951 nostrum

578 5005 707 5045 cum
740 4988 1153 5054 antevertisset,
1205 4996 1286 5044 et-
1309 4997 1630 5044 sanctorum
1675 4987 1896 5043 illorum
1937 4988 2166 5043 lustras-

580 5090 665 5136 set
709 5081 863 5151 prius
910 5079 1222 5135 habitacula
1264 5079 1469 5145 omnia,
1510 5078 1701 5136 itidem
1738 5095 1945 5152 angore
1990 5078 2159 5136 animi

581 5178 938 5237 contractus,
984 5171 1174 5227 multis
1227 5186 1286 5226 se
1340 5171 1546 5242 proluit
1596 5172 1874 5244 lacrymis,
1926 5187 1991 5229 ac
2043 5188 2163 5229 san-

580 5272 671 5319 cta
709 5279 831 5334 quae
878 5271 1112 5320 eatenus
1166 5263 1490 5320 resederant
1528 5263 1786 5335 lipsana'
1832 5265 2163 5336 circumple-

564 5350 703 5423 'xus,
736 5357 792 5412 in
833 5358 1061 5414 Patrum
1112 5357 1465 5427 superiorum
1509 5356 1767 5428 deposuit
1811 5358 2159 5415 conditoriis.

655 5450 867 5521 1023
896 5449 948 5504 ls
968 5448 1037 5503 ad
1059 5448 1175 5504 haec
1193 5489 1209 5515 ,
1245 5448 1343 5507 ubi
1373 5449 1681 5506 solemnem
1718 5451 1987 5521 persolvit
2008 5458 2065 5507 et
2092 5466 2161 5507 ex

580 5557 733 5610 more
781 5549 1112 5598 consuetum
1166 5538 1471 5607 Canonem,
1502 5540 1658 5597 illud‘
1693 5557 1822 5597 mox
1872 5543 2157 5599 oraculum

580 5635 733 5690 Isaiae
774 5643 992 5690 exserta
1029 5649 1162 5690 voce
1219 5633 1605 5704 deprompsit:
1653 5653 1669 5685 ι
1704 5634 1818 5689 Viri
1865 5635 1999 5705 justi
2057 5636 2159 5691 tol-

2275 4717 2592 4780 Ἐκτελέσας
2612 4719 2669 4771 δὲ
2688 4719 2969 4783 ἐπάὐτοῑς
2992 4722 3083 4775 τὸν
3108 4724 3312 4797 συνήθη
3336 4726 3561 4792 κανόνα,
3584 4725 3817 4794 ἐπεφθέγ-

2266 4809 2394 4873 ξατο
2421 4811 2603 4875 αὐτοῖς
2618 4811 2678 4864 τὸ
2706 4811 2802 4865 τοῦ
2845 4813 3070 4868 Ἡσαΐου
3126 4815 3303 4885 λόγιον
3333 4818 3394 4871 τὸ
3422 4818 3635 4887 φάσκον
3652 4821 3812 4871 ἰ’Δν-

2263 4902 2391 4972 δρες
2411 4901 2613 4957 δίκαιοι
2637 4903 2905 4974 αἴρονται,
2925 4906 3020 4959 καὶ
3044 4908 3218 4972 οὐδεὶς
3245 4915 3502 4965 κατανοεῖ
3520 4928 3534 4940 ’
3559 4913 3665 4966 ἀπὸ
3680 4927 3812 4983 προσ-

2265 4992 2419 5047 ώπου
2470 4994 2687 5059 ἀδικίας
2732 4991 2902 5067 ἦρται
2948 4998 2976 5051 ό
3015 4998 3255 5064 δίκαιος·
3292 5001 3446 5057 ἔσται
3492 5003 3809 5077 ἑνᾼεὶρήνῃὴ

2266 5084 2414 5157 ταφὴ
2450 5085 2639 5139 αὑτοῦ.
2685 5105 2704 5139 ι
2737 5088 2877 5142 Καί’
2916 5108 2933 5139 ι
2976 5090 3163 5160 Ψυχαὶ
3194 5091 3423 5148 δικαίων
3465 5095 3524 5148 ἐν
3550 5074 3810 5165 {expllia-

2272 5178 2411 5247 ρίου*
2444 5178 2541 5233 καὶ
2568 5178 2631 5233 οὐ
2669 5180 2745 5251 μὴ
2782 5180 2987 5257 ’ἅψηται
3017 5184 3202 5238 αὐτῶν
3243 5184 3494 5253 βάσανος.
3524 5187 3737 5254 Ἕδοξαν
3767 5185 3811 5237 ἐν

2268 5269 2568 5341 ὀφθαλμοῖς
2596 5271 2850 5343 ἀφρόνων
2882 5274 3160 5343 τεθνάναι,
3196 5278 3244 5331 oi
3268 5279 3324 5331 δὲ
3359 5280 3495 5332 εἰσὶν
3520 5281 3578 5333 ἐν
3611 5278 3806 5349 εἰρήνῃ,

2269 5362 2366 5416 καὶ
2392 5364 2426 5435 ή
2448 5363 2605 5427 ἐλπὶς
2625 5365 2805 5419 αὐτῶν
2832 5365 3131 5434 ἀθανασίας
3157 5370 3372 5442 πλήρης
3392 5388 3406 5401 ·
3432 5372 3521 5425 καὶ
3543 5371 3688 5439 ὀλίγα
3709 5387 3812 5423 παι-

2267 5452 2554 5517 δευθέντες
2609 5455 2866 5526 μεγάλως
2910 5458 3473 5532 εῦεργετηθήσονται,
3514 5463 3593 5516 ὅτι
3633 5464 3659 5515 ό
3699 5461 3809 5521 Θεὸς

2266 5546 2559 5617 ἐπείρασεν
2601 5548 2825 5614 αὐτοὺς,
2858 5551 2953 5604 καὶ
2987 5546 3146 5623 εὗρεν
3179 5553 3374 5618 αὒτοὺς
3410 5555 3587 5620 ἀξίους
3614 5550 3801 5611 ἑαυτοῦ,

2265 5640 2360 5691 καὶ
2386 5639 2460 5705 ὡς
2488 5641 2863 5714 ὁλοιιάρπωμα
2889 5644 3082 5711 θυσίας
3112 5648 3477 5719 προσεδέξατο
3499 5648 3700 5712 αὐτοὺς,
3727 5644 3804 5697 καὶ

695 5792 931 5862 Philipp.
963 5809 997 5857 ι,
1027 5791 1118 5846 23.
1193 5792 1213 5823 ³
1238 5788 1320 5846 Τὰ
1354 5790 1483 5860 am
1514 5788 1761 5861 λείψανα,
1813 5800 2031 5846 sanctas
2069 5793 2350 5863 reliquias.
