  <div class='ocr_page' id='page_1' title='image "/cluster/home/n/w/nwhite01/storage/ocr_20150623/89/hvd.32044010610574/720.png"; bbox 0 0 4052 6548; ppageno 0'>
   <div class='ocr_carea' id='block_1_1' title="bbox 247 421 386 495">
    <p class='ocr_par' dir='ltr' id='par_1_1' title="bbox 247 421 386 495">
     <span class='ocr_line' id='line_1_1' title="bbox 247 421 386 495; baseline 0.058 -7"><span class='ocrx_word' id='word_1_1' title='bbox 247 421 386 495; x_wconf 78' lang='grc'>1425</span> 
     </span>
    </p>
   </div>
   <div class='ocr_carea' id='block_1_2' title="bbox 1379 436 2449 502">
    <p class='ocr_par' dir='ltr' id='par_1_2' title="bbox 1379 436 2449 502">
     <span class='ocr_line' id='line_1_2' title="bbox 1379 436 2449 502; baseline 0 -2"><span class='ocrx_word' id='word_1_2' title='bbox 1379 439 1747 501; x_wconf 78' lang='lat' dir='ltr'><strong>EPISTOLA</strong></span> <span class='ocrx_word' id='word_1_3' title='bbox 1785 436 1884 494; x_wconf 82' lang='lat' dir='ltr'><strong>AD</strong></span> <span class='ocrx_word' id='word_1_4' title='bbox 1923 436 2449 502; x_wconf 86' lang='lat' dir='ltr'><strong>EUSTATHIUM.</strong></span> 
     </span>
    </p>
   </div>
   <div class='ocr_carea' id='block_1_3' title="bbox 3379 441 3514 507">
    <p class='ocr_par' dir='ltr' id='par_1_3' title="bbox 3379 441 3514 507">
     <span class='ocr_line' id='line_1_3' title="bbox 3379 441 3514 507; baseline 0.007 -1"><span class='ocrx_word' id='word_1_5' title='bbox 3379 441 3514 507; x_wconf 69' lang='lat'><strong>1426</strong></span> 
     </span>
    </p>
   </div>
   <div class='ocr_carea' id='block_1_4' title="bbox 243 547 1840 629">
    <p class='ocr_par' dir='ltr' id='par_1_4' title="bbox 243 547 1822 629">
     <span class='ocr_line' id='line_1_4' title="bbox 243 547 1822 629; baseline 0.005 -30"><span class='ocrx_word' id='word_1_6' title='bbox 243 547 304 601; x_wconf 80' lang='grc' dir='ltr'>ὲν</span> <span class='ocrx_word' id='word_1_7' title='bbox 353 547 535 620; x_wconf 86' lang='grc' dir='ltr'>καιρῷ</span> <span class='ocrx_word' id='word_1_8' title='bbox 585 550 897 623; x_wconf 74' lang='grc' dir='ltr'>ἐπισκοπῆς</span> <span class='ocrx_word' id='word_1_9' title='bbox 954 554 1136 610; x_wconf 84' lang='grc' dir='ltr'>αὐτῶν</span> <span class='ocrx_word' id='word_1_10' title='bbox 1187 556 1591 629; x_wconf 73' lang='grc' dir='ltr'>ἀναλάμψουσι.</span> <span class='ocrx_word' id='word_1_11' title='bbox 1645 576 1663 608; x_wconf 76' lang='grc' dir='ltr'><strong>ι</strong></span> <span class='ocrx_word' id='word_1_12' title='bbox 1711 555 1822 610; x_wconf 75' lang='grc' dir='ltr'><strong>Καὶ</strong></span> 
     </span>
    </p>
   </div>
   <div class='ocr_carea' id='block_1_5' title="bbox 1941 547 3514 629">
    <p class='ocr_par' dir='ltr' id='par_1_5' title="bbox 1946 551 3514 624">
     <span class='ocr_line' id='line_1_5' title="bbox 1946 551 3514 624; baseline 0.005 -20"><span class='ocrx_word' id='word_1_13' title='bbox 1946 566 2116 606; x_wconf 81' lang='lat' dir='ltr'><strong>un.ur</strong></span> <span class='ocrx_word' id='word_1_14' title='bbox 2141 564 2199 608; x_wconf 87' lang='lat' dir='ltr'><strong>et</strong></span> <span class='ocrx_word' id='word_1_15' title='bbox 2227 569 2392 608; x_wconf 89' lang='lat' dir='ltr'><strong>nemo</strong></span> <span class='ocrx_word' id='word_1_16' title='bbox 2423 553 2711 624; x_wconf 87' lang='lat' dir='ltr'><strong>recogitat.</strong></span> <span class='ocrx_word' id='word_1_17' title='bbox 2748 551 2952 608; x_wconf 78' lang='lat' dir='ltr'><strong>Afacie</strong></span> <span class='ocrx_word' id='word_1_18' title='bbox 2982 552 3293 624; x_wconf 74' lang='lat' dir='ltr'><strong>iniquitatis</strong></span> <span class='ocrx_word' id='word_1_19' title='bbox 3322 557 3514 612; x_wconf 75' lang='lat' dir='ltr'><strong>subla-</strong></span> 
     </span>
    </p>
   </div>
   <div class='ocr_carea' id='block_1_6' title="bbox 240 638 1828 720">
    <p class='ocr_par' dir='ltr' id='par_1_6' title="bbox 240 638 1828 720">
     <span class='ocr_line' id='line_1_6' title="bbox 240 638 1828 720; baseline 0.006 -28"><span class='ocrx_word' id='word_1_20' title='bbox 240 638 420 694; x_wconf 85' lang='grc' dir='ltr'>ταῦτα</span> <span class='ocrx_word' id='word_1_21' title='bbox 445 641 577 714; x_wconf 76' lang='grc' dir='ltr'>περὶ</span> <span class='ocrx_word' id='word_1_22' title='bbox 613 641 724 697; x_wconf 85' lang='grc' dir='ltr'>τῶν</span> <span class='ocrx_word' id='word_1_23' title='bbox 752 644 923 714; x_wconf 86' lang='grc' dir='ltr'>άγίων</span> <span class='ocrx_word' id='word_1_24' title='bbox 949 646 1210 720; x_wconf 88' lang='grc' dir='ltr'>Πατέρων</span> <span class='ocrx_word' id='word_1_25' title='bbox 1234 650 1266 719; x_wconf 83' lang='grc' dir='ltr'><strong>ή</strong></span> <span class='ocrx_word' id='word_1_26' title='bbox 1276 648 1392 720; x_wconf 85' lang='grc' dir='ltr'><strong>μῶν</strong></span> <span class='ocrx_word' id='word_1_27' title='bbox 1421 646 1663 720; x_wconf 84' lang='grc' dir='ltr'>είρηκὼς</span> <span class='ocrx_word' id='word_1_28' title='bbox 1685 663 1828 718; x_wconf 85' lang='grc' dir='ltr'>παρ·</span> 
     </span>
    </p>
   </div>
   <div class='ocr_carea' id='block_1_7' title="bbox 239 732 1825 813">
    <p class='ocr_par' dir='ltr' id='par_1_7' title="bbox 239 732 1825 813">
     <span class='ocr_line' id='line_1_7' title="bbox 239 732 1825 813; baseline 0.004 -27"><span class='ocrx_word' id='word_1_29' title='bbox 239 732 429 787; x_wconf 78' lang='grc' dir='ltr'>εκάλει</span> <span class='ocrx_word' id='word_1_30' title='bbox 444 733 812 808; x_wconf 71' lang='grc' dir='ltr'>πάπαςὴμᾶς</span> <span class='ocrx_word' id='word_1_31' title='bbox 829 738 904 811; x_wconf 83' lang='grc' dir='ltr'>μὴ</span> <span class='ocrx_word' id='word_1_32' title='bbox 929 739 1320 813; x_wconf 80' lang='grc' dir='ltr'>ὲγκαταλεῖψαι</span> <span class='ocrx_word' id='word_1_33' title='bbox 1347 741 1440 796; x_wconf 81' lang='grc' dir='ltr'>τὸν</span> <span class='ocrx_word' id='word_1_34' title='bbox 1459 741 1622 795; x_wconf 86' lang='grc' dir='ltr'>τόπον</span> <span class='ocrx_word' id='word_1_35' title='bbox 1646 741 1680 812; x_wconf 76' lang='grc' dir='ltr'>ἡ</span> <span class='ocrx_word' id='word_1_36' title='bbox 1689 739 1825 812; x_wconf 85' lang='grc' dir='ltr'>μῶν,</span> 
     </span>
    </p>
   </div>
   <div class='ocr_carea' id='block_1_8' title="bbox 241 821 1828 904">
    <p class='ocr_par' dir='ltr' id='par_1_8' title="bbox 241 821 1828 904">
     <span class='ocr_line' id='line_1_8' title="bbox 241 821 1828 904; baseline 0.011 -29"><span class='ocrx_word' id='word_1_37' title='bbox 241 821 361 875; x_wconf 81' lang='grc' dir='ltr'>ἀλλ’</span> <span class='ocrx_word' id='word_1_38' title='bbox 395 823 689 896; x_wconf 77' lang='grc' dir='ltr'>ὑπομένειν</span> <span class='ocrx_word' id='word_1_39' title='bbox 721 829 986 897; x_wconf 78' lang='grc' dir='ltr'><strong>γενναίως</strong></span> <span class='ocrx_word' id='word_1_40' title='bbox 1018 832 1077 884; x_wconf 82' lang='grc' dir='ltr'>ὲν</span> <span class='ocrx_word' id='word_1_41' title='bbox 1107 834 1223 896; x_wconf 86' lang='grc' dir='ltr'>τοῖς</span> <span class='ocrx_word' id='word_1_42' title='bbox 1253 835 1586 904; x_wconf 79' lang='grc' dir='ltr'><strong>πειρασμοῖς</strong></span> <span class='ocrx_word' id='word_1_43' title='bbox 1619 848 1828 904; x_wconf 82' lang='grc' dir='ltr'>μνημο-</span> 
     </span>
    </p>
   </div>
   <div class='ocr_carea' id='block_1_9' title="bbox 243 914 1826 997">
    <p class='ocr_par' dir='ltr' id='par_1_9' title="bbox 243 914 1826 997">
     <span class='ocr_line' id='line_1_9' title="bbox 243 914 1826 997; baseline 0.007 -30"><span class='ocrx_word' id='word_1_44' title='bbox 243 914 500 981; x_wconf 89' lang='grc' dir='ltr'>νεύοντας</span> <span class='ocrx_word' id='word_1_45' title='bbox 527 916 620 971; x_wconf 87' lang='grc' dir='ltr'><strong>τοῦ</strong></span> <span class='ocrx_word' id='word_1_46' title='bbox 655 919 860 992; x_wconf 78' lang='grc' dir='ltr'>Κυρίου</span> <span class='ocrx_word' id='word_1_47' title='bbox 890 921 1160 992; x_wconf 78' lang='grc' dir='ltr'>λέγοντοςο</span> <span class='ocrx_word' id='word_1_48' title='bbox 1200 941 1220 976; x_wconf 82' lang='grc' dir='ltr'><strong>ι</strong></span> <span class='ocrx_word' id='word_1_49' title='bbox 1263 925 1387 979; x_wconf 86' lang='grc' dir='ltr'><strong>Ὅτι</strong></span> <span class='ocrx_word' id='word_1_50' title='bbox 1421 924 1583 996; x_wconf 85' lang='grc' dir='ltr'>στενὴ</span> <span class='ocrx_word' id='word_1_51' title='bbox 1617 925 1651 997; x_wconf 84' lang='grc' dir='ltr'>ὴ</span> <span class='ocrx_word' id='word_1_52' title='bbox 1683 923 1826 994; x_wconf 92' lang='grc' dir='ltr'>πύλη</span> 
     </span>
    </p>
   </div>
   <div class='ocr_carea' id='block_1_10' title="bbox 245 1008 1822 1089">
    <p class='ocr_par' dir='ltr' id='par_1_10' title="bbox 245 1008 1822 1089">
     <span class='ocr_line' id='line_1_10' title="bbox 245 1008 1822 1089; baseline 0.008 -28"><span class='ocrx_word' id='word_1_53' title='bbox 245 1008 342 1062; x_wconf 72' lang='grc' dir='ltr'>καὶ</span> <span class='ocrx_word' id='word_1_54' title='bbox 367 1008 704 1082; x_wconf 79' lang='grc' dir='ltr'><strong>τεθλιμμένη</strong></span> <span class='ocrx_word' id='word_1_55' title='bbox 738 1014 770 1085; x_wconf 82' lang='grc' dir='ltr'><strong>ἡ</strong></span> <span class='ocrx_word' id='word_1_56' title='bbox 801 1014 920 1077; x_wconf 78' lang='grc' dir='ltr'>ὁδὸς</span> <span class='ocrx_word' id='word_1_57' title='bbox 949 1019 980 1087; x_wconf 86' lang='grc' dir='ltr'><strong>ἡ</strong></span> <span class='ocrx_word' id='word_1_58' title='bbox 1017 1017 1309 1087; x_wconf 78' lang='grc' dir='ltr'><strong>ἀπάγουσα</strong></span> <span class='ocrx_word' id='word_1_59' title='bbox 1339 1018 1418 1082; x_wconf 85' lang='grc' dir='ltr'><strong>είς</strong></span> <span class='ocrx_word' id='word_1_60' title='bbox 1449 1017 1548 1089; x_wconf 82' lang='grc' dir='ltr'><strong>τὴν</strong></span> <span class='ocrx_word' id='word_1_61' title='bbox 1580 1018 1727 1088; x_wconf 84' lang='grc' dir='ltr'>ζωήν</span> <span class='ocrx_word' id='word_1_62' title='bbox 1747 1034 1760 1048; x_wconf 81' lang='grc'><em>’</em></span> <span class='ocrx_word' id='word_1_63' title='bbox 1805 1035 1822 1068; x_wconf 73' lang='grc' dir='ltr'><strong>ι</strong></span> 
     </span>
    </p>
   </div>
   <div class='ocr_carea' id='block_1_11' title="bbox 245 1101 1832 1182">
    <p class='ocr_par' dir='ltr' id='par_1_11' title="bbox 245 1101 1832 1182">
     <span class='ocr_line' id='line_1_11' title="bbox 245 1101 1832 1182; baseline 0.006 -28"><span class='ocrx_word' id='word_1_64' title='bbox 245 1101 339 1155; x_wconf 77' lang='grc' dir='ltr'>καὶ</span> <span class='ocrx_word' id='word_1_65' title='bbox 384 1103 478 1156; x_wconf 88' lang='grc' dir='ltr'><strong>τοῦ</strong></span> <span class='ocrx_word' id='word_1_66' title='bbox 537 1104 884 1174; x_wconf 82' lang='grc' dir='ltr'>Ἀποστόλου,</span> <span class='ocrx_word' id='word_1_67' title='bbox 913 1110 994 1164; x_wconf 84' lang='grc' dir='ltr'>ὅτι</span> <span class='ocrx_word' id='word_1_68' title='bbox 1043 1128 1062 1163; x_wconf 85' lang='grc' dir='ltr'><strong>ι</strong></span> <span class='ocrx_word' id='word_1_69' title='bbox 1102 1110 1204 1165; x_wconf 92' lang='grc' dir='ltr'>Διά</span> <span class='ocrx_word' id='word_1_70' title='bbox 1246 1111 1459 1165; x_wconf 83' lang='grc' dir='ltr'>πολλῶν</span> <span class='ocrx_word' id='word_1_71' title='bbox 1485 1110 1719 1182; x_wconf 76' lang='grc' dir='ltr'><strong>θλίψεων</strong></span> <span class='ocrx_word' id='word_1_72' title='bbox 1751 1109 1832 1164; x_wconf 81' lang='grc' dir='ltr'><strong>δεῖ</strong></span> 
     </span>
    </p>
   </div>
   <div class='ocr_carea' id='block_1_12' title="bbox 243 1197 1823 1275">
    <p class='ocr_par' dir='ltr' id='par_1_12' title="bbox 243 1197 1823 1275">
     <span class='ocr_line' id='line_1_12' title="bbox 243 1197 1823 1275; baseline 0.001 -24"><span class='ocrx_word' id='word_1_73' title='bbox 243 1197 395 1266; x_wconf 77' lang='grc' dir='ltr'>ἡμᾶς</span> <span class='ocrx_word' id='word_1_74' title='bbox 442 1197 708 1252; x_wconf 74' lang='grc' dir='ltr'>εἰσελθεῖν</span> <span class='ocrx_word' id='word_1_75' title='bbox 748 1201 830 1263; x_wconf 87' lang='grc' dir='ltr'><strong>είς</strong></span> <span class='ocrx_word' id='word_1_76' title='bbox 875 1200 977 1273; x_wconf 83' lang='grc' dir='ltr'>τὴν</span> <span class='ocrx_word' id='word_1_77' title='bbox 1017 1201 1299 1272; x_wconf 85' lang='grc' dir='ltr'>βασιλείαν</span> <span class='ocrx_word' id='word_1_78' title='bbox 1345 1202 1454 1256; x_wconf 83' lang='grc' dir='ltr'><strong>τῶν</strong></span> <span class='ocrx_word' id='word_1_79' title='bbox 1494 1201 1761 1275; x_wconf 80' lang='grc' dir='ltr'>οὐρανῶν.</span> <span class='ocrx_word' id='word_1_80' title='bbox 1804 1220 1823 1253; x_wconf 77' lang='grc' dir='ltr'><strong>ι</strong></span> 
     </span>
    </p>
   </div>
   <div class='ocr_carea' id='block_1_13' title="bbox 249 1284 1826 1368">
    <p class='ocr_par' dir='ltr' id='par_1_13' title="bbox 249 1284 1826 1368">
     <span class='ocr_line' id='line_1_13' title="bbox 249 1284 1826 1368; baseline 0.002 -24"><span class='ocrx_word' id='word_1_81' title='bbox 249 1284 509 1356; x_wconf 77' lang='grc' dir='ltr'>Είξαντες</span> <span class='ocrx_word' id='word_1_82' title='bbox 536 1292 628 1347; x_wconf 76' lang='grc' dir='ltr'>οὖν</span> <span class='ocrx_word' id='word_1_83' title='bbox 673 1296 738 1364; x_wconf 80' lang='grc' dir='ltr'>τῇ</span> <span class='ocrx_word' id='word_1_84' title='bbox 772 1295 1094 1367; x_wconf 81' lang='grc' dir='ltr'><strong>παραινέσει</strong></span> <span class='ocrx_word' id='word_1_85' title='bbox 1128 1296 1293 1351; x_wconf 87' lang='grc' dir='ltr'>αὐτοῦ</span> <span class='ocrx_word' id='word_1_86' title='bbox 1339 1296 1638 1368; x_wconf 76' lang='grc' dir='ltr'>ἐμείναμεν</span> <span class='ocrx_word' id='word_1_87' title='bbox 1673 1295 1731 1348; x_wconf 77' lang='grc' dir='ltr'>ὲν</span> <span class='ocrx_word' id='word_1_88' title='bbox 1758 1295 1826 1366; x_wconf 81' lang='grc' dir='ltr'>τῇ</span> 
     </span>
    </p>
   </div>
   <div class='ocr_carea' id='block_1_14' title="bbox 243 1382 1829 1457">
    <p class='ocr_par' dir='ltr' id='par_1_14' title="bbox 243 1382 1829 1457">
     <span class='ocr_line' id='line_1_14' title="bbox 243 1382 1829 1457; baseline 0.002 -22"><span class='ocrx_word' id='word_1_89' title='bbox 243 1384 441 1456; x_wconf 78' lang='grc' dir='ltr'>Λαύρᾳ</span> <span class='ocrx_word' id='word_1_90' title='bbox 470 1382 547 1447; x_wconf 81' lang='grc' dir='ltr'>ὡς</span> <span class='ocrx_word' id='word_1_91' title='bbox 577 1385 670 1438; x_wconf 70' lang='grc' dir='ltr'><strong>ἐπὶ</strong></span> <span class='ocrx_word' id='word_1_92' title='bbox 706 1384 801 1438; x_wconf 91' lang='grc' dir='ltr'><strong>δύο</strong></span> <span class='ocrx_word' id='word_1_93' title='bbox 837 1387 1040 1457; x_wconf 78' lang='grc' dir='ltr'>μῆνας.</span> <span class='ocrx_word' id='word_1_94' title='bbox 1063 1388 1176 1443; x_wconf 75' lang='grc' dir='ltr'>Καὶ</span> <span class='ocrx_word' id='word_1_95' title='bbox 1223 1387 1387 1442; x_wconf 80' lang='grc' dir='ltr'>πάλιν</span> <span class='ocrx_word' id='word_1_96' title='bbox 1424 1387 1596 1457; x_wconf 81' lang='grc' dir='ltr'><strong>ἀκοῆς</strong></span> <span class='ocrx_word' id='word_1_97' title='bbox 1627 1383 1829 1457; x_wconf 87' lang='grc' dir='ltr'>βαρϐα-</span> 
     </span>
    </p>
   </div>
   <div class='ocr_carea' id='block_1_15' title="bbox 247 1477 1828 1550">
    <p class='ocr_par' dir='ltr' id='par_1_15' title="bbox 247 1477 1828 1550">
     <span class='ocr_line' id='line_1_15' title="bbox 247 1477 1828 1550; baseline 0 -20"><span class='ocrx_word' id='word_1_98' title='bbox 247 1477 410 1549; x_wconf 80' lang='grc' dir='ltr'>ρικῆς</span> <span class='ocrx_word' id='word_1_99' title='bbox 440 1478 740 1549; x_wconf 81' lang='grc' dir='ltr'>γενομένης</span> <span class='ocrx_word' id='word_1_100' title='bbox 769 1479 1104 1550; x_wconf 83' lang='grc' dir='ltr'>φοϐηθέντες</span> <span class='ocrx_word' id='word_1_101' title='bbox 1135 1477 1520 1550; x_wconf 84' lang='grc' dir='ltr'>κατεφύγομεν</span> <span class='ocrx_word' id='word_1_102' title='bbox 1555 1480 1635 1542; x_wconf 89' lang='grc' dir='ltr'><strong>είς</strong></span> <span class='ocrx_word' id='word_1_103' title='bbox 1662 1493 1828 1549; x_wconf 86' lang='grc' dir='ltr'>μονα-</span> 
     </span>
    </p>
   </div>
   <div class='ocr_carea' id='block_1_16' title="bbox 246 1567 1829 1640">
    <p class='ocr_par' dir='ltr' id='par_1_16' title="bbox 246 1567 1829 1640">
     <span class='ocr_line' id='line_1_16' title="bbox 246 1567 1829 1640; baseline 0 -20"><span class='ocrx_word' id='word_1_104' title='bbox 246 1569 471 1640; x_wconf 85' lang='grc' dir='ltr'>στήριον</span> <span class='ocrx_word' id='word_1_105' title='bbox 501 1568 728 1640; x_wconf 83' lang='grc' dir='ltr'>πλησίον</span> <span class='ocrx_word' id='word_1_106' title='bbox 756 1569 859 1640; x_wconf 80' lang='grc' dir='ltr'>τῆς</span> <span class='ocrx_word' id='word_1_107' title='bbox 895 1570 1054 1639; x_wconf 81' lang='grc' dir='ltr'>ἁγίας</span> <span class='ocrx_word' id='word_1_108' title='bbox 1089 1571 1321 1637; x_wconf 86' lang='grc' dir='ltr'>πόλεως,</span> <span class='ocrx_word' id='word_1_109' title='bbox 1350 1570 1425 1634; x_wconf 85' lang='grc' dir='ltr'>ὼς</span> <span class='ocrx_word' id='word_1_110' title='bbox 1450 1567 1560 1623; x_wconf 80' lang='grc' dir='ltr'>ἀπὸ</span> <span class='ocrx_word' id='word_1_111' title='bbox 1599 1567 1829 1622; x_wconf 79' lang='grc' dir='ltr'>σταδίων</span> 
     </span>
    </p>
   </div>
   <div class='ocr_carea' id='block_1_17' title="bbox 246 1660 1830 1733">
    <p class='ocr_par' dir='ltr' id='par_1_17' title="bbox 246 1660 1830 1733">
     <span class='ocr_line' id='line_1_17' title="bbox 246 1660 1830 1733; baseline 0 -19"><span class='ocrx_word' id='word_1_112' title='bbox 246 1661 426 1715; x_wconf 86' lang='grc' dir='ltr'>είκοσι</span> <span class='ocrx_word' id='word_1_113' title='bbox 459 1700 474 1727; x_wconf 88' lang='grc'><strong>,</strong></span> <span class='ocrx_word' id='word_1_114' title='bbox 505 1662 800 1733; x_wconf 81' lang='grc' dir='ltr'>λεγόμενον</span> <span class='ocrx_word' id='word_1_115' title='bbox 835 1664 928 1717; x_wconf 85' lang='grc' dir='ltr'><strong>τοῦ</strong></span> <span class='ocrx_word' id='word_1_116' title='bbox 981 1662 1130 1717; x_wconf 78' lang='grc' dir='ltr'>ἀϐϐἄ</span> <span class='ocrx_word' id='word_1_117' title='bbox 1183 1662 1541 1717; x_wconf 80' lang='grc' dir='ltr'>’Δναστασίου</span> <span class='ocrx_word' id='word_1_118' title='bbox 1568 1702 1583 1728; x_wconf 97' lang='grc'><strong>,</strong></span> <span class='ocrx_word' id='word_1_119' title='bbox 1622 1660 1830 1732; x_wconf 79' lang='grc' dir='ltr'>μηδένα</span> 
     </span>
    </p>
   </div>
   <div class='ocr_carea' id='block_1_18' title="bbox 243 1753 1830 1826">
    <p class='ocr_par' dir='ltr' id='par_1_18' title="bbox 243 1753 1830 1826">
     <span class='ocr_line' id='line_1_18' title="bbox 243 1753 1830 1826; baseline 0 -20"><span class='ocrx_word' id='word_1_120' title='bbox 243 1755 306 1808; x_wconf 87' lang='grc' dir='ltr'>τὸ</span> <span class='ocrx_word' id='word_1_121' title='bbox 337 1755 640 1826; x_wconf 84' lang='grc' dir='ltr'>τηνικαῦτα</span> <span class='ocrx_word' id='word_1_122' title='bbox 684 1755 828 1826; x_wconf 77' lang='grc' dir='ltr'>ἔχον.</span> <span class='ocrx_word' id='word_1_123' title='bbox 871 1755 983 1810; x_wconf 73' lang='grc' dir='ltr'><strong>Καὶ</strong></span> <span class='ocrx_word' id='word_1_124' title='bbox 1018 1756 1344 1825; x_wconf 84' lang='grc' dir='ltr'>ποιήσαντες</span> <span class='ocrx_word' id='word_1_125' title='bbox 1373 1755 1448 1818; x_wconf 88' lang='grc' dir='ltr'><strong>ὡς</strong></span> <span class='ocrx_word' id='word_1_126' title='bbox 1473 1753 1567 1808; x_wconf 90' lang='grc' dir='ltr'><strong>δύο</strong></span> <span class='ocrx_word' id='word_1_127' title='bbox 1603 1754 1830 1826; x_wconf 89' lang='grc' dir='ltr'>χρόνους</span> 
     </span>
    </p>
   </div>
   <div class='ocr_carea' id='block_1_19' title="bbox 245 1847 1828 1920">
    <p class='ocr_par' dir='ltr' id='par_1_19' title="bbox 245 1847 1828 1920">
     <span class='ocr_line' id='line_1_19' title="bbox 245 1847 1828 1920; baseline 0 -20"><span class='ocrx_word' id='word_1_128' title='bbox 245 1849 304 1901; x_wconf 85' lang='grc' dir='ltr'>ὲν</span> <span class='ocrx_word' id='word_1_129' title='bbox 331 1847 502 1918; x_wconf 84' lang='grc' dir='ltr'>αὐτῷ,</span> <span class='ocrx_word' id='word_1_130' title='bbox 535 1847 698 1902; x_wconf 83' lang='grc' dir='ltr'>πάλιν</span> <span class='ocrx_word' id='word_1_131' title='bbox 750 1848 1212 1919; x_wconf 90' lang='grc' dir='ltr'>παρεκαλούμεθα</span> <span class='ocrx_word' id='word_1_132' title='bbox 1259 1848 1366 1902; x_wconf 80' lang='grc' dir='ltr'><strong>ὑπὸ</strong></span> <span class='ocrx_word' id='word_1_133' title='bbox 1403 1847 1497 1902; x_wconf 88' lang='grc' dir='ltr'><strong>τοῦ</strong></span> <span class='ocrx_word' id='word_1_134' title='bbox 1534 1848 1828 1920; x_wconf 78' lang='grc' dir='ltr'>εἰρημένου</span> 
     </span>
    </p>
   </div>
   <div class='ocr_carea' id='block_1_20' title="bbox 243 1938 1827 2011">
    <p class='ocr_par' dir='ltr' id='par_1_20' title="bbox 243 1938 1827 2011">
     <span class='ocr_line' id='line_1_20' title="bbox 243 1938 1827 2011; baseline 0.001 -19"><span class='ocrx_word' id='word_1_135' title='bbox 243 1941 544 1995; x_wconf 84' lang='grc' dir='ltr'>όσιωτάτου</span> <span class='ocrx_word' id='word_1_136' title='bbox 570 1940 846 1994; x_wconf 86' lang='grc' dir='ltr'>Μοδέστου</span> <span class='ocrx_word' id='word_1_137' title='bbox 877 1940 1215 2006; x_wconf 72' lang='grc' dir='ltr'>ἐπανελθεῖν,</span> <span class='ocrx_word' id='word_1_138' title='bbox 1248 1940 1344 1995; x_wconf 75' lang='grc' dir='ltr'>καὶ</span> <span class='ocrx_word' id='word_1_139' title='bbox 1378 1940 1599 2011; x_wconf 79' lang='grc' dir='ltr'>οἰκῆσαι</span> <span class='ocrx_word' id='word_1_140' title='bbox 1629 1941 1710 2004; x_wconf 86' lang='grc' dir='ltr'><strong>είς</strong></span> <span class='ocrx_word' id='word_1_141' title='bbox 1735 1938 1827 1994; x_wconf 78' lang='grc' dir='ltr'><strong>τὸν</strong></span> 
     </span>
    </p>
   </div>
   <div class='ocr_carea' id='block_1_21' title="bbox 244 2027 1830 2105">
    <p class='ocr_par' dir='ltr' id='par_1_21' title="bbox 244 2027 1830 2105">
     <span class='ocr_line' id='line_1_21' title="bbox 244 2027 1830 2105; baseline 0 -20"><span class='ocrx_word' id='word_1_142' title='bbox 244 2032 413 2087; x_wconf 87' lang='grc' dir='ltr'>τόπον</span> <span class='ocrx_word' id='word_1_143' title='bbox 455 2032 632 2103; x_wconf 79' lang='grc' dir='ltr'>ἡμῶν.</span> <span class='ocrx_word' id='word_1_144' title='bbox 671 2032 998 2097; x_wconf 88' lang='grc' dir='ltr'>Πεισθέντες</span> <span class='ocrx_word' id='word_1_145' title='bbox 1041 2027 1134 2088; x_wconf 81' lang='grc' dir='ltr'><strong>οῦν</strong></span> <span class='ocrx_word' id='word_1_146' title='bbox 1159 2035 1226 2104; x_wconf 82' lang='grc' dir='ltr'>τῇ</span> <span class='ocrx_word' id='word_1_147' title='bbox 1260 2033 1439 2105; x_wconf 77' lang='grc' dir='ltr'>ἀγαθῇ</span> <span class='ocrx_word' id='word_1_148' title='bbox 1482 2032 1650 2087; x_wconf 84' lang='grc' dir='ltr'>αὐτοῦ</span> <span class='ocrx_word' id='word_1_149' title='bbox 1690 2050 1830 2104; x_wconf 88' lang='grc' dir='ltr'>συμ-</span> 
     </span>
    </p>
   </div>
   <div class='ocr_carea' id='block_1_22' title="bbox 245 2124 1830 2198">
    <p class='ocr_par' dir='ltr' id='par_1_22' title="bbox 245 2124 1830 2198">
     <span class='ocr_line' id='line_1_22' title="bbox 245 2124 1830 2198; baseline 0.001 -21"><span class='ocrx_word' id='word_1_150' title='bbox 245 2124 461 2196; x_wconf 74' lang='grc' dir='ltr'>ϐουλία,</span> <span class='ocrx_word' id='word_1_151' title='bbox 496 2126 546 2178; x_wconf 83' lang='lat' dir='ltr'><strong>oi</strong></span> <span class='ocrx_word' id='word_1_152' title='bbox 581 2125 680 2196; x_wconf 82' lang='grc' dir='ltr'>μὲν</span> <span class='ocrx_word' id='word_1_153' title='bbox 725 2126 1071 2198; x_wconf 83' lang='grc' dir='ltr'>παραχρῆμα</span> <span class='ocrx_word' id='word_1_154' title='bbox 1101 2125 1518 2198; x_wconf 77' lang='grc' dir='ltr'>ἐπανήλθομεν,</span> <span class='ocrx_word' id='word_1_155' title='bbox 1552 2127 1649 2180; x_wconf 73' lang='grc' dir='ltr'>καὶ</span> <span class='ocrx_word' id='word_1_156' title='bbox 1679 2124 1830 2197; x_wconf 77' lang='grc' dir='ltr'>οἰκή-</span> 
     </span>
    </p>
   </div>
   <div class='ocr_carea' id='block_1_23' title="bbox 248 2217 1827 2290">
    <p class='ocr_par' dir='ltr' id='par_1_23' title="bbox 248 2217 1827 2290">
     <span class='ocr_line' id='line_1_23' title="bbox 248 2217 1827 2290; baseline 0.001 -20"><span class='ocrx_word' id='word_1_157' title='bbox 248 2234 424 2288; x_wconf 89' lang='grc' dir='ltr'>σαμεν</span> <span class='ocrx_word' id='word_1_158' title='bbox 452 2218 532 2282; x_wconf 88' lang='grc' dir='ltr'><strong>είς</strong></span> <span class='ocrx_word' id='word_1_159' title='bbox 561 2219 659 2290; x_wconf 79' lang='grc' dir='ltr'>τὴν</span> <span class='ocrx_word' id='word_1_160' title='bbox 701 2217 942 2290; x_wconf 89' lang='grc' dir='ltr'>Λαῦραν,</span> <span class='ocrx_word' id='word_1_161' title='bbox 976 2219 1120 2283; x_wconf 82' lang='grc' dir='ltr'>τινὲς</span> <span class='ocrx_word' id='word_1_162' title='bbox 1163 2219 1221 2273; x_wconf 83' lang='grc' dir='ltr'>δὲ</span> <span class='ocrx_word' id='word_1_163' title='bbox 1263 2219 1357 2273; x_wconf 74' lang='grc' dir='ltr'>καὶ</span> <span class='ocrx_word' id='word_1_164' title='bbox 1389 2218 1588 2290; x_wconf 80' lang='grc' dir='ltr'>μικρὸν</span> <span class='ocrx_word' id='word_1_165' title='bbox 1623 2217 1827 2290; x_wconf 84' lang='grc' dir='ltr'>βραδύ-</span> 
     </span>
    </p>
   </div>
   <div class='ocr_carea' id='block_1_24' title="bbox 245 2308 1830 2381">
    <p class='ocr_par' dir='ltr' id='par_1_24' title="bbox 245 2308 1830 2381">
     <span class='ocr_line' id='line_1_24' title="bbox 245 2308 1830 2381; baseline 0.001 -20"><span class='ocrx_word' id='word_1_166' title='bbox 245 2325 408 2380; x_wconf 86' lang='grc' dir='ltr'>τερον</span> <span class='ocrx_word' id='word_1_167' title='bbox 436 2308 589 2380; x_wconf 85' lang='grc' dir='ltr'>φόϐῳ</span> <span class='ocrx_word' id='word_1_168' title='bbox 609 2308 716 2362; x_wconf 87' lang='grc' dir='ltr'><strong>τῶν</strong></span> <span class='ocrx_word' id='word_1_169' title='bbox 744 2309 1106 2378; x_wconf 84' lang='grc' dir='ltr'>γειτνιώντων</span> <span class='ocrx_word' id='word_1_170' title='bbox 1134 2311 1266 2381; x_wconf 84' lang='grc' dir='ltr'>ἡμῖν</span> <span class='ocrx_word' id='word_1_171' title='bbox 1295 2309 1649 2381; x_wconf 82' lang='grc' dir='ltr'>Σαρακηνῶν,</span> <span class='ocrx_word' id='word_1_172' title='bbox 1682 2309 1830 2373; x_wconf 83' lang='grc' dir='ltr'>τινὲς</span> 
     </span>
    </p>
   </div>
   <div class='ocr_carea' id='block_1_25' title="bbox 245 2399 1830 2474">
    <p class='ocr_par' dir='ltr' id='par_1_25' title="bbox 245 2399 1830 2474">
     <span class='ocr_line' id='line_1_25' title="bbox 245 2399 1830 2474; baseline 0.001 -20"><span class='ocrx_word' id='word_1_173' title='bbox 245 2401 305 2454; x_wconf 76' lang='grc' dir='ltr'>δὲ</span> <span class='ocrx_word' id='word_1_174' title='bbox 351 2402 444 2454; x_wconf 73' lang='grc' dir='ltr'>καὶ</span> <span class='ocrx_word' id='word_1_175' title='bbox 476 2402 534 2454; x_wconf 79' lang='grc' dir='ltr'>ὲν</span> <span class='ocrx_word' id='word_1_176' title='bbox 571 2399 722 2472; x_wconf 84' lang='grc' dir='ltr'>αὐτῷ</span> <span class='ocrx_word' id='word_1_177' title='bbox 763 2401 842 2472; x_wconf 84' lang='grc' dir='ltr'><strong>τῷ</strong></span> <span class='ocrx_word' id='word_1_178' title='bbox 887 2403 1236 2474; x_wconf 83' lang='grc' dir='ltr'>μοναστηρίῳ</span> <span class='ocrx_word' id='word_1_179' title='bbox 1282 2401 1664 2473; x_wconf 86' lang='grc' dir='ltr'>ἀπεμείναμεν</span> <span class='ocrx_word' id='word_1_180' title='bbox 1709 2401 1830 2471; x_wconf 73' lang='grc' dir='ltr'>ἅμα</span> 
     </span>
    </p>
   </div>
   <div class='ocr_carea' id='block_1_26' title="bbox 259 2493 1830 2567">
    <p class='ocr_par' dir='ltr' id='par_1_26' title="bbox 259 2493 1830 2567">
     <span class='ocr_line' id='line_1_26' title="bbox 259 2493 1830 2567; baseline 0.001 -20"><span class='ocrx_word' id='word_1_181' title='bbox 259 2493 537 2566; x_wconf 78' lang='grc' dir='ltr'>Ἰουστίνῳ</span> <span class='ocrx_word' id='word_1_182' title='bbox 581 2493 658 2564; x_wconf 84' lang='grc' dir='ltr'>τῷ</span> <span class='ocrx_word' id='word_1_183' title='bbox 683 2496 966 2566; x_wconf 87' lang='grc' dir='ltr'>όσιωτάτῳ</span> <span class='ocrx_word' id='word_1_184' title='bbox 1001 2494 1182 2549; x_wconf 83' lang='grc' dir='ltr'>αὐτῶν</span> <span class='ocrx_word' id='word_1_185' title='bbox 1216 2494 1524 2567; x_wconf 74' lang='grc' dir='ltr'>ἡγουμένῳ,</span> <span class='ocrx_word' id='word_1_186' title='bbox 1548 2493 1830 2562; x_wconf 79' lang='grc' dir='ltr'>ἀποταξα-</span> 
     </span>
    </p>
   </div>
   <div class='ocr_carea' id='block_1_27' title="bbox 250 2587 1829 2658">
    <p class='ocr_par' dir='ltr' id='par_1_27' title="bbox 250 2587 1829 2658">
     <span class='ocr_line' id='line_1_27' title="bbox 250 2587 1829 2658; baseline 0.001 -20"><span class='ocrx_word' id='word_1_187' title='bbox 250 2587 401 2656; x_wconf 86' lang='grc' dir='ltr'>μένῳ</span> <span class='ocrx_word' id='word_1_188' title='bbox 448 2587 506 2638; x_wconf 83' lang='grc' dir='ltr'>ὲν</span> <span class='ocrx_word' id='word_1_189' title='bbox 533 2590 597 2658; x_wconf 82' lang='grc' dir='ltr'>τῇ</span> <span class='ocrx_word' id='word_1_190' title='bbox 631 2587 823 2658; x_wconf 74' lang='grc' dir='ltr'>Λαύρα</span> <span class='ocrx_word' id='word_1_191' title='bbox 848 2627 861 2651; x_wconf 92' lang='grc'><strong>,</strong></span> <span class='ocrx_word' id='word_1_192' title='bbox 893 2588 987 2641; x_wconf 73' lang='grc' dir='ltr'>καὶ</span> <span class='ocrx_word' id='word_1_193' title='bbox 1019 2587 1308 2649; x_wconf 82' lang='grc' dir='ltr'>πλείστους</span> <span class='ocrx_word' id='word_1_194' title='bbox 1335 2587 1564 2658; x_wconf 86' lang='grc' dir='ltr'>χρόνους</span> <span class='ocrx_word' id='word_1_195' title='bbox 1601 2589 1660 2642; x_wconf 80' lang='grc' dir='ltr'>ὲν</span> <span class='ocrx_word' id='word_1_196' title='bbox 1693 2589 1829 2658; x_wconf 84' lang='grc' dir='ltr'>αὐτῇ</span> 
     </span>
    </p>
   </div>
   <div class='ocr_carea' id='block_1_28' title="bbox 239 2679 1832 2752">
    <p class='ocr_par' dir='ltr' id='par_1_28' title="bbox 239 2679 1832 2752">
     <span class='ocr_line' id='line_1_28' title="bbox 239 2679 1832 2752; baseline 0.004 -24"><span class='ocrx_word' id='word_1_197' title='bbox 239 2679 602 2748; x_wconf 72' lang='grc' dir='ltr'>πεποιηκότι,</span> <span class='ocrx_word' id='word_1_198' title='bbox 629 2679 724 2734; x_wconf 75' lang='grc' dir='ltr'>καὶ</span> <span class='ocrx_word' id='word_1_199' title='bbox 754 2682 812 2734; x_wconf 80' lang='grc' dir='ltr'>ἐν</span> <span class='ocrx_word' id='word_1_200' title='bbox 843 2680 1064 2745; x_wconf 87' lang='grc' dir='ltr'>πολλαῖς</span> <span class='ocrx_word' id='word_1_201' title='bbox 1093 2681 1320 2752; x_wconf 81' lang='grc' dir='ltr'>ἀρεταῖς</span> <span class='ocrx_word' id='word_1_202' title='bbox 1356 2680 1735 2752; x_wconf 79' lang='grc' dir='ltr'>διαπρέψαντι,</span> <span class='ocrx_word' id='word_1_203' title='bbox 1755 2680 1832 2744; x_wconf 82' lang='grc' dir='ltr'>ὡς</span> 
     </span>
    </p>
   </div>
   <div class='ocr_carea' id='block_1_29' title="bbox 247 2769 1828 2844">
    <p class='ocr_par' dir='ltr' id='par_1_29' title="bbox 247 2769 1828 2844">
     <span class='ocr_line' id='line_1_29' title="bbox 247 2769 1828 2844; baseline 0.002 -21"><span class='ocrx_word' id='word_1_204' title='bbox 247 2771 346 2823; x_wconf 74' lang='grc' dir='ltr'>καὶ</span> <span class='ocrx_word' id='word_1_205' title='bbox 403 2773 468 2840; x_wconf 83' lang='grc' dir='ltr'><strong>τῇ</strong></span> <span class='ocrx_word' id='word_1_206' title='bbox 525 2769 618 2824; x_wconf 87' lang='grc' dir='ltr'><strong>τοῦ</strong></span> <span class='ocrx_word' id='word_1_207' title='bbox 678 2770 1051 2841; x_wconf 84' lang='grc' dir='ltr'>πρεσϐυτέρου</span> <span class='ocrx_word' id='word_1_208' title='bbox 1107 2770 1237 2844; x_wconf 84' lang='grc' dir='ltr'>ἀξίᾳ</span> <span class='ocrx_word' id='word_1_209' title='bbox 1293 2770 1456 2826; x_wconf 80' lang='grc' dir='ltr'>αὐτὸν</span> <span class='ocrx_word' id='word_1_210' title='bbox 1507 2769 1828 2840; x_wconf 81' lang='grc' dir='ltr'>τιμηθῆναι.</span> 
     </span>
    </p>
   </div>
   <div class='ocr_carea' id='block_1_30' title="bbox 248 2861 1832 2934">
    <p class='ocr_par' dir='ltr' id='par_1_30' title="bbox 248 2861 1832 2934">
     <span class='ocr_line' id='line_1_30' title="bbox 248 2861 1832 2934; baseline 0.001 -20"><span class='ocrx_word' id='word_1_211' title='bbox 248 2862 444 2926; x_wconf 84' lang='grc' dir='ltr'>Ὅστις</span> <span class='ocrx_word' id='word_1_212' title='bbox 474 2861 889 2928; x_wconf 82' lang='grc' dir='ltr'>θεοσεϐέστατος</span> <span class='ocrx_word' id='word_1_213' title='bbox 927 2865 1215 2928; x_wconf 83' lang='grc' dir='ltr'>Ἰουστῖνος</span> <span class='ocrx_word' id='word_1_214' title='bbox 1254 2863 1456 2934; x_wconf 82' lang='grc' dir='ltr'>πολλὴν</span> <span class='ocrx_word' id='word_1_215' title='bbox 1491 2862 1738 2918; x_wconf 87' lang='grc' dir='ltr'>συνοδίαν</span> <span class='ocrx_word' id='word_1_216' title='bbox 1773 2864 1832 2916; x_wconf 82' lang='grc' dir='ltr'>ἐν</span> 
     </span>
    </p>
   </div>
   <div class='ocr_carea' id='block_1_31' title="bbox 247 2955 1832 3031">
    <p class='ocr_par' dir='ltr' id='par_1_31' title="bbox 247 2955 1832 3031">
     <span class='ocr_line' id='line_1_31' title="bbox 247 2955 1832 3031; baseline 0.002 -25"><span class='ocrx_word' id='word_1_217' title='bbox 247 2955 328 3026; x_wconf 84' lang='grc' dir='ltr'>τῷ</span> <span class='ocrx_word' id='word_1_218' title='bbox 366 2955 515 3027; x_wconf 84' lang='grc' dir='ltr'><strong>αὐτῷ</strong></span> <span class='ocrx_word' id='word_1_219' title='bbox 548 2957 895 3029; x_wconf 85' lang='grc' dir='ltr'>μοναστηρίῳ</span> <span class='ocrx_word' id='word_1_220' title='bbox 923 2960 988 3029; x_wconf 81' lang='grc' dir='ltr'><strong>τῇ</strong></span> <span class='ocrx_word' id='word_1_221' title='bbox 1022 2957 1115 3011; x_wconf 88' lang='grc' dir='ltr'><strong>τοῦ</strong></span> <span class='ocrx_word' id='word_1_222' title='bbox 1154 2956 1394 3031; x_wconf 81' lang='grc' dir='ltr'>Χριστοῦ</span> <span class='ocrx_word' id='word_1_223' title='bbox 1444 2957 1629 3028; x_wconf 82' lang='grc' dir='ltr'>χάριτι</span> <span class='ocrx_word' id='word_1_224' title='bbox 1671 2973 1832 3024; x_wconf 84' lang='grc' dir='ltr'>περι-</span> 
     </span>
    </p>
   </div>
   <div class='ocr_carea' id='block_1_32' title="bbox 249 3047 1833 3122">
    <p class='ocr_par' dir='ltr' id='par_1_32' title="bbox 249 3047 1833 3122">
     <span class='ocr_line' id='line_1_32' title="bbox 249 3047 1833 3122; baseline 0.001 -22"><span class='ocrx_word' id='word_1_225' title='bbox 249 3047 550 3113; x_wconf 85' lang='grc' dir='ltr'>εποιήσατο</span> <span class='ocrx_word' id='word_1_226' title='bbox 599 3048 818 3120; x_wconf 83' lang='grc' dir='ltr'>κρατῶν</span> <span class='ocrx_word' id='word_1_227' title='bbox 867 3048 961 3103; x_wconf 81' lang='grc' dir='ltr'><strong>τὸν</strong></span> <span class='ocrx_word' id='word_1_228' title='bbox 992 3050 1190 3104; x_wconf 89' lang='grc' dir='ltr'>κανόνα</span> <span class='ocrx_word' id='word_1_229' title='bbox 1241 3047 1688 3122; x_wconf 15' lang='grc' dir='ltr'>ἀπαραλλάκτως,</span> <span class='ocrx_word' id='word_1_230' title='bbox 1732 3049 1833 3119; x_wconf 80' lang='grc' dir='ltr'>τῆς</span> 
     </span>
    </p>
   </div>
   <div class='ocr_carea' id='block_1_33' title="bbox 250 3140 1896 3215">
    <p class='ocr_par' dir='ltr' id='par_1_33' title="bbox 250 3140 1896 3215">
     <span class='ocr_line' id='line_1_33' title="bbox 250 3140 1896 3215; baseline 0 -21"><span class='ocrx_word' id='word_1_231' title='bbox 250 3140 479 3211; x_wconf 87' lang='grc' dir='ltr'>Λαύρας</span> <span class='ocrx_word' id='word_1_232' title='bbox 496 3141 591 3196; x_wconf 79' lang='grc' dir='ltr'>καὶ</span> <span class='ocrx_word' id='word_1_233' title='bbox 618 3141 718 3215; x_wconf 82' lang='grc' dir='ltr'>τὴν</span> <span class='ocrx_word' id='word_1_234' title='bbox 742 3143 935 3215; x_wconf 87' lang='grc' dir='ltr'>λοιπὴν</span> <span class='ocrx_word' id='word_1_235' title='bbox 965 3145 1321 3210; x_wconf 83' lang='grc' dir='ltr'>κατάστασιν,</span> <span class='ocrx_word' id='word_1_236' title='bbox 1347 3145 1442 3198; x_wconf 70' lang='grc' dir='ltr'>καὶ</span> <span class='ocrx_word' id='word_1_237' title='bbox 1471 3143 1572 3197; x_wconf 89' lang='grc' dir='ltr'><strong>οὐκ</strong></span> <span class='ocrx_word' id='word_1_238' title='bbox 1592 3140 1658 3196; x_wconf 83' lang='grc' dir='ltr'>ἂν</span> <span class='ocrx_word' id='word_1_239' title='bbox 1680 3141 1830 3212; x_wconf 79' lang='grc' dir='ltr'>εὖροι</span> <span class='ocrx_word' id='word_1_240' title='bbox 1891 3157 1896 3165; x_wconf 91' lang='grc'><strong>·</strong></span> 
     </span>
    </p>
   </div>
   <div class='ocr_carea' id='block_1_34' title="bbox 1931 646 3511 720">
    <p class='ocr_par' dir='ltr' id='par_1_34' title="bbox 1931 646 3511 720">
     <span class='ocr_line' id='line_1_34' title="bbox 1931 646 3511 720; baseline 0.003 -21"><span class='ocrx_word' id='word_1_241' title='bbox 1931 653 2020 699; x_wconf 87' lang='lat' dir='ltr'><strong>tus</strong></span> <span class='ocrx_word' id='word_1_242' title='bbox 2051 646 2359 716; x_wconf 86' lang='lat' dir='ltr'><strong>estjustus.</strong></span> <span class='ocrx_word' id='word_1_243' title='bbox 2389 646 2509 702; x_wconf 86' lang='lat' dir='ltr'><strong>Erit</strong></span> <span class='ocrx_word' id='word_1_244' title='bbox 2538 646 2594 701; x_wconf 91' lang='lat' dir='ltr'><strong>in</strong></span> <span class='ocrx_word' id='word_1_245' title='bbox 2629 661 2763 718; x_wconf 85' lang='lat' dir='ltr'><strong>pace</strong></span> <span class='ocrx_word' id='word_1_246' title='bbox 2799 646 3114 716; x_wconf 86' lang='lat' dir='ltr'><strong>sepulcrum</strong></span> <span class='ocrx_word' id='word_1_247' title='bbox 3135 648 3255 720; x_wconf 85' lang='lat' dir='ltr'><strong>ejus</strong></span> <span class='ocrx_word' id='word_1_248' title='bbox 3279 649 3321 704; x_wconf 84' lang='grc'>⁸.</span> <span class='ocrx_word' id='word_1_249' title='bbox 3351 667 3369 701; x_wconf 72' lang='grc' dir='ltr'><strong>ι</strong></span> <span class='ocrx_word' id='word_1_250' title='bbox 3406 650 3511 705; x_wconf 85' lang='lat' dir='ltr'><strong>Et:</strong></span> 
     </span>
    </p>
   </div>
   <div class='ocr_carea' id='block_1_35' title="bbox 1937 735 3514 810">
    <p class='ocr_par' dir='ltr' id='par_1_35' title="bbox 1937 735 3514 810">
     <span class='ocr_line' id='line_1_35' title="bbox 1937 735 3514 810; baseline 0.007 -23"><span class='ocrx_word' id='word_1_251' title='bbox 1937 754 1956 787; x_wconf 82' lang='grc' dir='ltr'><strong>ι</strong></span> <span class='ocrx_word' id='word_1_252' title='bbox 1993 735 2130 806; x_wconf 90' lang='lat' dir='ltr'><strong>Spes</strong></span> <span class='ocrx_word' id='word_1_253' title='bbox 2155 736 2375 792; x_wconf 90' lang='lat' dir='ltr'><strong>illorum</strong></span> <span class='ocrx_word' id='word_1_254' title='bbox 2419 737 2831 794; x_wconf 90' lang='lat' dir='ltr'><strong>immortalitate</strong></span> <span class='ocrx_word' id='word_1_255' title='bbox 2862 738 3045 808; x_wconf 87' lang='lat' dir='ltr'><strong>plena.</strong></span> <span class='ocrx_word' id='word_1_256' title='bbox 3095 738 3156 794; x_wconf 91' lang='lat' dir='ltr'><strong>In</strong></span> <span class='ocrx_word' id='word_1_257' title='bbox 3192 740 3384 810; x_wconf 85' lang='lat' dir='ltr'><strong>paucis</strong></span> <span class='ocrx_word' id='word_1_258' title='bbox 3415 758 3514 798; x_wconf 90' lang='lat' dir='ltr'><strong>ve-</strong></span> 
     </span>
    </p>
   </div>
   <div class='ocr_carea' id='block_1_36' title="bbox 1932 830 3516 903">
    <p class='ocr_par' dir='ltr' id='par_1_36' title="bbox 1932 830 3516 903">
     <span class='ocr_line' id='line_1_36' title="bbox 1932 830 3516 903; baseline 0.007 -21"><span class='ocrx_word' id='word_1_259' title='bbox 1932 830 2064 894; x_wconf 82' lang='lat' dir='ltr'><strong>xati,</strong></span> <span class='ocrx_word' id='word_1_260' title='bbox 2096 830 2150 884; x_wconf 91' lang='lat' dir='ltr'><strong>in</strong></span> <span class='ocrx_word' id='word_1_261' title='bbox 2181 830 2374 885; x_wconf 89' lang='lat' dir='ltr'><strong>multis</strong></span> <span class='ocrx_word' id='word_1_262' title='bbox 2403 830 2544 886; x_wconf 84' lang='lat' dir='ltr'><strong>bene</strong></span> <span class='ocrx_word' id='word_1_263' title='bbox 2572 831 2941 902; x_wconf 88' lang='lat' dir='ltr'><strong>disponentur</strong></span> <span class='ocrx_word' id='word_1_264' title='bbox 2962 873 2976 897; x_wconf 90' lang='lat'><strong>,</strong></span> <span class='ocrx_word' id='word_1_265' title='bbox 3012 832 3143 903; x_wconf 87' lang='lat' dir='ltr'><strong>quia</strong></span> <span class='ocrx_word' id='word_1_266' title='bbox 3166 833 3314 890; x_wconf 92' lang='lat' dir='ltr'><strong>Deus</strong></span> <span class='ocrx_word' id='word_1_267' title='bbox 3336 844 3516 893; x_wconf 87' lang='lat' dir='ltr'><strong>tenta-</strong></span> 
     </span>
    </p>
   </div>
   <div class='ocr_carea' id='block_1_37' title="bbox 1929 921 3517 996">
    <p class='ocr_par' dir='ltr' id='par_1_37' title="bbox 1929 921 3517 996">
     <span class='ocr_line' id='line_1_37' title="bbox 1929 921 3517 996; baseline 0.007 -23"><span class='ocrx_word' id='word_1_268' title='bbox 1929 921 2008 975; x_wconf 89' lang='lat' dir='ltr'><strong>vit</strong></span> <span class='ocrx_word' id='word_1_269' title='bbox 2042 921 2164 977; x_wconf 90' lang='lat' dir='ltr'><strong>illos</strong></span> <span class='ocrx_word' id='word_1_270' title='bbox 2191 963 2206 988; x_wconf 92' lang='lat'><strong>,</strong></span> <span class='ocrx_word' id='word_1_271' title='bbox 2234 931 2292 978; x_wconf 90' lang='lat' dir='ltr'><strong>et</strong></span> <span class='ocrx_word' id='word_1_272' title='bbox 2322 921 2533 979; x_wconf 87' lang='lat' dir='ltr'><strong>invenit</strong></span> <span class='ocrx_word' id='word_1_273' title='bbox 2572 938 2670 979; x_wconf 92' lang='lat' dir='ltr'><strong>eos</strong></span> <span class='ocrx_word' id='word_1_274' title='bbox 2713 923 2913 996; x_wconf 87' lang='lat' dir='ltr'><strong>dignos</strong></span> <span class='ocrx_word' id='word_1_275' title='bbox 2946 939 3004 980; x_wconf 88' lang='lat' dir='ltr'><strong>se</strong></span> <span class='ocrx_word' id='word_1_276' title='bbox 3025 967 3041 992; x_wconf 88' lang='lat'><strong>,</strong></span> <span class='ocrx_word' id='word_1_277' title='bbox 3076 934 3133 982; x_wconf 91' lang='lat' dir='ltr'><strong>et</strong></span> <span class='ocrx_word' id='word_1_278' title='bbox 3161 925 3320 996; x_wconf 89' lang='lat' dir='ltr'><strong>quasi</strong></span> <span class='ocrx_word' id='word_1_279' title='bbox 3359 928 3517 984; x_wconf 89' lang='lat' dir='ltr'><strong>holo-</strong></span> 
     </span>
    </p>
   </div>
   <div class='ocr_carea' id='block_1_38' title="bbox 1930 1015 3514 1089">
    <p class='ocr_par' dir='ltr' id='par_1_38' title="bbox 1930 1015 3514 1089">
     <span class='ocr_line' id='line_1_38' title="bbox 1930 1015 3514 1089; baseline 0.005 -20"><span class='ocrx_word' id='word_1_280' title='bbox 1930 1015 2104 1070; x_wconf 87' lang='lat' dir='ltr'><strong>causti</strong></span> <span class='ocrx_word' id='word_1_281' title='bbox 2127 1016 2363 1072; x_wconf 81' lang='lat' dir='ltr'><strong>hostiam</strong></span> <span class='ocrx_word' id='word_1_282' title='bbox 2380 1017 2401 1049; x_wconf 72' lang='grc'><strong>⁸</strong></span> <span class='ocrx_word' id='word_1_283' title='bbox 2417 1016 2630 1088; x_wconf 89' lang='lat' dir='ltr'><strong>accepit</strong></span> <span class='ocrx_word' id='word_1_284' title='bbox 2649 1031 2765 1083; x_wconf 89' lang='lat' dir='ltr'><strong>eos,</strong></span> <span class='ocrx_word' id='word_1_285' title='bbox 2778 1026 2836 1073; x_wconf 88' lang='lat' dir='ltr'><strong>et</strong></span> <span class='ocrx_word' id='word_1_286' title='bbox 2857 1017 2914 1072; x_wconf 91' lang='lat' dir='ltr'><strong>in</strong></span> <span class='ocrx_word' id='word_1_287' title='bbox 2927 1026 3172 1089; x_wconf 89' lang='lat' dir='ltr'><strong>tempore</strong></span> <span class='ocrx_word' id='word_1_288' title='bbox 3185 1021 3514 1077; x_wconf 88' lang='lat' dir='ltr'><strong>visitationis</strong></span> 
     </span>
    </p>
   </div>
   <div class='ocr_carea' id='block_1_39' title="bbox 1931 1106 3514 1184">
    <p class='ocr_par' dir='ltr' id='par_1_39' title="bbox 1931 1106 3514 1184">
     <span class='ocr_line' id='line_1_39' title="bbox 1931 1106 3514 1184; baseline 0.006 -22"><span class='ocrx_word' id='word_1_289' title='bbox 1931 1106 2204 1178; x_wconf 91' lang='lat' dir='ltr'><strong>ipsorum,</strong></span> <span class='ocrx_word' id='word_1_290' title='bbox 2243 1108 2631 1180; x_wconf 89' lang='lat' dir='ltr'><strong>splendescent</strong></span> <span class='ocrx_word' id='word_1_291' title='bbox 2664 1124 2729 1165; x_wconf 91' lang='lat' dir='ltr'><strong>ac</strong></span> <span class='ocrx_word' id='word_1_292' title='bbox 2755 1109 3172 1184; x_wconf 81' lang='lat' dir='ltr'><strong>refulgebunt&#39;.</strong></span> <span class='ocrx_word' id='word_1_293' title='bbox 3209 1132 3228 1166; x_wconf 72' lang='grc' dir='ltr'><strong>ι</strong></span> <span class='ocrx_word' id='word_1_294' title='bbox 3275 1113 3345 1169; x_wconf 84' lang='grc' dir='ltr'>Ει</span> <span class='ocrx_word' id='word_1_295' title='bbox 3395 1114 3514 1170; x_wconf 81' lang='lat' dir='ltr'><strong>haec</strong></span> 
     </span>
    </p>
   </div>
   <div class='ocr_carea' id='block_1_40' title="bbox 1931 1200 3514 1276">
    <p class='ocr_par' dir='ltr' id='par_1_40' title="bbox 1931 1200 3514 1276">
     <span class='ocr_line' id='line_1_40' title="bbox 1931 1200 3514 1276; baseline 0.004 -21"><span class='ocrx_word' id='word_1_296' title='bbox 1931 1200 2000 1256; x_wconf 92' lang='lat' dir='ltr'><strong>de</strong></span> <span class='ocrx_word' id='word_1_297' title='bbox 2031 1201 2237 1256; x_wconf 85' lang='lat' dir='ltr'><strong>sanctis</strong></span> <span class='ocrx_word' id='word_1_298' title='bbox 2275 1201 2383 1257; x_wconf 90' lang='lat' dir='ltr'><strong>illis</strong></span> <span class='ocrx_word' id='word_1_299' title='bbox 2428 1217 2554 1257; x_wconf 89' lang='lat' dir='ltr'><strong>cum</strong></span> <span class='ocrx_word' id='word_1_300' title='bbox 2592 1201 2985 1260; x_wconf 90' lang='lat' dir='ltr'><strong>edisseruisset</strong></span> <span class='ocrx_word' id='word_1_301' title='bbox 3011 1245 3027 1271; x_wconf 93' lang='lat'><strong>,</strong></span> <span class='ocrx_word' id='word_1_302' title='bbox 3060 1220 3514 1276; x_wconf 85' lang='lat' dir='ltr'><strong>unumquemque</strong></span> 
     </span>
    </p>
   </div>
   <div class='ocr_carea' id='block_1_41' title="bbox 1930 1292 3512 1366">
    <p class='ocr_par' dir='ltr' id='par_1_41' title="bbox 1930 1292 3512 1366">
     <span class='ocr_line' id='line_1_41' title="bbox 1930 1292 3512 1366; baseline 0.003 -19"><span class='ocrx_word' id='word_1_303' title='bbox 1930 1301 2180 1347; x_wconf 90' lang='lat' dir='ltr'><strong>nostrum</strong></span> <span class='ocrx_word' id='word_1_304' title='bbox 2211 1292 2492 1348; x_wconf 87' lang='lat' dir='ltr'><strong>adhortari</strong></span> <span class='ocrx_word' id='word_1_305' title='bbox 2527 1292 2698 1364; x_wconf 62' lang='lat' dir='ltr'><strong>coepit</strong></span> <span class='ocrx_word' id='word_1_306' title='bbox 2723 1305 2794 1349; x_wconf 91' lang='lat' dir='ltr'><strong>ne</strong></span> <span class='ocrx_word' id='word_1_307' title='bbox 2824 1308 2936 1364; x_wconf 89' lang='lat' dir='ltr'><strong>quo</strong></span> <span class='ocrx_word' id='word_1_308' title='bbox 2965 1295 3383 1366; x_wconf 87' lang='lat' dir='ltr'><strong>emigraremus,</strong></span> <span class='ocrx_word' id='word_1_309' title='bbox 3403 1296 3512 1352; x_wconf 90' lang='lat' dir='ltr'><strong>loci</strong></span> 
     </span>
    </p>
   </div>
   <div class='ocr_carea' id='block_1_42' title="bbox 1932 1383 3513 1459">
    <p class='ocr_par' dir='ltr' id='par_1_42' title="bbox 1932 1383 3513 1459">
     <span class='ocr_line' id='line_1_42' title="bbox 1932 1383 3513 1459; baseline 0.003 -20"><span class='ocrx_word' id='word_1_310' title='bbox 1932 1384 2083 1440; x_wconf 85' lang='lat' dir='ltr'><strong>illius</strong></span> <span class='ocrx_word' id='word_1_311' title='bbox 2108 1385 2293 1440; x_wconf 85' lang='lat' dir='ltr'><strong>nostri</strong></span> <span class='ocrx_word' id='word_1_312' title='bbox 2313 1383 2630 1442; x_wconf 84' lang='lat' dir='ltr'><strong>desertores</strong></span> <span class='ocrx_word' id='word_1_313' title='bbox 2655 1403 2669 1440; x_wconf 93' lang='lat'><strong>:</strong></span> <span class='ocrx_word' id='word_1_314' title='bbox 2703 1386 2877 1459; x_wconf 85' lang='lat' dir='ltr'><strong>magis</strong></span> <span class='ocrx_word' id='word_1_315' title='bbox 2896 1401 3028 1443; x_wconf 87' lang='lat' dir='ltr'><strong>vero</strong></span> <span class='ocrx_word' id='word_1_316' title='bbox 3057 1403 3151 1444; x_wconf 89' lang='lat' dir='ltr'><strong>eas</strong></span> <span class='ocrx_word' id='word_1_317' title='bbox 3175 1404 3299 1459; x_wconf 68' lang='lat' dir='ltr'><strong>quae</strong></span> <span class='ocrx_word' id='word_1_318' title='bbox 3328 1389 3513 1444; x_wconf 81' lang='lat' dir='ltr'><strong>immi-</strong></span> 
     </span>
    </p>
   </div>
   <div class='ocr_carea' id='block_1_43' title="bbox 1929 1477 3510 1552">
    <p class='ocr_par' dir='ltr' id='par_1_43' title="bbox 1929 1477 3510 1552">
     <span class='ocr_line' id='line_1_43' title="bbox 1929 1477 3510 1552; baseline 0.004 -20"><span class='ocrx_word' id='word_1_319' title='bbox 1929 1477 2139 1532; x_wconf 90' lang='lat' dir='ltr'><strong>nebant</strong></span> <span class='ocrx_word' id='word_1_320' title='bbox 2171 1477 2505 1534; x_wconf 87' lang='lat' dir='ltr'><strong>tentationes</strong></span> <span class='ocrx_word' id='word_1_321' title='bbox 2554 1493 2824 1549; x_wconf 84' lang='lat' dir='ltr'><strong>generoso</strong></span> <span class='ocrx_word' id='word_1_322' title='bbox 2856 1489 3081 1551; x_wconf 86' lang='lat' dir='ltr'><strong>pectore</strong></span> <span class='ocrx_word' id='word_1_323' title='bbox 3112 1480 3510 1552; x_wconf 85' lang='lat' dir='ltr'><strong>perferremus.</strong></span> 
     </span>
    </p>
   </div>
   <div class='ocr_carea' id='block_1_44' title="bbox 1931 1568 3510 1640">
    <p class='ocr_par' dir='ltr' id='par_1_44' title="bbox 1931 1568 3510 1640">
     <span class='ocr_line' id='line_1_44' title="bbox 1931 1568 3510 1640; baseline 0.004 -17"><span class='ocrx_word' id='word_1_324' title='bbox 1931 1568 2232 1624; x_wconf 71' lang='lat' dir='ltr'><strong>Dominicaa</strong></span> <span class='ocrx_word' id='word_1_325' title='bbox 2270 1568 2424 1625; x_wconf 87' lang='lat' dir='ltr'><strong>illius</strong></span> <span class='ocrx_word' id='word_1_326' title='bbox 2475 1585 2752 1626; x_wconf 86' lang='lat' dir='ltr'><strong>memores</strong></span> <span class='ocrx_word' id='word_1_327' title='bbox 2799 1571 3131 1628; x_wconf 66' lang='lat' dir='ltr'><strong>sententiae:</strong></span> <span class='ocrx_word' id='word_1_328' title='bbox 3185 1591 3204 1624; x_wconf 77' lang='grc' dir='ltr'><strong>ι</strong></span> <span class='ocrx_word' id='word_1_329' title='bbox 3233 1571 3371 1640; x_wconf 86' lang='lat' dir='ltr'><strong>Quia</strong></span> <span class='ocrx_word' id='word_1_330' title='bbox 3410 1590 3510 1629; x_wconf 84' lang='lat' dir='ltr'><strong>an-</strong></span> 
     </span>
    </p>
   </div>
   <div class='ocr_carea' id='block_1_45' title="bbox 1931 1663 3508 1735">
    <p class='ocr_par' dir='ltr' id='par_1_45' title="bbox 1931 1663 3508 1735">
     <span class='ocr_line' id='line_1_45' title="bbox 1931 1663 3508 1735; baseline 0.003 -19"><span class='ocrx_word' id='word_1_331' title='bbox 1931 1671 2089 1733; x_wconf 79' lang='lat' dir='ltr'><strong>gusta</strong></span> <span class='ocrx_word' id='word_1_332' title='bbox 2135 1667 2220 1717; x_wconf 90' lang='lat' dir='ltr'><strong>est</strong></span> <span class='ocrx_word' id='word_1_333' title='bbox 2266 1671 2426 1732; x_wconf 89' lang='lat' dir='ltr'><strong>porta</strong></span> <span class='ocrx_word' id='word_1_334' title='bbox 2451 1703 2467 1730; x_wconf 89' lang='lat'><strong>,</strong></span> <span class='ocrx_word' id='word_1_335' title='bbox 2515 1670 2573 1718; x_wconf 89' lang='lat' dir='ltr'><strong>et</strong></span> <span class='ocrx_word' id='word_1_336' title='bbox 2619 1671 2773 1720; x_wconf 89' lang='lat' dir='ltr'><strong>arcta</strong></span> <span class='ocrx_word' id='word_1_337' title='bbox 2810 1663 2900 1720; x_wconf 85' lang='lat' dir='ltr'><strong>via</strong></span> <span class='ocrx_word' id='word_1_338' title='bbox 2925 1665 2946 1697; x_wconf 80' lang='grc'>⁶</span> <span class='ocrx_word' id='word_1_339' title='bbox 2976 1679 3100 1735; x_wconf 84' lang='lat' dir='ltr'><strong>quae</strong></span> <span class='ocrx_word' id='word_1_340' title='bbox 3143 1663 3296 1720; x_wconf 88' lang='lat' dir='ltr'><strong>ducit</strong></span> <span class='ocrx_word' id='word_1_341' title='bbox 3326 1664 3395 1720; x_wconf 89' lang='lat' dir='ltr'><strong>ad</strong></span> <span class='ocrx_word' id='word_1_342' title='bbox 3427 1666 3508 1720; x_wconf 89' lang='lat' dir='ltr'><strong>vi-</strong></span> 
     </span>
    </p>
   </div>
   <div class='ocr_carea' id='block_1_46' title="bbox 1934 1753 3512 1826">
    <p class='ocr_par' dir='ltr' id='par_1_46' title="bbox 1934 1753 3512 1826">
     <span class='ocr_line' id='line_1_46' title="bbox 1934 1753 3512 1826; baseline 0.003 -18"><span class='ocrx_word' id='word_1_343' title='bbox 1934 1755 2110 1822; x_wconf 72' lang='lat' dir='ltr'><strong>tam’;</strong></span> <span class='ocrx_word' id='word_1_344' title='bbox 2141 1775 2160 1808; x_wconf 78' lang='grc' dir='ltr'><strong>ι</strong></span> <span class='ocrx_word' id='word_1_345' title='bbox 2194 1753 2289 1809; x_wconf 90' lang='lat' dir='ltr'><strong>sed</strong></span> <span class='ocrx_word' id='word_1_346' title='bbox 2306 1764 2362 1810; x_wconf 91' lang='lat' dir='ltr'><strong>et</strong></span> <span class='ocrx_word' id='word_1_347' title='bbox 2388 1753 2637 1826; x_wconf 81' lang='lat' dir='ltr'><strong>Apostoli</strong></span> <span class='ocrx_word' id='word_1_348' title='bbox 2663 1755 2900 1811; x_wconf 77' lang='lat' dir='ltr'><strong>dicentis</strong></span> <span class='ocrx_word' id='word_1_349' title='bbox 2925 1777 2939 1811; x_wconf 90' lang='lat'><strong>:</strong></span> <span class='ocrx_word' id='word_1_350' title='bbox 2981 1775 2998 1807; x_wconf 81' lang='grc' dir='ltr'><strong>ι</strong></span> <span class='ocrx_word' id='word_1_351' title='bbox 3027 1755 3165 1824; x_wconf 87' lang='lat' dir='ltr'><strong>Quia</strong></span> <span class='ocrx_word' id='word_1_352' title='bbox 3195 1771 3294 1826; x_wconf 87' lang='lat' dir='ltr'><strong>per</strong></span> <span class='ocrx_word' id='word_1_353' title='bbox 3313 1755 3512 1812; x_wconf 81' lang='lat' dir='ltr'><strong>multas</strong></span> 
     </span>
    </p>
   </div>
   <div class='ocr_carea' id='block_1_47' title="bbox 1934 1847 3504 1920">
    <p class='ocr_par' dir='ltr' id='par_1_47' title="bbox 1934 1847 3504 1920">
     <span class='ocr_line' id='line_1_47' title="bbox 1934 1847 3504 1920; baseline 0 -18"><span class='ocrx_word' id='word_1_354' title='bbox 1934 1847 2323 1904; x_wconf 89' lang='lat' dir='ltr'><strong>tribulationes</strong></span> <span class='ocrx_word' id='word_1_355' title='bbox 2341 1856 2560 1918; x_wconf 89' lang='lat' dir='ltr'><strong>oportet</strong></span> <span class='ocrx_word' id='word_1_356' title='bbox 2587 1864 2688 1904; x_wconf 90' lang='lat' dir='ltr'><strong>nos</strong></span> <span class='ocrx_word' id='word_1_357' title='bbox 2717 1849 2950 1904; x_wconf 88' lang='lat' dir='ltr'><strong>introire</strong></span> <span class='ocrx_word' id='word_1_358' title='bbox 2970 1848 3028 1903; x_wconf 92' lang='lat' dir='ltr'><strong>in</strong></span> <span class='ocrx_word' id='word_1_359' title='bbox 3053 1864 3283 1920; x_wconf 83' lang='lat' dir='ltr'><strong>regnum</strong></span> <span class='ocrx_word' id='word_1_360' title='bbox 3306 1849 3404 1906; x_wconf 89' lang='lat' dir='ltr'><strong>Dei</strong></span> <span class='ocrx_word' id='word_1_361' title='bbox 3432 1851 3504 1904; x_wconf 75' lang='grc' dir='ltr'>’.ι</span> 
     </span>
    </p>
   </div>
   <div class='ocr_carea' id='block_1_48' title="bbox 1934 1938 3511 2012">
    <p class='ocr_par' dir='ltr' id='par_1_48' title="bbox 1934 1938 3511 2012">
     <span class='ocr_line' id='line_1_48' title="bbox 1934 1938 3511 2012; baseline -0.001 -16"><span class='ocrx_word' id='word_1_362' title='bbox 1934 1939 2110 2012; x_wconf 78' lang='lat' dir='ltr'><strong>Hujus</strong></span> <span class='ocrx_word' id='word_1_363' title='bbox 2126 1940 2309 2010; x_wconf 89' lang='lat' dir='ltr'><strong>itaque</strong></span> <span class='ocrx_word' id='word_1_364' title='bbox 2338 1938 2703 1996; x_wconf 84' lang='lat' dir='ltr'><strong>admonitioni</strong></span> <span class='ocrx_word' id='word_1_365' title='bbox 2727 1941 2907 1997; x_wconf 90' lang='lat' dir='ltr'><strong>visum</strong></span> <span class='ocrx_word' id='word_1_366' title='bbox 2925 1950 3012 1997; x_wconf 87' lang='lat' dir='ltr'><strong>est</strong></span> <span class='ocrx_word' id='word_1_367' title='bbox 3037 1957 3228 2012; x_wconf 81' lang='lat' dir='ltr'><strong>gerere</strong></span> <span class='ocrx_word' id='word_1_368' title='bbox 3267 1956 3473 1997; x_wconf 90' lang='lat' dir='ltr'><strong>morem</strong></span> <span class='ocrx_word' id='word_1_369' title='bbox 3496 1983 3511 2008; x_wconf 90' lang='lat'><strong>,</strong></span> 
     </span>
    </p>
   </div>
   <div class='ocr_carea' id='block_1_49' title="bbox 1935 2032 3514 2104">
    <p class='ocr_par' dir='ltr' id='par_1_49' title="bbox 1935 2032 3514 2104">
     <span class='ocr_line' id='line_1_49' title="bbox 1935 2032 3514 2104; baseline 0 -15"><span class='ocrx_word' id='word_1_370' title='bbox 1935 2049 2112 2104; x_wconf 89' lang='lat' dir='ltr'><strong>eoque</strong></span> <span class='ocrx_word' id='word_1_371' title='bbox 2155 2033 2212 2088; x_wconf 91' lang='lat' dir='ltr'><strong>in</strong></span> <span class='ocrx_word' id='word_1_372' title='bbox 2265 2034 2422 2088; x_wconf 89' lang='lat' dir='ltr'><strong>laura</strong></span> <span class='ocrx_word' id='word_1_373' title='bbox 2480 2032 2619 2089; x_wconf 89' lang='lat' dir='ltr'><strong>duos</strong></span> <span class='ocrx_word' id='word_1_374' title='bbox 2671 2049 2843 2104; x_wconf 86' lang='lat' dir='ltr'><strong>prope</strong></span> <span class='ocrx_word' id='word_1_375' title='bbox 2909 2049 3127 2088; x_wconf 87' lang='lat' dir='ltr'><strong>menses</strong></span> <span class='ocrx_word' id='word_1_376' title='bbox 3189 2033 3514 2089; x_wconf 88' lang='lat' dir='ltr'><strong>mansimus.</strong></span> 
     </span>
    </p>
   </div>
   <div class='ocr_carea' id='block_1_50' title="bbox 1886 2123 3516 2185">
    <p class='ocr_par' dir='ltr' id='par_1_50' title="bbox 1886 2123 3516 2185">
     <span class='ocr_line' id='line_1_50' title="bbox 1886 2123 3516 2185; baseline -0.002 -4"><span class='ocrx_word' id='word_1_377' title='bbox 1886 2144 1889 2146; x_wconf 93' lang='grc'>·</span> <span class='ocrx_word' id='word_1_378' title='bbox 1937 2126 2182 2185; x_wconf 80' lang='lat' dir='ltr'><strong>Rumore</strong></span> <span class='ocrx_word' id='word_1_379' title='bbox 2209 2127 2356 2182; x_wconf 89' lang='lat' dir='ltr'><strong>enim</strong></span> <span class='ocrx_word' id='word_1_380' title='bbox 2397 2141 2592 2182; x_wconf 88' lang='lat' dir='ltr'><strong>rursus</strong></span> <span class='ocrx_word' id='word_1_381' title='bbox 2637 2126 2889 2182; x_wconf 84' lang='lat' dir='ltr'><strong>exterriti</strong></span> <span class='ocrx_word' id='word_1_382' title='bbox 2944 2141 3100 2180; x_wconf 67' lang='lat' dir='ltr'><strong>nom</strong></span> <span class='ocrx_word' id='word_1_383' title='bbox 3149 2123 3516 2180; x_wconf 88' lang='lat' dir='ltr'><strong>Barbarorum</strong></span> 
     </span>
    </p>
   </div>
   <div class='ocr_carea' id='block_1_51' title="bbox 1935 2218 3516 2291">
    <p class='ocr_par' dir='ltr' id='par_1_51' title="bbox 1935 2218 3516 2291">
     <span class='ocr_line' id='line_1_51' title="bbox 1935 2218 3516 2291; baseline -0.002 -16"><span class='ocrx_word' id='word_1_384' title='bbox 1935 2219 2296 2288; x_wconf 80' lang='lat' dir='ltr'><strong>excursionis,</strong></span> <span class='ocrx_word' id='word_1_385' title='bbox 2323 2219 2650 2291; x_wconf 83' lang='lat' dir='ltr'><strong>suﬂ‘ugimus</strong></span> <span class='ocrx_word' id='word_1_386' title='bbox 2692 2220 2746 2274; x_wconf 90' lang='lat' dir='ltr'><strong>in</strong></span> <span class='ocrx_word' id='word_1_387' title='bbox 2781 2219 3176 2274; x_wconf 88' lang='lat' dir='ltr'><strong>monasterium</strong></span> <span class='ocrx_word' id='word_1_388' title='bbox 3207 2226 3410 2274; x_wconf 70' lang='lat' dir='ltr'><strong>sanctae</strong></span> <span class='ocrx_word' id='word_1_389' title='bbox 3435 2218 3516 2272; x_wconf 81' lang='lat' dir='ltr'><strong>ci-</strong></span> 
     </span>
    </p>
   </div>
   <div class='ocr_carea' id='block_1_52' title="bbox 1937 2311 3516 2384">
    <p class='ocr_par' dir='ltr' id='par_1_52' title="bbox 1937 2311 3516 2384">
     <span class='ocr_line' id='line_1_52' title="bbox 1937 2311 3516 2384; baseline 0.001 -19"><span class='ocrx_word' id='word_1_390' title='bbox 1937 2312 2093 2368; x_wconf 87' lang='lat' dir='ltr'><strong>vitati</strong></span> <span class='ocrx_word' id='word_1_391' title='bbox 2126 2313 2496 2383; x_wconf 87' lang='lat' dir='ltr'><strong>propinquum</strong></span> <span class='ocrx_word' id='word_1_392' title='bbox 2523 2354 2537 2378; x_wconf 94' lang='lat'><strong>,</strong></span> <span class='ocrx_word' id='word_1_393' title='bbox 2572 2312 2719 2384; x_wconf 87' lang='lat' dir='ltr'><strong>quod</strong></span> <span class='ocrx_word' id='word_1_394' title='bbox 2745 2313 2969 2384; x_wconf 91' lang='lat' dir='ltr'><strong>quidem</strong></span> <span class='ocrx_word' id='word_1_395' title='bbox 3004 2311 3074 2367; x_wconf 91' lang='lat' dir='ltr'><strong>ab</strong></span> <span class='ocrx_word' id='word_1_396' title='bbox 3099 2327 3163 2367; x_wconf 90' lang='lat' dir='ltr'><strong>ea</strong></span> <span class='ocrx_word' id='word_1_397' title='bbox 3197 2311 3516 2382; x_wconf 86' lang='lat' dir='ltr'><strong>disparatur</strong></span> 
     </span>
    </p>
   </div>
   <div class='ocr_carea' id='block_1_53' title="bbox 1937 2404 3513 2477">
    <p class='ocr_par' dir='ltr' id='par_1_53' title="bbox 1937 2404 3513 2477">
     <span class='ocr_line' id='line_1_53' title="bbox 1937 2404 3513 2477; baseline -0.001 -16"><span class='ocrx_word' id='word_1_398' title='bbox 1937 2405 2132 2462; x_wconf 86' lang='lat' dir='ltr'><strong>stadiis</strong></span> <span class='ocrx_word' id='word_1_399' title='bbox 2157 2405 2272 2460; x_wconf 84' lang='lat' dir='ltr'><strong>fere</strong></span> <span class='ocrx_word' id='word_1_400' title='bbox 2296 2406 2530 2477; x_wconf 84' lang='lat' dir='ltr'><strong>viginti,</strong></span> <span class='ocrx_word' id='word_1_401' title='bbox 2567 2407 2655 2462; x_wconf 92' lang='lat' dir='ltr'><strong>cui</strong></span> <span class='ocrx_word' id='word_1_402' title='bbox 2696 2422 2900 2461; x_wconf 90' lang='lat' dir='ltr'><strong>nomen</strong></span> <span class='ocrx_word' id='word_1_403' title='bbox 2937 2404 3154 2460; x_wconf 85' lang='lat' dir='ltr'><strong>abbatis</strong></span> <span class='ocrx_word' id='word_1_404' title='bbox 3186 2405 3457 2460; x_wconf 84' lang='lat' dir='ltr'><strong>Anastasii</strong></span> <span class='ocrx_word' id='word_1_405' title='bbox 3500 2425 3513 2459; x_wconf 91' lang='lat'>:</span> 
     </span>
    </p>
   </div>
   <div class='ocr_carea' id='block_1_54' title="bbox 1938 2497 3515 2571">
    <p class='ocr_par' dir='ltr' id='par_1_54' title="bbox 1938 2497 3515 2571">
     <span class='ocr_line' id='line_1_54' title="bbox 1938 2497 3515 2571; baseline -0.003 -15"><span class='ocrx_word' id='word_1_406' title='bbox 1938 2501 2033 2556; x_wconf 90' lang='lat' dir='ltr'><strong>ubi</strong></span> <span class='ocrx_word' id='word_1_407' title='bbox 2055 2501 2332 2556; x_wconf 90' lang='lat' dir='ltr'><strong>neminem</strong></span> <span class='ocrx_word' id='word_1_408' title='bbox 2379 2515 2606 2571; x_wconf 85' lang='lat' dir='ltr'><strong>prorsus</strong></span> <span class='ocrx_word' id='word_1_409' title='bbox 2634 2509 2750 2555; x_wconf 93' lang='lat' dir='ltr'><strong>tum</strong></span> <span class='ocrx_word' id='word_1_410' title='bbox 2782 2499 2888 2554; x_wconf 89' lang='lat' dir='ltr'><strong>loci</strong></span> <span class='ocrx_word' id='word_1_411' title='bbox 2917 2498 3150 2554; x_wconf 88' lang='lat' dir='ltr'><strong>incolam</strong></span> <span class='ocrx_word' id='word_1_412' title='bbox 3187 2497 3515 2552; x_wconf 82' lang='lat' dir='ltr'><strong>invenimus.</strong></span> 
     </span>
    </p>
   </div>
   <div class='ocr_carea' id='block_1_55' title="bbox 1940 2589 3516 2662">
    <p class='ocr_par' dir='ltr' id='par_1_55' title="bbox 1940 2589 3516 2662">
     <span class='ocr_line' id='line_1_55' title="bbox 1940 2589 3516 2662; baseline -0.004 -13"><span class='ocrx_word' id='word_1_413' title='bbox 1940 2592 2047 2649; x_wconf 87' lang='lat' dir='ltr'><strong>Sed</strong></span> <span class='ocrx_word' id='word_1_414' title='bbox 2075 2603 2133 2648; x_wconf 87' lang='lat' dir='ltr'><strong>et</strong></span> <span class='ocrx_word' id='word_1_415' title='bbox 2161 2593 2368 2649; x_wconf 88' lang='lat' dir='ltr'><strong>ibidem</strong></span> <span class='ocrx_word' id='word_1_416' title='bbox 2396 2591 2526 2658; x_wconf 90' lang='lat' dir='ltr'><strong>loci,</strong></span> <span class='ocrx_word' id='word_1_417' title='bbox 2567 2591 2710 2648; x_wconf 90' lang='lat' dir='ltr'><strong>duos</strong></span> <span class='ocrx_word' id='word_1_418' title='bbox 2737 2591 2874 2647; x_wconf 89' lang='lat' dir='ltr'><strong>alios</strong></span> <span class='ocrx_word' id='word_1_419' title='bbox 2893 2606 3066 2662; x_wconf 91' lang='lat' dir='ltr'><strong>prope</strong></span> <span class='ocrx_word' id='word_1_420' title='bbox 3088 2606 3215 2646; x_wconf 90' lang='lat' dir='ltr'><strong>cum</strong></span> <span class='ocrx_word' id='word_1_421' title='bbox 3246 2589 3516 2645; x_wconf 87' lang='lat' dir='ltr'><strong>demorati</strong></span> 
     </span>
    </p>
   </div>
   <div class='ocr_carea' id='block_1_56' title="bbox 1939 2679 3520 2748">
    <p class='ocr_par' dir='ltr' id='par_1_56' title="bbox 1939 2679 3520 2748">
     <span class='ocr_line' id='line_1_56' title="bbox 1939 2679 3520 2748; baseline -0.004 -9"><span class='ocrx_word' id='word_1_422' title='bbox 1939 2699 2187 2739; x_wconf 88' lang='lat' dir='ltr'><strong>essemus</strong></span> <span class='ocrx_word' id='word_1_423' title='bbox 2219 2699 2438 2740; x_wconf 88' lang='lat' dir='ltr'><strong>menses</strong></span> <span class='ocrx_word' id='word_1_424' title='bbox 2464 2722 2478 2748; x_wconf 88' lang='lat'><strong>,</strong></span> <span class='ocrx_word' id='word_1_425' title='bbox 2513 2698 2732 2738; x_wconf 91' lang='lat' dir='ltr'><strong>rursum</strong></span> <span class='ocrx_word' id='word_1_426' title='bbox 2761 2681 3029 2737; x_wconf 86' lang='lat' dir='ltr'><strong>admoniti</strong></span> <span class='ocrx_word' id='word_1_427' title='bbox 3063 2695 3255 2737; x_wconf 90' lang='lat' dir='ltr'><strong>sumus</strong></span> <span class='ocrx_word' id='word_1_428' title='bbox 3290 2679 3520 2735; x_wconf 84' lang='lat' dir='ltr'><strong>sanctis-</strong></span> 
     </span>
    </p>
   </div>
   <div class='ocr_carea' id='block_1_57' title="bbox 1941 2773 3521 2847">
    <p class='ocr_par' dir='ltr' id='par_1_57' title="bbox 1941 2773 3521 2847">
     <span class='ocr_line' id='line_1_57' title="bbox 1941 2773 3521 2847; baseline -0.003 -16"><span class='ocrx_word' id='word_1_429' title='bbox 1941 2775 2064 2831; x_wconf 89' lang='lat' dir='ltr'><strong>simi</strong></span> <span class='ocrx_word' id='word_1_430' title='bbox 2097 2776 2354 2847; x_wconf 89' lang='lat' dir='ltr'><strong>superius</strong></span> <span class='ocrx_word' id='word_1_431' title='bbox 2384 2776 2517 2832; x_wconf 89' lang='lat' dir='ltr'><strong>dicti</strong></span> <span class='ocrx_word' id='word_1_432' title='bbox 2549 2775 2779 2832; x_wconf 87' lang='lat' dir='ltr'><strong>Modesti</strong></span> <span class='ocrx_word' id='word_1_433' title='bbox 2806 2773 3192 2830; x_wconf 87' lang='lat' dir='ltr'><strong>adhortatione</strong></span> <span class='ocrx_word' id='word_1_434' title='bbox 3213 2815 3227 2839; x_wconf 96' lang='lat'><strong>,</strong></span> <span class='ocrx_word' id='word_1_435' title='bbox 3271 2781 3331 2845; x_wconf 85' lang='lat' dir='ltr'><strong>ut</strong></span> <span class='ocrx_word' id='word_1_436' title='bbox 3371 2780 3521 2842; x_wconf 91' lang='lat' dir='ltr'><strong>post-</strong></span> 
     </span>
    </p>
   </div>
   <div class='ocr_carea' id='block_1_58' title="bbox 1939 2865 3519 2939">
    <p class='ocr_par' dir='ltr' id='par_1_58' title="bbox 1939 2865 3519 2939">
     <span class='ocr_line' id='line_1_58' title="bbox 1939 2865 3519 2939; baseline -0.004 -15"><span class='ocrx_word' id='word_1_437' title='bbox 1939 2869 2156 2925; x_wconf 90' lang='lat' dir='ltr'><strong>liminio</strong></span> <span class='ocrx_word' id='word_1_438' title='bbox 2183 2867 2395 2924; x_wconf 87' lang='lat' dir='ltr'><strong>reversi</strong></span> <span class='ocrx_word' id='word_1_439' title='bbox 2429 2867 2486 2923; x_wconf 90' lang='lat' dir='ltr'><strong>in</strong></span> <span class='ocrx_word' id='word_1_440' title='bbox 2513 2869 2742 2939; x_wconf 88' lang='lat' dir='ltr'><strong>proprio</strong></span> <span class='ocrx_word' id='word_1_441' title='bbox 2778 2867 3158 2923; x_wconf 84' lang='lat' dir='ltr'><strong>habitaremus</strong></span> <span class='ocrx_word' id='word_1_442' title='bbox 3187 2868 3327 2921; x_wconf 91' lang='lat' dir='ltr'><strong>loco.</strong></span> <span class='ocrx_word' id='word_1_443' title='bbox 3358 2865 3519 2920; x_wconf 86' lang='lat' dir='ltr'><strong>Tanti</strong></span> 
     </span>
    </p>
   </div>
   <div class='ocr_carea' id='block_1_59' title="bbox 1940 2956 3518 3030">
    <p class='ocr_par' dir='ltr' id='par_1_59' title="bbox 1940 2956 3518 3030">
     <span class='ocr_line' id='line_1_59' title="bbox 1940 2956 3518 3030; baseline -0.003 -16"><span class='ocrx_word' id='word_1_444' title='bbox 1940 2959 2128 3030; x_wconf 89' lang='lat' dir='ltr'><strong>itaque</strong></span> <span class='ocrx_word' id='word_1_445' title='bbox 2174 2958 2356 3014; x_wconf 84' lang='lat' dir='ltr'><strong>Patris</strong></span> <span class='ocrx_word' id='word_1_446' title='bbox 2391 2959 2569 3030; x_wconf 90' lang='lat' dir='ltr'><strong>probo</strong></span> <span class='ocrx_word' id='word_1_447' title='bbox 2612 2975 2676 3014; x_wconf 88' lang='lat' dir='ltr'><strong>ac</strong></span> <span class='ocrx_word' id='word_1_448' title='bbox 2709 2957 2934 3013; x_wconf 84' lang='lat' dir='ltr'><strong>salutari</strong></span> <span class='ocrx_word' id='word_1_449' title='bbox 2977 2957 3212 3012; x_wconf 91' lang='lat' dir='ltr'><strong>consilio</strong></span> <span class='ocrx_word' id='word_1_450' title='bbox 3245 2956 3518 3027; x_wconf 83' lang='lat' dir='ltr'><strong>persuasi.</strong></span> 
     </span>
    </p>
   </div>
   <div class='ocr_carea' id='block_1_60' title="bbox 1890 3048 3522 3130">
    <p class='ocr_par' dir='ltr' id='par_1_60' title="bbox 1890 3048 3522 3130">
     <span class='ocr_line' id='line_1_60' title="bbox 1890 3048 3522 3130; baseline -0.006 -22"><span class='ocrx_word' id='word_1_451' title='bbox 1890 3124 1897 3130; x_wconf 21' lang='grc' dir='ltr'>δ</span> <span class='ocrx_word' id='word_1_452' title='bbox 1942 3062 1998 3108; x_wconf 90' lang='lat' dir='ltr'><strong>et</strong></span> <span class='ocrx_word' id='word_1_453' title='bbox 2027 3053 2251 3124; x_wconf 87' lang='lat' dir='ltr'><strong>quidem</strong></span> <span class='ocrx_word' id='word_1_454' title='bbox 2275 3053 2527 3108; x_wconf 86' lang='lat' dir='ltr'><strong>nonnulli</strong></span> <span class='ocrx_word' id='word_1_455' title='bbox 2550 3068 2580 3107; x_wconf 89' lang='lat' dir='ltr'><strong>e</strong></span> <span class='ocrx_word' id='word_1_456' title='bbox 2602 3052 2832 3122; x_wconf 80' lang='lat' dir='ltr'><strong>vestigio</strong></span> <span class='ocrx_word' id='word_1_457' title='bbox 2867 3052 2922 3105; x_wconf 91' lang='lat' dir='ltr'><strong>in</strong></span> <span class='ocrx_word' id='word_1_458' title='bbox 2950 3049 3231 3104; x_wconf 87' lang='lat' dir='ltr'><strong>Laurense</strong></span> <span class='ocrx_word' id='word_1_459' title='bbox 3245 3048 3522 3103; x_wconf 86' lang='lat' dir='ltr'><strong>concessi-</strong></span> 
     </span>
    </p>
   </div>
   <div class='ocr_carea' id='block_1_61' title="bbox 1900 3139 3531 3209">
    <p class='ocr_par' dir='ltr' id='par_1_61' title="bbox 1900 3139 3531 3209">
     <span class='ocr_line' id='line_1_61' title="bbox 1900 3139 3531 3209; baseline -0.007 -7"><span class='ocrx_word' id='word_1_460' title='bbox 1900 3157 1906 3164; x_wconf 85' lang='lat'><strong><em>&#39;</em></strong></span> <span class='ocrx_word' id='word_1_461' title='bbox 1943 3163 2068 3202; x_wconf 91' lang='lat' dir='ltr'><strong>mus</strong></span> <span class='ocrx_word' id='word_1_462' title='bbox 2092 3146 2488 3202; x_wconf 85' lang='lat' dir='ltr'><strong>monasterium</strong></span> <span class='ocrx_word' id='word_1_463' title='bbox 2523 3146 2731 3201; x_wconf 79' lang='lat' dir='ltr'><strong>ibidem</strong></span> <span class='ocrx_word' id='word_1_464' title='bbox 2769 3145 2874 3199; x_wconf 85' lang='lat' dir='ltr'><strong>loci</strong></span> <span class='ocrx_word' id='word_1_465' title='bbox 2904 3141 3209 3198; x_wconf 78' lang='lat' dir='ltr'><strong>liabitaluri</strong></span> <span class='ocrx_word' id='word_1_466' title='bbox 3243 3157 3256 3206; x_wconf 91' lang='lat'><strong>;</strong></span> <span class='ocrx_word' id='word_1_467' title='bbox 3299 3139 3531 3209; x_wconf 85' lang='lat' dir='ltr'><strong>quidam-</strong></span> 
     </span>
    </p>
   </div>
   <div class='ocr_carea' id='block_1_62' title="bbox 250 3231 1840 3312">
    <p class='ocr_par' dir='ltr' id='par_1_62' title="bbox 250 3234 1834 3311">
     <span class='ocr_line' id='line_1_62' title="bbox 250 3234 1834 3311; baseline 0.001 -25"><span class='ocrx_word' id='word_1_468' title='bbox 250 3250 337 3297; x_wconf 87' lang='grc' dir='ltr'><strong>τις</strong></span> <span class='ocrx_word' id='word_1_469' title='bbox 369 3235 429 3287; x_wconf 87' lang='grc' dir='ltr'>ὲν</span> <span class='ocrx_word' id='word_1_470' title='bbox 470 3234 566 3308; x_wconf 83' lang='grc' dir='ltr'><strong>ὅλῃ</strong></span> <span class='ocrx_word' id='word_1_471' title='bbox 601 3236 917 3311; x_wconf 78' lang='grc' dir='ltr'>Παλαστίνῃ</span> <span class='ocrx_word' id='word_1_472' title='bbox 947 3239 980 3309; x_wconf 75' lang='grc' dir='ltr'><strong>ἢ</strong></span> <span class='ocrx_word' id='word_1_473' title='bbox 1030 3239 1088 3291; x_wconf 83' lang='grc' dir='ltr'>ὲν</span> <span class='ocrx_word' id='word_1_474' title='bbox 1123 3237 1269 3309; x_wconf 80' lang='grc' dir='ltr'>ἄλλῳ</span> <span class='ocrx_word' id='word_1_475' title='bbox 1298 3236 1550 3306; x_wconf 85' lang='grc' dir='ltr'>κοινοϐίῳ</span> <span class='ocrx_word' id='word_1_476' title='bbox 1575 3235 1834 3304; x_wconf 82' lang='grc' dir='ltr'>τοιαύτην</span> 
     </span>
    </p>
   </div>
   <div class='ocr_carea' id='block_1_63' title="bbox 1941 3231 3523 3312">
    <p class='ocr_par' dir='ltr' id='par_1_63' title="bbox 1941 3231 3523 3312">
     <span class='ocr_line' id='line_1_63' title="bbox 1941 3231 3523 3312; baseline -0.007 -17"><span class='ocrx_word' id='word_1_477' title='bbox 1941 3249 2123 3296; x_wconf 89' lang='lat' dir='ltr'><strong>autem</strong></span> <span class='ocrx_word' id='word_1_478' title='bbox 2144 3238 2817 3312; x_wconf 84' lang='lat' dir='ltr'><strong>remigraruntaliquanto</strong></span> <span class='ocrx_word' id='word_1_479' title='bbox 2856 3237 3037 3292; x_wconf 91' lang='lat' dir='ltr'><strong>serius</strong></span> <span class='ocrx_word' id='word_1_480' title='bbox 3063 3236 3296 3296; x_wconf 86' lang='lat' dir='ltr'><strong>lauram,</strong></span> <span class='ocrx_word' id='word_1_481' title='bbox 3325 3231 3523 3286; x_wconf 84' lang='lat' dir='ltr'><strong>timore</strong></span> 
     </span>
    </p>
   </div>
   <div class='ocr_carea' id='block_1_64' title="bbox 252 3326 1836 3399">
    <p class='ocr_par' dir='ltr' id='par_1_64' title="bbox 252 3326 1836 3399">
     <span class='ocr_line' id='line_1_64' title="bbox 252 3326 1836 3399; baseline 0.001 -21"><span class='ocrx_word' id='word_1_482' title='bbox 252 3329 634 3399; x_wconf 86' lang='grc' dir='ltr'>πνευματικὴν</span> <span class='ocrx_word' id='word_1_483' title='bbox 659 3329 1017 3385; x_wconf 86' lang='grc' dir='ltr'>κατάστασιν.</span> <span class='ocrx_word' id='word_1_484' title='bbox 1057 3330 1237 3383; x_wconf 85' lang='grc' dir='ltr'>Ἀνθεῖ</span> <span class='ocrx_word' id='word_1_485' title='bbox 1266 3330 1324 3382; x_wconf 81' lang='grc' dir='ltr'>δὲ</span> <span class='ocrx_word' id='word_1_486' title='bbox 1349 3330 1443 3383; x_wconf 75' lang='grc' dir='ltr'>καὶ</span> <span class='ocrx_word' id='word_1_487' title='bbox 1467 3328 1689 3396; x_wconf 80' lang='grc' dir='ltr'>αὐξάνει</span> <span class='ocrx_word' id='word_1_488' title='bbox 1713 3326 1836 3382; x_wconf 80' lang='grc' dir='ltr'>καθ’</span> 
     </span>
    </p>
   </div>
   <div class='ocr_carea' id='block_1_65' title="bbox 253 3418 1841 3494">
    <p class='ocr_par' dir='ltr' id='par_1_65' title="bbox 253 3418 1841 3494">
     <span class='ocr_line' id='line_1_65' title="bbox 253 3418 1841 3494; baseline 0.001 -22"><span class='ocrx_word' id='word_1_489' title='bbox 253 3418 534 3490; x_wconf 79' lang='grc' dir='ltr'>ἑκάστην·</span> <span class='ocrx_word' id='word_1_490' title='bbox 584 3421 680 3476; x_wconf 70' lang='grc' dir='ltr'><strong>καὶ</strong></span> <span class='ocrx_word' id='word_1_491' title='bbox 722 3421 1036 3494; x_wconf 88' lang='grc' dir='ltr'>προϐαίνων</span> <span class='ocrx_word' id='word_1_492' title='bbox 1095 3422 1241 3477; x_wconf 87' lang='grc' dir='ltr'><strong>κατά</strong></span> <span class='ocrx_word' id='word_1_493' title='bbox 1283 3426 1374 3476; x_wconf 76' lang='grc' dir='ltr'><strong>τὸν</strong></span> <span class='ocrx_word' id='word_1_494' title='bbox 1438 3421 1625 3476; x_wconf 83' lang='grc' dir='ltr'>Ἰσαὰκ</span> <span class='ocrx_word' id='word_1_495' title='bbox 1665 3421 1841 3493; x_wconf 80' lang='grc' dir='ltr'>μέγας</span> 
     </span>
    </p>
   </div>
   <div class='ocr_carea' id='block_1_66' title="bbox 253 3509 1841 3584">
    <p class='ocr_par' dir='ltr' id='par_1_66' title="bbox 253 3509 1841 3584">
     <span class='ocr_line' id='line_1_66' title="bbox 253 3509 1841 3584; baseline 0.003 -23"><span class='ocrx_word' id='word_1_496' title='bbox 253 3509 490 3577; x_wconf 85' lang='grc' dir='ltr'>γίνεται,</span> <span class='ocrx_word' id='word_1_497' title='bbox 529 3509 606 3575; x_wconf 81' lang='grc' dir='ltr'><strong>ὡς</strong></span> <span class='ocrx_word' id='word_1_498' title='bbox 639 3513 704 3566; x_wconf 82' lang='grc' dir='ltr'>ὲκ</span> <span class='ocrx_word' id='word_1_499' title='bbox 730 3511 920 3566; x_wconf 88' lang='grc' dir='ltr'>τούτου</span> <span class='ocrx_word' id='word_1_500' title='bbox 960 3512 1176 3584; x_wconf 87' lang='grc' dir='ltr'>χαίρειν</span> <span class='ocrx_word' id='word_1_501' title='bbox 1221 3514 1373 3583; x_wconf 80' lang='grc' dir='ltr'>ἡμᾶς</span> <span class='ocrx_word' id='word_1_502' title='bbox 1406 3511 1841 3583; x_wconf 78' lang='grc' dir='ltr'>στοχαζομένους</span> 
     </span>
    </p>
   </div>
   <div class='ocr_carea' id='block_1_67' title="bbox 256 3601 1843 3677">
    <p class='ocr_par' dir='ltr' id='par_1_67' title="bbox 256 3601 1843 3677">
     <span class='ocr_line' id='line_1_67' title="bbox 256 3601 1843 3677; baseline 0.001 -22"><span class='ocrx_word' id='word_1_503' title='bbox 256 3601 464 3668; x_wconf 81' lang='grc' dir='ltr'>καλῶς,</span> <span class='ocrx_word' id='word_1_504' title='bbox 497 3605 580 3657; x_wconf 85' lang='grc' dir='ltr'>ὅτι</span> <span class='ocrx_word' id='word_1_505' title='bbox 620 3605 678 3658; x_wconf 83' lang='grc' dir='ltr'>ἐν</span> <span class='ocrx_word' id='word_1_506' title='bbox 710 3603 862 3677; x_wconf 86' lang='grc' dir='ltr'>πάσῃ</span> <span class='ocrx_word' id='word_1_507' title='bbox 891 3605 1048 3677; x_wconf 74' lang='grc' dir='ltr'>χώρα</span> <span class='ocrx_word' id='word_1_508' title='bbox 1081 3603 1392 3676; x_wconf 81' lang='grc' dir='ltr'>,διαλάμπει</span> <span class='ocrx_word' id='word_1_509' title='bbox 1430 3605 1736 3676; x_wconf 82' lang='grc' dir='ltr'>φωστήρων</span> <span class='ocrx_word' id='word_1_510' title='bbox 1765 3603 1843 3657; x_wconf 89' lang='grc' dir='ltr'>δί-</span> 
     </span>
    </p>
   </div>
   <div class='ocr_carea' id='block_1_68' title="bbox 256 3695 1844 3770">
    <p class='ocr_par' dir='ltr' id='par_1_68' title="bbox 256 3695 1844 3770">
     <span class='ocr_line' id='line_1_68' title="bbox 256 3695 1844 3770; baseline -0.001 -22"><span class='ocrx_word' id='word_1_511' title='bbox 256 3712 364 3765; x_wconf 83' lang='grc' dir='ltr'><strong>κην</strong></span> <span class='ocrx_word' id='word_1_512' title='bbox 393 3695 454 3750; x_wconf 82' lang='grc' dir='ltr'>τὸ</span> <span class='ocrx_word' id='word_1_513' title='bbox 488 3696 708 3768; x_wconf 90' lang='grc' dir='ltr'>σπέρμα</span> <span class='ocrx_word' id='word_1_514' title='bbox 739 3696 834 3751; x_wconf 87' lang='grc' dir='ltr'><strong>τοῦ</strong></span> <span class='ocrx_word' id='word_1_515' title='bbox 863 3699 1018 3766; x_wconf 83' lang='grc' dir='ltr'>ἁγίου</span> <span class='ocrx_word' id='word_1_516' title='bbox 1037 3697 1253 3770; x_wconf 79' lang='grc' dir='ltr'>Πατρὸς</span> <span class='ocrx_word' id='word_1_517' title='bbox 1283 3696 1442 3770; x_wconf 80' lang='grc' dir='ltr'>ἡμῶν</span> <span class='ocrx_word' id='word_1_518' title='bbox 1465 3696 1844 3766; x_wconf 84' lang='grc' dir='ltr'>Σάὸα.Ἦμείς</span> 
     </span>
    </p>
   </div>
   <div class='ocr_carea' id='block_1_69' title="bbox 257 3789 1842 3862">
    <p class='ocr_par' dir='ltr' id='par_1_69' title="bbox 257 3789 1842 3862">
     <span class='ocr_line' id='line_1_69' title="bbox 257 3789 1842 3862; baseline 0 -19"><span class='ocrx_word' id='word_1_519' title='bbox 257 3789 316 3843; x_wconf 75' lang='grc' dir='ltr'>δὲ</span> <span class='ocrx_word' id='word_1_520' title='bbox 346 3790 394 3843; x_wconf 93' lang='grc' dir='ltr'><strong>οί</strong></span> <span class='ocrx_word' id='word_1_521' title='bbox 428 3790 676 3843; x_wconf 69' lang='grc' dir='ltr'>ταπεινοὶ</span> <span class='ocrx_word' id='word_1_522' title='bbox 725 3792 790 3862; x_wconf 81' lang='grc' dir='ltr'>τῇ</span> <span class='ocrx_word' id='word_1_523' title='bbox 825 3789 921 3844; x_wconf 84' lang='grc' dir='ltr'><strong>τοῦ</strong></span> <span class='ocrx_word' id='word_1_524' title='bbox 956 3789 1093 3844; x_wconf 83' lang='grc' dir='ltr'>Θεοῦ</span> <span class='ocrx_word' id='word_1_525' title='bbox 1148 3790 1334 3861; x_wconf 81' lang='grc' dir='ltr'>χάριτι</span> <span class='ocrx_word' id='word_1_526' title='bbox 1379 3792 1474 3846; x_wconf 68' lang='grc' dir='ltr'>καὶ</span> <span class='ocrx_word' id='word_1_527' title='bbox 1521 3789 1721 3861; x_wconf 82' lang='grc' dir='ltr'>σπουδῇ</span> <span class='ocrx_word' id='word_1_528' title='bbox 1747 3789 1842 3844; x_wconf 81' lang='grc' dir='ltr'><strong>τοῦ</strong></span> 
     </span>
    </p>
   </div>
   <div class='ocr_carea' id='block_1_70' title="bbox 257 3883 1844 3956">
    <p class='ocr_par' dir='ltr' id='par_1_70' title="bbox 257 3883 1844 3956">
     <span class='ocr_line' id='line_1_70' title="bbox 257 3883 1844 3956; baseline -0.001 -20"><span class='ocrx_word' id='word_1_529' title='bbox 257 3885 662 3955; x_wconf 84' lang='grc' dir='ltr'>προειρημένου</span> <span class='ocrx_word' id='word_1_530' title='bbox 707 3884 1004 3938; x_wconf 87' lang='grc' dir='ltr'>όσιωτάτου</span> <span class='ocrx_word' id='word_1_531' title='bbox 1035 3883 1312 3938; x_wconf 86' lang='grc' dir='ltr'>Μοδέστου</span> <span class='ocrx_word' id='word_1_532' title='bbox 1363 3885 1421 3936; x_wconf 83' lang='grc' dir='ltr'>ὲν</span> <span class='ocrx_word' id='word_1_533' title='bbox 1457 3883 1658 3956; x_wconf 79' lang='grc' dir='ltr'>ἠσυχίᾳ</span> <span class='ocrx_word' id='word_1_534' title='bbox 1712 3883 1844 3936; x_wconf 87' lang='grc' dir='ltr'>καθ-</span> 
     </span>
    </p>
   </div>
   <div class='ocr_carea' id='block_1_71' title="bbox 257 3975 1844 4049">
    <p class='ocr_par' dir='ltr' id='par_1_71' title="bbox 257 3975 1844 4049">
     <span class='ocr_line' id='line_1_71' title="bbox 257 3975 1844 4049; baseline 0 -19"><span class='ocrx_word' id='word_1_535' title='bbox 257 3976 445 4048; x_wconf 81' lang='grc' dir='ltr'>ήμεθα</span> <span class='ocrx_word' id='word_1_536' title='bbox 475 3977 615 4049; x_wconf 72' lang='grc' dir='ltr'>ὑπὲρ</span> <span class='ocrx_word' id='word_1_537' title='bbox 644 3977 713 4032; x_wconf 84' lang='grc' dir='ltr'>τὰ</span> <span class='ocrx_word' id='word_1_538' title='bbox 731 3976 922 4049; x_wconf 83' lang='grc' dir='ltr'>πρώην</span> <span class='ocrx_word' id='word_1_539' title='bbox 956 3976 1072 4048; x_wconf 76' lang='grc' dir='ltr'>ἔτη,</span> <span class='ocrx_word' id='word_1_540' title='bbox 1096 3977 1551 4048; x_wconf 82' lang='grc' dir='ltr'>εὐχαριστοῦντες</span> <span class='ocrx_word' id='word_1_541' title='bbox 1573 3977 1666 4030; x_wconf 70' lang='grc' dir='ltr'><strong>καὶ</strong></span> <span class='ocrx_word' id='word_1_542' title='bbox 1688 3975 1844 4042; x_wconf 83' lang='grc' dir='ltr'>δοξά-</span> 
     </span>
    </p>
   </div>
   <div class='ocr_carea' id='block_1_72' title="bbox 259 4069 1843 4134">
    <p class='ocr_par' dir='ltr' id='par_1_72' title="bbox 259 4069 1843 4134">
     <span class='ocr_line' id='line_1_72' title="bbox 259 4069 1843 4134; baseline -0.001 -12"><span class='ocrx_word' id='word_1_543' title='bbox 259 4071 447 4134; x_wconf 82' lang='grc' dir='ltr'>ζοντες</span> <span class='ocrx_word' id='word_1_544' title='bbox 495 4069 586 4123; x_wconf 78' lang='grc' dir='ltr'>τὸν</span> <span class='ocrx_word' id='word_1_545' title='bbox 634 4069 766 4123; x_wconf 83' lang='grc' dir='ltr'>Θεὸν</span> <span class='ocrx_word' id='word_1_546' title='bbox 795 4069 890 4123; x_wconf 78' lang='grc' dir='ltr'><strong>τὸν</strong></span> <span class='ocrx_word' id='word_1_547' title='bbox 939 4069 1276 4125; x_wconf 86' lang='grc' dir='ltr'>θανατοῦντα</span> <span class='ocrx_word' id='word_1_548' title='bbox 1319 4070 1413 4124; x_wconf 69' lang='grc' dir='ltr'>καὶ</span> <span class='ocrx_word' id='word_1_549' title='bbox 1453 4069 1843 4134; x_wconf 76' lang='grc' dir='ltr'>ζωοποιοῦντα,</span> 
     </span>
    </p>
   </div>
   <div class='ocr_carea' id='block_1_73' title="bbox 258 4159 1840 4236">
    <p class='ocr_par' dir='ltr' id='par_1_73' title="bbox 258 4159 1840 4236">
     <span class='ocr_line' id='line_1_73' title="bbox 258 4159 1840 4236; baseline -0.003 -18"><span class='ocrx_word' id='word_1_550' title='bbox 258 4165 360 4219; x_wconf 69' lang='grc' dir='ltr'>καὶ</span> <span class='ocrx_word' id='word_1_551' title='bbox 389 4162 647 4218; x_wconf 89' lang='grc' dir='ltr'>ποιοῦντα</span> <span class='ocrx_word' id='word_1_552' title='bbox 666 4163 943 4236; x_wconf 87' lang='grc' dir='ltr'>θαυμάσια</span> <span class='ocrx_word' id='word_1_553' title='bbox 964 4163 1176 4236; x_wconf 83' lang='grc' dir='ltr'>μεγάλα</span> <span class='ocrx_word' id='word_1_554' title='bbox 1201 4163 1380 4234; x_wconf 90' lang='grc' dir='ltr'>μόνον.</span> <span class='ocrx_word' id='word_1_555' title='bbox 1399 4159 1840 4233; x_wconf 85' lang='grc' dir='ltr'>Ἐσπλαγχνίσθη</span> 
     </span>
    </p>
   </div>
   <div class='ocr_carea' id='block_1_74' title="bbox 261 4254 1848 4328">
    <p class='ocr_par' dir='ltr' id='par_1_74' title="bbox 261 4254 1848 4328">
     <span class='ocr_line' id='line_1_74' title="bbox 261 4254 1848 4328; baseline -0.003 -18"><span class='ocrx_word' id='word_1_556' title='bbox 261 4257 378 4328; x_wconf 76' lang='grc' dir='ltr'><strong>γὰρ</strong></span> <span class='ocrx_word' id='word_1_557' title='bbox 394 4257 640 4328; x_wconf 81' lang='grc' dir='ltr'>είςήμᾶς</span> <span class='ocrx_word' id='word_1_558' title='bbox 667 4256 886 4328; x_wconf 81' lang='grc' dir='ltr'>ὴαύτοῦ</span> <span class='ocrx_word' id='word_1_559' title='bbox 911 4255 1310 4328; x_wconf 87' lang='grc' dir='ltr'>ἀγαθότης,κα“ι</span> <span class='ocrx_word' id='word_1_560' title='bbox 1328 4257 1409 4320; x_wconf 84' lang='grc' dir='ltr'><strong>είς</strong></span> <span class='ocrx_word' id='word_1_561' title='bbox 1435 4254 1719 4328; x_wconf 85' lang='grc' dir='ltr'>προκοπὴν</span> <span class='ocrx_word' id='word_1_562' title='bbox 1750 4271 1848 4326; x_wconf 87' lang='grc' dir='ltr'>με-</span> 
     </span>
    </p>
   </div>
   <div class='ocr_carea' id='block_1_75' title="bbox 261 4350 1848 4424">
    <p class='ocr_par' dir='ltr' id='par_1_75' title="bbox 261 4350 1848 4424">
     <span class='ocr_line' id='line_1_75' title="bbox 261 4350 1848 4424; baseline -0.004 -18"><span class='ocrx_word' id='word_1_563' title='bbox 261 4351 439 4423; x_wconf 86' lang='grc' dir='ltr'>γάλην</span> <span class='ocrx_word' id='word_1_564' title='bbox 468 4351 666 4424; x_wconf 77' lang='grc' dir='ltr'>ἦνεγκε</span> <span class='ocrx_word' id='word_1_565' title='bbox 688 4351 780 4407; x_wconf 75' lang='grc' dir='ltr'>τὸν</span> <span class='ocrx_word' id='word_1_566' title='bbox 813 4352 977 4407; x_wconf 86' lang='grc' dir='ltr'>τόπον</span> <span class='ocrx_word' id='word_1_567' title='bbox 1020 4351 1204 4424; x_wconf 82' lang='grc' dir='ltr'>ἡμῶν,</span> <span class='ocrx_word' id='word_1_568' title='bbox 1235 4352 1360 4405; x_wconf 85' lang='grc' dir='ltr'>ὅσον</span> <span class='ocrx_word' id='word_1_569' title='bbox 1397 4350 1535 4422; x_wconf 82' lang='grc' dir='ltr'>πρὸς</span> <span class='ocrx_word' id='word_1_570' title='bbox 1565 4350 1694 4412; x_wconf 80' lang='grc' dir='ltr'>τοὺς</span> <span class='ocrx_word' id='word_1_571' title='bbox 1724 4365 1848 4402; x_wconf 88' lang='grc' dir='ltr'>και-</span> 
     </span>
    </p>
   </div>
   <div class='ocr_carea' id='block_1_76' title="bbox 263 4443 1847 4518">
    <p class='ocr_par' dir='ltr' id='par_1_76' title="bbox 263 4443 1847 4518">
     <span class='ocr_line' id='line_1_76' title="bbox 263 4443 1847 4518; baseline -0.002 -19"><span class='ocrx_word' id='word_1_572' title='bbox 263 4445 418 4518; x_wconf 74' lang='grc' dir='ltr'>ροὺς,</span> <span class='ocrx_word' id='word_1_573' title='bbox 447 4443 536 4499; x_wconf 85' lang='grc' dir='ltr'>διὰ</span> <span class='ocrx_word' id='word_1_574' title='bbox 549 4446 678 4509; x_wconf 79' lang='grc' dir='ltr'>τοὺς</span> <span class='ocrx_word' id='word_1_575' title='bbox 699 4445 1204 4514; x_wconf 87' lang='grc' dir='ltr'>προδουλεύσαντας</span> <span class='ocrx_word' id='word_1_576' title='bbox 1229 4443 1378 4515; x_wconf 85' lang='grc' dir='ltr'>αὐτῷ</span> <span class='ocrx_word' id='word_1_577' title='bbox 1405 4443 1643 4516; x_wconf 86' lang='grc' dir='ltr'>γνησίως</span> <span class='ocrx_word' id='word_1_578' title='bbox 1666 4444 1724 4497; x_wconf 83' lang='grc' dir='ltr'>ὲν</span> <span class='ocrx_word' id='word_1_579' title='bbox 1751 4443 1847 4496; x_wconf 84' lang='grc' dir='ltr'>αὐ-</span> 
     </span>
    </p>
   </div>
   <div class='ocr_carea' id='block_1_77' title="bbox 261 4528 1847 4605">
    <p class='ocr_par' dir='ltr' id='par_1_77' title="bbox 261 4528 1847 4605">
     <span class='ocr_line' id='line_1_77' title="bbox 261 4528 1847 4605; baseline -0.003 -19"><span class='ocrx_word' id='word_1_580' title='bbox 261 4534 345 4605; x_wconf 82' lang='grc' dir='ltr'>τῷ</span> <span class='ocrx_word' id='word_1_581' title='bbox 377 4533 570 4604; x_wconf 86' lang='grc' dir='ltr'>ἁγίους</span> <span class='ocrx_word' id='word_1_582' title='bbox 612 4533 834 4598; x_wconf 88' lang='grc' dir='ltr'>δούλους</span> <span class='ocrx_word' id='word_1_583' title='bbox 867 4532 1056 4588; x_wconf 85' lang='grc' dir='ltr'>αὐτοῦ.</span> <span class='ocrx_word' id='word_1_584' title='bbox 1101 4532 1424 4604; x_wconf 81' lang='grc' dir='ltr'>Ἐχαρίσατο</span> <span class='ocrx_word' id='word_1_585' title='bbox 1468 4531 1523 4589; x_wconf 75' lang='grc' dir='ltr'>δὲ</span> <span class='ocrx_word' id='word_1_586' title='bbox 1564 4531 1695 4602; x_wconf 79' lang='grc' dir='ltr'>ἡμῖν</span> <span class='ocrx_word' id='word_1_587' title='bbox 1733 4528 1847 4582; x_wconf 87' lang='grc' dir='ltr'><strong>Πα-</strong></span> 
     </span>
    </p>
   </div>
   <div class='ocr_carea' id='block_1_78' title="bbox 1941 3322 3525 3404">
    <p class='ocr_par' dir='ltr' id='par_1_78' title="bbox 1941 3322 3525 3404">
     <span class='ocr_line' id='line_1_78' title="bbox 1941 3322 3525 3404; baseline -0.007 -16"><span class='ocrx_word' id='word_1_588' title='bbox 1941 3333 2192 3389; x_wconf 81' lang='lat' dir='ltr'><strong>exterriti</strong></span> <span class='ocrx_word' id='word_1_589' title='bbox 2241 3333 2420 3404; x_wconf 89' lang='lat' dir='ltr'><strong>gentis</strong></span> <span class='ocrx_word' id='word_1_590' title='bbox 2475 3329 2817 3388; x_wconf 69' lang='lat' dir='ltr'><strong>Saracenicae</strong></span> <span class='ocrx_word' id='word_1_591' title='bbox 2863 3325 3011 3383; x_wconf 89' lang='lat' dir='ltr'><strong>haud</strong></span> <span class='ocrx_word' id='word_1_592' title='bbox 3045 3325 3236 3398; x_wconf 88' lang='lat' dir='ltr'><strong>procul</strong></span> <span class='ocrx_word' id='word_1_593' title='bbox 3272 3322 3525 3379; x_wconf 86' lang='lat' dir='ltr'><strong>habitan-</strong></span> 
     </span>
    </p>
   </div>
   <div class='ocr_carea' id='block_1_79' title="bbox 1944 3415 3522 3493">
    <p class='ocr_par' dir='ltr' id='par_1_79' title="bbox 1944 3415 3522 3493">
     <span class='ocr_line' id='line_1_79' title="bbox 1944 3415 3522 3493; baseline -0.006 -11"><span class='ocrx_word' id='word_1_594' title='bbox 1944 3427 2042 3493; x_wconf 90' lang='lat' dir='ltr'><strong>tis;</strong></span> <span class='ocrx_word' id='word_1_595' title='bbox 2080 3425 2174 3480; x_wconf 89' lang='lat' dir='ltr'><strong>alii</strong></span> <span class='ocrx_word' id='word_1_596' title='bbox 2205 3433 2398 3482; x_wconf 88' lang='lat' dir='ltr'><strong>eontra</strong></span> <span class='ocrx_word' id='word_1_597' title='bbox 2429 3425 2485 3479; x_wconf 90' lang='lat' dir='ltr'><strong>in</strong></span> <span class='ocrx_word' id='word_1_598' title='bbox 2531 3423 2726 3480; x_wconf 89' lang='lat' dir='ltr'><strong>eodem</strong></span> <span class='ocrx_word' id='word_1_599' title='bbox 2756 3435 3112 3492; x_wconf 87' lang='lat' dir='ltr'><strong>permansere</strong></span> <span class='ocrx_word' id='word_1_600' title='bbox 3141 3415 3477 3472; x_wconf 88' lang='lat' dir='ltr'><strong>monasterio</strong></span> <span class='ocrx_word' id='word_1_601' title='bbox 3508 3456 3522 3472; x_wconf 94' lang='lat'><strong>.</strong></span> 
     </span>
    </p>
   </div>
   <div class='ocr_carea' id='block_1_80' title="bbox 1944 3507 3525 3584">
    <p class='ocr_par' dir='ltr' id='par_1_80' title="bbox 1944 3507 3525 3584">
     <span class='ocr_line' id='line_1_80' title="bbox 1944 3507 3525 3584; baseline -0.009 -9"><span class='ocrx_word' id='word_1_602' title='bbox 1944 3535 2056 3575; x_wconf 90' lang='lat' dir='ltr'><strong>una</strong></span> <span class='ocrx_word' id='word_1_603' title='bbox 2089 3535 2215 3576; x_wconf 90' lang='lat' dir='ltr'><strong>cum</strong></span> <span class='ocrx_word' id='word_1_604' title='bbox 2257 3516 2610 3574; x_wconf 89' lang='lat' dir='ltr'><strong>sanctissimo</strong></span> <span class='ocrx_word' id='word_1_605' title='bbox 2642 3531 2743 3570; x_wconf 90' lang='lat' dir='ltr'><strong>suo</strong></span> <span class='ocrx_word' id='word_1_606' title='bbox 2771 3511 3007 3584; x_wconf 70' lang='lat' dir='ltr'><strong>prmside</strong></span> <span class='ocrx_word' id='word_1_607' title='bbox 3036 3511 3255 3568; x_wconf 83' lang='lat' dir='ltr'><strong>Justino</strong></span> <span class='ocrx_word' id='word_1_608' title='bbox 3286 3550 3301 3574; x_wconf 92' lang='lat'><strong>,</strong></span> <span class='ocrx_word' id='word_1_609' title='bbox 3339 3508 3430 3580; x_wconf 91' lang='lat' dir='ltr'><strong>qui</strong></span> <span class='ocrx_word' id='word_1_610' title='bbox 3467 3507 3525 3562; x_wconf 92' lang='lat' dir='ltr'><strong>in</strong></span> 
     </span>
    </p>
   </div>
   <div class='ocr_carea' id='block_1_81' title="bbox 1943 3602 3525 3676">
    <p class='ocr_par' dir='ltr' id='par_1_81' title="bbox 1943 3602 3525 3676">
     <span class='ocr_line' id='line_1_81' title="bbox 1943 3602 3525 3676; baseline -0.01 -7"><span class='ocrx_word' id='word_1_611' title='bbox 1943 3614 2098 3668; x_wconf 90' lang='lat' dir='ltr'><strong>laura</strong></span> <span class='ocrx_word' id='word_1_612' title='bbox 2120 3611 2470 3668; x_wconf 90' lang='lat' dir='ltr'><strong>renuntiarat</strong></span> <span class='ocrx_word' id='word_1_613' title='bbox 2504 3607 2712 3665; x_wconf 91' lang='lat' dir='ltr'><strong>mundo</strong></span> <span class='ocrx_word' id='word_1_614' title='bbox 2748 3608 2903 3670; x_wconf 86' lang='lat' dir='ltr'><strong>huic,</strong></span> <span class='ocrx_word' id='word_1_615' title='bbox 2944 3619 3056 3676; x_wconf 91' lang='lat' dir='ltr'><strong>quo</strong></span> <span class='ocrx_word' id='word_1_616' title='bbox 3083 3603 3189 3658; x_wconf 91' lang='lat' dir='ltr'><strong>loci</strong></span> <span class='ocrx_word' id='word_1_617' title='bbox 3220 3602 3525 3673; x_wconf 88' lang='lat' dir='ltr'><strong>plurimum</strong></span> 
     </span>
    </p>
   </div>
   <div class='ocr_carea' id='block_1_82' title="bbox 1945 3692 3527 3774">
    <p class='ocr_par' dir='ltr' id='par_1_82' title="bbox 1945 3692 3527 3774">
     <span class='ocr_line' id='line_1_82' title="bbox 1945 3692 3527 3774; baseline -0.01 -16"><span class='ocrx_word' id='word_1_618' title='bbox 1945 3711 2204 3774; x_wconf 83' lang='lat' dir='ltr'><strong>exegerat</strong></span> <span class='ocrx_word' id='word_1_619' title='bbox 2229 3700 2498 3771; x_wconf 87' lang='lat' dir='ltr'><strong>temporis</strong></span> <span class='ocrx_word' id='word_1_620' title='bbox 2524 3741 2540 3765; x_wconf 90' lang='lat'><strong>,</strong></span> <span class='ocrx_word' id='word_1_621' title='bbox 2568 3713 2632 3755; x_wconf 85' lang='lat' dir='ltr'><strong>ac</strong></span> <span class='ocrx_word' id='word_1_622' title='bbox 2657 3705 2811 3753; x_wconf 89' lang='lat' dir='ltr'><strong>tanto</strong></span> <span class='ocrx_word' id='word_1_623' title='bbox 2854 3695 3149 3766; x_wconf 87' lang='lat' dir='ltr'><strong>splendore</strong></span> <span class='ocrx_word' id='word_1_624' title='bbox 3192 3692 3527 3748; x_wconf 89' lang='lat' dir='ltr'><strong>inclaruerat</strong></span> 
     </span>
    </p>
   </div>
   <div class='ocr_carea' id='block_1_83' title="bbox 1946 3785 3527 3865">
    <p class='ocr_par' dir='ltr' id='par_1_83' title="bbox 1946 3785 3527 3865">
     <span class='ocr_line' id='line_1_83' title="bbox 1946 3785 3527 3865; baseline -0.008 -15"><span class='ocrx_word' id='word_1_625' title='bbox 1946 3796 2240 3861; x_wconf 91' lang='lat' dir='ltr'><strong>virtutum,</strong></span> <span class='ocrx_word' id='word_1_626' title='bbox 2267 3803 2329 3849; x_wconf 87' lang='lat' dir='ltr'><strong>ut</strong></span> <span class='ocrx_word' id='word_1_627' title='bbox 2357 3793 2626 3865; x_wconf 80' lang='lat' dir='ltr'><strong>dignitate</strong></span> <span class='ocrx_word' id='word_1_628' title='bbox 2659 3788 2992 3863; x_wconf 83' lang='lat' dir='ltr'><strong>presbyterii</strong></span> <span class='ocrx_word' id='word_1_629' title='bbox 3023 3785 3371 3843; x_wconf 86' lang='lat' dir='ltr'><strong>cobonestari</strong></span> <span class='ocrx_word' id='word_1_630' title='bbox 3399 3798 3527 3855; x_wconf 81' lang='lat' dir='ltr'><strong>pro-</strong></span> 
     </span>
    </p>
   </div>
   <div class='ocr_carea' id='block_1_84' title="bbox 1947 3877 3534 3947">
    <p class='ocr_par' dir='ltr' id='par_1_84' title="bbox 1947 3877 3534 3947">
     <span class='ocr_line' id='line_1_84' title="bbox 1947 3877 3534 3947; baseline -0.008 -7"><span class='ocrx_word' id='word_1_631' title='bbox 1947 3884 2232 3940; x_wconf 88' lang='lat' dir='ltr'><strong>meruerit.</strong></span> <span class='ocrx_word' id='word_1_632' title='bbox 2267 3884 2521 3939; x_wconf 88' lang='lat' dir='ltr'><strong>Justinus</strong></span> <span class='ocrx_word' id='word_1_633' title='bbox 2554 3882 2667 3945; x_wconf 90' lang='lat' dir='ltr'><strong>hic,</strong></span> <span class='ocrx_word' id='word_1_634' title='bbox 2702 3880 2801 3936; x_wconf 90' lang='lat' dir='ltr'><strong>Dei</strong></span> <span class='ocrx_word' id='word_1_635' title='bbox 2826 3895 2956 3935; x_wconf 90' lang='lat' dir='ltr'><strong>cum</strong></span> <span class='ocrx_word' id='word_1_636' title='bbox 2986 3879 3058 3934; x_wconf 89' lang='lat' dir='ltr'><strong>sit</strong></span> <span class='ocrx_word' id='word_1_637' title='bbox 3082 3877 3534 3947; x_wconf 88' lang='lat' dir='ltr'><strong>sapientissimus</strong></span> 
     </span>
    </p>
   </div>
   <div class='ocr_carea' id='block_1_85' title="bbox 1945 3966 3530 4047">
    <p class='ocr_par' dir='ltr' id='par_1_85' title="bbox 1945 3966 3530 4047">
     <span class='ocr_line' id='line_1_85' title="bbox 1945 3966 3530 4047; baseline -0.009 -14"><span class='ocrx_word' id='word_1_638' title='bbox 1945 3978 2150 4047; x_wconf 79' lang='lat' dir='ltr'><strong>cultor,</strong></span> <span class='ocrx_word' id='word_1_639' title='bbox 2209 3977 2265 4031; x_wconf 88' lang='lat' dir='ltr'><strong>in</strong></span> <span class='ocrx_word' id='word_1_640' title='bbox 2313 3975 2408 4030; x_wconf 90' lang='lat' dir='ltr'><strong>illo</strong></span> <span class='ocrx_word' id='word_1_641' title='bbox 2465 3989 2566 4030; x_wconf 90' lang='lat' dir='ltr'><strong>suo</strong></span> <span class='ocrx_word' id='word_1_642' title='bbox 2616 3971 2996 4037; x_wconf 87' lang='lat' dir='ltr'><strong>monasterio,</strong></span> <span class='ocrx_word' id='word_1_643' title='bbox 3047 3969 3221 4040; x_wconf 85' lang='lat' dir='ltr'><strong>gratia</strong></span> <span class='ocrx_word' id='word_1_644' title='bbox 3273 3966 3530 4038; x_wconf 71' lang='lat' dir='ltr'><strong>praeduce</strong></span> 
     </span>
    </p>
   </div>
   <div class='ocr_carea' id='block_1_86' title="bbox 1945 4058 3530 4136">
    <p class='ocr_par' dir='ltr' id='par_1_86' title="bbox 1945 4058 3530 4136">
     <span class='ocr_line' id='line_1_86' title="bbox 1945 4058 3530 4136; baseline -0.011 -9"><span class='ocrx_word' id='word_1_645' title='bbox 1945 4071 2177 4136; x_wconf 83' lang='lat' dir='ltr'><strong>Christi,</strong></span> <span class='ocrx_word' id='word_1_646' title='bbox 2207 4082 2558 4124; x_wconf 88' lang='lat' dir='ltr'><strong>numerosam</strong></span> <span class='ocrx_word' id='word_1_647' title='bbox 2590 4065 2883 4120; x_wconf 89' lang='lat' dir='ltr'><strong>admodum</strong></span> <span class='ocrx_word' id='word_1_648' title='bbox 2914 4061 3311 4117; x_wconf 84' lang='lat' dir='ltr'><strong>conﬂuentium</strong></span> <span class='ocrx_word' id='word_1_649' title='bbox 3335 4075 3401 4112; x_wconf 87' lang='lat' dir='ltr'><strong>eo</strong></span> <span class='ocrx_word' id='word_1_650' title='bbox 3425 4058 3530 4113; x_wconf 90' lang='lat' dir='ltr'><strong>loci</strong></span> 
     </span>
    </p>
   </div>
   <div class='ocr_carea' id='block_1_87' title="bbox 1949 4154 3533 4232">
    <p class='ocr_par' dir='ltr' id='par_1_87' title="bbox 1949 4154 3533 4232">
     <span class='ocr_line' id='line_1_87' title="bbox 1949 4154 3533 4232; baseline -0.009 -13"><span class='ocrx_word' id='word_1_651' title='bbox 1949 4162 2144 4219; x_wconf 86' lang='lat' dir='ltr'><strong>ascivit</strong></span> <span class='ocrx_word' id='word_1_652' title='bbox 2173 4159 2680 4232; x_wconf 86' lang='lat' dir='ltr'><strong>congregationem,</strong></span> <span class='ocrx_word' id='word_1_653' title='bbox 2713 4156 2794 4213; x_wconf 90' lang='lat' dir='ltr'><strong>sic</strong></span> <span class='ocrx_word' id='word_1_654' title='bbox 2821 4163 2984 4212; x_wconf 78' lang='lat' dir='ltr'><strong>tenax</strong></span> <span class='ocrx_word' id='word_1_655' title='bbox 3020 4165 3078 4210; x_wconf 91' lang='lat' dir='ltr'><strong>et</strong></span> <span class='ocrx_word' id='word_1_656' title='bbox 3105 4154 3407 4208; x_wconf 82' lang='lat' dir='ltr'><strong>observans</strong></span> <span class='ocrx_word' id='word_1_657' title='bbox 3443 4165 3533 4205; x_wconf 84' lang='lat' dir='ltr'><strong>ca-</strong></span> 
     </span>
    </p>
   </div>
   <div class='ocr_carea' id='block_1_88' title="bbox 1948 4243 3532 4308">
    <p class='ocr_par' dir='ltr' id='par_1_88' title="bbox 1948 4243 3532 4308">
     <span class='ocr_line' id='line_1_88' title="bbox 1948 4243 3532 4308; baseline -0.008 0"><span class='ocrx_word' id='word_1_658' title='bbox 1948 4252 2125 4308; x_wconf 79' lang='lat' dir='ltr'><strong>nonis.</strong></span> <span class='ocrx_word' id='word_1_659' title='bbox 2153 4265 2219 4306; x_wconf 87' lang='lat' dir='ltr'><strong>ac</strong></span> <span class='ocrx_word' id='word_1_660' title='bbox 2244 4258 2571 4305; x_wconf 74' lang='lat' dir='ltr'><strong>czeterarum</strong></span> <span class='ocrx_word' id='word_1_661' title='bbox 2595 4246 3058 4304; x_wconf 87' lang='lat' dir='ltr'><strong>constitutionum</strong></span> <span class='ocrx_word' id='word_1_662' title='bbox 3095 4243 3380 4299; x_wconf 83' lang='lat' dir='ltr'><strong>Laurentii</strong></span> <span class='ocrx_word' id='word_1_663' title='bbox 3418 4256 3532 4296; x_wconf 73' lang='lat' dir='ltr'><strong>cm-</strong></span> 
     </span>
    </p>
   </div>
   <div class='ocr_carea' id='block_1_89' title="bbox 1950 4333 3535 4410">
    <p class='ocr_par' dir='ltr' id='par_1_89' title="bbox 1950 4333 3535 4410">
     <span class='ocr_line' id='line_1_89' title="bbox 1950 4333 3535 4410; baseline -0.009 -11"><span class='ocrx_word' id='word_1_664' title='bbox 1950 4343 2126 4410; x_wconf 92' lang='lat' dir='ltr'><strong>nobii,</strong></span> <span class='ocrx_word' id='word_1_665' title='bbox 2165 4350 2224 4398; x_wconf 91' lang='lat' dir='ltr'><strong>ut</strong></span> <span class='ocrx_word' id='word_1_666' title='bbox 2247 4343 2316 4397; x_wconf 91' lang='lat' dir='ltr'><strong>ab</strong></span> <span class='ocrx_word' id='word_1_667' title='bbox 2341 4343 2429 4398; x_wconf 88' lang='lat' dir='ltr'><strong>his</strong></span> <span class='ocrx_word' id='word_1_668' title='bbox 2455 4341 2714 4399; x_wconf 90' lang='lat' dir='ltr'><strong>neutrobi</strong></span> <span class='ocrx_word' id='word_1_669' title='bbox 2750 4339 2964 4395; x_wconf 87' lang='lat' dir='ltr'><strong>evariet</strong></span> <span class='ocrx_word' id='word_1_670' title='bbox 3006 4337 3090 4394; x_wconf 90' lang='lat' dir='ltr'><strong>sui</strong></span> <span class='ocrx_word' id='word_1_671' title='bbox 3122 4352 3339 4405; x_wconf 80' lang='lat' dir='ltr'><strong>semper</strong></span> <span class='ocrx_word' id='word_1_672' title='bbox 3383 4333 3535 4388; x_wconf 59' lang='lat' dir='ltr'><strong>simia</strong></span> 
     </span>
    </p>
   </div>
   <div class='ocr_carea' id='block_1_90' title="bbox 1950 4427 3536 4503">
    <p class='ocr_par' dir='ltr' id='par_1_90' title="bbox 1950 4427 3536 4503">
     <span class='ocr_line' id='line_1_90' title="bbox 1950 4427 3536 4503; baseline -0.008 -12"><span class='ocrx_word' id='word_1_673' title='bbox 1950 4436 2040 4501; x_wconf 87' lang='lat' dir='ltr'><strong>lis,</strong></span> <span class='ocrx_word' id='word_1_674' title='bbox 2077 4435 2216 4491; x_wconf 90' lang='lat' dir='ltr'><strong>adeo</strong></span> <span class='ocrx_word' id='word_1_675' title='bbox 2247 4444 2311 4490; x_wconf 89' lang='lat' dir='ltr'><strong>ut</strong></span> <span class='ocrx_word' id='word_1_676' title='bbox 2337 4449 2448 4488; x_wconf 90' lang='lat' dir='ltr'><strong>non</strong></span> <span class='ocrx_word' id='word_1_677' title='bbox 2483 4433 2643 4489; x_wconf 82' lang='lat' dir='ltr'><strong>facile</strong></span> <span class='ocrx_word' id='word_1_678' title='bbox 2671 4431 2798 4503; x_wconf 87' lang='lat' dir='ltr'><strong>quis</strong></span> <span class='ocrx_word' id='word_1_679' title='bbox 2832 4431 3050 4501; x_wconf 80' lang='lat' dir='ltr'><strong>uSpiam</strong></span> <span class='ocrx_word' id='word_1_680' title='bbox 3099 4427 3346 4483; x_wconf 86' lang='lat' dir='ltr'><strong>inveniat</strong></span> <span class='ocrx_word' id='word_1_681' title='bbox 3390 4427 3536 4479; x_wconf 91' lang='lat' dir='ltr'><strong>inter</strong></span> 
     </span>
    </p>
   </div>
   <div class='ocr_carea' id='block_1_91' title="bbox 1954 4520 3538 4596">
    <p class='ocr_par' dir='ltr' id='par_1_91' title="bbox 1954 4520 3538 4596">
     <span class='ocr_line' id='line_1_91' title="bbox 1954 4520 3538 4596; baseline -0.011 -12"><span class='ocrx_word' id='word_1_682' title='bbox 1954 4530 2079 4584; x_wconf 56' lang='lat' dir='ltr'><strong>vitae</strong></span> <span class='ocrx_word' id='word_1_683' title='bbox 2133 4525 2448 4582; x_wconf 91' lang='lat' dir='ltr'><strong>communis</strong></span> <span class='ocrx_word' id='word_1_684' title='bbox 2478 4526 2499 4558; x_wconf 82' lang='lat'><strong><em>°</em></strong></span> <span class='ocrx_word' id='word_1_685' title='bbox 2533 4524 2880 4596; x_wconf 77' lang='lat' dir='ltr'><strong>professores</strong></span> <span class='ocrx_word' id='word_1_686' title='bbox 2925 4520 3018 4592; x_wconf 90' lang='lat' dir='ltr'><strong>qui</strong></span> <span class='ocrx_word' id='word_1_687' title='bbox 3071 4520 3154 4575; x_wconf 91' lang='lat' dir='ltr'><strong>sic</strong></span> <span class='ocrx_word' id='word_1_688' title='bbox 3202 4525 3427 4572; x_wconf 86' lang='lat' dir='ltr'><strong>tueatur</strong></span> <span class='ocrx_word' id='word_1_689' title='bbox 3472 4529 3538 4568; x_wconf 89' lang='lat' dir='ltr'><strong>ac</strong></span> 
     </span>
    </p>
   </div>
   <div class='ocr_carea' id='block_1_92' title="bbox 263 4595 1840 4696">
    <p class='ocr_par' dir='ltr' id='par_1_92' title="bbox 263 4595 1840 4696">
     <span class='ocr_line' id='line_1_92' title="bbox 263 4595 1840 4696; baseline -0.003 -18"><span class='ocrx_word' id='word_1_690' title='bbox 263 4595 404 4693; x_wconf 78' lang='grc' dir='ltr'>τέρα</span> <span class='ocrx_word' id='word_1_691' title='bbox 425 4595 563 4679; x_wconf 33' lang='grc' dir='ltr'>’καὶ-</span> <span class='ocrx_word' id='word_1_692' title='bbox 580 4595 826 4696; x_wconf 66' lang='grc' dir='ltr'><strong>ποιμένα⁷</strong></span> <span class='ocrx_word' id='word_1_693' title='bbox 861 4626 895 4696; x_wconf 83' lang='grc' dir='ltr'>ἠ</span> <span class='ocrx_word' id='word_1_694' title='bbox 921 4622 1087 4678; x_wconf 82' lang='grc' dir='ltr'>αὐτοῦ</span> <span class='ocrx_word' id='word_1_695' title='bbox 1114 4595 1385 4694; x_wconf 28' lang='grc' dir='ltr'>ἀγΌαθότης</span> <span class='ocrx_word' id='word_1_696' title='bbox 1405 4664 1420 4689; x_wconf 92' lang='grc'><strong>,</strong></span> <span class='ocrx_word' id='word_1_697' title='bbox 1447 4595 1718 4690; x_wconf 29' lang='grc' dir='ltr'>ἄξιονντῆς</span> <span class='ocrx_word' id='word_1_698' title='bbox 1748 4619 1840 4674; x_wconf 87' lang='grc' dir='ltr'>αὐ-</span> 
     </span>
    </p>
   </div>
   <div class='ocr_carea' id='block_1_93' title="bbox 1941 4595 3534 4696">
    <p class='ocr_par' dir='ltr' id='par_1_93' title="bbox 1954 4595 3534 4687">
     <span class='ocr_line' id='line_1_93' title="bbox 1954 4595 3534 4687; baseline -0.01 -9"><span class='ocrx_word' id='word_1_699' title='bbox 1954 4628 2136 4679; x_wconf 88' lang='lat' dir='ltr'><strong>servet</strong></span> <span class='ocrx_word' id='word_1_700' title='bbox 2190 4618 2472 4674; x_wconf 86' lang='lat' dir='ltr'><strong>mordicus</strong></span> <span class='ocrx_word' id='word_1_701' title='bbox 2525 4595 2874 4687; x_wconf 87' lang='lat' dir='ltr'><strong>spiritualem</strong></span> <span class='ocrx_word' id='word_1_702' title='bbox 2916 4610 3137 4668; x_wconf 90' lang='lat' dir='ltr'><strong>vivendi</strong></span> <span class='ocrx_word' id='word_1_703' title='bbox 3170 4608 3534 4664; x_wconf 83' lang='lat' dir='ltr'><strong>sanctionem.</strong></span> 
     </span>
    </p>
   </div>
   <div class='ocr_carea' id='block_1_94' title="bbox 265 4710 1846 4785">
    <p class='ocr_par' dir='ltr' id='par_1_94' title="bbox 265 4710 1846 4785">
     <span class='ocr_line' id='line_1_94' title="bbox 265 4710 1846 4785; baseline -0.001 -19"><span class='ocrx_word' id='word_1_704' title='bbox 265 4712 364 4767; x_wconf 88' lang='grc' dir='ltr'><strong>τοῦ</strong></span> <span class='ocrx_word' id='word_1_705' title='bbox 382 4713 664 4785; x_wconf 83' lang='grc' dir='ltr'>προνοίας,</span> <span class='ocrx_word' id='word_1_706' title='bbox 708 4713 908 4784; x_wconf 77' lang='grc' dir='ltr'>Θωμᾶν</span> <span class='ocrx_word' id='word_1_707' title='bbox 931 4713 1024 4766; x_wconf 72' lang='grc' dir='ltr'><strong>τὸν</strong></span> <span class='ocrx_word' id='word_1_708' title='bbox 1055 4712 1370 4778; x_wconf 80' lang='grc' dir='ltr'>ὁσιώτατον,</span> <span class='ocrx_word' id='word_1_709' title='bbox 1389 4710 1692 4778; x_wconf 80' lang='grc' dir='ltr'>γνωστικόν</span> <span class='ocrx_word' id='word_1_710' title='bbox 1717 4711 1846 4764; x_wconf 74' lang='grc' dir='ltr'>ὄντα</span> 
     </span>
    </p>
   </div>
   <div class='ocr_carea' id='block_1_95' title="bbox 268 4803 1851 4877">
    <p class='ocr_par' dir='ltr' id='par_1_95' title="bbox 268 4803 1851 4877">
     <span class='ocr_line' id='line_1_95' title="bbox 268 4803 1851 4877; baseline -0.004 -16"><span class='ocrx_word' id='word_1_711' title='bbox 268 4807 368 4861; x_wconf 74' lang='grc' dir='ltr'>καὶ</span> <span class='ocrx_word' id='word_1_712' title='bbox 409 4806 691 4871; x_wconf 89' lang='grc' dir='ltr'>παντοίαις</span> <span class='ocrx_word' id='word_1_713' title='bbox 739 4806 962 4877; x_wconf 82' lang='grc' dir='ltr'>ἀρεταῖς</span> <span class='ocrx_word' id='word_1_714' title='bbox 1013 4805 1598 4875; x_wconf 82' lang='grc' dir='ltr'>κατακεκοσμημένον,</span> <span class='ocrx_word' id='word_1_715' title='bbox 1646 4803 1738 4856; x_wconf 75' lang='grc' dir='ltr'><strong>τὸν</strong></span> <span class='ocrx_word' id='word_1_716' title='bbox 1786 4804 1851 4855; x_wconf 81' lang='grc' dir='ltr'>ὲκ</span> 
     </span>
    </p>
   </div>
   <div class='ocr_carea' id='block_1_96' title="bbox 266 4897 1854 4973">
    <p class='ocr_par' dir='ltr' id='par_1_96' title="bbox 266 4897 1854 4973">
     <span class='ocr_line' id='line_1_96' title="bbox 266 4897 1854 4973; baseline -0.003 -18"><span class='ocrx_word' id='word_1_717' title='bbox 266 4901 470 4972; x_wconf 71' lang='grc' dir='ltr'>νεαρᾶς</span> <span class='ocrx_word' id='word_1_718' title='bbox 489 4899 934 4973; x_wconf 79' lang='grc' dir='ltr'>ήλικίαςὴσύχιον</span> <span class='ocrx_word' id='word_1_719' title='bbox 955 4899 1272 4970; x_wconf 84' lang='grc' dir='ltr'>ἀσκήσαντα</span> <span class='ocrx_word' id='word_1_720' title='bbox 1299 4897 1435 4968; x_wconf 84' lang='grc' dir='ltr'>βίον·</span> <span class='ocrx_word' id='word_1_721' title='bbox 1456 4899 1545 4953; x_wconf 80' lang='grc' dir='ltr'>τὸν</span> <span class='ocrx_word' id='word_1_722' title='bbox 1564 4899 1738 4971; x_wconf 85' lang='grc' dir='ltr'>πρᾶον</span> <span class='ocrx_word' id='word_1_723' title='bbox 1763 4898 1854 4952; x_wconf 62' lang='grc' dir='ltr'><strong>κοιλ⁸</strong></span> 
     </span>
    </p>
   </div>
   <div class='ocr_carea' id='block_1_97' title="bbox 268 4992 1856 5066">
    <p class='ocr_par' dir='ltr' id='par_1_97' title="bbox 268 4992 1856 5066">
     <span class='ocr_line' id='line_1_97' title="bbox 268 4992 1856 5066; baseline -0.004 -16"><span class='ocrx_word' id='word_1_724' title='bbox 268 4995 594 5066; x_wconf 72' lang='grc' dir='ltr'>φιλάδελφον</span> <span class='ocrx_word' id='word_1_725' title='bbox 624 4995 718 5050; x_wconf 73' lang='grc' dir='ltr'><strong>καὶ</strong></span> <span class='ocrx_word' id='word_1_726' title='bbox 745 4993 1214 5065; x_wconf 85' lang='grc' dir='ltr'>συμπαθέστατον,</span> <span class='ocrx_word' id='word_1_727' title='bbox 1237 4992 1329 5046; x_wconf 77' lang='grc' dir='ltr'><strong>τὸν</strong></span> <span class='ocrx_word' id='word_1_728' title='bbox 1347 4992 1600 5047; x_wconf 80' lang='grc' dir='ltr'>ταπεινὸν</span> <span class='ocrx_word' id='word_1_729' title='bbox 1626 4994 1690 5063; x_wconf 78' lang='grc' dir='ltr'>τῇ</span> <span class='ocrx_word' id='word_1_730' title='bbox 1722 5009 1856 5062; x_wconf 87' lang='grc' dir='ltr'>καρ-</span> 
     </span>
    </p>
   </div>
   <div class='ocr_carea' id='block_1_98' title="bbox 266 5083 1855 5160">
    <p class='ocr_par' dir='ltr' id='par_1_98' title="bbox 266 5083 1855 5160">
     <span class='ocr_line' id='line_1_98' title="bbox 266 5083 1855 5160; baseline -0.003 -19"><span class='ocrx_word' id='word_1_731' title='bbox 266 5087 382 5160; x_wconf 80' lang='grc' dir='ltr'>δίᾳ,</span> <span class='ocrx_word' id='word_1_732' title='bbox 418 5087 511 5140; x_wconf 76' lang='grc' dir='ltr'><strong>τδν</strong></span> <span class='ocrx_word' id='word_1_733' title='bbox 540 5087 670 5157; x_wconf 54' lang='grc' dir='ltr'><strong>περὶ⁵</strong></span> <span class='ocrx_word' id='word_1_734' title='bbox 695 5087 796 5154; x_wconf 80' lang='grc' dir='ltr'>τὴν</span> <span class='ocrx_word' id='word_1_735' title='bbox 822 5086 990 5158; x_wconf 79' lang='grc' dir='ltr'>εὐχὴν</span> <span class='ocrx_word' id='word_1_736' title='bbox 1016 5086 1112 5140; x_wconf 75' lang='grc' dir='ltr'>καὶ</span> <span class='ocrx_word' id='word_1_737' title='bbox 1150 5085 1353 5140; x_wconf 89' lang='grc' dir='ltr'>κανόνα</span> <span class='ocrx_word' id='word_1_738' title='bbox 1376 5083 1732 5156; x_wconf 89' lang='grc' dir='ltr'>θερμότατον.</span> <span class='ocrx_word' id='word_1_739' title='bbox 1763 5083 1855 5136; x_wconf 81' lang='grc' dir='ltr'>Διὸ</span> 
     </span>
    </p>
   </div>
   <div class='ocr_carea' id='block_1_99' title="bbox 271 5173 1854 5249">
    <p class='ocr_par' dir='ltr' id='par_1_99' title="bbox 271 5173 1854 5249">
     <span class='ocr_line' id='line_1_99' title="bbox 271 5173 1854 5249; baseline -0.005 -15"><span class='ocrx_word' id='word_1_740' title='bbox 271 5179 370 5235; x_wconf 79' lang='grc' dir='ltr'>καὶ</span> <span class='ocrx_word' id='word_1_741' title='bbox 406 5181 434 5234; x_wconf 87' lang='grc' dir='ltr'><strong>ὁ</strong></span> <span class='ocrx_word' id='word_1_742' title='bbox 459 5179 593 5244; x_wconf 75' lang='grc' dir='ltr'>Θεὸς</span> <span class='ocrx_word' id='word_1_743' title='bbox 623 5180 713 5232; x_wconf 75' lang='grc' dir='ltr'><strong>ἐπὶ</strong></span> <span class='ocrx_word' id='word_1_744' title='bbox 751 5179 850 5248; x_wconf 84' lang='grc' dir='ltr'>τῆς</span> <span class='ocrx_word' id='word_1_745' title='bbox 878 5177 1182 5249; x_wconf 83' lang='grc' dir='ltr'>ἡγητηρίας</span> <span class='ocrx_word' id='word_1_746' title='bbox 1213 5175 1383 5231; x_wconf 88' lang='grc' dir='ltr'>αὐτοῦ</span> <span class='ocrx_word' id='word_1_747' title='bbox 1413 5179 1494 5240; x_wconf 87' lang='grc' dir='ltr'><strong>είς</strong></span> <span class='ocrx_word' id='word_1_748' title='bbox 1535 5173 1854 5244; x_wconf 80' lang='grc' dir='ltr'>πλατυσμδν</span> 
     </span>
    </p>
   </div>
   <div class='ocr_carea' id='block_1_100' title="bbox 268 5269 1858 5345">
    <p class='ocr_par' dir='ltr' id='par_1_100' title="bbox 268 5269 1858 5345">
     <span class='ocr_line' id='line_1_100' title="bbox 268 5269 1858 5345; baseline -0.003 -19"><span class='ocrx_word' id='word_1_749' title='bbox 268 5275 474 5345; x_wconf 72' lang='grc' dir='ltr'>ἤνεγκε</span> <span class='ocrx_word' id='word_1_750' title='bbox 499 5272 624 5333; x_wconf 82' lang='grc' dir='ltr'>τοὺς</span> <span class='ocrx_word' id='word_1_751' title='bbox 649 5270 814 5325; x_wconf 85' lang='grc' dir='ltr'>αὐτοῦ</span> <span class='ocrx_word' id='word_1_752' title='bbox 838 5271 1117 5341; x_wconf 74' lang='grc' dir='ltr'>φοιτητὰς.</span> <span class='ocrx_word' id='word_1_753' title='bbox 1134 5271 1193 5324; x_wconf 81' lang='lat'><strong>&#39;0</strong></span> <span class='ocrx_word' id='word_1_754' title='bbox 1224 5270 1280 5323; x_wconf 79' lang='grc' dir='ltr'>δὲ</span> <span class='ocrx_word' id='word_1_755' title='bbox 1307 5269 1540 5341; x_wconf 81' lang='grc' dir='ltr'>ἀριθμὸς</span> <span class='ocrx_word' id='word_1_756' title='bbox 1571 5269 1676 5322; x_wconf 72' lang='grc' dir='ltr'><strong>τῶν</strong></span> <span class='ocrx_word' id='word_1_757' title='bbox 1704 5270 1858 5322; x_wconf 80' lang='grc' dir='ltr'>ἀναι-</span> 
     </span>
    </p>
   </div>
   <div class='ocr_carea' id='block_1_101' title="bbox 277 5361 1856 5434">
    <p class='ocr_par' dir='ltr' id='par_1_101' title="bbox 277 5361 1856 5434">
     <span class='ocr_line' id='line_1_101' title="bbox 277 5361 1856 5434; baseline -0.003 -18"><span class='ocrx_word' id='word_1_758' title='bbox 277 5363 547 5434; x_wconf 79' lang='grc' dir='ltr'>ρεθέντων</span> <span class='ocrx_word' id='word_1_759' title='bbox 571 5363 836 5432; x_wconf 84' lang='grc' dir='ltr'>Πατέρων</span> <span class='ocrx_word' id='word_1_760' title='bbox 893 5365 1042 5416; x_wconf 71' lang='grc' dir='ltr'>ἐστὶν</span> <span class='ocrx_word' id='word_1_761' title='bbox 1096 5361 1383 5434; x_wconf 76' lang='grc' dir='ltr'>ὀνομάτων</span> <span class='ocrx_word' id='word_1_762' title='bbox 1443 5361 1856 5431; x_wconf 85' lang='grc' dir='ltr'>τεσσαράκοντα</span> 
     </span>
    </p>
   </div>
   <div class='ocr_carea' id='block_1_102' title="bbox 270 5449 1862 5524">
    <p class='ocr_par' dir='ltr' id='par_1_102' title="bbox 270 5449 1862 5524">
     <span class='ocr_line' id='line_1_102' title="bbox 270 5449 1862 5524; baseline -0.004 -17"><span class='ocrx_word' id='word_1_763' title='bbox 270 5453 579 5524; x_wconf 83' lang='grc' dir='ltr'>τεσσάρων.</span> <span class='ocrx_word' id='word_1_764' title='bbox 652 5453 1014 5508; x_wconf 84' lang='grc' dir='ltr'>Ἐπιτελεῖται</span> <span class='ocrx_word' id='word_1_765' title='bbox 1063 5451 1120 5505; x_wconf 85' lang='grc' dir='ltr'>δὲ</span> <span class='ocrx_word' id='word_1_766' title='bbox 1173 5454 1207 5523; x_wconf 81' lang='grc' dir='ltr'><strong>ή</strong></span> <span class='ocrx_word' id='word_1_767' title='bbox 1265 5453 1452 5523; x_wconf 84' lang='grc' dir='ltr'>μνήμη</span> <span class='ocrx_word' id='word_1_768' title='bbox 1491 5450 1676 5505; x_wconf 85' lang='grc' dir='ltr'>αὐτῶν</span> <span class='ocrx_word' id='word_1_769' title='bbox 1730 5449 1862 5519; x_wconf 77' lang='grc' dir='ltr'>μηνὶ</span> 
     </span>
    </p>
   </div>
   <div class='ocr_carea' id='block_1_103' title="bbox 274 5539 1860 5616">
    <p class='ocr_par' dir='ltr' id='par_1_103' title="bbox 274 5539 1860 5616">
     <span class='ocr_line' id='line_1_103' title="bbox 274 5539 1860 5616; baseline -0.006 -15"><span class='ocrx_word' id='word_1_770' title='bbox 274 5546 444 5613; x_wconf 82' lang='grc' dir='ltr'><strong>Μαΐῳ</strong></span> <span class='ocrx_word' id='word_1_771' title='bbox 509 5545 995 5616; x_wconf 82' lang='grc' dir='ltr'>πεντεκαιδεκάτῃ.</span> <span class='ocrx_word' id='word_1_772' title='bbox 1073 5543 1270 5615; x_wconf 84' lang='grc' dir='ltr'>Χάριτι</span> <span class='ocrx_word' id='word_1_773' title='bbox 1347 5543 1406 5596; x_wconf 82' lang='grc' dir='ltr'>δὲ</span> <span class='ocrx_word' id='word_1_774' title='bbox 1472 5539 1708 5612; x_wconf 83' lang='grc' dir='ltr'>Χριστοῦ</span> <span class='ocrx_word' id='word_1_775' title='bbox 1766 5539 1860 5592; x_wconf 73' lang='grc' dir='ltr'>καὶ</span> 
     </span>
    </p>
   </div>
   <div class='ocr_carea' id='block_1_104' title="bbox 277 5629 1860 5709">
    <p class='ocr_par' dir='ltr' id='par_1_104' title="bbox 277 5629 1860 5709">
     <span class='ocr_line' id='line_1_104' title="bbox 277 5629 1860 5709; baseline -0.006 -19"><span class='ocrx_word' id='word_1_776' title='bbox 277 5637 490 5709; x_wconf 81' lang='grc' dir='ltr'>σπουδῇ</span> <span class='ocrx_word' id='word_1_777' title='bbox 522 5636 621 5690; x_wconf 88' lang='grc' dir='ltr'><strong>τοῦ</strong></span> <span class='ocrx_word' id='word_1_778' title='bbox 676 5635 1066 5708; x_wconf 81' lang='grc' dir='ltr'>προλεχθέντος</span> <span class='ocrx_word' id='word_1_779' title='bbox 1099 5635 1400 5689; x_wconf 82' lang='grc' dir='ltr'>ὁσιωτάτου</span> <span class='ocrx_word' id='word_1_780' title='bbox 1429 5631 1644 5703; x_wconf 82' lang='grc' dir='ltr'>Πατρὺς</span> <span class='ocrx_word' id='word_1_781' title='bbox 1697 5629 1860 5700; x_wconf 82' lang='grc' dir='ltr'>ἡμῶν</span> 
     </span>
    </p>
   </div>
   <div class='ocr_carea' id='block_1_105' title="bbox 357 5814 770 5879">
    <p class='ocr_par' dir='ltr' id='par_1_105' title="bbox 357 5814 770 5879">
     <span class='ocr_line' id='line_1_105' title="bbox 357 5814 770 5879; baseline -0.002 -11"><span class='ocrx_word' id='word_1_782' title='bbox 357 5819 376 5848; x_wconf 79' lang='grc'>³</span> <span class='ocrx_word' id='word_1_783' title='bbox 426 5816 528 5870; x_wconf 82' lang='lat' dir='ltr'><strong>lsa.</strong></span> <span class='ocrx_word' id='word_1_784' title='bbox 558 5831 684 5879; x_wconf 79' lang='lat' dir='ltr'><strong>Lvu,</strong></span> <span class='ocrx_word' id='word_1_785' title='bbox 720 5814 770 5867; x_wconf 84' lang='lat' dir='ltr'><strong>l.</strong></span> 
     </span>
    </p>
   </div>
   <div class='ocr_carea' id='block_1_106' title="bbox 846 5809 2100 5882">
    <p class='ocr_par' dir='ltr' id='par_1_106' title="bbox 846 5809 2100 5882">
     <span class='ocr_line' id='line_1_106' title="bbox 846 5809 2100 5882; baseline -0.003 -14"><span class='ocrx_word' id='word_1_786' title='bbox 846 5813 865 5846; x_wconf 74' lang='grc'><strong>’⁵</strong></span> <span class='ocrx_word' id='word_1_787' title='bbox 896 5814 988 5868; x_wconf 89' lang='lat' dir='ltr'><strong>Gr.</strong></span> <span class='ocrx_word' id='word_1_788' title='bbox 1017 5813 1168 5870; x_wconf 81' lang='lat' dir='ltr'><strong>auasi</strong></span> <span class='ocrx_word' id='word_1_789' title='bbox 1217 5813 1481 5882; x_wconf 78' lang='lat' dir='ltr'><strong>integram</strong></span> <span class='ocrx_word' id='word_1_790' title='bbox 1526 5809 1855 5882; x_wconf 61' lang='lat' dir='ltr'><strong>ablutionem</strong></span> <span class='ocrx_word' id='word_1_791' title='bbox 1897 5809 2100 5864; x_wconf 69' lang='lat' dir='ltr'><strong>hostica.</strong></span> 
     </span>
    </p>
   </div>
   <div class='ocr_carea' id='block_1_107' title="bbox 285 5879 1884 5952">
    <p class='ocr_par' dir='ltr' id='par_1_107' title="bbox 285 5879 1884 5952">
     <span class='ocr_line' id='line_1_107' title="bbox 285 5879 1884 5952; baseline -0.006 -9"><span class='ocrx_word' id='word_1_792' title='bbox 285 5887 530 5943; x_wconf 68' lang='lat' dir='ltr'><strong>&#39;Biatth.</strong></span> <span class='ocrx_word' id='word_1_793' title='bbox 579 5903 684 5952; x_wconf 86' lang='lat' dir='ltr'><strong>vn,</strong></span> <span class='ocrx_word' id='word_1_794' title='bbox 734 5886 817 5941; x_wconf 66' lang='lat' dir='ltr'><strong>ll.</strong></span> <span class='ocrx_word' id='word_1_795' title='bbox 895 5886 915 5917; x_wconf 83' lang='grc'>⁸</span> <span class='ocrx_word' id='word_1_796' title='bbox 962 5883 1078 5939; x_wconf 88' lang='lat' dir='ltr'><strong>Act.</strong></span> <span class='ocrx_word' id='word_1_797' title='bbox 1135 5899 1245 5949; x_wconf 76' lang='lat' dir='ltr'><strong>xiv,</strong></span> <span class='ocrx_word' id='word_1_798' title='bbox 1297 5879 1386 5936; x_wconf 67' lang='lat'><strong>21.</strong></span> <span class='ocrx_word' id='word_1_799' title='bbox 1461 5879 1884 5937; x_wconf 62' lang='lat' dir='ltr'><strong>’Cmnnbiticm.</strong></span> 
     </span>
    </p>
   </div>
   <div class='ocr_carea' id='block_1_108' title="bbox 1956 4701 3618 4780">
    <p class='ocr_par' dir='ltr' id='par_1_108' title="bbox 1956 4701 3618 4780">
     <span class='ocr_line' id='line_1_108' title="bbox 1956 4701 3618 4780; baseline -0.01 -11"><span class='ocrx_word' id='word_1_800' title='bbox 1956 4715 2141 4769; x_wconf 85' lang='lat' dir='ltr'><strong>Floret</strong></span> <span class='ocrx_word' id='word_1_801' title='bbox 2170 4712 2238 4777; x_wconf 88' lang='lat' dir='ltr'><strong>is,</strong></span> <span class='ocrx_word' id='word_1_802' title='bbox 2275 4719 2332 4767; x_wconf 90' lang='lat' dir='ltr'><strong>et</strong></span> <span class='ocrx_word' id='word_1_803' title='bbox 2370 4707 2697 4780; x_wconf 85' lang='lat' dir='ltr'><strong>quotidiana</strong></span> <span class='ocrx_word' id='word_1_804' title='bbox 2741 4706 3009 4760; x_wconf 81' lang='lat' dir='ltr'><strong>virtutum</strong></span> <span class='ocrx_word' id='word_1_805' title='bbox 3041 4701 3361 4757; x_wconf 85' lang='lat' dir='ltr'><strong>accessione</strong></span> <span class='ocrx_word' id='word_1_806' title='bbox 3415 4714 3537 4754; x_wconf 83' lang='lat' dir='ltr'><strong>suc-</strong></span> <span class='ocrx_word' id='word_1_807' title='bbox 3594 4731 3618 4745; x_wconf 75' lang='grc' dir='ltr'><strong>ι.</strong></span> 
     </span>
    </p>
   </div>
   <div class='ocr_carea' id='block_1_109' title="bbox 1959 4791 3562 4874">
    <p class='ocr_par' dir='ltr' id='par_1_109' title="bbox 1959 4791 3562 4874">
     <span class='ocr_line' id='line_1_109' title="bbox 1959 4791 3562 4874; baseline -0.011 -12"><span class='ocrx_word' id='word_1_808' title='bbox 1959 4806 2182 4870; x_wconf 83' lang='lat' dir='ltr'><strong>crescit,</strong></span> <span class='ocrx_word' id='word_1_809' title='bbox 2217 4803 2388 4874; x_wconf 85' lang='lat' dir='ltr'><strong>ﬁtque</strong></span> <span class='ocrx_word' id='word_1_810' title='bbox 2412 4816 2640 4873; x_wconf 87' lang='lat' dir='ltr'><strong>magnus</strong></span> <span class='ocrx_word' id='word_1_811' title='bbox 2675 4795 3300 4868; x_wconf 48' lang='lat' dir='ltr'><strong>temporisprogressu,‘</strong></span> <span class='ocrx_word' id='word_1_812' title='bbox 3342 4801 3401 4846; x_wconf 93' lang='lat' dir='ltr'><strong>ut</strong></span> <span class='ocrx_word' id='word_1_813' title='bbox 3443 4791 3562 4845; x_wconf 89' lang='lat' dir='ltr'><strong>ille-</strong></span> 
     </span>
    </p>
   </div>
   <div class='ocr_carea' id='block_1_110' title="bbox 1961 4881 3538 4956">
    <p class='ocr_par' dir='ltr' id='par_1_110' title="bbox 1961 4881 3538 4956">
     <span class='ocr_line' id='line_1_110' title="bbox 1961 4881 3538 4956; baseline -0.013 -1"><span class='ocrx_word' id='word_1_814' title='bbox 1961 4899 2092 4956; x_wconf 91' lang='lat' dir='ltr'><strong>olim</strong></span> <span class='ocrx_word' id='word_1_815' title='bbox 2119 4896 2571 4953; x_wconf 78' lang='lat' dir='ltr'><strong>eximiuslsaac:</strong></span> <span class='ocrx_word' id='word_1_816' title='bbox 2611 4892 2686 4946; x_wconf 90' lang='lat' dir='ltr'><strong>ita</strong></span> <span class='ocrx_word' id='word_1_817' title='bbox 2728 4900 2791 4946; x_wconf 91' lang='lat' dir='ltr'><strong>ut</strong></span> <span class='ocrx_word' id='word_1_818' title='bbox 2838 4899 2895 4944; x_wconf 91' lang='lat' dir='ltr'><strong>et</strong></span> <span class='ocrx_word' id='word_1_819' title='bbox 2941 4901 3043 4942; x_wconf 90' lang='lat' dir='ltr'><strong>nos</strong></span> <span class='ocrx_word' id='word_1_820' title='bbox 3096 4884 3315 4955; x_wconf 90' lang='lat' dir='ltr'><strong>quoties</strong></span> <span class='ocrx_word' id='word_1_821' title='bbox 3364 4881 3538 4937; x_wconf 89' lang='lat' dir='ltr'><strong>aciem</strong></span> 
     </span>
    </p>
   </div>
   <div class='ocr_carea' id='block_1_111' title="bbox 1964 4971 3541 5054">
    <p class='ocr_par' dir='ltr' id='par_1_111' title="bbox 1964 4971 3541 5054">
     <span class='ocr_line' id='line_1_111' title="bbox 1964 4971 3541 5054; baseline -0.013 -8"><span class='ocrx_word' id='word_1_822' title='bbox 1964 4989 2165 5046; x_wconf 89' lang='lat' dir='ltr'><strong>mentis</strong></span> <span class='ocrx_word' id='word_1_823' title='bbox 2190 4988 2246 5043; x_wconf 91' lang='lat' dir='ltr'><strong>in</strong></span> <span class='ocrx_word' id='word_1_824' title='bbox 2272 4987 2426 5042; x_wconf 88' lang='lat' dir='ltr'><strong>hunc</strong></span> <span class='ocrx_word' id='word_1_825' title='bbox 2447 4999 2614 5041; x_wconf 91' lang='lat' dir='ltr'><strong>unum</strong></span> <span class='ocrx_word' id='word_1_826' title='bbox 2635 4979 2882 5054; x_wconf 91' lang='lat' dir='ltr'><strong>pressius</strong></span> <span class='ocrx_word' id='word_1_827' title='bbox 2901 4976 3264 5041; x_wconf 88' lang='lat' dir='ltr'><strong>intendimus,</strong></span> <span class='ocrx_word' id='word_1_828' title='bbox 3290 4988 3356 5029; x_wconf 88' lang='lat' dir='ltr'><strong>ac</strong></span> <span class='ocrx_word' id='word_1_829' title='bbox 3371 4971 3541 5028; x_wconf 84' lang='lat' dir='ltr'><strong>veluti</strong></span> 
     </span>
    </p>
   </div>
   <div class='ocr_carea' id='block_1_112' title="bbox 1965 5063 3539 5151">
    <p class='ocr_par' dir='ltr' id='par_1_112' title="bbox 1965 5063 3539 5151">
     <span class='ocr_line' id='line_1_112' title="bbox 1965 5063 3539 5151; baseline -0.013 -15"><span class='ocrx_word' id='word_1_830' title='bbox 1965 5081 2032 5138; x_wconf 89' lang='lat' dir='ltr'><strong>ad</strong></span> <span class='ocrx_word' id='word_1_831' title='bbox 2055 5096 2283 5151; x_wconf 84' lang='lat' dir='ltr'><strong>scopum</strong></span> <span class='ocrx_word' id='word_1_832' title='bbox 2322 5069 2871 5133; x_wconf 67' lang='lat' dir='ltr'><strong>recta&#39;collineamus</strong></span> <span class='ocrx_word' id='word_1_833' title='bbox 2897 5112 2912 5136; x_wconf 87' lang='lat'><strong>,</strong></span> <span class='ocrx_word' id='word_1_834' title='bbox 2945 5066 3263 5126; x_wconf 90' lang='lat' dir='ltr'><strong>incredibili</strong></span> <span class='ocrx_word' id='word_1_835' title='bbox 3309 5063 3539 5138; x_wconf 81' lang='lat' dir='ltr'><strong>perfun-</strong></span> 
     </span>
    </p>
   </div>
   <div class='ocr_carea' id='block_1_113' title="bbox 1964 5150 3571 5240">
    <p class='ocr_par' dir='ltr' id='par_1_113' title="bbox 1964 5150 3571 5240">
     <span class='ocr_line' id='line_1_113' title="bbox 1964 5150 3571 5240; baseline -0.009 -14"><span class='ocrx_word' id='word_1_836' title='bbox 1964 5150 2167 5226; x_wconf 79' lang='lat' dir='ltr'><strong>damur</strong></span> <span class='ocrx_word' id='word_1_837' title='bbox 2187 5170 2411 5240; x_wconf 89' lang='lat' dir='ltr'><strong>gaudio.</strong></span> <span class='ocrx_word' id='word_1_838' title='bbox 2441 5168 2500 5223; x_wconf 85' lang='lat' dir='ltr'><strong>In</strong></span> <span class='ocrx_word' id='word_1_839' title='bbox 2521 5166 2672 5221; x_wconf 90' lang='lat' dir='ltr'><strong>omni</strong></span> <span class='ocrx_word' id='word_1_840' title='bbox 2699 5164 2910 5220; x_wconf 92' lang='lat' dir='ltr'><strong>circum</strong></span> <span class='ocrx_word' id='word_1_841' title='bbox 2931 5163 3172 5234; x_wconf 88' lang='lat' dir='ltr'><strong>regione,</strong></span> <span class='ocrx_word' id='word_1_842' title='bbox 3203 5159 3340 5215; x_wconf 89' lang='lat' dir='ltr'><strong>tanti</strong></span> <span class='ocrx_word' id='word_1_843' title='bbox 3366 5150 3547 5214; x_wconf 82' lang='lat' dir='ltr'><strong>Patris</strong></span> <span class='ocrx_word' id='word_1_844' title='bbox 3568 5202 3571 5203; x_wconf 41' lang='grc' dir='ltr'><strong>ν</strong></span> 
     </span>
    </p>
   </div>
   <div class='ocr_carea' id='block_1_114' title="bbox 1964 5251 3538 5329">
    <p class='ocr_par' dir='ltr' id='par_1_114' title="bbox 1964 5251 3538 5329">
     <span class='ocr_line' id='line_1_114' title="bbox 1964 5251 3538 5329; baseline -0.009 -11"><span class='ocrx_word' id='word_1_845' title='bbox 1964 5261 2257 5318; x_wconf 87' lang='lat' dir='ltr'><strong>celebritas</strong></span> <span class='ocrx_word' id='word_1_846' title='bbox 2301 5263 2478 5317; x_wconf 89' lang='lat' dir='ltr'><strong>instar</strong></span> <span class='ocrx_word' id='word_1_847' title='bbox 2530 5256 2817 5329; x_wconf 70' lang='lat' dir='ltr'><strong>prazlucidi</strong></span> <span class='ocrx_word' id='word_1_848' title='bbox 2861 5253 3153 5310; x_wconf 87' lang='lat' dir='ltr'><strong>luminaris</strong></span> <span class='ocrx_word' id='word_1_849' title='bbox 3204 5251 3538 5312; x_wconf 87' lang='lat' dir='ltr'><strong>intermicat.</strong></span> 
     </span>
    </p>
   </div>
   <div class='ocr_carea' id='block_1_115' title="bbox 1965 5342 3542 5426">
    <p class='ocr_par' dir='ltr' id='par_1_115' title="bbox 1965 5342 3542 5426">
     <span class='ocr_line' id='line_1_115' title="bbox 1965 5342 3542 5426; baseline -0.01 -15"><span class='ocrx_word' id='word_1_850' title='bbox 1965 5354 2429 5426; x_wconf 89' lang='lat' dir='ltr'><strong>splendoremque</strong></span> <span class='ocrx_word' id='word_1_851' title='bbox 2459 5367 2622 5409; x_wconf 92' lang='lat' dir='ltr'><strong>suum</strong></span> <span class='ocrx_word' id='word_1_852' title='bbox 2671 5348 2998 5420; x_wconf 72' lang='lat' dir='ltr'><strong>eiaculatur.</strong></span> <span class='ocrx_word' id='word_1_853' title='bbox 3061 5345 3262 5401; x_wconf 90' lang='lat' dir='ltr'><strong>Semen</strong></span> <span class='ocrx_word' id='word_1_854' title='bbox 3320 5351 3404 5398; x_wconf 88' lang='lat' dir='ltr'><strong>est</strong></span> <span class='ocrx_word' id='word_1_855' title='bbox 3450 5342 3542 5396; x_wconf 88' lang='lat' dir='ltr'><strong>hic</strong></span> 
     </span>
    </p>
   </div>
   <div class='ocr_carea' id='block_1_116' title="bbox 1968 5434 3544 5510">
    <p class='ocr_par' dir='ltr' id='par_1_116' title="bbox 1968 5434 3544 5510">
     <span class='ocr_line' id='line_1_116' title="bbox 1968 5434 3544 5510; baseline -0.011 -6"><span class='ocrx_word' id='word_1_856' title='bbox 1968 5449 2141 5504; x_wconf 87' lang='lat' dir='ltr'><strong>sancti</strong></span> <span class='ocrx_word' id='word_1_857' title='bbox 2165 5447 2343 5504; x_wconf 87' lang='lat' dir='ltr'><strong>Patris</strong></span> <span class='ocrx_word' id='word_1_858' title='bbox 2370 5446 2545 5501; x_wconf 90' lang='lat' dir='ltr'><strong>nostri</strong></span> <span class='ocrx_word' id='word_1_859' title='bbox 2600 5444 2780 5501; x_wconf 73' lang='lat' dir='ltr'><strong>Sabae.</strong></span> <span class='ocrx_word' id='word_1_860' title='bbox 2815 5441 2927 5497; x_wconf 89' lang='lat' dir='ltr'><strong>Nos</strong></span> <span class='ocrx_word' id='word_1_861' title='bbox 2958 5438 3188 5510; x_wconf 88' lang='lat' dir='ltr'><strong>proinde</strong></span> <span class='ocrx_word' id='word_1_862' title='bbox 3228 5434 3464 5491; x_wconf 82' lang='lat' dir='ltr'><strong>humiles</strong></span> <span class='ocrx_word' id='word_1_863' title='bbox 3488 5443 3544 5488; x_wconf 90' lang='lat' dir='ltr'><strong>ct</strong></span> 
     </span>
    </p>
   </div>
   <div class='ocr_carea' id='block_1_117' title="bbox 1967 5525 3622 5610">
    <p class='ocr_par' dir='ltr' id='par_1_117' title="bbox 1967 5525 3622 5610">
     <span class='ocr_line' id='line_1_117' title="bbox 1967 5525 3622 5610; baseline -0.011 -15"><span class='ocrx_word' id='word_1_864' title='bbox 1967 5539 2189 5610; x_wconf 75' lang='lat' dir='ltr'><strong>abiecti,</strong></span> <span class='ocrx_word' id='word_1_865' title='bbox 2225 5538 2392 5610; x_wconf 79' lang='lat' dir='ltr'><strong>gratia</strong></span> <span class='ocrx_word' id='word_1_866' title='bbox 2421 5536 2664 5606; x_wconf 89' lang='lat' dir='ltr'><strong>primum</strong></span> <span class='ocrx_word' id='word_1_867' title='bbox 2693 5535 2812 5599; x_wconf 90' lang='lat' dir='ltr'><strong>Dei,</strong></span> <span class='ocrx_word' id='word_1_868' title='bbox 2849 5531 3051 5588; x_wconf 84' lang='lat' dir='ltr'><strong>deinde</strong></span> <span class='ocrx_word' id='word_1_869' title='bbox 3077 5529 3221 5586; x_wconf 88' lang='lat' dir='ltr'><strong>seria</strong></span> <span class='ocrx_word' id='word_1_870' title='bbox 3249 5525 3543 5582; x_wconf 89' lang='lat' dir='ltr'><strong>admodum</strong></span> <span class='ocrx_word' id='word_1_871' title='bbox 3608 5564 3622 5577; x_wconf 93' lang='lat'><strong>.</strong></span> 
     </span>
    </p>
   </div>
   <div class='ocr_carea' id='block_1_118' title="bbox 1967 5614 3545 5700">
    <p class='ocr_par' dir='ltr' id='par_1_118' title="bbox 1967 5614 3545 5700">
     <span class='ocr_line' id='line_1_118' title="bbox 1967 5614 3545 5700; baseline -0.01 -13"><span class='ocrx_word' id='word_1_872' title='bbox 1967 5641 2021 5687; x_wconf 90' lang='lat' dir='ltr'><strong>et</strong></span> <span class='ocrx_word' id='word_1_873' title='bbox 2042 5640 2298 5688; x_wconf 89' lang='lat' dir='ltr'><strong>accurata</strong></span> <span class='ocrx_word' id='word_1_874' title='bbox 2329 5627 2610 5700; x_wconf 82' lang='lat' dir='ltr'><strong>diligentia</strong></span> <span class='ocrx_word' id='word_1_875' title='bbox 2636 5623 3041 5698; x_wconf 64' lang='lat' dir='ltr'><strong>prtememorati</strong></span> <span class='ocrx_word' id='word_1_876' title='bbox 3075 5617 3408 5678; x_wconf 88' lang='lat' dir='ltr'><strong>sanctissimi</strong></span> <span class='ocrx_word' id='word_1_877' title='bbox 3431 5614 3545 5672; x_wconf 79' lang='lat' dir='ltr'><strong>Mo-</strong></span> 
     </span>
    </p>
   </div>
   <div class='ocr_carea' id='block_1_119' title="bbox 2176 5802 3547 5879">
    <p class='ocr_par' dir='ltr' id='par_1_119' title="bbox 2176 5802 3547 5879">
     <span class='ocr_line' id='line_1_119' title="bbox 2176 5802 3547 5879; baseline -0.007 -17"><span class='ocrx_word' id='word_1_878' title='bbox 2176 5810 2194 5838; x_wconf 84' lang='lat'><strong><em>“</em></strong></span> <span class='ocrx_word' id='word_1_879' title='bbox 2221 5807 2348 5879; x_wconf 86' lang='lat' dir='ltr'><strong>Sap.</strong></span> <span class='ocrx_word' id='word_1_880' title='bbox 2373 5823 2448 5872; x_wconf 91' lang='lat' dir='ltr'><strong>Ill,</strong></span> <span class='ocrx_word' id='word_1_881' title='bbox 2476 5806 2588 5861; x_wconf 59' lang='grc' dir='ltr'>ιθ.</span> <span class='ocrx_word' id='word_1_882' title='bbox 2667 5807 2686 5837; x_wconf 83' lang='grc'>⁸</span> <span class='ocrx_word' id='word_1_883' title='bbox 2711 5805 2809 5860; x_wconf 69' lang='grc' dir='ltr'>σι’..</span> <span class='ocrx_word' id='word_1_884' title='bbox 2835 5804 2925 5859; x_wconf 81' lang='lat' dir='ltr'><strong>l’ia</strong></span> <span class='ocrx_word' id='word_1_885' title='bbox 2976 5802 3336 5877; x_wconf 71' lang='lat' dir='ltr'><strong>aﬂlirlionibus</strong></span> <span class='ocrx_word' id='word_1_886' title='bbox 3377 5807 3547 5874; x_wconf 63' lang='lat' dir='ltr'><strong>septa.</strong></span> 
     </span>
    </p>
   </div>
  </div>
