4052 6528
582 398 717 467 1427

1859 404 2225 467 ANTIOCHI
2264 405 2610 467 MONACHI

3690 403 3799 469 198

576 520 743 583 desti,
776 518 1147 577 sedentariam
1198 520 1342 575 hanc
1391 519 1662 592 exigimus
1695 520 1863 575 vitam
1924 521 1983 575 in
2026 520 2161 573 libe-

2268 520 2546 573 Μοδέστου
2577 519 2856 573 οἰκοῦνται
2888 520 2984 574 καὶ
3008 519 3078 573 τὰ
3110 519 3270 573 λοιπὰ
3297 519 3392 588 τῆς
3425 518 3631 589 ἐρήμου
3666 536 3803 589 μονα-

574 613 718 669 riore
749 621 806 669 et
842 614 1227 684 tranquilliore
1261 613 1401 679 otio,
1432 630 1533 684 pro
1566 614 1652 669 his
1689 614 1995 670 etiamnum
2039 632 2161 685 qua

575 707 743 775 paulo
777 706 1060 776 contigere
1088 706 1282 776 prius,
1334 707 1549 778 1025.
1575 707 1830 761 actiones
1854 707 2159 779 gratiarum

572 799 977 867 persolventes,
1002 804 1060 851 et
1083 796 1457 867 gloriﬁcantes
1474 798 1645 851 Deum
1672 797 1767 866 qui
1790 805 1846 850 et
1866 797 2157 851 mortiﬁca'

574 897 630 943 et
659 889 899 943 viviﬁcat
934 906 947 941 :
978 889 1184 958 quique
1215 888 1491 943 mirabilia
1529 904 1723 959 magna
1751 888 1882 943 facit
1907 897 1963 944 et
1986 890 2139 944 solus

574 980 753 1050 Ipsius
804 980 951 1035 cnim
999 979 1312 1051 benignitas
1340 1021 1355 1045 ,
1391 996 1504 1036 sua
1552 996 1683 1051 erga
1730 997 1833 1036 nos
1870 981 2160 1050 adaperuit

572 1071 788 1126 viscera
819 1070 1233 1135 misericordia,
1258 1071 1555 1141 locumque
1590 1072 1739 1125 hunc
1778 1080 2031 1125 nostrum
2050 1087 2161 1126 non

574 1161 845 1217 mediocri
868 1161 1057 1217 favore
1092 1177 1156 1216 ac
1183 1164 1533 1232 promotione
1570 1164 1769 1219 extulit
1822 1180 1987 1232 quam
2026 1164 2159 1217 hac-

576 1265 742 1308 tenus
789 1253 1238 1323 magniﬁcentius
1277 1254 1477 1308 multo.
1533 1253 1809 1308 Caterum
1863 1253 1918 1307 id
1972 1254 2162 1324 gratia

576 1345 740 1400 nobis
760 1361 883 1400 esse
912 1346 1190 1399 indultum
1221 1344 1556 1401 crediderim
1597 1361 1697 1416 per
1734 1345 1984 1415 priorum
2035 1361 2163 1400 san-

576 1445 797 1492 ctorum
833 1437 1052 1503 merita,
1082 1438 1177 1507 qui
1201 1438 1291 1493 hic
1313 1438 1567 1504 Domino,
1601 1439 1905 1494 sinceriore
1934 1441 2159 1506 aﬁectu,

578 1529 956 1586 venerabilem
988 1530 1293 1586 exhibuere
1322 1532 1499 1586 latria
1530 1531 1766 1586 cultum.
1807 1532 1914 1586 Sed
1943 1542 1999 1587 et
2024 1533 2160 1588 illud

577 1620 742 1675 nobis
763 1620 1007 1692 gratuito
1042 1620 1276 1676 indulsit
1299 1636 1499 1676 munus
1524 1637 1621 1677 sua
1655 1623 1828 1677 solius
1858 1623 2161 1692 providen-

579 1713 655 1767 tia
680 1712 930 1783 dignum,
965 1714 1146 1769 modis
1171 1715 1432 1769 omnibus
1454 1715 1833 1770 venerabilem
1870 1715 2161 1782 Thomam,

581 1803 763 1857 virum
786 1804 947 1875 longe
977 1804 1415 1859 eruditissimum
1447 1845 1462 1869 ,
1495 1804 1855 1874 omniumque
1891 1804 2161 1860 virtutum

2265 612 2484 683 στήρια.
2516 612 2647 665 Ἰδοὺ
2674 606 2790 675 οὖν,
2818 610 2965 680 τίμιε
2991 612 3170 681 πάτερ
3195 608 3486 674 Eua-time,
3510 611 3567 661 ὲν
3590 611 3804 679 συντόμῳ

2262 704 2298 758 ἃ
2328 706 2457 774 περ)⁸
2493 705 2604 759 τῶν
2627 705 2797 773 ἁγίων
2824 704 2983 775 ἡμῶν
3007 705 3103 757 καὶ
3130 704 3229 773 τῆς
3254 703 3476 774 Λαὺρας
3502 703 3731 772 ἐσήμανα
3750 706 3802 775 τῇ

2261 793 2510 866 ὑμετέρᾳ
2537 794 2833 865 Θεοφιλείᾳ,
2880 795 2973 847 καὶ¹
2998 794 3134 849 ἄλλα
3172 794 3229 847 δὲ
3264 792 3563 861 εὐαγγέλια
3589 810 3806 863 rapam

2262 886 2427 940 οῦντα
2452 888 2551 959 τὴν
2597 888 2871 958 ὑμετέραν
2902 887 3105 957 ψυχὴν,
3146 887 3243 939 καὶ
3273 886 3478 948 παντὸς
3511 886 3807 955 Χριστιανοῦ

2259 979 2556 1043 ἀκούοντος
2583 979 2742 1042 αὐτὰ,
2784 979 3212 1049 εὐαγγελίζομαι
3254 979 3404 1049 ὑμῖν.
3451 977 3509 1030 '0
3538 978 3642 1047 γὰρ
3667 982 3808 1047 προῤ-

2265 1070 2456 1143 ῥηθεὶς
2486 1070 2781 1134 ὁσιώτατος
2808 1071 3085 1134 Μόδεστος
3110 1071 3169 1123 οὐ
3213 1070 3373 1139 μόνον
3394 1070 3695 1138 προνοεῖται
3722 1068 3811 1121 τῶν

2260 1162 2359 1231 τῆς
2394 1162 2605 1233 ἐρήμου
2639 1162 3015 1232 μοναστηρίων
3040 1202 3056 1227 ,
3088 1162 3224 1215 ἀλλὰ
3254 1161 3351 1214 καὶ
3384 1163 3487 1230 τῆς
3517 1160 3714 1222 πόλεως
3735 1164 3810 1213 καὶ

2262 1253 2445 1323 πάσης
2478 1254 2579 1323 τῆς
2609 1254 2935 1323 περιοικίὸος
2957 1272 2970 1285 ·
3002 1254 3098 1307 τοῦ
3127 1254 3267 1307 Θεοῦ
3304 1251 3655 1324 ἐνεργοῦντος
3690 1253 3812 1321 αὑτῴ

2262 1348 2320 1401 ὲν
2359 1347 2544 1401 παντί.
2580 1340 2747 1409 Οὗτος
2785 1346 2893 1417 γὰρ
2915 1346 2990 1409 ὡς
3018 1345 3235 1416 ἀληθῶς
3267 1348 3296 1398 ὁ
3323 1345 3447 1406 νέος
3478 1342 3632 1413 ἡμῶν
3677 1342 3812 1395 lissa-

2262 1439 2389 1509 λεὴλ
2424 1440 2456 1511 ἢ
2491 1440 2797 1512 Ζοροϐάϐελ
2848 1439 3111 1509 πλησθεὶς
3173 1437 3501 1509 Πνεῦματος
3536 1437 3704 1503 ἁγίου,
3739 1439 3815 1488 ἀν-

2262 1536 2454 1606 ήγειρε
2486 1537 2724 1596 καὶτοὺς
2755 1532 3173 1603 ὲμπρησθέντας
3206 1531 3541 1599 σεϐασμίους
3572 1531 3717 1592 ναοῦς
3740 1530 3815 1582 τοῦ

2264 1629 2515 1699 Σωτῆρος
2565 1628 2723 1697 ἡμῶν
2769 1626 2944 1695 Ἰησοῦ
2998 1625 3258 1697 Χριστοῦ,
3300 1624 3362 1677 τό
3390 1642 3454 1677 τε
3501 1625 3653 1690 ἆγιον
3706 1640 3817 1692 κρα-

2263 1718 2395 1786 νίον,
2431 1719 2525 1772 καὶ
2553 1718 2651 1788 τὴν
2678 1717 2839 1786 ἁγίαν
2863 1716 3027 1771 αὑτοῦ
3067 1717 3389 1781 ἀνάστασιν,
3420 1716 3518 1769 καὶ
3542 1715 3629 1767 τὸν
3652 1714 3819 1767 σεπτὸν

2265 1802 2413 1861 οἷκον
2455 1807 2548 1861 τοῦ
2584 1807 2765 1878 τιμίου
2804 1805 3041 1876 σταυροῦ
3067 1846 3083 1870 ,
3110 1807 3207 1858 καὶ
3233 1806 3333 1875 τὴν
3379 1805 3600 1875 μητέρα
3624 1804 3721 1855 τῶν
3747 1805 3818 1856 ὲκ-

579 1874 923 1950 ornamentis
955 1896 1327 1967 perpolitum;
1363 1895 1457 1965 qui
1484 1895 1553 1950 ab
1590 1896 1710 1965 ipsa
1745 1897 1959 1952 tenella
1985 1898 2161 1953 atatis

2271 1900 2533 1970 κλησιῶν,
2570 1874 2666 1954 καί.
2703 1900 2801 1970 τὴν
2853 1874 3017 1969 ἁγίαν
3056 1898 3224 1952 αὐτοῦ
3250 1874 3544 1967 ἀνάληψιν,
3594 1897 3685 1949 καὶ
3719 1898 3818 1959 τοὺς

580 1985 832 2051 infantia,
854 1987 1024 2041 vitam
1042 1988 1293 2043 exercuit
1321 1986 1526 2042 silentii
1556 1988 1927 2043 taciturnitate
1946 1991 2165 2060 requie-

583 2087 695 2134 tam
727 2087 785 2134 et
814 2079 1192 2150 tranquillam.
1221 2081 1318 2135 Vir
1355 2081 1447 2136 hic
1480 2081 1695 2136 eximia
1723 2082 2169 2139 mansuetudinis

582 2168 748 2224 laude
799 2170 951 2224 omni
994 2178 1082 2226 est
1133 2171 1501 2241 conspicuus.
1536 2188 1804 2243 perquam
1845 2172 2165 2230 humanus:

582 2260 782 2317 alienis
819 2261 981 2317 malis
1039 2279 1202 2333 quam
1254 2263 1609 2319 condolescat
1665 2281 1732 2320 ex
1781 2267 2007 2332 animo,
2076 2268 2169 2322 vix

583 2353 842 2422 cuiquam
896 2354 1166 2411 credibile
1221 2354 1315 2411 sit.
1372 2356 1510 2411 Vere
1554 2357 1723 2411 corde
1783 2368 1869 2413 est
1916 2359 2166 2427 humilis,

583 2443 733 2498 circa
762 2444 1073 2500 orationem
1097 2456 1155 2501 et
1184 2461 1454 2502 canonem
1506 2448 1721 2502 ordinis
1756 2449 2120 2519 prafervidus
2152 2470 2165 2505 :

583 2552 697 2607 quo
725 2538 978 2609 contigit,
1002 2548 1063 2593 ut
1090 2539 1236 2595 Deus
1261 2540 1389 2608 (hoc
1419 2541 1676 2612 prasidc)
1702 2541 2004 2613 discipulos
2044 2562 2171 2613 pro-

2272 1994 2493 2057 λοιποὺς
2535 1993 2865 2063 σεϐασμίους
2924 1994 3130 2056 οἴκους·
3173 1990 3250 2054 ὡς
3303 1993 3367 2043 ὲκ
3405 1990 3602 2043 τούτου
3643 1990 3819 2056 ἀγαθὰς

2273 2086 2496 2150 ἐλπίδας
2540 2085 2687 2155 εχειν
2738 2087 2889 2155 ἡμᾶς
2931 2084 3027 2138 καὶ
3072 2082 3204 2154 περὶ
3244 2083 3356 2136 τῶν
3400 2080 3716 2152 μελλόντων,
3746 2081 3818 2132 καὶ

2277 2178 2512 2249 μάλιστα
2548 2177 2676 2240 τοὺς
2723 2176 2832 2230 ἀπὸ
2878 2175 2987 2229 τῶν
3017 2176 3122 2242 ἔξω
3167 2175 3363 2246 χωρῶν
3402 2174 3724 2245 ἐρχομένους
3760 2176 3820 2235 εἰς

2276 2271 2647 2343 προσκύνησιν
2671 2270 2781 2323 τῶν
2818 2270 2991 2338 ἁγίων
3018 2270 3220 2333 τόπων,
3250 2271 3343 2324 καὶ
3371 2268 3589 2332 πάντας
3616 2267 3821 2332 δοξάζειν

2274 2366 2364 2418 τὸν
2406 2364 2561 2423 Θεὸν,
2608 2355 2653 2431 ᾧ
2684 2362 2887 2432 πρέπει
2921 2363 3073 2414 πᾶσα
3100 2361 3250 2427 δόξα,
3290 2360 3429 2431 τιμὴ
3476 2361 3574 2412 zeal.
3617 2360 3819 2429 προσκὺ·

2276 2470 2432 2522 νησις
2471 2451 2568 2508 νῦν
2599 2452 2691 2507 καὶ
2737 2451 2826 2505 ἀεὶ
2854 2451 2948 2505 καὶ
2978 2452 3058 2514 είς
3085 2452 3214 2514 τοὺς
3240 2449 3450 2513 αἰῶνας
3480 2448 3592 2502 τῶν
3626 2447 3818 2501 αἰώνων.

2289 2547 2487 2617 Ἀμήν.

585 2628 800 2698 pagarit
831 2628 886 2682 in
927 2628 1160 2685 eﬁ‘usam
1210 2638 1267 2685 et
1321 2647 1674 2688 numerosam
1727 2637 2170 2706 amplitudinem.
2214 2644 2493 2698 Numerus
2519 2637 2755 2709 proinde
2816 2647 3135 2692 sanctorum
3201 2638 3471 2704 Patrum,
3497 2652 3637 2708 quos
3670 2643 3820 2707 tyran-

585 2720 709 2776 nica
743 2724 967 2778 sustulit
1006 2724 1322 2796 impressio,
1359 2737 1445 2783 est
1484 2745 1625 2783 xuv.
1681 2729 1889 2785 Horum
1961 2737 2229 2791 memoria
2270 2737 2413 2792 Maio
2449 2749 2639 2789 mense
2673 2731 3009 2795 celebratur,
3042 2732 3110 2786 15
3135 2731 3344 2786 mensis
3364 2731 3482 2785 die.
3516 2730 3699 2785 Gratia
3722 2729 3825 2781 item

585 2811 817 2879 Christi,
859 2816 955 2871 sed
982 2825 1037 2872 et
1063 2819 1259 2874 solerti
1283 2820 1579 2877 sedulitate
1614 2824 1725 2894 jam
1756 2824 1889 2880 dicti
1947 2831 2249 2886 venerandi
2288 2830 2536 2901 apprime
2568 2826 2747 2881 Patris
2774 2825 2948 2879 nostri
2972 2823 3247 2889 Modesti,
3282 2833 3489 2880 cuncta
3513 2822 3568 2877 id
3609 2822 3828 2891 temporis

586 2901 1119 2966 incoluntureﬂusa
1145 2911 1304 2967 istius
1332 2914 1503 2968 eremi
1527 2918 1883 2972 monasteria.
1910 2920 1991 2973 En
2011 2922 2179 2992 igitur
2205 2964 2220 2988 ,
2261 2924 2421 2979 Pater
2484 2920 2621 2975 mihi
2680 2918 3016 2973 venerabilis
3052 2917 3304 2971 Eustathi
3329 2958 3344 2983 ,
3383 2932 3515 2987 qua
3558 2916 3626 2969 de
3661 2914 3827 2967 sanctis

586 2998 702 3054 illis
756 3001 1013 3057 Patribus
1068 3006 1316 3071 nostris,
1392 3008 1571 3078 deque
1622 3009 1892 3066 Laurensi
1950 3017 2206 3072 canobio
2248 3026 2446 3073 vestra
2488 3030 2616 3086 erga
2659 3014 2831 3068 Deum
2872 3010 3129 3065 charitati
3197 3009 3330 3064 duxi
3375 3006 3744 3071 insinuanda;
3786 3005 3829 3060 cl

594 3088 815 3157 quidem
854 3093 1079 3147 conciso
1126 3109 1190 3149 ac
1238 3096 1500 3164 perbrevi
1536 3113 1813 3154 sermone.
1860 3100 2173 3171 Supersunt
2210 3106 2404 3160 nuntia
2461 3104 2671 3173 aliquot
2710 3118 2844 3158 sane
2878 3117 3045 3171 quam
3112 3102 3233 3157 lata
3257 3142 3277 3167 ,
3320 3116 3565 3172 quorum
3598 3100 3732 3153 ﬁdeli
3759 3111 3826 3150 rc-

595 3192 727 3249 tatu,
753 3195 809 3241 et
828 3198 1010 3243 vestra
1034 3196 1091 3243 et
1114 3190 1296 3244 omnis
1365 3192 1663 3247 sinceriter
1688 3193 1989 3250 Christiani
2061 3198 2242 3254 anima
2284 3200 2483 3253 merito
2508 3198 2684 3269 possit
2712 3196 3143 3252 exhilarescere.
3165 3196 3292 3250 Hac
3328 3195 3506 3265 igitur
3525 3210 3592 3248 ex
3610 3200 3828 3263 promptu

596 3287 649 3334 et
686 3280 869 3336 alacer
897 3284 1170 3339 annuntio
1193 3285 1373 3339 vobis.
1405 3285 1685 3342 Modestus
1753 3290 2062 3345 sanctitatis
2126 3292 2345 3347 eximia
2414 3292 2500 3346 vir
2535 3292 2625 3363 (de
2658 3306 2769 3360 quo
2835 3306 2946 3344 non
2999 3290 3171 3345 semel
3221 3290 3464 3360 dictum)
3518 3304 3625 3343 non
3674 3302 3829 3341 eorum

596 3374 760 3429 modo
790 3377 1073 3446 providam
1106 3380 1250 3451 gerit
1291 3397 1481 3436 curam
1533 3383 1805 3440 sollicitus
1833 3426 1849 3452 ,
1900 3404 2025 3457 qua
2080 3405 2179 3458 per
2216 3388 2359 3444 hanc
2420 3396 2627 3443 vastam
2660 3402 2909 3441 eremum
2948 3386 3181 3455 sparsim
3214 3385 3451 3457 disjecta
3487 3392 3648 3447 sunt,
3676 3396 3831 3434 mona-

597 3467 939 3535 steriortun;
970 3469 1153 3525 sedet
1189 3472 1542 3530 moderanda
1568 3475 1702 3531 huic
1759 3476 1971 3532 civitati
2040 3495 2105 3534 ac
2165 3480 2440 3535 universa
2482 3480 2691 3533 circum
2750 3478 2995 3533 ﬁnitima
3050 3475 3259 3546 regioni
3309 3476 3553 3530 solerter
3585 3470 3829 3544 prospicit.

600 3563 713 3619 Deo
763 3563 945 3620 eidem
991 3576 1323 3637 cooperante
1375 3569 1433 3624 in
1463 3570 1744 3627 omnibus.
1782 3573 1883 3629 llic
1911 3576 2060 3628 enim
2113 3575 2181 3629 ad
2221 3575 2409 3629 vivum
2461 3573 2625 3629 nobis
2672 3572 2933 3643 exprimit
2961 3572 3256 3643 imaginem
3282 3571 3412 3625 novi
3442 3566 3833 3641 cujuspiamBe-

599 3659 831 3715 zeleelis
853 3670 950 3717 aut
978 3672 1130 3719 certe
1165 3664 1551 3722 Zorobabelis.
1586 3668 1775 3724 Gratia
1841 3671 2047 3725 etenim
2094 3673 2291 3742 plenus
2359 3670 2600 3741 Spiritus
2665 3669 2884 3735 sancti,
2953 3668 3155 3738 templa
3200 3666 3513 3722 Salvator-is
3542 3663 3703 3719 nostri
3731 3663 3830 3717 Iesu

599 3756 835 3824 Christi,
862 3774 986 3829 qua
1026 3760 1250 3831 quidem
1286 3762 1576 3820 barbarico
1610 3766 1723 3835 igni
1751 3767 2182 3839 conﬂagrarunt,
2223 3769 2279 3823 in
2334 3768 2573 3823 sublime
2603 3766 2767 3837 erigit
2834 3764 2984 3819 omni
3020 3777 3252 3834 prorsus
3290 3760 3463 3831 digna
3495 3757 3830 3816 veneratione,

601 3864 735 3927 puta
765 3854 911 3911 ades
935 3855 1150 3913 Sancta
1172 3858 1437 3916 Calvaria
1495 3878 1559 3917 ac
1585 3862 1801 3919 Sancta
1872 3864 2348 3931 Resurrectionis;
2401 3866 2625 3919 domum
2673 3863 2901 3930 insuper
2940 3859 3160 3929 dignam
3232 3856 3382 3910 omni
3457 3856 3665 3909 honore
3700 3866 3833 3905 vene-

603 3948 789 4005 randa
815 3949 1031 4015 Crucis,
1064 3968 1187 4021 qua
1224 3964 1402 4009 mater
1424 3956 1797 4011 Ecclesiarum
1838 3968 1945 4013 est.
1997 3960 2105 4015 Sed
2172 3972 2229 4015 et
2264 3961 2479 4015 Sancta
2510 3956 2917 4027 Assumptionis
2984 3954 3157 4009 adem
3200 3969 3231 4007 a
3262 3949 3643 4006 fundamentis
3668 3944 3831 4002 exaedi-

604 4040 771 4105 ﬁcat;
797 4042 934 4097 adeo
964 4053 1024 4098 ut
1052 4060 1149 4114 per
1180 4045 1296 4101 hac
1324 4047 1448 4101 lata
1481 4049 1660 4115 initia,
1724 4052 1793 4106 de
1833 4052 2042 4107 futuris
2078 4069 2301 4123 quoque
2357 4069 2483 4124 Spes
2538 4050 2906 4122 amplissimas
2975 4047 3351 4117 concipiamus
3382 4086 3398 4109 ,
3446 4045 3617 4114 idque
3666 4041 3739 4095 vel
3779 4038 3833 4091 ob

602 4154 702 4195 eos
734 4143 968 4196 maxime
1000 4141 1095 4211 qui
1124 4142 1234 4197 huc
1265 4153 1560 4213 sperantur
1581 4149 1800 4203 venturi
1834 4149 1902 4202 ab
1931 4151 2177 4205 externis
2209 4150 2551 4222 regionibus,
2577 4156 2763 4203 sancta
2798 4146 2918 4200 hac
2950 4145 3071 4199 loca
3127 4149 3188 4196 ut
3244 4142 3523 4208 adorent,
3564 4149 3623 4194 ut
3678 4147 3834 4192 omnes

606 4234 667 4288 in
697 4250 990 4291 commune
1042 4235 1415 4308 gloriﬁcemus
1468 4239 1664 4295 Deum.
1716 4241 1901 4311 Ipsum
1939 4242 2170 4298 addecet
2208 4242 2382 4314 gloria
2416 4243 2471 4297 in
2500 4241 2703 4297 sacula
2727 4239 3079 4293 saculorum.
3105 4236 3299 4290 Amen.

770 4374 982 4447 1025
1013 4375 1071 4429 S.
1098 4376 1158 4429 P.
1185 4375 1249 4430 N.
1284 4376 1609 4433 ANTIOCHI
1640 4380 2025 4439 PROLOGUS.

2494 4378 2851 4434 ΑΝΤΙΟΧΟΥ
2888 4375 3231 4432 ΜΟΝΔΧΟΥ
3268 4376 3670 4430 ΠΡΟΘΕΩΡΙᾹ.

679 4490 826 4545 Dixit
868 4490 925 4545 in
968 4488 1213 4546 Canticis
1263 4490 1524 4547 Salomon
1578 4510 1593 4546 :
1652 4511 1671 4545 ι
1727 4494 2018 4566 Sexaginta
2068 4511 2161 4550 sun

2367 4493 2537 4563 Φησὶν
2567 4494 2624 4545 ὲν
2658 4494 2770 4555 τοῖς
2810 4493 3085 4563 ’ᾼσμασιν
3111 4492 3140 4544 ὁ
3184 4489 3349 4558 σοφὸς
3382 4490 3653 4561 Σολομὼν·
3688 4506 3704 4539 ι
3739 4485 3830 4547 Ἕξσ

610 4584 833 4655 regina,
869 4592 925 4637 et
967 4583 1249 4654 octoginta
1297 4584 1639 4647 concubina.
1677 4594 1733 4641 et
1770 4587 2161 4643 adolescentul:

2297 4583 2503 4655 ήκοντά
2541 4583 2648 4636 εἰσι
2700 4581 3030 4652 βασίλισσαι,
3074 4581 3171 4634 καὶ
3207 4580 3542 4651 ὀγδοήκοντα
3582 4577 3830 4637 παλλακαῇ

546 4748 549 4755 Ι
610 4692 843 4748 quarum
872 4692 981 4732 non
1007 4687 1093 4733 est
1114 4692 1381 4733 numerus
1413 4678 1481 4732 ’°.
1515 4698 1532 4730 ι
1571 4678 1714 4734 Sane
1743 4695 1844 4734 nos
1872 4695 1975 4749 pro
1995 4681 2161 4734 viriut

2300 4677 2398 4731 καὶ
2443 4675 2683 4739 νεανιδες
2730 4666 2806 4728 ὧν
2859 4674 2959 4727 οὐκ
3010 4674 3158 4727 ἔστιν
3195 4673 3453 4744 ἀριθμός.
3484 4693 3501 4725 ι
3544 4674 3721 4743 Ἡμεῖς
3758 4668 3829 4721 οὖν

611 4768 861 4833 modulo,
895 4784 995 4838 per
1035 4768 1200 4824 hasce
1240 4768 1523 4839 sexaginta
1566 4769 1785 4840 reginas
1828 4771 2161 4827 astruimus’

2300 4768 2444 4822 κατὰ
2472 4767 2532 4821 τὸ
2562 4769 2696 4837 ἡμῖν
2723 4766 2943 4834 ἐφικτὸν
2966 4765 3065 4827 τὰς
3101 4766 3201 4835 μὲν
3250 4764 3518 4835 ἑξήκοντα
3565 4762 3829 4834 βασιλίσσας

615 4860 883 4917 insinuari
925 4862 1166 4917 selectos
1209 4870 1266 4916 et
1305 4862 1674 4927 auctoritatis,
1705 4870 1907 4932 prater
1946 4871 2161 4919 caeteros

2298 4861 2399 4923 τὰς
2427 4858 2721 4931 ἐγκρίτους
2753 4857 2987 4927 λέγομεν
3028 4852 3166 4911 εἶναι
3203 4857 3441 4927 βίϐλους,
3477 4857 3737 4910 τουτέστιν
3757 4851 3827 4910 τὰς

614 4952 830 5008 eximia
864 4952 1041 5008 libros
1077 4952 1134 5007 in
1174 4953 1372 5008 Vetere
1408 4954 1673 5023 Novoque
1713 4953 2069 5009 Testamento
2109 4969 2161 5009 re

2301 4951 2570 5023 ἐξήκοντα
2610 4950 2709 5012 τὰς
2742 4949 3076 5012 ὲνδιαθέτους
3112 4949 3211 5018 τῆς
3245 4948 3495 5011 Παλαιᾰς
3537 4948 3629 5001 καὶ
3668 4940 3828 5007 Καινῆς

618 5043 895 5099 conditos.
922 5043 1214 5117 Octoginta
1244 5045 1583 5100 concubinas
1611 5060 1707 5099 eas
1735 5061 1856 5099 esse
1886 5045 2161 5116 Scriptura

2302 5044 2582 5114 ΔιαΟήκης
2607 5058 2620 5071 ’
2674 5043 2773 5105 τὰς
2813 5042 2870 5095 δὲ
2912 5043 3239 5109 ὀγδοήκοντα
3286 5042 3606 5103 παλλακὰς,
3652 5040 3737 5097 τὰς
3777 5033 3827 5102 μὴ

620 5135 891 5207 intelligo,
910 5137 1110 5207 quain
1134 5138 1383 5208 priorum
1410 5138 1640 5193 classem
1660 5138 1983 5207 neutiquam
2008 5154 2161 5193 accer

2304 5138 2721 5210 ἐγκριωμένας,
2751 5135 2850 5199 τὰς
2872 5134 3175 5203 λεγομένας
3198 5134 3569 5205 ἀποκρύφους.
3602 5122 3827 5183 [lauandi

622 5229 840 5284 turiata
874 5237 1025 5289 sunt.
1054 5246 1119 5285 ac
1153 5231 1386 5301 proinde
1422 5230 1606 5284 minus
1639 5230 2038 5299 approbantur.
2063 5229 2161 5283 Hin

2303 5231 2361 5284 δὲ
2389 5230 2752 5298 ὀνομάζονται
2804 5227 2892 5281 διὰ
2931 5227 2992 5280 τὸ
3030 5227 3517 5297 ἁπαρῤησιάστους
3561 5222 3649 5275 καὶ
3687 5218 3828 5273 νόθους

621 5323 785 5379 dicta
812 5333 943 5379 sunt
970 5325 1324 5395 apocrypha,
1360 5324 1467 5378 hoc
1496 5331 1581 5378 est
1633 5322 1903 5384 obscura,
1934 5336 2037 5376 nec
2069 5322 2161 5375 sati

2308 5322 2480 5385 αὐτὰς
2510 5317 2671 5375 εἶναι.
2722 5321 2835 5384 Τας
2878 5319 3063 5389 μέντοι
3107 5318 3356 5381 νεάνιδας
3406 5316 3503 5380 τὰς
3558 5315 3730 5385 ῥήσεις
3761 5304 3827 5357 τώ

623 5423 924 5485 comperta
965 5416 1329 5470 auctoritatis.
1364 5416 1682 5481 Παλλακαὶ,
1740 5415 1846 5470 hoc
1885 5422 1971 5470 est
2012 5432 2161 5468 conca

2308 5416 2432 5468 νέου
2462 5414 2819 5485 κηρύγματος
2850 5412 2959 5466 τῶν
3006 5413 3105 5481 τῆς
3158 5411 3485 5482 Ἐκκλησίας
3527 5402 3828 5461 διδασκάλων.

625 5509 793 5573 bina,
826 5523 894 5563 eo
935 5508 1316 5573 nominantur,
1352 5507 1501 5577 quod
1547 5522 1672 5562 cum
1717 5507 2018 5577 illegitima
2060 5507 2161 5562 sint

2308 5507 2401 5560 διὰ
2434 5507 2495 5559 τὸ
2526 5505 2830 5573 ἀκραιφνὲς
2860 5504 2953 5558 τοῦ
2986 5505 3147 5572 λόγου
3182 5502 3382 5557 αὐτῶν.
3414 5503 3477 5554 Αἱ
3504 5500 3610 5567 γὰρ
3636 5488 3832 5589 νεάνιδιὲ

625 5616 735 5658 non
763 5611 973 5672 queunt
999 5601 1184 5657 induci
1214 5600 1279 5655 ad
1312 5601 1757 5671 persuadendum
1788 5617 1913 5654 cum
1943 5601 2161 5655 liberior

2310 5600 2473 5668 ἁγναὶ
2509 5597 2887 5668 ὀνομάζονται.
2935 5598 3073 5668 Φησὶ
3120 5598 3260 5667 γάρ·
3302 5616 3321 5647 ί
3367 5592 3741 5666 Ζητησάτωσαν
3772 5597 3833 5646 τῳ

628 5694 873 5750 omnium
925 5710 1178 5750 assensu.
1217 5694 1336 5749 Jam
1386 5708 1519 5748 vero
1560 5693 1918 5763 juvcnculas,
1964 5693 2161 5747 arbitrt

2266 5677 2282 5724 )
2313 5690 2524 5760 βασιλεῖ
2544 5690 2759 5744 νεάνιδα
2783 5687 3074 5761 παρθένον,
3095 5693 3187 5741 καὶ
3215 5683 3389 5759 ηῧραν
3414 5687 3505 5758 τὴν
3530 5678 3825 5751 Σουμανῖτιν.

704 5872 746 5904 ¹⁰
768 5869 925 5926 Cant.
955 5888 1027 5939 vn,
1050 5873 1098 5928 7.
1180 5874 1217 5905 “
1244 5871 1572 5945 Dignitatem
1600 5866 1987 5933 attendit,non
2011 5865 2141 5920 item
2172 5878 2487 5927 numerum,
2510 5842 2656 5931 φισά
2689 5862 2825 5917 satis
2851 5873 2934 5919 est
2964 5858 3253 5917 hommosi.
