4052 6524
241 395 376 460 1429
1664 409 1820 471 PROQ

1923 412 2083 476 GUS.
3369 415 3504 479 1430

235 507 323 561 ἵνα
356 506 604 579 θερμάνῃ
646 508 836 562 αὐτόν·
877 529 894 562 ι
945 509 1248 579 τουτέστιν,
1291 515 1520 586 οὐράνιαι
1561 517 1813 588 νοήματα

1923 523 2196 580 tlelincarc
2254 541 2408 580 nova:
2468 525 2726 599 dogmata
2791 526 3237 598 praedicationis;
3304 544 3500 597 nempe

235 599 328 653 καὶ
355 599 608 670 μελῳδῶν
638 600 744 672 ἔπη
769 617 781 629 ’
822 620 839 652 ι
879 602 1221 676 Ἐθερμάνθη
1245 607 1279 678 ἡ
1303 608 1502 679 καρδιά
1535 626 1636 680 μου
1663 613 1816 676 ἐντός

1923 615 2209 671 doctorum
2248 618 2570 674 orthodoxae
2608 621 2898 687 Ecclesim,
2933 621 3004 676 ob
3051 620 3407 674 indelibatam
3447 630 3502 674 et

237 709 362 762 μου,
391 692 488 745 καὶ
516 693 573 745 ἐν
603 695 669 764 τῇ
710 695 909 768 μελέτῃ
942 713 1043 766 μου
1075 700 1479 771 ἐκκαυθήσεται
1513 701 1645 773 πῦρ.
1688 723 1706 755 ι
1751 703 1815 758 Ἦ

1923 709 2227 765 absolutam
2283 713 2583 781 puritatem
2629 714 2902 768 sermonis
2965 713 3234 783 ipsorum.
3281 712 3500 767 Etenim

232 785 342 855 γὰρ
389 785 715 856 Σουμανῖτις
753 791 1006 859 οὐρανία
1037 793 1430 864 ἑρμηνεύεται.
1463 796 1601 848 Καί·
1640 795 1814 862 Σῖτος

1923 801 2224 871 iuvencula:
2285 806 2760 860 nomenclaturam
2801 807 3116 862 sortiuntur
3153 821 3184 859 a
3225 805 3501 860 munditia

232 879 609 946 νεανίσκοις,
640 881 739 934 καὶ
771 877 938 948 οἶνος
963 883 1212 944 ὀδιάζων
1235 885 1682 955 παρθένους-,Οἱ
1706 888 1816 957 γὰρ

231 970 520 1042 ἀκίϐδηλοι
572 973 638 1025 ἐκ
691 975 792 1044 τῆς
840 975 1150 1048 ἐπομϐρίας
1201 977 1294 1032 τοῦ
1347 979 1601 1050 οὐρανίου
1648 980 1816 1050 ἄρτου

229 1063 546 1133 τρέφονται,
582 1067 680 1137 τῆς
715 1068 984 1139 μενούσης
1021 1071 1101 1134 εἰς
1143 1071 1289 1142 ζωὴν
1331 1073 1584 1126 αἰώνιονο
1628 1074 1724 1127 καὶ
1756 1074 1818 1126 τὸ

231 1155 388 1226 πόμα
417 1156 599 1229 αὐτῶν
621 1159 686 1212 ἐκ
715 1159 808 1212 τοῦ
831 1163 1110 1233 κρατῆρος
1133 1166 1231 1235 τῆς
1257 1164 1524 1234 ἀληθινῆς
1543 1165 1814 1236 ἀμπέλου.

233 1247 347 1301 Καὶ
391 1249 572 1318 ἁγνῶν
612 1251 800 1322 ῥήσεις
841 1254 1035 1324 σεμναί
1063 1273 1074 1285 ’
1108 1257 1229 1318 καὶ,
1265 1275 1284 1308 ‹
1341 1257 1556 1328 Ῥήσεις
1589 1258 1818 1312 δικαίων

233 1340 420 1408 ἁγναὶ,
448 1358 466 1392 ι
502 1341 644 1396 κατὰ
672 1343 770 1414 τὴν
793 1345 1041 1417 Γραφήν.
1079 1346 1298 1419 Ἀναρίο
1309 1364 1470 1418 μητοι
1492 1348 1548 1401 δὲ
1565 1349 1818 1417 λέγονται

230 1433 322 1486 διὰ
349 1433 408 1487 τὸ
435 1434 798 1508 πληθυντικὸν
825 1438 920 1492 καὶ
943 1439 1179 1510 ἄμετρον
1207 1439 1489 1507 τοῦλόγου
1509 1443 1608 1513 τῆς
1636 1441 1819 1496 αὐτῶν

229 1516 604 1593 διδασκαλίας.
649 1528 743 1584 Ἐκ
790 1530 885 1584 τοῦ
923 1531 1072 1586 ἱστοῦ
1122 1532 1216 1586 οῦν
1258 1533 1366 1587 τῶν
1405 1533 1671 1605 ἐξήκοντα
1719 1535 1818 1607 βα-

233 1613 453 1668 σιλίδων
501 1615 706 1670 τούτων
760 1618 977 1689 ὀλίγους
1039 1623 1312 1692 στήμονας
1360 1623 1676 1696 ἀνείλαμεν,
1727 1627 1821 1680 καὶ

228 1705 467 1776 ἐποίησα
512 1707 804 1781 περίζωμα
857 1713 937 1776 εις
986 1711 1200 1784 θέρμην
1247 1716 1362 1780 τοῖς
1402 1715 1544 1786 μετά
1578 1715 1820 1781 πίστεως

228 1797 676 1870 ἐντυγχάνουσιν»
712 1803 926 1876 Ὥσπερ
970 1803 1064 1859 οῦν
1111 1807 1139 1858 6
1185 1807 1331 1871 ἱστὸς
1380 1807 1698 1881 πολυμερὴς
1744 1808 1820 1864 ὢν

1918 895 2193 966 virginali.
2222 896 2311 952 Ait
2335 897 2484 952 enim
2518 897 2804 969 Scriptura
2837 918 2848 953 :
2889 919 2904 951 ι
2935 899 3196 966 Quzerant
3221 899 3339 970 regi
3372 898 3504 953 ado-

1919 985 2275 1042 lescentulam
2322 988 2631 1060 virginem;
2682 999 2737 1045 et
2784 991 3117 1045 invenerunt
3156 989 3499 1046 Sunamitem

1920 1094 2041 1149 qua:
2089 1080 2270 1150 ipsum
2319 1081 2816 1148 excalefacerct“;
2873 1101 2889 1133 ι
2940 1083 3046 1138 hoc
3091 1091 3205 1148 est,
3249 1083 3502 1138 caelestes

1919 1185 2147 1241 prorsus
2178 1173 2504 1228 sententias.
2535 1173 2649 1228 Hoc
2679 1173 2866 1243 itaque
2898 1173 3114 1229 fervore
3146 1189 3498 1236 reaccensus.

1921 1265 1989 1320 ad
2020 1266 2273 1322 melicam
2309 1267 2576 1322 citharam
2613 1267 2942 1323 emodulans
2973 1267 3194 1322 dicebat
3236 1285 3248 1321 :
3297 1287 3313 1318 ι
3355 1267 3499 1323 Con-

1922 1359 2094 1414 caluit
2124 1374 2224 1415 cor
2255 1375 2437 1414 meum
2478 1360 2624 1414 intra
2660 1376 2770 1423 me,
2801 1367 2856 1414 et
2892 1359 2947 1414 in
2989 1359 3349 1416 meditatione
3381 1376 3501 1415 mea

1921 1451 2478 1522 exardescetignis“.
2504 1470 2522 1502 ›
2551 1450 2837 1520 Siquidem
2862 1450 3166 1506 Sunamitis
3211 1466 3309 1506 sua
3332 1451 3504 1505 inter-

1920 1544 2226 1615 pretatione
2256 1551 2434 1609 sonat,
2462 1541 2730 1599 Caelestem
2753 1584 2766 1607 ,
2801 1552 2858 1598 ct
2888 1560 2900 1596 :
2933 1541 3281 1596 Frumentum
3303 1543 3503 1613 juven-

1922 1635 2054 1690 culis
2081 1643 2130 1690 et
2150 1639 2328 1692 vinum
2354 1635 2506 1690 suavi
2534 1635 2692 1689 odore
2718 1633 2994 1704 lmtiﬁcans
3022 1634 3283 1705 virgines;
3315 1633 3502 1687 incor-

1922 1729 2068 1798 rupti
2105 1729 2254 1783 enim
2287 1729 2382 1799 qui
2415 1738 2564 1792 sunt,
2593 1728 2784 1798 pluvio
2816 1729 3044 1782 aluntur
3074 1728 3308 1782 humore
3340 1742 3502 1780 rorns

1922 1819 2058 1876 lenti
2106 1821 2254 1875 illius
2297 1821 2457 1890 panis
2501 1819 2593 1890 qui
2640 1819 2708 1875 de
2756 1819 2896 1875 coelo
2941 1818 3260 1884 descendit,
3296 1818 3502 1888 quique

227 1895 316 1959 εἰς
350 1900 624 1970 μονομερῆ
653 1898 856 1969 χιτῶνα
884 1900 1229 1956 ἀποτελεῖται
1250 1918 1266 1936 ο
1300 1901 1475 1967 οὕτως
1505 1903 1598 1956 καὶ
1643 1904 1816 1956 πᾶσαι

1924 1920 2110 1966 manet
2151 1912 2206 1966 in
2250 1919 2513 1966 aeternam
2551 1913 2741 1966 vitam.
2776 1911 2900 1966 Istis
2939 1911 3092 1980 potio
3135 1909 3395 1964 hauritur
3435 1925 3500 1963 ex

227 1987 292 2041 al
333 1989 633 2060 προρήσεις
660 1990 768 2044 τῶν
806 1991 1181 2047 θεοπνεύστων
1225 1994 1463 2064 Γραφῶν
1491 1996 1571 2059 είς
1603 1995 1695 2048 τὸν
1718 1996 1819 2066 τῆς

226 2081 548 2152 οἰκονομίας
572 2084 903 2138 Δεσποτικδν
930 2085 1135 2155 χιτῶνα
1167 2087 1496 2160 κατέληξαν,
1524 2087 1583 2141 ὃν
1606 2087 1823 2156 ἀνείλη-

229 2186 336 2237 φεν
367 2170 431 2223 ὲκ
458 2170 558 2241 τῆς
589 2171 754 2241 ἁγίας
780 2174 991 2242 ἐνδόξου
1025 2177 1120 2230 καὶ
1159 2177 1552 2248 Ἀειπαρθένου
1577 2178 1815 2248 Μαρίας·

226 2261 476 2332 φθαρτὸν
540 2265 640 2336 μὲν
695 2265 785 2321 διὰ
835 2267 894 2322 τὸ
918 2269 1251 2340 ὁμοιοπαθὲς
1302 2271 1440 2343 ἡμῖν
1487 2271 1821 2336 ἀποτελέσας

226 2353 536 2426 ἄφθαρτον,
568 2357 653 2411 ἵνα
679 2360 829 2430 ἡμᾶς
853 2361 979 2425 τοὺς
1011 2359 1118 2416 ὑπὸ
1148 2362 1250 2433 τῆς
1278 2363 1484 2436 φθορᾶς
1519 2364 1823 2435 κατεχομέ-

227 2466 364 2512 νους
392 2448 771 2522 ἐλευθερώσας
813 2455 1203 2527 μετασκευάσῃ
1233 2457 1312 2518 εἰς
1346 2455 1680 2528 ἀφθαρσίαν.
1712 2457 1818 2510 [Ie-

233 2541 459 2612 ρέζωμα
489 2543 546 2596 δὲ
587 2543 740 2613 λέγω
789 2545 890 2599 οὐκ
929 2547 1109 2604 ἐκεῖνο
1152 2548 1214 2600 τὸ
1267 2547 1593 2615 Ἰουδαϊκὸν,
1626 2549 1686 2602 τὸ
1717 2549 1822 2602 ὑπὸ

243 2633 515 2706 Ἱερεμίου
543 2638 752 2709 κρυφὲν
772 2633 880 2692 ’καὶ
911 2639 1121 2711 φθαρὲν
1151 2641 1211 2695 ὲν
1243 2640 1322 2713 τῷ
1355 2641 1613 2713 Εὐφράτῃ
1648 2659 1822 2696 ποτα·

232 2726 349 2796 μῷ.
384 2728 524 2782 ἀλλά
543 2729 605 2783 τὸ
626 2731 723 2801 τῆς
763 2731 891 2795 νέας
923 2732 1168 2804 χάριτος,
1198 2735 1337 2804 ὅπερ
1378 2736 1406 2788 ὁ
1448 2735 1656 2806 Κύριος
1688 2737 1823 2808 ἡμῖν

228 2819 542 2885 ὑπέδειξεν.
574 2823 1030 2896 Περιζωσάμενος
1062 2827 1158 2880 καὶ
1209 2827 1535 2897 καταμάξας
1562 2828 1692 2891 τοὺς
1721 2827 1821 2881 πὸκ

226 2915 336 2979 δας
365 2915 474 2969 τῶν
503 2917 699 2972 ἑαυτοῦ
744 2919 1028 2991 μαθητῶν,
1075 2919 1162 2973 ἵνα
1203 2919 1298 2973 τοῦ
1348 2919 1524 2991 ῥύπου
1569 2921 1669 2989 τῆς
1713 2938 1821 2972 πα-

228 3009 398 3071 λαιᾶς
426 3010 606 3082 ζύμης
642 3013 1070 3084 καθαρισθέντες
1102 3014 1368 3082 γένωνται
1414 3013 1535 3066 νέον
1567 3013 1818 3084 φύραμα,

228 3103 340 3157 καὶ
371 3097 506 3157 ὦσιν
535 3105 585 3158 οι
616 3105 775 3169 πόδες
824 3106 1004 3159 αὐτῶν
1043 3106 1232 3177 ὡραῖοι
1277 3105 1352 3170 ὡς
1392 3104 1821 3176 εὐαγγελιζομέ-

232 3212 350 3250 νων
378 3196 628 3267 εἰρήνην,
660 3197 755 3250 καὶ
786 3197 1029 3251 πατῶσιν
1076 3199 1261 3252 ἐπάνω
1309 3197 1488 3266 ὄφεων
1524 3199 1619 3250 καὶ
1658 3214 1824 3268 σκορ-

229 3288 407 3355 πίων,
430 3289 526 3342 καὶ
550 3288 643 3342 ἐπὶ
666 3290 845 3343 πᾶσαν
866 3290 970 3360 τὴν
994 3290 1226 3360 δύναμιν
1248 3289 1343 3343 τοῦ
1369 3289 1462 3360 ἐχο
1473 3289 1587 3358 ροῦ.
1615 3289 1820 3343 Τούτου

228 3378 335 3434 τοῦ
367 3381 752 3453 περιζώματος
780 3383 880 3452 τὴν
909 3382 1252 3454 εὐπρέπειαν
1297 3381 1537 3452 Χριστὸς
1561 3380 1661 3450 τὴν
1694 3381 1793 3434 ἐαυ

228 3471 338 3526 τοῦ
376 3473 703 3545 Ἐκκλησίαν
737 3475 1010 3540 ἐνέδυσεν,
1047 3474 1337 3540 σκεπάξων
1366 3472 1526 3545 ἡμῶν
1553 3473 1682 3536 τοὺς
1711 3471 1824 3542 μώ-

236 3583 408 3635 μους,
441 3567 536 3620 καὶ
575 3567 675 3638 τὴν
702 3568 1006 3640 γενομένην
1052 3569 1117 3622 ἐκ
1152 3568 1251 3639 τῆς
1281 3567 1376 3622 τοῦ
1428 3565 1601 3638 Ἀδὰμ
1644 3580 1826 3637 παρα-

231 3657 458 3722 ϐάσεως
490 3659 791 3731 γύμνωσιν,
831 3660 971 3714 κατὰ
1009 3660 1070 3714 τὸ
1105 3660 1398 3732 εἰρημένον
1422 3675 1438 3692 ο
1470 3677 1488 3710 ι
1522 3657 1826 3730 Διέρῤηξας

233 3750 337 3803 τὸν
368 3750 574 3805 σάκκον
603 3769 726 3820 μου,
755 3753 854 3806 καὶ
897 3752 1242 3822 περιέζωσάς
1288 3769 1356 3822 με
1400 3749 1766 3822 εὐφροσύνην.
1807 3769 1824 3802 ι

232 3841 418 3895 Τοῦτο
448 3842 748 3912 ἐνδυόμεθα
769 3845 834 3898 ἐκ
858 3843 968 3897 τῶν
988 3843 1148 3897 θείων
1170 3841 1425 3914 Γραφῶν.
1465 3841 1832 3914 Ἐρευνῶντες

235 3931 354 4000 γὰρ
385 3930 558 3995 αύτάς
587 3932 918 4004 εὑρίσκομεν
949 3932 1050 4004 τὴν
1081 3930 1298 3984 αἰώνιον
1345 3928 1512 4000 ζωὴν,
1543 3928 1707 3983 αὐτὸν
1738 3927 1830 3980 τὸν

234 4019 454 4092 Κύριον
499 4022 657 4093 ἡμῶν
699 4023 908 4094 Ἰησοῦν
960 4025 1195 4096 Χριστὸν
1249 4024 1340 4077 τὸν
1396 4021 1651 4093 ἀληθινὸν
1697 4021 1830 4075 Θεὸν

1923 2010 2138 2058 cratere
2175 2003 2350 2058 vinea:
2393 2002 2542 2056 illius
2579 2003 2826 2067 veracis;
2861 2017 2988 2055 nam
3024 2009 3301 2056 castorum
3334 1998 3502 2053 verba

1922 2093 2085 2162 plena
2135 2101 2266 2147 sunt
2315 2092 2568 2161 pudoris.
2612 2093 2681 2147 Et
2731 2111 2743 2144 :
2811 2112 2830 2142 ‹
2889 2091 3185 2147 Sermones
3228 2093 3501 2162 justorum

1922 2179 2114 2233 mundi
2153 2188 2282 2234 sunt
2305 2180 2368 2245 ίδ,
2411 2199 2428 2231 ι
2470 2182 2628 2251 juxta
2668 2181 3031 2250 Scripturam.
3067 2181 3508 2236 Innumerabiles

1923 2279 2189 2341 praeterea
2224 2282 2553 2328 asseruntur
2583 2289 2736 2339 esse,
2769 2274 2840 2328 ob
2871 2274 3152 2345 c0piosam
3189 2274 3508 2328 multitudi-

1922 2377 2050 2417 nem
2110 2363 2384 2417 sermonis
2432 2362 2698 2418 doctrina:
2749 2362 2993 2417 illorum.
3039 2362 3176 2417 Tam
3222 2362 3371 2418 cnim
3419 2371 3514 2417 est

1926 2455 2234 2525 multiplex,
2257 2464 2318 2510 ut
2340 2471 2462 2510 eam
2491 2456 2747 2510 admetiri
2772 2466 2868 2511 aut
2895 2457 2948 2511 in
2975 2472 3270 2511 numerum
3295 2456 3506 2511 referre

1926 2564 2086 2604 nemo
2124 2558 2312 2620 queat.
2344 2549 2423 2604 Ex
2463 2551 2568 2604 tela
2606 2549 2775 2620 igitur
2808 2550 3004 2604 harum
3041 2550 3336 2620 sexaginta
3358 2551 3508 2621 regi.

1924 2658 2142 2707 narum,
2165 2643 2394 2712 sparsim
2423 2641 2598 2713 selegi
2619 2658 2684 2698 ac
2707 2642 2987 2713 desumpsi
3011 2643 3246 2698 stamina
3270 2643 3503 2713 aliquot,

1925 2750 2156 2790 orsurus
2190 2735 2521 2790 cinctorium
2558 2750 2778 2800 renum,
2810 2745 2926 2799 aut,
2960 2737 3002 2790 si
3044 2736 3241 2801 mavis,
3275 2735 3507 2791 sutlibu-

1924 2824 2062 2890 lum,
2092 2841 2203 2894 quo
2241 2841 2352 2880 una
2391 2841 2517 2880 cum
2556 2824 2664 2881 ﬁde
2702 2827 3083 2882 circumcincti
3124 2827 3297 2883 futuri
3335 2828 3506 2882 lecto-

1925 2932 2034 2982 res,
2064 2916 2238 2972 divini
2267 2919 2473 2974 amoris
2502 2919 2772 2976 fervorem
2802 2920 3142 2990 concipiant,
3177 2936 3241 2976 ac
3273 2920 3508 2991 proinde

1926 3009 2290 3064 recalescant.
2319 3010 2390 3066 Ut
2416 3010 2565 3064 enim
2599 3012 2706 3065 tela
2737 3027 2803 3067 ex
2833 3011 3024 3066 multis
3052 3011 3286 3066 conﬂata
3316 3012 3508 3066 stami-

1927 3117 2058 3178 num
2087 3101 2396 3172 particulis,
2423 3102 2478 3157 in
2507 3118 2671 3157 unam
2702 3109 2759 3157 et
2787 3102 3120 3173 impartilem
3153 3113 3271 3158 arte
3298 3103 3508 3157 texoria

1927 3195 2190 3249 coalescit
2219 3194 2494 3260 tunicam;
2535 3194 2615 3250 sic
2649 3201 2705 3250 et
2738 3195 2996 3251 universa
3033 3195 3335 3266 Scripturae
3363 3195 3508 3250 divi-

1927 3287 2077 3343 nitus
2133 3287 2415 3357 inspiratae
2455 3287 2677 3342 oracula
2718 3288 2773 3342 in
2818 3289 2970 3342 hunc
3011 3287 3177 3342 tinem
3220 3287 3508 3357 conspira-

1925 3389 2074 3446 rnnt,
2108 3381 2268 3450 plane
2303 3391 2366 3437 ut
2399 3382 2700 3437 Dominicte
2732 3381 3166 3452 dispensationis
3200 3380 3508 3435 inconsuti-

1925 3472 2034 3526 lem
2065 3471 2307 3526 tunicam
2336 3471 2756 3542 praesignarent,
2784 3487 2948 3541 quam
2979 3486 3048 3526 ex
3078 3478 3238 3524 utero
3264 3469 3529 3539 suscepit-

1928 3563 2182 3635 gloriosae
2204 3578 2268 3618 ac
2291 3572 2494 3619 sanctae
2517 3564 2763 3634 Deiparae
2811 3579 3028 3634 semper
3045 3562 3280 3634 virginis
3308 3561 3507 3625 Mariae,

1929 3671 2030 3726 pro
2069 3664 2315 3725 tempore
2349 3654 2574 3726 quidem
2612 3655 2948 3726 corruptiva:
2984 3654 3148 3710 morti
3187 3653 3512 3717 obnoxiam,-

1929 3746 2076 3817 quod
2119 3746 2318 3802 similis
2349 3746 2524 3803 nostri
2556 3760 2679 3802 esse
2712 3745 2888 3801 voluit
2920 3744 2990 3800 ad
3026 3743 3341 3799 tolerandas
3386 3759 3509 3800 cor-

1927 3839 2080 3910 poris
2135 3839 2404 3910 injurias;
2459 3838 2654 3894 eadem
2709 3854 2905 3894 rursus
2955 3837 3097 3892 nulli
3145 3836 3332 3892 futura
3389 3845 3532 3892 erat-

1927 3929 2165 3984 obnoxia
2215 3929 2574 3999 corruptelae,
2607 3935 2670 3983 ut
2702 3943 2805 3982 nos
2855 3928 3158 3984 miserabili
3195 3929 3508 3999 corruptela

1927 4030 2213 4092 exemptos
2264 4021 2321 4076 in
2372 4020 2662 4090 pristinam
2715 4028 3002 4076 revocaret
3045 4021 3398 4084 libertatem,
3446 4033 3522 4074 ac.

236 4113 428 4185 ἡμῶν.
470 4114 629 4170 Ἀλλά
656 4114 812 4169 καλεί
842 4117 990 4188 ἡμᾶς
1016 4119 1044 4171 ὁ
1071 4117 1261 4188 καιρὸς
1289 4115 1476 4171 λοιπὸν
1506 4114 1820 4169 καθυποτά-

1930 4113 2156 4170 demum
2180 4114 2313 4185 jugo
2337 4113 2714 4184 emancipatos
2741 4112 2877 4168 dirae
2907 4112 3192 4170 servitutis
3224 4111 3294 4166 ad
3328 4111 3513 4165 incor-

235 4206 336 4273 ξαι
369 4205 438 4260 τὰ
471 4206 739 4279 εἰρημένα
765 4208 1040 4279 κεφάλαια
1066 4210 1148 4272 είς
1175 4207 1332 4273 δόξαν
1358 4207 1454 4262 καὶ
1479 4206 1706 4262 ἔπαινον
1724 4207 1820 4278 τῆς

1931 4204 2209 4275 ruptionis
2234 4204 2463 4277 gloriam
2487 4205 2917 4270 transcriberet;
2942 4204 3070 4260 vitae
3093 4204 3322 4274 insuper
3346 4201 3526 4257 resti—.

235 4297 412 4366 ἁγίας
438 4299 532 4353 καὶ
562 4297 876 4372 ζωαρχικῆς
912 4300 1166 4373 Τριάδος,
1212 4299 1310 4353 τοῦ
1369 4299 1607 4370 Πατρὸς,
1659 4299 1820 4370 φημὶ,

1931 4306 2099 4362 tutos,
2131 4297 2394 4354 donativo
2429 4296 2766 4354 convestiret
2803 4297 3006 4352 trabeae
3054 4293 3510 4351 immortalitatis.

237 4391 344 4443 καὶ
387 4390 482 4444 τοῦ
513 4389 648 4445 Υἱοῦ
686 4391 782 4446 καὶ
829 4391 925 4446 τοῦ
973 4392 1131 4461 ἁγίου
1189 4389 1531 4462 Πνεύμοιτος,
1583 4389 1666 4454 είς
1702 4389 1820 4453 τοὺς

1926 4389 1986 4443 Id
2026 4389 2251 4460 quidem
2291 4391 2525 4446 dixerim
2565 4391 2845 4461 perizoma
2890 4405 3002 4445 non
3042 4388 3178 4445 illud
3214 4388 3532 4445 Iudaicum--

237 4483 452 4547 αἰῶνας
481 4483 591 4539 τῶν
629 4482 861 4539 αἰώνων.
910 4485 1102 4556 Ἀμήν.

1925 4481 2074 4552 quod
2106 4482 2296 4552 jussus
2328 4491 2412 4536 est
2442 4481 2712 4538 Jeremias
2745 4483 2803 4537 in
2838 4496 3046 4538 arcano
3082 4481 3344 4552 quopiam
3385 4479 3522 4533 loco,

235 4576 570 4643 recondere,
592 4587 649 4634 et
669 4577 815 4634 idem
836 4577 890 4633 in
909 4578 1187 4648 Euphrate
1239 4576 1407 4634 ﬂuvio
1455 4573 1883 4647 computruit";
1924 4575 2059 4645 quin
2101 4575 2237 4630 illud
2281 4575 2468 4631 verius
2510 4575 2756 4645 intelligo
2801 4575 2947 4644 quod
3000 4575 3070 4629 ad
3113 4589 3271 4629 novae
3316 4572 3532 4643 gratia»

236 4669 424 4739 Iegem
456 4669 720 4741 pertinet,
784 4671 934 4740 quod
974 4670 1136 4726 nobis
1174 4671 1291 4741 ipse
1332 4670 1603 4725 Dominus
1640 4677 1861 4724 suomet
1897 4669 2345 4739 praemonstravit
2387 4668 2662 4738 exemplo.
2727 4668 2943 4738 1026
2989 4666 3126 4722 Cum
3177 4667 3527 4736 praecinctus.

239 4761 420 4832 pedes
452 4778 681 4818 suorum
711 4762 1109 4834 discipulorum
1144 4763 1372 4819 extersit
1398 4765 1464 4829 ’⁸,
1530 4770 1593 4818 ut
1625 4777 1655 4817 a
1691 4762 1952 4818 sordibus
1983 4761 2190 4817 veteris
2254 4761 2513 4816 fermenti
2549 4761 2768 4832 purgati
2836 4762 3032 4815 tierent
3065 4775 3211 4813 nova
3246 4771 3511 4826 consper-

238 4858 332 4915 sio
395 4857 461 4924 "',
505 4866 562 4914 et
607 4867 794 4914 essent
842 4858 1011 4929 pedes
1064 4874 1258 4914 eorum
1307 4857 1543 4929 speciosi
1603 4867 1862 4928 tanquam
1921 4856 2418 4927 evangelizantium
2467 4870 2701 4926 pacem,
2746 4863 2802 4908 et
2848 4853 3125 4909 calcarent
3170 4866 3340 4921 supra
3389 4865 3508 4903 ser-

241 4959 447 5023 pentes
482 4959 539 5007 et
570 4951 919 5021 scorpiones,
947 4958 1005 5007 et
1036 4965 1204 5021 super
1237 4965 1457 5006 omnem
1498 4957 1827 5020 potestatem
1865 4949 2074 5003 inimici
2103 4948 2164 5000 ‘3.
2195 4947 2370 5018 Hujus
2399 4946 2604 5015 cinguli
2668 4945 2869 5001 decore
2895 4945 3147 5000 Christus
3204 4941 3538 4997 Ecelesiam-

245 5059 410 5100 suam
447 5041 651 5105 induit,
713 5043 959 5099 maculas
990 5044 1260 5114 obtegens
1294 5050 1536 5105 nostras,
1597 5051 1653 5097 ct
1687 5047 2024 5094 contractam
2059 5056 2127 5095 ex
2159 5039 2288 5095 Adae
2353 5038 2808 5110 praevaricatione
2842 5037 3148 5092 nuditatem
3187 5054 3198 5090 :
3237 5035 3384 5090 sicut
3426 5032 3510 5087 di-

242 5147 401 5192 ctum
435 5143 563 5190 est:
602 5153 620 5186 ‹
651 5133 982 5190 Conscidisti
1013 5151 1234 5191 saccum
1269 5148 1477 5200 meum,
1542 5141 1597 5189 et
1662 5132 2078 5188 circumdedisti
2132 5147 2220 5187 me
2267 5132 2455 5187 lzetitia
2517 5133 2580 5186 ".
2638 5151 2654 5182 ι
2714 5131 2828 5186 11οο
2878 5131 3154 5185 induimur
3221 5144 3289 5184 ex
3339 5128 3528 5183 sacris.

246 5225 576 5296 Scripturis.
609 5228 749 5283 Dum
785 5228 934 5284 enim
1007 5244 1101 5284 eas
1133 5236 1468 5293 scrutamur,
1534 5228 1703 5282 vitam
1743 5233 2002 5280 aztcrnam
2050 5225 2385 5292 invenimus,
2457 5226 2638 5296 ipsum
2681 5227 2975 5284 Dominum
3026 5235 3275 5280 nostrum
3319 5223 3512 5278 Iesum.

244 5319 556 5388 Christum,
581 5321 677 5390 qui
701 5337 871 5377 verus
898 5329 984 5377 est
1043 5322 1189 5376 Deus
1254 5331 1462 5378 noster.
1526 5320 1634 5377 Sed
1663 5322 1774 5392 jam
1807 5326 2024 5389 tempus
2048 5318 2311 5388 deinceps
2340 5332 2440 5373 nos
2471 5317 2688 5384 invitat,
2711 5329 2773 5377 ut
2794 5335 2861 5375 ea
2893 5335 3016 5389 qua.
3043 5317 3305 5379 diximus,
3328 5317 3526 5388 capita-

247 5415 614 5484 subjiciamus
653 5416 723 5472 ad
763 5418 994 5488 gloriam
1030 5426 1087 5473 et
1119 5401 1337 5474 laudem
1373 5427 1573 5474 sanctae
1606 5433 1670 5473 ac
1699 5417 1824 5473 vitae
1860 5415 2198 5488 principium
2239 5413 2527 5487 largientis
2565 5412 2874 5475 Trinitatis,
2908 5411 3107 5476 Patris,
3153 5412 3400 5481 inquam,
3445 5418 3524 5463 et-

250 5507 377 5564 Filii
431 5517 489 5565 ct
537 5508 778 5580 Spiritus
831 5512 1041 5574 sancti,
1097 5511 1154 5566 in
1212 5512 1408 5568 srecula
1467 5512 1812 5567 saeculorum.
1854 5512 2049 5566 Amen.

3125 5685 3162 5715 ‘7
3191 5683 3210 5737 I
3231 5681 3354 5737 Cor.
3379 5700 3436 5750 ν,
3457 5684 3518 5739 τ..

326 5690 366 5721 ¹¹
391 5689 458 5744 Ill
483 5689 614 5813 Reiz.
641 5707 678 5753 ι,
837 5692 879 5722 ¹³
903 5691 1043 5753 Psal.
1071 5706 1288 5756 xxxvnt,
1313 5692 1363 5745 4.
1446 5691 1484 5722 ³³
1509 5691 1671 5747 Prov.
1700 5691 1820 5757 xv,‘.

326 5759 458 5813 Luc.
487 5776 538 5813 ιι.
597 5759 648 5813 9.
731 5761 772 5792 ¹⁰
797 5761 1115 5813 Psal.xx1x.
1144 5761 1224 5813 l9.

1981 5692 2020 5722 ’δ
2043 5690 2242 5746 Jcrem.
2274 5706 2386 5755 XIII,
2415 5690 2524 5746 [—5.
2607 5687 2826 5744 “Joan.
2849 5701 2962 5750 xm,
2990 5683 3042 5739 ιι.

259 5760 298 5790 ³⁸
321 5759 458 5815 Luc.
487 5776 538 5825 ιι,
565 5759 648 5813 l9.
731 5761 772 5792 ¹⁰
797 5761 940 5815 Psal.
968 5776 1115 5826 xxix,
1144 5761 1224 5813 12.
