4052 6532
571 340 704 410 1431
1852 354 2217 415 ANTIOCHI
2256 354 2606 419 MON'ACHI
3687 371 3794 438 “3?.

1082 458 1365 514 ΙΙΟΜΙΙᾸΔ
1408 460 1638 514 PRIMA.
2182 468 2230 521 Α,

2182 468 2230 521 Α.
2803 470 3019 523 ΛΟΓΟΣ
3055 472 3323 526 ΠΡΩΤΟΣ

1246 576 1320 629 De
1356 576 1479 643 ﬁde.
2822 588 2846 636 Ι

2822 586 2958 651 Περὶ
2994 586 3275 652 πίστεως.

638 695 873 753 Domino
912 704 1271 764 cooperante,
1303 703 1359 749 et
1395 708 1713 749 sermonem
1759 691 2150 757 conﬁrmantc,

2329 691 2435 746 Τοῦ
2468 695 2675 764 Κυρίου
2707 697 3101 768 συνεργοῦντος
3131 700 3341 754 καὶτὸν
3366 701 3522 769 λόγον
3542 703 3795 777 ,βεϐαιοῦν-

568 788 922 860 aggredimur
956 786 1195 857 primum
1232 785 1382 840 hunc
1414 786 1507 856 qui
1543 786 1611 841 de
1646 786 1753 841 ﬁde
1795 794 1906 852 est,
1943 801 2153 841 sermo—

2256 803 2345 849 τος
2376 788 2678 858 ἀρχώμεθα
2740 791 2957 861 πρῶτον
3010 792 3121 844 τῶν
3173 792 3306 863 περὶ
3354 794 3587 857 πίστεως
3634 797 3795 867 λόγων,

570 894 728 947 nem,
759 886 924 948 atque
958 876 1034 931 ita
1063 875 1330 945 deinceps
1357 876 1451 947 qui
1485 885 1815 948 sequentur,
1844 877 1992 932 serie
2020 892 2155 931 eon-

2257 876 2356 935 εἷΟ⁹
2381 881 2555 945 οὕτως
2597 884 2705 936 τῶν
2733 884 2990 955 καθεξῆς.
3027 886 3256 957 Πρῶτον
3310 887 3393 940 δεῖ
3433 888 3698 942 πιστεύειν
3736 896 3799 956 είς

572 970 793 1026 tinenti.
816 970 875 1024 lu
907 968 1102 1040 primis
1126 983 1358 1023 necesse
1387 967 1478 1032 sit,
1503 976 1565 1021 ut
1588 968 1783 1022 credas
1814 969 1867 1022 in
1904 988 1921 1017 ι
1954 968 2150 1033 Deum,

2262 993 2280 1025 ι
2306 973 2461 1039 Θεὸν,
2483 977 2565 1029 ὅτι
2589 974 2758 1041 ἔστιν,
2789 978 3020 1042 καὶτοῖς
3040 978 3365 1049 ἐκζητοῦσιν
3390 980 3554 1036 αὐτὸν
3575 984 3801 1051 μισθαπο-

569 1062 699 1131 quia
732 1069 836 1126 est,
868 1070 925 1116 et
956 1059 1380 1129 exquirentibus
1414 1075 1473 1115 se
1506 1069 1896 1115 remuneratur
1930 1061 2001 1113 sit
2024 1060 2090 1113 ²⁰.
2127 1079 2144 1110 ι

2254 1065 2414 1136 δύτης
2440 1066 2670 1135 γίνεται.
2704 1087 2722 1118 ι
2756 1069 2945 1132 Πίστις
2973 1070 3084 1139 γὰρ
3112 1071 3191 1129 εἰς
3218 1071 3310 1123 τὸν
3341 1072 3512 1124 αἰῶνα
3554 1074 3799 1141 στήσεται.

568 1154 732 1210 Fides
759 1155 908 1210 enim
941 1153 998 1208 in
1028 1154 1292 1209 saeculum
1322 1154 1509 1208 stabit.
1537 1154 1604 1207 Et
1634 1171 1648 1208 :
1687 1173 1705 1204 ι
1738 1153 1930 1208 Justus
1952 1167 2017 1206 ex
2046 1152 2153 1207 ﬁde

2255 1160 2389 1226 Καὶ,
2428 1180 2445 1212 ι
2471 1159 2527 1213 '0
2558 1160 2765 1224 δίκαιος
2797 1163 2861 1214 ἐκ
2887 1162 3126 1225 πίστεως
3161 1163 3443 1234 ζήσεται.»
3485 1165 3542 1218 Ὀ
3575 1165 3629 1225 δὲ
3662 1168 3801 1232 ὅντως

566 1248 804 1302 vivet".
850 1266 869 1298 ι
919 1246 1111 1303 Justus
1159 1255 1345 1300 autem
1397 1246 1492 1316 qui
1538 1246 1723 1302 veraci
1772 1246 1880 1300 ﬁde
1929 1246 2149 1309 nititur,

2253 1252 2461 1315 δίκαιος
2494 1254 2559 1308 ἐκ
2595 1254 2833 1317 πίστεως
2873 1255 3058 1308 πίστιν
3105 1256 3223 1326 ἔχει
3266 1257 3486 1327 ἐνεργῆ,
3526 1259 3696 1310 πίστιν
3726 1262 3803 1313 αὕη

568 1340 732 1395 tidem
767 1339 934 1395 habet
966 1340 1106 1393 mire
1139 1337 1416 1393 eﬁicacem
1456 1356 1468 1391 :
1508 1339 1694 1399 ﬁdem,
1734 1339 1980 1408 inquam,
2015 1354 2154 1408 quo-

2256 1346 2543 1412 ξάνουσαν,
2579 1346 2762 1401 πίστιν
2804 1348 3402 1419 πεπληροφορημὲνην,
3442 1349 3625 1401 πίστιν
3665 1352 3804 1419 φωτί-

570 1434 783 1489 tidiana
830 1433 1151 1489 accessione
1197 1432 1632 1496 coalescentcm;
1682 1431 1845 1485 ﬁdem
1894 1432 2047 1485 nulla
2086 1446 2153 1485 ex

2256 1436 2457 1502 ζουσαν
2502 1440 2559 1490 ὲν
2590 1442 2701 1502 τοῖς
2757 1440 2947 1502 καλοῖς
3005 1440 3211 1512 ἔργοις,
3263 1441 3351 1494 ἵνα
3396 1441 3627 1511 δοξασθῇ
3655 1445 3681 1494 6
3717 1445 3804 1495 τῶν

569 1534 725 1594 parte
753 1524 1128 1591 hwsitantem;
1157 1523 1318 1579 ﬁdem
1349 1524 1416 1578 ad
1447 1539 1617 1593 opera
1645 1524 1806 1578 laude
1835 1522 1999 1592 digna
2029 1522 2153 1577 illu-

2254 1531 2391 1584 ὅλων
2421 1528 2574 1593 Θεός.
2606 1530 2797 1594 Πίστις
2830 1531 2974 1603 ἁρχὴ
3006 1531 3318 1601 κολλήσεως
3347 1530 3506 1583 Θεοῦ.
3548 1531 3604 1584 '0
3631 1532 3803 1595 τέλειος

567 1627 857 1685 stranlcm,
887 1627 947 1673 ut
978 1634 1077 1688 per
1105 1634 1169 1673 ea
1199 1617 1952 1688 gloriﬁcetur.universorum
1983 1618 2150 1671 Deus.

2258 1621 2448 1684 πιστὸς
2477 1620 2623 1684 λίθος
2653 1620 2783 1673 ναοῦ
2817 1633 2842 1661 ει
2876 1621 3012 1675 Θεοῦ
3050 1623 3286 1695 ὑπάρχει
3329 1622 3723 1692 ἡτοιμασμένος
3744 1627 3805 1684 είς

568 1711 733 1766 Fides
774 1712 1111 1782 principium
1150 1719 1233 1765 est
1272 1710 1473 1765 divinae
1515 1709 1845 1764 vocationis.
1887 1709 2152 1779 Quisquis

2255 1715 2545 1785 οἰκοδομὴν
2582 1713 2718 1767 Θεοῦ
2760 1715 2993 1781 Πατρδς,
3041 1715 3453 1784 ἀναφερόμενος
3495 1716 3572 1777 εἰς
3608 1716 3670 1768 τά
3695 1714 3803 1783 ὕψη.

567 1803 814 1873 perfecte
840 1804 1038 1866 credit,
1063 1803 1202 1873 lapis
1225 1812 1307 1857 est
1329 1802 1519 1871 templi
1546 1802 1664 1868 Dei,
1686 1802 1827 1871 lapis
1850 1813 1935 1857 est
1959 1802 2149 1856 solerti

2205 1807 2343 1875 ιδιά
2376 1810 2472 1879 τῆς
2524 1809 2776 1879 μηχανῆς
2821 1808 2997 1879 Ἰησοῦ
3039 1810 3317 1880 Χριστοῦ’
3363 1811 3392 1861 ὅ
3440 1811 3559 1860 ἐστι
3610 1810 3805 1877 παυρῦς

569 1906 835 1967 apparatu
867 1897 1152 1967 lmvigatus
1175 1906 1232 1952 et
1253 1906 1570 1965 exmquatus
1595 1896 1650 1950 in
1677 1895 2150 1951 substructionem

2257 1899 2454 1969 σχοίνῳ
2492 1899 2775 1970 χρώμενος
2822 1899 2900 1969 τῷ
2942 1900 3252 1969 Πνεύματι.
3302 1900 3366 1951 Ἦ
3423 1899 3479 1951 δὲ
3529 1899 3701 1963 πίστις
3731 1901 3806 1953 άν-

568 1989 667 2042 Dei
701 1988 900 2052 Patris,
933 1989 1071 2058 lapis
1108 1989 1163 2043 in
1199 1989 1437 2044 sublime
1470 1999 1697 2045 evectus
1730 1988 1984 2044 machina
2017 2006 2153 2059 qua-

2256 1987 2489 2060 θρώπου
2535 1987 2791 2057 ἁγωγεύς
2822 1989 2994 2049 ἐστιν,
3029 1990 3073 2065 ή.
3096 1989 3153 2041 δὲ
3187 1988 3376 2055 ἀγάπη
3406 1988 3526 2051 ὁδὸς
3558 1991 3592 2059 ή
3634 1991 3805 2058 ἀναφέ-

492 2144 497 2147 τ
570 2081 718 2151 piam
759 2080 1070 2136 admirabili
1109 2082 1239 2136 Jesu
1279 2081 1509 2145 Christi,
1541 2098 1663 2151 quae
1698 2097 1833 2136 crux
1870 2082 1991 2152 ejus
2033 2097 2092 2135 es

2255 2096 2424 2151 ρουσα
2449 2080 2528 2143 εἰς
2554 2080 2643 2133 τὸν
2665 2078 2818 2135 Θεόν.
2848 2080 2959 2133 Καὶ
2991 2081 3018 2132 6
3041 2077 3283 2141 τοιοῦτος
3305 2078 3519 2146 γίνεται
3549 2078 3805 2149 Θεοφόρος,

568 2172 828 2243 praesidio
860 2173 1083 2245 adjutus
1116 2173 1349 2228 funiculi
1387 2174 1482 2243 qui
1518 2174 1758 2244 Spiritus
1787 2183 2010 2229 sanctus
2042 2185 2147 2229 est.

2253 2173 2423 2243 ήγουν
2455 2171 2833 2243 Χριστοφόρος
2869 2171 2964 2224 καὶ
3006 2171 3134 2234 ναὸς
3171 2169 3307 2223 Θεοῦ
3349 2170 3447 2223 καὶ
3497 2170 3805 2238 ἁγιοδρόμος,

566 2265 732 2319 Fides
775 2265 1045 2330 hominis,
1078 2265 1306 2336 prmdux
1343 2266 1471 2321 vitae
1513 2277 1600 2321 est
1646 2285 1659 2316 :
1700 2266 1955 2322 Charitas
1996 2266 2147 2336 ipsa,

2252 2266 2348 2319 καὶ
2381 2264 2450 2318 τὰ
2478 2264 2659 2318 πάντα
2685 2263 3107 2332 κεκοσμημένος
3137 2262 3195 2314 ὲν
3227 2265 3350 2324 ταῖς
3381 2260 3626 2322 ἐντολαῖς
3662 2259 3805 2327 Ἰησοῦ

567 2358 655 2413 via
694 2367 809 2424 est,
833 2358 900 2413 ad
939 2358 1113 2413 Deum
1146 2373 1323 2429 usque
1360 2358 1677 2414 subvehens
1711 2359 2013 2414 hominem.
2046 2359 2151 2425 Qui

2252 2358 2514 2429 Χριστοῦ.
2542 2356 2649 2410 Καὶ
2682 2355 2829 2426 ἀρχὴ
2856 2354 3004 2425 ζωῆς
3030 2354 3064 2424 ἦ
3098 2353 3187 2407 διὰ
3218 2353 3465 2415 πίστεως
3487 2352 3583 2406 καὶ
3622 2352 3808 2418 ἀγάπης

566 2450 838 2520 ejusmodi
876 2456 984 2515 est,
1015 2449 1382 2520 Theophorus
1422 2449 1504 2513 ﬁt,
1536 2450 1652 2505 sive
1690 2450 2147 2520 Christophorus,

2251 2454 2332 2515 εἰς
2360 2451 2513 2505 οὐδὲν
2548 2449 2937 2520 προκέκριται.
2986 2445 3148 2500 Ἀλλά
3193 2447 3378 2500 πίστιν
3430 2446 3581 2514 λέγω
3617 2445 3803 2513 ὲνεργῆ,

568 2543 859 2613 Templum
890 2543 1118 2614 insuper
1141 2543 1239 2599 Dei
1270 2554 1327 2599 et
1348 2555 1667 2599 sanctorum
1700 2544 1926 2599 sedulus
1952 2544 2153 2598 lustra-

2251 2545 2374 2597 ἐπεὶ
2413 2544 2447 2613 ἡ
2484 2542 2671 2604 πίστις
2722 2540 2896 2612 χωρὶς
2945 2538 3056 2592 τῶν
3108 2538 3289 2608 ἔργων
3342 2536 3520 2607 νεκρά
3570 2536 3679 2588 ὲστι
3710 2533 3806 2587 καθ’

568 2644 656 2689 tor
688 2636 974 2700 locorum;
1011 2634 1162 2690 nulla
1196 2650 1307 2689 non
1341 2634 1426 2690 sui
1461 2646 1637 2705 parte,
1671 2651 1772 2705 per
1801 2635 2150 2690 observatio-

2252 2637 2475 2709 ἑαυτήν.
2498 2636 2580 2690 Τὰ
2596 2634 2651 2689 δὲ
2674 2634 2813 2705 ἔργα
2841 2634 2940 2704 τῆς
2964 2631 3201 2695 πίστεως
3231 2632 3403 2691 ἔστιν,
3430 2627 3641 2697 ἀγάπη,
3669 2627 3802 2695 χαρὰ,

568 2743 692 2781 nem
723 2726 1107 2781 mandatorum
1138 2725 1266 2781 Jesu
1302 2725 1535 2795 Christi,
1569 2728 1877 2797 perpolitus
1906 2739 1961 2782 et
1988 2728 2151 2781 ador-

2251 2730 2468 2801 εἰρήνη,
2505 2725 2877 2799 μακροθυμία,
2901 2724 3234 2797 χρηστότης,
3267 2722 3611 2791 ἀγαθοσὺνη,
3647 2735 3806 2771 ταπειο

565 2826 751 2873 natus.
779 2817 915 2872 Vita:
946 2818 1100 2888 origo
1131 2824 1215 2872 est
1243 2833 1307 2871 ea
1340 2833 1461 2887 qua:
1492 2835 1591 2888 per
1622 2818 1783 2873 ﬁdem
1814 2826 1870 2873 et
1901 2818 2153 2874 dilectio-

2250 2819 2560 2893 νοφροσύνη
2594 2818 2689 2873 καί⁵
2738 2816 2972 2888 αῦχησις
3022 2817 3081 2869 ὲν
3131 2816 3345 2886 Κυρίῳ,
3399 2813 3719 2880 πεποίθησις
3746 2810 3806 2869 εἰς

564 2922 696 2963 nem
733 2914 1019 2976 operatur,
1054 2908 1142 2962 cui
1184 2906 1322 2960 nihil
1363 2908 1743 2978 anteponitur.
1784 2909 1972 2963 Fidem
2016 2926 2149 2966 sane

2250 2913 2405 2979 Θεὸν,
2449 2911 2765 2983 σταυρῶσαι
2811 2909 2911 2981 τὴν
2966 2909 3168 2979 σάρκα,
3217 2908 3278 2959 τὸ
3325 2904 3677 2959 καταπαῦσαι
3719 2900 3807 2954 ἀπο

566 3000 799 3055 dixerim
841 3015 953 3054 non
994 2999 1460 3070 qualemcunque,
1495 3000 1591 3055 sed
1630 3017 1799 3070 opere
1842 3003 1962 3072 ipso
2002 3019 2150 3058 com-

2251 3011 2470 3061 πάντων
2496 2999 2505 3007 ’
2533 3004 2640 3058 τῶν
2694 3004 2894 3074 ἔργων,
2952 3000 3135 3063 καθὼς
3170 2999 3521 3053 κατέπαυσεν
3575 2996 3678 3051 ἀπὸ
3720 2994 3807 3045 τῶν

566 3092 973 3156 mendabilem,
1010 3108 1135 3147 cum
1188 3092 1324 3146 ﬁdes
1366 3093 1485 3146 sine
1528 3094 1792 3161 operibus
1830 3103 2047 3150 mortua
2092 3096 2149 3150 in

2256 3099 2402 3153 ἰδίων
2435 3100 2462 3153 6
2488 3097 2644 3161 Θεὸς,
2664 3094 2726 3148 τὸ
2757 3090 2889 3166 ἆραι
2913 3093 3007 3147 τὸν
3032 3095 3263 3161 σταυρὸν
3294 3089 3462 3143 αὑτοῦ
3487 3088 3585 3143 καὶ
3611 3086 3806 3139 ἀκολου-

568 3183 866 3253 semetipsa
911 3184 1005 3237 sit.
1035 3183 1216 3253 Opera
1259 3184 1489 3253 proinde
1529 3185 1653 3239 ﬁdei
1698 3186 1859 3241 istius
1897 3168 2152 3257 operato-

2207 3175 2458 3263 Ῑθῆσαι,
2515 3188 2792 3259 πνεύματι
2855 3186 2991 3257 ζῇν,
3052 3183 3365 3253 πνεύματος
3417 3183 3639 3249 τυχεῖν·
3694 3178 3807 3246 αῦτη

568 3275 667 3331 ria:
699 3288 831 3329 sunt
873 3293 885 3329 :
933 3276 1194 3341 Charitas,
1235 3277 1521 3344 gaudium,
1561 3277 1805 3339 bonitas,
1842 3280 2151 3350 humilitas,

2254 3283 2643 3354 λογισθήσεται
2678 3281 2758 3343 εἰς
2802 3276 3171 3347 δικαιοσύνην.
3212 3275 3399 3328 Ταῦτά
3444 3273 3565 3325 ἐστι
3607 3271 3670 3324 τὰ
3700 3271 3810 3339 ἔργα

568 3367 864 3423 exsultatio
890 3368 943 3422 in
969 3368 1223 3432 Domino,
1252 3368 1451 3424 ﬁducia
1480 3386 1607 3440 erga
1636 3370 1835 3437 Deum;
1864 3381 2151 3442 praeterea,

2256 3381 2355 3450 τῆς
2406 3376 2664 3437 πίστεως.
2712 3373 2770 3425 Ὁ
2816 3371 2999 3423 πίστει
3047 3369 3256 3439 τρέχων
3307 3365 3398 3419 διὰ
3457 3365 3568 3417 τῶν
3616 3361 3810 3415 ἐντολῶν

570 3478 792 3517 carnem
839 3462 1059 3534 adigere
1101 3461 1284 3527 cruci,
1316 3462 1464 3531 quod
1510 3471 1623 3527 est,
1653 3478 1774 3517 eam
1816 3480 2048 3520 avocare
2091 3483 2157 3522 ac

2257 3470 2408 3525 κάτω
2435 3468 2705 3538 λαμϐάνει
2752 3462 2853 3535 τὴν
2887 3464 3002 3519 ἄνω
3041 3460 3423 3535 Ἰερουσαλήμ.
3472 3458 3601 3514 Ἐάν
3630 3457 3810 3525 ἔχοιμεν

572 3556 766 3612 sedare
806 3557 876 3611 ab
916 3556 1176 3611 omnibus
1217 3557 1336 3611 suis
1372 3558 1656 3627 operibus,
1688 3562 2156 3629 quemadmodum

2258 3565 2461 3627 πίστιν,
2490 3561 2658 3631 ἐσμὲν
2696 3563 2756 3615 ὲν
2791 3561 2859 3629 τῇ
2900 3558 3106 3621 πίστει,
3153 3556 3248 3609 καὶ
3292 3556 3574 3625 στήκομεν
3618 3553 3671 3603 ἐν
3698 3550 3808 3616 αὑτῇ

570 3664 604 3705 a
644 3649 765 3705 suis
808 3649 1234 3718 interquievisse
1276 3650 1477 3721 legitur
1516 3651 1661 3705 Deus
1701 3652 1892 3707 tollere
1931 3671 2155 3710 crucem

2258 3656 2482 3727 ἑδραῖοι,
2513 3655 2609 3708 καὶ
2643 3656 2700 3706 ὲν
2735 3653 2926 3724 Κυρίῳ
2967 3648 3330 3718 κατοικοῦμεν
3372 3645 3580 3708 καλῶς.
3618 3642 3742 3712 Φησὶ
3768 3640 3810 3692 δὲ

571 3758 727 3798 suam
757 3750 813 3797 et
841 3751 1171 3798 sectatorem
1204 3760 1326 3800 esse
1353 3745 1557 3805 crucis,
1584 3745 1733 3814 quod
1762 3754 1867 3809 est,
1895 3747 2159 3816 Spiritua-

2259 3748 2356 3803 καὶ
2414 3749 2443 3800 6
2503 3744 2703 3816 Κύριος
2731 3745 2818 3798 διά
2843 3744 2937 3797 τοῦ
2970 3742 3282 3812 Προφήτουο
3314 3758 3331 3790 ι
3351 3740 3414 3792 Οἱ
3439 3735 3705 3807 ὀφθαλμοί
3729 3749 3809 3802 μου

572 3834 700 3889 liter
736 3834 925 3889 vivere
964 3851 977 3887 :
1016 3834 1163 3904 quod
1199 3836 1245 3889 si
1285 3834 1539 3906 prmduce
1577 3834 1784 3905 Spiritu
1827 3837 2153 3907 ingrederis,

2259 3842 2352 3896 ἐπὶ
2401 3840 2531 3904 τοὺς
2561 3839 2789 3901 πιστοὺς
2814 3837 2914 3906 τῆς
2937 3835 3062 3905 γῆς,
3086 3833 3180 3887 τοῦ
3216 3830 3600 3901 συγκαθῆσθαι
3645 3824 3811 3887 αὐτοὺς

574 3923 942 3994 imputabitur
966 3924 1065 3979 tibi
1097 3926 1165 3980 ad
1193 3927 1483 3996 justitiam.
1521 3928 1733 3997 1027
1766 3927 1892 3984 Haec
1928 3946 1993 3985 ea
2029 3941 2159 3985 sunt

2263 3934 2382 4006 μετ’
2409 3932 2564 4004 ἐμοῦ.
2592 3951 2611 3984 ι
2655 3931 2888 4001 Ὁμοίως
2911 3929 3008 3982 καὶ
3032 3931 3059 3981 6
3091 3926 3381 3999 Ἱερεμίας·
3410 3942 3428 3975 ι
3467 3922 3619 3986 Ἰδοὺ,
3645 3919 3809 3987 Κύριε,

575 4015 815 4072 eﬁicacis
844 4016 973 4071 ﬁdei
1005 4033 1194 4088 opera.
1230 4018 1335 4085 Qui
1370 4020 1478 4074 ﬁde
1510 4022 1790 4090 percurrit
1820 4022 1963 4076 viam
1997 4039 2156 4078 man-

2259 4028 2309 4080 οἱ
2341 4024 2617 4095 ὀφθαλμοί
2654 4041 2748 4077 σου
2780 4024 2861 4086 είς
2890 4021 3093 4073 πίστιν.
3134 4038 3152 4069 ι
3189 4017 3419 4084 Λέγειδὲ
3437 4016 3537 4068 καὶ
3567 4017 3594 4068 6
3618 4013 3808 4081 Πέτρος.

576 4111 870 4174 datorum,
918 4111 1203 4166 omlestem
1254 4112 1404 4166 illam
1454 4123 1786 4183 assequctur
1827 4115 2156 4171 Jerusalem.

2267 4139 2285 4171 ι
2321 4118 2683 4190 Χορηγήσατε
2734 4115 2791 4167 ὲν
2839 4117 2905 4185 τῇ
2940 4112 3123 4165 πίστει
3154 4109 3310 4179 ὑμῶν
3350 4108 3448 4179 τὴν
3495 4105 3706 4178 ἀρετὴν,
3735 4101 3813 4169 τὴν

575 4202 743 4257 Plane
780 4201 827 4257 si
858 4200 1024 4257 ﬁdem
1061 4203 1400 4269 habeamus,
1430 4213 1488 4260 et
1520 4205 1575 4259 in
1613 4206 1723 4261 ﬁde
1756 4222 1977 4272 sumus,
2010 4216 2065 4261 et
2102 4208 2156 4261 in

2261 4214 2482 4283 ἀγάπην
2504 4227 2520 4243 θ
2557 4229 2574 4261 ι
2608 4210 2701 4262 καὶ
2733 4204 2911 4272 αὖθις,
2943 4225 2960 4257 ι
3001 4200 3523 4272 Ἐποικοδομοῦντες
3561 4201 3616 4252 ὲν
3652 4200 3712 4267 τῇ
3740 4194 3811 4245 πί-

573 4294 770 4349 eadem
816 4295 981 4350 solidi
1027 4296 1389 4351 consistimus
1427 4313 1493 4351 ac
1535 4297 1786 4364 stabiles,
1822 4298 1879 4353 in
1922 4300 2158 4354 Domino

2262 4323 2403 4369 azst,
2430 4305 2661 4375 νήψατε,
2695 4301 3108 4374 γρηγορήσατε,
3141 4300 3222 4351 ὅτι
3252 4294 3527 4355 ἀντίδικος
3554 4289 3697 4361 ὑμῶν
3719 4288 3810 4339 διὰ-

575 4388 810 4459 puichre
844 4388 1183 4443 habitamus.
1214 4390 1435 4443 Etenim
1472 4405 1573 4459 per
1606 4391 1937 4461 Prophetam
1972 4392 2157 4462 loqui-

2262 4396 2436 4461 ὅιλος,
2475 4394 2551 4458 ὡς
2596 4394 2735 4447 λέων
2769 4392 3082 4462 ὠρυόμενος
3127 4387 3443 4458 περιπατεῖ,
3490 4382 3664 4452 ζητῶν
3712 4377 3808 4429 τίνα

579 4492 669 4536 ιιιι·
692 4480 963 4535 Dominus
999 4499 1011 4534 :
1051 4500 1069 4533 ι
1103 4480 1259 4536 Oculi
1288 4482 1395 4536 mei
1425 4482 1619 4537 ﬁdeles
1654 4490 1814 4538 terra:
1842 4492 1903 4539 ut
1928 4484 2158 4540 sedeant

2210 4521 2233 4574 )
2263 4486 2534 4558 καταπίῃο
2580 4478 2625 4554 ᾧ
2666 4484 2955 4553 ἀντίστητε
3004 4481 3216 4552 στερεοὶ
3237 4481 3305 4549 τῇ
3338 4478 3526 4529 πίστει
3548 4476 3596 4527 h.
3626 4492 3642 4524 ›
3674 4470 3810 4524 Καὶὸ

578 4588 795 4627 mecum
818 4575 884 4627 “.
922 4592 941 4624 ›
977 4572 1093 4627 Nec
1126 4588 1289 4628 secus
1313 4573 1619 4628 Jeremias:
1650 4593 1668 4625 ‹
1702 4575 1867 4640 Ecce,
1899 4576 2155 4643 Domine,

2209 4561 2230 4575 I
2265 4580 2508 4644 Παῦλος,
2559 4598 2577 4631 ι
2629 4579 2718 4631 Ἐν
2766 4569 2811 4645 ᾧ
2870 4574 3263 4636 πιστεύσαντες
3313 4568 3711 4642 ἐσφραγίσθητε
3750 4561 3809 4629 τῷ

577 4667 721 4723 oeuli
769 4668 849 4722 tui
898 4666 1207 4737 respiciunt
1246 4666 1410 4721 ﬁdem
1436 4668 1501 4719 ’3.
1547 4688 1564 4719 ι
1613 4668 1757 4723 Dicit
1796 4676 1854 4724 et
1899 4670 2098 4725 Petrus

2263 4671 2549 4741 Πνεῦματι
2594 4670 2692 4740 τῆς
2734 4664 3071 4734 ἐπαγγελίας
3110 4663 3189 4732 τῷ
3236 4662 3399 4729 ἁγίῳ.
3430 4679 3448 4711 ι
3498 4658 3608 4713 Καὶ
3647 4655 3808 4707 πάλιν·

584 4783 602 4814 ι
661 4762 970 4817 Ministrate
1018 4760 1075 4815 in
1122 4760 1231 4816 ﬁde
1275 4770 1461 4816 vestra
1505 4761 1771 4817 virtutem
1815 4772 1869 4817 et
1914 4764 2129 4820 charita

2271 4783 2290 4817 ι
2337 4764 2462 4816 Ἐπὶ
2494 4763 2664 4815 πᾶσιν
2704 4756 3069 4818 ἀναλαϐόντες
3105 4754 3197 4806 τὸν
3234 4751 3428 4823 θυρεὸν
3448 4751 3547 4820 τῆς
3580 4748 3806 4805 πίστεως·

578 4866 687 4912 tem
710 4857 776 4910 ’³.
813 4875 830 4907 ι
871 4856 1087 4911 Rursus
1125 4873 1137 4908 :
1185 4875 1201 4906 ι
1240 4853 1761 4925 δυροτςεάὶίῖοεηιοε
1792 4857 2162 4927 vosmetipsos

2266 4862 2325 4912 ὲν
2356 4850 2400 4926 ᾧ
2426 4853 2720 4927 δυνήσεσθε
2752 4851 2930 4905 πάντα
2965 4849 3035 4901 τά
3070 4847 3199 4917 βέλη
3238 4846 3332 4899 τοῦ
3364 4842 3613 4913 Πονηροῦ
3647 4841 3709 4891 τά
3733 4853 3806 4888 m-

578 4949 632 5002 in
679 4947 820 5012 ﬁde,
862 4947 1033 5002 sobrii
1080 4955 1290 5014 estote;
1336 4946 1587 5017 vigilate,
1628 4947 1763 5017 quia
1806 4947 2162 5004 adversarius

2268 4948 2571 5021 πυρωμένα
2608 4945 2825 5000 σϐέσαι.
2853 4964 2871 4995 ι
2902 4941 3012 4996 Καὶ
3045 4936 3222 5002 αὖθις
3254 4957 3273 4991 ι
3302 4939 3459 4990 Ἔστι
3491 4936 3670 4995 πίστις
3695 4932 3808 4981 ἐλπι-

578 5046 762 5091 vesler
815 5037 1071 5093 diabolus
1136 5046 1397 5109 tanquam
1458 5038 1549 5092 leo
1613 5038 1840 5108 rugiens
1903 5039 2163 5094 circumit

2269 5043 2510 5114 ζομένων
2545 5038 2861 5099 ὑπόστασις.
2905 5036 2993 5089 Ἐν
3022 5032 3196 5104 ταύτῃ
3227 5032 3276 5071 δ’
3309 5030 3416 5099 γὰρ
3462 5021 3807 5098 ἐμαρτυρήθη·

579 5146 836 5199 quzerens
858 5147 1022 5201 quem
1049 5132 1299 5198 devoret,
1323 5133 1412 5189 cui
1440 5133 1683 5188 resistite
1710 5133 1888 5188 fortes
1915 5136 2022 5190 ﬁde
2042 5138 2107 5189 ³⁵.
2138 5156 2156 5187 ι

2273 5154 2370 5190 σαν
2419 5136 2468 5188 οἱ
2527 5132 2911 5203 πρεσϐύτεροι.
2976 5126 3136 5182 Κατὰ
3188 5126 3372 5179 πίστιν
3426 5122 3531 5192 γὰρ
3580 5118 3806 5210 ἀπέθανοῖ

580 5223 649 5275 Et
677 5224 882 5278 Paulus
911 5241 925 5277 :
964 5244 982 5276 ι
1017 5226 1076 5279 ln
1103 5242 1213 5296 quo
1239 5243 1364 5281 eum
1397 5226 1767 5289 credideritis,
1797 5227 1999 5297 signati
2027 5229 2163 5284 estis

2268 5222 2415 5283 οὗτοι
2447 5226 2668 5288 πάντες.
2700 5242 2721 5275 ι
2769 5222 2881 5275 Καὶ
2921 5220 3085 5275 πάλιν
3108 5234 3122 5249 ⁸
3181 5238 3201 5270 ε
3231 5214 3588 5284 Δικαιοσύνην
3622 5210 3674 5264 δὲ
3700 5207 3806 5258 Θεοῦ

582 5315 791 5384 Spiritu
843 5318 1237 5386 promissionis
1279 5328 1468 5374 sancto
1503 5322 1573 5372 ’³.
1622 5340 1639 5371 ι
1694 5320 1902 5374 lterum
1952 5339 1964 5374 :
2028 5342 2045 5372 ι
2101 5322 2162 5377 In

2265 5322 2352 5377 διὰ
2367 5320 2608 5381 πίστεως
2633 5318 2710 5379 είς
2730 5316 2938 5378 πάντας
2960 5314 3087 5377 τοὺς
3109 5309 3518 5371 πιστεύοντας.ι
3545 5304 3646 5358 Καὶ
3664 5296 3805 5396 αὖθις.

582 5408 844 5463 omnibus
886 5418 1170 5464 sumentes
1209 5414 1424 5466 scutum
1470 5413 1629 5480 ﬁdei,
1669 5414 1727 5468 in
1778 5430 1890 5485 quo
1935 5416 2164 5485 possitis

2274 5417 2422 5470 ι’Ίνα
2445 5412 2545 5485 τὴν
2558 5408 2894 5480 ἐπαγγελίαν
2917 5406 3011 5461 τοῦ
3030 5404 3171 5461 Πνεύ
3180 5421 3348 5476 ματος
3365 5400 3616 5469 λάϐωμεν
3635 5392 3711 5446 διὰ
3728 5392 3806 5454 τῆς

654 5551 706 5630 Ἴ,
725 5551 891 5630 "@1-
915 5553 1065 5630 μϐ.
1142 5553 1992 5630 ξδῐῐοᾼὶμρμῦὃ.Ἐζᾶο-εοὶἰῐρει,
2043 5576 2163 5629 qua:
2219 5575 2319 5630 per
2354 5555 2708 5613 dilectionem
2759 5558 3042 5624 operatur.
3120 5546 3498 5611 "Psal.c,6.
3572 5538 3805 5593 "1mm-

585 5642 638 5687 v,
664 5624 719 5677 3.
779 5624 822 5653 ’δ
846 5623 886 5678 H
915 5624 1061 5679 Petr.
1086 5641 1123 5690 ι,
1150 5624 1201 5678 5.
1279 5626 1363 5679 ’⁵1
1393 5626 1542 5681 Pctr.
1568 5643 1620 5689 v,
1644 5626 1696 5692 8,
1722 5628 1774 5681 9.
1851 5630 1895 5658 ’θ
1918 5623 2121 5698 Ephes.
2150 5649 2189 5697 ι,
2216 5623 2301 5686 ἱῗ).

1886 5737 2118 5795 VARI/43
2151 5736 2550 5797 LECTIONES.

786 5828 805 5855 J

664 5829 859 5890 αναῦς.
940 5829 1166 5900 1’στεροὶ
1220 5834 1284 5901 τῇ
1342 5830 1539 5884 πίστει.
1619 5832 1672 5871 ’δ’
1708 5832 1866 5903 αὐτῇ.
