4052 6536
548 364 686 430 1435

1814 384 2179 449 ANTIOCHI
2219 392 2569 452 MONACHI

3659 397 3771 464 1438

539 476 780 547 Hujusce
847 479 927 533 rei
991 481 1167 549 gratia
1224 464 1497 551 diximus,
1550 489 1811 556 quoniam
1878 494 2097 566 theolog

2222 502 2336 570 εἰμι
2368 503 2395 554 6
2435 500 2531 554 ὧν.
2566 520 2586 553 ι
2629 502 2739 555 Kal
2767 502 2795 555 6
2827 500 3078 572 Ἰωάννης
3101 518 3113 530 ο
3155 522 3173 552 ι
3222 504 3287 557 'O
3309 497 3372 575 ἦν
3408 505 3503 558 ἀπ’
3535 506 3712 576 ἀρχῆς.
3752 530 3768 559 ι

538 572 764 625 nomina
797 573 981 626 omnia
1014 590 1136 643 qua:
1168 575 1409 631 divinam
1442 581 1783 651 majestatem
1811 585 2114 655 insinuant,

518 680 636 718 .sua
668 663 1127 735 interpretatione
1156 668 1405 724 referunt
1428 671 1497 725 ad
1523 677 2115 743 supersubstantialem

535 756 703 811 simul
743 766 798 812 et
837 760 1368 817 consubstantialem
1407 764 1770 835 Trinitatem;
1817 787 1919 827 ceu
1963 783 2114 843 sunt,

534 849 702 916 Deus,
728 850 1015 916 Dominus,
1043 852 1247 919 Bonus,
1273 854 1412 921 Lux,
1438 858 1583 924 Vita,
1612 860 1849 929 Veritas,
1876 865 2118 935 Impera-

502 951 622 995 -tor
655 942 926 1006 omnium,
958 941 1342 1013 Omnipotens,
1370 948 1639 1005 Dominus
1674 952 1937 1019 Sabaoth,
1966 958 2113 1027 quod

535 1033 931 1103 interpretatur
963 1038 1312 1104 exercituum,
1343 1048 1401 1095 et
1435 1042 1699 1112 pleraque
1732 1046 1859 1109 alia,
1892 1064 2014 1117 quae
2045 1050 2113 1105 ab

533 1121 667 1191 ipsis
705 1123 975 1194 theologis
1010 1126 1440 1197 depromuntur,
1471 1134 1679 1201 quibus
1714 1138 1970 1207 religiose
2003 1142 2115 1195 col-

528 1214 789 1270 laudatur
822 1218 995 1284 Deus,
1031 1229 1310 1289 quatenus
1346 1223 1585 1280 sinimur
1621 1244 1741 1283 eam
1779 1230 2111 1289 Trinitatem

529 1323 632 1378 pro
666 1310 894 1365 modulo
933 1322 1128 1368 nostro
1176 1314 1622 1388 intelligere,vab
1662 1323 1860 1378 eadem
1902 1326 2109 1393 edocti,

528 1400 661 1455 dum
698 1403 935 1472 seipsam
974 1404 1233 1461 edisserit
1267 1425 1280 1461 :
1332 1428 1351 1460 ι
1390 1409 1534 1475 Quid
1572 1427 1659 1467 me
1694 1414 2006 1486 interrogas
2043 1418 2111 1473 de

528 1492 714 1549 bono?
752 1496 926 1551 Nemo
971 1497 1187 1566 bonus,
1224 1501 1331 1555 nisi
1376 1518 1522 1558 unus
1565 1504 1801 1560 Deus“.
1844 1527 1863 1561 ι
1912 1510 1981 1564 Et
2022 1511 2111 1567 his

527 1587 624 1658 qui
653 1589 967 1644 excolendae
985 1591 1161 1646 vineae
1188 1608 1388 1662 operas
1410 1610 1541 1651 suas
1564 1598 1847 1654 elocarcnt
1873 1619 1885 1655 :
1922 1621 1939 1655 ι
1970 1605 2111 1671 Quia

526 1694 631 1749 ego
660 1680 842 1735 bonus
865 1696 987 1736 sum
1011 1682 1076 1736 “.
1109 1703 1126 1734 ι
1164 1684 1231 1737 Ει
1260 1702 1271 1738 :
1308 1704 1325 1736 ι
1358 1685 1599 1756 Spiritus
1626 1698 1753 1745 tuus
1782 1692 1962 1749 bonus
1987 1697 2052 1750 ⁵⁵.
2086 1717 2105 1749 ι

529 1771 598 1826 Ει
631 1771 801 1844 Moysi
840 1791 853 1826 :
899 1793 917 1824 ‹
957 1774 1071 1844 Ego
1104 1790 1226 1830 sum
1262 1779 1356 1847 qui
1393 1794 1515 1833 sum
1544 1781 1608 1834 “.
1648 1801 1665 1833 ι
1705 1783 1773 1837 Et
1802 1784 2047 1842 Joannes
2092 1805 2105 1841 :

2227 593 2367 644 Καί*
2397 613 2414 645 ι
2459 595 2515 646 'U
2536 594 2852 664 ἐρχόμενος.
2890 613 2909 644 ι
2945 595 3054 648 Καί
3078 609 3092 624 '
3128 613 3148 646 ι
3188 593 3246 647 '0
3279 596 3656 667 παντοκράτωρ
3679 600 3769 651 K6-

2228 700 2342 753 ριος
2375 683 2543 755 ὄνομα
2578 684 2750 756 αὐτῷ.
2781 704 2799 736 ι
2838 687 2981 738 Καί·
3013 704 3032 736 ι
3063 686 3136 738 T6
3161 686 3384 756 Πνεῦμα
3414 687 3518 755 τῆς
3550 688 3775 757 ἀληθείας

2225 774 2284 827 τὸ
2320 774 2398 840 ὃν,
2434 775 2462 828 ὃ
2496 775 2649 846 παρά
2695 775 2790 829 τοῦ
2838 775 3051 847 Πατρὸς
3098 776 3476 847 ἐκπορεύεται.
3513 797 3530 827 ι
3579 779 3681 831 Kal
3711 781 3776 851 τῷ

2223 864 2396 938 Θωμᾷ
2417 881 2430 895 '
2466 888 2483 918 ι
2518 867 2659 936 Ἐγώ
2687 870 2802 938 είμι
2832 870 2866 938 ἡ
2901 868 3132 939 ἀλήθεια
3163 871 3257 921 καὶ
3280 871 3313 938 η
3351 869 3483 940 ζωή.
3535 888 3551 918 ι
3576 871 3680 923 Kal
3707 873 3774 931 τὸ.

2230 983 2247 1013 ι
2299 963 2553 1034 Ἀγίασον
2600 966 2796 1029 αὐτοὺς
2845 968 2903 1019 ὲν
2935 969 3001 1037 τῇ
3038 965 3271 1038 ἀληθείᾳ
3305 983 3419 1020 σου.
3456 985 3473 1015 ι
3500 966 3643 1029 Kal,
3676 989 3689 1018 ι
3729 969 3775 1023 '0

2222 1054 2378 1123 λόγος
2410 1058 2437 1109 6
2468 1057 2557 1120 σὸς
2596 1056 2829 1128 ἀλήθειά
2859 1060 3024 1111 ἐστιν.
3068 1077 3085 1108 ›
3116 1059 3247 1124 Kal,
3295 1076 3313 1109 ι
3338 1059 3505 1111 Ὅταν
3531 1059 3587 1111 δὲ
3623 1060 3778 1131 ἕλθηό

2222 1146 2601 1218 Παράκλητος,
2642 1148 2701 1203 ὃν
2728 1149 2838 1218 ἐγὼ
2877 1149 3235 1221 πέμψωούμῑν
3276 1151 3425 1221 παρὰ
3448 1150 3543 1204 τοῦ
3566 1153 3773 1219 Πατρὸς,

2219 1239 2280 1293 τὸ
2311 1240 2532 1310 Πνεῦμα⁸
2570 1242 2670 1310 τῆς
2717 1242 2998 1311 ἀληθείας,
3046 1243 3074 1295 ὃ
3108 1242 3261 1313 παρὰ
3306 1242 3397 1296 τοῦ
3447 1244 3655 1313 Πατρὸς
3696 1246 3775 1297 ὲκ-

2222 1330 2534 1401 πορεύεται.
2566 1352 2584 1382 ι
2625 1333 2735 1384 Καὶ
2766 1332 2923 1395 αὖθις
2943 1350 2958 1365 ο
3000 1353 3019 1384 ι
3053 1334 3221 1386 Ὅταν
3263 1333 3322 1386 δὲ
3356 1333 3484 1404 ἔλθῃ
3510 1336 3696 1399 ἐκεῖνο,
3726 1338 3776 1389 τὸ

2221 1418 2449 1491 Πνεῦμα
2473 1420 2574 1490 τῆς
2602 1421 2880 1489 ἀληθείας,
2908 1422 3169 1493 ὁδηγήσει
3204 1423 3348 1493 ὑμᾶς
3386 1424 3443 1476 ἐν
3484 1427 3551 1494 τῇ
3576 1425 3776 1495 ἀληθεία

2221 1511 2406 1581 ἁπάσῃ
2424 1527 2438 1541 °
2479 1513 2685 1576 ἐκεῖνος
2711 1512 2811 1582 ἐμὲ
2837 1512 3071 1580 δοξάσει,
3098 1514 3179 1567 ὅτι
3200 1514 3266 1567 ἐκ
3294 1514 3385 1567 τοῦ
3416 1515 3551 1585 ἐμοῦ
3570 1516 3775 1585 λήψεται

2219 1605 2313 1658 καὶ
2362 1605 2656 1673 ἀναγγελεῖ
2700 1605 2849 1675 ὑμῖν.
2890 1624 2909 1657 ι
2964 1607 3078 1659 Kal
3132 1606 3324 1661 πάλιν·
3365 1626 3382 1658 ι
3422 1608 3568 1661 ’Ὀσα
3616 1609 3717 1679 ἔχει
3754 1615 3778 1664 6

2218 1696 2433 1769 Πατὴρ,
2465 1698 2576 1768 ἐμά
2605 1700 2752 1751 ἐστιν
2774 1714 2787 1728 '
2824 1698 2911 1752 διὰ
2933 1698 3093 1753 τοῦτο
3116 1693 3292 1764 εἷπον,
3323 1700 3406 1753 ὅτι
3437 1700 3502 1753 ὲκ
3535 1698 3627 1753 τοῦ
3660 1702 3776 1771 ἐμοῦ

2217 1788 2449 1860 λήψεται
2476 1791 2572 1844 καὶ
2599 1792 2893 1860 ἀναγγελεῖ
2926 1792 3075 1862 ὑμῖν.
3100 1811 3118 1845 ι
3159 1793 3270 1846 Kal
3296 1794 3456 1857 αὖθις
3476 1810 3490 1822 ο
3531 1811 3549 1844 ι
3590 1794 3777 1865 Ὠσπερ

535 1882 555 1915 ι
598 1862 759 1931 Quod
801 1874 922 1921 erat
964 1867 1034 1922 ab
1076 1868 1238 1924 initio
1261 1870 1328 1924 ”‘.
1371 1891 1388 1922 ›
1433 1872 1550 1927 Et:
1598 1894 1615 1925 ι
1660 1874 1765 1942 Qui
1802 1878 2044 1934 venit".
2088 1900 2101 1932 ι

2216 1883 2245 1935 6
2272 1882 2463 1953 Πατὴρ
2501 1882 2706 1952 ἐγείρει
2752 1884 2882 1947 τοὺς
2929 1884 3158 1954 νεκροὺς
3206 1886 3300 1939 καὶ
3346 1886 3625 1951 ζωοποιεῖ,
3656 1862 3778 1939 οὕτω

528 1954 597 2008 Et
630 1971 645 2007 :
682 1974 700 2006 ι
736 1955 1043 2026 imperator
1070 1957 1186 2013 sive
1214 1961 1568 2031 omnipotens
1594 1964 1884 2029 Dominus,
1912 1984 2113 2024 nomen

532 2046 611 2100 illi
633 2046 698 2101 ⁸⁸.
732 2065 750 2099 ι
780 2047 849 2101 Et
876 2065 889 2101 :
925 2068 941 2098 ι
977 2048 1217 2118 Spiritus
1238 2052 1489 2108 veritatis
1520 2055 1615 2125 qui
1644 2064 1751 2122 est,
1776 2058 1924 2127 quia
1951 2062 2112 2117 Patre

528 2135 867 2203 procedit“.
922 2155 939 2187 ι
995 2136 1102 2191 Sed
1157 2146 1213 2193 et
1264 2139 1490 2196 Thomas
1544 2160 1557 2196 :
1600 2162 1618 2194 ι
1671 2144 1784 2215 Ego
1827 2163 1950 2202 sum
1999 2149 2108 2217 via,

528 2226 732 2280 veritas
762 2235 818 2280 ct
839 2226 950 2281 vita
975 2228 1043 2281 ⁵ο.
1077 2247 1094 2279 i
1136 2228 1205 2282 Et
1236 2246 1248 2282 :
1289 2248 1306 2280 ι
1344 2230 1635 2287 Sanetiﬁca
1665 2250 1763 2290 cos
1796 2236 1851 2291 in
1876 2238 2111 2295 veritate

528 2327 621 2370 tua
644 2316 711 2370 δι.
744 2334 763 2367 ι
799 2316 908 2372 Ει;
955 2336 972 2370 ι
1008 2318 1254 2374 Verbum
1290 2332 1451 2376 tuum
1488 2324 1692 2381 veritas
1725 2337 1810 2382 est
1834 2330 1899 2382 ⁵³.
1936 2349 1953 2381 ι
1994 2331 2105 2386 Et:

536 2425 553 2456 ι
588 2405 725 2462 Cum
755 2416 945 2463 autem
973 2410 1193 2464 venerit
1216 2411 1534 2468 Paracletus
1561 2430 1724 2483 quem
1757 2433 1859 2488 ego
1891 2420 2107 2475 mittam

525 2499 686 2554 vobis
714 2516 744 2555 a
770 2501 962 2567 Patre,
994 2500 1263 2572 Spiritum
1295 2504 1546 2561 veritatis
1565 2508 1706 2577 quia
1725 2510 1883 2565 Patre
1908 2528 2106 2582 proce-

524 2590 604 2645 dit
625 2592 692 2645 ⁸³.
723 2612 740 2644 ι
772 2593 985 2648 Rursus
1014 2610 1028 2647 :
1069 2612 1086 2644 ι
1116 2593 1255 2649 Cum
1282 2608 1470 2652 autem
1496 2600 1713 2655 venerit
1739 2601 1833 2657 ille
1862 2602 2106 2674 Spiritus

524 2681 800 2747 veritatis,
828 2682 997 2738 ducet
1032 2700 1131 2739 vos
1174 2684 1233 2739 in
1275 2702 1497 2743 omnem
1530 2690 1854 2760 veritatem;
1893 2696 1982 2751 ille
2016 2713 2104 2753 me

521 2774 882 2843 glorilicabit,
914 2775 1047 2845 quia
1091 2777 1161 2833 de
1201 2793 1327 2833 meo
1370 2782 1611 2852 accipiet
1647 2794 1703 2839 et
1745 2788 2103 2851 annuntiabit

521 2866 679 2921 vobis
706 2866 775 2921 “.
822 2885 840 2918 ι
892 2868 1108 2923 Rursus
1161 2887 1175 2924 :
1233 2890 1250 2921 ι
1296 2871 1650 2945 Quaecunque
1694 2877 1863 2934 habet
1906 2881 2099 2950 Pater,

521 2975 643 3014 mea
674 2968 803 3013 sunt
829 2977 842 3013 :
877 2970 1172 3031 propterea
1202 2963 1339 3029 dixi,
1366 2967 1497 3035 quia
1525 2967 1593 3022 de
1628 2986 1751 3025 meo
1786 2973 2023 3044 accipiet
2046 2985 2103 3031 et

519 3050 875 3106 annuntiabit
897 3053 1056 3109 vobis
1074 3056 1141 3108 ⁸³.
1169 3076 1185 3107 ι
1220 3056 1431 3112 lterum
1462 3076 1475 3113 :
1511 3079 1528 3111 ι
1561 3059 1715 3117 Sicut
1738 3064 1901 3119 Pater
1925 3068 2100 3123 susci-

522 3152 602 3197 tat
637 3153 891 3200 mortuos
925 3154 983 3200 et
1018 3146 1296 3213 viviﬁcat,
1330 3150 1412 3205 sic
1448 3158 1505 3206 et
1543 3153 1746 3221 Filius,
1773 3172 1914 3226 quos
1950 3160 2095 3226 vult,

522 3234 851 3290 viviﬁcat“.
892 3256 909 3287 ι
952 3236 1021 3291 Et
1056 3254 1069 3291 :
1116 3257 1134 3289 ι
1172 3237 1415 3309 Spiritus
1447 3250 1531 3297 est
1563 3245 1657 3314 qui
1692 3247 2031 3318 viviﬁcat‘";
2073 3271 2091 3304 ι

520 3328 617 3383 sed
651 3337 707 3383 et
738 3346 751 3381 :
791 3348 808 3380 ι
844 3329 1113 3385 Dominus
1144 3331 1383 3403 Spiritus
1416 3344 1503 3391 est
1523 3337 1591 3391 ⁵⁸.
1632 3358 1650 3391 ›
1691 3339 1759 3397 Ει
1792 3359 1804 3396 :
1850 3362 1868 3393 ι
1906 3343 2102 3401 Omnia

519 3434 587 3472 ex
641 3418 791 3485 Deo,
839 3428 897 3476 et
950 3438 1052 3493 per
1097 3423 1279 3493 ipsum
1331 3433 1388 3480 et
1440 3428 1497 3482 in
1556 3429 1676 3499 ipso
1733 3444 1919 3489 creata
1974 3446 2104 3493 sunt

518 3510 705 3564 omnia
725 3511 791 3566 ⁸⁸.
828 3531 846 3564 ι
886 3512 955 3567 Ει
987 3531 1000 3566 :
1039 3532 1058 3566 ι
1090 3513 1288 3570 Omnia
1316 3532 1416 3587 per
1442 3518 1623 3588 ipsum
1654 3520 1795 3578 facta
1828 3528 2042 3582 sunt“.
2076 3547 2094 3580 ι

519 3601 585 3656 Et
621 3618 634 3656 :
681 3621 700 3654 ι
740 3602 969 3658 Emittet
1002 3604 1270 3675 Spiritum
1312 3622 1475 3662 suum
1517 3619 1573 3664 ct
1603 3613 1947 3671 creabuntur
1971 3619 2035 3673 ε’.
2076 3638 2093 3670 ι

517 3691 583 3745 Et
618 3710 633 3748 :
676 3711 695 3745 ι
734 3693 919 3749 Verbo
953 3695 1173 3750 Domini
1210 3697 1336 3752 caeli
1373 3698 1575 3756 ﬁrmati
1609 3711 1777 3769 sunt,
1809 3714 1866 3760 et
1898 3708 2098 3777 spiritu

512 3782 630 3838 oris
654 3784 779 3855 ejus
807 3788 992 3842 omnis
1013 3788 1197 3843 virtus
1225 3791 1507 3847 eorum“.
1538 3812 1556 3845 ι
1587 3793 1770 3863 Atque
1802 3805 1860 3851 ut
1885 3800 2099 3871 singula

513 3872 846 3941 compendio
888 3875 1295 3947 perstringam,
1328 3878 1511 3948 ipsum
1552 3881 1755 3939 divinm
1798 3889 2101 3959 majestatis

512 3960 752 4017 Verbum
776 3964 855 4019 ait
884 3983 898 4019 :
938 3984 957 4019 ι
987 3966 1103 4038 Ego
1133 3978 1191 4024 et
1220 3970 1385 4026 Pater
1410 3989 1583 4029 unum
1615 3992 1808 4033 sumus
1829 3980 1893 4035 ⁸³.
1927 4000 1945 4033 ι
1983 3983 2051 4038 Et
2081 4002 2095 4039 :

520 4071 538 4101 ι
572 4050 770 4110 Omnia
805 4072 927 4112 mea
962 4065 1057 4113 tua
1096 4069 1248 4124 sunt,
1275 4072 1332 4117 et
1368 4071 1459 4119 tua
1516 4082 1637 4122 mea
1662 4070 1729 4123 5‘.
1764 4090 1781 4122 ι
1826 4072 2095 4144 Itemque,

511 4160 861 4220 quaecunque
899 4160 1030 4206 sunt
1069 4163 1127 4209 et
1167 4155 1348 4211 Patris
1389 4166 1448 4212 et
1486 4158 1662 4229 ipsius
1702 4163 1855 4230 Filii,
1902 4167 2095 4224 eadem

510 4252 741 4306 prorsus
788 4240 1024 4311 Spiritui
1068 4255 1264 4301 sancto
1314 4257 1370 4303 et
1418 4250 1474 4304 in
1523 4254 1814 4325 majestate
1866 4257 2097 4319 Deitatis

509 4330 902 4400 augustissimo
936 4334 1055 4405 ipse
1096 4338 1270 4394 Filius
1305 4342 1537 4397 ascribit
1566 4357 1793 4417 propter
1821 4349 2096 4410 indiscre-

510 4429 619 4475 tam
658 4423 993 4493 parilitatem
1037 4431 1353 4486 communis
1392 4441 1450 4489 et
1490 4435 1656 4493 unius
1697 4450 1930 4510 naturai,
1964 4457 2094 4516 puta

2216 1973 2309 2026 καὶ
2334 1974 2362 2025 6
2385 1973 2514 2037 Υίός
2546 1972 2639 2037 οὓς
2670 1974 2813 2027 θέλει
2860 1974 3135 2039 ζωοποιεῖ.
3170 1995 3188 2028 ι
3230 1977 3360 2041 Kal,
3410 1995 3429 2028 ι
3465 1977 3540 2029 Τὸ
3580 1977 3775 2045 πνεῦμὰ

2214 2064 2330 2117 ἐστι
2344 2065 2405 2117 τὸ
2417 2063 2733 2129 ζωοποιοῦν.
2749 2085 2767 2117 ο
2793 2067 2920 2132 Kal,
2935 2086 2953 2118 ι
2974 2066 3031 2120 '0
3050 2068 3253 2140 Κύριος
3266 2068 3327 2121 τὸ
3346 2067 3576 2137 Πνεῦμά
3596 2070 3774 2121 ἐστιν.)

2214 2157 2343 2221 Kal,
2390 2176 2408 2208 ι
2445 2157 2632 2211 Πάντα
2663 2159 2727 2237 ξκ
2776 2156 2872 2211 τοῦ
2914 2157 3072 2223 Θεοῦ,
3119 2161 3214 2213 καὶ
3251 2160 3319 2213 δι’
3359 2159 3551 2223 αὐτοῦ,
3602 2162 3688 2212 καὶ
3730 2163 3777 2212 ὲν

2212 2246 2360 2317 αὐτῷ
2382 2247 2631 2301 ἔκτισται
2654 2248 2721 2301 τὰ
2749 2249 2950 2303 πάντα.
2983 2269 3001 2302 ι
3033 2250 3142 2303 Kal
3160 2250 3241 2317 τὸ,
3270 2269 3288 2302 ι
3319 2250 3511 2304 Πάντα
3540 2249 3608 2302 δι’
3633 2250 3775 2303 αὐτοῦ

2210 2340 2445 2410 ἐγένετο.
2480 2360 2497 2391 ι
2535 2341 2667 2406 Kal,
2716 2361 2734 2393 ι
2761 2340 3179 2407 Ἐξαποστελεῖς
3206 2342 3267 2396 τὸ
3297 2343 3526 2413 Πνεῦμά
3560 2361 3670 2409 σου,
3698 2346 3776 2397 καὶ

2211 2431 2619 2503 κτισθήσονται.
2655 2450 2674 2482 ι
2725 2432 2856 2496 Kal,
2907 2451 2926 2485 ι
2971 2432 3061 2504 Τῷ
3116 2433 3263 2504 λόγῳ
3314 2433 3531 2504 Κυρίου
3582 2435 3775 2503 οὐρανοὶ

2208 2524 2641 2596 ἐστερεώθησαν,
2665 2524 2763 2578 xal
2791 2524 2869 2595 τῷ
2892 2524 3166 2595 πνεύματι
3194 2525 3287 2579 τοῦ
3329 2526 3601 2595 στόματος
3631 2525 3773 2579 αὐτοῦ

2208 2616 2357 2668 πᾶσα
2388 2616 2421 2686 ἡ
2458 2614 2687 2685 δύναμις
2737 2614 2939 2671 αὐτῶν.
3002 2635 3021 2668 ι
3073 2617 3183 2670 Kal
3230 2616 3539 2688 συλλήϐδην
3588 2618 3770 2677 εἰπεῖν,

2207 2706 2368 2769 αὐτὸς
2398 2708 2426 2760 6
2471 2706 2767 2778 θεαρχικὸς
2793 2708 2897 2779 ἔφη
2935 2708 3141 2777 Λόγος-
3180 2727 3198 2759 ι
3239 2706 3382 2776 Ἐγὼ
3422 2708 3522 2763 καὶ
3552 2709 3578 2761 6
3604 2709 3775 2780 Πατὴρ

2205 2798 2263 2851 ἓν
2297 2799 2481 2867 ἐσμεν,
2527 2799 2622 2852 καὶ
2655 2801 2834 2854 πάντα
2867 2798 2936 2852 τὰ
2961 2799 3072 2868 ὲμά
3124 2797 3195 2851 σά
3243 2800 3427 2864 ἐστιν,
3463 2800 3561 2853 καὶ
3596 2800 3661 2854 τὰ
3718 2801 3774 2852 c‘z

2204 2890 2332 2960 ὲμά.
2370 2909 2388 2941 ι
2423 2891 2534 2944 Kal
2570 2885 2746 2955 αὖθις,
2788 2892 2888 2945 ὅσα
2925 2890 3044 2944 ἐστὶ
3089 2888 3185 2944 τοῦ
3235 2891 3455 2963 Πατρδς
3504 2893 3601 2947 καὶ
3629 2891 3774 2946 αὐτοῦ

2202 2980 2296 3033 τοῦ
2328 2980 2480 3047 Υίοῦ,
2511 2982 2589 3051 τῷ
2631 2982 2910 3054 θεαρχικῷ
2952 2994 2975 3021 ε
3016 2981 3297 3052 Πνεύματι
3334 2984 3671 3047 κοινωνικῶς
3698 2984 3775 3036 καὶ

2202 3072 2497 3142 ἡνωμένως
2536 3073 2821 3147 ἀνατίθησι
2868 3076 2969 3145 τῆς
3017 3074 3306 3145 θεουργίας
3345 3075 3408 3128 τὺ
3468 3075 3649 3141 σέϐας,
3694 3077 3773 3128 καὶ

2201 3161 2300 3232 τὴν
2340 3162 2580 3232 πηγαίαν
2625 3163 2721 3219 xal
2776 3164 3128 3219 ἀνέκλειπτον
3157 3165 3355 3229 αἰτίαν,
3397 3166 3460 3219 ὲν
3498 3165 3578 3236 τῷ
3594 3166 3770 3234 λέγειν⁸

2212 3271 2230 3304 ι
2267 3252 2634 3323 Πορευθέντες
2665 3253 3047 3325 μαθητεύσατε
3088 3254 3267 3309 πάντα
3295 3256 3366 3309 τὰ
3406 3254 3563 3326 ἔθνη,
3598 3255 3771 3326 βαπτί-

2205 3345 2389 3410 ζοντες
2422 3346 2619 3410 αὐτοὺς
2648 3348 2727 3409 είς
2746 3348 2806 3401 τὸ
2826 3348 2999 3418 ὄνομα
3024 3347 3118 3401 τοῦ
3144 3348 3380 3419 Πατρὸς,
3408 3350 3510 3403 καὶ
3542 3350 3634 3402 τοῦ
3660 3350 3773 3402 Υἱοῦ

2205 3440 2297 3494 καὶ
2347 3440 2442 3494 τοῦ
2495 3442 2651 3509 ἁγίου
2706 3442 3048 3513 Πνεύματος.
3086 3461 3105 3494 ι
3163 3442 3264 3497 Διά
3309 3443 3533 3497 πάντων
3564 3443 3654 3496 οῦν
3680 3443 3769 3495 τῶι

2204 3532 2630 3604 προειρημένων
2663 3534 2936 3588 δείκνυται
2966 3536 3044 3600 ὡς
3074 3537 3223 3589 πᾶσα
3252 3535 3506 3604 θεολογία
3540 3535 3768 3607 ἡνωμένη

2202 3623 2263 3676 τέ
2294 3626 2410 3677 ἐστι
2457 3625 2553 3679 καὶ
2602 3626 3019 3698 διακεκριμένη.
3071 3628 3179 3681 Kal.
3239 3626 3363 3681 οὔτε
3412 3628 3485 3682 τὰ
3539 3626 3769 3697 ἡνωμένα

2202 3716 2429 3787 διαιρεῖν
2465 3718 2643 3789 θέμις,
2688 3719 2812 3773 οὔτε
2858 3720 2928 3774 τά
2976 3720 3371 3792 διακεκριμένα
3409 3724 3649 3793 συγχεῖν.
3676 3722 3769 3774 Kal

2201 3808 2269 3863 τὰ
2301 3810 2398 3880 μὲν
2427 3810 2683 3882 ἡνωμένα
2704 3812 2807 3882 τῆς
2844 3813 2973 3882 ὅλης
3015 3813 3282 3884 Θεότητός
3322 3815 3462 3877 ἐστι,
3508 3814 3568 3867 τὸ
3616 3814 3768 3883 ὑπερ-

2201 3901 2426 3969 ἀγαθον,
2446 3902 2508 3955 τὸ
2532 3902 2851 3974 Ὑπέρθεον,
2870 3904 2932 3957 τὸ
2960 3904 3337 3976 ’Υπερούσιον,
3361 3905 3423 3958 τδ
3456 3904 3763 3975 ’Υπέρζων,

2200 3992 2259 4046 τὸ
2300 3993 2659 4064 ’Υπέρσοφον,
2695 3994 2816 4067 μεθ’
2840 3990 2916 4051 ὧν
2944 3996 3039 4050 καὶ
3070 3996 3139 4052 ea
3162 3996 3503 4065 αἰτιολογικά
3535 3997 3554 4035 τ
3588 3996 3763 4059 πάντα,

2198 4085 2261 4138 τὺ
2312 4086 2566 4155 Ἀγαθὸν,
2618 4088 2681 4141 τὸ
2728 4088 2937 4155 Καλὸν,
2972 4089 3035 4143 τὸ
3081 4091 3199 4154 “Ov,
3239 4090 3301 4143 τὸ
3341 4090 3671 4159 Ζωογονοῦν,
3714 4088 3765 4141 τὸ

2199 4176 2390 4246 Σοφὸν,
2422 4178 2512 4231 καὶ
2540 4178 2639 4236 ὅσα
2669 4179 2733 4232 ὲκ
2759 4178 2868 4232 τῶν
2913 4179 3319 4249 ἀγαθοπρεπῶν
3360 4179 3541 4250 αὐτῆς
3568 4178 3763 4244 δωρεῶν

2197 4269 2230 4337 ὴ
2264 4268 2490 4322 πάντων
2524 4270 2747 4338 ἀγαθῶν
2785 4270 2936 4325 αἰτία
2974 4271 3407 4341 κατονομάζεται
3464 4272 3537 4325 τὰ
3580 4269 3635 4324 δὲ
3660 4269 3759 4321 δια-

2198 4360 2522 4432 κεκριμένα,
2554 4360 2648 4414 τοῦ
2676 4361 2890 4434 Πατρὺς
2915 4362 3241 4432 ὑπερούσιον
3263 4362 3437 4435 ὄνομα
3462 4365 3559 4418 καὶ
3590 4362 3757 4433 χρῆμα

2198 4454 2292 4506 καὶ
2320 4452 2454 4507 Υίοῦ
2487 4455 2578 4507 καὶ
2616 4453 2955 4525 Πνεῦμα-τος,
2991 4456 3248 4527 οὐδεμιᾶς
3294 4458 3351 4509 ὲν
3382 4455 3597 4520 τούτοις
3629 4457 3756 4508 ἀντι-

508 4520 739 4582 propter
775 4518 1143 4573 reverendam
1181 4521 1452 4578 culturam
1489 4526 1691 4584 divinae
1729 4535 2093 4604 operationis,

2208 4545 2461 4617 στροφῆς,
2522 4546 2555 4617 ἢ
2611 4518 3130 4618 ὅλως-κοινότητος.
3160 4518 3619 4620 ἐπεισαγομένης.
3661 4551 3756 4601 Λα-

509 4601 792 4659 lontanam
823 4621 888 4661 ac
918 4621 1204 4679 perpetem
1235 4615 1522 4673 creatricis
1552 4624 1813 4689 potentiae
1844 4601 2089 4697 causam,

507 4693 639 4749 dum
667 4694 805 4751 dicit
838 4714 851 4752 :
896 4718 914 4751 ‹
947 4700 1186 4757 Profecti
1214 4705 1410 4763 docete
1441 4724 1635 4768 omnes
1664 4726 1877 4785 gentes,
1905 4693 2091 4792 bapti;

508 4793 695 4841 zantes
736 4802 834 4843 eos
877 4788 932 4843 in
982 4793 1209 4849 nomine
1254 4796 1433 4853 Patris
1476 4808 1533 4855 et
1580 4803 1703 4859 Filii
1746 4815 1803 4861 et
1847 4788 2091 4883 Spiritus

507 4875 681 4929 sancti
704 4876 770 4931 ⁸⁸.
806 4896 825 4929 ι
874 4879 1090 4951 1029
1125 4882 1318 4954 Itaque
1357 4902 1459 4957 per
1493 4888 1610 4945 haec
1647 4875 1908 4963 superius
1938 4899 2086 4957 dicta

506 4963 821 5022 declaratur
861 4971 1011 5039 quod
1055 4973 1336 5048 theologia
1394 4982 1578 5037 omnis
1617 4995 1674 5040 et
1717 4988 1875 5044 unita
1912 5002 1998 5047 est
2032 5004 2088 5050 ct

506 5055 776 5125 discreta;
824 5076 1008 5132 neque
1053 5073 1239 5123 tamen
1283 5086 1408 5140 quae
1449 5072 1688 5132 discreta
1730 5090 1888 5147 sunt,
1922 5086 2084 5154 quid-

506 5166 674 5222 quam
718 5152 1023 5212 admittunt
1067 5162 1434 5221 confusionis.
1477 5168 1543 5223 Et
1589 5172 1813 5241 quidem
1858 5152 2088 5250 eaquae

422 5298 430 5305 ,
508 5243 662 5300 unita
691 5254 842 5313 sunt,
868 5248 985 5307 sive
1019 5269 1142 5324 qua:
1180 5256 1249 5311 ad
1291 5259 1503 5315 unitam
1547 5265 1830 5332 pertinent
1867 5243 2082 5328 theolo-

2199 4637 2385 4701 δόντες
2411 4638 2503 4692 οῦν
2535 4638 2671 4693 Θεοῦ
2702 4640 2903 4709 γνῶσιν
2937 4641 3024 4695 διὰ
3055 4642 3152 4711 τῆς
3182 4641 3441 4707 πίστεως,
3479 4642 3556 4712 μὴ
3588 4640 3756 4709 ἀγνοή-

2198 4745 2381 4798 σωμεν
2409 4730 2506 4801 τὴν
2534 4730 2783 4786 δοθεῖσαν
2808 4733 2944 4802 ἡμῖν
2992 4732 3173 4804 χάριν,
3221 4734 3362 4805 ὑπὲρ
3401 4729 3470 4806 ἦς
3512 4731 3755 4787 πέπονθεν

2195 4821 2413 4892 ἀληθῶς
2464 4824 2492 4876 6
2529 4823 2754 4895 Κύριος.
2787 4824 2884 4878 Διά
2914 4824 3071 4878 τοῦτο
3105 4827 3212 4897 γὰρ
3254 4826 3351 4880 xal
3390 4826 3562 4898 μύρον
3590 4824 3754 4878 ἔλαϐεν

2196 4911 2291 4965 ἐπὶ
2324 4913 2422 4983 τῆς
2464 4914 2711 4984 κεφαλῆς
2756 4917 2783 4969 6
2815 4914 3041 4987 Κύριος,
3080 4917 3168 4970 ἵνα
3213 4918 3350 4989 πνέῃ
3379 4919 3446 4988 τῇ
3477 4912 3752 4984 Ἐκκλησῖᾳ

2194 5005 2526 5076 ἀφθαρσίαν.
2556 5006 2759 5077 Μηδεὶς
2782 5006 2875 5061 οῦν
2901 5007 3206 5078 ἀλειφέσθω
3230 5008 3496 5063 δυσωδίαν
3521 5005 3751 5066 ἀπιστίας

2193 5096 2287 5149 τοῦ
2333 5098 2596 5168 ἄρχοντος
2643 5098 2737 5152 τοῦ
2783 5101 2997 5165 αἰῶνος,
3054 5101 3129 5171 μὴ
3178 5099 3625 5171 παρατραπῶμεν
3668 5096 3749 5163 τῆς

2194 5188 2410 5253 εὐθείας
2436 5188 2578 5253 ὁδοῦ,
2604 5190 2691 5245 ἵνα
2716 5190 3035 5262 δυνηθῶμεν
3057 5190 3415 5245 ἐπιλαϐέσθαι
3440 5191 3538 5261 τῆς
3560 5186 3747 5247 ἐλπίδος

2191 5278 2299 5332 τῶν
2322 5282 2556 5336 αἰωνίων
2577 5282 2819 5351 ἀγαθῶν,
2844 5283 2937 5337 καὶ
2959 5284 3059 5354 τῆς
3082 5284 3253 5338 ἀϊδίου
3279 5283 3443 5353 ζωῆς,
3474 5285 3529 5335 ὲν
3550 5277 3749 5352 Χριστῷ

576 5402 1101 5508 :aBucﬁv-méw.“
1210 5413 1399 5471 Matth.
1422 5434 1520 5508 (xx,
1548 5419 1635 5508 ἱξλ
1665 5493 1681 5508 ¹
1712 5422 1758 5455 ’⁸³
1782 5424 1921 5481 Psal.
1950 5444 2101 5508 exui,

2210 5478 2221 5489 .
2299 5437 2342 5468 ⁸⁸
2368 5437 2544 5503 Exod,
2572 5442 2766 5508 111,”.
2844 5442 2931 5497 ⁸⁸1
2959 5443 3119 5497 Joan.
3147 5459 3184 5507 ι,
3212 5446 3262 5498 l.
3338 5442 3381 5475 ⁸⁷
3407 5444 3427 5497 l
3450 5443 3600 5498 Joan.
3623 5459 3667 5503 v,
3691 5440 3735 5491 6.

506 5471 551 5504 ’⁵⁸
573 5474 716 5530 Psal.
739 5493 900 5544 vair,
927 5480 981 5535 5.
1058 5483 1101 5517 δ’
1123 5483 1283 5538 Joan.
1311 5504 1396 5543 xv.
1422 5471 1520 5542 26.,
1555 5471 1635 5522 λδ
1656 5471 2101 5559 hamum-viti?”

506 5544 572 5578 ll,
669 5546 852 5578 suum
904 5553 967 5578 ιε
1069 5554 1113 5578 a
1146 5555 1268 5578 ιλ,-
1323 5576 1353 5578 --
1400 5560 1459 5578 αι
1569 5563 1612 5578 ιιι
1645 5563 1666 5578 ν
1930 5571 1984 5578 η-
2095 5576 2101 5578 .

2210 5478 2221 5489 .
2368 5471 2544 5503 ιλλυυ,
2574 5471 2656 5508 Ill,
2681 5471 2766 5495 ιφ.
2856 5471 2888 5475 ⁷⁷
2910 5471 2930 5497 ι
2959 5471 3119 5497 θυὶιιι.
3149 5471 3262 5507 1,1.
3345 5471 3373 5475 ”
3408 5471 3425 5497 l

2208 5522 2331 5561 oan.
2357 5525 2486 5571 xvii,
2516 5512 2603 5567 l7.
2681 5513 2728 5544 "
2753 5512 2888 5568 ibid.
2967 5516 3011 5545 ⁸³
3034 5516 3192 5570 Joan.
3220 5531 3328 5578 τινι,
3357 5515 3440 5569 13.

1568 5563 1795 5649 “gnati.
1824 5584 1896 5623 γι.
1924 5571 2010 5625 lii.
2090 5576 2101 5605 ‘

2208 5594 2304 5631 ian.
2338 5596 2410 5643 ιγ,
2437 5563 2537 5635 εις
2563 5563 2646 5616 ’⁷η
2669 5563 2888 5640 (ῖοίὀέξξ
2910 5602 2948 5647 ι,
2978 5563 3334 5642 16”.’ῖδ’ζῐόέιιὶῖ
3362 5563 3478 5649 ἓξὲξ.
3549 5585 3587 5615 θ’
3612 5563 3737 5637 Psal.

1800 5638 1842 5668 ⁸⁵
1863 5640 2021 5697 Joan.
2052 5661 2198 5713 xvin,
2227 5649 2311 5703 10.
2391 5638 2435 5683 ⁶⁵
2460 5653 2649 5710 Matth.
2677 5638 2861 5721 xxvui,
2887 5638 2971 5711 ill.

506 5544 590 5600 M.
669 5546 715 5579 ⁸⁵
739 5548 874 5603 ibid.
904 5553 988 5605 15.
1069 5554 1113 5584 ⁵⁸
1136 5555 1295 5609 Joan.
1322 5576 1373 5618 v.
1400 5560 1490 5614 2|.

505 5629 594 5683 cn,
618 5618 698 5673 3.‘
747 5618 792 5651 “
817 5620 957 5677 Psal.
986 5640 1151 5688 xxxii,
1175 5626 1226 5682 6.
1308 5627 1529 5685 “Joan.
1556 5650 1607 5696 χ,
1631 5633 1717 5688 50.

3534 5515 3578 5546 ⁸³
3622 5511 3737 5564 ibid.

1812 5752 2041 5809 ΥΛΙίΙιΕ
2087 5758 2487 5819 LECTIONES.

595 5828 696 5879 ’τὸ
720 5828 1032 5901 θεαρχικδν,
1116 5832 1312 5891 [αἴτια
1363 5838 1419 5891 οῦ
1472 5839 1680 5908 λογικά.
