4052 6580
321 422 457 488 1437
1527 428 1860 491 IIOMILIA

2025 460 2095 469 -
2136 435 2233 495 DE
2274 433 2432 493 SPE.
3461 436 3596 500 1438

328 537 505 607 Ἰησοῦ
551 541 627 610 τῷ
662 542 853 614 Κυρίῳ
886 540 1063 613 ἡμῶν,
1099 533 1145 609 ᾧ
1177 542 1209 610 ὴ
1245 539 1371 607 δόξα
1417 541 1495 603 εἰς
1533 542 1663 606 τοὺς
1692 544 1899 607 αἰῶνας

2004 544 2190 616 giam,
2240 547 2341 601 has
2397 545 2603 601 habent
2653 547 3107 603 nomenclaturas
3158 548 3330 603 totius
3383 548 3596 604 indices

310 629 422 681 τῶν
452 631 687 688 αἰώνων.
724 635 919 706 Ἀμήν.

2006 637 2240 691 Deitatis
2263 637 2309 669 θ’
2352 654 2365 691 :
2421 646 2553 707 puta
2600 638 3024 708 Superbonum,
3070 640 3403 705 Pulchrum,
3448 641 3592 701 Ens,

312 724 630 791 Vivitieans,
664 728 1068 798 Augustissima
1103 727 1393 796 divinitas,
1425 746 1697 802 perquam
1734 731 1896 801 plene
1936 740 2160 787 exstans
2195 732 2528 797 substantia,
2592 733 2723 800 Qua:
2791 734 2988 790 vivunt
3020 744 3222 790 cuncta
3259 734 3593 805 producens,

293 816 578 887 Sapiens;
608 828 664 874 et
685 836 1034 891 quaecunque
1060 820 1116 876 id
1175 838 1352 893 genus
1383 825 1841 889 nomenelaturaa,
1900 839 1966 878 ex
2006 840 2171 894 quam
2197 824 2406 895 optima
2430 824 2608 894 ipsius
2634 834 2691 881 et
2713 825 3232 882 munificentissima
3260 823 3595 879 liberalitate

313 910 579 979 profecta:
612 922 935 981 occurrunt,
963 914 1169 985 quibus
1206 917 1484 973 bonorum
1519 918 1770 973 omnium
1844 916 2039 972 auctor
2072 934 2195 974 esse
2229 918 2644 974 denominatur.
2711 919 2795 975 Ad
2834 920 3132 976 discretam
3196 935 3329 975 vero
3378 917 3594 972 theolo-

309 1006 459 1075 giam
490 1008 774 1077 pertinent
837 1008 1322 1067 denominationes
1354 1030 1368 1065 :
1403 1027 1505 1068 ceu
1554 1020 1707 1079 sunt,
1772 1013 2388 1083 supersubstantialitas
2456 1022 2624 1084 atque
2691 1014 2979 1085 opulentia
3012 1015 3197 1071 Patris
3236 1032 3248 1069 :
3290 1012 3498 1070 caedem
3538 1022 3596 1067 et

310 1098 453 1153 Filio
500 1110 558 1155 et
602 1099 835 1171 Spiritui
885 1112 1078 1159 saneto
1125 1119 1383 1175 peraeque
1431 1098 1792 1169 communes,
1837 1114 1898 1160 ut
1933 1106 2070 1161 nihil
2108 1106 2163 1160 in
2197 1105 2283 1162 his
2313 1106 2514 1162 debeat
2540 1106 2774 1178 intelligi
2836 1108 3044 1163 diversi
3113 1102 3623 1181 autdissimilitug

304 1190 478 1256 dinis,
544 1203 913 1264 praaterquam
955 1196 1073 1251 sola
1119 1198 1316 1267 parilis
1389 1209 1603 1255 natura:
1643 1201 1960 1255 communio
2001 1202 2146 1256 inter
2172 1217 2303 1257 sese
2326 1204 2668 1259 coalescens.
2697 1202 2802 1257 Per
2834 1202 3000 1257 fidem
3036 1202 3224 1271 itaque
3254 1215 3380 1254 eum
3413 1213 3597 1265 cmpe—

306 1280 485 1337 rimus
531 1298 865 1353 cognoscere
911 1286 1119 1353 Deum,
1162 1302 1264 1352 ne,
1310 1304 1528 1358 quaeso,
1575 1288 1896 1360 ignoremus
1934 1300 2207 1361 quantum
2247 1293 2412 1349 nobis
2485 1294 2765 1348 indultum
2805 1294 3001 1363 gratia:
3043 1294 3143 1358 sit,
3220 1294 3381 1363 cujus
3425 1302 3593 1345 causa

305 1376 580 1432 Dominus
618 1378 738 1448 ipse
778 1379 1069 1436 verissime
1108 1397 1305 1452 passus
1345 1370 1450 1439 eSt.
1517 1381 1599 1438 Ob
1640 1384 1744 1438 hoc
1815 1384 1967 1438 enim
2005 1386 2138 1442 sivit
2187 1386 2306 1458 ipse
2355 1388 2625 1444 Dominus
2676 1396 2846 1460 caput
2895 1404 3056 1443 suum
3110 1389 3338 1461 myrrha
3383 1384 3591 1455 optima

305 1470 568 1543 perfundi
594 1471 661 1537 ",
696 1480 758 1526 ut
790 1472 1133 1528 suavissima;
1168 1474 1608 1530 immortalitatis
1642 1475 2001 1546 fragrantiam
2040 1493 2155 1533 sua:
2185 1479 2461 1549 aspiraret
2529 1480 2812 1535 Ecclesiae.
2883 1480 3058 1535 Nemo
3095 1480 3263 1550 igitur
3330 1494 3387 1534 se
3451 1478 3591 1536 illini

304 1562 597 1632 permittat
619 1561 958 1628 graveolenti
986 1570 1184 1631 putore
1214 1562 1581 1629 infidelitatis,
1608 1580 1708 1635 per
1733 1564 2044 1635 principem
2107 1569 2294 1624 smculi
2327 1570 2489 1626 istius
2542 1554 2933 1643 suggerendae;
2998 1570 3298 1642 nequando
3361 1587 3593 1627 exerre-

306 1671 435 1711 mus
467 1671 498 1710 a
531 1654 668 1710 calle
701 1656 1084 1723 rectitudinis,
1112 1675 1224 1729 quo
1251 1660 1339 1716 vel
1378 1658 1597 1714 tandem
1632 1675 1729 1730 spe
1762 1658 1972 1730 perfrui
2009 1663 2295 1735 contingat
2322 1665 2451 1721 vitae
2510 1674 2731 1724 aeternae
2796 1669 2854 1723 in
2881 1669 3105 1725 Christo
3162 1668 3293 1724 Jesu
3359 1668 3594 1722 Domino

305 1755 532 1815 nostro,
560 1748 651 1804 cui
680 1749 854 1820 gloria
887 1749 944 1803 in
971 1752 1173 1806 saecula
1202 1753 1555 1807 saeculorum.
1582 1753 1779 1810 Amen.

933 1887 1155 1941 ΛΟΓΟΣ
1189 1889 1265 1942 Β’.

881 2002 1022 2070 Περὶ
1056 2002 1329 2070 ἐλπίδος.

392 2114 527 2169 Ἀπὸ
554 2113 656 2185 τῆς
682 2114 923 2179 πίστεως
946 2115 1231 2187 προΐωμεν
1280 2116 1377 2170 ἐπὶ
1406 2117 1509 2190 τὴν
1539 2117 1899 2190 δευτερεύου-

308 2224 412 2262 σαν
475 2207 710 2273 ἐλπίδα,
762 2208 888 2279 ἥτις
934 2209 995 2275 ἐξ
1060 2209 1236 2279 αὐτῆς
1280 2210 1621 2283 ἀρδευομένη
1683 2229 1898 2283 καρπο-

309 2300 491 2371 φορεῖ,
514 2299 576 2353 ἒν
604 2300 928 2371 τριάκοντα,
952 2300 1051 2354 καὶ
1074 2299 1133 2354 ἓν
1160 2299 1449 2371 ἐξήκοντα,
1475 2303 1570 2356 καὶ
1592 2302 1651 2357 ἓν
1673 2303 1895 2359 ἑκατόν.

322 2392 573 2456 Ἐλπίδος
601 2392 712 2465 γὰρ
741 2392 1095 2464 ἠδρασμένης
1132 2393 1288 2446 οὐδὲν
1315 2392 1612 2466 ἀνώτερον,
1668 2396 1807 2467 Περὶ
1838 2394 1898 2449 δὲ

308 2484 414 2554 τῆς
444 2484 690 2554 ἀγάπης,
734 2484 861 2555 ἥτις
892 2484 1053 2557 τρίτη
1089 2485 1191 2554 μὲν
1223 2485 1581 2556 ὀνομάζεται,
1615 2487 1809 2558 πρώτη
1840 2486 1899 2540 δὲ

310 2578 578 2648 τυγχάνει
612 2577 805 2631 πασῶν
832 2578 945 2631 τῶν
969 2578 1209 2650 ἀρετῶν,
1240 2580 1298 2633 ὲν
1324 2580 1443 2642 τοῖς
1472 2580 1705 2635 κατόπιν
1734 2577 1901 2652 δηλώ-

314 2686 508 2740 σομεν.
546 2669 772 2739 Πρῶτος
804 2668 974 2732 Ἐνώς
1004 2671 1032 2724 6
1059 2670 1154 2725 τοῦ
1186 2670 1295 2743 Σὴο
1324 2671 1538 2734 δίκαιος
1567 2672 1632 2726 ὲκ
1660 2672 1896 2738 δικαίου,

309 2753 476 2825 οὗτος
526 2762 761 2833 ἤλπισεν
814 2748 1205 2818 ἐπικαλεῖσθαι
1254 2764 1315 2817 τὸ
1353 2763 1528 2834 ὄνομα
1562 2764 1770 2835 Κυρίου
1801 2764 1897 2817 τοῦ

308 2854 472 2910 Θεοῦ.
519 2855 681 2908 Ὅσοι
724 2854 834 2926 γὰρ
887 2855 980 2909 διὰ
1026 2856 1127 2925 τῆς
1175 2857 1256 2920 είς
1300 2855 1438 2910 Θεὸν
1484 2856 1705 2920 ἐλπίδος
1747 2873 1899 2927 χειρ-

310 2945 691 3016 αγωγοῦνται,
744 2945 886 3014 πρὸς
914 2946 1079 3001 αὐτὸν
1110 2948 1411 3015 ἀνάγονται
1442 2948 1538 3003 καὶ
1571 2948 1898 3018 φωτίζονται

310 3039 378 3092 ὲκ
410 3038 513 3108 τῆς
543 3039 738 3109 αῐγλης
766 3038 864 3092 τοῦ
883 3041 898 3058 '
949 3039 1123 3093 ἀϊδίου
1155 3040 1357 3111 φωτός.
1393 3040 1560 3095 Δα6¹ιδ
1585 3042 1612 3095 6
1641 3042 1899 3110 βασιλεὺς

310 3131 588 3202 γηράσας,
614 3132 711 3184 κα)⁴
745 3129 819 3201 μὴ
844 3129 1277 3201 θερμαινόμενος
1306 3133 1363 3184 ὲν
1387 3133 1502 3195 τοῖς
1527 3132 1898 3204 δικαιώμασιν

311 3222 519 3288 αὐτοῦ,
572 3222 745 3294 ᾔτησε
780 3222 913 3293 μίαν
943 3221 1236 3293 παρθένον,
1274 3223 1365 3276 ῐνα
1401 3222 1677 3295 θερμαίνῃ
1709 3225 1897 3290 αὐτὸν,

311 3316 662 3383 Σουμανῐτιν.
722 3315 1054 3385 Σουμανῖτις
1094 3314 1151 3367 δὲ
1201 3314 1571 3386 ἑρμηνεύεται
1624 3317 1894 3386 οὐρανία.

324 3409 469 3462 ’Δλλ’
513 3408 614 3463 οὐκ
646 3408 789 3477 ἔγνω
822 3408 993 3479 αὐτὴν
1038 3409 1068 3461 6
1099 3406 1361 3479 βασιλεύς
1382 3424 1396 3440 ο
1455 3409 1764 3477 τουτέστιν,
1797 3412 1900 3466 οὐκ

311 3500 537 3573 ἔφθειρε
566 3501 667 3573 τὴν
696 3501 891 3555 ἐλπίδα
916 3500 1085 3553 αὑτοῦ
1117 3501 1219 3572 τὴν
1246 3501 1523 3572 οὐράνιον.
1560 3502 1705 3573 Ὅρα
1730 3502 1783 3555 τί
1808 3502 1899 3557 λέ-

310 3611 403 3661 γει
439 3595 475 3664 ἡ
506 3593 698 3665 Γραφή
720 3609 737 3625 ο
796 3611 815 3645 ι
854 3593 920 3647 Εἰ
952 3586 1057 3647 ὦσι
1088 3592 1218 3659 δύο,
1268 3593 1366 3647 καί
1400 3610 1465 3662 γε
1499 3592 1680 3664 θέρμη
1711 3595 1900 3661 αὐτοῖς

309 3688 485 3740 ἐστιν.
514 3704 534 3737 ι
598 3684 665 3737 Ἠ
697 3684 884 3749 πίστις
908 3724 923 3747 ,
973 3683 1070 3737 ἐὰν
1103 3683 1203 3757 ἔχῃ
1250 3684 1464 3750 ἐλπίδα,
1503 3683 1620 3756 ἔχει
1650 3685 1714 3739 τὸ
1765 3685 1900 3741 ἴδιον

310 3775 499 3847 ἔργον,
538 3774 635 3828 καὶ
664 3773 846 3845 Θέρμη
878 3773 998 3827 ἐστὶ
1027 3772 1109 3844 τῷ
1134 3774 1485 3845 κεκτημένῳ,
1516 3774 1702 3840 καθώς
1732 3793 1900 3848 φησιν

311 3868 342 3921 6
392 3865 667 3938 μακάριος
708 3867 953 3936 Πέτρος·
994 3884 1014 3919 ι
1043 3866 1493 3939 Ἀναζωσάμενοι
1543 3868 1643 3933 τὰς
1685 3869 1901 3940 ὀσφύας

315 3957 416 4029 τῆς
445 3957 689 4021 διανοίας
724 3957 902 4029 ὑμῶν,
936 3959 1225 4028 νήφοντες,
1258 3959 1485 4023 τελείως
1513 3960 1775 4016 ἐλπίσατε
1807 3961 1901 4015 ἐπὶ

313 4049 414 4120 τὴν
458 4050 772 4122 φερομένην
813 4051 943 4121 ὑμῖν
993 4051 1189 4122 χάριν,
1243 4052 1303 4106 ὲν
1339 4054 1690 4124 ἀποκαλύψει
1720 4052 1900 4126 Ἰησοῦ

312 4140 591 4214 Χριστοῦ,
640 4142 717 4206 ὡς
757 4140 927 4196 τέκνα
962 4143 1237 4213 ὑπακοῆς.
1270 4163 1289 4197 ›
1342 4145 1453 4198 Kal
1484 4146 1512 4199 6
1541 4145 1634 4199 τοῦ
1660 4146 1897 4217 Σειράχ⁸

315 4255 335 4289 ι
379 4236 477 4302 Τίς
497 4236 739 4314 ⁵ἤλπισεν
770 4237 865 4291 ἐπὶ
890 4236 1121 4310 Κύριον,
1155 4240 1250 4293 καὶ
1279 4240 1715 4312 ὲγκατελείφθη;
1751 4241 1785 4312 ἢ
1818 4241 1901 4305 τίς

307 4330 561 4402 ἐνέμεινε
604 4329 687 4398 τῷ
726 4328 881 4402 φόϐῳ
914 4330 1118 4397 αὐτοῦ,
1172 4332 1271 4386 καὶ
1317 4332 1609 4403 ὑπερεῖδεν
1639 4332 1844 4399 αύτόν;
1877 4353 1896 4387 ι

318 4421 382 4475 '0
406 4420 465 4475 δὲ
494 4421 828 4492 Ψαλμῳδός·
870 4439 892 4475 ι
916 4423 1209 4494 Μακάριος
1233 4424 1376 4495 ἀνὴρ
1406 4418 1468 4479 οὗ
1497 4428 1617 4478 ἐστι
1643 4425 1704 4478 τὸ
1726 4424 1902 4496 ὄνομα

2591 1891 2879 1949 IlOMlLlA
2929 1894 2998 1949 ll.

2682 2006 2761 2060 De
2808 2023 2917 2077 spe.

2068 2115 2113 2171 A
2149 2115 2256 2172 fide
2313 2116 2575 2187 digressi,
2631 2116 2699 2172 ad
2735 2132 2857 2172 eam
2894 2118 3324 2189 progrediamur
3352 2137 3476 2191 qum
3508 2137 3596 2177 se-

2000 2208 2233 2263 cundas‘
2260 2209 2501 2273 obtinet,
2555 2224 2710 2278 spem
2763 2224 2939 2279 :quze
2975 2225 3131 2279 sane,
3190 2210 3318 2266 fidei
3373 2213 3591 2268 roscida

2000 2301 2292 2371 aspergine
2332 2301 2559 2370 perfusa
2609 2300 2853 2356 fructum
2882 2301 3098 2369 aﬁ‘eret,
3144 2320 3316 2358 unum
3366 2304 3593 2375 quidem

2004 2393 2372 2457 tricesimum,
2428 2393 2668 2449 alterum
2714 2393 3144 2465 sexagesimum,
3191 2396 3361 2450 alium
3398 2412 3596 2452 rursus

1994 2486 2364 2559 pentesimum
2395 2486 2461 2540 ⁸⁸.
2487 2485 2595 2555 Spe
2622 2486 2772 2541 enim
2797 2487 3173 2553 constabilita,
3208 2489 3299 2542 vix
3337 2488 3449 2543 ulla
3483 2489 3588 2543 alia

1999 2576 2181 2631 virtus
2219 2592 2475 2647 peraeque
2501 2576 2784 2632 sublimis.
2821 2578 2900 2633 De.
2924 2579 3196 2633 charitate
3222 2586 3433 2646 autem,
3468 2596 3592 2649 quae

2000 2668 2221 2724 tertiam
2244 2668 2478 2723 sortitur
2510 2667 2565 2721 in
2598 2668 2773 2723 classe
2796 2668 3066 2723 virtutum
3090 2670 3590 2736 nomenclaturam,

1999 2760 2321 2833 primiceria
2372 2760 2582 2830 alioqui
2627 2776 2755 2816 cum
2804 2760 2899 2825 sit,
2949 2768 3294 2830 exterasque
3328 2762 3592 2817 omnibus

2000 2860 2356 2908 antevertens
2404 2851 2698 2922 dignitate,
2728 2851 3043 2921 posteriore
3089 2852 3214 2907 loco
3256 2852 3591 2922 explicatius

2000 2945 2362 3000 disseremus.
2420 2944 2641 2999 Primus
2680 2946 2829 2999 Enos
2860 2944 3009 2999 filius
3038 2944 3172 2999 Seth
3210 2946 3277 3009 ⁸⁸,
3306 2946 3493 3016 justus
3522 2962 3591 2999 ex

1995 3039 2147 3109 justo
2194 3037 2442 3108 speravit
2495 3038 2761 3092 invocare
2799 3052 3007 3091 nomen
3056 3037 3278 3091 Domini
3307 3037 3426 3092 Dei.
3453 3036 3587 3103 Qui-

2002 3145 2224 3200 cunque
2270 3130 2530 3200 praesidio
2577 3130 2719 3201 spei,
2760 3130 2817 3183 in
2856 3130 3031 3184 Deum
3061 3129 3396 3193 constantis,
3446 3129 3587 3191 nixi,

2000 3224 2154 3278 velut
2181 3240 2346 3278 manu
2372 3224 2680 3288 ducuntur,
2707 3222 2847 3277 mire
2878 3223 2982 3277 hos
3008 3224 3160 3277 Deus
3192 3222 3262 3277 ad
3293 3221 3588 3277 sublimem

2000 3325 2057 3371 et
2107 3316 2418 3372 theoricam
2448 3331 2751 3387 anagogem
2776 3314 3062 3379 subvehit,
3093 3331 3159 3369 ac
3183 3317 3424 3385 propria:
3450 3315 3591 3369 lueis

2000 3408 2297 3480 splendore
2356 3425 2593 3465 corusco
2642 3408 2898 3462 irradiat.
2960 3407 3135 3462 David
3200 3407 3440 3462 eximius
3493 3423 3589 3461 rex

1999 3503 2156 3558 senio
2183 3503 2455 3564 defessus,
2484 3518 2613 3557 eum
2646 3503 2878 3558 suismet
2906 3499 3406 3572 justiﬁeationibus
3435 3502 3590 3556 nullo

1999 3604 2162 3666 pacto
2222 3595 2615 3660 recalesceret,
2666 3595 2866 3649 ascivit
2936 3593 3044 3649 sibi
3099 3593 3145 3625 ⁷⁰
3207 3592 3589 3663 virgunculam

1999 3703 2188 3752 unam,
2227 3703 2423 3757 nempe
2466 3686 2836 3752 Sunamitem,
2887 3703 3010 3757 qua:
3038 3686 3220 3755 ipsum
3252 3685 3592 3740 excalcfaee-

1999 3788 2087 3835 ret
2132 3780 2460 3851 (Sunamitis
2504 3780 2742 3851 proinde
2793 3796 2892 3836 sua
2927 3779 3389 3850 interpretatione
3427 3789 3590 3834 sonat

2000 3872 2311 3941 cwlestem),
2350 3880 2615 3927 caeterum
2656 3887 2770 3926 non
2828 3871 3059 3942 agnovit
3106 3887 3231 3925 eam
3285 3886 3419 3936 rex;
3479 3871 3587 3924 hoc

1999 3975 2107 4031 est,
2172 3966 2312 4020 nihil
2346 3965 2467 4019 vitii
2504 3974 2602 4019 aut
2644 3965 2979 4034 corruptela:
3041 3963 3236 4018 intulit
3294 3962 3417 4034 spei
3476 3978 3590 4017 sum

2000 4058 2235 4115 emlesti.
2263 4057 2395 4112 Mihi
2418 4057 2570 4121 vide,
2596 4072 2731 4111 num
2768 4055 2823 4110 id
2858 4056 3147 4126 Scriptura
3182 4056 3274 4110 illa
3307 4055 3584 4110 insinuet:

2007 4170 2027 4203 ι
2064 4151 2121 4206 Si
2181 4150 2394 4204 fuerint
2445 4148 2580 4215 duo,
2632 4148 2828 4219 utique
2885 4148 3040 4202 calor
3096 4148 3208 4202 illis
3258 4147 3587 4215 neutiquam

2001 4243 2299 4300 defuturus
2319 4242 2504 4307 est“;
2544 4260 2563 4293 ι
2598 4241 2811 4311 1030
2835 4240 3101 4294 nimirum
3134 4241 3181 4296 si
3210 4240 3374 4294 fidem
3400 4239 3586 4293 vivida

2000 4344 2378 4403 constansque
2432 4331 2794 4387 comitabitur
2838 4346 2988 4401 spes.
3045 4330 3155 4385 Sed
3200 4338 3257 4385 et
3305 4329 3587 4399 peculiare

2002 4428 2121 4499 spei
2179 4442 2320 4497 opus
2365 4435 2450 4480 est
2494 4424 2624 4490 hoc,
2674 4438 2734 4478 se
2782 4422 3186 4493 possidentem,
3224 4422 3409 4477 reddit
3448 4438 3589 4491 pra:-

310 4512 523 4584 Κυρίου
558 4514 718 4578 ἐλπὶς
744 4512 936 4569 αὐτοῦ.
963 4533 982 4565 ι
1025 4516 1156 4581 Kal,
1191 4535 1209 4568 ι
1244 4515 1729 4588 Εὑφρανθήτωσαν
1755 4518 1894 4571 πάνο

2002 4520 2299 4580 fervidum,
2336 4519 2496 4589 juxta
2530 4515 2678 4572 beati
2710 4516 2861 4571 Petri
2901 4515 3264 4578 sententiam,
3312 4514 3583 4569 dicentis:

308 4619 403 4668 τες
435 4607 485 4659 οἱ
515 4605 836 4671 ἐλπίζοντες
865 4607 961 4661 ἐπὶ
991 4607 1095 4661 σοί.
1121 4626 1139 4659 ι
1178 4609 1291 4661 Kal
1321 4604 1482 4672 αὖθις
1502 4625 1517 4640 ο
1559 4627 1578 4660 ι
1602 4609 1720 4663 Ἐπ’
1749 4609 1900 4680 αύτῷ

314 4699 553 4770 ἤλπισεν
582 4702 617 4771 ἠ
648 4701 846 4774 καρδία
874 4718 975 4773 μου
994 4716 1007 4730 ’
1037 4703 1133 4755 καὶ
1156 4702 1493 4774 ἐϐοηθήοην,
1521 4703 1616 4756 καὶ
1639 4703 1901 4757 ἀνέθαλεν

315 4793 350 4861 ἠ
383 4791 522 4863 σάρξ
551 4810 654 4864 μου
686 4793 783 4846 καὶ
810 4794 875 4847 ὲκ
898 4794 992 4847 τοῦ
1022 4793 1155 4848 ἰδίου
1185 4793 1555 4865 βοηθήματος.
1586 4814 1605 4846 ι
1666 4795 1776 4849 Kal
1806 4794 1901 4849 ἄλ-

317 4883 444 4949 λους
500 4885 865 4955 ἐχειραγώγει
924 4885 1134 4954 λέγων*
1198 4905 1216 4939 ι
1253 4887 1542 4941 Ἑλπίσατε
1591 4888 1680 4941 ἐπ’
1711 4889 1902 4951 αὑτὸν,

318 4976 467 5030 πᾶσα
515 4978 547 5046 ἡ
603 4976 900 5047 συναγωγὴ
945 4976 1123 5042 λαῶν,
1178 4978 1408 5049 ὲκχέατε
1454 4978 1687 5034 ἐνώπιον
1728 4978 1899 5033 αὑτοῦ

314 5066 415 5130 τὰς
446 5067 679 5140 καρδίας
708 5068 890 5138 ὑμῶν,
925 5069 1008 5122 ὅτι
1037 5069 1065 5121 6
1094 5070 1228 5134 Θεὸς
1257 5071 1452 5142 βοηθὸς
1479 5072 1655 5141 ὑμῶν.
1690 5090 1708 5123 ι
1767 5072 1899 5137 Kal,

324 5159 626 5214 «Ἐλπισον
656 5162 749 5214 ἐπὶ
778 5161 1005 5231 Κύριον,
1040 5164 1137 5217 καὶ
1163 5162 1308 5217 ποίει
1335 5164 1706 5235 χρηστότητα.
1724 5183 1741 5216 ι
1767 5165 1905 5229 Kal,

322 5270 340 5303 ι
381 5252 764 5324 Ἀποκάλυψον
807 5256 941 5323 πρὸς
975 5254 1184 5326 Κύριον
1222 5256 1322 5328 τὴν
1352 5256 1471 5309 ὁδόν
1506 5274 1603 5309 σου
1628 5298 1643 5319 ,
1690 5257 1785 5310 καὶ
1816 5257 1903 5309 ἔλ-

320 5358 480 5396 πισον
506 5344 596 5398 ἐπ’
622 5343 809 5408 αὐτοῦ,
835 5347 929 5398 καὶ
958 5346 1121 5409 αὐτὸς
1151 5349 1422 5418 ποιήσει.»
1456 5348 1567 5400 Kal
1591 5348 1865 5410 όἭσαῖας
1883 5360 1897 5376 ⁸

2007 4633 2025 4665 ι
2054 4609 2339 4669 Suecincti
2384 4608 2608 4664 lumbos
2644 4608 2847 4662 mentis
2871 4615 3091 4671 vestrae,
3122 4606 3317 4669 sobrii,
3342 4604 3585 4675 perfecte

1999 4712 2223 4777 sperate
2256 4702 2313 4757 in
2348 4718 2469 4757 eam
2509 4715 2630 4769 quze
2666 4698 2902 4752 offertur
2940 4697 3098 4752 vobis
3125 4697 3380 4767 gratiam,
3415 4697 3469 4750 in
3500 4714 3587 4751 re-

1999 4795 2281 4850 velatione
2330 4793 2460 4848 Jesu
2509 4788 2718 4845 Christi
2748 4788 2907 4857 quasi
2963 4788 3061 4841 filii
3097 4788 3430 4842 obedientize
3451 4789 3520 4841 ".
3561 4808 3579 4838 υ

2002 4886 2211 4942 Eodem
2275 4890 2488 4953 spectat
2543 4879 2679 4935 illud
2730 4880 2862 4936 Jesu
2938 4880 3033 4933 filii
3086 4879 3278 4934 Sirach
3324 4898 3335 4932 ε
3395 4900 3413 4931 ι
3452 4880 3587 4947 Quis

2003 4977 2245 5048 speravit
2291 4976 2348 5028 in
2399 4973 2717 5039 Dominum,
2749 4982 2805 5027 et
2834 4965 3157 5027 derelictus
3183 4972 3305 5026 est?
3341 4985 3438 5027 aut
3460 4973 3587 5043 quis

2002 5067 2308 5141 permansit
2346 5065 2402 5120 in
2456 5066 2655 5122 timore
2705 5068 2862 5137 ejus,
2896 5074 2952 5120 ct
2984 5064 3236 5133 despexit
3289 5080 3416 5119 eum
3443 5065 3531 5119 7'?
3561 5086 3579 5118 ι

2003 5162 2233 5218 Melicus
2284 5161 2513 5230 insuper
2551 5162 2890 5230 psalmorum
2939 5158 3294 5228 Coneeptor:
3335 5176 3353 5208 ‹
3386 5157 3587 5211 Beatus

2002 5254 2089 5309 vir
2123 5254 2281 5325 cujus
2322 5260 2407 5307 est
2449 5266 2655 5306 nomen
2710 5252 2925 5306 Domini
2977 5267 3103 5321 spes
3154 5251 3277 5321 ejus
3306 5248 3372 5302 ⁷⁸.
3406 5268 3423 5299 ι
3469 5249 3581 5302 Et:

2011 5366 2029 5399 ι
2068 5347 2350 5401 Laetentur
2387 5359 2584 5399 omnes
2626 5344 2721 5414 qui
2747 5344 3046 5413 sperantin
3082 5352 3135 5399 te
3169 5344 3233 5396 ⁷⁵.
3266 5362 3285 5395 ›
3326 5343 3581 5397 Rursus:

388 5526 433 5600 ξε
453 5526 530 5580 De
553 5524 641 5581 his
658 5525 1141 5600 Aabundeﬂionys.
1179 5528 1380 5597 Areop.
1403 5543 1525 5600 cap.
1553 5529 1611 5581 ll
1656 5527 1733 5582 De
1763 5530 1953 5583 divinis
2011 5530 2328 5582 nominwus.
2358 5597 2370 5600 Α
2401 5527 2449 5600 Ῠ⁸⁷
2490 5525 2681 5600 Matth.
2708 5526 2975 5600 _xxvt,_'_7.
3125 5522 3318 5600 μαψ).
3366 5537 3480 5581 xm,

318 5597 365 5669 ff
384 5596 534 5669 Gen.
560 5597 761 5669 μικὲϐη
818 5598 865 5629 ⁷ο
893 5596 913 5651 l
938 5591 1133 5669 Reg.'l,
1174 5600 1223 5653 l.
1300 5591 1345 5631 τί
1386 5591 1546 5655 Ecélc
1588 5616 1659 5663 tv,
1687 5600 1770 5653 ll.
1849 5602 1894 5632 "

2002 5604 2127 5655 ’ctr.
2160 5616 2196 5659 ι.
2232 5600 2318 5662 15,
2351 5597 2436 5653 14.
2513 5598 2559 5629 ⁷³
2596 5596 2765 5652 Eecli.
2809 5613 2863 5662 ll,
2888 5596 2972 5649 l2.
3049 5596 3094 5628 7“
3125 5594 3265 5649 Psal.
3304 5607 3483 5656 xxxix,
3522 5591 3575 5643 5.

319 5667 363 5699 ⁷⁵
416 5667 559 5722 Psal.
594 5685 647 5729 v,
705 5668 793 5721 12.

1606 5778 1839 5834 γΑιυλΕ
1875 5778 2275 5837 LECTIONES.

398 5872 439 5913 ί·
468 5871 620 5926 ίδίου.
