4052 6556
499 380 633 444 1439

1770 387 2141 448 ANTIOCHI
2178 387 2525 448 MONACHI

3623 386 3741 452 1440

496 514 514 546 ι
548 495 606 549 In
664 508 786 563 ipso
847 494 1095 562 speravit
1140 509 1237 546 cor
1277 509 1482 558 meum,
1540 503 1597 549 et
1645 494 1873 566 adjutus
1921 512 2068 561 sum,

2185 517 2199 549 t
2248 496 2592 565 Ἦλπίσαμεν
2641 495 2733 547 ἐπὶ
2776 493 2853 564 τῷ
2894 491 3126 562 ὀνόματι
3170 493 3377 563 Κυρίου
3430 494 3521 547 καὶ
3564 496 3650 550 ἐπὶ
3682 505 3739 573 τῇ

488 597 547 641 et
596 585 847 641 reﬂoruit
880 601 1007 640 caro
1040 601 1181 650 mea,
1215 594 1269 640 et
1297 601 1362 640 ex
1387 587 1612 655 propria
1648 588 1935 643 voluntate
1960 589 2025 642 ⁷⁸.
2052 608 2071 640 ι

492 676 601 731 Sed
650 686 707 731 et
740 676 880 731 alios
916 678 1067 732 velut
1124 693 1290 731 manu
1337 677 1549 733 ducens
1586 679 1934 747 instituebat,
1995 681 2079 736 in-

490 770 673 825 vitans
728 769 797 824 ad
852 770 1204 840 complexum
1250 770 1444 825 solidae
1497 772 1635 837 spei,
1706 772 1837 827 dum
1891 773 2074 828 dicit:

497 881 515 913 ι
548 861 781 931 Sperate
828 864 884 917 in
927 878 1055 917 eum
1098 863 1282 919 omnis
1315 867 1675 936 congregatio
1714 868 2072 937 pepulorum;

489 953 764 1008 effundite
798 970 985 1008 coram
1016 954 1113 1008 illo
1148 954 1317 1010 corda
1340 963 1544 1019 vestra,
1577 956 1707 1026 quia
1734 958 1881 1012 Deus
1916 958 2077 1029 adju-

493 1055 579 1100 tor
618 1055 808 1100 noster
837 1047 902 1099 ⁷⁷.
930 1067 946 1098 ι
986 1048 1098 1102 Et:
1139 1067 1157 1098 ‹
1188 1048 1363 1116 Spera
1414 1047 1470 1101 in
1528 1049 1847 1114 Dominum,
1887 1058 1945 1105 et
1992 1052 2078 1107 fac

491 1136 795 1191 bonitatem
825 1135 893 1190 ’⁸.
935 1156 954 1187 ι
993 1137 1061 1191 Et
1093 1154 1105 1190 :
1135 1157 1151 1186 ‹
1175 1138 1377 1192 Revela
1399 1138 1637 1193 Domino
1664 1140 1809 1194 viam
1842 1149 1991 1195 tuam
2022 1149 2080 1196 et

491 1243 654 1296 spera
695 1227 751 1281 in
800 1242 951 1293 eum,
1006 1237 1062 1281 et
1098 1228 1216 1298 ipse
1264 1228 1433 1284 faciet
1478 1231 1546 1285 ⁷³.
1587 1250 1605 1281 ι
1668 1231 1838 1287 Isaias
1895 1235 2074 1289 item:

498 1337 517 1367 ‹
558 1317 917 1388 Speravimus
970 1319 1027 1373 in
1078 1320 1305 1374 nomine
1340 1326 1434 1374 tuo
1483 1330 1541 1375 et
1584 1323 1640 1376 in
1695 1324 1966 1379 memoria
1998 1326 2076 1380 tui

492 1408 836 1463 desiderium
872 1419 1126 1463 nostrum
1170 1411 1235 1465 ⁸ο.
1270 1432 1288 1463 ι
1340 1412 1583 1466 Rursum
1629 1412 1837 1470 Paulus
1881 1434 1894 1470 :
1927 1437 1943 1467 ι
1971 1416 2078 1487 Spe

490 1498 626 1552 salvi
679 1498 811 1553 facti
857 1515 1083 1564 sumus;
1116 1516 1243 1569 spes
1292 1508 1479 1554 autem
1533 1516 1657 1571 quae
1691 1501 1934 1568 videtur,
1963 1520 2076 1558 non

490 1600 576 1644 est
606 1606 730 1660 spes
760 1610 772 1643 :
819 1592 967 1661 quod
1003 1592 1150 1647 enim
1184 1591 1337 1647 videt
1370 1593 1516 1663 quis,
1563 1594 1701 1663 quid
1753 1596 1986 1664 sperat?
2022 1595 2078 1651 Si

492 1696 677 1739 autem
726 1686 870 1754 quod
932 1702 1042 1742 non
1073 1688 1347 1753 videmus,
1378 1704 1693 1758 speramus,
1726 1705 1829 1759 per
1863 1690 2080 1759 patieno

496 1776 626 1830 tiam
683 1790 1071 1848 exspectamus
1105 1782 1173 1834 ει.
1214 1801 1233 1833 ›
1274 1782 1481 1836 Iterum
1518 1799 1530 1834 :
1572 1801 1590 1833 ί
1619 1782 1785 1836 Forte
1817 1782 2076 1836 solatium

2193 587 2354 658 μνείᾳ
2383 584 2553 641 αὐτοῦ
2578 587 2601 626 8
2633 587 2668 657 ἡ
2698 583 2965 654 ἐπιθυμία
2993 582 3172 653 ἡμῶν.
3190 601 3208 633 ι
3242 583 3354 636 Καὶ
3381 583 3541 638 πάλιν
3568 589 3593 640 6
3614 590 3743 642 Παῦυ

2188 679 2308 741 λος·
2339 697 2357 730 ι
2387 678 2466 748 Τῇ
2492 678 2602 748 γὰρ
2630 675 2806 729 ἐλπίδι
2834 673 3015 745 ἐσώθη
3027 691 3156 744 μεν’
3188 675 3346 738 ἐλπὶς
3371 675 3428 729 δὲ
3460 676 3740 754 βλεπομένη

2188 770 2290 822 οὐκ
2319 769 2467 822 ἐστιν
2498 767 2675 831 ἐλπίς.
2723 769 2789 821 Ὃ
2819 767 2928 836 γὰρ
2964 765 3154 836 βλέπει
3180 783 3285 831 τις,
3318 767 3373 819 τί
3404 769 3496 822 καὶ
3522 769 3742 841 ἐλπίζεις
3770 830 3782 843 .

2188 861 2236 911 εί
2268 859 2323 911 δὲ
2353 860 2381 912 ὃ
2410 859 2470 911 οὺ
2503 858 2779 928 βλέπομεν
2813 857 3111 927 ἐλπίζομεν
3133 897 3147 920 ,
3186 858 3254 910 δι’
3286 858 3566 929 ὑπομονῆς
3593 863 3745 916 ἀπεκ-

2186 950 2478 1022 δεχόμεθα.
2512 970 2529 1004 ι
2592 951 2704 1004 Καὶ
2755 950 2962 1016 πάλιν,
3038 969 3056 1002 (
3116 950 3370 1022 ’ἰσχυρὰν
3422 953 3745 1025 παράκλησιν

2188 1042 2385 1112 ἔχομεν
2426 1044 2476 1097 οἱ
2512 1042 2929 1111 καταφυγόντες
2958 1041 3235 1114 κρατῆσαι
3265 1046 3367 1114 τῆς
3396 1047 3744 1119 προκειμένης

2187 1133 2445 1201 ἐλπίδος,
2515 1135 2584 1205 ἣν
2641 1134 2718 1198 ὡς
2765 1133 3019 1205 ἄγκυραν
3066 1130 3264 1204 ἔχομεν
3306 1131 3525 1204 ἀσφαλῆ
3564 1152 3620 1188 τε
3666 1141 3745 1191 καὶ

2189 1225 2434 1295 βεϐαίαν.
2460 1245 2478 1277 ι
2527 1226 2639 1279 Καὶ
2669 1226 2888 1295 ἐπάγει,
2931 1243 2948 1275 ι
2984 1226 3107 1277 Ὅτι
3141 1224 3321 1278 ἐλπίδι
3352 1225 3557 1293 ὀφείλει
3582 1228 3607 1279 6
3631 1229 3745 1299 ἀρο-

2187 1318 2359 1388 τριῶν
2408 1319 2707 1388 ἀροτριᾷν,
2765 1317 2862 1370 καὶ
2904 1318 2933 1369 6
2976 1315 3152 1370 ἀλοῶν
3202 1316 3301 1386 τῆς
3349 1317 3563 1382 ἐλπίδος
3602 1320 3745 1375 αὐτοῦ

2191 1411 2442 1480 μετέχειν
2460 1411 2507 1462 h.
2543 1429 2561 1461 ι
2626 1410 2740 1464 Καὶ
2787 1412 2845 1463 ἐν
2888 1408 2966 1479 τῷ
3011 1408 3156 1462 κατὰ
3188 1410 3411 1462 Λουκᾶν
3451 1409 3746 1481 Εὑαγγελίῳ

2187 1502 2318 1574 περὶ
2346 1501 2440 1555 τοῦ
2468 1500 2695 1569 Συμεών
2726 1519 2918 1573 φησιν,
2957 1520 2976 1554 ι
3000 1497 3109 1554 Ἦν
3139 1501 3290 1572 αὐτῷ
3320 1505 3747 1572 κεχρηματισμέσ

2186 1612 2275 1648 νον
2310 1595 2417 1648 ὑπὸ
2447 1593 2543 1647 τοῦ
2576 1594 2898 1664 Πνεύματος
2932 1593 3027 1647 τοῦ
3059 1593 3239 1662 ἁγίου,
3278 1592 3372 1645 τοῦ
3410 1592 3486 1663 μὴ
3517 1594 3637 1646 ίδεῖν
3665 1594 3747 1648 θά-

2186 1704 2346 1742 νατον
2371 1730 2384 1753 ,
2437 1688 2543 1750 ἕως
2576 1681 2636 1741 οὗ
2671 1687 2755 1758 ἴδῃ
2785 1687 2879 1740 τὸν
2906 1686 3143 1757 Χριστὸν
3170 1687 3407 1757 Κυρίου.
3436 1705 3454 1737 ι
3516 1687 3621 1740 Καὶ
3660 1688 3748 1743 οὐκ

2187 1780 2461 1852 ἐνέκρωσε
2493 1781 2592 1852 τὴν
2618 1781 2835 1846 ἐλπίδα,
2870 1781 2986 1835 ἀλλ’
3012 1776 3080 1852 ἦν
3107 1779 3429 1852 προσδοκῶν
3459 1779 3549 1833 τὸν
3573 1780 3749 1833 ποθού-

493 1870 788 1938 habemus,
824 1873 918 1942 qui
948 1873 1299 1944 confugimus
1321 1873 1387 1927 ad
1414 1873 1707 1928 tenendam
1736 1875 2077 1944 propositam

2187 1890 2345 1944 μενον
2377 1872 2677 1944 Λυτρωτὴν
2710 1874 2805 1924 καὶ
2833 1870 3068 1941 Σωτῆρα
3097 1871 3192 1924 τοῦ
3220 1872 3458 1942 κόσμου,
3490 1874 3581 1925 καὶ
3607 1872 3748 1938 δεξά-

494 1977 646 2032 spem
707 1980 870 2033 quam
924 1966 1069 2020 sicut
1117 1966 1420 2020 anchoram
1464 1966 1735 2021 habemus
1779 1974 1957 2021 tutam
2018 1981 2081 2021 ac

2186 1982 2345 2036 μενος
2368 1965 2532 2019 αὑτὸν
2560 1963 2812 2034 γεγηθὼς
2840 1964 2899 2016 ὲν
2926 1966 3048 2026 ταῖς
3071 1964 3347 2032 ἀγκάλαις
3376 1963 3587 2030 ἐλεγενο
3605 1964 3748 2016 Ἀπό-

494 2054 710 2126 firmam
742 2057 809 2108 “.
838 2076 854 2107 ι
888 2057 1107 2113 Inducit
1142 2075 1154 2111 :
1201 2076 1219 2108 ί
1258 2057 1397 2124 Quia
1434 2057 1601 2113 debet
1626 2058 1681 2112 in
1716 2074 1813 2128 spe
1838 2059 1935 2128 qui
1959 2068 2077 2113 arat

2185 2059 2344 2111 λυσὸν
2393 2076 2491 2129 με,
2540 2058 2825 2118 Δέσποτα,
2873 2056 3132 2110 ἀπελθεῖν
3186 2056 3328 2130 πρὸς
3367 2055 3467 2124 τὴν
3497 2054 3743 2125 ποθουμέ-

494 2162 679 2213 arare,
706 2156 762 2201 et
788 2148 881 2217 qui
910 2149 1156 2214 triturat,
1182 2149 1237 2203 in
1256 2166 1353 2219 spe
1378 2149 1955 2221 fructuspercipiendi
1975 2154 2072 2206 ⁸³.»

2185 2168 2282 2223 νην
2340 2167 2433 2220 μοι
2490 2148 2772 2220 βασιλείαν
2818 2166 2937 2203 σου.
2984 2147 3287 2201 Ἀπέλαϐον
3314 2147 3425 2218 γὰρ
3455 2147 3551 2218 τὴν
3576 2146 3746 2199 ἐλπίδα

493 2238 562 2292 Et
602 2238 658 2292 in
693 2238 855 2295 Luca.-
909 2240 1209 2313 Evangelio
1261 2241 1329 2297 de
1373 2242 1635 2297 Simeone
1668 2260 1681 2295 :
1726 2262 1744 2294 ι
1774 2242 2077 2313 Acceperat

2187 2261 2288 2315 μου
2312 2284 2324 2306 ,
2376 2243 2468 2296 τὸν
2518 2240 2759 2311 Χριστὸν
2809 2239 3018 2296 Κυοίου
3047 2258 3061 2271 ο
3121 2239 3272 2311 αὐτῷ
3317 2243 3354 2311 ἡ
3384 2240 3510 2306 δόξα
3540 2240 3615 2302 είς
3639 2238 3747 2302 τοὺς

494 2330 642 2384 enim
680 2348 1008 2403 responsum
1043 2351 1072 2389 a
1108 2336 1317 2405 Spiritu
1348 2344 1561 2402 sancto,
1595 2351 1706 2391 non
1734 2336 1983 2391 visurum
2022 2351 2077 2390 se

2185 2334 2409 2395 αἰῶνας.
2449 2333 2507 2383 Ἀ
2517 2332 2644 2402 μήν.

495 2428 729 2476 mortem
777 2422 1102 2493 priusquam
1137 2424 1355 2480 videret
1382 2424 1663 2480 Christum
1734 2427 1950 2481 Domini
1981 2426 2046 2477 ⁸⁸.
2080 2445 2098 2477 ι
2145 2425 2338 2494 Neque
2380 2423 2474 2477 hic
2507 2420 2866 2477 mortificavit
2895 2436 3072 2492 spem,
3114 2422 3213 2478 sed
3276 2433 3400 2478 erat
3448 2429 3746 2491 exspectans

495 2529 611 2569 rem
663 2531 828 2585 quam
874 2532 1209 2587 magnopere
1259 2518 1635 2583 desiderabat,
1693 2520 1958 2574 nimirum
2012 2515 2329 2574 ut‘videret
2392 2515 2824 2585 Redemptorem
2891 2530 2954 2569 ac
2987 2514 3333 2570 Salvatorem
3363 2512 3571 2568 mundi.
3602 2512 3745 2568 Cum-

493 2625 602 2682 que
636 2611 940 2681 accepisset
967 2618 1024 2665 et
1068 2612 1423 2668 astrinxisset
1483 2614 1652 2679 ulnis,
1688 2615 1880 2669 laetitia
1946 2614 2206 2684 perfusus
2275 2612 2544 2667 dicebat:
2602 2610 2832 2666 Dimitte
2906 2627 3015 2678 me,
3066 2610 3325 2675 Domine,
3364 2610 3555 2665 venire
3595 2610 3655 2663 ad
3699 2618 3741 2663 te

494 2715 682 2772 regem
705 2716 913 2769 meum,
941 2717 1123 2771 neque
1148 2702 1296 2756 enim
1330 2700 1627 2759 frustratus
1656 2720 1779 2760 sum
1804 2720 1900 2775 spe
1928 2720 2067 2760 mea.
2110 2704 2220 2774 Ipsi
2271 2705 2448 2775 gloria
2494 2704 2551 2758 in
2595 2703 2819 2757 saacula.
2860 2702 3057 2758 Amen.
3118 2728 3130 2739 ν

1065 2813 1352 2871 HOMILIA
1404 2816 1493 2870 III.

1106 2928 1184 2983 De
1209 2930 1460 2983 convivio.

562 3037 639 3093 De
662 3037 873 3108 epulari
900 3040 1156 3095 convivio
1178 3041 1568 3096 Paroemiastes
1590 3040 1666 3096 ait
1693 3060 1706 3096 :
1736 3060 1754 3094 ι
1774 3042 1831 3098 Si
1862 3042 2077 3099 sederis

492 3127 561 3181 ad
596 3129 931 3184 ccenandum
980 3131 1037 3185 in
1086 3147 1279 3187 mensa
1325 3134 1659 3202 potentium,
1697 3144 1907 3190 attente
1940 3150 2075 3190 con-

2848 2813 3069 2867 ΛΟΓΟΣ
3098 2812 3173 2868 Γ’.

2709 2925 2851 2995 Περὶ
2882 2926 3235 2994 ἑστιάσεως.

2254 3040 2392 3111 Περὶ
2420 3040 2520 3111 τῆς
2548 3038 2843 3102 ἐστιάσεώς
2873 3057 3038 3110 φησιν
3063 3041 3092 3093 6
3119 3040 3543 3112 Παροιμιαστής
3561 3057 3573 3072 ο
3593 3060 3610 3093 ι
3632 3041 3735 3095 ‘Eav

2184 3133 2420 3206 καθίσῃς
2442 3133 2735 3203 δειπνῆσαι
2770 3132 2863 3185 ἐπὶ
2894 3132 3175 3204 τραπέζης
3205 3132 3518 3199 δυναστῶν,
3556 3132 3739 3202 νοητῶς

493 3217 677 3273 sidera
704 3235 824 3289 quae
855 3231 1214 3290 apponuntur
1235 3222 1359 3287 tibi,
1384 3232 1441 3278 et
1462 3224 1626 3296 injice
1651 3241 1875 3280 manum
1903 3236 2072 3292 tuam,

2185 3226 2291 3280 νόει
2341 3224 2410 3279 τὰ
2460 3225 2881 3296 παρατιθέμενά
2926 3242 3047 3289 σοι,
3098 3226 3192 3279 καὶ
3224 3225 3453 3280 ἐπίϐαλε
3483 3227 3575 3298 τὴν
3600 3227 3737 3297 χεῖρά

492 3309 677 3365 sciens
726 3312 988 3380 quoniam
1025 3322 1251 3383 oportet
1284 3320 1337 3369 te
1368 3315 1499 3370 talia
1528 3332 1842 3386 praeparare
1878 3335 1890 3371 :
1926 3319 2074 3388 quod

492 3402 538 3456 si
585 3401 957 3458 insatiabilior
998 3420 1081 3469 es,
1139 3421 1209 3460 ne
1264 3406 1551 3463 desideres
1585 3408 1741 3463 cibos
1792 3411 1915 3479 ejus
1941 3411 2012 3465 ⁸⁸.
2048 3431 2066 3463 ι

490 3495 646 3549 Alter
671 3495 835 3550 item:
865 3515 883 3547 ι
913 3495 994 3551 Ad
1031 3512 1281 3553 mensam
1312 3515 1563 3571 magnam
1590 3500 1823 3557 sedisti?
1846 3520 1915 3559 ne
1945 3520 2078 3575 ape-

492 3585 604 3639 rias
654 3594 845 3657 guttur
880 3595 1035 3643 tuum
1078 3604 1248 3659 super
1294 3591 1467 3659 illam,
1502 3602 1782 3649 memento
1813 3597 2077 3665 quoniam

492 3678 723 3744 malum,
771 3681 968 3736 oculus
1006 3697 1295 3752 nequam:
1352 3700 1691 3757 quocunque
1743 3688 2074 3759 inspexeris,

491 3786 565 3826 ne
615 3774 884 3829 extendas
933 3791 1159 3830 manum
1215 3784 1389 3841 tuam,
1423 3788 1480 3834 et
1534 3794 1605 3834 ne
1654 3782 1994 3853 conjungere
2025 3783 2077 3837 ei

494 3865 552 3920 in
581 3865 766 3921 catino
803 3884 816 3921 :
853 3867 1105 3939 lntellige
1136 3885 1261 3939 quae
1317 3881 1449 3925 sunt
1485 3874 1727 3942 proximi
1757 3890 1825 3929 ex
1876 3876 2075 3946 teipso,

492 3964 549 4011 et
579 3958 737 4028 quasi
771 3958 825 4013 in
851 3961 1002 4015 omni
1028 3976 1085 4017 re
1118 3964 1336 4034 cogita;
1370 3966 1598 4023 comede
1635 3976 1697 4023 ut
1724 3969 1916 4035 homo,
1952 3988 2075 4041 quae

492 4060 853 4120 apponuntur
881 4052 1003 4119 tibi,
1055 4063 1112 4109 et
1138 4070 1207 4110 ne
1252 4056 1419 4112 nimis
1449 4058 1707 4126 devores,
1748 4068 1809 4116 ut
1842 4078 1912 4117 ne
1945 4064 2076 4119 odio

494 4143 783 4208 habearis;
818 4142 1011 4200 desine
1035 4146 1189 4217 prior
1214 4147 1387 4220 gratia
1414 4149 1746 4221 disciplinae,
1778 4161 1835 4208 et
1866 4155 2073 4229 1031

493 4250 564 4290 ne
614 4235 690 4291 sis
732 4235 1135 4306 insaturabilis,
1168 4256 1240 4295 ne
1293 4241 1437 4298 forte
1491 4244 1745 4301 offendas
1781 4263 1796 4302 :
1831 4248 1981 4317 quod
2028 4249 2075 4304 si

496 4328 552 4381 in
608 4328 794 4385 medio
842 4331 1144 4386 multorum
1176 4334 1411 4399 sederis,
1441 4336 1596 4406 prior
1630 4337 1743 4393 illis
1777 4355 1847 4395 ne
1878 4348 2077 4395 exten-

383 4489 387 4493 ί
495 4421 595 4476 das
640 4437 866 4477 manum
918 4431 1092 4481 tuam.
1150 4427 1323 4494 Quam
1389 4429 1672 4487 sufﬁciens
1724 4440 1813 4488 est
1861 4434 2077 4491 homini

495 4514 740 4581 erudito,
792 4516 1050 4587 exiguum
1105 4517 1172 4574 ⁸⁸.
1211 4540 1230 4572 ι
1289 4520 1506 4593 Moyses

2183 3335 2310 3382 σου,
2347 3316 2504 3381 είδὼς
2534 3319 2617 3371 ὅτι
2646 3318 2727 3371 δεῖ
2760 3334 2817 3370 σε
2848 3318 3078 3371 τοιαῦτα
3108 3320 3575 3390 παρασκευάζειν.
3609 3320 3666 3373 El
3689 3319 3737 3372 δὲ

2178 3410 2586 3481 ἅπληστότερος
2607 3404 2680 3473 εἴ,
2700 3409 2775 3481 μὴ
2792 3409 3055 3481 ὲπιθύμει
3071 3412 3180 3465 τῶν
3201 3410 3516 3482 ἐδεσμάτων
3537 3410 3733 3465 αὑτοῦ.)

2179 3504 2290 3557 Ka‘t
2332 3502 2520 3576 ἕτερός
2539 3518 2739 3572 φησιν·
2776 3522 2794 3554 ι
2842 3502 2975 3557 Ἐπὶ
3007 3502 3292 3575 τραπέζης
3326 3504 3567 3575 μεγάλης
3594 3503 3738 3557 ἐκάθ-

2183 3613 2340 3659 was.
2411 3595 2485 3668 μὴ
2534 3594 2757 3665 ἀνοίξῃς
2826 3594 3089 3667 φάρυγγά
3120 3612 3214 3648 σου
3250 3594 3555 3667 ὲπάὐτῆς.
3605 3594 3737 3666 Μνή-

2181 3686 2337 3759 σθητι
2384 3688 2466 3741 ὅτι
2511 3685 2683 3741 κακὸν
2715 3687 2999 3757 ὀφθαλμὸς
3029 3687 3288 3758 πονηρὸς,
3323 3680 3388 3741 οὗ
3420 3688 3513 3741 ἐὰν
3544 3688 3739 3741 ἐπιϐλέ·

2178 3780 2317 3851 ψῃς,
2360 3781 2435 3851 μὴ
2464 3780 2714 3853 ἐκτείνῃς
2741 3779 2841 3851 τὴν
2868 3781 3026 3849 χεῖρά
3055 3796 3147 3833 σου
3168 3822 3183 3846 ,
3234 3781 3330 3833 καὶ
3379 3780 3451 3852 μὴ
3484 3778 3737 3833 συνθλίϐου

2180 3871 2332 3942 αὑτῷ
2359 3874 2417 3925 ἐν
2439 3871 2516 3943 τῷ
2534 3871 2775 3943 τρυϐλίῳ
2794 3888 2807 3901 ·
2839 3872 2951 3925 νόει
2979 3871 3048 3924 τὰ
3074 3873 3181 3925 τῶν
3205 3871 3439 3941 πλησίον
3465 3871 3523 3937 ἐξ
3545 3870 3737 3936 ἑαυτοῦ,

2182 3966 2276 4020 καὶ
2306 3966 2398 4018 ἐπί
2424 3968 2588 4019 παντὶ
2614 3965 2903 4037 πράγματι
2929 3964 3163 4020 διανοοῦ.
3201 3965 3350 4034 Φὰγε
3381 3965 3456 4029 ὡς
3479 3965 3739 4035 ἄνθρωπος

2179 4058 2249 4110 τὰ
2283 4054 2664 4128 παρακείμενά
2699 4072 2819 4119 σοι,
2873 4058 2969 4108 καὶ
3007 4054 3082 4125 μὴ
3112 4054 3418 4125 διαμασοῦ,
3448 4055 3533 4107 ἵνα
3564 4053 3633 4124 μὴ
3661 4071 3739 4123 μι-

2183 4146 2383 4220 σηθῇς·
2442 4146 2652 4201 παῦσαι
2684 4147 2902 4218 πρῶτος
2934 4148 3096 4218 χάριν
3129 4146 3414 4211 παιδείας,
3466 4145 3557 4199 καὶ
3584 4142 3738 4211 ἀπλη-

2182 4242 2394 4307 στεύου,
2432 4240 2505 4312 μὴ
2532 4241 2801 4312 πρότερος
2835 4238 3008 4311 κόψῃς
3033 4257 3047 4273 ο
3102 4240 3199 4293 καὶ
3242 4243 3289 4293 εί
3321 4240 3431 4295 ἀνὰ
3465 4239 3621 4309 μέσον
3644 4235 3739 4288 τῶν

2181 4337 2446 4391 πλειόνων
2496 4337 2801 4402 ἐκάθισας,
2861 4336 3132 4406 πρότερος
3176 4334 3362 4388 αὐτῶν
3412 4333 3485 4405 μὴ
3518 4334 3736 4399 ὲκτείνῃς

2180 4429 2281 4501 τὴν
2320 4429 2485 4501 χεῖρά
2529 4447 2645 4484 σου.
2691 4430 2778 4493 Ὠς
2814 4429 3001 4483 ἰκανὸν
3034 4427 3310 4500 ἀνθρώπῳ
3344 4423 3736 4494 πεπαιδευμένῳ

1549 4539 1562 4576 :
1621 4542 1639 4575 ‹
1676 4525 1917 4583 Attende
1973 4528 2077 4584 tibi

2185 4524 2244 4575 τὸ
2269 4523 2467 4591 ὀλίγον.
2485 4541 2501 4574 ι
2537 4523 2595 4576 Ὀ
2619 4522 2677 4576 δέ
2701 4521 2967 4592 Μωῡσῆς,
3000 4540 3018 4574 ι
3043 4521 3287 4592 Πρόσεχε
3314 4519 3544 4591 σεαυτῷ,
3563 4517 3733 4614 λέξων,

496 4605 604 4675 ipsi
635 4621 728 4671 ne,
760 4606 894 4662 dum
948 4609 1259 4665 comederis
1288 4618 1347 4666 et
1373 4622 1660 4669 saturatus
1700 4615 1898 4684 fueris,
1936 4619 2077 4674 obli-

2189 4612 2263 4684 μὴ
2297 4613 2487 4683 φαγὼν
2515 4612 2609 4666 καὶ
2637 4612 2979 4683 ἐμπλησθεὶς
3008 4611 3245 4684 ἐπιλάθῃ
3279 4612 3484 4684 Κυρίου
3510 4609 3599 4663 τοῦ
3620 4606 3734 4661 Θεοῦ

496 4697 733 4753 viscaris
763 4697 986 4754 Domini
1019 4700 1117 4755 Dei
1150 4700 1232 4755 tui
1262 4701 1331 4755 ⁸⁷.
1372 4720 1391 4755 ι
1427 4701 1688 4758 Concinit
1730 4706 2033 4777 Apostolus
2064 4728 2078 4764 :

506 4809 523 4838 ι
555 4790 684 4847 Sive
714 4792 1028 4859 comeditis,
1071 4794 1188 4849 sive
1238 4794 1453 4862 bibitis,
1501 4798 1619 4853 sive
1655 4800 1789 4868 quid
1822 4801 1971 4855 aliud
2003 4802 2083 4857 fa-

498 4882 646 4949 citis,
697 4884 883 4939 omnia
914 4886 983 4940 ad
1032 4886 1267 4957 gloriam
1318 4888 1417 4944 Dei
1466 4888 1632 4945 facite
1662 4889 1729 4946 ⁸⁸.
1769 4909 1919 4943 ι-‹
1960 4894 2081 4949 Non

501 4976 635 5030 item
684 4976 752 5031 ad
786 4978 1221 5051 disceptationes
1258 4983 1679 5054 cogitationum.
1729 4985 1825 5040 Ille
1855 4986 2082 5056 quidem

499 5069 680 5124 credit
734 5070 903 5127 licere
945 5075 1096 5129 vesci
1144 5076 1423 5143 omnibus,
1468 5076 1563 5132 hic
1611 5088 1798 5133 autem
1827 5078 2082 5138 inﬁrmus

499 5175 627 5214 cum
659 5160 752 5227 sit,
784 5162 940 5217 olera
963 5164 1348 5222 manducat”.
1380 5186 1399 5220 ι
1438 5167 1701 5223 lnducit:
1742 5188 1761 5221 ‹
1793 5167 1899 5236 Qui
1922 5188 2083 5227 man-

502 5252 690 5320 ducat,
717 5270 827 5309 non
860 5256 1287 5315 manducantem
1316 5276 1388 5318 ne
1417 5261 1662 5333 iudicet;
1696 5270 1755 5317 tu
1778 5262 1927 5318 enim
1958 5265 2086 5335 quis

501 5357 563 5398 es
589 5344 687 5414 qui
724 5345 946 5417 iudicas
971 5347 1219 5404 alienum
1265 5354 1535 5408 servum?
1584 5367 1686 5409 suo
1716 5352 1945 5409 domino
1975 5362 2088 5410 stat

571 5478 618 5510 ⁷⁸
653 5477 799 5550 Psal.
862 5497 1030 5549 xxvn,
1080 5485 1133 5540 7.
1210 5484 1256 5517 ⁷⁷
1290 5485 1435 5542 Psal.
1484 5502 1590 5550 ωτι,
1649 5488 1705 5543 9.

1780 5488 1825 5521 ⁷⁸
1858 5488 2001 5545 Psal.
2038 5507 2221 5558 xxxvi,
2253 5493 2306 5547 5.

2184 4723 2301 4760 σου.
2334 4724 2352 4757 ι
2419 4706 2530 4760 Καὶ
2576 4707 2606 4758 6
2640 4705 2878 4767 Παῦλος·
2938 4722 2957 4756 ι
2995 4703 3121 4758 Εἴτε
3149 4704 3386 4769 ἐσθίετε,
3418 4705 3525 4757 εἴτε
3552 4701 3733 4758 πίνετε,

2180 4799 2291 4852 εἴτε
2324 4817 2376 4852 τι
2412 4801 2652 4863 ποιεῖτε,
2702 4798 2882 4853 πάντα
2916 4799 2996 4861 είς
3031 4796 3192 4863 δόξαν
3218 4796 3356 4852 Θεοῦ
3388 4797 3604 4850 ποιεῖτε.
3640 4810 3733 4843 t—

2187 4913 2205 4947 ι
2254 4893 2368 4947 Καὶ
2429 4893 2505 4965 μὴ
2561 4895 2644 4957 εἰς
2686 4894 2903 4964 κρίσεις
2951 4892 3348 4963 διαλογισμῶν.
3408 4891 3467 4945 '0
3516 4888 3609 4960 μὲν
3644 4885 3734 4953 γὰρ

2194 4985 2442 5041 πιστεύει
2467 4987 2663 5056 φαγεῖν
2685 4986 2887 5053 πάντα,
2910 4986 2938 5039 6
2959 4985 3015 5039 δέ
3040 4984 3287 5038 ἀσθενῶν
3307 4983 3514 5055 λάχανα
3535 4975 3728 5033 ἐσθίει.»

2191 5077 2304 5132 Καὶ
2330 5077 2528 5147 ἐπάγει
2547 5096 2560 5109 ο
2606 5095 2625 5129 t
2654 5077 2714 5130 '0
2745 5076 2967 5141 ἐσθίων,
2998 5076 3090 5129 τὸν
3124 5075 3199 5149 μὴ
3224 5075 3476 5128 ἐσθίοντα
3510 5070 3579 5143 μὴ
3601 5067 3731 5131 ἐξου-

2192 5170 2448 5225 θενείτωο
2478 5169 2576 5224 καὶ
2603 5171 2631 5224 6
2658 5168 2737 5240 μὴ
2764 5168 2983 5234 ἐσθίων,
3014 5167 3107 5222 τὸν
3133 5167 3387 5221 ἐσθίοντα
3412 5165 3486 5237 μὴ
3510 5159 3729 5234 κρινέτω·

2194 5267 2259 5320 σὺ
2289 5264 2400 5335 γὰρ
2434 5264 2519 5329 τίς
2549 5260 2601 5319 εἶ
2633 5265 2662 5318 6
2693 5264 2897 5335 κρίνων
2923 5261 3207 5333 ἀλλότριον
3237 5261 3487 5331 οίκέτην;
3534 5252 3605 5325 τῷ
3635 5250 3731 5316 ἰδίῳ

2193 5357 2369 5429 κυρίῳ
2418 5357 2611 5429 στήκει
2645 5356 2680 5428 ἢ
2713 5356 2929 5410 πίπτει.
2958 5374 2978 5407 ι
3020 5355 3136 5409 Καὶ
3165 5354 3361 5410 πάλιν·
3411 5369 3431 5402 ι
3459 5349 3514 5403 ὐ
3542 5342 3727 5400 ἐσθίων,

2402 5492 2446 5526 ’⁷ο
2486 5490 2622 5547 ibid.
2676 5492 2730 5547 5.
2804 5491 2851 5524 ⁸⁰
2889 5491 2995 5548 Isa.
3049 5506 3194 5553 xxvt,
3232 5489 3285 5545 8.
3360 5488 3399 5519 “
3452 5486 3599 5541 Rom.
3628 5493 3724 5539 vm,

502 5548 732 5629 ῼξηὲὅ.
767 5548 1058 5629 λειμὼν.
1099 5570 1175 5619 vr,
1200 5554 1297 5629 _l_8,
1322 5556 1420 5629 _I_9.
1484 5558 1541 5629 ξ³
1563 5548 1603 5629 gl
1626 5557 1757 5629 Cor.
1798 5575 1873 5623 rx,
1919 5561 2006 5615 IO.

2185 5548 2298 5619 Luc.
2356 5579 2415 5629 ll,
2468 5562 2561 5619 26.
2637 5561 2683 5595 ⁸⁵
2724 5563 2889 5619 Prov.
2940 5578 3093 5629 xxm,
3145 5548 3256 5617 135.
3334 5561 3377 5592 ⁸⁸
3417 5555 3721 5613 Eccli.1m,

508 5619 687 5676 12-16.
766 5622 810 5654 ⁸²
862 5623 1022 5680 Deut.
1064 5641 1138 5690 v1,
1192 5625 1401 5692 12,15.
1478 5626 1522 5659 ⁸⁸
1562 5627 1739 5684 lCor.
1781 5646 1835 5698 x,
1860 5619 1967 5687 '31.
2042 5632 2077 5693 9³

2185 5649 2280 5689 ΠῙΙ.
2314 5619 2423 5701 xw,
2463 5635 2515 5701 I,
2566 5633 2619 5689 2.

1782 5750 2016 5806 VARUS
2058 5751 2461 5809 LECTIONES.

584 5834 606 5872 δ
628 5851 737 5889 σου.
816 5839 840 5877 ιι
869 5837 961 5891 τοῦ
988 5838 1257 5910 μετέχειν,
1285 5842 1663 5913 νανιξίὶραηιίί.
