4052 6594
356 373 486 438 1441

1477 376 1776 438 IOMILIA
1817 375 2106 437 III.—DE
2142 374 2518 438 CONVIVIO.

3481 385 3624 450 1442

350 487 545 560 Κυρίῳ
589 486 798 550 ἐσθίει,
853 486 950 540 καὶ
991 486 1310 558 εὐχαριστεῖ
1349 487 1428 559 τῷ
1458 488 1612 559 Θεῷο
1668 489 1763 544 καὶ
1795 489 1822 541 6
1853 486 1926 556 μὴ

2033 494 2128 539 aut
2178 485 2330 539 cadit
2371 487 2437 539 °°.
2473 505 2490 536 ι
2533 485 2740 541 lterum
2776 503 2789 540 :
2827 503 2844 538 ι
2881 485 2985 554 Qui
3023 488 3344 556 manducat,
3391 494 3628 552 Domino

351 578 578 644 ἐσθίων,
627 578 820 649 Κυρίῳ
865 578 968 632 οὐκ
1010 563 1206 632 ἐσθίει.
1234 597 1252 629 ›
1292 610 1358 618 —
1398 598 1416 630 ι
1447 578 1539 650 Μὴ
1569 578 1759 632 ἕνεκεν
1787 574 1931 648 βρώ-

355 687 526 742 ματος
582 669 759 723 κώλυε
813 668 874 721 τὸ
918 666 1226 739 ἔργοντοῦ
1272 669 1432 723 Θεοῦ.
1461 688 1478 720 ι
1543 671 1652 722 Καὶ
1697 669 1930 737 ἐπάγειο

359 784 376 814 ι
427 763 613 816 Πάντα
664 761 763 832 μὲν
819 762 1076 833 καθαρὰ,
1134 763 1271 816 ἀλλὰ
1319 763 1493 819 κακὸν
1539 762 1615 834 τῷ
1659 761 1934 833 ἀνθρώπῳ

349 855 428 924 τῷ
475 853 562 907 διὰ
608 853 1038 924 προσκόμματος
1084 854 1342 908 ἐσθίοντι.
1373 873 1391 906 ι
1422 855 1556 919 Ka't,
1597 873 1615 905 ι
1647 855 1934 925 Μακάριος
1973 874 1982 883 ·

350 946 379 998 6
413 946 490 1018 μὴ
523 945 724 1016 κρίνων
752 946 944 998 ἑαυτὸν
980 947 1037 998 ἐν
1139 945 1445 1016 δοκιμάζει.
1488 945 1546 998 Ὁ
1574 943 1631 997 δὲ
1660 943 1935 1014 διακρινόο

355 1055 518 1107 μενος
545 1036 640 1089 ἐὰν
665 1037 840 1108 φάγῃ.
873 1037 1299 1108 κατακέκριται.
1327 1036 1409 1090 ὅτι
1434 1037 1533 1090 οὐκ
1556 1038 1618 1089 ἐκ
1641 1035 1926 1098 πίστεως.»

351 1159 416 1168 -
447 1146 464 1180 ι
499 1127 706 1200 Βρῶμα
731 1129 787 1182 δέ
817 1130 966 1199 ἡμᾶς
997 1129 1301 1200 παρίστησι
1328 1129 1341 1168 ί
1381 1127 1458 1197 τῷ
1487 1126 1624 1196 Θεῷ.
1662 1126 1800 1179 Οὑτε
1824 1126 1933 1197 γὰρ

351 1221 447 1274 ἐὰν
497 1220 796 1291 φάγωμεν.
855 1223 1298 1290 περισσεύομεν,
1376 1210 1500 1274 οὐτε
1556 1219 1651 1274 ἐὰν
1705 1219 1780 1292 μὴ
1832 1220 1934 1288 φά-

351 1329 562 1382 γωμεν,
589 1311 968 1384 ὑστερούμεθα
989 1313 1002 1362 t'
1022 1332 1069 1366 ,ι
1110 1312 1220 1367 Καὶ
1250 1315 1278 1367 6
1305 1315 1718 1384 Παροιμιαστής
1739 1329 1754 1344 ·
1796 1332 1815 1364 ι
1842 1314 1932 1383 Μὴ

348 1407 643 1478 ἀπατηθῇς
692 1408 1002 1479 χορτασίᾳὶί
1035 1407 1268 1470 κοιλίας.
1325 1408 1486 1478 Ψυχὴ
1519 1409 1630 1479 γὰρ
1690 1409 1747 1461 ἐν
1793 1408 1932 1475 πλη-

353 1502 527 1570 σμονῇ
560 1495 696 1553 οὖσα
720 1499 934 1572 κηρίοις
965 1500 1228 1572 ἐμπαίζει
1252 1498 1270 1538 1
1294 1517 1306 1531 ·
1343 1500 1492 1571 ψυχῇ
1523 1500 1579 1553 δὲ
1610 1501 1795 1556 ἐνδεεῖ.
1833 1503 1931 1554 καὶ

346 1591 418 1646 τὰ
464 1593 640 1663 πικρὰ
697 1593 906 1663 γλυκέα
980 1593 1252 1663 φαίνεται.
1290 1612 1308 1645 ›
1371 1593 1430 1646 '0
1475 1593 1533 1646 δὲ
1587 1593 1927 1658 Ἀπόστολος,

347 1684 664 1756 καθαρίζων
696 1688 764 1740 τὰ
798 1686 1085 1758 βρώματα,
1113 1687 1312 1757 φησιν’
1356 1703 1374 1736 ι
1408 1688 1474 1740 Ἀ
1507 1688 1534 1740 6
1561 1686 1691 1751 Θεὸς
1717 1686 1929 1740 ἔκτισεν

347 1779 429 1842 είς
469 1779 774 1849 μετάληψιν
832 1780 971 1850 μετὰ
1009 1779 1367 1851 εὐχαριστίας
1396 1782 1508 1842 τοῖς
1533 1781 1780 1844 πιστοῖς,
1830 1781 1925 1835 καὶ

346 1871 741 1937 ἐπεγνωκόσιιη
789 1871 888 1939 τὴν
935 1871 1233 1942 ἀλήθειαν,
1287 1872 1368 1925 ὅτι
1407 1874 1518 1925 πᾶν
1549 1873 1756 1943 κτίσμα
1782 1873 1920 1926 Θεοῦ

345 1959 514 2014 καλὸν
532 2001 547 2025 ,
597 1962 693 2014 καὶ
720 1962 871 2014 οὐδὲν
897 1961 1205 2034 ἀπόϐλητον
1236 1962 1378 2032 μετὰ
1403 1964 1759 2035 εὐχαριστίας
1783 1965 1922 2036 λαμ-

346 2052 670 2124 ϐανόμενον.
715 2052 1036 2122 Ἀγιάζεται
1084 2055 1195 2125 γὰρ
1251 2054 1340 2108 διὰ
1384 2054 1546 2124 λόγου
1600 2057 1692 2110 καὶ
1739 2057 1920 2110 ἐντεύ-

343 2144 503 2212 ξεως.
533 2165 551 2197 ι
596 2145 728 2208 Καὶ,
773 2164 790 2196 ι
813 2145 1006 2199 Πάντα
1033 2145 1250 2217 καθαρὰ
1277 2148 1389 2211 τοῖς
1420 2146 1704 2220 καθαροῖς.
1731 2167 1748 2200 ›
1787 2149 1919 2212 Καὶ,

348 2255 367 2287 ι
404 2236 500 2299 Εἰς
539 2235 600 2288 τὸ
643 2238 838 2304 φαγεῖν
876 2236 1146 2307 ἀλλήλους
1175 2237 1490 2308 ἐκδέχεσθε.
1521 2257 1539 2289 ι
1577 2240 1716 2310 Φησὶ
1742 2239 1800 2292 δὲ
1828 2241 1924 2293 καὶ

339 2327 367 2377 6
389 2325 584 2395 νόμος·
621 2345 639 2378 ι
666 2323 865 2394 Φαγὼν
890 2327 987 2379 καὶ
1017 2326 1376 2396 ἐμπλησθεὶς,
1403 2328 1697 2400 εὐλόγησον
1719 2331 1922 2400 Κύριον

339 2418 432 2470 τὸν
458 2416 592 2470 Θεόν
627 2433 745 2471 σου.
782 2436 799 2468 ι
858 2418 971 2470 Καὶ
1019 2419 1048 2472 6
1084 2419 1252 2474 Δαϐὶδ
1301 2421 1644 2493 εὐχαριστῶν
1694 2421 1881 2490 ἔλεγεν
1906 2437 1919 2451 ·

347 2528 365 2561 ι
401 2510 653 2573 Ἕδωκας
699 2510 1047 2583 εὐφροσύνην
1102 2514 1182 2575 εἰς
1226 2512 1326 2584 τὴν
1368 2513 1599 2585 καρδίαν
1641 2531 1780 2584 μου,
1815 2515 1924 2568 ἀπὸ

341 2597 560 2668 καρποῦ
619 2599 770 2653 σίτου
829 2601 926 2654 καὶ
968 2601 1113 2654 οίνου
1147 2602 1242 2654 καὶ¹
1273 2601 1482 2658 ἐλαίου.
1515 2623 1534 2656 ι
1580 2603 1688 2657 Καὶ
1719 2604 1883 2657 πάλιν
1906 2621 1920 2636 ο

346 2707 365 2739 ι
397 2690 522 2742 ’Ὁτι
554 2689 817 2760 ἐχόρτασε
850 2690 1032 2762 ψυχὴν
1058 2690 1222 2761 κενὴν
1242 2733 1256 2756 ,
1311 2693 1407 2746 καὶ
1437 2692 1616 2765 ψυχὴν
1646 2693 1924 2748 πεινῶσαν

339 2779 641 2849 ἐνέπλησεν
661 2780 906 2849 ἀγαθῶν.
923 2799 940 2833 ι
965 2781 1024 2834 Ὀ
1041 2781 1096 2834 δὲ
1117 2781 1322 2847 ἀγαθὸς
1343 2782 1565 2852 Κύριος,
1588 2782 1758 2838 θέλων
1777 2785 1925 2855 ἡμᾶς

346 2875 780 2942 μετριοςρρονεῖν,
802 2873 969 2942 φησίν
989 2890 1003 2905 ο
1033 2893 1050 2926 ι
1078 2875 1247 2928 Ὅταν
1276 2874 1546 2945 καθίσῃςυ
1571 2877 1650 2940 είς
1677 2876 1921 2948 ἄριστον,

345 2965 422 3033 μὴ
452 2963 788 3036 κατακλιθῇς
820 2966 900 3028 είς
928 2966 1333 3036 πρωτοκλισίαν
1354 3006 1370 3032 ,
1439 2968 1512 3037 μή
1547 2985 1675 3020 ποτε
1706 2969 1921 3038 ἐντιμό-

341 3055 502 3124 τερός
533 3071 628 3107 σου
728 3055 1064 3126 κεκλημένος
1101 3057 1194 3110 ὑπ’
1224 3055 1396 3111 αὐτοῦ
1424 3073 1438 3088 ο
1477 3059 1572 3112 καὶ
1605 3057 1774 3112 ἐλθὼν
1807 3060 1834 3113 6
1863 3059 1924 3112 σὲ

2036 577 2355 641 manducat,
2387 587 2444 633 et
2472 579 2677 648 gratias
2713 579 2826 651 agit
2850 580 2963 635 Deo
3004 581 3071 634 9‘.
3111 601 3129 633 ι
3163 582 3378 640 Rursus
3407 604 3420 639 :
3457 607 3474 638 ι
3499 589 3625 645 Noli

2034 661 2266 738 propter
2312 668 2500 722 cibum
2559 669 2795 738 perdere
2834 685 2975 740 opus
3023 671 3120 726 Dei
3171 674 3238 726 9'.
3273 693 3292 723 ι
3351 675 3572 733 Inducit
3609 699 3623 735 :

2045 777 2064 810 ι
2095 757 2292 814 Omnia
2341 760 2566 830 quidem
2604 760 2830 825 munda,
2878 761 2976 815 sed
3026 762 3230 816 malum
3262 774 3369 828 est,
3399 777 3628 838 propter

2036 849 2435 904 oﬂ’endiculum
2489 850 2830 905 manducare
2867 852 2935 904 ³³.
2976 871 2994 903 ›
3037 852 3105 906 Et
3149 870 3163 906 :
3219 873 3236 905 ι
3275 854 3476 912 Beatus
3528 861 3626 930 qui

2037 957 2148 995 non
2195 941 2411 1012 judicat
2443 941 2710 1010 seipsum,
2758 941 2813 996 in
2852 958 2919 998 eo
2955 944 3102 1013 quod
3135 947 3353 1015 probat.
3388 948 3492 1015 Qui
3524 967 3626 1006 au-

2037 1039 2147 1085 tem
2193 1031 2484 1094 discernit,
2517 1031 2561 1086 si
2588 1032 2865 1096 comedat,
2913 1033 3326 1092 damnationem
3362 1037 3622 1107 incurrit,

2035 1124 2167 1194 quia
2219 1139 2330 1178 non
2363 1139 2429 1178 ex
2466 1123 2571 1178 fide
2605 1123 2673 1178 ".
2713 1144 2820 1176 ›-
2848 1144 2865 1176 ‹
2912 1125 3304 1184 Verumtamen
3340 1145 3467 1186 esca
3521 1149 3626 1190 nos

2035 1214 2393 1268 commendat
2441 1214 2589 1279 Deo;
2640 1229 2823 1283 neque
2860 1215 2903 1268 si
2951 1217 3330 1282 comedamus,
3371 1220 3627 1276 abunda-

2034 1303 2242 1364 bimus,
2298 1318 2480 1373 neque
2515 1303 2560 1357 si
2597 1319 2710 1358 non
2762 1305 3191 1373 comederimus,
3229 1311 3412 1365 minus
3451 1311 3616 1367 habe-

2034 1394 2223 1449 bimus
2253 1397 2321 1450 ".
2353 1415 2370 1446 ι
2409 1395 2793 1451 Paraemiastes
2822 1414 2834 1448 :
2873 1415 2892 1447 ‹
2919 1397 2998 1452 Ne
3023 1407 3075 1452 te
3099 1399 3340 1470 decipiat
3362 1405 3625 1460 saturitas

2037 1482 2272 1537 ventris.
2319 1482 2518 1538 Anima
2553 1485 2702 1540 enim
2734 1493 2922 1541 satura
2954 1487 3139 1542 illudit
3190 1489 3366 1557 favis;
3424 1495 3624 1550 animae

2035 1586 2220 1630 autem
2245 1576 2536 1642 esurienti,
2564 1577 2732 1632 etiam
2759 1594 2968 1644 amara,
2995 1579 3180 1636 dulcia
3205 1581 3466 1638 videntur
3497 1587 3563 1640 ’°.
3597 1607 3616 1638 ι

2032 1665 2332 1736 Apostolus
2387 1666 2693 1727 insinuans,
2716 1669 2931 1722 nullum
2967 1685 3079 1723 non
3119 1670 3230 1725 cibi
3280 1687 3455 1742 genus
3499 1690 3622 1731 esse

2034 1757 2326 1822 mundum,
2359 1758 2436 1812 ait
2468 1774 2484 1812 :
2537 1778 2556 1810 ι
2590 1758 2740 1826 Quos
2774 1761 2921 1815 Deus
2954 1763 3168 1826 creavit
3206 1764 3274 1818 ad
3311 1765 3625 1836 percipien-

1961 1834 1999 1887 Β
2031 1849 2160 1902 dum
2195 1866 2320 1905 cum
2376 1852 2679 1921 gratiarum
2735 1853 2955 1909 actione
2993 1853 3256 1911 ﬁdelibus
3291 1867 3350 1911 et
3400 1834 3483 1913 iis—
3523 1859 3616 1929 qui

2029 1950 2377 2010 agnoverunt
2424 1942 2745 2008 veritatem,
2795 1943 2927 2012 quia
2980 1945 3163 2000 omnis
3214 1956 3473 2002 creatura
3520 1950 3619 2005 Dei

2031 2031 2175 2085 bona
2225 2041 2330 2095 est,
2386 2042 2442 2086 ct
2497 2034 2636 2088 nihil
2689 2035 3087 2105 abjiciendum,
3138 2038 3286 2108 quod
3337 2054 3463 2094 cum
3494 2057 3622 2112 gra-

2032 2123 2237 2177 tiarum
2290 2124 2508 2180 actione
2563 2125 2855 2180 sumitur:
2899 2128 3281 2183 sanctiﬁcatur
3312 2130 3460 2184 enim
3517 2148 3621 2203 per

2031 2215 2263 2269 verbum
2287 2216 2382 2269 Dei
2413 2225 2467 2270 et
2493 2216 2802 2271 orationem
2829 2218 2896 2271 ⁸⁷.
2940 2237 2959 2269 ›
2999 2219 3069 2274 Et
3099 2236 3114 2273 :
3143 2238 3160 2271 ι
3183 2219 3379 2276 Omnia
3411 2225 3616 2279 munda

2030 2308 2256 2363 mundis
2287 2310 2354 2364 ³⁸.
2390 2329 2408 2360 ι
2448 2310 2517 2364 Ει
2550 2327 2566 2365 :
2609 2330 2626 2361 ι
2661 2310 2740 2364 Ad
2782 2311 3226 2366 manducandum
3254 2312 3489 2369 invicem
3519 2331 3619 2370 ex-

2031 2408 2282 2470 spectate
2333 2402 2398 2456 ".
2446 2419 2464 2452 ι
2516 2401 2628 2456 Lex
2665 2403 2939 2472 insuper:
2988 2423 3008 2453 ι
3040 2403 3180 2457 Dum
3222 2407 3529 2462 comederis
3561 2415 3618 2463 et

2025 2502 2303 2548 saturatus
2324 2493 2516 2558 fueris,
2533 2494 2850 2549 benedicito
2865 2495 3158 2550 Dominum
3175 2497 3346 2552 Deum
3368 2507 3521 2552 tuum
3537 2500 3608 2554 ¹.›

2025 2586 2220 2647 David,
2246 2587 2357 2640 Deo
2378 2588 2700 2656 neutiquam
2765 2587 3052 2658 ingratus:
3083 2606 3101 2640 ι
3133 2590 3368 2657 Dedisti,
3405 2591 3610 2661 inquit,

2025 2678 2272 2733 laetitiam
2298 2679 2353 2734 in
2385 2680 2550 2734 corde
2578 2695 2720 2744 meo.
2754 2696 2783 2735 a
2813 2680 2999 2736 fructu
3026 2680 3292 2737 frumenti
3317 2691 3373 2738 et
3393 2683 3502 2739 olei
3525 2687 3566 2742 ⁸.
3587 2704 3607 2738 ι

2027 2772 2230 2826 lterum
2273 2791 2287 2827 :
2330 2793 2348 2824 ι
2385 2773 2522 2841 Quia
2583 2775 3073 2831 satiavitanimam
3099 2777 3342 2845 inanem,
3392 2789 3451 2835 et
3483 2781 3610 2837 ani~

2030 2882 2174 2920 mam
2208 2867 2547 2921 esurientem
2571 2869 2838 2922 satura-vit
2863 2869 3027 2924 bonis
3049 2872 3089 2924 ³.
3115 2889 3132 2923 ›
3169 2871 3414 2941 Cupiens
3442 2889 3616 2943 porro

2027 2958 2319 3025 Dominus,
2346 2960 2583 3014 modesti
2612 2969 2672 3014 ut
2703 2961 2878 3016 simus
2916 2978 2980 3016 ac
3006 2952 3150 3034 frugi
3181 2963 3456 3028 homines,
3492 2965 3570 3020 ait
3596 2984 3610 3019 :

2037 3069 2055 3102 ι
2096 3051 2328 3118 Quando
2364 3053 2632 3108 invitatus
2678 3053 2853 3109 fueris
2897 3055 2965 3109 ad
3036 3057 3354 3126 prandium,
3399 3072 3471 3112 ne
3519 3072 3615 3113 eas

343 3147 441 3199 καὶ
492 3148 702 3200 ἐκεῖνον
748 3145 988 3211 καλέσας
1013 3189 1028 3213 ,
1079 3146 1198 3219 ἐρεῖ
1232 3165 1314 3214 σοι
1337 3163 1352 3180 ο
1400 3151 1499 3212 Δὸς
1532 3149 1708 3221 τούτῳ
1739 3151 1920 3217 τόπον,

2031 3142 2373 3199 discubitum
2409 3144 2463 3198 in
2501 3144 2680 3215 primo
2705 3147 2982 3212 accubitu,
3022 3165 3091 3203 ne
3114 3148 3256 3204 forte
3289 3150 3615 3205 honoratior

340 3239 437 3292 καὶ
486 3239 607 3292 τότε
665 3238 804 3310 ἄρξῃ
863 3240 982 3310 μετ’
1025 3239 1292 3310 αἰσχύνης
1345 3242 1437 3293 τὸν
1491 3241 1721 3312 ἔσχατον
1767 3245 1930 3297 τόπον

345 3331 620 3402 μετέχειν.
686 3331 828 3384 Ἀλλ’
873 3332 1004 3386 ὃταν
1051 3331 1424 3404 κατακλιθῇς,
1477 3333 1766 3405 πορευθεὶς
1800 3335 1930 3390 ἀνά-

345 3439 480 3475 πεσε
535 3424 615 3487 εἰς
661 3423 753 3477 τὸν
809 3423 1040 3495 ἔσχατον
1078 3424 1280 3487 τόπον,
1337 3424 1402 3477 ἵν’
1431 3425 1562 3477 ὅταν
1625 3425 1754 3498 ἔλθῃ
1783 3429 1930 3480 ὀκε-

343 3513 564 3584 κληκὼς
592 3532 674 3579 σε,
713 3517 840 3589 εῐπῃ
878 3531 1001 3569 σοι·
1025 3503 1186 3583 Φίλε,
1223 3517 1604 3588 προσανάϐηθι
1634 3516 1926 3589 ἀνώτερον.

341 3607 479 3659 Τότε
533 3606 689 3662 ἐσται
738 3625 820 3661 σοι
862 3606 989 3673 δόξα
1034 3605 1270 3660 ἐνώπιον
1303 3609 1526 3664 πάντων
1554 3607 1664 3662 τῶν
1695 3625 1928 3663 συνανα-

341 3696 619 3766 κειμένων
663 3714 746 3750 σοι
771 3737 786 3760 ,
842 3698 925 3750 ὅτι
955 3698 1065 3760 πᾶς
1096 3699 1124 3750 6
1154 3696 1307 3767 ὑψῶν
1335 3697 1553 3764 ἑαυτὸν,
1585 3698 1929 3769 ταπεινωθήο

342 3806 536 3856 σεται,
588 3791 685 3842 καὶ
721 3789 748 3841 6
775 3788 1056 3842 ταπεινῶν
1088 3788 1304 3853 ἑαυτὸν,
1343 3787 1715 3858 ὑψωθήσεται.
1745 3808 1764 3842 ι
1815 3790 1946 3847 Καὶ.

339 3880 514 3936 ταῦτα
545 3881 648 3952 μὲν
679 3883 762 3944 είς
787 3882 1008 3934 σύνεσιν
1035 3880 1130 3934 καὶ
1155 3879 1430 3948 ὠφέλειαν
1457 3881 1639 3935 ίκανὰ.
1666 3879 1849 3934 Καλὸν
1868 3881 1926 3933 δὲ

297 4035 300 4038 _
341 3973 438 4026 καὶ
464 3974 874 4044 ἐπιμνησθῆναι
907 3973 1126 4027 καὶτοῦ
1159 3973 1303 4026 Ἰώϐ.
1356 3972 1497 4043 Φησὶ
1529 3972 1638 4044 γάρ
1661 3988 1676 4003 ⁸
1729 3990 1749 4024 ι
1780 3973 1844 4026 Εἰ
1869 3971 1924 4024 δὲ

341 4066 438 4120 καὶ
467 4066 567 4119 τὸν
590 4066 786 4137 ψωμόν
820 4067 983 4138 μόνος
1012 4067 1240 4136 ἔφαγον,
1274 4067 1370 4120 καὶ
1401 4067 1525 4137 οὐχὶ
1549 4065 1772 4138 ὀρφανῷ
1798 4082 1925 4136 μετ-

339 4158 550 4225 έδωκα,
604 4159 687 4212 ὅτι
719 4161 784 4213 ὲκ
810 4160 1069 4230 νεότητός
1099 4178 1202 4231 μου
1233 4158 1527 4232 ἐξέτρειρον
1557 4158 1633 4222 ὡς
1659 4161 1862 4229 πατήρ.
1899 4177 1918 4210 ι

338 4251 452 4304 Καὶ
487 4249 652 4304 πάλιν
695 4251 724 4304 6
753 4249 962 4320 Κύριος
985 4267 1000 4281 ο
1059 4269 1078 4303 ι
1110 4252 1284 4306 Ὅταν
1333 4254 1460 4322 ποιῇ
1493 4249 1718 4322 ἄριστον
1750 4250 1784 4322 ἦ
1815 4250 1922 4303 δεῖ-

337 4357 492 4406 πνον,
525 4341 600 4412 μὴ
627 4341 796 4412 φώνει
821 4341 952 4406 τοὺς
979 4341 1168 4410 φίλους
1193 4358 1310 4406 σου,
1341 4341 1477 4412 μηδὲ
1501 4341 1628 4405 τοὺς
1649 4340 1919 4410 ἀδελφούς

339 4448 458 4496 σου,
493 4431 629 4502 μηδὲ
656 4433 782 4497 τούς
813 4435 1099 4501 συγγενεῖς
1128 4448 1244 4495 σου,
1296 4431 1433 4503 μηδέ
1480 4432 1735 4500 γείτονας
1783 4429 1923 4502 πλη-

2035 3243 2085 3289 te
2139 3237 2326 3289 veniat
2375 3236 2639 3290 invitatus
2694 3237 2763 3290 ab
2800 3237 2914 3298 illo,
2953 3249 3010 3293 et
3072 3240 3303 3294 veniens
3336 3240 3433 3309 qui
3468 3249 3519 3295 te
3557 3250 3614 3295 et

2032 3327 2189 3382 illum
2244 3328 2522 3393 invitavit,
2577 3329 2726 3383 dicat
2783 3329 2929 3382 tibi:
2988 3331 3065 3384 Da
3107 3331 3239 3385 huic
3284 3331 3493 3399 locum,
3554 3340 3612 3387 et

2031 3427 2165 3474 tunc
2220 3419 2453 3489 incipies
2486 3435 2611 3473 cum
2659 3421 2868 3489 pudore
2917 3421 3282 3477 novissimum
3314 3424 3494 3478 locum
3525 3430 3613 3479 te-

2036 3528 2188 3566 nere.
2219 3512 2326 3567 Sed
2379 3528 2504 3567 cum
2553 3513 2817 3568 invitatus
2871 3514 3066 3578 fueris,
3125 3514 3286 3581 vade,
3323 3515 3610 3570 discumbe

2034 3602 2089 3656 in
2118 3603 2424 3657 novissimo
2463 3604 2604 3668 loco,
2630 3613 2690 3657 ut
2711 3619 2835 3658 cum
2866 3605 3084 3658 venerit
3109 3607 3204 3674 qui
3241 3614 3292 3660 te
3326 3606 3599 3664 invitavit.

2030 3695 2182 3750 dicat
2222 3695 2368 3749 tibi:
2405 3696 2615 3759 Amice,
2664 3697 2898 3752 ascende
2949 3699 3228 3766 superius.
3285 3699 3442 3755 Tunc
3499 3702 3609 3756 erit

2033 3789 2134 3843 tibi
2192 3789 2363 3858 gloria
2414 3803 2601 3842 coram
2636 3788 2895 3842 omnibus
2948 3789 3047 3844 tibi
3099 3789 3606 3856 accumbentibus;

2026 3880 2157 3950 quia
2206 3879 2388 3935 omnis
2445 3881 2540 3948 qui
2601 3894 2659 3933 se
2705 3880 2928 3943 exaltat,
2967 3880 3377 3949 humiliabitur,
3413 3892 3470 3937 et
3509 3886 3605 3953 qui

2031 3978 2090 4025 se
2145 3969 2424 4034 humiliat,
2472 3970 2804 4024 exaltabitur
2829 3971 2872 4024 δ.
2909 3989 2927 4022 ι
2967 3971 3036 4025 Ει
3062 3972 3180 4028 haec
3212 3973 3435 4042 quidem
3467 3991 3606 4043 qua-

2029 4071 2194 4117 tenus
2236 4062 2304 4117 ad
2343 4061 2764 4132 intelligentiam
2799 4079 2864 4117 ac
2912 4065 3196 4133 spirituale
3252 4068 3604 4123 commodum

2031 4155 2253 4218 attinet,
2291 4154 2426 4208 satis
2472 4153 2602 4208 sint.
2634 4154 2754 4208 Non
2804 4154 3217 4209 dissentaneum
3267 4157 3438 4212 fuerit
3485 4175 3604 4213 mc-

2025 4249 2260 4303 minisse
2289 4247 2578 4302 sentcntiae
2622 4246 2770 4302 illius
2797 4247 2941 4302 Job:
2984 4266 3001 4298 ι
3031 4247 3186 4313 Quod
3223 4249 3269 4303 si
3294 4249 3600 4304 buccellam

2026 4357 2206 4396 meam
2244 4341 2394 4395 solus
2445 4339 2683 4402 comedi,
2719 4346 2774 4394 et
2811 4355 2923 4394 non
2973 4340 3244 4409 pupillum
3276 4341 3601 4411 participem

2023 4433 2151 4498 feci,
2204 4432 2462 4503 quoniam
2495 4432 2564 4486 ab
2597 4431 2971 4488 adolescentia
3021 4449 3143 4487 mea
3173 4435 3192 4464 ⁸
3227 4434 3468 4487 cnutrivi
3535 4443 3596 4488 ut

338 4522 490 4579 σίονο
519 4542 638 4592 σου,
675 4526 887 4597 μήποτε
917 4525 1012 4578 καὶ
1038 4523 1192 4577 αὐτοί
1235 4540 1295 4576 σε
1353 4525 1777 4590 ἀντικαλέσωσι,
1821 4524 1918 4578 καὶ

2029 4526 2235 4595 ναίει-⁸.
2263 4543 2280 4573 ι
2306 4524 2534 4588 lterum,
2568 4525 2866 4579 Dominus:
2899 4543 2916 4575 ι
2936 4524 3072 4579 Cum
3097 4524 3292 4580 feceris
3307 4524 3600 4594 prandium

334 4616 566 4687 γένηταί
613 4633 696 4670 σοι
723 4617 1102 4685 ἀνταπόδομα.
1165 4614 1308 4669 Ἀλλ’
1335 4615 1466 4669 ὅταν
1520 4619 1682 4687 ποιῇς
1729 4616 1914 4689 δοχὴν,

335 4706 495 4762 κάλει
532 4709 804 4779 πτωχοὺς,
860 4708 1202 4779 ἀναπήρους,
1239 4705 1470 4778 χωλοὺς,
1501 4706 1768 4776 τυφλοὺς,
1817 4710 1916 4763 καὶ⁵

339 4801 611 4870 μακάριος
660 4798 790 4874 ἔσῃ,
845 4801 928 4855 ὅτι
978 4801 1081 4853 οὐκ
1127 4799 1344 4870 ἔχουσιν
1385 4797 1780 4853 ἀνταποδοῦναί
1809 4815 1912 4854 σοι’

336 4891 840 4963 ἀνταποδοθήσεται
874 4890 933 4946 δέ
967 4909 1071 4958 σοι,
1107 4893 1165 4946 ἐν
1215 4893 1283 4963 τῇ
1331 4889 1631 4946 ἀναστάσει
1680 4889 1792 4944 τῶν
1841 4890 1920 4944 δι-

337 4982 533 5051 καίων,
577 4983 730 5056 παρὰ
783 4983 880 5039 τοῦ
929 4983 1086 5038 Θεοῦ.
1114 5002 1135 5037 ι
1175 4981 1336 5055 Αὑτῷ
1385 4985 1420 5054 ἡ
1467 4982 1596 5048 δόξα
1653 4984 1738 5045 εἰς
1792 4983 1920 5038 τοὺς·

337 5074 562 5139 αἰῶνας.
607 5075 804 5146 ’Δμήν.

2023 4627 2119 4671 aut
2166 4630 2404 4681 coenam,
2457 4631 2526 4671 ne
2580 4616 2866 4671 vocaveris
2915 4616 3126 4686 1032
3176 4615 3384 4671 amicos
3454 4624 3598 4681 tuos,

2029 4721 2214 4777 neque
2243 4705 2441 4761 fratres
2472 4713 2619 4771 tuos,
2646 4721 2827 4777 neque
2855 4715 3138 4777 cognatos,
3169 4721 3349 4776 neque
3387 4706 3602 4761 vicinos

2029 4799 2254 4864 divites,
2297 4814 2367 4853 ne
2404 4797 2547 4854 forte
2581 4807 2637 4854 et
2689 4798 2793 4870 ipsi
2826 4798 3126 4853 reinvitent
3161 4806 3214 4852 te
3265 4806 3321 4852 et
3359 4795 3452 4852 ﬁat
3502 4798 3601 4853 tibi

2035 4890 2372 4958 retributio;
2427 4889 2522 4944 sed
2567 4891 2788 4960 quando
2843 4888 3044 4945 feceris
3077 4887 3415 4952 convivium,
3467 4902 3602 4943 voca

2021 4997 2320 5052 pauperes,
2357 4980 2598 5048 debiles,
2628 4982 2879 5050 claudos,
2917 4995 3130 5047 caecos;
3161 4986 3219 5035 et
3243 4980 3440 5034 beatus
3467 4980 3599 5044 eris,

2017 5074 2154 5144 quia
2193 5088 2307 5129 non
2355 5073 2565 5131 habent
2609 5075 2922 5130 retribuere
2959 5072 3092 5138 tibi;
3131 5070 3476 5127 retribuetur
3505 5087 3604 5128 au—

342 5180 449 5222 tem
482 5167 583 5222 tibi
608 5167 665 5222 in
693 5168 1103 5224 resurrectione
1120 5168 1401 5240 justorum
1451 5175 1495 5224 7.
1534 5187 1555 5221 ι
1599 5166 1708 5239 Ipsi
1738 5165 1912 5238 gloria
1951 5167 2010 5222 in
2053 5166 2280 5223 secula.
2311 5165 2505 5222 Amen.

408 5320 457 5353 ’°
506 5319 644 5378 ibid.
681 5322 735 5375 5.
812 5320 856 5353 ⁹¹
895 5319 1033 5376 ibid.
1087 5321 1140 5377 6.
1217 5323 1264 5355 θ’
1315 5322 1456 5377 ibid.
1511 5322 1600 5379 15.
1674 5323 1720 5355 ’³
1769 5321 1906 5378 ibid.

2035 5362 2049 5377 .
2129 5321 2178 5354 ”
2230 5321 2366 5376 ibid.
2417 5321 2509 5386 22,
2562 5321 2652 5376 25.
2727 5321 2832 5376 "1
2878 5320 3006 5377 Cor.
3047 5336 3162 5383 vm,
3207 5321 3259 5376 8.
3333 5323 3380 5355 ⁶⁶
3428 5323 3588 5379 Prov.

338 5407 506 5452 xxv",
542 5395 593 5446 7.
671 5392 714 5424 ⁸⁷
782 5389 976 5446 lTim.
1016 5407 1090 5456 iv,
1121 5390 1238 5447 5-5.
1313 5393 1361 5425 ⁸⁸
1422 5391 1534 5448 Tit.
1577 5408 1616 5457 ι,
1669 5393 1757 5448 15.
1833 5393 1926 5448 "1

2029 5407 2096 5447 π.
2138 5408 2213 5456 xi,
2267 5391 2354 5446 '55.

1515 5463 1550 5544 '.
1585 5462 1926 5544 ἐξέτρεψεν.)

2049 5463 2255 5535 πατὴρ,
2290 5478 2392 5533 pro
2450 5477 2560 5532 quo
2608 5463 2762 5536 Vulg.
2832 5464 3119 5536 grandivit,
3192 5462 3421 5519 adolevit
3450 5504 3465 5532 ,
3512 5465 3599 5520 vel

852 5531 874 5564 ‘
900 5532 1004 5589 Job
1033 5547 1182 5598 xxxx,
1222 5533 1311 5597 17,
1365 5532 1452 5587 18.
1530 5534 1550 5566 ⁷
1583 5531 1744 5598 ibid.,
1771 5534 1960 5589 12-14.

337 5463 358 5492 ³
398 5462 540 5516 Psal.
596 5479 702 5527 cvr,
758 5461 812 5518 9.

335 5535 496 5586 crevit
531 5549 755 5588 mecum.

886 5468 908 5494 ⁵
939 5461 1071 5517 Luc.
1104 5475 1230 5525 xw,
1263 5461 1418 5516 8-11.

2463 5392 2670 5447 ‘Deut.
2726 5409 2840 5460 vm,
2890 5392 2978 5446 10.
3068 5393 3089 5425 ³
3122 5391 3266 5446 Psal.
3309 5407 3384 5458 IV,
3437 5396 3501 5458 7,
3541 5395 3594 5447 8.

1633 5648 1872 5705 VARIA‘I
1903 5647 2307 5706 LECTIONES.

416 5741 432 5780 ἰ
467 5756 692 5812 παραστ

416 5741 432 5780 i
467 5740 838 5863 παραστησει.
937 5740 950 5790 i
983 5740 1334 5811 ὑστεροῦμεν.

338 5826 546 5864 σκουσι.
625 5820 651 5848 υ
674 5828 708 5863 κ
744 5811 901 5880 τιθῇς.
978 5819 999 5840 °
1023 5810 1334 5876 πλουσίους.

937 5737 950 5790 i
983 5738 1342 5814 ὑστεροῦμεν.
1420 5741 1447 5782 II
1471 5742 1754 5814 χορτάσαι.
1841 5739 2160 5813 ¹ὲμπαίξει,
2200 5740 2406 5798 rectius
2434 5751 2622 5798 nostra
2653 5739 2847 5806 editio,
2885 5741 3129 5794 calcabit.

3275 5747 3315 5775 ιιι
3345 5737 3604 5806 ἐπιγινόμ-
