4052 6534
541 335 563 398 1
580 336 678 399 £43

1120 445 1408 503 HOMILIA
1459 445 1549 501 IV.

804 561 878 616 De
925 561 1189 616 edacitate
1240 562 1349 615 sive
1379 559 1577 614 ventris
1614 559 1861 630 ingluvie.

608 695 756 751 Nulli
815 708 926 749 non
977 692 1268 747 hominum
1324 691 1576 761 apprime
1639 693 2017 747 necessarium
2054 694 2128 748 sit

537 789 649 842 vim
696 786 906 841 inferre
941 784 1155 839 ventris
1197 782 1484 845 edacitati,
1531 799 1766 855 eamque
1802 787 1953 857 jusla
1989 795 2127 840 tem-

538 879 694 949 perie
743 876 1073 933 moderari:
1117 876 1173 929 in
1231 875 1428 945 primis
1478 884 1663 931 tamen
1715 893 1810 932 eos
1865 876 2122 945 addecet,

535 972 743 1042 quibus
798 984 946 1025 cura:
991 976 1080 1023 est
1122 968 1214 1038 pia
1260 968 1535 1023 servitute
1562 970 1747 1023 colere
1782 971 1978 1024 Deum.
2010 970 2125 1025 Ilo-

538 1073 757 1118 nestum
816 1077 950 1117 sane
999 1060 1073 1116 sit
1106 1061 1400 1131 prandium
1437 1077 1601 1117 omne
1654 1060 1791 1115 illud
1821 1061 1969 1130 quod
2003 1077 2124 1116 mo—

536 1157 729 1211 derata
798 1154 1125 1225 transigitur
1169 1154 1505 1224 quantitate.
1570 1154 1708 1209 Nam
1762 1154 1900 1210 citra
1958 1155 2124 1209 ullam

537 1247 867 1315 temperiem
904 1261 968 1300 ac
997 1246 1270 1301 irretente
1301 1246 1666 1302 suﬂ‘arcinare
1694 1255 1948 1301 ventrem
1988 1247 2128 1302 edu-

536 1339 671 1402 liis,
721 1351 990 1408 perquam
1046 1335 1227 1391 simile
1283 1346 1372 1391 est
1427 1336 1556 1391 navi
1605 1352 1776 1392 onere
1827 1337 2125 1392 immodico

536 1432 873 1501 degravatre.
903 1444 1016 1498 quo
1060 1430 1215 1484 velut
1242 1444 1508 1498 oppressa
1555 1429 1711 1484 nullo
1762 1430 1988 1501 negotio
2017 1446 2124 1484 un-

537 1525 691 1579 dosis
713 1523 976 1577 fluctibus
1008 1522 1357 1593 immergitur
1392 1532 1449 1578 et
1481 1523 1773 1591 pessumit.
1800 1524 1869 1577 Et
1898 1522 2124 1593 quidem

536 1632 745 1687 corpus
796 1615 1058 1669 alimonia
1088 1624 1234 1686 eget,
1275 1629 1386 1669 non
1446 1615 1578 1670 item
1627 1615 1972 1686 cupediariis
2003 1616 2126 1671 lau-

539 1711 721 1780 tisque
754 1708 979 1763 ferculis
1012 1708 1216 1776 quibus
1258 1722 1317 1762 se
1352 1707 1419 1761 ad
1453 1708 1797 1777 voluptatem
1846 1707 2044 1763 invitet
2070 1717 2126 1764 et

1818 328 2184 391 ANTIOCHI
2221 329 2567 392 MONACHI

3659 332 3769 399 1444

2859 442 3081 496 ΛΟΓΟΣ
3112 442 3186 494 Δ¹.

2690 558 2828 627 Περὶ
2857 556 3352 627 γαστριμαργίας.

2299 695 2444 747 Πᾶσι
2473 694 2571 764 μὲν
2599 692 2898 760 ἀναγκαῖόν
2924 692 3043 744 ἐστι
3070 689 3131 743 τὸ
3158 688 3446 757 βιάζεσθαι
3470 691 3563 743 καὶ
3584 695 3778 761 κρατεῖν

2228 785 2488 857 γαστρός.
2550 783 2804 839 Μάλιστα
2831 784 2889 836 δὲ
2921 786 3037 847 τοῖς
3071 782 3194 852 Θεῷ
3221 782 3502 835 δουλεύειν
3546 784 3776 840 ἐθέλουσι.

2228 879 2409 933 Καλὸν
2438 878 2548 949 γάρ
2578 879 2697 931 ἐστι
2728 878 2839 930 πᾶν
2872 876 3076 948 μέτρον
3104 877 3358 947 ἄριστον.
3388 875 3463 928 Τὸ
3485 875 3542 928 δὲ
3566 876 3779 946 ἀσχέτως

2228 971 2466 1036 ἐσθίειν,
2522 971 2668 1023 ἔοικε
2716 969 2806 1039 νηῒ
2850 968 3375 1040 ὐπερφορτουμὲνη.
3416 966 3492 1019 Τὸ
3515 966 3620 1037 γὰρ
3645 968 3781 1039 σῶμα

2228 1065 2436 1135 τροφῆς
2488 1063 2692 1127 δεῖται,
2741 1062 2804 1114 οὐ
2869 1060 3117 1131 τρυφῆς·
3174 1059 3506 1127 ὀλιγοδείας,
3564 1060 3621 1111 οὐ
3671 1060 3783 1130 πλη.

2230 1156 2437 1226 σμονῆς
2459 1172 2474 1187 ·
2505 1154 2838 1226 αὐταρκείας
2862 1192 2877 1215 ,
2928 1152 2990 1205 οὐ
3040 1151 3419 1214 πολυτελείας.
3475 1151 3541 1203 Δί
3579 1151 3670 1221 μὲν
3694 1152 3783 1223 γὰρ

2229 1250 2323 1303 καὶ
2372 1248 2436 1301 τὸ
2486 1248 2651 1318 σῶμα
2699 1246 2797 1300 καὶ
2846 1246 2944 1316 τὴν
2990 1244 3173 1315 ψυχὴν
3217 1242 3557 1312 ὠφελοῦσιν,
3601 1243 3783 1311 ὐγείαν,

2229 1342 2325 1396 καὶ
2370 1340 2599 1412 ῥώμην,
2654 1339 2750 1392 καὶ
2798 1336 3016 1401 εὐεξίαν
3066 1336 3393 1389 τίκτουσαι·
3442 1335 3501 1387 αί
3536 1334 3611 1397 δὲ,
3646 1336 3786 1404 ἄμφω

2229 1434 2716 1497 καταϐλάπτουσι,
2781 1430 2843 1484 οὐ
2915 1430 3078 1500 μόνον
3141 1427 3242 1500 τὴ)
3293 1427 3512 1496 ὑγίειαν
3573 1428 3787 1496 διαφθεί-

2234 1543 2448 1596 ρουσαι,
2473 1524 2615 1580 ἀλλά
2639 1525 2735 1577 καὶ
2764 1522 3053 1593 νοσήματα
3080 1519 3485 1593 ἀργαλεώτατα
3506 1517 3784 1575 ὠδίνουσαι.

2242 1618 2546 1685 Ἀπόδειξις
2574 1616 2632 1669 δέ
2661 1616 2838 1685 σαφὴς
2868 1613 2928 1666 τὸ
2953 1614 3083 1676 τοὺς
3108 1612 3208 1683 τὴν
3230 1611 3541 1680 ὀλιγόδειαν
3589 1611 3788 1665 καταδε-

2229 1713 2497 1784 χομὲνους
2522 1710 2768 1781 ἀσκητάς
2802 1708 3006 1781 μᾶλλον
3032 1706 3145 1762 τῶν
3173 1705 3525 1777 ἁϐροδίαιτον
3548 1702 3788 1773 ἑλομένων

540 1804 725 1859 saliet.
774 1800 1041 1857 Ciborum
1089 1799 1378 1871 frugalitas
1434 1801 1513 1855 illi
1570 1802 1960 1871 opportunior,
2012 1818 2125 1857 non

2236 1805 2366 1876 βίον,
2405 1804 2499 1857 καὶ
2550 1802 2977 1869 συνετωτέρους,
3027 1797 3128 1853 καὶ
3174 1794 3675 1866 σωφρονεστέρους,
3713 1795 3790 1847 καὶ

540 1895 819 1951 inamoena
877 1894 1125 1949 satietas.
1175 1892 1375 1946 Edulio
1418 1907 1578 1962 opus,
1641 1893 1791 1962 quod
1846 1893 1981 1949 satis
2030 1894 2121 1958 sit,

2230 1895 2631 1968 ὑγιεινοτέρους
2653 1889 2795 1946 εἶναι
2810 1909 2823 1923 ·
2839 1893 2901 1946 οὐ
2930 1891 3091 1963 μόνον
3110 1889 3168 1944 δὲ
3187 1888 3370 1952 τοῦτο,
3385 1886 3526 1941 ἀλλά
3552 1886 3644 1941 καὶ
3667 1885 3792 1939 ἐλατ-

540 2000 653 2039 non
696 1987 829 2038 item
860 1983 991 2037 luxu
1022 1980 1336 2052 profusiore
1371 1979 1465 2050 qui
1512 1990 1666 2034 artus
1693 1981 1968 2035 collutilet
1999 1995 2126 2035 cor-

2236 1992 2311 2043 τοῖ
2342 1989 2409 2042 τά
2458 1987 2608 2057 πάθη
2644 1987 2673 2039 6
2715 1984 2936 2056 κρατῶν
2968 1981 3229 2053 γαστρός.
3270 1980 3330 2033 '0
3369 1979 3481 2049 γὰρ
3508 1977 3790 2050 ἡττώμενος

540 2077 715 2147 poris.
761 2076 859 2130 Illa
910 2073 1185 2144 siquidem
1218 2072 1359 2127 mire
1405 2073 1564 2143 juvat
1611 2082 1668 2127 et
1696 2090 1901 2144 corpus
1926 2085 1983 2129 et
2009 2074 2127 2129 ani-

540 2185 707 2232 mam,
736 2168 941 2239 quippe
975 2183 1097 2237 quae
1147 2167 1470 2236 sospitatem
1504 2167 1651 2237 parit
1681 2168 1926 2237 corpori,
1958 2168 2129 2223 robur

2230 2081 2518 2154 βρώμασιν
2552 2079 2705 2145 αῦξει
2737 2077 2839 2140 τὰς
2868 2075 3091 2145 ἡδονάς·
3129 2074 3320 2143 ὥσπερ
3344 2072 3457 2143 γὰρ
3492 2070 3620 2135 ξύλα
3646 2069 3790 2123 πο)λά

2232 2173 2479 2245 μεγάλην
2507 2172 2717 2243 ἐγείρει
2747 2171 2946 2240 φλόγα,
2975 2167 3119 2221 οὕτω
3151 2169 3247 2221 καὶ
3274 2165 3485 2237 πλῆθος
3518 2164 3791 2237 βρωμάτων

540 2258 856 2320 conﬁrmat,
886 2266 944 2312 et
985 2256 1372 2311 habitudinem
1402 2256 1558 2311 addit
1592 2257 1822 2327 pulchre
1852 2267 2129 2328 tempera-

2236 2266 2436 2336 ἐγείρει
2460 2275 2487 2314 ι)
2526 2263 2848 2333 ἐπιθυμίαν.
2883 2260 2951 2313 Ἥ
2984 2258 3093 2313 τῶν
3127 2257 3440 2329 βρωμάτων
3499 2255 3789 2309 πολυτέλεια

544 2361 688 2415 tam;
732 2359 979 2405 extrema
1027 2364 1163 2403 vero
1219 2358 1521 2418 utrumque
1570 2349 1802 2416 laadunt,
1852 2365 1959 2405 nec
1990 2351 2128 2405 sim-

542 2442 784 2512 pliciter.
838 2441 1030 2509 Neque
1073 2438 1226 2493 enim
1266 2439 1490 2493 sanitati
1544 2440 1727 2494 solum
1783 2438 1948 2493 noxia
2002 2446 2134 2492 sunt

542 2534 788 2605 genuina
835 2532 1074 2603 quadam
1105 2547 1206 2587 sua
1239 2531 1308 2585 ad
1340 2531 1719 2601 corruptelam
1755 2530 2130 2600 proclivitate,

544 2628 639 2683 sed
685 2635 744 2681 et
794 2624 1018 2680 morbos
1046 2624 1138 2678 vix
1167 2623 1500 2679 eluctabiles
1528 2639 1593 2678 ac
1631 2623 1999 2693 permolestos
2032 2637 2132 2690 pa-

548 2721 723 2774 riunt.
782 2718 883 2773 Rei
945 2717 1108 2773 istius
1139 2717 1373 2772 evidens
1430 2724 1819 2787 argumentum
1866 2713 2134 2770 exhibent

545 2810 830 2875 monachi,
884 2808 982 2879 qui
1034 2824 1161 2863 cum
1208 2808 1412 2879 exiguo
1446 2808 1698 2863 contenti
1733 2808 1937 2862 abeant
1982 2806 2131 2871 cibo,

546 2912 719 2972 utque
749 2901 1177 2971 comperiuntur
1201 2910 1257 2955 et
1279 2900 1536 2955 acumine
1563 2900 1886 2954 intellectus
1916 2899 2133 2969 perspi-

545 2995 815 3060 caciores,
872 3002 930 3047 et
973 2992 1223 3062 corporis
1267 3001 1641 3062 temperatura
1696 2991 1806 3046 illis
1859 2991 2132 3058 saniores,

547 3101 690 3154 quos
732 3086 890 3155 juvat
923 3090 1067 3137 totos
1100 3099 1159 3137 se
1206 3084 1535 3153 immergere
1561 3083 1689 3138 vitae
1716 3083 1990 3139 mollioris
2016 3083 2136 3138 ille-

546 3177 754 3232 cebris.
800 3176 989 3245 Neque
1022 3175 1076 3229 id
1125 3175 1257 3229 boni
1292 3175 1496 3241 solum,
1528 3176 1625 3230 sed
1664 3183 1721 3230 et
1759 3175 1891 3230 dum
1921 3176 2132 3231 ventris
2162 3164 2208 3228 C

549 3266 741 3320 frenas
770 3265 1098 3336 ingluviem,
1131 3266 1331 3320 animae
1363 3282 1461 3336 per
1490 3267 1597 3321 hoc
1627 3267 1913 3323 imminuis
1943 3267 2136 3322 turbu-

550 3357 731 3410 lentas
755 3355 1097 3431 aﬁectiones.
1138 3357 1273 3410 Nam
1304 3357 1400 3425 qui
1438 3372 1495 3412 se
1523 3357 1673 3413 vinci
1706 3358 1840 3412 sinit
1883 3359 2134 3415 ciborum

554 3450 906 3519 intemperie,
970 3450 1163 3518 utique
1229 3449 1517 3504 materiam
1581 3459 1877 3522 exaggerat
1927 3452 2135 3507 illicem

551 3550 719 3612 atque
769 3542 1106 3596 incentivam
1153 3542 1522 3611 voluptatum.
1554 3543 1627 3599 Ut
1674 3544 1824 3599 enim
1852 3544 2136 3615 copiosam

550 3634 831 3705 lignorum
880 3634 1199 3704 congeriem
1262 3634 1375 3705 igni
1428 3636 1473 3689 si
1528 3634 1809 3703 admoves,
1868 3638 2135 3708 majorem

551 3727 763 3781 excitas
816 3726 1119 3791 flammam,
1158 3727 1234 3781 ita
1263 3737 1319 3781 et
1349 3727 1509 3797 copia
1545 3729 1795 3784 ciborum
1847 3730 1894 3784 si
1925 3729 2136 3784 inditur

550 3819 758 3883 ventri,
793 3819 891 3873 alit
934 3820 1465 3890 concupiscentiam.
1501 3822 1924 3877 Esculentorum
1954 3824 2139 3893 splen-

552 3910 720 3965 didus
766 3926 831 3964 ac
874 3910 1155 3980 profusior
1182 3912 1347 3966 luxus
1376 3921 1571 3983 guttur
1610 3914 1839 3984 quidem
1872 3915 2134 3983 oblectat,

553 4005 653 4060 sed
687 4015 743 4059 et
781 4019 1027 4059 vermem
1069 4004 1517 4075 intemperantia:
1545 4008 1645 4061 alit
1674 4008 2042 4080 irrequietum
2075 4026 2140 4065 ac

553 4094 905 4164 pervigilem.
949 4092 1428 4160 Quemadmodum
1461 4098 1609 4151 enim
1648 4106 1795 4153 terra
1824 4100 1936 4155 situ
1971 4117 2139 4171 squa-

555 4187 679 4241 lens
704 4196 761 4241 ct
792 4187 1029 4253 inarata,
1057 4194 1254 4257 suapte
1281 4197 1480 4243 natura
1504 4189 1621 4245 edit
1649 4191 1857 4261 spinas,
1886 4191 1961 4248 ita
1983 4208 2141 4248 mens

554 4280 769 4334 ventris
796 4280 981 4335 studio
1013 4280 1224 4335 addicti
1272 4281 1538 4344 hominis.
1592 4282 1883 4339 indecoras
1910 4300 2141 4355 prorsus

554 4370 921 4440 cogitationes
976 4371 1358 4440 progerminat
1401 4379 1567 4440 atque
1612 4371 1904 4427 obscenas.
1948 4373 2141 4428 Mona-

2227 2357 2426 2429 λαιμὸν
2467 2356 2565 2427 μέν
2606 2356 2842 2426 τέρπει,
2895 2353 3090 2425 τρέφει
3122 2350 3181 2404 δέ
3225 2351 3491 2421 σκώληκα
3526 2347 3790 2410 ἀκολασίας

2230 2451 2556 2521 ἀκοίμητον.
2604 2448 2821 2518 Ὥσπερ
2875 2446 2987 2517 γὰρ
3019 2448 3053 2515 ἡ
3083 2444 3439 2515 χερσωθείσα
3472 2442 3545 2513 γῆ
3579 2440 3791 2504 ἀκάνθας

2230 2544 2435 2610 τίκτει,
2492 2541 2636 2596 οὕτω
2681 2541 2778 2594 καὶ⁹
2826 2541 2855 2593 6
2891 2539 3020 2602 νοῦς
3056 2537 3494 2609 γαστριμάργου
3537 2535 3792 2606 βλαστάνει

2229 2634 2526 2707 λογισμοὺς
2557 2632 2839 2703 αἰσχρούς.
2878 2631 3130 2702 Μοναχδς
3193 2630 3619 2700 γαστρίμαργος
3666 2626 3792 2680 οὐδὲν

2230 2729 2457 2801 ἕτερον,
2520 2726 2556 2798 ἢ
2622 2725 2782 2796 μόνον
2832 2723 3044 2787 κοιλίας
3107 2722 3386 2793 ὐπόφορος
3438 2722 3674 2790 γίνεται,
3717 2720 3794 2771 καί

2231 2821 2331 2882 τὰς
2369 2818 2561 2889 μνείας
2595 2816 2705 2869 τῶν
2738 2816 2910 2885 ἁγίων
2942 2814 3202 2886 ἀριθμεῖ·
3240 2816 3269 2866 6
3298 2814 3355 2867 δὲ
3389 2813 3665 2884 ἐγκρατὴς
3690 2812 3795 2874 τοὺς

2233 2912 2415 2965 αὐτῶν
2463 2909 2612 2979 βίους
2664 2910 2978 2980 μιμεῖταιιι.
3020 2908 3081 2962 ’0
3117 2907 3543 2978 γαστρίμαργος
3570 2908 3649 2969 εἰς
3669 2905 3795 2957 οὐδὲν

2233 3009 2424 3079 ἕτερον
2474 3003 2854 3076 ἐναϐρύνεται,
2890 3002 3007 3057 ἀλλ’
3038 3002 3072 3074 ἢ
3104 3005 3188 3067 είς
3220 3002 3491 3055 πλατεῖαν
3521 3001 3614 3053 καὶ
3660 2998 3795 3068 εὐρύο

2237 3116 2417 3173 χωρον
2466 3096 2681 3151 κοιλίαν
2706 3137 2720 3161 ,
2776 3097 3007 3166 ταμεῖον
3055 3097 3155 3165 τῆς
3186 3093 3379 3165 τιμίας
3414 3091 3583 3146 αὐτοῦ
3616 3091 3795 3160 κόπρου

2237 3192 2525 3262 ἀποθήκης
2553 3204 2568 3219 ·
2634 3188 2773 3243 ἀλλά
2804 3188 2900 3241 καὶ
2937 3186 2999 3240 τὸ
3029 3185 3261 3255 Πνεῦμα
3292 3186 3354 3238 τὸ
3382 3182 3632 3238 ἐνοικοῦν
3663 3185 3714 3234 ἐν
3734 3180 3796 3249 τῷ

2235 3284 2645 3356 γαστριμάργῳ
2696 3279 2971 3351 ἀνθρώπῳ
3028 3279 3320 3333 λυπεῖται·
3387 3277 3488 3331 καὶ
3539 3277 3612 3348 μὴ
3659 3275 3795 3345 φέρον

2236 3378 2337 3446 τὴν
2363 3376 2632 3430 δυσωδίαν
2661 3375 2941 3445 ἀναχωρεῖ
2966 3371 3061 3426 ἀπ’
3084 3371 3276 3426 αὐτοῦ.
3298 3371 3517 3440 Ὠσπερ
3559 3371 3587 3421 6
3620 3366 3795 3427 καπνὸς

2237 3467 2426 3524 διώκει
2459 3468 2560 3531 τὰς
2592 3466 2878 3539 μελίσσας,
2915 3464 3061 3519 οῦτω
3093 3466 3122 3517 ὁ
3147 3463 3571 3534 γαστρίμαργος
3598 3460 3692 3530 τὴν
3718 3458 3795 3528 χά-

2240 3580 2326 3633 ριν
2359 3561 2454 3615 τοῦ
2488 3561 2649 3630 ἁγίου
2681 3558 3028 3631 Πνεύματος.
3068 3559 3343 3630 Κρεῖσσον
3372 3551 3471 3609 οὖν
3504 3555 3619 3607 ἐστι
3647 3568 3795 3621 παρα-

2236 3653 2467 3725 δραμεῖν
2495 3653 2565 3707 τά
2588 3652 2998 3724 καρυκεύματα
3023 3652 3123 3720 τῆς
3145 3649 3406 3720 γαστρὸς,
3440 3648 3539 3702 καί
3566 3645 3650 3699 διὰ
3666 3642 3794 3711 λιτῆς

2206 3745 2449 3817 ,τροφῆς
2494 3745 2597 3815 τὴν
2642 3746 2835 3817 χρείαν
2884 3742 3200 3815 ἐκπληροῦν
3248 3741 3341 3795 τοῦ
3390 3740 3677 3811 σώματος,
3727 3738 3793 3788 ἵνα

2241 3838 2317 3912 μὴ
2363 3839 2726 3910 ὁίιιίδιιιιδθῶμεν
2776 3838 2854 3909 τῷ
2886 3838 2945 3891 ἐν
2976 3839 3045 3908 τῇ
3080 3837 3276 3908 ἐρήμῳ
3307 3832 3660 3903 κοιλιοδούλῳ
3679 3828 3790 3899 λαῷ.

2245 3951 2265 3986 ι
2289 3934 2545 3989 Ἐκάθισε
2570 3933 2701 4006 γὰρ,
2733 3934 2922 4005 φησὶν,
2952 3933 2981 3985 6
3004 3930 3135 3994 λαὸς
3170 3931 3364 4001 φαγεῖν
3395 3928 3499 3983 καὶ
3522 3927 3686 3989 πιεῖν,
3717 3923 3793 3977 καὶ

2242 4024 2551 4095 ἀνέστησαν
2600 4024 2889 4089 παίζειν.”ι
2958 4023 3048 4076 Ἐν
3085 4021 3165 4093 τῷ
3194 4021 3304 4093 γὰρ
3338 4020 3601 4091 ἀμέτρως
3627 4015 3793 4077 αὐτοὺς

2240 4117 2449 4170 ἐσθίειν
2476 4117 2571 4169 καὶ
2596 4116 2796 4180 πίνειν,
2820 4115 2918 4186 τῆς
2942 4114 3166 4185 ἐντολῆς
3192 4114 3287 4167 τοῦ
3312 4112 3451 4166 Θεοῦ
3478 4110 3790 4167 ἐπελάθοντο,

2241 4208 2340 4261 καὶ
2393 4210 2475 4271 είς
2521 4207 2922 4278 είδωλομανίαν
2968 4207 3290 4274 ἐξώκειλαν.
3346 4205 3550 4269 Καλῶς
3582 4199 3670 4258 οὖν
3702 4203 3793 4262 τοῖς

2241 4299 2512 4369 διαδόχοις
2535 4298 2717 4352 αὐτῶν
2749 4300 2955 4369 γράφει
2988 4301 3017 4353 6
3038 4299 3341 4362 ἀπόστολος
3371 4297 3585 4360 Παῦλος
3604 4311 3618 4327 ο
3671 4313 3688 4345 ι
3713 4288 3792 4344 Ὧν

2240 4393 2270 4444 6
2304 4389 2425 4452 θεὸς
2457 4392 2491 4461 ἡ
2520 4389 2700 4443 κοιλία
2724 4434 2737 4457 ,
2793 4390 2890 4444 καὶ
2930 4393 2964 4463 ἡ
3000 4391 3128 4456 δόξα
3160 4393 3218 4445 ἐν
3246 4393 3314 4461 τῇ
3342 4391 3576 4461 αἰσχύνῃ
3622 4385 3789 4447 αὐτῶν,

555 4461 696 4515 chus
732 4462 882 4530 justo
909 4460 1138 4514 edacior
1160 4460 1312 4514 aliud
1336 4460 1476 4514 nihil
1496 4462 1809 4517 censendus
1828 4479 1991 4533 quam
2012 4480 2134 4535 pro-

2248 4482 2297 4533 οί
2332 4480 2401 4533 τά
2432 4460 2653 4549 ἐπίγεια
2681 4460 3027 4551 φρονοῦντες.
3058 4501 3077 4533 ι
3134 4482 3244 4534 Καὶ
3276 4460 3437 4534 πάλιν
3458 4496 3472 4509 ·
3523 4460 3647 4530 «7Τά
3674 4473 3791 4546 βρώ-

512 4607 515 4610 .
554 4553 661 4624 prii
697 4553 1027 4607 tributarius
1079 4553 1313 4607 ventris.
1344 4554 1412 4608 Et
1439 4553 1663 4623 quidem
1705 4555 1752 4609 is
1792 4555 1861 4610 ad
1906 4571 2135 4611 censum

553 4654 845 4701 enumerat
868 4654 1113 4709 sanctos,
1146 4652 1416 4699 eteorum
1444 4646 1822 4700 commeminit
1857 4647 2003 4702 inter
2023 4649 2136 4703 col-

555 4738 765 4808 loquia,
796 4752 859 4791 re
887 4746 1073 4792 autem
1100 4753 1231 4792 vera
1257 4738 1634 4808 intemperans
1669 4755 1795 4793 cum
1827 4739 1909 4803 ﬁt,
1948 4742 2137 4797 neuti-

558 4848 724 4902 quam
774 4832 999 4886 illorum
1034 4832 1201 4886 vitam
1248 4833 1543 4887 aemulatur
1585 4842 1643 4887 et
1688 4849 1889 4887 mores.
1945 4835 2135 4889 Ventri

559 4922 862 4978 saturando
915 4922 1209 4989 addictior,
1264 4924 1418 4977 nulla
1462 4924 1568 4978 alia
1604 4939 1664 4978 rc
1704 4932 1811 4978 tam
1844 4925 2133 4995 gloriatur,

558 5023 655 5070 aut
701 5014 856 5068 ducit
888 5014 1257 5078 venerationi,
1313 5030 1479 5085 quam
1533 5016 1682 5085 quod
1733 5016 2004 5073 latissimo
2053 5029 2139 5075 est

558 5116 754 5162 ventre
780 5116 847 5161 οι·
866 5108 1206 5177 amplissime
1253 5108 1464 5177 capaci.
1497 5108 1665 5162 Plane
1713 5108 1792 5163 illi
1830 5119 2024 5165 venter
2074 5110 2138 5167 fit

560 5198 1028 5268 promptuarium,
1055 5208 1111 5252 et
1140 5198 1468 5252 honoratior
1500 5208 1809 5254 stercorum
1840 5202 2138 5271 apotheca;

559 5288 656 5343 sed
695 5296 751 5343 et
791 5288 1001 5341 halitus
1051 5288 1170 5357 ipse
1199 5288 1294 5358 qui
1332 5289 1388 5343 in
1415 5289 1496 5345 sic
1526 5289 1684 5345 edaci
1713 5290 1947 5359 habitat,
1978 5294 2141 5349 anxie

562 5379 923 5445 interclusus,
967 5379 1107 5434 mire
1164 5381 1526 5437 turbulentus
1556 5390 1641 5437 est
1702 5398 1766 5437 ac
1823 5385 2139 5455 prmtristis.

563 5473 811 5547 Dumque
838 5473 886 5528 is
934 5474 1224 5544 aegerrime
1248 5473 1376 5540 fert,
1401 5490 1567 5545 quam
1605 5492 1672 5531 ex
1703 5492 1763 5534 se
1809 5478 1983 5547 spirat
2014 5496 2141 5550 gra-

2254 4588 2402 4641 ματα
2433 4574 2501 4643 τῇ
2533 4571 2710 4643 κοιλία
2729 4613 2744 4638 ,
2797 4573 2896 4626 καὶ
2925 4573 2959 4643 ὴ
2991 4571 3171 4626 κοιλία
3198 4573 3311 4635 τοῖς
3339 4569 3643 4642 βρώμασιν.
3678 4566 3727 4617 '0
3748 4563 3789 4615 δὲ

2251 4664 2386 4727 Θεὸς
2414 4665 2511 4717 καὶ
2531 4665 2758 4736 ταύτην,
2782 4665 3071 4719 καὶταῦτα
3094 4666 3488 4735 καταργήσει.»
3518 4662 3623 4715 Καὶ
3641 4658 3786 4719 αὐθις·

2253 4775 2272 4808 ι
2314 4756 2379 4809 Ei
2432 4757 2521 4811 διὰ
2563 4757 2764 4829 βρῶμα
2807 4758 3061 4812 λυπεῖται
3107 4760 3135 4810 6
3169 4756 3398 4826 ἀδελφός
3434 4772 3563 4818 σου,
3610 4752 3703 4805 οὐκ
3729 4750 3789 4801 ἔτι

2254 4849 2399 4904 κατά
2428 4850 2649 4921 ἀγάπην
2681 4854 3032 4922 περιπατεῖς·
3073 4852 3148 4921 μὴ
3179 4848 3311 4918 γοῦν
3340 4848 3418 4919 τῷ
3450 4844 3692 4919 βρώματί
3716 4859 3787 4895 σου

2245 4944 2454 4997 ἐκεῖνον
2514 4943 2751 4998 ἀπόλλυε
2799 4944 2942 5014 ὑπὲρ
2978 4938 3040 4997 οὐ
3085 4942 3321 5014 Χριστὸς
3348 4940 3606 4995 ἀπέθανε.
3634 4957 3651 4989 ι
3704 4934 3787 4989 Καὶ

2252 5037 2471 5105 ἐπάγει·
2495 5036 2711 5107 ιΟίγάρ
2728 5037 2958 5091 τοιοῦτοι
2981 5036 3061 5107 τῷ
3084 5035 3273 5107 Κυρίῳ
3288 5033 3445 5104 ἡμῶν
3468 5034 3530 5087 οὐ
3550 5030 3787 5085 δουλεύου-

2248 5144 2355 5192 σιν,
2389 5127 2526 5181 ἀλλά
2574 5129 2641 5199 τῇ
2688 5128 2897 5183 ἑαυτῶν
2949 5129 3164 5199 κοιλία·
3216 5128 3313 5180 καὶ
3348 5126 3438 5179 διά
3464 5126 3561 5195 τῆς
3586 5136 3785 5194 χρηστο-

2246 5219 2439 5286 λογίας
2500 5218 2594 5272 καὶ
2645 5220 2897 5288 εὐλογίας
2945 5219 3260 5286 ἐξαπατῶσι
3300 5219 3399 5282 τὰς
3439 5218 3660 5289 καρδίας
3703 5211 3787 5264 τῶν

2249 5309 2531 5367 ἀκάκων.»
2564 5312 2674 5364 Καὶ
2699 5307 2884 5374 αὖθις·
2921 5332 2938 5363 ι
2971 5312 3044 5365 Τὸ
3069 5312 3179 5383 γὰρ
3202 5311 3454 5382 φρόνημα
3475 5311 3573 5380 τῆς
3595 5306 3785 5376 σαρκδςι

2246 5399 2509 5465 Θάνατος·
2565 5401 2626 5455 τὸ
2670 5402 2726 5454 δέ
2775 5403 3031 5473 φρόνημα
3062 5403 3155 5456 τοῦ
3186 5403 3525 5473 πνεύματος,
3571 5396 3677 5465 ζωὴ
3706 5392 3783 5446 καὶ

2244 5492 2475 5562 εἰρήνη·
2533 5494 2627 5547 καὶ
2673 5492 2780 5564 γὰρ
2829 5495 3010 5566 χάριτι
3049 5494 3400 5565 βεϐαιοῦσθαι
3430 5493 3525 5564 τὴν
3558 5487 3777 5560 καρδίαν-

1859 5663 2091 5721 VARI/13
2125 5668 2536 5729 LECTIONES.

635 5796 891 5866 Ρτρέφει.
968 5808 994 5846 τι
1024 5797 1185 5853 Deest
1214 5799 1459 5869 negatio,
1490 5802 1550 5854 οὐ
1587 5805 1859 5874 μιμεῖται.
