4052 6528
268 330 405 395 1445

1363 339 1691 399 ΠΟΜΙΙᾸΑ
1732 341 1799 401 V.
1836 362 1904 378 σ-
1935 340 2033 399 DE
2071 338 2517 400 EBRIETATE.

3410 340 3428 402 1
3444 340 3541 403 illi

192 453 203 461 ‘
266 443 326 495 οὐ
357 442 665 512 βρώμασι.»
704 445 813 499 Καὶ
838 448 998 501 πάλιν
1017 461 1028 477 ⁸
1063 467 1079 499 ι
1112 448 1186 502 Οὐ
1215 450 1323 521 γάρ
1351 452 1501 505 ἐστιν
1528 453 1561 522 ὴ
1586 452 1837 520 βασιλεία

1968 451 2302 514 'colentiam,
2339 468 2367 505 a
2418 452 2603 522 seipso
2649 451 2694 505 si
2753 467 2861 521 qua
2914 451 3033 506 fieri
3089 452 3285 521 possit,
3343 456 3541 523 quaerit

266 535 376 589 τῶν
417 536 664 606 οὐρανῶν
718 537 923 608 βρῶσις
968 541 1060 594 καὶ
1102 541 1291 608 πόσις,
1340 543 1478 597 ἀλλὰ
1507 544 1848 614 δικαιοσύνη,

268 626 363 678 καὶ
389 626 583 697 είρήνη
617 626 711 680 καὶ
742 628 887 698 χαρὰ
925 630 983 681 ὲν
1022 630 1301 701 Πνεύματι
1334 634 1497 703 ἁγίῳ.
1543 654 1561 685 ι
1589 636 1699 688 Καὶ
1730 635 1851 704 οὐχὶ

268 718 449 788 τρυφὴ
477 721 574 772 xal.
598 720 872 792 σπατάλη,
892 721 1075 787 καθὼς
1100 723 1338 795 εἴρηται,
1366 725 1498 797 βορά
1529 728 1847 799 σκωλήκων.

280 810 347 860 'H
377 809 486 880 γὰρ
517 810 668 881 χλιδὴ
700 813 852 866 οὐδὲν
878 814 1067 884 ἔτερόν
1095 819 1274 881 ἐστιν,
1318 818 1350 888 ἢ
1384 818 1540 873 ἑστία
1566 821 1816 891 ἑρπετῶν
1836 837 1849 849 ⁸

266 905 344 966 ὼς
366 903 460 956 καὶ
482 906 510 957 6
534 904 789 969 Ἰάκωϐος
811 906 1091 973 ὀνειδίζων
1113 913 1229 972 τοῖς
1251 910 1630 975 κοιλιοδοῦλοις
1648 913 1854 984 ἔγραφε

268 994 446 1064 λέγων
470 1012 483 1026 ·
539 1015 557 1048 ι
590 997 969 1069 Ἐτρυφήσατε
1004 1001 1097 1053 ἐπὶ
1126 1001 1224 1071 τῆς
1253 1005 1378 1073 γῆς,
1416 1002 1512 1056 καὶ
1542 1004 1855 1076 ἐσπαταλή-

270 1103 441 1148 σατε,
497 1088 764 1160 ἐθρέψατε
816 1090 917 1154 τὰς
970 1091 1202 1162 καρδίας
1246 1094 1401 1164 ὑμῶν
1455 1096 1531 1157 ὼς
1576 1096 1635 1149 ὲν
1670 1097 1856 1168 ἡμέρᾳ

271 1182 543 1251 σφαγῆς.»
582 1182 693 1235 Καὶ
720 1184 747 1236 6
772 1184 978 1255 Κύριος
1018 1184 1075 1237 δὲ
1126 1188 1241 1250 τοῖς
1283 1187 1537 1251 ἀπίστοις
1579 1189 1858 1254 Ἰουδαίοις

272 1272 442 1343 φησίν
463 1291 476 1304 ο
544 1292 562 1326 ι
602 1274 779 1346 ’Λμὴν
809 1275 952 1344 λέγω
982 1279 1143 1348 ὑμῖν,
1180 1279 1396 1348 ζητεῖτέ
1430 1298 1498 1350 με
1540 1283 1639 1352 οὐχ
1669 1282 1751 1336 ὅτι
1778 1282 1857 1335 εἷ’-

269 1361 393 1415 δετε
432 1366 666 1433 σημεῖα,
717 1365 832 1418 ἀλλ’
871 1367 953 1420 ὅτι
996 1368 1230 1437 ἐφάγετε
1263 1370 1329 1422 ὲκ
1388 1370 1497 1422 τῶν
1524 1370 1736 1441 ἄρτων,
1764 1373 1860 1426 καὶ

271 1455 666 1525 ἐχορτάσθητε.
704 1475 722 1508 ι
759 1458 869 1511 Καὶ
901 1459 1186 1529 ἐπιφέρειν
1238 1480 1256 1512 ι
1281 1459 1617 1531 Ἐργάζεσθε
1655 1462 1728 1533 μὴ
1759 1461 1861 1532 τὴν

275 1546 482 1617 βρῶσιν
536 1546 635 1619 τὴν
684 1548 1108 1618 ἀπολλυμένην,
1172 1550 1309 1605 ἀλλά
1358 1551 1455 1622 τὴν
1505 1551 1810 1622 μέλλουσαν
1839 1562 1861 1590 ι’

274 1641 359 1701 εἰς
392 1638 539 1709 ζωὴν
570 1638 790 1694 αἰώνιον
812 1682 827 1706 ,
884 1641 950 1711 ἢν
980 1642 1009 1693 6
1039 1642 1167 1705 Υἱὸς
1197 1642 1291 1722 τρῦ
1323 1642 1615 1712 ἀνθρώπου
1647 1644 1863 1699 δίδωσιν

278 1731 431 1802 ὑμῖν.
460 1751 479 1783 ι
523 1731 684 1803 Αὐτῷ
712 1734 744 1802 ὴ
778 1732 929 1800 δόξα,
959 1734 1055 1787 καὶ
1074 1725 1141 1787 τὸ
1165 1734 1368 1805 κράτος
1396 1737 1476 1799 εἰς
1501 1736 1629 1800 τοὺς
1657 1736 1864 1799 αἰῶνας

277 1826 389 1878 τῶν
418 1824 653 1879 αἰώνων.
692 1825 889 1897 ’Λμήν.

1951 543 2234 607 secedere,
2285 559 2455 613 seque
2510 544 2669 615 fugit.
2703 544 2771 600 Ut
2798 544 2947 598 enim
2989 544 3175 599 fumus
3223 547 3347 601 dire
3386 548 3543 616 angit

1950 651 2084 704 apes
2128 645 2184 689 et
2219 637 2595 705 persequitur,
2633 636 2710 690 ita
2755 644 2811 691 ct
2851 638 3186 692 exsatiandte
3236 639 3378 707 gula:
3422 646 3544 692 stu-

1951 729 2163 791 diosus,
2191 727 2423 797 gratiam
2448 743 2477 781 a
2504 742 2563 782 se
2596 728 2816 797 repellit
2839 727 3082 798 Spiritus
3108 729 3317 800 1033
3345 730 3541 784 sancti.

1953 819 2288 875 Prazstitcrit
2337 818 2509 889 igitur
2551 819 2827 888 ejusmodi
2867 820 3114 876 lautitias
3151 820 3538 875 condimento-

1955 927 2079 966 rum
2122 911 2335 965 ventris
2369 911 2675 981 ingluviem
2700 911 3064 981 prolicientes
3091 922 3543 981 praetercurrere,

1953 1016 2010 1062 et
2064 1020 2331 1076 perquam
2370 1003 2522 1059 tenui
2563 1004 2768 1073 pabulo
2822 1005 3213 1059 necessitatem
3264 1004 3547 1059 declinare

1955 1098 2232 1169 corporis,
2322 1096 2620 1166 nequando
2708 1096 2982 1150 assimiles
3059 1094 3547 1165 deprehendamur

1957 1191 2130 1246 fuisse
2163 1190 2370 1261 populo
2416 1189 2498 1243 illi
2526 1188 2622 1258 qui
2668 1204 2771 1243 suo
2809 1189 2992 1243 ventri
3028 1197 3137 1242 tam
3172 1188 3335 1243 anxie
3369 1187 3549 1242 inser-

1956 1284 2105 1337 visse
2136 1283 2361 1352 legitur.
2394 1301 2411 1332 ι
2435 1281 2593 1335 Sedit
2621 1280 2793 1346 enim,
2822 1280 2920 1345 ait,
2946 1281 3188 1350 populus
3215 1279 3549 1334 manducare

1957 1385 2013 1429 et
2046 1375 2263 1440 bibere,
2299 1384 2353 1428 et
2392 1380 2763 1427 surrexerunt
2799 1371 2992 1426 ludere
3030 1372 3072 1425 ⁸.
3102 1391 3119 1423 ι
3152 1372 3293 1426 Dum
3312 1370 3462 1426 enim
3492 1380 3548 1425 et

1958 1466 2135 1521 edunt
2179 1474 2237 1519 et
2283 1466 2486 1520 bibunt
2519 1464 2961 1528 immoderatius,
3006 1463 3063 1517 in
3096 1463 3435 1518 oblivionem
3458 1461 3547 1517 di-

1959 1558 2073 1613 vini
2111 1573 2313 1613 venere
2342 1557 2621 1623 mandati;
2657 1571 2761 1612 nec
2797 1557 3000 1620 solum,
3050 1556 3145 1611 sed
3193 1564 3251 1611 et
3279 1556 3336 1609 in
3381 1555 3548 1609 male-

1963 1649 2191 1705 suadam
2243 1666 2306 1705 ac
2352 1650 2735 1705 vesanientem
2772 1650 3126 1720 impegerunt
3158 1648 3550 1703 idololatriam.

1966 1742 2141 1797 Recte
2194 1742 2367 1813 igitur
2398 1742 2822 1797 successoribus
2859 1742 3052 1795 talium
3088 1740 3390 1811 Apostolus
3416 1738 3554 1793 scri-

1892 1825 1933 1878 Β
1964 1831 2046 1885 bit
2082 1850 2094 1882 τ
2145 1849 2163 1882 ι
2187 1830 2435 1898 Quorum
2465 1832 2614 1886 Deus
2648 1838 2848 1885 venter
2878 1838 2987 1895 est,
3026 1837 3084 1884 et
3123 1829 3295 1899 gloria
3326 1828 3383 1882 in
3415 1843 3552 1881 con-

278 1917 499 1974 fusione
532 1919 805 1988 ipsorum,
832 1919 928 1989 qui
954 1927 1176 1975 terrena
1211 1919 1438 1989 sapiunt
1481 1921 1525 1973 9.
1558 1938 1575 1971 ι
1648 1921 1890 1976 lterum:
1941 1940 1958 1974 ι
1991 1924 2165 1990 Escae,
2215 1925 2429 1986 ventri;
2480 1934 2536 1981 et
2586 1933 2804 1988 venter,
2867 1924 3012 1977 escis
3044 1940 3058 1977 :
3100 1922 3248 1977 Deus
3287 1930 3475 1975 autem
3500 1927 3558 1974 et

279 2015 384 2068 has
420 2022 475 2068 et
508 2014 657 2073 hunc
698 2014 951 2069 destruet
1004 2014 1070 2068 ¹⁰.
1114 2033 1132 2065 ι
1180 2015 1394 2069 Rursus
1428 2032 1439 2067 :
1490 2033 1507 2064 ι
1541 2014 1597 2069 Si
1632 2024 1859 2085 propter
1897 2017 2083 2071 cibum
2120 2020 2511 2075 constristatur
2549 2018 2719 2073 frater
2770 2028 2918 2083 tuus,
2948 2033 3059 2071 non
3114 2018 3226 2087 jam
3255 2016 3555 2071 secundum

278 2111 610 2165 eharitatem
640 2110 914 2173 ambulas,
959 2110 1073 2164 noli
1118 2109 1247 2164 cibo
1288 2120 1385 2164 tuo
1455 2110 1611 2163 illum
1676 2111 1933 2181 perdere,
1974 2129 2077 2183 pro
2111 2129 2224 2183 quo
2251 2114 2507 2169 Christus
2543 2124 2801 2168 mortuus
2833 2122 2919 2168 est
2952 2114 3017 2166 “.
3049 2132 3067 2164 ι
3108 2112 3369 2167 lnducit:
3405 2131 3422 2162 ι
3452 2111 3555 2177 Qui

280 2203 430 2257 enim
473 2204 610 2258 tales
633 2212 785 2269 sunt,
820 2203 1057 2257 Domino
1093 2211 1287 2257 nostro
1325 2216 1437 2257 non
1471 2202 1742 2269 serviunt,
1777 2203 1875 2257 sed
1916 2219 2019 2259 suo
2050 2206 2253 2267 ventri,
2300 2214 2357 2259 et
2385 2221 2485 2275 per
2551 2205 2963 2275 suaviloquium
3019 2215 3075 2258 et
3110 2201 3557 2259 benedictionem

284 2300 561 2354 seducunt
600 2299 771 2354 corda
836 2299 1215 2353 innocentum
1267 2298 1334 2352 ¹².
1367 2318 1386 2351 ι
1435 2297 1675 2354 Rursum
1709 2316 1721 2352 :
1763 2318 1780 2348 ι
1808 2298 2111 2354 Prudentia
2148 2298 2357 2363 carnis,
2401 2315 2590 2366 mors;
2626 2299 2923 2370 prudentia
2956 2313 3091 2353 vero
3160 2297 3414 2367 spiritus,
3445 2296 3560 2352 vita

282 2404 341 2449 ct
379 2410 482 2464 pax
518 2394 560 2425 ¹³
584 2412 597 2448 :
624 2394 834 2448 bonum
859 2393 1007 2447 enim
1033 2401 1118 2448 est
1141 2392 1315 2464 gratia
1343 2393 1595 2449 stabilire
1622 2408 1754 2459 cor,
1784 2407 1893 2446 non
1933 2394 2079 2449 escis
2109 2392 2172 2448 “.
2212 2412 2231 2444 ι
2281 2393 2486 2446 lterum
2522 2410 2534 2446 :
2576 2412 2592 2443 ι
2616 2393 2736 2448 Non
2776 2395 2926 2447 enim
2977 2402 3063 2447 est
3130 2408 3360 2463 regnum
3389 2393 3558 2447 catio-

289 2501 411 2540 rum
446 2501 571 2541 esca
607 2494 663 2541 et
700 2495 888 2557 potus,
923 2487 1021 2542 sed
1053 2487 1267 2557 iustitia
1295 2496 1354 2543 et
1382 2503 1489 2557 pax
1527 2497 1583 2542 et
1618 2488 1878 2558 gaudium
1922 2491 1979 2545 in
2016 2487 2230 2558 Spiritu
2281 2496 2476 2541 sancto
2546 2487 2610 2542 ³⁵.
2661 2506 2681 2538 ι
2742 2487 2850 2542 Sed
2906 2502 3010 2542 nec
3055 2484 3279 2556 quidem
3332 2487 3564 2556 genialis

285 2578 415 2633 vitae
467 2579 731 2647 splendor
798 2588 895 2633 aut
941 2578 1267 2634 illecebrosa
1321 2580 1576 2650 voluptas
1662 2580 1781 2651 (ceu
1820 2582 1933 2651 jam
1972 2581 2183 2636 dictum
2212 2580 2351 2634 mihi
2382 2580 2489 2650 est)
2515 2596 2636 2649 qua:
2659 2579 2716 2633 in
2751 2580 2899 2634 diem
2924 2579 3121 2634 mortis
3144 2579 3406 2649 pabulum
3433 2594 3565 2633 con-

286 2667 1259 2739 ditetthesaurizatvermibus.Ipsa
1276 2670 1424 2724 enim
1452 2670 1879 2742 indulgentioris
1914 2673 2041 2726 vita:
2108 2671 2392 2735 illecebra,
2425 2670 2572 2725 aliud
2640 2670 2779 2725 nihil
2824 2678 2908 2725 est
2945 2686 3109 2739 quam
3147 2669 3461 2724 molliculus
3508 2681 3567 2725 et

287 2764 539 2833 epularis
576 2764 736 2819 cibus
765 2766 1071 2835 reptilium,
1098 2767 1185 2820 vel
1220 2766 1357 2821 teste
1386 2767 1613 2832 Jacobo,
1640 2768 1733 2837 qui
1768 2769 2119 2837 opprobrans
2142 2768 2444 2831 scribebat,
2498 2782 2601 2821 suo
2663 2765 2842 2820 ventri
2872 2765 3036 2819 anxie
3092 2764 3257 2817 nimis
3319 2764 3567 2818 servien-

293 2853 444 2908 tibus
478 2871 493 2908 :
539 2874 557 2905 ι
582 2856 837 2910 Delieiati
870 2858 1009 2911 estis
1034 2873 1205 2926 super
1237 2867 1441 2912 terram
1474 2868 1530 2913 et
1558 2859 1877 2922 lascivistis,
1916 2867 1973 2914 et
2021 2859 2315 2913 enmristis
2354 2858 2521 2912 corda
2562 2867 2748 2912 vestra
2783 2866 2846 2911 ut
2882 2856 2939 2910 in
2997 2856 3087 2909 die
3120 2855 3414 2910 occisionis
3443 2855 3505 2907 “.
3543 2873 3560 2904 ι

292 2945 563 3003 Dominus
596 2949 827 3019 insuper
873 2950 1181 3006 incredulis
1220 2952 1425 3008 Judaeis
1462 2955 1541 3008 ait
1574 2973 1587 3008 :
1657 2974 1676 3006 ι
1737 2958 1938 3018 Amen,
1977 2971 2138 3009 amen
2176 2955 2299 3009 dico
2328 2954 2486 3008 vobis
2518 2970 2531 3007 :
2567 2952 2826 3020 Quazritis
2874 2968 2983 3017 me,
3019 2967 3129 3005 non
3172 2952 3300 3021 quia
3351 2949 3571 3005 vidistis

289 3040 469 3109 signa,
507 3041 602 3095 sed
636 3043 766 3111 quia
806 3043 1129 3098 comedistis
1164 3060 1230 3099 ex
1260 3046 1520 3115 panibus,
1546 3054 1601 3100 et
1639 3047 1874 3101 saturati
1913 3047 2049 3102 estis
2082 3048 2144 3101 ¹⁷.
2179 3067 2195 3097 ι
2236 3046 2409 3101 Infert
2442 3063 2455 3099 :
2496 3064 2513 3096 ι
2555 3044 2877 3114 Operaniini
2912 3060 3030 3098 non
3060 3043 3245 3097 cibum
3274 3044 3367 3114 qui
3404 3043 3567 3113 perit,

292 3133 390 3187 sed
466 3133 561 3203 qui
638 3144 925 3203 permanet
987 3136 1042 3190 in
1092 3136 1262 3191 vitam
1315 3147 1577 3194 mternam
1658 3155 1824 3211 quem
1866 3140 2038 3194 Filius
2097 3138 2336 3195 hominis
2370 3138 2526 3193 dabit
2556 3137 2715 3192 vobis
2748 3138 2810 3193 ³⁸.
2849 3155 2866 3188 ›
2916 3136 3022 3206 Ipsi
3063 3134 3235 3206 gloria
3268 3134 3323 3189 in
3370 3134 3569 3189 smeula

294 3228 646 3283 szeeulorum.
686 3227 859 3284 Amen

926 3342 1147 3398 ΛΟΓΟΣ
1183 3346 1257 3399 E’.

2585 3341 2866 3398 HOMILIA
2907 3341 2971 3396 V.

902 3458 1043 3521 Περὶ
1068 3456 1281 3527 μέθης.

373 3568 533 3635 Μέθη
573 3566 743 3619 πλείω
790 3568 889 3638 τῆς
938 3567 1255 3637 ἀδηφαγίας
1290 3567 1571 3639 βαρυτέρα
1623 3568 1883 3640 ὑπάρχει,

300 3661 401 3713 καὶ
446 3660 592 3713 πάνυ
632 3660 1013 3728 ἀπηγόρευται
1046 3659 1202 3733 παρὰ
1243 3662 1310 3731 τῇ
1363 3658 1487 3730 θείᾳ
1525 3661 1737 3732 Γραφῇ.
1776 3660 1888 3713 Καὶ

303 3753 415 3823 γὰρ
457 3752 717 3823 ἀθέμιτόν
770 3754 889 3806 ὲστι
923 3751 1096 3823 ταύτῃ
1146 3753 1567 3825 ὲναϐρύνεσθαι,
1614 3753 1690 3817 ῶς
1740 3770 1888 3817 τινες

305 3846 705 3916 κοσμὸφρονες,
745 3846 803 3899 ὲν
851 3844 929 3915 τῷ
973 3844 1249 3899 οἰνοῦσθαι
1296 3846 1517 3910 αὐτοὺς,
1554 3845 1885 3916 καυχῶνται.

318 3936 385 3988 Ἦ
424 3936 533 4006 γὰρ
572 3934 892 4004 οἰνοφλυγία
920 3935 1075 3989 οὐδὲν
1112 3936 1302 4007 ἓτερον
1340 3937 1590 4007 παρέχει,
1628 3936 1661 4007 ἦ
1693 3936 1888 3990 ἔκστα-

309 4045 395 4079 σιν
427 4027 547 4088 νοὸς
580 4027 675 4080 καὶ
706 4026 919 4080 πενίαν.
948 4026 1057 4079 Καὶ
1079 4026 1141 4078 τὸ
1166 4026 1330 4095 σῶμα
1355 4026 1599 4094 ἐξίτηλον
1622 4028 1717 4081 καὶ
1756 4026 1889 4097 χαῦ-

308 4135 401 4169 νον
436 4116 839 4188 ἀπεργάζεται.
872 4116 1053 4170 Καλὸν
1083 4112 1177 4170 οὖν
1209 4118 1304 4171 καὶ
1335 4117 1633 4171 ἀποδεκτόν
1658 4120 1771 4172 ἐστι
1802 4118 1891 4172 διὰ

309 4212 411 4281 τὴν
440 4211 733 4265 ἀσθένειαν
762 4210 857 4264 τοῦ
896 4208 1148 4281 σώματος
1180 4211 1348 4281 ὀλίγῳ
1390 4211 1521 4282 οἴνῳ
1565 4212 1888 4282 κεχρῆσθαι.

2595 3456 2671 3509 De
2699 3457 2969 3509 ebrietate.

2059 3569 2316 3625 Ebrietas
2365 3569 2543 3623 multo
2583 3577 2881 3638 exsuperat
2910 3577 3107 3637 suapte
3146 3567 3412 3638 gravitate
3446 3568 3578 3625 eda-

1989 3665 2234 3728 citatem,
2262 3671 2320 3718 et
2360 3662 2482 3732 ejus
2506 3676 2638 3724 usu,
2671 3660 2833 3714 nobis
2867 3674 3124 3729 prorsum
3159 3658 3461 3729 Scriptura:
3488 3660 3575 3712 di-

1987 3753 2131 3807 vina:
2162 3752 2379 3808 sanetio
2408 3749 2714 3804 interdixit.
2738 3748 2853 3803 Nec
2880 3748 3029 3802 enim
3062 3747 3147 3802 fas
3174 3748 3433 3817 cuiquam
3461 3756 3579 3802 tur-

1988 3844 2243 3915 pitudine
2273 3842 2437 3898 istius
2463 3839 2691 3911 gloriari
2713 3839 3026 3904 ebrietatis,
3048 3853 3149 3893 ceu
3172 3838 3400 3908 quidam
3426 3852 3579 3893 asso-

1990 3937 2107 3991 lent
2135 3954 2148 3989 :
2181 3935 2277 4005 qui
2302 3932 2442 3988 nihil
2468 3941 2577 3987 tam
2616 3932 2893 4001 resipiunt
2914 3941 3078 4000 atque
3106 3930 3299 3985 mundi
3331 3930 3581 4001 pruden-

1992 4029 2159 4091 tiam,
2195 4041 2316 4081 sese
2369 4026 2477 4079 hoc
2528 4023 2753 4079 nomine
2803 4023 3160 4078 venditantes
3208 4023 3577 4088 insolentius,

1992 4120 2139 4191 quod
2170 4119 2405 4190 pulchre
2431 4126 2682 4173 ventrem
2714 4132 2869 4171 mero
2896 4115 3200 4171 onerarint.
3223 4116 3385 4171 Aliud
3417 4118 3581 4187 plane

1992 4210 2319 4269 temulentia
2370 4209 2508 4264 nihil
2548 4208 2683 4262 meri
2729 4207 2922 4261 bibulo
2954 4206 3192 4270 confert,
3226 4222 3391 4277 quam
3425 4223 3581 4261 emo-

317 4304 418 4355 Ὃν
444 4302 647 4373 τρόπον
675 4302 838 4372 γὰρὴ
872 4301 945 4372 γῆ
979 4301 1282 4372 συμμέτρῳ
1312 4303 1410 4372 μὲν
1440 4302 1632 4373 ὄμϐρῳ
1663 4304 1860 4374 ἀρδευο

1995 4306 2204 4360 tionem
2226 4303 2430 4359 mentis
2445 4310 2610 4371 atque
2634 4300 3327 4370 paupertatem.Exolescit
3348 4301 3582 4371 proinde

316 4396 480 4467 μένη,
515 4394 762 4465 καθαρὸν
797 4394 858 4446 τὸ
891 4396 970 4458 εί..
1005 4395 1175 4463 αὐτὴν
1227 4394 1449 4464 σπέρμα
1480 4394 1865 4464 καταϐαλλόμε

1992 4414 2094 4469 per
2117 4413 2238 4453 eam
2264 4411 2483 4467 corpus,
2507 4410 2571 4449 ac
2602 4393 2804 4448 friatile
2830 4392 3085 4447 redditur
3113 4402 3168 4448 et
3188 4409 3407 4448 enerve.
3438 4393 3581 4449 Sane

312 4504 403 4539 νον
452 4486 591 4557 μετά
641 4487 965 4558 προσθήκης
1011 4487 1247 4556 ἀνίησιν,
1296 4486 1401 4538 ὑπὸ
1447 4486 1659 4540 πολλῶν
1696 4487 1753 4541 δὲ
1790 4486 1862 4557 ὅμ

1994 4507 2160 4563 quam
2194 4491 2401 4545 bonum
2438 4488 2510 4543 sit
2557 4503 2661 4542 nec
2706 4485 3131 4555 improbandum
3168 4495 3399 4555 pr0pter
3428 4485 3584 4539 infir-

314 4580 465 4649 ϐρων
518 4578 899 4651 μεθυσκομένη
942 4580 1187 4643 ἀκάνθας
1232 4579 1386 4650 φέρει
1441 4580 1536 4633 καὶ
1611 4580 1861 4652 τριϐόλου

1996 4587 2246 4643 mitatem
2270 4584 2523 4654 corporis
2553 4580 2776 4635 modico
2806 4580 2887 4635 uti
2918 4579 3067 4632 vino.
3106 4576 3321 4649 1034
3346 4576 3415 4632 Ut
3435 4575 3583 4631 enim

317 4670 513 4739 μόνον’
544 4669 688 4722 οὓτω
727 4672 821 4723 καὶ
867 4673 900 4741 ὴ
953 4670 1027 4741 γῆ
1068 4671 1167 4740 τῆς
1222 4671 1470 4741 καρδίας,
1524 4672 1621 4725 ἐὰν
1676 4673 1862 4743 συμμέ

1968 4689 2147 4738 .terra
2200 4677 2487 4731 moderato
2540 4673 2762 4744 perfusa
2820 4672 3033 4737 imbre,
3084 4686 3274 4725 semen
3333 4670 3481 4741 quod
3530 4670 3586 4723 in

314 4778 462 4830 τρως
506 4760 583 4832 τῷ
627 4760 755 4832 οἴνῳ
801 4760 1086 4833 χρώμεθα,
1119 4762 1341 4834 καθαρὰ
1384 4763 1451 4816 τὰ
1486 4763 1691 4832 φυσικὰ
1723 4765 1863 4834 αὐτῆ

1998 4772 2214 4825 viscera
2266 4784 2364 4824 sua
2413 4767 2687 4837 deiectum
2724 4779 2921 4835 purum
2967 4762 3205 4831 excepit,
3238 4762 3415 4816 multo
3460 4775 3585 4815 cum

316 4853 612 4907 ἀναδίδωσι
666 4854 979 4925 σπέρματα.
1022 4854 1148 4909 Ἐὰν
1189 4856 1246 4908 δὲ
1276 4855 1564 4928 διάϐροχος
1596 4857 1701 4909 ὑπὸ
1728 4857 1861 4911 πολυ

1999 4861 2191 4915 fenore
2222 4858 2464 4913 emicare
2511 4856 2657 4925 cogit
2699 4862 2756 4908 et
2805 4838 3120 4922 emergere;
3171 4867 3201 4906 e
3250 4851 3492 4919 diverso,
3540 4849 3585 4905 si

318 4946 517 5009 ποσίας
551 4945 802 5016 γένηται,
835 4947 1078 5011 ἀκάνθας
1115 4949 1281 5011 ὄντως
1310 4950 1464 5019 φέρει
1491 4950 1618 5013 τοὺς
1650 4950 1865 5004 ἅπαντα

2001 4951 2312 5008 immodicae
2356 4948 2557 5019 pluviae
2598 4947 2876 5002 madcscat
2925 4945 3123 5015 illapsu
3159 4952 3216 4999 et
3252 4943 3585 5007 inebrietur,

319 5036 493 5106 αὐτῆς
518 5038 838 5109 λογισμούς.
864 5040 938 5092 Οὐ
976 5041 1136 5110 μόνον
1162 5041 1219 5094 δὲ
1248 5041 1429 5103 τοῦτο,
1461 5040 1598 5095 ἀλλὰ
1630 5043 1723 5095 καὶ
1753 5059 1866 5095 ποιε

2003 5044 2190 5114 spinas
2223 5041 2431 5111 profert
2463 5040 2640 5094 solum
2675 5048 2729 5093 et
2757 5038 3012 5102 tribulos,
3043 5036 3116 5091 ita
3145 5044 3202 5091 et
3228 5044 3375 5091 terra
3404 5033 3591 5090 cordis

319 5126 412 5178 τὸν
471 5126 737 5196 μεθύοντα
797 5130 949 5199 παρά
998 5130 1097 5198 μὲν
1150 5130 1259 5182 τῶν
1302 5132 1555 5202 ἀφρόνων
1595 5132 1855 5199 γελᾶσθαι

2003 5134 2204 5199 nostri,
2238 5131 2514 5202 siquidem
2558 5146 2683 5184 cum
2728 5128 2995 5199 temperie
3030 5128 3163 5181 vino
3196 5136 3436 5189 utemur,
3468 5139 3592 5193 qua:

322 5218 476 5287 παρὰ
502 5218 559 5271 δὲ
588 5218 697 5271 τῶν
725 5221 1009 5291 φρονίμων
1039 5222 1378 5276 πενθεῖσθαι.
1409 5224 1534 5277 Νῶε
1571 5224 1702 5295 γὰρ,
1734 5224 1866 5295 φησὶ

2001 5235 2197 5297 suopte
2234 5225 2398 5295 genio
2426 5223 2637 5278 semina
2666 5237 2805 5293 pura
2834 5220 3067 5290 accepit,
3094 5219 3277 5274 reddit
3299 5217 3590 5288 multiplici

324 5313 359 5379 ἠ
393 5310 515 5364 θεία
547 5312 758 5384 Γραφὴ,
790 5312 931 5384 ἀνὴρ
967 5314 1196 5380 δίκαιος,
1226 5316 1383 5369 ἔπιεν
1423 5312 1588 5381 οἶνον,
1640 5321 1734 5375 καὶ
1771 5318 1866 5389 ἑμε

2003 5335 2129 5376 cum
2189 5317 2539 5382 accessione;
2602 5315 2646 5370 si
2716 5324 2828 5368 tota
2894 5312 3008 5367 vini
3074 5312 3307 5365 humore
3369 5324 3591 5380 perma-

399 5472 634 5545 °_E.\°od.
680 5489 845 5534 xxxn,
896 5473 948 5527 6.
1016 5475 1083 5545 πθ
1138 5474 1376 5545 Philipp.
1435 5494 1513 5541 nt,
1572 5477 1659 5531 19.

1778 5476 1820 5507 ¹⁰
1856 5477 1872 5531 1
1921 5476 2047 5531 Cor.
2084 5493 2157 5539 ιι,
2214 5475 2299 5530 l5.

331 5543 374 5574 ⁸³
417 5543 575 5596 Rom.
619 5560 730 5605 vni,
768 5547 822 5597 ti.
935 5545 975 5575 ”
1016 5543 1180 5600 llcbr.
1225 5543 1339 5612 xm;
1396 5549 1448 5604 9.

1548 5549 1589 5579 ³⁵
1635 5548 1796 5602 Com.
1846 5563 1957 5611 xw,
2012 5548 2099 5599 17.

2414 5476 2454 5505 ¹¹
2490 5473 2649 5539 Rom,
2692 5488 2801 5536 xw,
2855 5470 2943 5524 15.
3055 5470 3096 5500 ¹²
3138 5470 3295 5524 Rom.
3331 5483 3446 5539 xvi,
3502 5464 3589 5539 lg.

2204 5547 2244 5575 ¹⁶
2272 5546 2372 5599 lsa.
2429 5562 2485 5611 ν,
2529 5546 2583 5599 5.
2667 5544 2707 5575 ⁸⁷
2746 5542 2903 5597 Joan.
2942 5557 3016 5605 vi,
3058 5539 3146 5595 26.

1634 5707 1867 5763 ΥΑΒΙᾹΞ
1910 5702 2311 5761 LECTIOIVES.

404 5788 425 5817 ι’
460 5778 747 5849 μένουσαν.

3249 5538 3293 5571 ¹⁸
3337 5538 3472 5592 ibid.
3497 5535 3589 5589 27.
3648 5566 3657 5572 ι
