4052 6532
567 335 698 400 1447

1755 395 1757 399 .
1831 268 2199 394 ANTIOClII
2242 329 2592 392 MONACHI

3673 328 3778 398 1418

564 448 776 516 duerit,
809 461 979 520 seque
1010 461 1167 504 mero
1193 444 1506 517 cepiosiore
1531 445 1826 517 proluerit,
1855 446 1990 517 jam,
2018 443 2141 499 veli:

2260 442 2458 515 θύσθη,
2482 443 2576 498 καὶ
2598 443 2779 498 ἔκειτο
2805 442 3032 514 γυμνὸς,
3062 441 3156 498 καὶ
3185 442 3284 513 οὐχ
3304 443 3382 497 ὅτι
3411 443 3644 513 πάροινος
3681 439 3779 517 ἧνδ

564 538 732 604 nolis,
764 538 952 609 spinas
969 545 1028 593 et
1049 535 1202 592 aliud
1229 535 1370 591 nihil
1395 545 1606 603 exeret,
1636 551 1837 608 nempe
1867 535 2149 607 improbas

563 630 951 702 cogitationes.
977 630 1169 700 Neque
1192 629 1247 685 id
1274 629 1462 697 modo,
1490 629 1586 686 sed
1607 638 1665 686 et
1686 630 1967 686 ebriacum
1994 629 2150 684 illum

562 722 732 779 elﬁcit
773 722 859 780 sui
893 721 1195 789 similibus,
1227 721 1334 777 hoc
1388 729 1474 779 est
1508 719 1716 786 stultis,
1757 722 2146 786 deridiculum,

563 815 936 886 prudentibus
973 822 1190 880 autem,
1217 827 1316 885 per
1351 814 1895 871 commiserationem
1936 814 2148 869 luctum

563 915 876 978 extorquet.
900 907 1014 964 Noe
1045 908 1216 974 enim,
1244 907 1322 964 ait
1369 908 1560 964 divina
1603 906 1915 977 Scriptura,
1943 905 2028 959 vir
2055 905 2147 976 ju-

562 1012 684 1058 Stus
713 1001 933 1056 biberat
963 1001 1174 1068 vinum,
1205 1016 1379 1072 seque
1409 1005 1478 1056 eo'
1508 1000 1795 1072 proluerat
1829 997 2145 1062 immodice,

560 1103 618 1150 et
655 1094 880 1167 jaeebat
920 1094 1104 1150 nudus
1151 1095 1277 1166 (nec
1309 1102 1497 1150 tamen
1537 1107 1606 1149 eo
1647 1093 1916 1148 scribitur
1940 1093 2145 1163 justus,

560 1186 711 1256 quod
745 1186 877 1240 vino
920 1185 1326 1252 immaduisset,
1359 1185 1456 1240 sed
1498 1193 1732 1240 eatenus
1771 1198 1972 1253 expers
2013 1198 2148 1240 usus

562 1277 722 1350 vini),
750 1287 807 1332 et
833 1277 903 1332 ab
929 1278 1283 1348 imprudente
1318 1278 1413 1332 illo
1434 1277 1628 1342 Cham,
1659 1277 1885 1332 habitus
1905 1275 2147 1331 ludibrio

562 1377 666 1436 est,
698 1385 726 1424 a
760 1370 1131 1440 prudentibus
1160 1381 1344 1426 autem
1379 1371 1508 1425 filiis
1542 1379 1684 1425 tecta
1718 1378 1804 1425 est
1843 1369 2144 1440 ignominia

562 1463 832 1518 nuditatis
883 1465 947 1517 ”.
999 1463 1247 1519 Vitemus
1295 1464 1464 1534 igitur
1519 1462 1790 1542 (fratres)
1856 1461 2146 1518 ebrietatis

561 1555 890 1622 daemonem,
919 1564 981 1610 ut
1013 1571 1081 1611 ne
1109 1555 1330 1611 demum
1362 1555 1441 1610 illi
1477 1570 1578 1609 nos
1604 1553 1972 1609 exbibeamus
1995 1553 2146 1608 deri-

559 1648 798 1711 diculos,
830 1648 1080 1718 quinimo
1115 1664 1215 1703 nos
1261 1650 1412 1719 ipsos
1461 1647 1887 1718 praemuniamus
1929 1645 2144 1702 sobrie-

564 1749 695 1808 tate,
729 1757 851 1811 quae
880 1741 1028 1796 hunc
1062 1742 1628 1798 nostrumhomiuem
1659 1741 1992 1795 incolumem
2027 1755 2146 1794 ser-

557 1843 650 1888 vet
691 1850 816 1888 cum
853 1835 1118 1903 primaria
1163 1835 1283 1905 ejus
1326 1835 1605 1904 portione,
1636 1834 1899 1888 videlicet
1931 1841 2138 1898 mente,

559 1927 774 1982 sicutet
790 1927 1182 1982 Parmmiastes
1203 1941 1310 1982 suo
1323 1927 1636 1997 praescribit
1651 1926 1911 1981 mandato
1934 1944 1946 1979 :
1971 1942 1990 1976 ‹
2015 1923 2140 1979 Noli

558 2035 679 2075 esse
697 2028 914 2089 potator
931 2020 1074 2084 vini;
1092 2019 1274 2074 omnis
1292 2020 1438 2074 enim
1459 2019 1669 2083 ebrius,
1688 2035 1900 2090 pauper
1921 2027 2004 2074 est
2024 2019 2090 2071 ²⁰.
2115 2035 2133 2068 ›

558 2113 762 2167 lterum
791 2130 804 2167 :
837 2131 856 2164 ι
885 2112 986 2169 Cui
1016 2129 1118 2178 vae,
1150 2121 1208 2168 et
1231 2114 1320 2168 cui
1350 2113 1650 2166 tumultus?
1669 2112 1759 2166 cui
1781 2111 2029 2182 judicia?
2051 2111 2141 2167 cui

556 2203 862 2260 insuavitas
906 2215 961 2260 et
1009 2206 1207 2275 nugze?
1255 2206 1344 2260 cui
1401 2204 1767 2260 contritiones
1817 2203 2142 2275 supernum?

556 2297 717 2368 cujus
748 2297 902 2352 lividi
939 2298 1119 2353 oculi?
1147 2313 1332 2353 nonne
1364 2297 1433 2352 iis
1463 2297 1558 2368 qui
1605 2298 1973 2353 immorantur
2013 2297 2140 2352 diu-

557 2389 671 2444 tius
697 2390 1077 2445 exhauriendo
1119 2391 1284 2445 vino?
1310 2390 1560 2461 nunquid
1609 2406 1720 2445 non
1764 2391 1849 2444 his
1876 2390 1971 2460 qui
2022 2406 2145 2460 per-

557 2482 832 2551 vestigant
855 2481 950 2535 ubi
983 2481 1125 2536 ﬁunt
1147 2483 1587 2552 computationes
1609 2483 1695 2536 “‘2
1728 2501 1744 2534 ι
1777 2481 1918 2536 Tum
1944 2483 2139 2537 addit:

564 2591 584 2624 ι
618 2573 740 2628 Noli
769 2573 1032 2628 inebriari
1050 2574 1207 2648 vin-0,
1239 2574 1334 2629 sed
1369 2589 1700 2630 convcrsare
1733 2590 1861 2629 cum
1899 2573 2142 2629 homini-

558 2665 844 2736 busjustis
870 2666 937 2718 ".
974 2685 992 2718 ι
1020 2665 1178 2721 Alius
1204 2666 1331 2720 item
1359 2683 1373 2720 :
1406 2686 1425 2718 ‹
1452 2668 1533 2723 Ne
1554 2677 1675 2723 esto
1696 2667 1876 2722 virilis
1903 2666 1958 2720 in
1989 2667 2140 2732 vino,

557 2757 760 2811 multos
787 2757 935 2812 enim
970 2758 1210 2828 perdidit
1238 2759 1428 2812 vinum
1453 2759 1520 2813 ³³.
1552 2778 1570 2810 ι
1599 2759 1802 2814 lterum
1829 2775 1844 2810 ε
1877 2778 1894 2809 ι
1921 2757 2024 2825 Qui
2048 2760 2141 2830 ju-

556 2846 772 2901 cundus
799 2858 884 2902 est
913 2847 965 2900 in
999 2847 1110 2901 vini
1142 2849 1549 2918 congressibus,
1584 2848 1641 2903 in
1671 2848 1787 2904 suis
1813 2849 2141 2903 munitioni-

556 2936 662 2992 bus
705 2937 1055 3007 derelinquet
1097 2938 1456 3009 ignominiam
1485 2939 1552 2994 "'.
1596 2958 1613 2991 ι
1651 2940 1934 2994 Rursum:
1968 2959 1986 2990 ‹
2017 2939 2142 2995 Noli

557 3046 680 3085 eme
711 3039 933 3100 potator
956 3031 1101 3094 vini,
1126 3047 1235 3086 non
1265 3033 1414 3086 enim
1463 3031 1759 3088 conferunt
1802 3032 1971 3086 stulto
2002 3031 2142 3086 deli-

2251 535 2485 602 δίκαιος,
2519 537 2634 590 ἀλλ’
2675 538 2904 608 ἄπειρος
2953 536 3054 606 τῆς
3088 536 3183 589 τοῦ
3217 536 3361 590 οῐνου
3408 536 3657 607 χρήσεως.
3707 543 3782 594 καὶ

2252 627 2405 699 παρὰ
2451 627 2553 698 μὲν
2597 626 2692 681 τοῦ
2733 628 2970 697 ἄφρονος
2993 627 3124 696 Χὰμ
3147 623 3439 695 ἐγελάσθη,
3465 625 3604 694 παρὰ
3628 626 3676 678 δὲ
3698 628 3782 680 τῶν

2251 714 2531 785 φρονίμων
2569 716 2702 770 υἱῶν
2755 713 3098 785 ὲσκεπάσθη.
3148 714 3418 786 Φύγωμεν
3445 709 3554 779 οὗν,
3582 716 3782 786 ἀδελφοὶ,

2249 808 2340 860 τὸν
2365 810 2461 879 τῆς
2494 810 2668 880 μέθης
2697 810 2954 879 δαίμονα,
2992 809 3078 862 ἵνα
3105 808 3179 880 μὴ
3211 808 3689 878 καταγελασθῶμεν
3711 811 3784 865 ὑπ’

2249 899 2437 966 αὐτοῦ,
2468 901 2603 956 ἀλλὰ
2629 902 2834 972 μᾶλλον
2849 905 2916 974 τῇ
2939 901 3098 974 νήψει
3123 902 3352 964 ἑαυτοὺς
3381 899 3782 971 ἁσφαλισὼμεθα,

2250 991 2337 1044 ἵνα
2369 994 2598 1064 γένηται
2627 994 2815 1067 ἄρτιος
2840 995 3125 1066 ἄνθρωπος
3155 995 3254 1048 σὺν
3277 993 3355 1064 τῷ
3382 993 3705 1064 ἡγεμονικῷ·
3725 995 3786 1059 ὼς

2249 1089 2341 1140 καὶ
2363 1091 2391 1141 ό
2409 1089 2820 1161 Παροιμιαστὴς
2853 1089 3162 1144 ἐντέλλεται
3191 1090 3389 1158 λέγων·
3431 1107 3450 1139 ι
3476 1089 3567 1160 Μὴ
3603 1089 3700 1142 ῐσθι
3719 1092 3785 1142 οἰ-

2246 1181 2508 1252 νοπότης·
2537 1183 2646 1246 πᾶς
2677 1183 2789 1254 γὰρ·
2813 1182 3046 1254 μέθυσος
3095 1181 3387 1251 πτωχεύει.
3414 1199 3433 1232 ι
3489 1180 3596 1235 Kal
3635 1183 3784 1246 πάλιν,

2253 1291 2274 1323 ι
2297 1273 2416 1326 Τίνι
2442 1274 2584 1340 οὐαὶ,
2612 1275 2708 1328 καὶ
2743 1275 2852 1327 τίνι
2877 1274 3109 1346 θόρυϐος
3133 1290 3147 1340 ;
3185 1274 3292 1326 τίνι
3334 1272 3566 1346 κρίσεις,
3589 1275 3675 1326 καὶ
3701 1274 3786 1326 τίνι

2247 1365 2410 1435 ἀηδία
2443 1367 2538 1419 καὶ
2568 1365 2758 1437 λέσχαι
2793 1382 2809 1433 ;
2845 1365 2952 1420 τίνι
2992 1365 3386 1435 συντρίμματα
3434 1364 3693 1436 διακενῆςς
3720 1369 3785 1417 τί-

2245 1476 2354 1512 νων
2402 1457 2640 1512 πελιδνοὶ
2667 1460 2716 1510 οἱ
2747 1455 3036 1528 ὀφθαλμοίς
3067 1457 3129 1509 ού
3173 1455 3284 1510 τῶν
3314 1453 3716 1526 ἐγχρονιζόντων
3741 1458 3786 1508 ὲν

2245 1551 2430 1619 οίνοις;
2456 1552 2516 1606 ού
2536 1551 2646 1604 τῶν
2671 1549 3212 1618 κατασκοπουμένων
3235 1546 3338 1601 ποῦ
3357 1547 3514 1600 πότοι
3529 1546 3783 1615 γίνονται;ι

2247 1647 2357 1701 Καὶ
2378 1645 2572 1714 ἐπάγει
2590 1660 2605 1674 ·
2634 1663 2654 1696 ι
2681 1644 2772 1715 Μὴ
2793 1642 3135 1714 μεθύσκεσθε
3160 1642 3310 1713 οϊνῳ,
3340 1641 3460 1695 ἀλλ’
3482 1641 3700 1710 ὁμιλεῖτε
3718 1645 3789 1693 ἀνα

2247 1736 2488 1806 θρώποις
2524 1735 2772 1797 δικαίοις.
2802 1753 2820 1785 ι
2855 1733 2966 1788 Kal
3020 1732 3180 1795 ἄλλος
3207 1730 3393 1802 φησιν·
3437 1749 3455 1781 ι
3488 1729 3576 1785 Ἐν
3596 1730 3709 1800 οἴνῳ
3733 1731 3791 1802 μὴ

2245 1827 2499 1900 ἀνδρίζου
2523 1845 2538 1860 ·
2576 1827 2806 1890 πολλοὺς
2824 1825 2933 1898 γὰρ
2956 1825 3238 1880 ἀπώλεσεν
3262 1820 3428 1888 οἶνος.
3455 1841 3474 1874 ι
3507 1823 3612 1876 Kal
3638 1823 3789 1875 πάλιν·

2253 1939 2272 1973 ι
2298 1922 2398 1984 Ὃς
2427 1923 2577 1974 ἐστιν
2612 1921 2741 1991 ἡδὺς
2765 1922 2822 1973 ὲν
2851 1920 3010 1972 οίνων
3039 1917 3368 1989 διατριϐαῖς,
3410 1917 3468 1970 ὲν
3500 1919 3606 1978 τοῖς
3632 1915 3792 1968 ἑαυτοῦ

2244 2013 2566 2086 ὀχυρώμασι
2600 2011 2924 2081 καταλείψει
2969 2012 3220 2082 ἀτιμίαν.
3248 2029 3267 2062 ι
3308 2009 3423 2064 Καὶ
3453 2009 3640 2063 πάλιν·
3683 2011 3794 2077 «Μὴ

2246 2108 2357 2161 ἴσθι
2406 2109 2721 2177 οἰνοπότης·
2755 2106 2816 2159 οὐ
2861 2105 2970 2177 γὰρ
3028 2105 3309 2175 συμφέρει
3347 2103 3547 2174 ἄφρον-ι
3588 2104 3789 2173 τρυῄδ

2244 2200 2354 2252 Kal
2389 2199 2575 2252 πάλιν·
2615 2215 2636 2249 ι
2673 2196 2999 2250 Ἀκόλαστον
3025 2196 3119 2249 καὶ
3145 2194 3487 2266 ὑϐριστικὸν,
3526 2194 3656 2264 μέθη
3675 2210 3687 2224 ·
3709 2196 3794 2257 πᾶς

2243 2291 2301 2344 δὲ
2329 2291 2357 2342 ὁ
2389 2290 2721 2362 μιγνύμενος
2766 2288 2998 2351 τούτοις,
3035 2289 3140 2342 οὐκ
3189 2288 3344 2341 ἔσται
3389 2288 3574 2356 σοφός.
3603 2305 3620 2338 ι
3656 2286 3796 2341 Καὶὸ

2246 2381 2540 2451 προφήτης
2576 2379 2764 2450 Ὀσηὲ,
2790 2378 2920 2449 περὶ
2949 2377 3043 2431 τοῦ
3072 2377 3306 2432 παλαιοῦ
3334 2378 3492 2433 λαοῦ·
3525 2397 3542 2427 ο
3561 2373 3703 2430 Οἶνον
3723 2378 3795 2429 καὶ

2247 2473 2503 2546 μέθυσμα
2541 2471 2765 2536 ἐδέξατο
2807 2470 3007 2543 καρδία
3046 2470 3176 2524 λαοῦ
3203 2488 3330 2541 μου.
3359 2489 3380 2523 ι
3408 2471 3521 2524 Kal
3545 2470 3574 2521 ὁ
3609 2469 3794 2532 Ἡσαΐας

2242 2566 2546 2630 ταλανίζων
2584 2565 2714 2630 τοὺς
2751 2565 2809 2618 ἓν
2832 2563 2962 2634 οϊνῳ
2992 2561 3368 2636 χρονίζοντας,
3401 2563 3616 2630 ἔλεγεν·
3653 2561 3795 2614 «Οὐαὶ

2243 2661 2293 2713 οἱ
2323 2661 2666 2731 ἐγειρόμενοι
2703 2658 2872 2732 πρωῒ,
2904 2660 2997 2712 καὶ
3022 2659 3072 2712 oi
3100 2658 3296 2730 σίκερα
3321 2657 3629 2723 διώκοντες.
3653 2657 3696 2710 οἱ
3723 2656 3796 2726 μέ·

2243 2769 2425 2815 νοντες
2458 2751 2519 2805 τὸ
2562 2751 2681 2822 ὀψέ.
2719 2750 2778 2804 '0
2815 2751 2934 2823 ’γὰρ
2980 2747 3123 2815 οἶνος
3169 2751 3370 2815 αὐτοὺς
3420 2750 3791 2819 donatiuum

2244 2844 2354 2898 Kal
2384 2843 2568 2897 πάλιν·
2608 2863 2627 2895 ι
2653 2842 2912 2916 Πεπλανη
2923 2843 3074 2913 μένοι
3095 2844 3234 2896 εἰσιν
3263 2843 3378 2896 ἀπὸ
3405 2845 3508 2912 τῆς
3548 2841 3704 2912 μέθης
3723 2840 3794 2894 τοῦ

2242 2939 2410 2998 οἴνου,
2431 2955 2452 2988 ι
2493 2935 2569 2998 ὡς
2595 2936 2762 2999 αὐτὸς
2795 2937 2890 2989 καὶ
2934 2937 3089 3008 Ίωὴλ
3124 2936 3246 3007 βοᾷ·
3274 2956 3290 2988 ι
3328 2936 3633 3006 Ἐκνήψατε
3653 2936 3697 2987 οἱ
3721 2952 3795 3004 με·

2244 3029 2463 3092 θύοντες
2498 3028 2554 3097 ἐξ
2603 3027 2750 3082 οἴνου
2804 3028 3008 3095 αὐτῶν,
3046 3027 3322 3082 κλαύσατε
3379 3029 3476 3082 καὶ
3526 3028 3796 3100 θρηνήσατε

558 3121 658 3176 cia:
686 3121 784 3173 η.»
816 3121 883 3175 Et
907 3138 918 3174 :
950 3141 966 3171 ι
999 3121 1305 3176 Luxuriosa
1332 3138 1421 3177 res
1449 3131 1504 3177 et
1529 3124 1933 3179 contumeliosa
1962 3123 2141 3179 ebrie-

2245 3122 2446 3186 πάντες
2476 3122 2524 3174 οἱ
2562 3121 2812 3184 πίνοντες
2844 3116 2988 3176 οἶνον
3030 3121 3112 3184 εἰς
3160 3120 3352 3192 μέθην.
3380 3140 3399 3173 ι
3463 3120 3679 3174 Κλαίειν
3724 3121 3798 3172 καὶ

559 3225 675 3278 tas;
707 3212 888 3267 omnis
935 3220 1121 3267 autem
1157 3213 1251 3282 qui
1287 3229 1346 3267 se
1395 3213 1672 3269 immiscet
1719 3215 1829 3280 his,
1883 3230 1995 3270 non
2039 3216 2146 3271 erit

556 3305 780 3374 sapiens
807 3306 872 3360 ".
909 3325 926 3356 ι
956 3304 1125 3360 Oseas
1153 3305 1445 3376 prOpheta,
1469 3305 1536 3361 de
1559 3315 1747 3362 vetere
1768 3308 1862 3362 illo
1889 3309 2094 3379 populo
2127 3325 2141 3362 :

563 3416 581 3448 ι
625 3398 824 3454 Vinum
853 3407 909 3452 et
936 3397 1267 3452 ebrietatem
1300 3399 1521 3470 excepit
1552 3415 1649 3454 cor
1673 3401 1861 3470 populi
1889 3402 1994 3456 mei
2018 3402 2085 3454 ³⁷.
2117 3419 2136 3452 ι

556 3489 723 3544 Isaias
740 3489 893 3553 item,
915 3490 1146 3544 miseros
1171 3506 1267 3546 eos
1295 3491 1582 3546 insinuans
1597 3493 1692 3562 qui
1709 3493 1920 3547 diutius
1946 3493 2144 3549 immo-

557 3589 751 3636 rantur
767 3581 915 3648 vino,
942 3581 1162 3637 dicebat
1189 3601 1202 3636 :
1234 3603 1253 3636 ι
1275 3584 1365 3638 Vae
1398 3585 1493 3654 qui
1515 3595 1855 3656 consurgunt
1885 3602 2064 3653 mane,
2088 3595 2144 3643 et

556 3675 790 3729 siceram
815 3682 1100 3727 sectantur
1136 3685 1422 3730 manentes
1446 3693 1620 3747 usque
1642 3677 1698 3732 in
1719 3693 1925 3744 serum,
1950 3679 2142 3734 vinum

557 3765 854 3820 succendet
887 3781 984 3820 eos
1011 3767 1075 3821 ’⁸.
1112 3786 1130 3818 ι
1163 3767 1367 3822 lterum
1397 3768 1515 3824 Joel
1565 3770 1702 3825 nihil
1747 3771 1878 3825 huic
1923 3771 2142 3827 dissen-

559 3865 752 3912 taneus
781 3857 1025 3913 clamat:
1059 3877 1076 3910 ι
1118 3859 1389 3932 Evigilate
1429 3861 1572 3917 ebrii
1606 3879 1637 3918 a
1665 3863 1816 3929 vino,
1845 3863 1970 3920 flete
2015 3880 2143 3920 vos-

558 3949 726 4019 ipsos,
757 3961 814 4005 ct
843 3951 1024 4022 lugete
1080 3967 1275 4008 omnes
1303 3953 1399 4023 qui
1424 3953 1616 4010 bibitis
1648 3955 1834 4010 vinum
1864 3957 1932 4010 ad
1963 3958 2141 4013 ebrie-

557 4053 726 4099 tatem
749 4045 816 4098 ²⁹.
849 4065 866 4096 ι
907 4047 1060 4100 Flore
1085 4046 1232 4100 enim
1256 4056 1312 4101 et
1336 4048 1524 4117 lugere
1554 4049 1918 4104 constitutum
1944 4059 2029 4106 est
2052 4052 2140 4107 bis

557 4136 651 4206 qui
698 4136 938 4192 artiﬁces
967 4149 1097 4192 sunt
1128 4148 1186 4193 et
1215 4139 1457 4208 operarii
1489 4139 1829 4198 vinolentite.
1864 4143 1960 4198 Est
1989 4145 2137 4200 enim

554 4228 801 4283 ebrietas
844 4229 1038 4283 vitium
1075 4229 1199 4284 istis
1245 4231 1523 4300 peculiare
1565 4233 1658 4302 qui
1701 4235 1935 4304 pessime
1968 4235 2137 4291 vitam

556 4317 700 4373 banc
738 4321 1142 4384 transmittunt,
1194 4330 1252 4376 et
1293 4337 1324 4376 a
1365 4323 1700 4379 rectitudine
1744 4325 1800 4379 in
1851 4327 2139 4398 pudendos

554 4428 775 4468 errores
808 4413 1169 4480 deﬂexerunt,
1219 4415 1308 4468 vel
1359 4423 1498 4471 teste
1543 4417 1670 4483 Job,
1722 4419 1819 4489 qui
1868 4422 2134 4490 quosdam

2250 3213 2470 3285 θρηνεῖν
2514 3214 2917 3285 προστέτακται
2963 3215 3081 3276 τοῖς
3143 3213 3243 3283 τῆς
3287 3211 3638 3282 οἰνοφλυγίας
3690 3213 3795 3280 ἐρι-

2248 3311 2424 3370 σταῖς.
2476 3309 2584 3360 Καὶ
2628 3306 2738 3376 γὰρ
2781 3305 3000 3377 ἀληθῶς
3035 3306 3141 3360 τῶν
3173 3305 3479 3375 αἰσχίστων
3533 3303 3798 3375 ἀνθρώπων

2247 3401 2394 3454 ἐστὶν
2432 3401 2465 3471 ἡ
2499 3398 2677 3470 μέθη,
2725 3399 2819 3452 καὶ
2873 3397 3338 3470 πεπλανημένων,
3377 3399 3456 3462 ὡς
3482 3401 3510 3452 ὁ
3553 3397 3666 3452 ’1ὼό
3714 3397 3797 3450 ύπὸ

2245 3510 2411 3546 τινων
2445 3491 2836 3562 κατεχόμενος,
2888 3489 3058 3560 φησί·
3103 3509 3121 3542 ι
3148 3489 3571 3560 Πλανηθείησαν
3614 3491 3682 3552 ὡς
3724 3506 3798 3558 με·

2245 3585 2411 3641 θύων.
2447 3605 2464 3636 ι
2505 3585 2569 3638 Οἱ
2599 3585 2656 3638 δὲ
2699 3583 2917 3654 σεμνῶς
2945 3583 3264 3656 βουλόμενοι
3298 3583 3693 3645 πολιτεύεσθαι,
3725 3582 3796 3634 καὶ

2243 3682 2309 3750 τῇ
2345 3677 2533 3748 εὐθείᾳ
2581 3676 2687 3746 ὁδῷ
2739 3676 2998 3741 ἀπλανῶς
3058 3675 3359 3746 βαδίζουσι,
3410 3676 3690 3737 ἀκούοντες
3723 3673 3797 3727 τοῦ

2257 3770 2612 3832 Ἀποστόλου,
2661 3768 2916 3837 λέγοντος
2946 3784 2960 3798 ·
3005 3789 3023 3820 ι
3054 3768 3143 3838 Μὴ
3216 3767 3560 3839 μεθύσκεσθε
3599 3766 3712 3835 οίνῳ
3753 3767 3798 3816 ἐν

2242 3857 2286 3932 ᾧ
2312 3864 2460 3917 ἐστιν
2498 3863 2725 3916 ἀσωτία.
2751 3881 2770 3913 ι
2821 3862 2935 3915 Kal
2990 3861 3156 3915 πάλιν
3180 3873 3202 3892 ·’
3233 3860 3525 3914 «Μέθυσοι
3556 3856 3797 3930 βασιλείαν

2243 3956 2380 4010 Θεοῦ
2437 3955 2498 4009 ού
2548 3955 3074 4025 κληρονομήσουσιν.
3106 3971 3126 4004 ι
3175 3951 3285 4003 Kal
3332 3951 3420 4016 τὸ,
3462 3969 3481 4001 ι
3520 3951 3586 4004 Ἠ
3618 3965 3796 4002 σπατα-

2240 4049 2391 4102 λῶσα
2436 4047 2604 4118 χήρα,
2631 4043 2782 4110 ζῶσα
2827 4045 3158 4114 τέθνηκεν.»
3217 4043 3327 4096 Καὶ
3388 4043 3627 4110 ἐπάγει·
3689 4040 3796 4091 «Aci

2240 4143 2401 4198 τοῦτο
2432 4143 2505 4214 μὴ
2524 4140 2741 4210 γίνεσθε
2772 4140 3029 4211 ἄφρονες,
3061 4137 3196 4191 ἀλλὰ
3223 4136 3436 4190 συνίετε
3465 4137 3517 4189 τί
3536 4135 3593 4190 τὺ
3620 4135 3795 4204 θῦιημα

2239 4235 2333 4290 τοῦ
2355 4235 2512 4290 Θεοῦ.
2543 4252 2562 4286 ι
2593 4234 2781 4288 Πάντα
2812 4233 2923 4303 γὰρ
2949 4231 3014 4284 τὰ
3043 4231 3246 4301 αἰσχρὰ
3273 4231 3422 4302 πάθη
3454 4233 3518 4284 ὲκ
3537 4231 3633 4300 τῆς
3654 4227 3794 4299 μέθης

2241 4328 2598 4398 ἀναφύονται.
2643 4326 2732 4391 Ὠς
2763 4327 2856 4380 καὶ
2891 4324 3059 4378 Δαϐίδ
3088 4340 3255 4393 φησιν
3275 4336 3289 4350 ⁶
3325 4343 3342 4374 ι
3365 4323 3486 4387 Νὺξ
3530 4319 3792 4392 φωτισμδς,

2241 4425 2299 4477 ἐν
2327 4424 2397 4494 τῇ
2429 4425 2611 4495 τρυφῇ
2653 4438 2777 4494 μου,
2801 4438 2819 4471 ι
2856 4417 3102 4472 τουτέστι
3130 4432 3145 4446 ·
3188 4415 3302 4482 Νὺξ
3335 4411 3406 4486 ἦν
3436 4416 3566 4487 περὶ
3604 4413 3696 4484 ἐμὲ
3721 4411 3794 4462 τὶν

554 4506 863 4576 percellens
893 4507 1121 4572 acriter,
1166 4506 1302 4561 dicit
1335 4524 1348 4562 :
1392 4527 1410 4558 ι
1443 4509 1646 4566 Errent
1675 4512 1817 4567 sicut
1845 4514 1987 4570 ebrii
2011 4515 2077 4574 '°.
2107 4537 2126 4570 ι

2245 4515 2491 4582 δείλαιον,
2527 4515 2624 4568 καὶ
2653 4513 2902 4584 ἠγνόουν,
2941 4513 3042 4584 τὴν
3072 4512 3284 4584 τρυφὴν
3311 4511 3489 4566 νύκτα
3523 4508 3789 4579 ὀνομάζων.

553 4595 766 4664 Quibus
788 4606 971 4651 autem
1003 4597 1153 4651 cordi
1179 4604 1264 4652 est
1287 4597 1488 4667 pudice
1509 4615 1572 4654 ac
1595 4601 1767 4670 probe
1790 4608 2130 4673 conversari,

553 4688 622 4742 ab
642 4687 934 4752 ebrietate,
962 4687 1110 4742 omni
1139 4686 1320 4742 studio
1341 4687 1447 4743 sibi
1475 4697 1786 4760 temperant
1804 4703 1968 4765 atque
1994 4696 2135 4752 inof-

555 4781 708 4838 fense
745 4797 845 4852 per
896 4782 1042 4837 viam
1090 4791 1330 4852 pergunt
1380 4783 1760 4852 rectitudinis,
1811 4803 1912 4858 per
1946 4793 2133 4849 omnia

553 4874 810 4946 morigeri
865 4875 1182 4944 apostolica:
1235 4875 1445 4946 1035
1498 4879 1786 4935 sententiae
1829 4897 1842 4935 :
1879 4899 1899 4933 ι
1951 4882 2134 4942 Nolite

554 4966 814 5020 inebriari
849 4966 980 5021 vino
1031 4966 1085 5021 in
1137 4981 1248 5038 quo
1293 4975 1380 5022 est
1426 4967 1644 5025 luxuria
1675 4971 1740 5026 ³¹.
1792 4992 1811 5024 ι
1860 4973 2066 5032 lterum
2113 4995 2128 5032 :

561 5076 580 5108 ι
605 5056 759 5112 Ebrii
781 5073 1010 5128 regnum
1034 5059 1130 5114 Dei
1155 5075 1265 5114 non
1288 5059 1692 5118 haereditabunt
1715 5065 1779 5120 ³⁸.
1814 5084 1832 5117 ι
1857 5066 1925 5121 Ει
1951 5068 2085 5125 illud
2114 5089 2128 5126 :

2236 4597 2349 4662 Kal
2375 4607 2485 4678 γὰρ
2517 4607 2688 4678 ἀχλὺς
2732 4606 2830 4660 καὶ
2877 4605 3068 4668 σκότος
3090 4607 3202 4669 τοῖς
3249 4603 3534 4676 μεθύουσι,
3566 4599 3697 4655 κατὰ
3719 4597 3792 4650 τὸν

2248 4699 2596 4754 Ἀπόστολον.
2628 4698 2740 4769 Τὴν
2771 4697 2881 4769 γὰρ
2909 4697 3038 4769 περὶ
3066 4694 3175 4749 τῶν
3221 4694 3542 4765 θυγατέρων
3567 4690 3658 4745 τοῦ
3693 4688 3792 4743 Λὼτ

2239 4791 2483 4864 ἱστορίαν
2510 4789 2653 4844 ἑκὼν
2677 4790 2779 4843 ύπε
2791 4788 3087 4859 ρΰήσομαι.
3106 4784 3165 4840 ’0
3184 4785 3388 4856 Κύριος
3407 4779 3723 4836 ὲπιὸεϐαιῶν
3739 4781 3790 4827 τὰ

2237 4885 2600 4956 προκείμενα,
2652 4883 2820 4936 πᾶσιν
2851 4879 3161 4934 ἐντέλλεται
3197 4876 3395 4947 λέγων·
3433 4873 3700 4928 «Βλέπετε
3730 4865 3789 4936 μὴ

2241 4977 2584 5049 βαρυνθῶσιν
2613 4975 2669 5029 αἱ
2693 4973 2913 5046 καρδίαι
2936 4973 2965 5025 ὑ
2975 4971 3092 5042 μῶν
3115 4973 3174 5025 ὲν
3199 4967 3484 5042 κραιπάλῃ
3500 4969 3593 5020 καὶ
3619 4959 3785 5036 μέθῃ.»

2238 5071 2398 5144 Αὐτῷ
2427 5072 2460 5143 ἡ
2492 5069 2620 5136 δόξα
2648 5071 2727 5133 εἰς
2749 5068 2874 5130 τοὺς
2898 5065 3100 5128 αίῶνας
3120 5063 3229 5118 τῶν
3254 5060 3489 5117 αἰώνων.
3535 5057 3714 5128 Ἀμήν.

557 5166 577 5200 ι
629 5147 810 5204 Vidua
863 5165 986 5220 qua:
1048 5150 1101 5204 in
1163 5151 1380 5207 deliciis
1436 5153 1605 5221 vivit,
1667 5156 1858 5213 vivens
1923 5173 2144 5221 mortua
2201 5167 2370 5223 est”.
2425 5184 2443 5218 ι
2505 5163 2781 5220 lnducit:
2835 5181 2852 5213 ι
2888 5161 3186 5230 Propterea
3253 5157 3424 5211 nolite
3495 5151 3610 5207 ﬁeri
3675 5145 3789 5202 insi—

552 5242 788 5317 pientes,
820 5242 918 5298 sed
948 5243 1318 5315 intelligentes
1351 5262 1471 5317 quae
1501 5248 1572 5303 sit
1600 5250 1857 5306 voluntas
1882 5252 1980 5308 Dei
2011 5255 2077 5312 3‘.
2110 5277 2130 5310 ι
2165 5259 2448 5330 Quotquot
2515 5257 2663 5312 enim
2698 5256 2952 5311 obscenze
3016 5260 3146 5307 sunt
3173 5258 3230 5304 et
3274 5245 3644 5321 ignominiosa:
3671 5239 3786 5296 ade-

622 5403 664 5485 ξξ
695 5401 832 5459 Gen.
873 5419 949 5470 rx,
1101 5401 1227 5485 23.”
1255 5407 1314 5485 1°
1351 5404 1514 5460 Prov.
1553 5409 1786 5485 xxl,‘l7.
1807 5410 2289 5485 A_"_Prov._xxm,
2320 5416 2391 5470 29
2586 5415 2631 5448 ⁸²
2660 5415 2864 5485 Ephes.
2914 5431 2968 5479 v,
3027 5414 3118 5470 18.
3227 5414 3274 5446 "
3318 5410 3499 5485 Eccli.
3527 5419 3664 5485 xxxi,

551 5475 594 5504 “
618 5474 781 5529 Prov.
849 5491 943 5533 xu.
982 5474 1098 5532 11..

1182 5474 1227 5549 ’ξ
1255 5474 1417 5529 Prov.
1454 5493 1606 5549 xxut,
1637 5477 1725 5532 20.
1765 5498 1769 5502 '
1805 5480 1851 5512 ³⁸
1895 5481 2061 5536 Prov.
2097 5483 2187 5549 20,
2221 5486 2272 5538 1.

3457 5479 3502 5512 ι’
3531 5474 3641 5534 Joel
3670 5485 3706 5536 l,
3735 5467 3780 5522 5.

2351 5485 2560 5542 "Osc'e
2615 5503 2688 5552 1v,
2723 5487 2808 5540 11.
2930 5487 2976 5519 ⁸³
3005 5486 3109 5540 lsa.
3164 5502 3218 5553 v,
3265 5485 3350 5539 11.

552 5544 596 5576 ³⁰
620 5545 723 5616 Job
758 5563 850 5614 xu,
885 5546 976 5602 25.
1055 5545 1095 5576 "
1128 5545 1330 5616 Ephes.
1366 5563 1421 5610 v,
1457 5547 1541 5600 18.
1619 5549 1664 5581 ³³
1695 5549 1855 5605 Rom.
1883 5567 1993 5620 xxv,
2026 5554 2113 5608 17.

2265 5557 2284 5610 l
2316 5556 2458 5611 Tim.
2486 5575 2538 5624 v,
2574 5558 2626 5613 6.
2675 5544 2745 5590 ἰ·
2777 5557 2978 5629 Ephes.
3008 5558 3159 5624 v,l7.

615 5720 677 5739 η
1843 5704 2082 5762 unum
2127 5700 2537 5767 LECTION’ES.

623 5807 643 5833 ³
675 5803 986 5872 συγκαύσει,
1010 5804 1323 5870 succendet;
1354 5802 1641 5872 συγκὰψει,
1664 5802 1836 5859 Aldus
1867 5804 2051 5859 habet.
