4052 6520
313 339 446 403 1449
1306 340 1636 403 HOMILIA
1674 342 1861 402 VL-
1897 341 1994 400 DE
2031 303 2564 402 ABSTINENTIA.
3417 337 3554 401 1450

308 457 541 519 ctiones,
563 467 630 510 ex
667 454 832 511 unius
855 455 1148 512 ebrietatis
1176 455 1352 526 stirpe
1376 463 1820 526 prognascuntur
1837 462 1895 510 et
1933 454 2330 525 suppullulant,
2362 463 2423 509 ut
2484 463 2542 509 et
2575 453 2746 508 David
2787 454 3028 510 astruit:
3063 471 3082 506 ι
3116 454 3265 516 Nox,
3295 455 3394 518 ait,
3422 455 3552 510 illu-

310 551 540 607 minatio
570 565 689 604 mea
736 550 792 604 in
825 550 1045 607 deliciis
1079 550 1218 605 meis
1242 550 1287 582 ³⁸
1322 566 1334 603 :
1373 569 1392 602 ι
1426 550 1533 604 hoc
1559 559 1664 613 est,
1707 549 1823 604 Nox
1852 549 2336 604 circumfundebat
2372 564 2460 604 me
2515 547 2864 612 timidulum,
2903 555 2961 601 et
3011 546 3349 617 ignorabam.
3399 547 3553 602 Deli-

309 646 424 702 cias
455 649 560 716 per‘
588 644 706 699 haec
746 643 996 698 nominat
1027 653 1269 709 noctem,
1301 644 1474 698 densa
1521 643 1671 698 enim
1718 643 1894 713 caligo
1933 643 2183 714 quaedam
2217 651 2323 706 est,
2359 642 2681 697 temulentia
2723 657 2790 696 ac
2836 641 3094 696 tenebrae.
3164 641 3298 695 Nam
3347 642 3441 711 qui
3493 656 3556 698 se

309 731 608 792 immodico
641 738 769 792 vino
799 740 1062 808 proluunt
1087 746 1145 793 et
1183 739 1538 808 immergunt,
1573 738 1766 807 utique
1794 746 1966 792 noctu
2014 752 2073 792 se
2136 737 2434 801 inebriant,
2497 738 2649 807 juxta
2713 736 2960 805 Apostoli
2993 737 3342 790 sententiam.
3387 738 3554 794 Filia-

308 846 431 884 rum
457 829 562 885 Lot
583 831 870 884 historiam
895 831 1082 885 sciens
1107 831 1408 897 volensque
1435 827 1803 883 transmittam
1826 827 1891 880 “.
1932 826 2198 882 Dominus
2223 834 2404 880 autem
2432 826 2586 894 prius
2611 824 2756 878 dicta
2787 824 2938 892 priva
3001 824 3302 880 autoritate
3341 825 3558 882 fortiter

306 933 582 984 astruens,
606 921 862 976 onmibu
887 922 940 974 in
965 935 1258 976 commune
1312 919 1657 990 praescribit:
1703 937 1723 972 ι
1744 917 1940 975 Videte
1977 933 2047 974 ne
2069 929 2364 990 graventur
2385 917 2555 974 corda
2580 923 2764 972 vestra
2811 918 3038 986 crapula
3060 927 3116 973 et
3137 918 3404 976 ebrietate
3432 921 3500 976 ³⁷.
3532 940 3552 973 ι

307 1010 412 1080 Ipsi
443 1010 615 1080 gloria
644 1011 700 1064 in
730 1011 948 1064 saecula.
978 1009 1173 1066 Amen.

920 1126 1136 1180 ΛΟΓΟΣ
1175 1123 1268 1192 ς’.

835 1240 972 1306 Περὶ
1002 1238 1368 1308 ἐγκρατείας.

391 1357 455 1410 Ἡ
483 1357 778 1428 ἐγκράτεια
807 1356 940 1408 πᾶσι
981 1352 1079 1424 μὲν
1110 1352 1389 1422 ἁρμόδιος,
1425 1351 1660 1420 μάλιστα
1691 1350 1748 1404 δὲ
1772 1352 1882 1414 τοῖς

309 1447 664 1520 βουλομένοις
688 1445 806 1511 Θεῷ
840 1447 1180 1515 εὐαρεστεῖν.
1218 1442 1580 1513 Ἐγκράτειαν
1615 1443 1672 1496 δέ
1704 1460 1884 1513 φαμεν

304 1543 370 1595 οὐ
409 1541 518 1593 τῶν
559 1539 864 1611 βρωμάτων
914 1537 1096 1607 μόνον,
1147 1535 1284 1589 ἀλλὰ
1332 1536 1433 1604 τὴν
1485 1537 1880 1607 περιεκτικήν’

305 1631 577 1693 τουτέστι,
604 1630 700 1701 τὴν
730 1629 942 1699 άποχὴν
985 1627 1205 1680 πάντων
1233 1627 1342 1679 τῶν
1387 1626 1880 1699 ἀπηγορευμένων.

307 1729 403 1778 Δεῖ
447 1720 541 1776 οὖν
584 1722 676 1775 τὸν
704 1719 1173 1792 ἐγκρατευόμενον
1207 1718 1386 1772 πάντα
1419 1718 1876 1790 ὲγκρατεύεσθαι,

308 1815 454 1870 κατὰ
487 1814 576 1866 τὸν
613 1811 960 1865 Ἀπόστολον.
990 1811 1206 1880 Ὥσπερ
1252 1809 1358 1881 γὰρ
1406 1810 1695 1882 ἀνθρώπου
1744 1813 1884 1864 οἱον-

306 1909 514 1980 δήποτε
569 1904 868 1976 ἀφαιρεθὲν
917 1903 1027 1956 τῶν
1081 1902 1278 1966 μελῶν,
1311 1903 1374 1956 τὸ
1409 1904 1516 1957 πᾶν
1553 1903 1646 1956 τοῦ
1679 1903 1886 1974 ἀνθρὼ-

308 2019 415 2055 που
448 1999 636 2053 λοιπὸν
670 2000 859 2067 σχῆμα
892 1996 1142 2068 ἄμορφον
1181 1991 1578 2062 ἀπεργάζεται,
1616 1993 1758 2046 οὕτω
1791 1994 1886 2046 καὶ

307 2094 337 2146 ὁ
388 2095 515 2163 μιᾶς
559 2090 710 2160 παρὰ
761 2088 942 2159 μελῶν
989 2089 1194 2157 ἀρετῆς
1241 2087 1372 2156 ὅλην
1421 2087 1521 2155 τῆς
1555 2085 1883 2156 ἐγκρατείας

310 2185 562 2254 ἀφανίζει
604 2183 964 2253 εὐπρέπειαν.
993 2179 1115 2252 Χρὴ
1157 2173 1250 2233 οὖν
1279 2181 1345 2232 οὐ
1374 2179 1534 2249 μόνον
1557 2177 1659 2241 τὰς
1691 2195 1886 2244 σωμα-

311 2276 470 2338 τικάς
515 2274 825 2343 φιλοπονεῖν
872 2272 1096 2344 ἀρετὰς.
1144 2271 1281 2324 ἀλλὰ
1327 2270 1422 2322 καὶ
1463 2269 1564 2331 τάς
1605 2271 1696 2322 τὸν
1737 2268 1885 2321 ἔνδον

309 2368 468 2439 ἡμῶν
513 2366 800 2437 ἄνθρωπον
831 2364 1119 2434 καθαίρειν
1143 2363 1472 2432 δυναμένας.
1524 2362 1883 2432 Ἐγκρατείας

1907 1114 1954 1171 Δ

2565 1121 2849 1178 HOMILIA
2887 1125 2974 1179 Vl.

2288 1239 2363 1293 De
2400 1240 2715 1294 abstinentia
2749 1241 2855 1294 sive
2890 1246 3255 1312 temperantia.

2053 1350 2404 1406 Abstinentia
2432 1349 2548 1405 sive
2584 1353 2946 1422 temperantia
2977 1354 3238 1410 universo
3271 1356 3555 1413 hominum

1984 1445 2171 1514 generi
2215 1446 2460 1515 apprime
2491 1454 2862 1503 consentanea
2903 1447 3078 1501 virtus
3121 1459 3208 1504 est
3235 1467 3248 1502 :
3278 1449 3346 1505 iis
3377 1460 3558 1507 tamen

1985 1536 2240 1604 proprius
2259 1536 2532 1606 congruit,
2556 1538 2651 1606 qui
2680 1537 2791 1591 Deo
2815 1553 3144 1608 magnopere
3176 1540 3401 1596 student
3433 1559 3558 1612 gra-

1988 1626 2111 1682 tiosi
2155 1643 2276 1682 esse
2306 1637 2360 1682 et
2389 1629 2672 1683 amabiles.
2706 1629 2850 1685 Sane
2894 1632 3278 1688 abstinentiam
3324 1635 3561 1692 dicimus

1984 1731 2097 1769 non
2126 1732 2248 1770 eam
2284 1718 2446 1772 modo
2479 1734 2587 1787 qua
2636 1719 2836 1774 comite
2883 1720 2952 1774 ab
2986 1721 3284 1777 esculentis
3315 1724 3562 1780 abstine-

1985 1823 2130 1874 mus,
2162 1809 2256 1862 sed
2287 1818 2343 1862 et
2371 1825 2492 1878 qua:
2521 1819 2718 1864 caetera
2757 1826 2858 1864 suo
2897 1811 3105 1866 ambitu
3138 1814 3556 1883 complectitur:

1985 1901 2092 1954 hoc
2135 1909 2239 1963 est,
2263 1900 2653 1956 abstinentiam
2703 1903 2971 1967 omnium,
3025 1921 3264 1972 quorum
3319 1921 3418 1960 usu
3456 1907 3561 1976 ipsi

1986 1989 2387 2044 interdicimur.
2408 1990 2706 2044 Necessum
2735 1990 2901 2061 igitur
2915 1992 3006 2056 sit,
3025 1993 3178 2062 juxta
3205 1995 3562 2062 apostolicam

1985 2079 2315 2145 doctrinam,
2334 2093 2396 2135 ut
2427 2081 2474 2135 is
2503 2082 2594 2150 qui
2629 2083 2822 2136 sedulo
2849 2092 3006 2137 curat
3035 2099 3155 2138 esse
3181 2093 3236 2138 et
3261 2085 3368 2139 dici
3394 2087 3564 2142 absti-

1985 2187 2145 2234 nens,
2173 2171 2242 2226 ab
2273 2171 2532 2228 omnibus
2561 2173 2666 2227 sibi
2699 2183 2967 2244 temperet
3003 2183 3058 2232 et
3093 2177 3368 2233 abstineat
3401 2179 3464 2233 ³⁸.
3492 2179 3564 2234 Ut

1985 2264 2133 2317 enim
2172 2264 2242 2318 ab
2271 2264 2496 2319 homine
2537 2267 2820 2334 quopiam,
2857 2268 3275 2336 quomodolibet
3315 2270 3561 2335 tandem,

1987 2357 2222 2410 rescissa
2257 2356 2303 2410 si
2332 2363 2462 2410 sunt
2487 2357 2734 2412 membra
2757 2358 2988 2428 aliquot,
3019 2375 3119 2429 per
3143 2360 3248 2415 hoc
3282 2370 3429 2416 totus
3458 2363 3566 2418 bo-

308 2466 418 2532 γὰρ
445 2463 604 2532 ἔργον
631 2460 748 2514 ἐστὶ
779 2459 840 2512 τὸ
871 2455 1174 2526 ἀπέχεσθαι
1205 2457 1384 2524 πάσης
1417 2453 1628 2521 ἀλόγων
1663 2453 1876 2524 ἡδονῆς,

1990 2444 2156 2500 minis
2201 2445 2423 2500 habitus
2454 2445 2681 2501 decolor
2724 2447 2946 2502 demum
2983 2449 3044 2505 fit
3084 2466 3149 2505 ac
3183 2451 3560 2520 deformatur;

309 2557 408 2610 καὶ
435 2555 597 2627 μηδὲν
619 2552 770 2622 παρὰ
799 2549 860 2602 τδ
890 2549 1138 2620 βούλημα
1172 2548 1404 2601 ἐντολῶν
1429 2546 1521 2599 τοῦ
1548 2546 1682 2600 Θεοῦ
1715 2548 1888 2615 πράτ-

307 2665 450 2700 τειν.
498 2641 825 2714 Ἐγκράτειά
853 2643 966 2694 ἐστι
997 2639 1214 2711 χαλινὸς
1239 2639 1422 2708 ἄγχων
1472 2637 1570 2709 τὴν
1615 2639 1709 2690 ἐπὶ
1745 2637 1888 2708 βρώ-

313 2754 486 2808 ματα,
528 2736 561 2807 ἢ
599 2735 884 2805 χρήματα,
934 2734 968 2804 ἦ
1012 2731 1193 2797 δόξαν,
1227 2730 1321 2783 τοῦ
1358 2729 1763 2800 ἐπιθυμητικοῦ
1794 2731 1889 2802 ὀρ-

313 2832 444 2902 μήν.
492 2829 566 2882 Οὐ
605 2829 714 2898 γάρ
761 2826 875 2878 ἔστι
906 2843 958 2878 τι
987 2825 1097 2878 τῶν
1156 2823 1376 2893 ἀγαθῶν
1426 2822 1708 2876 τίκτεσθαι
1760 2822 1888 2876 ἄνευ

311 2919 620 2990 ὑπομονῆς,
667 2919 763 2971 καὶ
809 2919 908 2987 τῆς
946 2917 1321 2986 γενικωτάτης
1353 2915 1708 2985 ἐγκρατείας.
1746 2933 1764 2967 ι
1801 2917 1891 2970 Ἐν

309 3012 424 3083 γὰρ
458 3013 524 3082 τῇ
559 3010 803 3078 ὑπομονῇ
847 3007 1000 3078 ὑμῶν
1039 3006 1307 3077 κτήσεσθε
1340 3007 1440 3070 τὰς
1465 3007 1639 3077 ψυχὰς
1665 3007 1838 3076 ὑμῶν.
1865 3026 1884 3058 ι

323 3102 385 3156 Ὀ
422 3100 590 3154 θέλων
622 3095 713 3154 οὖν
747 3097 1098 3170 κατορθῶσαι
1132 3098 1232 3168 τὴν
1261 3097 1616 3168 ἐγκράτειαν,
1650 3097 1890 3167 συνεχῶς

311 3190 728 3263 προσευχέσθω.
795 3208 814 3243 ι
847 3189 1238 3254 Ἀδιαλείπτως
1305 3185 1397 3242 οὖν
1448 3188 1885 3259 προσεύχεσθε,»

316 3283 506 3354 φησιν.
549 3283 617 3336 'H
658 3280 812 3352 εὐχὴ,
861 3282 956 3334 καὶ
997 3282 1032 3350 ἡ
1080 3281 1380 3351 ἐγκράτεια
1428 3281 1604 3351 εἴργει
1646 3281 1738 3333 τὸν
1768 3279 1891 3333 νοῦν

315 3377 424 3430 τῶν
453 3373 736 3446 κοσμικῶν
768 3373 997 3444 ἡδονῶν,
1023 3373 1118 3427 καὶ
1134 3372 1242 3426 άπὸ
1267 3373 1447 3443 πάσης
1471 3372 1633 3426 αὑτὸν
1658 3388 1892 3440 κακοερ-

314 3468 440 3536 γίας
485 3465 818 3520 ἀναστέλλει.
854 3464 1043 3532 Σάρκα
1101 3465 1196 3516 καὶ
1258 3459 1399 3532 αἷμα
1453 3457 1634 3515 εἶδενί
1665 3464 1693 3516 ὁ
1729 3462 1893 3514 Ἀπό-

317 3562 506 3622 στολος
550 3557 620 3612 τά
662 3555 902 3628 σαρκικὰ
932 3555 1080 3627 πάθη
1121 3555 1193 3610 τά
1237 3554 1616 3625 κατασύροντα
1649 3556 1741 3608 τὸν
1767 3554 1894 3608 νοῦν

313 3654 398 3715 εἰς
432 3651 501 3702 τὰ
531 3629 855 3719 φρονήματα
887 3646 1086 3712 αὐτῶν,
1113 3645 1203 3699 διὰ
1227 3647 1288 3698 τὸ
1319 3646 1514 3699 εἰπεῖν’
1556 3664 1573 3696 ι
1604 3645 1723 3698 Ὀτι
1757 3643 1895 3715 σὰρξ

315 3743 350 3814 ἢ
381 3738 518 3813 αἷμα
553 3741 828 3809 βασιλείαν
860 3737 996 3792 Θεοῦ
1030 3738 1090 3791 οὐ
1125 3736 1379 3791 δύνανται
1409 3737 1835 3807 κληρονομῆσαι.
1868 3756 1887 3788 ι

314 3834 470 3904 Αὕτη
496 3836 530 3906 ἡ
571 3832 707 3904 σάρξ
733 3833 904 3903 τροφή
929 3834 1046 3884 ἐστι
1078 3829 1188 3883 τῶν
1215 3829 1505 3900 δαιμόνων.
1531 3849 1549 3879 ι
1573 3829 1658 3881 Ἐν
1686 3828 1763 3897 τῷ
1787 3830 1895 3900 γὰρ

315 3928 564 3998 ἐγγίζειν
596 3925 686 3978 ἐπ’
719 3925 819 3994 ἐμὲ
850 3923 1156 3984 κακοῦντας
1183 3922 1280 3975 τοῦ
1328 3924 1525 3991 φαγεῖν
1550 3923 1646 3984 τάς
1681 3923 1894 3990 σάρκας

320 4039 446 4092 μου.
471 4041 488 4071 ι
542 4019 599 4071 '0
633 4014 724 4072 οὖν
749 4017 834 4069 διά
857 4017 954 4087 τῆς
982 4014 1316 4084 ἐγκρατείας
1345 4013 1599 4084 ἑκτήκων
1627 4013 1727 4076 τὰς
1759 4013 1894 4082 σάρ-

317 4130 445 4176 κας,
492 4110 803 4180 λιμοκτονεῖ
840 4108 964 4169 τοὺς
1008 4105 1294 4175 δαίμονας,
1326 4103 1420 4156 καὶ
1463 4104 1895 4176 ἀσθενεστέρους

320 4205 517 4264 αὐτοὺς
552 4203 687 4272 πρὸς
713 4201 804 4252 τὸν
835 4198 977 4252 κατὰ
1016 4195 1184 4250 αὐτοῦ
1217 4197 1458 4266 πόλεμον
1490 4195 1890 4268 ἀπεργάζεται.

322 4295 445 4364 Χρὴ
471 4291 583 4358 οὖν,
609 4293 681 4353 ὡς
715 4292 954 4361 εἴρηται,
988 4288 1054 4341 δι’
1075 4287 1212 4341 ὅλων
1229 4287 1338 4340 τῶν
1361 4287 1671 4359 αἰσθήσεων
1700 4289 1896 4357 ἐγκρα-

320 4385 576 4440 τεύεσθαι
603 4383 671 4436 δι’
705 4384 972 4453 ὁράσεως,
1007 4379 1072 4432 δι’
1100 4379 1291 4447 ἀκοῆς,
1343 4379 1686 4449 ὀσιρρήσεως,
1716 4377 1896 4445 γλώσ-

323 4492 425 4544 σης
477 4492 536 4526 τε
591 4474 684 4527 καὶ
737 4471 970 4536 κοιλίας,
1002 4471 1097 4523 καὶ
1144 4469 1311 4539 ἁφῆς,
1347 4469 1672 4540 βαδίσματος
1697 4470 1896 4541 εὐπρε-

322 4567 481 4630 ποῦς,
517 4568 612 4619 καὶ
641 4565 747 4618 τῶν
780 4564 1004 4618 λοιπῶν.
1040 4566 1133 4616 Δεῖ
1156 4563 1262 4633 γὰρ
1291 4563 1381 4615 τὸν
1415 4561 1682 4632 ἐγκρατῆ,
1715 4562 1897 4631 πάσης

321 4663 613 4732 αἰσχίστης
654 4659 864 4729 ἡδονῆς,
917 4657 1014 4711 καὶ
1061 4654 1360 4725 ἐπιθυμίας
1407 4652 1678 4723 ἀνώτερον
1729 4649 1894 4706 εἶναι.

324 4757 390 4809 Οἱ
429 4754 539 4824 γὰρ
573 4752 672 4822 τῆς
717 4750 1042 4819 ἐγκρατείας
1088 4747 1338 4818 ἐρασταὶ,
1374 4746 1644 4816 ὰριδήλως
1679 4745 1756 4815 τῷ
1798 4745 1897 4815 μὲν

323 4849 544 4917 σώματι
588 4847 765 4915 ἄρτιοι
797 4842 1126 4912 ὑπάρχουσι,
1157 4840 1254 4907 τὴν
1284 4838 1340 4890 δὲ
1375 4838 1546 4908 φρένα
1577 4837 1767 4905 ὑγιεῖς,
1800 4837 1898 4908 τὴν

319 4941 503 5010 ψυχὴν
532 4941 597 5007 τῇ
625 4938 706 4998 εἰς
738 4934 875 4988 Θεὸν
911 4931 1148 5002 θυμηδίᾳ
1181 4929 1625 5000 εὐφραινόμενοι,
1655 4932 1744 4981 τὸν
1777 4928 1899 4982 νοῦν

321 5033 435 5084 τῶν
464 5033 669 5101 γηΐνων
699 5028 795 5098 μὲν
825 5027 1216 5094 ἀφιστάμενον,
1252 5022 1344 5076 καὶ
1370 5022 1476 5073 τῶν
1501 5023 1612 5075 ἄνω
1636 5021 1899 5091 ὀρεγόμε-

323 5143 436 5178 νον.
472 5124 661 5188 Πάσης
687 5137 796 5190 γαρ
829 5117 1163 5188 ἡδυπαθείας
1200 5115 1473 5184 ἀλλότριοι
1515 5113 1685 5176 ὅντες,
1713 5113 1897 5166 λοιπὸν

327 5214 648 5287 μισοπαθεῖς
698 5212 792 5265 καὶ
837 5208 1102 5278 θεοφιλεῖς
1143 5207 1510 5276 εὑρίσκονται.
1565 5207 1628 5258 'll
1662 5206 1717 5258 δὲ
1759 5205 1892 5274 εὐχὴ

325 5306 506 5359 αὐτῶν
545 5301 764 5371 καθαρά
802 5299 938 5370 πρὸς
979 5297 1208 5368 Κύριον,
1241 5303 1332 5350 καὶ
1369 5298 1465 5348 σὺν
1494 5298 1607 5357 τοῖς
1641 5293 1894 5362 ἀγγέλοις

325 5398 644 5470 γεραίρουσι
673 5393 932 5447 τὸνθεόν.
961 5390 1099 5462 Φησὶ
1121 5390 1176 5443 δὲ
1197 5391 1290 5442 καὶ
1321 5391 1354 5459 ή
1383 5387 1596 5459 Γραφὴ,
1632 5405 1650 5436 σ
1691 5386 1896 5438 Ὀπίσω

1992 2533 2067 2589 ita
2101 2551 2206 2589 una
2239 2535 2418 2605 aliqua
2451 2537 2648 2603 virtus,
2684 2537 2730 2592 si
2761 2553 2792 2592 e
2825 2540 3087 2595 membris
3114 2550 3436 2598 czeterarum
3470 2561 3564 2599 re-

1990 2634 2136 2680 secta
2169 2628 2561 2696 comperietur,
2593 2630 2766 2685 decus
2809 2639 2973 2701 atque
3019 2634 3345 2704 elegantiam
3389 2637 3566 2692 absti-

1989 2719 2192 2772 nentiae
2217 2719 2477 2775 obscurat
2503 2737 2731 2792 prorsus
2766 2732 2823 2778 et
2858 2723 3159 2794 intercipit.
3189 2725 3420 2796 Oportet
3459 2730 3567 2800 igi-

1990 2818 2081 2864 tur
2126 2826 2236 2864 non
2283 2827 2377 2866 eas
2406 2813 2638 2870 virtutes
2674 2815 2851 2869 solum
2887 2815 3159 2872 industria
3194 2821 3566 2890 qualicunque

1989 2909 2176 2956 nostra
2202 2904 2465 2973 consequi
2509 2917 2675 2974 atque
2722 2922 3002 2972 exercere,
3031 2924 3153 2978 qua:
3182 2911 3329 2964 circa
3373 2912 3558 2967 mode-

1990 2995 2262 3050 rationem
2293 2997 2727 3068 temperiemque
2757 3008 3047 3053 versantur
3078 3002 3352 3070 corporis;
3385 3003 3480 3058 sed
3509 3011 3569 3058 et

1992 3087 2098 3141 illae
2127 3088 2288 3142 nobis
2319 3090 2652 3145 asciscendae
2680 3090 2926 3155 veniunt,
2972 3108 3094 3162 quae
3137 3094 3432 3150 interiores
3463 3111 3568 3152 no-

1991 3179 2089 3232 stri
2125 3179 2366 3234 hominis
2393 3193 2681 3236 concretas
2707 3191 2761 3235 et
2787 3183 3009 3238 inolitas
3036 3183 3198 3239 fraces
3226 3186 3278 3239 vi
3319 3201 3415 3240 sua
3448 3187 3567 3241 eiii-

1990 3271 2106 3325 caci
2153 3273 2449 3341 praevalent
2488 3270 2812 3345 expurgare.
2846 3275 3249 3345 Temperantia:
3294 3280 3569 3349 siquidem

1991 3361 2289 3429 peculiaris
2330 3362 2540 3418 functio
2590 3374 2694 3429 est,
2742 3366 2841 3420 tibi
2887 3383 2986 3436 per
3019 3383 3139 3422 eam
3187 3378 3248 3424 ut
3295 3378 3570 3440 temperes

1991 3460 2047 3507 et
2080 3454 2366 3509 contineas
2407 3470 2439 3510 a
2481 3457 2716 3525 pecunia
2760 3473 2824 3512 ac
2872 3460 3102 3514 rationis
3137 3473 3363 3530 experte
3410 3465 3568 3518 volu-

1991 3550 2164 3610 ptate,
2187 3543 2439 3613 nihilque
2465 3546 2723 3601 conficias
2752 3549 2933 3617 aperis
2959 3550 3106 3618 quod
3137 3551 3336 3607 divinae
3373 3555 3571 3609 advers-

1992 3644 2148 3690 setur
2193 3637 2484 3692 voluntati.
2517 3638 2870 3694 Abstinentia
2913 3641 3129 3697 frenum
3175 3653 3260 3699 est
3302 3645 3569 3714 impetum

1994 3729 2440 3798 concupiscibilis
2482 3733 2742 3800 potentiae
2784 3749 3193 3804 prieprOperum
3238 3746 3293 3790 et
3331 3739 3571 3792 alacrem

1921 3815 1964 3872 C
1996 3818 2276 3889 frangens,
2329 3829 2383 3875 et
2433 3823 2590 3890 quasi
2638 3823 2859 3877 obtorto
2902 3825 3045 3878 collo
3088 3827 3394 3894 praefocans
3420 3847 3433 3882 :
3461 3845 3572 3898 quo

1993 3910 2216 3979 quidem
2252 3920 2414 3964 motu.
2437 3913 2735 3967 invitamur
2761 3913 2830 3967 ad
2872 3915 3225 3971 exsatiandos
3263 3935 3364 3972 nos
3392 3922 3572 3988 epulis

1994 4012 2194 4070 praeter
2226 4002 2471 4068 modum,
2518 4003 2586 4058 ad
2635 4006 3013 4075 congerendas
3044 4008 3328 4076 pecunias,
3361 4011 3426 4063 ad
3473 4028 3571 4080 pa—

1994 4095 2222 4149 randam
2260 4095 2500 4150 nominis
2541 4097 2751 4167 proprii
2790 4096 3010 4152 famam.
3042 4098 3231 4168 Neque
3261 4101 3409 4154 enim
3443 4117 3574 4156 con-

1998 4188 2156 4256 tingit
2196 4197 2257 4242 ut
2285 4188 2568 4258 quidpiam
2601 4204 2894 4257 assequare
2927 4189 2996 4242 de
3041 4205 3243 4260 genere
3275 4192 3570 4256 bonorum,

1994 4279 2102 4333 nisi
2151 4279 2406 4348 praeduce
2444 4280 2728 4349 patientia,
2761 4288 2816 4335 et
2847 4296 2909 4334 ea
2936 4297 3057 4350 qua:
3089 4281 3142 4335 in
3170 4298 3372 4353 genere
3402 4285 3573 4339 ambit

1996 4378 2222 4426 caeteras
2245 4381 2410 4440 atque
2435 4373 2812 4441 amplectitur,
2843 4388 3040 4442 nempe
3071 4373 3423 4437 abstinentia,
3457 4376 3572 4430 sive

1999 4462 2364 4532 temperantia
2392 4479 2406 4515 :
2441 4481 2460 4513 ι
2488 4463 2547 4516 In
2581 4462 2845 4532 patientia
2871 4462 3018 4516 enim
3046 4473 3230 4518 vestra
3260 4465 3572 4533 possidebi-

1999 4553 2069 4609 tis
2098 4554 2309 4609 animas
2335 4563 2546 4609 vestras
2583 4556 2648 4608 ³³.
2697 4574 2717 4607 ι
2755 4554 3014 4624 Quisquis
3045 4556 3211 4625 igitur
3246 4557 3485 4627 legitime
3517 4566 3574 4613 et

1997 4659 2123 4699 cum
2151 4644 2312 4699 laude
2350 4644 2503 4715 cupit
2533 4643 2796 4713 consequi
2831 4643 3181 4698 abstinentia:
3205 4646 3488 4703 virtutem.
3526 4643 3573 4699 is

1998 4735 2346 4792 continenter
2377 4748 2516 4792 oret.
2543 4757 2560 4788 ι
2591 4721 2973 4793 lndesinenter
2999 4745 3204 4800 orate,»
3234 4736 3311 4790 ait
3341 4736 3576 4805 Aposto-

1999 4828 2085 4882 lus
2105 4829 2170 4883 ⁵ο.
2193 4827 2381 4884 Oratio
2401 4837 2455 4883 et
2477 4829 2811 4884 abstinentia
2833 4836 3075 4882 mentem
3096 4836 3328 4882 avocant
3344 4837 3400 4881 et
3423 4843 3574 4882 emo-

1999 4921 2209 4976 liuntur
2235 4923 2302 4976 ab
2329 4922 2654 4992 intemperie
2688 4921 3049 4976 mundialium
3081 4921 3444 4989 voluptatum,
3475 4919 3572 4973 sed

1998 5024 2055 5068 et
2094 5030 2311 5069 omnem
2357 5014 2574 5068 illarum
2618 5014 2874 5068 vitiosam
2917 5012 3294 5081 operationem
3345 5029 3376 5065 a
3410 5011 3572 5066 nobis

2001 5106 2265 5161 semotius
2295 5105 2629 5174 propellunt.
2670 5106 2882 5176 1036
2905 5104 3136 5159 Carnem
3172 5104 3318 5158 enim
3360 5108 3417 5156 et
3441 5118 3573 5156 san-

1999 5199 2218 5268 guinem
2273 5198 2412 5253 dixit
2453 5197 2754 5268 Apostolus
2801 5198 3050 5252 carnales
3097 5196 3416 5250 aﬂ‘ectiones
3451 5210 3575 5264 quae

2001 5300 2243 5345 mentem
2274 5291 2577 5360 proliciunt
2604 5301 2661 5346 et
2691 5291 3019 5361 pertrahunt
3044 5290 3112 5344 ad
3142 5305 3330 5343 earum
3369 5289 3575 5358 cogita-

2000 5385 2182 5438 tiones
2216 5399 2551 5454 sensusque;
2575 5394 2632 5439 et
2661 5399 2728 5440 eo
2761 5384 2899 5438 dixit
2933 5401 2945 5436 :
2983 5402 2999 5433 ι
3031 5381 3168 5448 Quia
3195 5395 3321 5435 caro
3349 5389 3406 5434 et
3441 5394 3572 5433 san-

401 5538 444 5570 ³³
471 5537 614 5591 Psal.
645 5548 871 5589 cxxxvm
905 5532 992 5585 Η.
1068 5530 1112 5560 ⁸⁸
1134 5529 1270 5583 Gen.
1295 5544 1381 5581 XIX
1423 5542 1577 5596 seqq.
1654 5525 1699 5556 ⁸⁷
1725 5523 1860 5578 Luc.

1993 5561 2009 5590 ,
2039 5522 2127 5577 '54.
2205 5520 2249 5552 ³⁸
2280 5521 2297 5574 Ι
2330 5519 2456 5576 Cor.
2485 5536 2557 5588 ix,
2591 5520 2680 5577 25.
2744 5522 2786 5553 ³⁸³
2816 5520 2948 5574 Luc.
2985 5533 3094 5583 xxi,
3138 5518 3224 5571 19.
3256 5515 3302 5546 ⁵ο
3332 5514 3352 5569 Ι
3377 5512 3573 5568 Thess.

1639 5662 1866 5719 VARLE
1900 5660 2195 5718 LECTION
2205 5659 2306 5715 ES.

326 5626 385 5675 ν,
418 5609 504 5663 l7.

419 5777 438 5812 ι
462 5771 624 5827 οἶδεν.

758 5861 1030 5920 Parnm.
1083 5858 1196 5917 Gn.
1229 5857 1329 5917 LX
1343 5853 1570 5915 XXIX.

3186 5837 3258 5897 46
