4052 6534
594 346 727 414 1451

1854 344 2218 405 ANTIOCHI
2254 342 2601 405 MONACHI

3659 350 3763 418 1452

588 463 714 533 guis
746 474 976 531 regnum
1022 458 1120 514 Dei
1166 473 1277 512 non
1320 466 1547 525 possunt
1574 456 1858 529 possidere
1884 457 1949 509 ".
1983 474 2001 507 ›
2030 454 2171 509 Caro

2275 456 2382 509 τῶν
2422 454 2729 522 ἐπιθυμιῶν
2759 470 2852 507 σου
2904 454 2981 526 μὴ
3026 454 3284 525 πορεύου,
3324 458 3415 509 καὶ
3442 459 3545 511 ἀπὸ
3564 462 3657 515 τῶν
3673 468 3766 537 ὀρέ.

589 554 864 627 ejusmodi
894 554 1154 624 pabulum
1182 552 1493 606 daamonum
1518 560 1603 606 est
1632 569 1645 604 :
1680 570 1699 601 ι
1738 551 1875 603 Dum
1903 548 2053 602 enim
2074 562 2172 616 ap-

590 648 848 718 propiant
880 646 1177 701 adversum
1225 659 1312 697 me
1354 652 1640 706 nocentes,
1676 652 1735 695 ut
1773 640 1941 696 edant
1973 654 2171 693 carnes

590 757 743 797 ineas
784 741 851 794 δ’.
900 758 919 790 ι
967 739 1154 808 Itaque
1198 736 1450 806 quisquis
1481 742 1723 790 macerat
1755 749 1970 800 carnes,
2002 742 2059 787 et
2100 732 2169 786 ad

593 833 775 888 tabem
803 831 999 885 nititur
1016 830 1222 884 virtute
1243 828 1593 883 abstinentia:
1621 826 1951 896 perducere,
1976 824 2168 893 utique

590 925 869 980 daemones
890 921 1033 976 fame
1060 928 1275 986 enecat,
1297 928 1355 973 et
1374 918 1442 973 ad
1472 919 1819 988 procinctum
1844 913 2168 971 conferendi

590 1018 884 1072 adversum
931 1028 991 1068 se
1036 1012 1218 1067 reddit
1262 1012 1438 1065 multo
1472 1010 1887 1065 imbecilliores.
1930 1007 2168 1062 Necesse

592 1111 760 1181 igitur
800 1109 949 1180 juxta
1001 1105 1375 1176 praescriptam
1418 1102 1782 1166 sententiam,
1818 1115 1929 1155 non
1968 1110 2030 1154 ut
2071 1114 2170 1169 per

590 1217 765 1259 unum
830 1214 1093 1256 sensuum
1152 1198 1433 1252 abstinens
1466 1196 1565 1260 sis,
1616 1193 1712 1249 scd
1764 1209 1863 1263 per
1913 1206 2106 1246 omnes
2152 1208 2165 1244 :

590 1304 724 1366 puta
750 1308 850 1364 per
878 1292 1080 1355 visum,
1110 1306 1209 1360 per
1251 1289 1526 1353 auditum,
1571 1302 1671 1357 per
1712 1284 2026 1349 odoratum,
2057 1283 2167 1337 lin-

590 1402 774 1457 guam,
798 1392 1050 1439 ventrem
1072 1391 1129 1438 et
1152 1391 1380 1445 tactum,
1401 1396 1501 1450 per
1523 1379 1798 1433 incessum
1822 1376 2166 1439 indecorum,

589 1489 651 1535 et
679 1488 877 1532 caetera
910 1474 965 1530 id
996 1490 1168 1545 genus
1205 1471 1411 1527 omnia.
1444 1472 1693 1541 Oportet,
1723 1470 1967 1540 inquam,
1996 1467 2169 1522 absti-

592 1579 846 1632 nentem,
896 1568 1254 1637 praesentiore
1302 1579 1426 1619 esse
1470 1564 1655 1617 animo
1706 1577 1770 1617 ac
1814 1560 2167 1625 sublimiore,

592 1678 758 1733 quam
788 1659 1087 1730 aliquando
1125 1670 1320 1711 manus
1366 1663 1428 1709 ut
1462 1654 1558 1710 det
1581 1655 1755 1709 victas
1785 1654 1883 1707 ulli
1917 1653 2170 1708 obscena:

592 1752 863 1823 voluptati
904 1759 998 1805 aut
1030 1746 1494 1818 concupiscentia:
1515 1746 1746 1799 vitiosae.
1775 1744 2064 1798 Amatores
2092 1742 2169 1796 si-

2274 545 2409 611 ξεών
2437 564 2535 600 σου
2572 547 2807 612 κωλύου,
2837 548 2935 601 καὶ
2970 548 3045 619 μὴ
3071 548 3365 619 εὐφραίνου
3391 550 3479 602 ἐπὶ
3504 552 3651 627 πολλῇ
3674 575 3771 627 τρυ.

2269 641 2365 710 φῇ.
2402 639 2511 695 Καὶ
2541 639 2618 711 μὴ
2641 639 2988 709 ἀπληστεύου
3009 640 3068 694 ἐν
3096 640 3245 711 πάσῃ
3280 645 3476 711 τρυφῇ,
3505 646 3589 696 καὶ
3622 648 3684 717 μὴ
3706 652 3774 704 ἐκ-

2270 731 2441 801 χυθῇς
2494 732 2591 785 ἐπὶ
2657 732 2871 785 πολλῶν
2924 731 3261 803 ἐδεσμάτων.
3334 735 3419 786 Ἐν
3473 736 3661 801 πολλοῖς
3695 744 3777 812 γὰρ

2272 823 2560 895 βρώμασιν
2585 824 2743 879 ἔσται
2790 826 2968 890 νόσος.
3007 827 3065 879 ὐ
3095 827 3152 881 δὲ
3206 830 3489 899 προσέχων
3509 843 3554 894 α,
3585 838 3779 907 προσθή-

2272 932 2357 969 σει
2390 915 2558 987 ζωήν.
2614 934 2636 968 ›
2679 916 2738 970 '0
2786 917 2842 971 δὲ
2907 918 3178 990 μακάριος
3228 920 3409 983 Δαυῖδ,
3467 921 3697 977 δεικνύων
3737 929 3781 980 τὸ

2268 1008 2474 1061 τέλειον
2514 1009 2614 1078 τῆς
2658 1010 3009 1079 ἐγκρατείας,
3055 1011 3221 1081 φησίν
3250 1029 3265 1043 ο
3302 1031 3321 1063 ι
3365 1012 3626 1084 Ἐπλήγην
3681 1018 3783 1071 ὡσεὶ

2270 1102 2486 1173 χόρτος,
2518 1103 2616 1157 καὶ
2651 1103 2924 1174 ἐξηράνθη
2950 1106 2983 1175 ἡ
3018 1105 3213 1175 καρδία
3236 1123 3359 1176 μου,
3388 1107 3466 1158 ὅτι
3496 1108 3784 1181 ἐπελαθόμην

2268 1193 2364 1247 τοῦ
2406 1197 2605 1264 φαγεῖν
2655 1196 2750 1250 τὸν
2775 1198 2942 1266 ἄρτον
2986 1214 3109 1267 μου.
3141 1216 3161 1249 ι
3186 1217 3291 1249 -ι
3324 1198 3459 1251 Ἀπὸ
3506 1200 3673 1270 φωνῆς
3714 1204 3785 1257 τοῦ

2271 1286 2578 1355 στεναγμοῦ
2620 1304 2722 1357 μου
2771 1288 3036 1358 ἐκολλήθη
3069 1289 3129 1343 τὸ
3168 1288 3360 1343 ὀστοῦν
3416 1307 3515 1358 μου
3568 1294 3628 1363 τῇ
3662 1296 3785 1365 σαρκί

2273 1394 2400 1447 μου.
2429 1397 2447 1429 ι
2497 1379 2608 1431 Καὶ
2663 1379 2853 1444 πάλιν,
2907 1398 2926 1431 ι
2959 1380 3083 1433 Ὀτι
3121 1381 3317 1434 σποδὸν
3374 1380 3505 1433 ὡσεὶ
3536 1382 3682 1452 ἄρτον
3711 1402 3787 1453 μου

2269 1468 2495 1537 ἔφαγον,
2552 1470 2648 1522 καὶ
2692 1470 2754 1522 τὸ
2803 1471 2956 1539 πόμα
3014 1488 3116 1540 μου
3171 1472 3310 1540 μετά
3360 1473 3624 1544 κλαυθμοῦ
3673 1477 3790 1547 ἐκίρ-

2269 1579 2393 1614 νων.
2420 1581 2437 1613 ι
2485 1562 2543 1615 '0
2592 1562 2649 1615 δὲ
2688 1562 2923 1627 Παῦλος
2965 1563 3338 1636 «Νεκρὼσατε
3391 1566 3458 1619 τὰ
3509 1566 3633 1637 μέλη
3670 1569 3788 1639 ὑμῶν

2268 1652 2336 1705 τὰ
2376 1651 2469 1704 ἐπὶ
2515 1652 2613 1721 τῆς
2662 1652 2788 1721 γῆς.
2815 1671 2833 1703 ι
2871 1654 2982 1707 Kal
3025 1649 3214 1717 αὖθις
3249 1654 3675 1725 «Καθαρίσωμεν
3692 1659 3788 1711 ἐαυ-

2268 1744 2419 1807 τοὺς,
2448 1742 2669 1813 ἀδελφοὶ
2688 1753 2738 1810 V,
2788 1744 2896 1798 ἀπὸ
2951 1746 3153 1809 παντὸς
3184 1747 3463 1817 μολυσμοῦ
3495 1749 3695 1819 σαρκὸς,
3723 1753 3791 1805 καὶ

522 1898 523 1901 η
594 1844 819 1916 quidem
884 1838 1233 1896 abstinentiae
1299 1836 1579 1905 propalam
1630 1834 2069 1903 conspiciuntur,
2118 1840 2172 1886 et

2275 1836 2611 1907 πνεύματος,
2646 1837 3024 1902 ἐπιτελοῦντες
3062 1839 3376 1911 ἁγιωσύνην
3409 1842 3465 1894 ἐν
3491 1841 3630 1911 φόδῳ
3666 1842 3791 1907 θεοῦ,

592 1932 846 2005 corporis
866 1929 1012 1985 tueri
1038 1928 1492 1991 incolumitatem,
1522 1933 1579 1980 et
1603 1924 1907 1980 secundum
1932 1924 2169 1978 animam

591 2042 724 2097 erga
752 2027 924 2081 Deum
950 2038 1062 2077 non
1086 2020 1350 2076 mediocri
1368 2017 1628 2089 perfundi
1653 2016 1853 2088 gaudio
1874 2034 1886 2069 :
1906 2016 2170 2070 nimirum

592 2134 721 2175 cum
746 2132 902 2172 mens
927 2130 984 2173 se
1008 2129 1038 2168 a
1060 2113 1297 2167 terrenis
1323 2110 1442 2165 istis
1470 2118 1527 2164 et
1547 2108 1773 2164 caducis
1795 2106 2169 2171 extricaverit,

590 2220 647 2266 et
673 2209 741 2265 ad
788 2205 1034 2263 caelestia
1067 2202 1373 2275 expetenda
1405 2218 1464 2256 se
1496 2210 1666 2256 totam
1706 2196 2052 2269 expanderit.
2089 2196 2171 2249 Ab

590 2302 742 2358 omni
788 2300 939 2355 enim
975 2314 1100 2354 cum
1136 2312 1195 2353 se
1228 2294 1609 2351 submoverint
1658 2291 1987 2361 intemperie
2018 2289 2174 2343 volu-

592 2395 783 2468 ptatis,
810 2393 1077 2461 deinceps
1103 2390 1244 2444 ﬁunt
1275 2386 1547 2459 ejusmodi
1575 2386 1897 2440 vitiosarum
1925 2381 2174 2437 affectio-

591 2501 725 2540 num
756 2499 979 2549 osores;
1013 2483 1124 2536 Deo
1152 2480 1386 2551 proinde
1416 2478 1627 2547 accepti
1658 2475 2170 2547 deprehenduntur.

591 2578 784 2635 Oratio
814 2577 945 2632 item
978 2576 1193 2639 talium,
1218 2573 1287 2628 ad
1318 2572 1633 2635 Dominum,
1680 2571 1897 2625 sincera
1928 2578 2034 2632 est,
2075 2583 2172 2624 eo-

592 2670 831 2739 demque
871 2666 1057 2722 studio
1083 2681 1207 2721 cum
1240 2664 1450 2733 angelis
1482 2664 1655 2717 Deum
1699 2661 1976 2732 praecipuo
2007 2674 2175 2714 vene-

593 2769 790 2816 rantur
851 2760 1085 2813 honore.
1149 2756 1257 2812 Sed
1316 2763 1373 2812 et
1430 2754 1715 2825 Scriptura
1775 2753 1852 2807 ait
1898 2770 1912 2807 :
1968 2772 1988 2803 ι
2044 2752 2175 2808 Post

591 2850 1071 2921 concupiscentias
1101 2857 1222 2902 tuas
1255 2863 1324 2902 ne
1359 2863 1474 2911 eas,
1510 2855 1567 2901 et
1593 2846 1662 2899 ab
1693 2844 2026 2915 appetentiis
2065 2844 2175 2899 tuis

594 2950 865 2997 avertere.
924 2940 1003 2996 Ne
1060 2938 1267 2994 lazteris
1319 2954 1488 3007 super
1534 2936 1724 2990 multis
1776 2935 2011 2999 deliciis,
2076 2951 2176 2991 ne-

594 3048 702 3105 que
731 3043 785 3089 te
815 3033 1053 3088 exsaties
1097 3032 1153 3086 in
1181 3031 1437 3086 omnibus
1467 3028 1702 3092 deliciis,
1732 3043 1912 3097 neque
1953 3037 2007 3082 te
2035 3028 2177 3082 effu-

593 3124 747 3180 deris
789 3125 847 3179 in
896 3124 1069 3179 multa
1104 3123 1334 3178 fercula.
1368 3122 1426 3175 In
1476 3120 1665 3174 multis
1709 3120 1857 3173 enim
1894 3120 2035 3175 cibis
2065 3120 2175 3175 erit

2274 1929 2361 1983 ἵνα
2414 1929 2702 2000 γενώμεθα
2758 1934 2877 1986 ναοὶ
2922 1931 3058 1985 Θεοῦ
3125 1932 3347 1997 ζῶντος.
3373 1952 3391 1984 ι
3454 1934 3561 1987 Καὶ
3608 1934 3790 2007 Πέτρος

2280 2038 2299 2071 ι
2336 2021 2802 2092 Ἑπιχορηγήσατε
2853 2023 2911 2074 tv
2958 2023 3025 2093 τῇ
3082 2022 3265 2075 πίστει
3320 2023 3477 2092 ὑμῶν
3521 2023 3793 2094 ἀρετὴν,ὲν

2273 2112 2330 2166 δὲ
2360 2114 2427 2182 τῇ
2462 2114 2630 2184 ἀρετῇ
2662 2112 2760 2182 τὴν
2806 2113 3043 2183 γνῶσιν·
3077 2116 3134 2167 tv
3165 2114 3222 2167 δέ
3253 2117 3318 2185 τῇ
3357 2113 3557 2183 γνώσει
3594 2114 3683 2187 τὴν
3725 2118 3793 2182 ty-

2273 2206 2537 2277 κράτειαν
2571 2207 2629 2259 tv
2657 2205 2715 2258 δέ
2738 2208 2806 2277 τῇ
2856 2206 3178 2278 ἐγκρατείᾳ,
3208 2205 3307 2276 τὴν
3338 2206 3633 2277 ὑπομονήν.
3662 2225 3679 2257 ι
3708 2208 3796 2277 Χρὴ

2272 2292 2365 2350 οῦν
2396 2296 2486 2351 ἀεὶ¹
2513 2297 2728 2367 νήφειν,
2778 2298 2873 2350 καὶ
2906 2299 3250 2368 ἐγρηγορεῖν,
3288 2299 3385 2351 καὶ
3414 2297 3482 2350 τὰ
3513 2297 3618 2351 ἄνω
3638 2297 3796 2368 ζητεῖν,

2274 2390 2372 2442 καὶ
2401 2390 2641 2458 φρονεῖν,
2673 2389 2818 2443 κατὰ
2841 2390 2942 2462 τὴν
2976 2391 3199 2460 ἐντολὴν
3242 2389 3338 2444 τοῦ
3384 2390 3587 2461 Κυρίου
3609 2393 3696 2462 τὴν
3720 2393 3796 2460 φά-

2276 2497 2538 2535 σκουσαν·
2579 2501 2598 2533 ι
2621 2482 2910 2535 Ἔστωσαν
2955 2484 3009 2536 αί
3052 2483 3252 2552 ὀσφύες
3287 2483 3447 2553 ὑμῶν
3474 2482 3797 2554 περιεζωσμέ-

2274 2589 2383 2634 ναι,
2421 2572 2515 2625 ml
2561 2573 2611 2626 οἱ
2652 2573 2837 2643 λύχνοι
2860 2574 3164 2645 καιόμενοι,
3196 2576 3292 2628 καὶ
3333 2576 3495 2645 ὑμεῖς
3532 2577 3691 2645 ὅμοιοι
3725 2578 3796 2629 ἁν-

2275 2664 2517 2735 θρώποις
2551 2666 3024 2737 προσδοκωμένοις
3058 2671 3149 2719 τὸν
3182 2667 3393 2738 Κύριον
3437 2666 3662 2732 ἑαυτῶν,
3702 2666 3797 2720 πότι

2275 2757 2536 2812 ἀναλύσει
2564 2759 2630 2812 ἐκ
2660 2759 2771 2813 τῶν
2800 2760 3024 2831 γάμων·
3053 2760 3141 2814 ἵνα
3184 2760 3438 2824 ἐλθόντος
3460 2761 3552 2813 καὶ
3578 2759 3797 2832 κρούσιιν⁶

2274 2868 2370 2914 τος
2399 2851 2603 2914 εὐθέως
2647 2851 2935 2917 ἀνοίξωσιν
2969 2851 3138 2922 αὐτῷ.
3172 2870 3189 2903 ι
3216 2852 3329 2905 Kal
3361 2852 3582 2919 ἐπάγει·
3617 2870 3634 2902 ι
3655 2850 3801 2904 Manio

2281 2962 2388 3015 ριοι
2425 2944 2476 2997 oi
2526 2943 2706 2997 δοῦλοι
2738 2946 2963 3010 ἐκεῖνοι,
2994 2944 3088 3008 οὓς
3115 2943 3286 2998 ἐλθὼν
3314 2947 3345 2998 ό
3375 2944 3597 3015 Κύριος,
3624 2944 3800 3014 εὑρήσει

2276 3035 2711 3108 γρηγοροῦντας.
2756 3036 2929 3107 Ἀμὴν
2988 3036 3134 3106 λέγω
3167 3037 3318 3104 ὑμῖν,
3355 3037 3443 3090 ὅτι
3471 3032 3798 3106 περιζώσεται,

2277 3126 2372 3181 καὶ
2394 3127 2675 3181 ἀνακλινεῖ
2700 3128 2927 3191 αὐτούς’
2961 3128 3056 3181 καὶ
3087 3127 3379 3198 παρελθὼν
3421 3127 3705 3198 διακονήσει
3729 3126 3802 3179 ab-

596 3219 854 3284 morbus;
875 3216 970 3289 qui
993 3223 1178 3272 autem
1198 3213 1450 3269 attendet
1472 3212 1600 3276 sibi,
1622 3211 1843 3280 adiiciet
1862 3213 2031 3266 vitam
2052 3211 2118 3268 ”.
2147 3233 2165 3265 ι

2279 3218 2411 3280 τοῖς.
2437 3235 2455 3268 ι
2491 3217 2651 3288 Αὐτῷ
2684 3217 2869 3288 ήδόξα
2898 3218 2979 3281 είς
3009 3218 3134 3283 τοὺς
3165 3217 3396 3282 αίῶνας.
3442 3218 3627 3287 ’Δμήν.

596 3312 796 3368 Beatus
830 3310 960 3364 item
995 3307 1167 3363 David
1198 3305 1596 3377 perfectionem
1629 3304 1881 3358 indicans
1910 3304 2279 3373 abstinentiae,
2312 3309 2431 3364 ait:
2466 3328 2487 3363 ι
2518 3311 2819 3365 Percussus
2866 3325 2985 3365 sum
3018 3320 3081 3364 ut
3143 3310 3357 3375 fenum,
3410 3318 3468 3364 ct
3520 3308 3712 3364 exaruit
3732 3322 3802 3360 cor

599 3418 803 3467 meum,
823 3400 952 3471 quia
979 3399 1185 3454 oblitus
1213 3412 1333 3451 sum
1363 3394 1655 3449 comedere
1688 3408 1885 3463 panem
1935 3409 2119 3447 meum
2148 3394 2219 3450 “.
2257 3396 2326 3451 Et
2356 3416 2369 3451 :
2402 3418 2419 3450 ι
2455 3400 2501 3451 Α
2532 3414 2668 3454 voce
2708 3400 2945 3469 gemitus
2972 3399 3079 3455 mei
3107 3400 3341 3455 adhaasit
3377 3416 3441 3455 os
3469 3415 3640 3454 meum
3685 3397 3803 3451 carni

596 3514 731 3554 mea:
759 3498 826 3552 “‘.
857 3516 876 3548 ι
920 3496 1127 3552 lterum
1154 3511 1168 3547 :
1220 3510 1238 3543 ι
1286 3489 1425 3557 Quia
1466 3488 1707 3543 cinerem
1754 3496 2011 3558 tanquam
2045 3505 2243 3559 panem
2280 3493 2703 3559 manducabam,
2735 3502 2791 3550 et
2817 3495 3076 3566 poculum
3106 3512 3289 3552 meum
3320 3512 3449 3553 cum
3481 3496 3604 3553 ﬂetu
3637 3504 3805 3566 tempe-

598 3591 787 3649 rabam
838 3589 906 3641 “.
956 3605 975 3637 ι
1028 3585 1232 3640 Paulus
1284 3582 1417 3637 item
1443 3598 1474 3646 ιε
1513 3599 1532 3631 ι
1570 3579 1895 3635 Mortiﬁcate
1930 3583 2178 3638 membra
2214 3594 2398 3640 vestra
2434 3603 2557 3656 quae
2599 3597 2728 3642 sunt
2764 3603 2931 3657 super
2998 3598 3202 3643 terram
3228 3590 3293 3644 ⁸⁷.
3324 3608 3356 3641 ,ι
3417 3590 3656 3644 Rursus:
3683 3610 3698 3641 ι
3726 3590 3805 3643 Ex-

603 3694 904 3754 purgemus
933 3692 1036 3731 nos
1068 3676 1216 3745 ipsos
1247 3668 1603 3741 (charissimi)
1645 3668 1715 3723 ab
1747 3670 1897 3723 omni
1932 3671 2347 3741 inquinamento
2415 3676 2600 3731 carnis
2645 3692 2709 3731 ac
2741 3677 2986 3747 spiritus,
3051 3678 3410 3748 perficientes
3473 3680 3807 3735 sanctiﬁcatio-

597 3789 725 3829 nem
778 3771 834 3825 in
886 3770 1082 3824 timore
1136 3764 1256 3829 Dei,
1333 3774 1395 3816 ut
1448 3761 1749 3817 efﬁciamur
1803 3764 2066 3833 templum
2119 3765 2215 3820 Dei
2253 3766 2363 3821 vivi
2398 3766 2467 3821 ⁸⁸.
2506 3786 2525 3819 ι
2560 3768 2758 3824 Petrus
2806 3784 2821 3822 :
2886 3786 2906 3819 ι
2953 3769 3379 3825 Subministrate
3427 3771 3483 3825 in
3527 3771 3626 3825 fide
3664 3778 3805 3822 vestra

603 3870 892 3931 virtutem,
942 3862 996 3916 in
1041 3860 1250 3915 virtute
1286 3869 1469 3913 autem
1519 3854 1829 3920 scientiam,
1896 3856 1955 3910 in
1993 3856 2222 3912 scientia
2256 3869 2440 3915 autem
2474 3861 2891 3929 abstinentiam,
2935 3864 2991 3917 in
3018 3862 3412 3918 abstinentiam
3436 3872 3613 3918 autem
3636 3862 3806 3933 patien-

600 3962 739 4018 tiam
769 3960 837 4015 δ’.
886 3977 903 4008 ι
938 3956 1098 4011 Juxta
1166 3952 1332 4023 igitur
1376 3948 1696 4004 mandatum
1738 3947 2084 4004 Dominicum
2153 3967 2379 4007 necesse
2422 3954 2495 4007 sit
2538 3969 2755 4024 semper
2798 3955 2969 4009 sobrii
3008 3955 3355 4010 inveniamur
3410 3972 3477 4011 ac
3542 3953 3804 4026 pervigiles.

599 4054 691 4110 Ait
719 4051 866 4108 enim
898 4068 913 4104 :
942 4067 960 4099 ι
1000 4047 1123 4100 Sint
1154 4042 1327 4099 lumbi
1366 4040 1538 4096 vestri
1570 4042 1880 4110 prtecincti,
1906 4052 1963 4097 et
1992 4043 2233 4098 lucernae
2270 4043 2548 4110 ardentes,
2575 4055 2631 4101 et
2659 4062 2759 4101 vos
2799 4046 3011 4101 similes
3053 4047 3374 4103 hominibus
3416 4047 3807 4116 exspectantibus

606 4144 903 4203 Dominum
933 4152 1094 4194 suum
1133 4135 1355 4206 quando
1397 4144 1709 4192 revertatur
1754 4150 1785 4189 a
1828 4133 2069 4203 nuptiis,
2117 4141 2178 4187 ut
2215 4149 2341 4189 cum
2362 4136 2577 4190 venerit
2593 4142 2650 4191 et
2669 4137 2993 4207 pulsaverit,
3018 4137 3307 4193 confestim
3371 4137 3618 4207 aperiant
3652 4137 3697 4190 ei
3714 4137 3801 4187 ⁸⁸.»

604 4235 857 4295 lnducit:
887 4251 906 4284 ι
949 4229 1101 4285 Beati
1132 4228 1278 4284 servi
1316 4227 1394 4281 illi
1437 4242 1611 4297 quos,
1652 4240 1777 4281 cum
1807 4225 2025 4280 venerit
2055 4226 2342 4291 Dominus,
2385 4226 2658 4281 invenerit
2698 4228 3008 4300 vigilantes.
3077 4229 3252 4285 Amen
3295 4228 3425 4284 dico
3487 4230 3655 4294 vobis,
3708 4226 3804 4297 quia

603 4328 900 4405 praecinget
926 4339 986 4381 se
1009 4332 1067 4379 et
1087 4321 1250 4377 faciet
1271 4320 1398 4377 illos
1420 4320 1790 4387 discumbere,
1813 4328 1870 4375 et
1893 4318 2169 4376 transiens
2203 4320 2539 4377 ministrabit
2564 4320 2674 4377 illis
2699 4321 2769 4375 ⁵¹.
2800 4340 2820 4374 ›
2847 4322 2956 4393 Ipsi
2979 4322 3151 4393 gloria
3177 4323 3233 4377 in
3260 4323 3483 4377 saecula.
3506 4323 3685 4376 Amen.

1050 4460 1261 4532 1037
1302 4459 1587 4516 HOMILIA
1624 4460 1737 4516 vn.

1231 4574 1309 4630 De
1341 4574 1577 4646 Jejunio.

2895 4459 3116 4513 ΛΟΓΟΣ
3150 4460 3223 4513 Ζ’.

2814 4572 2955 4641 Περὶ
2993 4573 3307 4641 νηστείας.

673 4688 971 4745 Monachus
1000 4686 1097 4759 qui
1134 4684 1335 4741 merito
1362 4683 1557 4757 jejunii
1602 4683 1925 4739 sincerioris
1952 4699 2172 4755 magno-

2351 4686 2601 4757 Μοναχδς
2633 4685 2957 4757 βουλόμενος
2985 4687 3073 4742 διὰ
3110 4688 3359 4759 καθαρᾶς
3388 4688 3636 4759 νηστείας
3656 4683 3806 4739 ἑαυτὸν

602 4795 735 4851 pere
767 4780 922 4850 cupit
944 4778 1043 4834 Dei
1087 4779 1317 4850 gratiam
1356 4774 1617 4840 emereri,
1646 4775 1862 4844 sibique
1888 4775 2183 4830 conciliare

602 4887 727 4927 eam
752 4872 1121 4935 familiariter,
1146 4884 1372 4941 prorsus
1402 4869 1450 4924 is
1481 4868 1647 4924 debet
1678 4867 1913 4938 primum
1935 4868 2181 4923 omnium

605 4963 713 5018 sibi
762 4963 1032 5035 jejunium
1085 4962 1395 5028 asciscere,
1448 4976 1559 5016 non
1610 4960 2030 5030 qualecunque,
2085 4961 2182 5016 sed

605 5053 755 5124 quod
804 5054 1162 5124 purissimum
1216 5054 1288 5109 sit
1334 5052 1546 5122 peccati
1626 5052 1836 5119 omnis,
1886 5068 2183 5123 secumque

605 5144 829 5201 decreto
857 5145 1120 5201 immobili
1148 5160 1250 5201 ceu
1278 5143 1474 5199 trabali
1503 5144 1657 5199 clavo
1676 5144 1994 5210 constituat,
2021 5146 2179 5210 nulli,

606 5234 740 5289 dum
786 5234 841 5289 in
877 5235 1019 5290 vivis
1057 5235 1258 5301 fuerit,
1301 5234 1513 5290 servire
1539 5250 1779 5304 unquam
1816 5234 2017 5289 vitioso
2045 5236 2180 5291 all‘e-

606 5322 747 5387 ctui,
784 5323 881 5379 sed
932 5332 989 5379 et
1029 5324 1233 5380 silentii
1284 5323 1529 5394 perpetis
1576 5324 1790 5378 excolat
1832 5322 2181 5381 taciturnita-

680 5438 724 5470 "
754 5438 773 5493 l
803 5439 930 5494 Cor.
966 5458 1056 5503 xv,
1092 5441 1180 5495 50.
1287 5439 1333 5472 δ’
1360 5440 1497 5494 Psal.
1530 5456 1675 5505 xxvr,
1706 5440 1760 5494 2.

608 5578 698 5635 57.-

1871 5440 1917 5471 “
1951 5441 2100 5496 Eccl.
2137 5461 2283 5510 xvm,
2318 5448 2405 5504 '50.

606 5508 813 5581 ‘_'_ibid.
847 5509 902 5565 6.
976 5512 1019 5543 "
1052 5510 1186 5565 ibid.
1215 5509 1316 5577 10;
1346 5509 1557 5566 Coloss.
1585 5528 1662 5576 ιιι,
1701 5511 1753 5566 5.
1827 5510 1873 5541 ⁸⁸
1906 5511 1951 5565 ll
1979 5511 2106 5567 Cor.
2136 5532 2231 5581 vn,
2267 5508 2316 5573 ί.

2281 4778 2361 4849 τῷ
2390 4778 2512 4849 Θεῷ
2550 4780 2997 4851 προσοικειιῖωαι,
3032 4781 3134 4851 τὴν
3164 4781 3335 4846 ὅντως
3384 4779 3806 4851 ὰκραιφνεστάτην

2283 4871 2542 4941 νηστείαν
2593 4875 2858 4943 χρεωστεῖ
2906 4873 3200 4943 αἱρεῖσθαι,
3250 4874 3345 4926 καὶ
3409 4872 3485 4943 μὴ
3538 4869 3805 4925 δουλοῦσθαι

2286 4962 2507 5029 πάθεσι,
2546 4965 2639 5017 καὶ
2671 4964 2915 5035 μεγάλην
2951 4964 3182 5036 ἡσυχίαν
3217 4967 3485 5037 γεωργεῖν
3511 4964 3593 5017 διὰ
3624 4960 3804 5020 παντόςο

2285 5057 2399 5111 Καὶ
2452 5057 2482 5111 ό
2530 5056 2775 5121 τοιοῦτος
2814 5060 2927 5123 τοῖς
2974 5058 3230 5126 ἀγγέλοις
3283 5056 3687 5128 συναμιλλᾶται,
3724 5053 3807 5109 τοῖς

2285 5146 2516 5212 δικαίοις
2604 5149 2948 5219 συγχορεύει.
3022 5149 3503 5221 Ἐλευθερούμενος
3562 5146 3662 5216 γὰρ
3724 5143 3807 5196 τῶν

2287 5239 2515 5307 γηΐνων,
2566 5239 2647 5303 είς
2685 5241 2756 5294 τὰ
2793 5240 3020 5312 οὐράνια
3066 5242 3361 5311 ἀδολεσχεῖ.
3410 5240 3661 5295 Ἐνταῦθα
3704 5253 3806 5309 στυ-

2289 5332 2527 5399 γνάζων,
2573 5334 2784 5387 ἐκεῖθεν
2832 5334 3219 5406 φαιδρύνεται·
3274 5335 3459 5390 ἐνθάδε
3511 5330 3804 5404 βιαζόμενος,

2518 5451 2563 5482 ιι
2596 5452 2764 5507 Eccli.
2804 5470 3006 5517 xxxv",
3050 5455 3140 5518 32,
3194 5455 3284 5509 34.
3392 5454 3437 5485 ιι
3472 5450 3607 5507 Psal.
3655 5443 3803 5518 ειρξ·

2398 5521 2442 5553 ⁸⁸
2472 5521 2516 5575 ll
2548 5522 2692 5578 Petr.
2722 5540 2761 5589 ι,
2795 5524 2850 5592 5,
2879 5524 2931 5579 6.
2972 5512 3018 5558 ’δ
3048 5512 3183 5583 Luc.
3222 5542 3315 5589 χιι,
3349 5525 3436 5592 35,
3467 5522 3554 5579 56.
3623 5520 3663 5552 "
3694 5512 3803 5570 ibid-

1876 5674 2105 5732 νΑιιιιλΕ
2130 5677 2529 5738 LECTIONES.

680 5779 708 5807 ιι
733 5764 1076 5835 Προσέχων.
1106 5762 1226 5828 Dic,
1259 5760 1499 5832 ἀπέχων,
1519 5762 1831 5845 abstinens.
1903 5776 1929 5806 ν
1950 5769 2244 5839 ἀγαπητοί.
