4052 6538
277 391 418 457 1453

1372 384 1701 445 HOMILIA
1742 380 1872 439 VII.
1906 404 1970 413 --
1996 374 2090 435 DE
2128 371 2466 434 JEJUNIO.

3388 360 3521 424 145⁸ιὶ

272 506 484 561 ἐκεῖθεν
542 504 909 560 ἀναπαύεται.
947 506 1131 559 Ἕοικε
1186 502 1293 573 γὰρ
1349 503 1378 553 6
1430 496 1728 568 νηστευτὴς
1771 492 1850 561 τῷ

1959 498 2087 551 tem,
2129 494 2296 556 atque
2335 481 2540 554 iugiter
2582 487 2819 534 tueatur.
2854 476 2953 532 llic
2993 474 3120 531 talis
3148 489 3273 529 cum
3315 478 3524 547 angelis

270 600 370 654 τοῦ
395 598 638 668 φοίνικος
673 598 827 653 ἄνθει
862 597 940 669 τῷ
967 597 1250 666 λεγομένῳ
1279 591 1505 662 ἀλατίῳ,
1541 591 1623 643 ὅτι
1646 585 1845 652 ἔξωθεν

276 691 377 761 μέν
418 692 535 742 ἔστι
570 689 950 761 στυγνόχροον,
989 689 1191 742 ἔσωθεν
1219 687 1276 740 δὲ
1318 684 1593 755 χιονῶδες,
1625 681 1721 734 καὶ
1749 695 1848 731 πο·-

272 780 577 852 λύκαρπον.
641 779 917 843 Ὡσαύτως
982 779 1040 833 δὲ
1086 778 1180 832 καὶ
1227 779 1256 831 6
1305 774 1605 844 νηστευτὴς
1647 768 1848 834 ἔξωθεν

277 869 380 939 μὲν
425 867 735 938 στυγνάζει,
785 868 989 921 ἔσωθεν
1013 868 1071 921 δὲ
1100 864 1397 937 φωτοειδὴς
1448 864 1735 931 ὑπάρχων,
1764 858 1844 928 τῷ

273 962 396 1032 Θεῷ
433 961 571 1032 μετὰ
600 960 909 1032 παρρησίας
922 960 1249 1028 διαλέγεται.
1276 977 1294 1009 ι
1324 958 1475 1026 Ὅσῳ
1501 956 1631 1025 γὰρ,
1658 954 1844 1023 φησὶν,

274 1056 307 1107 6
331 1054 437 1117 ἔξω
466 1054 623 1124 ἡμῶν
650 1051 937 1122 ἄνθρωπος
967 1052 1362 1121 διαφθείρεται,
1402 1046 1655 1101 τοσοῦτον
1679 1048 1707 1098 6
1740 1045 1849 1098 ἐσω

274 1145 669 1199 ἀνακαινοῦται
696 1142 882 1215 ἡμέρᾳ
908 1145 972 1213 τῇ
1004 1142 1206 1214 ἡμέρᾳ.
1235 1161 1253 1192 ι
1288 1139 1533 1209 Νηστεία
1578 1132 1670 1191 οὖν
1700 1139 1849 1190 ἐστιν

274 1238 343 1291 οὐ
392 1238 554 1308 μόνον
594 1236 656 1290 τὸ
696 1235 1135 1305 βραδυφαγῆσαι,
1178 1232 1312 1286 ἀλλὰ
1346 1232 1438 1285 xal
1475 1231 1535 1283 τὸ
1569 1229 1849 1299 βραχυφα-

275 1331 471 1401 γῆσαι,
499 1329 595 1383 καὶ
614 1330 676 1383 ού
705 1328 794 1382 διὰ
819 1329 911 1382 δύο
936 1326 1158 1390 ἐσθίειν,
1177 1324 1356 1398 [τοῦτο
1381 1322 1612 1394 ἄσκησίς
1649 1318 1847 1393 ὲστιν,]

275 1423 417 1478 ἀλλά
462 1422 523 1476 τὸ
577 1421 652 1493 μὴ
702 1420 1108 1491 πολυφαγῆσαι.
1142 1420 1414 1486 Ἀσκησις
1456 1416 1565 1485 γάρ
1607 1418 1755 1469 ἐστιν
1790 1417 1849 1468 ὲν

279 1513 545 1585 μονοειδεί
586 1514 760 1584 τροφῇ
825 1510 1228 1580 συνεσταλμένη
1292 1507 1562 1578 τράπεζα.
1608 1506 1849 1575 Νηστεία

275 1606 338 1660 δέ
371 1607 520 1658 ἐστιν
552 1604 745 1672 ἄλογος
770 1605 804 1673 ἡ
842 1602 934 1656 τὸν
957 1602 1263 1671 ὡρισμένον
1297 1600 1394 1670 μὲν
1423 1600 1614 1668 καιρὸν
1650 1598 1849 1665 ἀναμέ-

276 1715 465 1761 νουσα,
496 1697 554 1749 ὲν
592 1696 651 1749 δὲ
692 1698 757 1766 τῇ
786 1693 905 1764 ὥρᾳ
936 1694 1033 1763 τῆς
1075 1693 1284 1763 τροφῆς
1315 1689 1667 1761 ἀχαλινώτως
1708 1686 1850 1759 πρὸς

276 1788 384 1860 τὴν
424 1786 700 1859 τράπεζαν
746 1784 993 1857 όρμῶσα,
1033 1784 1128 1837 καὶ
1179 1783 1318 1854 μετὰ
1361 1782 1459 1852 τῆς
1499 1779 1723 1852 σαρκὸς,
1753 1780 1848 1833 καὶ

1954 594 2219 650 perquam
2294 573 2637 631 familiariter
2683 570 3067 643 congreditur,
3115 570 3407 640 medioque
3466 572 3522 624 in

1952 685 2097 727 coem
2144 672 2420 740 justorum
2473 666 2814 738 spiritualem
2873 664 2984 734 agit
3014 662 3272 719 cboream
3306 680 3319 717 :
3352 663 3525 733 siqui-

1953 763 2076 815 dem
2127 760 2267 814 liber
2307 760 2419 829 jam
2451 758 2715 828 strepitus
2758 755 2938 811 omnis
2970 754 3209 821 terreni,
3255 755 3322 810 ad
3355 757 3523 811 caele-

1953 853 2120 907 stium
2180 851 2393 920 rapitur
2445 848 2965 917 contemplationem
3016 863 3030 900 :
3082 846 3209 900 hinc
3272 846 3403 900 dum
3464 862 3523 899 se

1953 952 2197 999 macerat
2235 941 2467 1012 jejunio,
2506 939 2762 994 mcerenti
2797 937 2991 993 similis
3033 936 3373 1005 conspicitur
3408 937 3524 1006 pri-

1955 1060 2135 1109 mum,
2178 1052 2235 1096 at
2265 1041 2415 1096 illinc
2477 1039 2834 1094 exhilarescit
2883 1047 3031 1093 totus
3084 1038 3524 1093 consideratione

1954 1145 2308 1191 aeternorum.
2364 1133 2504 1188 Hinc
2569 1134 2738 1188 etiam
2794 1131 3066 1200 principio
3118 1131 3230 1184 vin.
3309 1130 3525 1200 cogitur

1956 1226 2164 1282 inferre
2213 1223 2461 1295 pristinae
2514 1220 2936 1284 consuetudini;
2992 1220 3088 1274 sed
3143 1220 3287 1274 idem
3338 1220 3526 1274 animo

1955 1318 2258 1383 refovetur,
2294 1325 2351 1372 et
2394 1314 2686 1384 tranquilla
2731 1310 3033 1381 perfruitur
3061 1311 3267 1380 quiete.
3305 1310 3407 1377 Qui
3444 1311 3526 1367 sic

1950 1408 2193 1477 jejunat,
2243 1405 2421 1460 videri
2470 1404 2641 1474 possit
2687 1402 2945 1458 assimilis
2994 1401 3114 1455 ﬂori
3165 1403 3285 1472 ejus
3334 1404 3526 1472 palma:

1955 1515 2077 1568 quae
2109 1499 2333 1560 ἀλάτιος
2356 1498 2400 1529 "
2428 1496 2631 1551 dicitur
2656 1512 2670 1549 :
2699 1505 2774 1560 et,
2802 1501 3028 1549 exterae
3061 1494 3305 1563 quidem,
3342 1496 3525 1550 colore

1956 1592 2383 1662 interspergitur
2423 1589 2585 1659 plane
2614 1587 2862 1643 subtristi
2890 1596 2946 1641 et
2980 1587 3278 1650 inammno,
3307 1586 3523 1641 interne

1954 1690 2140 1736 autem
2176 1683 2398 1735 niveum
2426 1678 2720 1732 candorem
2748 1675 2986 1745 praefert,
3008 1676 3103 1730 sed
3137 1685 3193 1730 et
3231 1677 3398 1731 arbor
3424 1678 3524 1731 ad-

1957 1772 2195 1827 mirabili
2230 1772 2510 1826 fructuum
2543 1769 2792 1824 ubertate
2815 1784 3100 1839 praegnans
3133 1777 3234 1824 est.
3272 1768 3351 1823 Ad
3396 1785 3523 1823 eum

280 1854 377 1934 τόν
405 1854 531 1933 νοῦν
562 1878 696 1948 πρὸς
732 1854 926 1947 ἡδονὴν
964 1876 1073 1929 τῶν
1103 1873 1531 1945 παρακειμένων
1555 1872 1851 1942 δεσμοῦσα.

1959 1878 2015 1917 se
2045 1862 2211 1917 habet
2238 1861 2460 1916 modum
2489 1859 2741 1930 quisquis
2762 1861 3053 1915 sinceriter
3078 1860 3288 1931 jejunat
3310 1878 3322 1913 :
3345 1870 3526 1915 exter-

295 1973 619 2039 ’Δναγκαῖον
643 1970 697 2023 δὲ
722 1969 993 2023 καὶτοῦτο
1008 1968 1287 2038 διατηρεῖν
1313 1967 1369 2019 ὲν
1385 1967 1451 2036 τῇ
1474 1964 1770 2035 ἐγκρατείᾳ
1785 1966 1853 2035 τῇ

283 2065 382 2118 ἐπὶ
411 2063 732 2134 βρωμάτων,
758 2061 845 2114 ἵνα
868 2060 944 2131 μὴ
971 2060 1051 2124 είς
1084 2058 1330 2129 βδέλυξίν
1358 2073 1504 2121 τινος
1534 2056 1684 2127 αὐτῷ
1711 2055 1857 2109 ἔλθοι

282 2155 341 2208 τί
372 2172 522 2208 ποτε.
557 2153 728 2207 Τοῦτο
760 2153 817 2205 δὲ
850 2152 947 2206 καὶ
993 2150 1393 2223 ὲπικατάρατόν
1444 2150 1582 2211 ἐστι,
1607 2151 1702 2203 καὶ
1737 2150 1854 2202 δαι-

292 2246 549 2319 μονιῶδες
579 2246 735 2309 ὅλως.
774 2244 849 2298 Ού
902 2244 1010 2314 γὰρ
1054 2244 1128 2307 ὡς
1166 2243 1384 2313 φαύλων
1414 2241 1748 2312 άπεχόμεθα,
1777 2240 1853 2313 μὴ

289 2340 523 2406 γένοιτο,
558 2337 672 2391 ἀλλ’
721 2337 808 2390 ἵνα
854 2336 962 2389 τῶν
995 2336 1169 2406 ἡδέων
1200 2334 1418 2406 τροφῶν
1458 2335 1685 2396 ἑαυτοὺς
1716 2333 1854 2386 ἀπο·-

288 2430 533 2494 σπῶντες
562 2429 631 2483 τά
662 2426 1067 2499 φλεγμαίνοντα
1103 2426 1238 2497 μέλη
1266 2426 1369 2495 τῆς
1398 2426 1601 2497 σαρκὸς
1641 2424 1854 2494 συμμέ-

284 2540 434 2592 τρως
465 2520 807 2591 κολάζωμεν.
838 2519 955 2573 Ἵνα
986 2518 1088 2588 μὲν
1118 2518 1360 2591 ὑγιαίνῃ,
1391 2517 1684 2588 κολάζηται
1724 2532 1858 2586 πρε-

286 2616 499 2677 πόντως
524 2630 538 2644 ·
566 2614 691 2665 ὅταν
717 2611 775 2665 δὲ
807 2610 1031 2683 άσθενῇ.
1071 2611 1337 2664 πιαίνοιτο
1363 2609 1619 2680 μετρίως.
1647 2609 1721 2661 Ού
1748 2608 1857 2679 γάρ

285 2706 502 2758 ἀτονεῖν
545 2704 627 2756 δεῖ
664 2703 727 2756 τὸ
779 2701 939 2772 σῶμα
979 2701 1041 2754 τὸ
1104 2701 1525 2772 ἀγωνιζόμενον,
1572 2699 1689 2753 ἀλλ’
1733 2700 1858 2753 ὅσον

286 2798 481 2869 ἀρκεῖν
517 2795 655 2864 πρὸς
702 2793 796 2846 τὸν
827 2792 1015 2862 ἀγῶνα
1059 2793 1337 2847 δύνασθαι.
1378 2792 1601 2862 Πρῶτον
1628 2791 1658 2844 6
1696 2790 1857 2861 νόμος

285 2887 617 2951 ἐντέλλεται,
648 2887 845 2955 λέγων·
882 2906 901 2937 ι
934 2887 1030 2950 Ὃς
1061 2886 1127 2940 ἂν
1170 2885 1413 2957 εὔξηται,
1447 2885 1556 2939 άπὸ
1586 2884 1733 2938 οίνου
1763 2885 1858 2937 καὶ

288 2979 519 3049 σικέρας
574 2978 986 3049 ἀγνισθήσεται,
1043 2978 1139 3031 xal
1184 2978 1283 3032 ὃσα
1334 2975 1737 3049 κατεργάζεται
1797 2976 1857 3045 ἐξ

284 3072 563 3142 ἀμπέλου,
598 3070 658 3123 ού
700 3070 937 3139 φάγεται
982 3071 1164 3134 πάσας
1205 3070 1303 3133 τὰς
1334 3070 1547 3142 ἡμέρας
1575 3070 1676 3140 τῆς
1711 3070 1856 3139 ζωῆς

285 3162 481 3225 αὑτοῦ,
524 3162 605 3214 ὅτι
658 3160 813 3228 ἆγιος
859 3161 1011 3213 ἔσται
1055 3159 1133 3230 τῷ
1173 3159 1382 3230 Κυρίῳ.
1410 3178 1428 3209 ι
1464 3159 1574 3212 Kal
1600 3162 1627 3212 6
1657 3160 1855 3229 Δανιήλ
1881 3198 1929 3262 c

287 3268 477 3325 φησιν’
519 3270 537 3303 ι
580 3249 722 3319 Ἐγὼ
755 3250 904 3320 ἤμην
951 3247 1163 3303 πενθῶν
1199 3251 1347 3320 τρεῖς
1393 3248 1693 3320 ἑϐδομάδας
1718 3250 1855 3321 ήμε-

295 3348 423 3419 ρῶν,
470 3348 636 3418 ἄρτον
687 3345 995 3413 ἐπιθυμιῶν
1037 3345 1139 3398 οὐκ
1171 3342 1395 3414 ἔφαγον,
1434 3345 1529 3398 καὶ
1571 3340 1713 3408 οἶνος
1756 3344 1856 3398 οὐκ

292 3437 543 3508 εἰσῆλθεν
582 3439 662 3501 είς
707 3436 768 3489 τὸ
818 3435 997 3505 στόμα
1061 3452 1184 3505 μου,
1223 3436 1465 3507 ἄλειμμα
1498 3436 1596 3489 ούκ
1632 3435 1857 3509 ἠλειψά-

292 3548 425 3602 μην.
448 3548 467 3580 ο
505 3528 670 3583 Ὀθεν
708 3528 883 3591 οὕτως
934 3527 1125 3581 ἑαυτὸν
1154 3526 1388 3598 ἐκτήξας
1422 3529 1488 3599 τῇ
1531 3526 1732 3599 ἀσιτίᾳ,
1766 3529 1860 3581 xal

291 3622 418 3694 μηδ’
440 3622 576 3685 ὅλως
603 3619 917 3692 γλιχόμενος
938 3621 1046 3673 τῶν
1083 3620 1359 3689 ἐδωδίμων
1377 3622 1444 3684 ν’,
1468 3619 1683 3687 ἐγένετο
1720 3621 1861 3691 ἀνὴρ

288 3714 601 3785 ἐπιθυμιῶν
638 3712 746 3768 τῶν
781 3712 874 3766 τοῦ
910 3712 1243 3781 Πνεύματος,
1271 3712 1367 3764 καὶ
1405 3709 1717 3782 κατηξιώθη
1755 3730 1862 3783 μυ-

293 3807 535 3877 στηρίων
564 3804 891 3877 ἀπορρήτων
922 3804 1120 3874 θεατὴς
1150 3803 1424 3869 γενέσθαι,
1450 3806 1543 3857 καὶ
1574 3806 1862 3874 συνόμιλος

288 3897 373 3969 τῷ
388 3897 713 3969 ἀρχαγγέλῳ
730 3895 988 3966 Γαϐριήλ.
1006 3894 1237 3966 ὐμοίως
1257 3895 1351 3948 καὶ
1375 3896 1407 3966 ἠ
1426 3896 1733 3966 ὲστιατορία
1752 3896 1861 3948 τῶν

291 3989 467 4060 τριῶν
495 3988 701 4042 παίδων
730 3988 794 4040 ὲκ
827 3988 934 4041 τῶν
963 3986 1293 4057 σπερμάτων
1321 3987 1420 4058 τῆς
1448 3990 1551 4057 γῆς
1574 3983 1664 4058 ἦν,
1702 3989 1795 4041 καὶ
1825 3990 1858 4059 η

291 4079 481 4134 αὐτῶν
530 4077 845 4149 ἐγκράτεια,
878 4077 973 4131 καὶ
1009 4079 1044 4148 ἡ
1077 4077 1213 4149 πρὸς
1243 4075 1377 4131 Θεὸν
1409 4077 1623 4148 ἀγάπη,
1656 4077 1718 4130 τὸ
1748 4078 1861 4147 πῦρ

289 4166 400 4235 τῆς
434 4166 665 4236 καμίνου
696 4166 776 4231 είς
808 4166 998 4237 δρόσον
1017 4166 1298 4236 μετέϐαλε.
1321 4167 1429 4219 Kal
1456 4169 1484 4219 6
1515 4168 1754 4237 Μωῦσῆς
1775 4167 1863 4221 διὰ

294 4263 353 4326 μ’
375 4257 591 4327 ἡμερῶν
615 4257 867 4327 νηστείας
888 4258 975 4311 τὸν
1004 4259 1168 4327 νόμον
1189 4257 1426 4321 ἐδέξατο.
1464 4256 1737 4321 Ὡσαύτως
1766 4262 1862 4313 καὶ

308 4345 496 4409 Ἠλίας
524 4346 610 4400 διὰ
644 4347 911 4401 τοσούτων
933 4347 1156 4418 ἡμερῶν
1187 4347 1441 4419 νηστείας
1480 4347 1755 4418 αὐτόπτης
1780 4349 1866 4402 δύο

290 4438 397 4507 ξης
429 4437 561 4491 Θεοῦ
598 4437 808 4507 γέγονε.
841 4439 953 4493 Kal
984 4441 1154 4493 ’Ἄννα
1186 4440 1275 4493 τὸν
1301 4439 1555 4510 Σαμουὴλ
1581 4441 1669 4495 διὰ
1691 4458 1863 4512 προσ-

1958 1972 2027 2012 ne
2094 1956 2378 2011 subtristis
2436 1955 2555 2025 ipso
2615 1962 2913 2024 prospectu
2971 1954 3210 2019 videtur,
3270 1953 3523 2017 interne,

1956 2051 2129 2107 divini
2160 2049 2389 2107 luminis
2421 2048 2715 2119 splendore
2752 2048 3079 2113 illustratus,
3113 2048 3224 2102 Deo
3254 2048 3525 2117 colloqui-

1959 2154 2048 2199 tur
2082 2143 2253 2199 multa
2296 2158 2422 2197 cum
2471 2140 2689 2196 ﬁducia.
2731 2159 2749 2192 ι
2783 2138 2998 2205 Quanto
3025 2140 3171 2195 enim
3211 2148 3396 2194 noster
3437 2140 3529 2193 hic

1959 2236 2123 2289 homo
2165 2233 2409 2289 exterior
2444 2231 2841 2300 corrumpitur,
2873 2238 3024 2283 tanto
3067 2229 3253 2284 verius
3295 2229 3527 2285 interior

1957 2334 2254 2379 renovatur
2281 2324 2351 2379 de
2379 2324 2469 2378 die
2498 2324 2555 2377 in
2585 2323 2729 2377 diem
2758 2324 2825 2386 ⁸³,
2858 2342 2876 2373 ι
2906 2323 2982 2376 ait
3008 2322 3228 2378 Paulus.
3249 2322 3525 2393 Jejunium

1957 2418 2125 2488 igitur
2153 2426 2267 2483 est,
2311 2433 2425 2472 non
2470 2417 2647 2471 solum
2696 2416 2742 2469 si
2789 2414 2973 2469 cibum
3020 2416 3324 2485 sumpseris
3363 2416 3529 2472 solito

1957 2510 2167 2575 serius,
2200 2516 2287 2574 at,
2334 2490 2405 2563 ne
2438 2507 2485 2562 si
2526 2507 2613 2561 bis
2653 2506 2876 2576 quidem
2918 2507 3176 2563 comedas
3208 2508 3348 2577 (tale
3378 2509 3526 2563 enim

1958 2606 2026 2660 ad
2056 2605 2508 2661 exercitationem
2542 2604 2784 2673 pertinet
2812 2603 3239 2675 monasticam),
3270 2604 3363 2659 sed
3395 2621 3528 2675 pro-

1957 2695 2259 2751 videndum
2292 2696 2465 2766 magis
2491 2710 2561 2750 ne
2586 2703 2739 2751 utare
2764 2694 3013 2751 obsoniis
3042 2704 3152 2750 tam
3186 2695 3338 2749 vario
3366 2711 3533 2765 appa-

1959 2800 2083 2848 ratu
2117 2789 2466 2847 concinnatis
2497 2798 2553 2845 et
2580 2789 2885 2845 instructis.
2918 2788 3171 2844 Monachi
3206 2790 3532 2845 exercitatio

1958 2901 2081 2941 esse
2137 2884 2336 2950 debet,
2394 2892 2455 2937 ut
2506 2882 2815 2937 mensulam
2864 2897 3018 2937 suam
3072 2881 3141 2935 ad
3200 2882 3530 2936 uniformem

1959 2978 2255 3035 contrahat
2273 2977 2483 3032 cibum.
2503 2975 2782 3047 Jejunium
2810 2992 2977 3045 porro
3002 2975 3056 3030 id
3078 2975 3311 3030 dixerim
3335 2991 3532 3030 vacare

1959 3084 2189 3139 prorsus
2235 3068 2448 3123 ratione
2494 3067 2681 3133 omni,
2717 3068 2764 3123 si
2798 3068 3021 3138 quidem
3054 3068 3122 3123 ad
3158 3068 3531 3138 sumptionem

1959 3158 2235 3214 alimonia:
2274 3157 2528 3228 praaﬁniti
2581 3159 2851 3228 temporis
2898 3158 3172 3228 opperiris
3213 3159 3531 3223 articulum,

1959 3252 2015 3305 in
2042 3252 2160 3321 ipsa
2193 3260 2377 3307 autem
2404 3251 2557 3320 hora,
2593 3265 2719 3307 cum
2754 3251 3115 3307 immoderata
3147 3259 3310 3322 atque
3333 3252 3529 3308 effreni

1959 3344 2290 3414 intemperie
2323 3353 2374 3399 te
2405 3344 2606 3399 invitas
2629 3344 2708 3399 'ad
2743 3359 3008 3411 mensam,
3036 3354 3200 3415 atque
3232 3346 3371 3400 adeo
3404 3362 3530 3400 cum

1959 3452 2126 3491 carne
2173 3446 2412 3491 mentem
2454 3436 2756 3490 etiamnum
2787 3436 2854 3490 ad
2888 3438 3226 3506 voluptatem
3256 3438 3533 3492 exsatian-

1961 3529 2088 3583 dam
2125 3528 2212 3582 his
2241 3543 2362 3599 quae
2405 3536 2779 3597 apponuntur,
2814 3526 2985 3598 alligis
3021 3536 3077 3583 et
3111 3528 3321 3600 alligas.
3351 3527 3446 3584 Est
3474 3541 3533 3585 et

1961 3621 2099 3676 illud
2130 3636 2301 3691 opus,
2331 3629 2389 3675 ut
2435 3619 2701 3675 observes
2743 3619 2800 3675 in
2840 3621 3172 3675 abstinentia
3218 3638 3341 3691 quae
3384 3621 3531 3676 circa

1961 3714 2072 3769 cibi
2114 3711 2485 3783 sumptionem
2518 3721 2770 3767 versatur
2812 3722 2872 3766 ut
2920 3727 2990 3766 ne
3020 3728 3183 3782 quem
3215 3713 3396 3767 cibum
3429 3714 3533 3767 ali-

1962 3804 2183 3875 quando
2236 3803 2593 3868 abomincre,
2656 3803 2761 3859 hoc
2817 3805 2964 3858 enim
3019 3804 3355 3859 exsecrabile
3405 3820 3530 3859 cum

1964 3897 2180 3967 primis,
2213 3910 2278 3951 ac
2316 3896 2627 3950 daemonum
2661 3896 2985 3966 malignitati
3018 3912 3279 3965 perquam
3309 3898 3488 3952 simile
3516 3916 3529 3952 :

1963 4003 2144 4059 neque
2190 3988 2338 4043 enim
2367 3988 2437 4043 ab
2465 3987 2580 4041 ullo
2606 3986 2855 4041 ciborum
2891 4002 3091 4056 genere
3120 3987 3281 4041 nobis
3320 3996 3532 4057 tempe-

1964 4096 2184 4147 ramus,
2211 4079 2357 4150 quod
2405 4087 2599 4148 suapte
2643 4084 2838 4132 natura
2876 4077 3005 4131 mali
3038 4078 3176 4142 sint,
3211 4079 3356 4133 absit
3388 4081 3528 4135 hoc!

1965 4172 2139 4243 magis
2198 4185 2331 4225 vero
2393 4178 2454 4223 ut
2513 4184 2615 4224 nos
2669 4184 2701 4224 a
2766 4167 3167 4238 pollucibiliore
3222 4169 3532 4224 cduliurum

1965 4265 2246 4333 voluptate
2263 4270 2426 4331 atque
2452 4260 2712 4317 illecebra
2737 4260 2933 4325 avulsi,
2952 4260 3194 4315 membra
3219 4260 3334 4316 haec
3354 4263 3535 4318 carnis

1966 4362 2165 4409 nostra?
2208 4368 2329 4423 qum
2370 4352 2529 4407 facile
2577 4352 2987 4407 inﬂammantur
3039 4363 3095 4407 et
3142 4352 3534 4417 intumescunt,

1966 4446 2247 4501 moderate
2287 4445 2619 4517 castigemus
2642 4448 2690 4477 ⁸⁵
2719 4465 2732 4501 :
2763 4457 2824 4501 ut
2869 4447 2914 4501 si
2959 4446 3181 4516 quidem
3227 4461 3356 4499 sana
3386 4456 3536 4509 sunt,

287 4528 466 4595 ευχῆς
529 4529 623 4583 καὶ
674 4530 930 4601 νηστείας
974 4530 1238 4586 ἀπέλαϐε.
1294 4532 1405 4585 Kal
1458 4534 1487 4586 6
1534 4533 1857 4598 Ἀπόστολος

1964 4547 2089 4586 cum
2123 4532 2326 4588 decoro
2363 4542 2419 4588 et
2461 4534 2750 4589 honestate
2789 4544 3184 4601 coerceantur;
3221 4535 3265 4588 si
3295 4534 3535 4600 infirma,

294 4643 317 4674 α
353 4623 441 4675 Ἐν
466 4621 674 4686 κόποις,
704 4624 762 4676 ἐν
794 4624 1140 4694 ἀγρυπνίαις,
1172 4626 1230 4677 ἐν
1261 4625 1535 4693 νηστείαις
1559 4645 1577 4677 ι
1602 4626 1663 4679 τὸ
1698 4627 1861 4696 σῶμα

287 4710 673 4780 ὲδουλαγὼγει.
691 4713 857 4783 Φησὶν
875 4714 1043 4767 δὲκαὶ
1067 4716 1094 4768 6
1111 4716 1392 4785 προφήτης
1424 4717 1596 4787 Ἰωήλ·
1617 4734 1636 4768 ι
1676 4717 1860 4785 Ἀγιά-

290 4824 430 4861 σατε
466 4806 744 4878 νηστείαν,
799 4807 1072 4877 κηρύξατε
1131 4807 1462 4879 θεραπείαν,
1518 4806 1856 4881 κεκράξατεί

288 4899 483 4969 Οῐμοι,
510 4899 678 4969 οῐμοι,
698 4899 780 4952 ὅτι
818 4900 984 4966 ἐγγὺς
1012 4900 1046 4966 ἡ
1077 4898 1260 4969 ἡμέρα
1285 4900 1512 4969 Κυρίου.
1539 4919 1557 4950 ο
1600 4902 1707 4955 Kal
1739 4901 1857 4971 μετ’

287 4991 494 5059 ὀλίγον·
528 5010 547 5042 ι
578 4992 687 5044 Kal
728 4989 822 5043 νῦν
855 4990 1004 5057 λέγει
1040 4989 1240 5060 Κύριος
1267 4993 1295 5044 6
1320 4992 1451 5054 Θεὸς
1483 4992 1660 5061 ἡμῶν,
1705 4993 1859 5046 Ἐπι-

292 5081 579 5151 στράφητε
626 5081 761 5152 πρός
809 5098 877 5151 με
922 5080 981 5146 ἐξ
1026 5080 1153 5150 ὅλης
1203 5081 1304 5151 τῆς
1341 5082 1570 5152 καρδίας
1606 5082 1759 5150 ὑμῶν
1805 5086 1863 5135 ὲν

290 5172 543 5243 νηστείᾳ,
576 5173 672 5227 καὶ
697 5174 755 5225 ὲν
788 5172 1071 5242 κλαυθμῷ,
1111 5172 1205 5226 καὶ
1234 5174 1292 5226 ὲν
1317 5173 1555 5244 κοπετῷ,
1590 5174 1683 5227 καὶ
1709 5173 1863 5244 διαρ-

296 5264 502 5334 ῥήξατε
547 5263 645 5327 τὰς
683 5264 910 5334 καρδίας
945 5264 1133 5335 ὑμῶν,
1185 5266 1278 5317 καὶ
1316 5265 1677 5334 ἐπιστρέψατε
1727 5265 1864 5333 πρὸς

296 5355 507 5425 Κύριον
537 5355 627 5409 τὸν
659 5355 794 5410 Θεὸν
823 5356 998 5427 ὑμῶν,
1017 5356 1101 5410 δτι
1134 5356 1402 5427 ἐλεήμων,
1431 5358 1527 5409 καὶ
1558 5356 1863 5426 οἰκτίρμων

1970 4624 2253 4679 moderata
2299 4624 2639 4696 indulgentia
2687 4626 3005 4695 opimentur
3047 4637 3104 4681 et
3154 4626 3536 4696 pinguescant.

1965 4716 2156 4785 Neque
2197 4717 2345 4770 enim
2388 4732 2561 4785 usque
2603 4716 2742 4772 adeo
2785 4716 3167 4773 delassandum
3205 4733 3407 4787 corpus
3453 4730 3538 4774 est

1964 4808 2086 4878 eius
2110 4807 2204 4877 qui
2232 4808 2287 4862 in
2313 4808 2599 4878 procinctu
2624 4817 2875 4863 versatur
2902 4809 3161 4877 palzestra:
3193 4810 3533 4879 spiritualis;

1965 4899 2062 4954 sed
2096 4908 2369 4969 quatenus
2395 4898 2644 4955 sullicere
2672 4900 2849 4969 possit
2885 4900 2951 4954 ad
2982 4900 3224 4969 legitime
3251 4901 3534 4956 sustinen-

1963 4989 2097 5042 dum
2150 4988 2321 5043 semel
2369 4997 2649 5058 arreptum
2696 5004 2948 5060 agonem.
2998 4989 3263 5045 Primaria
3309 4991 3399 5045 illa
3447 4992 3535 5046 lex

1962 5080 2103 5133 dixit
2133 5096 2146 5132 :
2177 5098 2194 5131 ι
2229 5079 2333 5145 Qui
2360 5087 2549 5134 votum
2578 5081 2813 5145 voverit,
2836 5096 2865 5134 a
2892 5080 3023 5135 vino
3046 5090 3103 5135 et
3131 5082 3305 5136 sicera
3330 5086 3534 5137 sancti-

1961 5171 2236 5237 licabitur,
2265 5184 2321 5226 et
2349 5187 2690 5241 quaecunque
2712 5189 2779 5227 ex
2810 5173 2972 5227 vinea
3002 5173 3392 5238 coniiciuntur,
3422 5190 3532 5228 non

1959 5263 2215 5317 comedet
2259 5263 2520 5317 omnibus
2564 5263 2761 5317 diebus
2811 5263 2924 5319 voti
2972 5264 3091 5329 sui,
3136 5265 3263 5333 quia
3312 5274 3534 5319 sanctus

1960 5354 2195 5411 Domino
2215 5364 2300 5410 est
2323 5356 2390 5409 ⁸⁸.
2420 5374 2437 5406 ι
2466 5355 2656 5410 Daniel
2688 5355 2950 5427 insuper:
2976 5374 2994 5408 ι
3019 5355 3134 5427 Ego
3158 5369 3309 5410 eram
3340 5356 3533 5426 lugens

367 5508 422 5582 "_
452 5507 571 5562 Non
604 5508 842 5582 ἀλάτιος,
876 5509 973 5565 sed
1008 5509 1193 5582 ἐλάτη,
1229 5526 1350 5580 quae
1382 5520 1436 5565 et
1468 5510 1651 5582 σπάθη
1684 5508 1827 5579 apud

1959 5508 2259 5575 iscoridem,
2292 5524 2341 5565 c.
2379 5510 2466 5576 52,
2501 5511 2538 5567 l.
2568 5527 2606 5568 ι.
2680 5511 2727 5544 ⁸³
2755 5509 2803 5566 ll
2837 5508 2967 5567 Cor.
3001 5526 3075 5575 Iv,
3109 5510 3194 5566 16.
3288 5508 3334 5542 ⁸⁸
3364 5506 3525 5569 Audi.

294 5575 566 5645 Luthere,
597 5594 723 5634 cum
755 5581 865 5635 tuis
889 5581 1131 5636 assedis.
1159 5575 1170 5582 ⁷
1206 5575 1440 5637 “Num.
1476 5597 1548 5645 vi,
1574 5575 1687 5635 5-5.

1548 5692 1781 5750 VARIE
1822 5692 2113 5751 LEC'l'lON
2122 5694 2223 5749 ES.

370 5815 417 5853 τ’
442 5828 545 5874 vro
578 5813 883 5886 ἀδωδίμων,
918 5815 1061 5886 lego,
1094 5814 1389 5884 ἐδωδίμων.
