4052 6552
557 390 694 454 1455
1823 384 2187 446 ANTIOCHI
2230 381 2577 442 MONACHI
3640 391 3755 457 1455

556 514 668 558 tres
718 498 1092 556 hebdomadas
1135 498 1386 559 dierum,
1439 511 1640 570 panem
1703 496 2129 551 desiderabilem

2236 491 2369 555 ἐστὶ,
2403 489 2759 562 μακρόθυμός
2797 506 2856 545 τε
2910 489 3009 544 καὶ
3058 490 3363 558 πολυέλεος,
3400 498 3492 551 καὶ
3521 506 3757 569 μετανοῶν

556 609 667 646 non
705 592 944 655 comedi,
976 607 1154 663 neque
1195 590 1385 645 vinum
1426 588 1678 644 introivit
1724 589 1781 642 in
1815 602 1878 643 os
1921 603 2127 650 meum,

2236 582 2323 633 ὲπὶ
2348 582 2469 643 ταῖς
2492 579 2717 642 κακίαις
2746 580 2923 651 ὑμῶν.
2954 600 2974 633 ι
3013 583 3123 636 Καὶ
3148 586 3309 639 πάλιν
3334 587 3363 638 6
3389 588 3559 642 Δαυῖδ·
3593 610 3610 643 ι
3642 595 3761 663 Ἐγὼ

557 683 655 739 sed
683 698 786 737 nec
812 691 1093 753 unguento
1120 689 1319 737 unctus
1349 694 1470 733 sum
1492 678 1559 733 “.
1592 698 1609 730 ι
1645 677 1861 748 1038
1880 676 2025 743 Quid
2055 677 2131 730 ita

2236 673 2288 727 δὲ
2313 674 2374 726 ὲν
2397 672 2475 743 τῷ
2502 673 2701 736 αὐτοὺς
2728 674 3084 745 παρενοχλεῖν
3119 692 3228 746 μοι,
3259 679 3547 751 ὲνεδυόμην
3570 684 3759 752 σάκκον,

556 786 618 829 se
641 774 728 828 vir
766 781 949 827 tantus
975 772 1287 827 macerabat
1309 770 1539 842 jejunio,
1567 771 1707 825 adeo
1743 780 1803 822 ut
1859 768 1999 821 nihil
2027 766 2131 836 gli-

2236 763 2324 817 καὶ
2366 762 2689 816 ὲταπείνουν
2741 764 2801 816 ὲν
2835 765 3063 835 νηστείᾳ
3091 766 3186 837 τὴν
3210 767 3389 839 ψυχήν
3442 787 3558 839 μου.
3585 791 3601 822 ι
3649 776 3760 842 Καὶ,

559 874 742 921 sceret
788 863 1090 919 ministrari
1139 863 1246 917 sibi
1295 860 1747 917 esculentorum?
1790 859 1931 914 Sane
1981 856 2131 928 quod

2237 854 2355 907 «Τὰ
2413 854 2619 922 γόνατά
2675 870 2779 924 μου
2830 854 3145 925 ἠσθένησαν
3200 859 3309 911 ἀπὸ
3346 861 3603 929 νηστείας,
3633 869 3765 938 καὶὴ

556 966 703 1013 esset
746 956 833 1010 vir
876 954 1277 1011 desideriorum
1323 969 1446 1023 quae
1490 954 1749 1023 spiritum
1803 951 2128 1005 illustrant:

560 1048 690 1102 hinc
721 1046 920 1118 dignus
966 1046 1185 1101 habitus
1223 1044 1312 1100 cui
1357 1058 1573 1099 retrusa
1615 1042 1877 1114 mysteria
1924 1040 2134 1095 revela-

561 1149 776 1204 rentur,
799 1154 1101 1208 eorumque
1123 1138 1280 1193 ﬁeret
1301 1147 1577 1207 spectator
1599 1150 1722 1205 qua:
1745 1143 1976 1189 eatenus
1994 1131 2131 1186 nulli

560 1235 690 1288 dum
729 1233 968 1288 revelata
1011 1232 1253 1297 fuerant,
1296 1245 1401 1284 nec
1444 1229 1702 1299 indignus
1742 1228 1837 1299 qui
1870 1241 1995 1280 cum
2024 1225 2131 1280 Ga-

559 1325 735 1381 briele
769 1326 1097 1395 archangelo
1140 1322 1570 1394 congrederetur
1616 1319 1984 1375 familiariter.
2018 1319 2134 1373 Nec

558 1434 722 1495 secus
770 1418 934 1472 trium
986 1432 1283 1487 puerorum
1335 1414 1592 1485 epulares
1637 1412 1746 1467 cibi
1805 1428 1873 1466 ex
1922 1410 2133 1465 semine

558 1518 929 1581 provenerant
960 1517 1119 1563 terrae
1149 1507 1317 1570 illius,
1344 1516 1401 1560 et
1430 1503 1750 1560 earumdem
1775 1502 2130 1564 abstinentia,

559 1601 656 1657 sed
688 1610 745 1656 et
773 1600 1015 1655 charitas
1055 1615 1184 1670 erga
1227 1599 1403 1654 Deum
1434 1597 1682 1653 ardentis
1720 1597 1917 1651 camini
1950 1596 2131 1666 ignem

560 1696 617 1749 in
651 1694 931 1749 roscidum
968 1707 1227 1763 vaporem
1277 1690 1613 1762 permutavit
1644 1691 1713 1744 ⁵⁷.
1749 1690 1961 1761 Moyses
1992 1704 2135 1759 quo-

2232 946 2372 1016 σάρξ
2421 963 2525 1017 μου
2570 945 2840 1017 ἠλλοιώθη
2881 947 2949 1000 δι’
2976 948 3177 1001 ἔλαιον.
3204 968 3222 1000 ι
3250 951 3491 1020 Νηστεία
3518 954 3617 1025 γὰρ
3648 958 3760 1027 ἀλη.

2231 1037 2350 1109 θινή
2397 1040 2545 1091 ἔστιν
2587 1039 2649 1091 οὺ
2701 1040 2861 1110 μόνον
2903 1040 2963 1093 τὸ
3004 1042 3199 1094 ἑαυτὸν
3247 1042 3510 1115 ἐκτήξειν,
3538 1048 3661 1099 ἀλλὰ
3687 1051 3767 1103 καὶ

2229 1130 2330 1200 τὴν
2367 1131 2641 1201 ποσότητα
2666 1130 2768 1201 τῆς
2800 1131 3047 1202 δαπάνης
3079 1134 3145 1204 ἣν
3184 1134 3407 1202 ἔμελλεν
3438 1137 3645 1203 ἐσθίειν,
3665 1141 3767 1194 δοῦ-

2231 1238 2322 1276 ναι
2369 1222 2535 1293 χήρᾳ,
2568 1220 2602 1291 ἢ
2646 1221 2873 1291 πτωχῷ,
2906 1222 2993 1274 ἵνα
3027 1225 3055 1275 6
3082 1223 3323 1293 εἰληφὼς
3350 1226 3671 1297 ἐμπλησθεὶς
3696 1231 3768 1283 ab.

2232 1310 2390 1382 ξηται
2420 1312 2562 1382 ὑπὲρ
2590 1312 2781 1376 αὑτοῦ,
2813 1314 2908 1366 καὶ
2947 1314 3112 1385 δεκτὴ
3146 1318 3425 1388 γένηταιὴ
3456 1317 3607 1374 θυσία
3627 1324 3769 1377 αὐτοῦ

2232 1405 2388 1476 παρὰ
2423 1404 2501 1475 τῷ
2550 1404 2690 1475 Θεῷ.
2719 1405 2919 1469 Καθὼς
2960 1410 3056 1461 καὶ
3098 1411 3125 1462 ό
3160 1410 3390 1472 Ἠσαίας
3416 1414 3592 1482 φησίνο
3628 1433 3645 1466 ι
3669 1416 3767 1485 Νη-

2235 1497 2445 1550 στεύων
2490 1496 2788 1568 διάθρυπτε
2828 1499 3088 1553 πεινῶντι
3134 1503 3227 1555 τὸν
3257 1504 3423 1574 ἄρτον
3457 1520 3611 1559 σου.»
3650 1508 3700 1562 '0
3722 1509 3768 1563 δὲ

2232 1590 2438 1656 ἀγαθὸς
2462 1591 2494 1658 ἡ
2504 1589 2622 1659 μῶν
2658 1591 2939 1662 Δεσπότης
2973 1592 3299 1664 βουλόμενος
3330 1596 3475 1667 ἔργῳ
3495 1599 3630 1668 ἡμᾶς
3662 1618 3769 1654 παι-

2231 1678 2445 1741 δεῦσαι,
2474 1682 2693 1752 πρῶτος
2727 1681 2888 1746 αὐτὸς
2919 1684 3232 1753 ὲνήστευσε.
3269 1686 3377 1739 Καὶ
3410 1688 3532 1758 περὶ
3564 1688 3650 1741 τοῦ
3675 1689 3769 1743 δαι-

559 1801 668 1856 que
698 1802 796 1856 per
817 1785 935 1840 dies
956 1784 1319 1855 quadraginta
1348 1783 1477 1838 dum
1502 1784 1739 1854 jejunat,
1803 1782 1977 1851 legem
2004 1796 2134 1850 pro-

2239 1774 2513 1843 μονῶντός
2546 1790 2700 1845 φησι·
2737 1795 2754 1826 ι
2776 1775 2948 1829 Τοῦτο
2983 1778 3043 1830 τὸ
3080 1779 3237 1847 γένος
3284 1780 3345 1831 ὲν
3386 1780 3555 1832 οὐδενὶ
3580 1780 3769 1837 δύναται

558 1851 763 1933 meruit
809 1851 1061 1947 accipere
1080 1851 1571 1931 “.‘Conformiter
1610 1882 1666 1929 et
1710 1874 1859 1929 Elias
1899 1873 2130 1928 totidem

2236 1865 2497 1931 ἐξελθεῖν,
2556 1867 2606 1919 εί
2662 1866 2737 1939 μὴ
2789 1867 2848 1919 ἐν
2889 1873 3165 1942 προσευχῇ
3220 1871 3318 1925 καὶ
3365 1872 3641 1944 vna-tela.»
3682 1875 3770 1929 Kal

559 1970 773 2025 dierum
807 1969 1016 2040 jejunio
1044 1967 1343 2022 Dominicaa
1379 1967 1568 2038 gloriae
1596 1974 1873 2036 spectator
1899 1966 2131 2021 effectus

2236 1960 2449 2027 ὲπάγει,
2480 1978 2498 2011 ι
2526 1960 2693 2013 Ὅταν
2720 1960 3017 2033 νηστεύῃς,
3056 1965 3130 2033 μὴ
3176 1964 3328 2032 γίνου
3368 1965 3549 2037 ὤσπερ
3576 1968 3621 2020 οἱ
3662 1967 3771 2021 ὑπο-

558 2067 643 2115 est
665 2060 730 2115 ".
762 2057 918 2113 Anna
958 2058 1268 2113 Samuelem
1294 2058 1467 2112 filium
1500 2056 1819 2127 impetravit
1842 2056 1909 2122 ⁸ο,
1937 2056 2129 2127 praesi-

2236 2053 2466 2125 κριταί.»
2498 2053 2628 2117 Καὶ,
2666 2053 2973 2125 (Μακάριοι
3003 2057 3052 2107 οἱ
3084 2056 3377 2121 πεινῶντες
3399 2057 3511 2121 νῦν,
3544 2058 3617 2111 ὅτι
3648 2060 3773 2114 αὐτοὶ

560 2151 653 2206 dio
692 2150 834 2205 freta
873 2150 1138 2205 orationis
1175 2149 1393 2221 jejunii.
1442 2149 1740 2219 Apostolus
1779 2148 1910 2203 item
1948 2165 1963 2201 :
2006 2167 2025 2200 ι
2067 2149 2125 2202 1η

2236 2145 2710 2219 χορτασθήσονται.
2726 2146 2912 2217 »Αὑτῷ
2931 2149 2965 2218 ἡ
2985 2148 3116 2216 δόξα
3131 2150 3211 2214 είς
3233 2149 3365 2215 τοὺς
3378 2150 3772 2222 αἱῶνας.Ἀμήν.

558 2242 862 2306 laboribus,
890 2240 946 2295 in
973 2241 1196 2312 vigiliis,
1231 2241 1286 2295 in
1316 2241 1543 2312 jejuniis
1569 2242 1637 2305 “,
1672 2260 1692 2294 ι
1724 2256 1884 2295 suum
1918 2240 2207 2311 subigebat
2232 2238 2489 2295 servituti
2520 2255 2743 2311 corpus.
2783 2239 2891 2296 Sed
2951 2250 3009 2298 et
3073 2242 3348 2313 propheta
3408 2243 3524 2300 Joel
3553 2261 3567 2298 :
3617 2262 3635 2294 ι
3667 2243 3776 2300 San-

557 2340 797 2394 ctificate
828 2338 1133 2409 jejunium,
1160 2337 1453 2408 praedicate
1508 2352 1695 2393 curam
1756 2347 1812 2392 et
1875 2337 2167 2401 medelam,
2206 2345 2262 2391 et
2303 2336 2580 2390 clamate:
2614 2336 2715 2392 Hei
2766 2336 2925 2403 mihi,
2986 2336 3078 2391 hei
3125 2337 3262 2391 mihi
3292 2379 3307 2402 ,
3353 2338 3479 2409 quia
3520 2356 3674 2410 prope
3710 2352 3777 2396 est

556 2436 674 2491 dies
698 2435 914 2490 Domini
935 2438 999 2490 θ’.
1039 2455 1056 2487 ι
1087 2435 1235 2491 Idem
1268 2445 1392 2505 post
1421 2450 1592 2505 pauca
1619 2452 1634 2489 :
1665 2455 1683 2487 ι
1715 2435 1784 2490 Et
1811 2451 1961 2490 nunc
1991 2434 2126 2489 dicit
2163 2434 2428 2489 Dominus
2452 2435 2597 2489 Deus
2625 2444 2815 2490 noster
2843 2453 2857 2490 :
2888 2434 3284 2491 Convertimini
3320 2435 3388 2490 ad
3438 2451 3522 2492 me
3578 2452 3640 2492 ex
3684 2446 3775 2491 toto

557 2528 722 2583 corde
748 2537 951 2594 vestro,
985 2529 1042 2583 in
1062 2527 1271 2600 jejunio
1299 2536 1350 2582 et
1412 2527 1545 2582 ﬂetu
1579 2536 1636 2583 et
1696 2528 1942 2597 planctu,
2006 2534 2063 2581 et
2123 2525 2357 2581 scindite
2402 2525 2572 2581 corda
2611 2536 2832 2589 vestra,
2879 2536 2935 2583 et
2976 2529 3365 2583 convertimini
3415 2529 3481 2584 ad
3524 2531 3771 2585 Dominum

557 2623 728 2678 Deum
774 2632 1040 2690 vestrum,
1078 2625 1207 2695 quia
1270 2623 1592 2679 misericors
1634 2632 1692 2679 et
1737 2623 2030 2679 miserator
2094 2631 2199 2687 est,
2239 2620 2570 2693 longanimis
2592 2629 2651 2676 et
2669 2622 2854 2676 multa).
2878 2622 3623 2693 misericordiaeetpmnitens
3642 2639 3775 2693 super

557 2715 783 2772 malitiis
810 2716 1010 2771 vestris
1033 2717 1096 2770 ⁸³.
1135 2734 1154 2768 ›
1189 2715 1359 2770 David
1388 2733 1402 2769 :
1439 2735 1457 2767 ι
1488 2715 1603 2786 Ego
1632 2723 1814 2769 autem
1842 2728 1969 2768 cum
1998 2712 2135 2767 mihi
2176 2713 2395 2767 molesti
2422 2721 2640 2777 essent,
2683 2712 2952 2768 induebar
3012 2714 3215 2780 cilicio,
3280 2724 3338 2770 et
3376 2716 3704 2769 humiliabam
3730 2716 3772 2769 in

552 2808 759 2879 jejunio
793 2808 1030 2863 animam
1057 2823 1234 2863 meam
1266 2807 1333 2860 “.
1377 2826 1397 2859 ι
1427 2807 1495 2861 Εῑ
1536 2824 1551 2862 ι
1587 2826 1606 2859 ι
1640 2806 1830 2863 Genua
1879 2820 1999 2860 mea
2049 2806 2323 2860 infirmata
2372 2812 2503 2859 sunt
2548 2820 2579 2859 a
2627 2806 2858 2877 jejunio,
2928 2814 2984 2861 et
3029 2821 3158 2861 caro
3243 2822 3365 2861 mea
3414 2808 3677 2862 immutata
3708 2816 3776 2862 est
3874 2806 3875 2809 “

557 2912 782 2970 propter
826 2902 1007 2956 oleum
1051 2903 1116 2953 ⁸³.
1161 2919 1180 2952 ι
1218 2900 1495 2971 Jejunium
1546 2914 1713 2969 porro
1759 2897 1894 2953 illud
1939 2912 2131 2951 verum
2170 2905 2276 2961 est,
2312 2912 2426 2951 non
2450 2897 2615 2952 modo
2646 2897 2724 2967 id,
2750 2914 2860 2968 quo
2922 2906 3046 2953 tuas
3074 2899 3252 2969 ipsius
3310 2914 3501 2954 carnes
3535 2899 3598 2954 ad
3628 2899 3777 2954 tabem

555 2997 611 3042 et
640 3005 946 3044 marcorem
974 2990 1252 3060 perducis,
1285 2989 1382 3045 sed
1409 2997 1467 3044 et
1529 2989 1577 3044 si
1616 2993 1886 3058 quantum
1955 2986 2203 3042 detrahis
2240 2986 2412 3057 priva:
2448 3002 2704 3058 expensa:
2742 3004 2845 3058 per
2870 2996 3018 3043 tuam
3059 2989 3454 3044 abstinentiam
3485 2990 3638 3061 (quod
3664 2992 3775 3045 alio-

556 3081 651 3149 qui
703 3082 1087 3152 insumpturus
1142 3081 1327 3137 fueras
1368 3080 1648 3148 edendo),
1682 3089 1896 3134 tantum
1949 3078 2131 3134 vidua:
2169 3079 2508 3150 impartiaris
2540 3089 2597 3136 et
2628 3082 2869 3152 pupillo,
2919 3098 3030 3153 quo
3099 3093 3332 3155 accepto
3374 3088 3676 3150 exsatietur,
3732 3096 3777 3141 et

556 3187 657 3240 pro
678 3173 941 3229 collatore
962 3172 1219 3229 beneficii
1250 3183 1460 3238 exoret,
1490 3187 1701 3243 perque
1730 3186 1927 3226 manus
1984 3170 2165 3242 inopis
2202 3171 2316 3226 Deo
2346 3182 2714 3242 praesentetur
2744 3184 2967 3245 accepta
3033 3177 3306 3248 ejusmodi
3335 3178 3551 3233 victima
3577 3197 3589 3233 :
3615 3195 3776 3250 quem~

556 3267 854 3323 admodum
877 3277 934 3324 et
958 3267 1124 3322 Isaias
1149 3267 1227 3321 ait
1257 3285 1271 3321 :
1302 3285 1322 3319 ι
1354 3266 1494 3323 Cum
1554 3266 1794 3337 jejunas,
1859 3264 2049 3336 frange
2112 3266 2383 3321 esurienti
2426 3284 2623 3338 panem
2675 3278 2831 3323 tuum
2875 3269 2941 3322 “.
2982 3288 3000 3321 ι
3073 3268 3506 3339 Benignissimus
3552 3271 3779 3330 Dominus

551 3368 765 3424 noster,
792 3360 875 3415 sui
911 3373 1013 3414 nos
1042 3367 1103 3413 ut
1134 3358 1384 3414 erudiret
1411 3358 1665 3427 exemplo
1729 3356 1934 3426 operis,
1994 3356 2208 3427 primus
2246 3356 2363 3429 ipse
2407 3358 2695 3430 jejunavit.
2750 3358 2859 3415 Sed
2900 3359 2968 3415 de
3022 3375 3090 3415 eo
3154 3361 3251 3429 qui
3301 3378 3331 3416 a
3382 3377 3520 3417 saevo
3567 3362 3777 3417 daemone

556 3451 757 3506 misere
784 3450 1107 3514 vexabatur,
1137 3452 1251 3506 ait:
1286 3467 1305 3502 ι
1336 3450 1453 3505 Hoc
1482 3464 1655 3519 genus
1682 3448 1738 3503 in
1766 3448 1920 3504 nullo
1953 3456 2136 3518 potest
2173 3451 2323 3505 exire
2346 3491 2360 3517 ,
2411 3451 2520 3506 nisi
2571 3452 2629 3507 in
2678 3453 2930 3508 oratione
2981 3461 3036 3507 et
3084 3453 3301 3524 jejunio
3363 3456 3425 3509 ⁸⁷.
3469 3473 3488 3507 ι
3552 3454 3775 3509 lndueit:

563 3560 583 3593 ι
616 3541 751 3596 Cum
801 3552 985 3595 autem
1033 3540 1401 3610 jejunaveris,
1468 3555 1538 3595 ne
1589 3539 1665 3595 sis
1710 3540 1855 3594 sicut
1907 3538 2210 3610 hypocrita:
2238 3541 2303 3595 “.
2341 3560 2361 3594 ι
2429 3541 2499 3597 Ει
2531 3560 2543 3596 :
2579 3562 2598 3595 ι
2630 3543 2783 3599 Beati
2817 3544 2912 3614 qui
2949 3544 3201 3601 esuriunt
3241 3563 3410 3614 nunc,
3474 3548 3597 3619 quia
3653 3559 3776 3606 satu-

558 3634 830 3688 rabuntur
858 3633 944 3685 ω’.
983 3651 1001 3684 ι
1040 3633 1148 3703 lpsi
1181 3633 1354 3703 gloria
1382 3633 1439 3687 in
1471 3632 1692 3688 saecula.
1730 3631 1925 3687 Amen.

1115 3743 1401 3800 HOMILIA
1436 3742 1575 3800 Vlll.

745 3863 819 3917 De
844 3859 1197 3932 philargyria,
1222 3859 1316 3911 hoc
1344 3864 1442 3923 est,
1479 3873 1663 3911 amore
1690 3862 1946 3927 pecuniw.

625 3974 877 4033 Pecunia
912 3988 1067 4028 amor
1098 3971 1325 4026 morbus
1352 3978 1439 4024 est
1476 3970 1615 4025 mire
1649 3971 1931 4041 pervicax,
1959 3988 2134 4045 expu-

556 4080 722 4140 gnatu
770 4066 1035 4131 difficilis,
1068 4063 1306 4132 denique
1354 4072 1411 4117 et
1455 4062 1822 4133 perniciosus.
1872 4065 2137 4137 Impossi-

557 4160 666 4213 bile
700 4170 971 4226 namque,
1020 4168 1147 4208 eum
1184 4153 1276 4222 qui
1325 4151 1396 4207 sit
1440 4160 1743 4207 assectator
1792 4154 2134 4226 voluptatum

556 4249 718 4303 simul
764 4256 821 4300 et
865 4243 1228 4315 congerendae
1271 4242 1523 4312 pecuniae
1568 4244 1902 4313 cupientior,
1933 4262 2134 4303 secun-

556 4340 687 4393 dum
719 4339 891 4392 Deum
918 4337 1089 4390 vitam
1116 4343 1178 4389 ut
1206 4333 1461 4405 instituat
1485 4349 1662 4389 suam.
1696 4336 1862 4392 Plane
1891 4338 1937 4392 si
1963 4355 2136 4409 quan-

556 4430 627 4483 do
680 4428 771 4483 hic
832 4426 1062 4480 morbus
1119 4423 1358 4478 animam
1427 4422 1924 4481 internanciseetur
1981 4431 2135 4502 segni

557 4531 777 4590 torpore
808 4519 1224 4576 lentescentem,
1268 4521 1325 4567 ct
1366 4513 1603 4567 animam
1635 4512 1971 4571 difﬁdentem
2000 4519 2134 4585 Deo,

561 4611 774 4682 1039
798 4624 923 4664 mox
953 4608 1032 4662 illi
1060 4606 1304 4676 suggerit
1333 4614 1643 4660 commenta
1686 4607 1936 4675 quaedam
1965 4625 2135 4666 excu-

555 4703 710 4757 sandi
743 4700 827 4755 sui
858 4708 1247 4761 consentanea,
1284 4697 1367 4750 vel
1396 4711 1518 4766 quae
1560 4697 1808 4751 umbram
1842 4700 2138 4768 przeferant

554 4796 713 4864 justa:
743 4790 1136 4847 excusationis.
1170 4788 1453 4860 Ejusmodi
1491 4798 1791 4858 praetextus
1823 4791 2136 4849 umbratilis

557 4896 770 4941 secreta
802 4882 1135 4953 cogitatione
1167 4880 1436 4935 monacho
1465 4895 1524 4934 se
1566 4880 1759 4943 offert,
1792 4892 2134 4938 senectutem

558 4973 826 5043 prolixam
852 4987 994 5036 esse,
1018 4978 1282 5041 praeterea
1307 4966 1577 5022 infirmam
1602 4983 1725 5023 esse
1752 4969 2135 5026 valetudinem

560 5065 831 5134 corporis.
883 5064 953 5120 Ut
988 5079 1161 5128 mare,
1211 5061 1609 5133 quantamlibet
1653 5062 1709 5116 in
1740 5077 1800 5117 se
1839 5062 2136 5119 incurren-

562 5156 699 5210 tium
745 5155 1033 5209 lluminum
1074 5154 1311 5224 excipiat
1358 5154 1801 5221 multitudinem,
1853 5171 2139 5226 nunquam

560 5260 741 5304 tamen
794 5248 1096 5301 exsatiatur
1145 5254 1242 5300 aut
1284 5245 1566 5315 impletur,
1602 5245 1751 5300 haud
1784 5261 1945 5301 secus
1986 5248 2137 5301 avari

557 5339 1040 5414 concupiscentia;
1084 5353 1263 5408 neque
1292 5331 1441 5394 enim
1486 5338 1847 5409 quantislibet
1886 5341 2139 5409 expletur

556 5432 786 5487 divitiis.
808 5431 1068 5501 Quisquis
1085 5431 1251 5502 igitur
1269 5431 1386 5484 vult
1406 5431 1567 5485 istius
1587 5430 1907 5499 cupiditatis
1925 5433 2137 5486 exscin-

556 5523 687 5579 dere
750 5523 1138 5592 inexplebilem
1199 5520 1580 5587 afl‘ectionem,
1642 5522 1712 5575 ab
1769 5520 1952 5576 radice
2010 5537 2133 5578 eam

658 5679 702 5711 ”
735 5679 867 5731 Dan.
891 5693 945 5739 x,
972 5674 1025 5739 2,
1054 5674 1106 5728 5.
1183 5674 1225 5705 ³⁷
1255 5673 1390 5728 Dan.
1418 5690 1495 5735 ιιι,
1523 5674 1609 5729 49.
1712 5675 1756 5707 ⁸⁸
1785 5676 1958 5731 Exod.
2000 5694 2145 5733 xxiv.

555 5746 1037 5825 :’_Joel_t,__l4,_15.
1116 5743 1634 5825 ‘3}08Lll,ﬂ1‘2,_15.
1709 5745 1924 5825 :‘Psal.
1968 5766 2123 5804 xxxrv

2243 5792 2255 5804 .
2312 5750 2353 5782 δ’
2386 5743 2528 5807 Psal.
2563 5771 2686 5809 cvm
2741 5758 2833 5813 24.
2900 5760 2942 5789 “
2976 5743 3079 5814 ls'a.
3108 5743 3253 5825 ιίνιιι,
3290 5761 3339 5813 7.

553 5816 640 5872 21.
719 5819 763 5850 ⁸⁸
796 5817 986 5871 Matth.
1020 5832 1091 5879 vi,
1126 5814 1210 5873 16.
1291 5816 1355 5845 ⁸⁸⁸
1392 5814 1583 5869 Matth.
1618 5828 1672 5878 ν,
1705 5812 1757 5869 θ.

2856 3751 3077 3804 ΛΟΓΟΣ
3115 3753 3199 3809 H'.

2729 3862 2869 3931 Περὶ
2894 3863 3316 3932 φιλαργυρίας.

2307 3966 2382 4024 Τὸ
2409 3969 2509 4041 τῆς
2538 3971 2905 4046 φιλαργυρίας
2942 3974 3179 4046 νόσημα,
3210 3977 3359 4030 πάνυ
3394 3977 3559 4030 δεινὸν
3580 3978 3664 4029 καὶ
3682 3973 3775 4029 6M-

2238 4063 2388 4132 θριον
2446 4064 2705 4137 ὑπάρχει.
2769 4067 3056 4121 Ἀδύνατον
3103 4065 3198 4122 οὖν
3256 4070 3420 4141 ζῆσαι
3474 4069 3607 4122 κατὰ
3649 4068 3772 4131 Θεὸν,

2236 4157 2330 4209 τὸν
2368 4157 2652 4229 φιλήδονον
2699 4158 2828 4213 ὄντα
2874 4161 2972 4215 καὶ
3017 4162 3379 4234 φιλάργυρον.
3426 4163 3567 4236 Αὕτη
3593 4164 3623 4234 ἡ
3648 4164 3774 4224 νόσος

2235 4248 2366 4302 ὅταν
2402 4250 2633 4322 χλιαράν
2659 4253 2754 4305 καὶ
2791 4254 3021 4308 ἄπιστον
3052 4254 3186 4325 εὕρῃ
3217 4255 3417 4326 ψυχὴν,
3447 4256 3681 4323 εὐλόγους
3713 4271 3775 4305 τι·

2238 4339 2336 4404 νὰς
2374 4342 2512 4412 αὐτῇ
2581 4342 2911 4414 ὑπερϐάλλει
2963 4348 3301 4416 προφάσεις·
3348 4345 3657 4418 ὑπρὸάλλει
3689 4345 3776 4412 γὰρ

2240 4432 2380 4486 κατὰ
2410 4433 2652 4487 διάνοιαν
2676 4434 2756 4505 τῷ
2791 4437 3032 4506 μοναχῷ,
3066 4438 3244 4507 γῆρας
3274 4438 3504 4509 μακρὸν,
3534 4439 3619 4491 καί
3640 4434 3777 4489 ἀσθέ-

2238 4541 2387 4578 νειαν
2433 4524 2705 4595 σώματος.
2754 4528 2864 4580 Καὶ
2914 4527 3105 4600 ὥσπερ
3143 4532 3175 4601 ἡ
3238 4530 3486 4585 θάλασσα
3517 4531 3608 4584 οὐκ
3636 4527 3774 4597 ὲμπί-

2239 4614 2442 4668 πλαται
2482 4615 2744 4687 δεχομένη
2790 4617 2995 4689 πλῆθος
3035 4622 3321 4691 ποταμῶν,
3358 4621 3526 4685 οὕτως
3553 4619 3775 4688 ἐπιθυμία

2240 4704 2579 4775 φιλαργύρου
2639 4706 2701 4758 οὐ
2762 4706 3069 4779 πληροῦται
3128 4712 3451 4779 χρημάτων.
3522 4710 3577 4764 '0
3636 4708 3775 4761 θέλων

2238 4793 2371 4862 γοῦν
2392 4794 2685 4848 ἐκκόπτειν
2710 4796 2773 4850 τὸ
2810 4798 2909 4869 τῆς
2936 4798 3301 4871 φιλαργυρίας
3330 4801 3499 4864 πάθος
3529 4799 3621 4871 τὴν
3648 4798 3775 4869 ῥίζαν

2237 4885 2574 4941 ὲκκοπτέτω.
2619 4887 2907 4959 Μενούσης
2944 4891 3053 4961 γὰρ
3090 4892 3189 4961 τῆς
3240 4891 3435 4963 ῥίζης,
3486 4892 3577 4945 καὶ
3624 4888 3774 4942 ἐπιτέ-

2241 4994 2389 5047 μνων
2427 4980 2552 5042 τοὺς
2574 4980 2821 5047 κλάδους,
2857 4982 3020 5037 πάλιν
3054 4984 3203 5038 ἄλλοι
3230 4984 3578 5055 ἀναφύονται.
3610 4982 3775 5048 Φιλὰρτ

2242 5087 2412 5141 γυρος
2449 5074 2683 5143 μοναχὺς
2725 5074 3021 5145 ἐργάζεται
3067 5078 3325 5141 ἐντόνως·
3374 5080 3403 5130 ὁ
3438 5078 3493 5131 δὲ
3542 5076 3771 5143 ἀκτήμων

2240 5163 2362 5224 ταῖς
2410 5167 2737 5233 προσευχαῖς
2787 5164 3040 5234 σχολάζει
3099 5169 3193 5220 καὶ
3242 5167 3676 5236 ἀναγνώσμασιν.
3726 5160 3770 5211 Ὀ

2240 5252 2577 5325 φιλάργυρος
2607 5254 2927 5327 θησαυρίζει
2962 5257 3268 5328 βαλάντιον,
3299 5262 3328 5312 6
3359 5260 3413 5311 δὲ
3439 5258 3703 5327 ἀκτήμων,
3726 5255 3771 5303 ὲν

2238 5344 2473 5415 οὐρανῷ.
2523 5347 2688 5415 Λέγει
2732 5350 2765 5419 ἡ
2806 5350 3020 5422 Γραφή·
3054 5371 3073 5402 ι
3107 5352 3535 5423 Ἐπικατάρατος
3568 5351 3595 5402 6
3630 5344 3770 5399 ποιῶν

2236 5436 2476 5501 εἴδωλον,
2513 5441 2610 5492 καὶ
2651 5440 2821 5506 τιθεὶς
2876 5442 2933 5495 ὲν
2983 5444 3308 5515 ἀποκρύφῳ.
3336 5463 3353 5495 ι
3399 5443 3616 5515 Ὁμοίως
3642 5436 3768 5491 καὶὸ

2237 5526 2376 5597 ἔχων
2428 5530 2793 5602 φιλαργυρίας
2867 5533 3059 5597 πάθος.
3110 5533 3168 5587 '0
3218 5536 3314 5605 μὲν
3370 5534 3473 5603 γάρ
3518 5526 3769 5601 προσκυνεῖ

3364 5687 3402 5717 ⁶¹
3430 5686 3471 5741 ll
3493 5684 3607 5739 Cor.
3633 5696 3695 5738 vi,
3719 5678 3761 5728 εἰ.

3399 5758 3439 5788 ⁸⁷
3468 5754 3637 5810 Matth.
3655 5764 3758 5807 λιιι,

2250 5680 2361 5759 ⁸⁸
2388 5681 2532 5759 ,Βθεο
2567 5699 2673 5739 xIX-
2752 5687 2832 5759 7“
2867 5688 2887 5742 l
2920 5689 3052 5759 Reg.
3091 5705 3129 5750 ι,
3162 5689 3250 5743 20.
