4052 6520
317 351 458 417 1151

1208 368 1535 429 HOMILIA
1574 372 1740 431 VIII.
1772 398 1844 406 --
1883 371 1981 431 DE
2021 376 2285 437 ΑΜΟΗΕ
2321 378 2694 441 ΡΕΟΠΝΙᾹΞ.

3444 378 3581 445 1458

316 469 557 540 κιϐδήλῳ
589 472 682 526 καὶ
711 472 982 543 ἀνωφελεῖ
1001 492 1013 505 ·
1044 478 1072 529 6
1096 476 1154 529 δὲ
1202 477 1652 550 ἀγαλματοφορεῖ
1683 497 1890 548 φαντα-

2014 485 2319 541 :onscindat
2362 505 2427 543 ac
2486 490 2734 543 revellat.
2774 487 2910 542 Dum
2963 488 3112 541 enim
3164 496 3350 542 manet
3399 490 3581 545 radix.

317 562 440 616 σίαν
468 564 721 622 πλούτου.
757 569 866 621 Καὶ
917 567 1107 640 ῶσπερ
1138 570 1347 640 γίνεται
1379 576 1494 637 τοῖς
1513 573 1897 636 κοιλιοδούλοις

312 655 452 719 Θεὸς
480 659 513 728 ἡ
552 659 750 733 κοιλία,
776 660 954 729 τούτῳ
990 664 1018 715 6
1049 664 1252 733 χρυσὸς
1280 663 1501 735 ὁμοίως.
1531 660 1699 728 Οὗτος
1726 666 1754 718 6
1785 664 1897 718 δαί-

319 763 437 815 μων
464 748 564 819 σὴς
590 751 648 800 ἐν
672 754 785 814 τοῖς
809 751 1016 814 ὀστέοις
1042 754 1136 808 τοῦ
1167 754 1461 826 ἀνθρώπου
1487 756 1723 826 γίνεται,
1758 772 1897 811 κατ-

317 840 516 895 εσθίων
560 844 723 896 αὑτὸν
780 845 870 899 διὰ
921 846 1019 916 τῆς
1082 848 1376 919 μερίμνης,
1443 850 1542 903 καὶ
1577 849 1679 919 τῆς
1729 849 1902 919 ἀγρυ-

320 932 501 996 πνίας.
542 934 649 986 Καὶ
673 935 781 1005 γὰρ
809 938 874 1007 τῇ
908 936 1029 1008 θείᾳ
1080 937 1271 1009 Γραφῇ
1314 939 1540 1003 είκότως
1587 939 1902 1010 ἀπηγόρευ-

319 1041 411 1076 ται
462 1024 624 1078 τοῦτο
668 1027 729 1079 τὸ
769 1028 962 1093 πάθος,
1001 1028 1075 1093 ὡς
1129 1030 1376 1101 εἴρηται,
1425 1033 1487 1085 Οἱ
1533 1031 1757 1087 ἄπιστοι
1805 1034 1902 1086 καὶ

321 1114 634 1170 ἀνέλπιστοι
684 1118 964 1172 νοσοῦσιν
1011 1121 1212 1191 μᾶλλον
1263 1123 1321 1176 δὲ
1376 1124 1427 1176 οἱ
1487 1122 1757 1195 φιλήδονοι
1807 1124 1902 1178 καὶ

326 1208 746 1281 εἰδωλολάτραι’
766 1213 974 1285 ὅτιγὰρ
1004 1216 1103 1286 τὴν
1136 1216 1217 1279 είς
1246 1215 1379 1270 Θεὸν
1412 1216 1600 1271 ἐλπίδα
1622 1219 1723 1272 οὐκ
1744 1217 1900 1287 έχου-

328 1318 434 1364 σιν,
485 1302 603 1357 ἀλλ’
648 1308 727 1369 είς
773 1306 939 1369 ζώδια
981 1307 1258 1379 βασιλικά,
1293 1310 1490 1374 οἵτινες
1541 1311 1637 1382 τῆς
1687 1311 1902 1373 εὐθείας

321 1394 447 1448 ὀδοῦ
482 1397 870 1466 ἐκτραπέντες,
904 1403 982 1464 είς
1013 1404 1295 1474 κρημνοὺς
1340 1405 1434 1457 καὶ
1499 1403 1748 1475 βάραθρα
1784 1405 1894 1457 ἀπ-

321 1488 527 1553 ωλείας
552 1490 829 1560 φέρονται,
848 1490 1041 1565 ὥσπερ
1063 1496 1230 1563 φησὶν
1256 1497 1289 1565 ἡ
1318 1496 1531 1567 Γραφὴ,
1552 1517 1570 1547 ι
1593 1498 1650 1550 '0
1671 1496 1902 1565 ἀγαπῶν

327 1582 550 1652 χρυσίον
588 1584 649 1637 οὐ
697 1585 1144 1657 δικαιωθήσεται.
1168 1608 1185 1639 ι
1224 1589 1335 1643 Καὶ
1371 1589 1548 1652 αὖθις·
1596 1589 1904 1659 ιΦιλαργύ-

332 1690 427 1741 ρου
461 1673 612 1730 οὐδὲν
646 1675 1013 1748 ἀνομώτερον⁸
1049 1678 1193 1732 οὕτω
1222 1680 1331 1751 γὰρ
1362 1681 1461 1752 τὴν
1499 1682 1693 1735 ἐαυτοῦ
1721 1682 1902 1754 ψυχὴν

328 1766 969 1837 ἔκπρακτονποιεῖ.Καίο
996 1788 1013 1821 ι
1047 1770 1240 1824 Πολλοὶ
1266 1772 1622 1844 ἐφθάρθησαν
1652 1777 1732 1838 είς
1763 1773 1904 1827 πτώ-

334 1875 480 1927 ματα
514 1860 760 1929 χρυσίου,
786 1881 804 1913 ι
844 1860 921 1924 ὡς
966 1862 1061 1915 καὶ
1086 1863 1114 1915 6
1164 1862 1365 1927 Ἰούδας
1398 1864 1488 1919 διὰ
1510 1865 1611 1935 τῆς
1634 1866 1903 1938 φιλαργυ-

334 1951 478 2020 ρίας,
508 1951 570 2003 οὐ
603 1952 763 2021 μόνον
780 1951 877 2004 τοῦ
908 1952 1075 2023 χοροῦ
1110 1953 1217 2007 τῶν
1251 1955 1566 2009 ἀποστόλων
1599 1955 1906 2022 ἐξώκειλεν,

331 2043 473 2097 ἀλλὰ
514 2044 610 2097 καὶ
658 2043 926 2115 προδότης
964 2044 1190 2113 γέγονεν
1227 2047 1324 2100 τοῦ
1362 2049 1663 2115 Δεσπότου,
1709 2051 1807 2104 καὶ
1839 2050 1907 2104 δι’

333 2136 573 2206 ἀγχόνης
608 2136 892 2203 ζάπώλετο.
943 2138 1056 2191 Καὶ
1092 2139 1202 2208 γὰρ
1237 2138 1476 2207 ἀληθῶς.
1518 2142 1617 2195 καὶ
1659 2142 1912 2215 βδελυρία

336 2227 542 2298 λέπρας
581 2227 729 2280 ἐστὶν
761 2229 793 2298 ή
826 2227 1181 2299 φιλαργυρία,
1212 2229 1288 2293 ώς
1311 2230 1689 2284 ἀποδέδεικται
1710 2232 1800 2285 διὰ
1817 2232 1910 2287 τοῦ

336 2320 538 2388 Γιεζῆ⁶
604 2320 703 2373 οὐκ
755 2319 989 2390 ἔμμονος
1040 2321 1222 2391 μέντοι
1270 2321 1347 2393 τῷ
1408 2322 1646 2377 θέλοντι·
1695 2323 1758 2377 οὐ
1803 2324 1913 2397 γὰρ

336 2413 537 2481 φυσική
580 2411 731 2465 ἐστιν
771 2411 934 2483 αὕτη,
966 2412 1102 2467 ἀλλὰ
1132 2415 1515 2485 προαιρετικὴ,
1552 2417 1648 2469 καὶ
1687 2415 1913 2471 δύναται

333 2503 542 2574 ταχέως
571 2503 973 2576 καθαρισθῆναι
995 2506 1022 2558 6
1048 2502 1307 2570 τοιοῦτος,
1344 2505 1567 2576 κράζων
1596 2505 1674 2577 τῷ
1714 2506 1910 2576 Ἰησοῦο

340 2615 361 2647 1
388 2595 585 2667 Κύριε,
612 2596 709 2650 ἐὰν
730 2596 916 2669 θέλῃς,
951 2597 1179 2651 δύνασαί
1200 2614 1267 2667 με
1293 2598 1627 2668 καθαρίσαι⁹
1665 2617 1683 2651 ι
1711 2599 1806 2652 καὶ
1836 2598 1914 2668 τῷ

338 2689 415 2759 μὴ
449 2687 758 2759 βουλομένῳ
795 2688 950 2755 ξύλον
993 2690 1422 2761 προσκόμματὸς
1454 2693 1617 2744 ἐστιν
1670 2694 1786 2755 τοῖς
1821 2691 1913 2745 θυ-

338 2781 639 2844 σιάζουσιν,
672 2781 837 2853 αὐτή·
872 2800 890 2833 ι
912 2782 1201 2852 Μακάριος
1250 2780 1344 2837 οὖν
1389 2783 1698 2856 ἄνθρωπος,
1739 2783 1799 2847 ὃς
1827 2786 1917 2838 εὑ-

339 2872 473 2943 ρέθη
526 2871 780 2943 ἄμωμος,
828 2874 926 2927 κα)⁸
972 2874 1151 2927 ὀπίσω
1176 2875 1404 2944 χρυσίου
1435 2876 1535 2929 οὐκ
1563 2876 1859 2949 ἐπορεύθη,
1889 2895 1909 2929 ι

336 2964 481 3019 κατὰ
499 2964 599 3035 τὴν
627 2964 871 3036 Γραφήν.
898 2967 956 3019 '0
982 2966 1091 3036 γὰρ
1115 2967 1369 3031 Ἰάκωϐος
1397 2968 1639 3025 ἀπειλῶν
1656 2972 1771 3035 τοῖς
1791 2971 1914 3041 φιλ-

338 3058 621 3128 αργύροις,
654 3058 836 3128 φησιν’
872 3078 892 3109 ‹
929 3058 986 3111 '0
1012 3060 1217 3130 χρυσὸς
1256 3060 1449 3130 ὑμῶν,
1483 3062 1577 3116 καὶ
1625 3062 1654 3113 6
1677 3063 1917 3135 ἄργυρος

1938 1837 1979 1891 Β

2000 592 2157 632 casso
2190 579 2377 634 labore
2412 595 2627 635 resecas
2654 596 2876 636 ramos:
2908 579 3166 635 alicunde
3199 574 3348 634 enim
3386 597 3583 636 rursus

1999 671 2093 726 alii
2143 680 2429 743 emergent
2473 690 2539 728 ac
2584 682 2963 729 renascentur.
3014 674 3315 729 Monachus
3363 674 3587 729 inhians

2001 765 2349 820 cumulandae
2396 767 2675 835 pecunize,
2723 766 3041 823 enixissime
3095 769 3331 823 intendit
3383 769 3583 837 operi;

2001 857 2096 925 qui
2133 864 2317 911 autem
2342 857 2559 911 nullum
2579 858 2779 927 quaerit
2798 859 3081 928 possidere
3110 859 3409 929 peculium,
3434 875 3586 913 nunc

2001 948 2242 1004 orationi
2303 958 2585 1005 strenuam
2643 952 2954 1006 commodat
3004 968 3263 1021 operam,
3315 960 3465 1007 nunc
3528 953 3585 1006 in

2004 1042 2244 1097 lectione
2297 1051 2382 1098 est
2427 1052 2577 1098 totus
2614 1062 2627 1097 :
2666 1046 2972 1101 monachus
3018 1046 3270 1115 pecuniae
3305 1045 3589 1100 studiosus

2005 1134 2326 1189 thesaurum
2377 1136 2620 1190 corradit
2669 1146 2726 1191 et
2782 1137 2925 1191 indit
2971 1138 3286 1208 marsupio;
3334 1138 3430 1207 qui
3470 1137 3588 1192 sine

1989 1224 2224 1295 'peculio
2259 1235 2365 1293 est,
2400 1228 2719 1282 thesaurum
2746 1229 2954 1299 colligit
2990 1230 3094 1284 sibi
3125 1240 3181 1284 et
3212 1230 3403 1285 condit
3424 1232 3585 1284 cmlo.

2002 1315 2148 1370 Dicit
2190 1327 2340 1373 certe
2372 1317 2700 1389 Scriptura:
2738 1338 2756 1371 ς
2799 1320 3124 1376 Maledictus
3158 1323 3253 1391 qui
3298 1321 3429 1376 facit
3468 1321 3587 1376 ido-

2002 1408 2139 1474 lum,
2171 1419 2227 1465 et
2268 1413 2424 1480 ponit
2452 1412 2508 1466 in
2528 1414 2745 1468 occulto
2771 1413 2813 1443 ⁶⁹
2848 1433 2866 1466 ι
2901 1431 2915 1467 :
2947 1414 3092 1469 haud
3124 1429 3285 1470 secus
3322 1415 3455 1470 facit
3491 1422 3587 1485 qui

2002 1499 2205 1555 vitioso
2232 1501 2434 1557 affectu
2475 1502 2691 1557 laborat
2714 1504 2980 1559 avaritiae.
3020 1504 3113 1559 llle
3141 1504 3364 1574 quidem
3408 1505 3590 1575 proci-

2004 1594 2084 1647 dit
2123 1594 2271 1649 idolo
2304 1595 2558 1665 rubigine
2598 1596 2822 1666 pallenti
2860 1611 2924 1650 ac
2960 1611 3215 1665 prorsum
3254 1596 3457 1654 inutili.
3496 1596 3591 1651 hic

2004 1696 2193 1743 autem
2216 1704 2403 1744 secum
2422 1688 2747 1743 circumfert
2772 1689 3066 1759 imaginem
3093 1704 3320 1758 prorsus
3346 1688 3587 1749 inanem,

2006 1797 2205 1851 nempe
2238 1780 2557 1835 divitiarum
2592 1780 2940 1835 ambitiosam
2968 1780 3378 1850 cogitationem.
3414 1779 3590 1849 Atque

2009 1882 2071 1925 ut
2106 1880 2299 1926 venter
2339 1872 2455 1927 suis
2485 1871 2806 1927 ventricolis
2849 1871 3035 1926 evadit
3076 1871 3132 1924 in
3164 1870 3357 1935 deum,
3390 1870 3463 1923 ita
3496 1870 3587 1924 isti

2010 1980 2203 2020 aurum
2244 1980 2347 2035 pro
2378 1964 2482 2017 dco
2508 1964 2763 2018 habetur.
2796 1964 3016 2017 Daemon
3044 1962 3133 2017 hic
3162 1962 3307 2017 tinea
3338 1962 3590 2032 quaedam

2011 2058 2246 2113 efﬁcitur
2274 2059 2329 2113 in
2360 2057 2580 2112 ossibus
2599 2058 2749 2110 avari
2777 2073 2875 2127 per
2904 2056 3119 2110 anxiam
3145 2064 3201 2109 et
3232 2053 3589 2123 irrequietam

2012 2152 2447 2207 sollicitudinem
2498 2162 2555 2207 et
2602 2150 2977 2221 pervigilium,
3015 2149 3193 2219 ipsum
3225 2148 3493 2203 arrodens
3527 2166 3593 2203 ac

2012 2246 2338 2315 depascens.
2366 2244 2497 2300 Jure
2518 2244 2728 2314 optimo
2762 2244 2814 2297 in
2853 2242 3026 2297 sacris
3060 2242 3285 2296 Litteris
3310 2241 3590 2310 pestilenti

2012 2338 2116 2393 hac
2144 2338 2401 2408 passione
2440 2337 2844 2399 interdicimur,
2888 2351 2987 2389 ceu
3024 2334 3232 2389 dictum
3282 2335 3442 2389 nobis
3483 2344 3588 2399 est,

2012 2446 2123 2501 qua
2174 2439 2479 2485 noscuntur
2528 2429 2776 2483 laborare
2838 2428 3080 2498 graviter
3128 2443 3159 2482 a
3212 2427 3317 2482 fide
3384 2443 3591 2497 speque

2013 2521 2331 2576 obtinendae
2358 2520 2552 2575 salutis
2588 2520 2753 2574 alieni
2785 2520 2834 2551 "°
2865 2537 2879 2574 :
2911 2518 2965 2573 in
2996 2518 3190 2589 primis
3222 2526 3402 2572 tamen
3434 2518 3593 2572 volu-

2013 2613 2150 2683 ptati
2198 2627 2263 2667 ac
2305 2611 2627 2666 idololatriae
2652 2610 2916 2675 obnoxii;
2960 2626 3140 2680 neque
3166 2610 3313 2664 enim
3340 2618 3594 2679 superest

2016 2706 2124 2762 illis
2150 2704 2453 2775 quidquam
2485 2704 2601 2774 spei
2647 2719 2775 2773 erga
2803 2704 3001 2767 Deum,
3031 2701 3126 2757 sed
3167 2703 3221 2755 in
3264 2701 3592 2756 animalcula

2015 2798 2205 2865 regia:
2235 2796 2330 2865 qui
2368 2810 2492 2849 cum
2529 2810 2557 2849 a
2596 2802 2748 2849 recto
2782 2795 2919 2849 calle
2958 2794 3317 2857 deﬂexerint,
3360 2794 3414 2846 in
3454 2808 3591 2862 pne-

2016 2885 2203 2957 cipitia
2246 2885 2459 2941 erroris
2501 2893 2667 2955 atque
2698 2884 3030 2954 perditionis
3064 2884 3388 2938 barathrum
3420 2900 3595 2953 prono

2017 2978 2212 3047 illapsu
2242 2978 2535 3041 feruntur;
2575 2976 2659 3031 vel
2687 2983 2827 3031 teste
2857 2975 3142 3046 Scriptura
3175 2994 3186 3028 :
3222 2995 3239 3027 ι
3276 2976 3379 3041 Qui
3416 2975 3597 3045 diligit

2015 3085 2245 3134 aurum,
2301 3084 2411 3123 non
2456 3067 2852 3140 justificabitur
2889 3068 2958 3121 "'.
3009 3084 3026 3117 ι
3063 3067 3318 3121 Rursus:
3354 3086 3372 3117 ι
3416 3067 3596 3121 Avaro

340 3148 626 3213 κατίωται,
667 3150 762 3204 καλ⁸
798 3150 876 3212 ίὸς
906 3151 1089 3204 αὐτῶν
1119 3154 1197 3214 εἰς
1237 3156 1546 3226 μαρτυρίαν
1579 3156 1707 3226 ὑμῖν
1735 3156 1909 3223 ἔσται,

2017 3163 2155 3219 nihil
2213 3162 2461 3232 iniquius
2511 3161 2654 3216 :hic
2709 3148 2857 3215 enim
2916 3160 3084 3214 etiam
3143 3160 3381 3213 animam
3439 3174 3593 3213 suam

339 3242 434 3294 καὶ
458 3242 694 3310 φάγεται
716 3244 813 3305 τὰς
846 3244 1056 3314 σάρκας
1086 3245 1242 3315 ὑμῶν
1272 3246 1347 3309 ὡς
1371 3247 1503 3319 πῦρ.
1536 3267 1555 3300 ι
1590 3250 1701 3303 Καὶ
1727 3250 1909 3305 πάλιν’

349 3354 367 3386 ι
398 3337 531 3405 Ἀγε
578 3337 697 3404 νῦν,
734 3337 785 3389 οἱ
810 3337 1081 3400 πλούσιοι,
1134 3339 1411 3393 κλαύσατε
1448 3342 1792 3409 ὀλολύζοντες
1825 3347 1917 3399 ἐπὶ

340 3433 456 3493 ταῖς
486 3430 888 3500 ταλαιπωρίαις
917 3430 1072 3500 ὑμῶν
1094 3433 1214 3495 ταῖς
1239 3432 1657 3505 ἐπερχομέναις.
1680 3455 1699 3488 ι
1729 3439 1917 3509 Παρα-

340 3520 544 3589 πλήσια
573 3521 629 3575 δὲ
662 3522 871 3587 τούτοις
906 3524 1222 3594 Ἀὅϐακοὺμ
1248 3526 1276 3579 6
1308 3528 1599 3597 προφήτης
1644 3528 1918 3593 ὀνειδίζων

336 3614 452 3676 τοῖς
502 3612 857 3683 φιλαργύροις
885 3614 1070 3683 φησιν’
1104 3632 1123 3666 ι
1165 3615 1302 3669 Οὐαὶ
1330 3616 1359 3668 6
1397 3616 1687 3688 πληθύνων
1737 3619 1918 3691 ἐαυτῷ

336 3704 409 3756 τὰ
430 3705 528 3757 οὐκ
555 3705 688 3758 ὄντα
718 3705 905 3760 αὑτοῦ.
932 3725 951 3758 ι
980 3706 1179 3770 Καλῶς
1210 3707 1322 3779 γάρ
1369 3703 1524 3764 εἶπεν
1556 3728 1575 3761 ι
1605 3710 1673 3764 τά
1706 3712 1807 3765 οὐκ
1833 3712 1919 3765 6v-

337 3815 407 3850 τα
440 3796 627 3851 αὑτοῦ·
653 3817 671 3848 ι
701 3798 927 3867 καὶγὰρ
951 3801 1063 3862 τοῖς
1090 3800 1294 3853 πᾶσινὸ
1311 3800 1563 3865 πλοῦτος.
1587 3803 1736 3857 Καὶὸ
1756 3804 1919 3859 Δαυῒδ

336 3892 551 3953 τούτοις
582 3890 896 3961 συνηγορῶν
928 3889 1133 3960 ἔλεγενο
1173 3911 1192 3944 ε
1226 3892 1357 3946 Ἰδοὺ
1393 3892 1701 3964 ἄνθρωπος,
1723 3895 1782 3960 ὃς
1819 3897 1919 3951 οὐκ

338 3983 493 4036 ἔθετο
537 3983 631 4037 τὸν
684 3984 818 4037 Θεὸν
868 3983 1060 4055 βοηθὸν
1092 3984 1281 4051 αὐτοῦ,
1335 3986 1451 4041 ἀλλ’
1484 3987 1785 4057 ἐπήλπισεν
1825 3990 1919 4043 ἐπὶ

337 4074 418 4144 τῷ
447 4075 645 4146 πλήθει
669 4075 763 4129 τοῦ
802 4076 1035 4131 πλούτου
1063 4077 1254 4142 αὑτοῦ,
1282 4079 1376 4132 καὶ
1421 4079 1799 4151 ἐνεδυναμώθη
1826 4083 1919 4136 ἐπὶ

342 4171 411 4236 τῇ
450 4167 776 4238 ματαιότητι
823 4167 1014 4224 αὐτοῦ.
1045 4188 1064 4220 ι
1109 4169 1168 4222 '0
1214 4170 1272 4223 δὲ
1333 4170 1475 4224 Ἰώὸο
1537 4190 1555 4222 ι
1628 4172 1752 4227 Ἐὰν
1799 4191 1920 4227 συν-

343 4259 531 4331 αγάγῃ
560 4260 884 4331 ἁμαρτωλὸς
921 4260 1111 4333 ὥσπερ
1132 4264 1234 4333 γῆν
1252 4261 1536 4335 ἀργύριον,
1555 4263 1644 4317 ῐσα
1662 4264 1718 4316 δὲ
1747 4263 1918 4335 πηλοῦ

344 4352 584 4424 χρυσίον,
616 4353 792 4407 ταῦτα
822 4354 998 4408 πάντα
1029 4354 1231 4409 δίκαιοι
1263 4358 1734 4429 περιποιήσονται.
1764 4375 1783 4409 ι
1810 4357 1919 4410 Καὶ

341 4444 563 4515 θαῤῥῶν
602 4446 683 4507 είς
706 4445 797 4498 τὸν
829 4445 1025 4499 ἑαυτοῦ
1062 4447 1368 4517 ἀμώμητον
1400 4449 1534 4520 βίον,
1562 4450 1769 4519 ἔλεγεν·
1805 4469 1826 4503 ‹
1856 4450 1918 4503 Et

341 4535 506 4601 ἔταξα
531 4537 753 4608 χρυσίον
777 4538 929 4609 ἰσχύν
965 4554 1084 4608 μουο
1113 4540 1164 4592 εί
1188 4540 1244 4592 δὲ
1268 4541 1695 4611 κατηυφράνθην
1725 4542 1918 4596 πολλοῦ

340 4628 578 4682 πλούτου
638 4627 713 4699 μὴ
763 4629 1079 4699 γενομένου.
1136 4631 1407 4699 Κρεϊσσον
1454 4627 1548 4684 οὖν
1607 4631 1787 4699 ὀλίγον
1844 4632 1921 4703 τῷ

338 4722 560 4792 δικαίῳ,
595 4720 735 4789 ὑπὲρ
784 4720 1014 4774 πλοῦτον
1059 4722 1401 4792 ἁμαρτωλῶν
1432 4721 1659 4777 πολύν.»
1700 4725 1923 4795 Μαρτυ-

345 4815 431 4882 ρεῖ
479 4812 536 4865 δέ
580 4814 676 4865 καὶ
704 4813 731 4863 6
767 4810 999 4877 Παῦλος,
1032 4813 1115 4865 ὅτι
1149 4812 1274 4883 ῥίζα
1316 4812 1537 4866 πάντων
1584 4813 1692 4866 τῶν
1735 4815 1923 4869 κακῶν

342 4906 496 4957 ἐστὶν
544 4904 577 4975 ἡ
635 4904 993 4976 φιλαργυρία.
1045 4905 1232 4958 Ἔστιν
1271 4904 1383 4976 γὰρ
1421 4906 1516 4959 καὶ
1568 4905 1921 4977 ἀσυμπαθὴς,

343 4998 440 5051 καὶ
483 4997 804 5067 ἀνελεήμων
845 5000 873 5051 6
919 4998 1279 5069 φιλάργυρος.
1321 4998 1380 5052 '0
1427 5000 1484 5053 δὲ
1524 5001 1715 5072 Σωτὴρ
1765 5003 1922 5073 ἡμῶν

342 5090 441 5142 καὶ
469 5089 693 5161 Κύριος,
721 5087 877 5153 εἰδὼς
908 5089 969 5143 τδ
1002 5089 1175 5153 πάθος
1202 5093 1298 5161 τῆς
1327 5092 1717 5164 φιλαργυρίας,
1745 5093 1924 5165 ψυχῆς

340 5183 566 5254 ὄλεθρον
590 5183 740 5245 ὄντα,
769 5180 869 5252 τὴν
898 5183 1285 5253 προσήκουσαν
1319 5184 1619 5253 θεραπείαν
1674 5187 1920 5256 προσφέ-

345 5296 454 5349 ρει,
505 5278 699 5346 λέγωνο
743 5277 882 5350 (Μὴ
942 5277 1221 5349 κτήσησθε
1279 5281 1501 5350 χρυσὸν,
1563 5281 1594 5351 ἢ
1644 5281 1914 5351 ἄργυρον,

346 5372 486 5442 μηδὲ
538 5372 761 5442 χαλκὸν,
812 5373 891 5435 εἰς
934 5371 1033 5435 τάς
1069 5370 1242 5437 ζώνας
1288 5374 1508 5443 ὑμῶν.)
1554 5376 1662 5428 Καὶ
1697 5377 1917 5445 ἐπάγειο

346 5484 368 5518 ι
419 5466 591 5537 Ἀμὴν
619 5466 763 5535 λέγω
791 5467 939 5537 ὑμῖν,
974 5468 1058 5520 ὃτι
1089 5466 1344 5531 πλούσιος
1370 5468 1648 5533 δυσκόλως
1673 5471 1919 5525 εἰσελεύ-

343 5577 498 5614 σεται
542 5561 622 5625 είς
668 5559 769 5631 τὴν
827 5559 1106 5630 βασιλείαν
1151 5558 1262 5613 τῶν
1318 5561 1584 5631 οὐρανῶν,
1614 5580 1633 5615 ι
1689 5562 1765 5627 ώς
1819 5566 1919 5638 τῆς

415 5696 461 5726 ⁸³
499 5696 657 5751 Deut.
688 5713 849 5761 xxvn,
880 5697 965 5751 I5.

1954 4515 1994 4568 D

1040 5696 1084 5728 ⁷ο
1114 5696 1137 5749 Ι
1168 5693 1309 5749 Tim.
1337 5712 1390 5749 vi
1444 5698 1527 5750 l7.
1594 5699 1638 5730 ⁷¹
1664 5699 1832 5755 Eccli.
1864 5717 2010 5763 χχχι,
2048 5700 2098 5752 6.

2016 3257 2265 3311 venalem
2308 3256 2353 3287 "
2405 3254 2572 3308 habet
2605 3255 2674 3307 ⁷³.
2714 3273 2731 3304 ι
2766 3254 2835 3307 Ει
2879 3270 2891 3305 :
2943 3271 2961 3303 ‹
3001 3251 3153 3305 Multi
3212 3251 3325 3304 dati
3378 3258 3506 3304 sunt
3540 3249 3595 3303 in

2017 3348 2234 3402 ruinam
2277 3356 2506 3417 propter
2547 3360 2745 3400 aurum
2768 3346 2835 3408 ⁷⁸,
2877 3363 2894 3394 ι
2934 3351 2995 3398 ut
3024 3352 3080 3398 et
3122 3343 3296 3397 Iudas
3327 3360 3339 3395 :
3374 3343 3420 3396 is
3448 3342 3595 3395 enim

2015 3454 2115 3509 per
2135 3437 2443 3492 avaritiam'
2465 3453 2576 3491 non
2605 3437 2982 3506 apostolorum
3010 3435 3173 3489 modo
3201 3434 3594 3496 exciditcuetu,

2017 3530 2113 3587 sed
2160 3538 2220 3585 et
2271 3528 2529 3599 proditor
2576 3527 2757 3583 factus
2805 3535 2890 3582 est
2944 3526 3196 3589 Domini,
3256 3540 3319 3580 ac
3371 3524 3595 3579 demum

2016 3623 2196 3693 gulam
2231 3621 2338 3677 sibi
2376 3619 2696 3691 praefocavit
2740 3618 2959 3688 laqueo,
2991 3618 3139 3688 juste
3172 3616 3420 3687 quidem.
3461 3614 3596 3670 Sce-

2017 3717 2104 3771 lus
2151 3715 2311 3785 plane
2338 3721 2424 3768 est
2466 3720 2524 3768 et
2564 3710 2921 3766 abominatio.
2955 3709 3156 3778 Lepra,
3209 3712 3457 3778 inquam,
3509 3714 3596 3761 est

2018 3806 2253 3861 aviditas
2287 3804 2568 3875 pecuniae,
2608 3812 2669 3857 ut
2698 3812 2755 3857 et
2800 3802 3110 3856 luculenter
3157 3816 3256 3871 per
3315 3800 3465 3855 Giezi
3505 3800 3601 3855 de-

2018 3905 2386 3953 monstratum
2445 3903 2530 3951 est
2580 3913 2593 3949 :
2640 3910 2750 3949 non
2811 3894 2957 3963 quod
3013 3893 3220 3947 volenti
3279 3893 3599 3961 neutiquam

2018 3990 2225 4046 auferri
2270 3990 2463 4060 possit,
2506 3986 2775 4042 naturalis
2820 4001 2946 4040 cum
3003 4001 3114 4039 non
3166 3987 3258 4049 sit,
3302 3986 3399 4039 sed
3471 4001 3600 4040 cum

2018 4080 2291 4135 electione
2335 4078 2525 4134 liberae
2561 4076 2863 4131 voluntatis
2895 4075 3040 4129 illam
3068 4074 3191 4144 quis
3226 4074 3506 4140 inciderit,
3531 4076 3601 4130 ab

2018 4190 2081 4229 ea
2109 4174 2299 4243 utique
2331 4169 2588 4226 mundari
2641 4169 2817 4239 possit
2846 4189 2859 4223 :
2894 4184 2998 4223 nec
3024 4166 3265 4232 dillicile,
3316 4163 3600 4238 siquidem

2020 4265 2279 4321 clamavit
2320 4262 2388 4318 ad
2436 4261 2731 4317 Dominum
2780 4260 2965 4316 Jesum
2996 4278 3009 4313 :
3045 4278 3063 4310 σ
3089 4259 3356 4325 Domine,
3404 4260 3451 4315 si
3486 4261 3602 4323 vis,

2021 4368 2176 4429 potes
2205 4372 2293 4411 me
2327 4354 2595 4410 mundare
2622 4355 2702 4407 ἠε
2733 4373 2751 4405 ›
2785 4353 2997 4408 nolenti
3024 4368 3180 4417 vero,
3214 4354 3375 4410 fustis
3424 4364 3509 4410 est
3549 4363 3606 4409 et

2024 4452 2207 4505 trabes
2237 4448 2587 4511 oﬂ‘ensionis,
2616 4446 2685 4501 iis
2712 4446 2806 4516 qui
2831 4446 3044 4501 hostias
3075 4447 3318 4502 offerunt
3349 4446 3600 4501 Domino.

2028 4544 2135 4599 Sed
2161 4553 2217 4599 et
2247 4540 2501 4613 quisquis
2545 4539 2815 4610 insipiens
2844 4547 2959 4604 est,
2992 4540 3244 4608 capietur
3290 4539 3411 4591 auri
3448 4524 3605 4607 cupi-

2027 4636 2222 4691 ditate.
2260 4654 2279 4687 ι
2315 4635 2516 4690 Beatus
2563 4632 2750 4702 itaque
2796 4630 2881 4685 vir
2913 4630 3008 4701 qui
3066 4630 3321 4685 inventus
3357 4639 3441 4684 est
3483 4630 3604 4684 sine

2027 4729 2264 4792 macula,
2297 4727 2393 4796 qui
2420 4734 2542 4796 post
2566 4740 2762 4778 aurum
2798 4739 2909 4778 non
2958 4723 3095 4777 abiit
3123 4723 3193 4786 "‘,
3226 4742 3243 4775 ι
3277 4724 3430 4793 juxta
3460 4722 3605 4777 Scri-

2030 4831 2272 4891 pturam.
2307 4818 2399 4873 Ait
2435 4818 2527 4872 hic
2573 4817 2722 4871 enim
2755 4815 2995 4871 Jacobus
3049 4814 3437 4868 interminatus
3484 4815 3607 4870 istis

2029 4910 2277 4982 pecunia:
2306 4908 2693 4965 helluonibus:
2726 4925 2744 4958 ι
2775 4908 2984 4961 Aurum
3039 4914 3284 4960 vestrum
3313 4906 3525 4975 1050
3551 4916 3609 4961 et

2029 5011 2318 5072 argentum
2368 5007 2615 5053 vestrum
2667 4996 3027 5066 aeruginavit,
3080 5002 3138 5048 et
3181 5007 3365 5063 aerugo
3408 5008 3604 5047 eorum

2028 5097 2082 5150 in
2127 5092 2505 5149 testimonium
2535 5091 2661 5154 erit,
2691 5098 2748 5143 et
2778 5087 3137 5142 manducabit
3168 5101 3363 5142 carnes
3394 5093 3606 5140 vestras

2028 5197 2173 5252 sicut
2209 5194 2351 5265 ignis
2386 5193 2454 5245 ’⁷.
2494 5212 2513 5244 ι
2543 5190 2681 5245 Item
2716 5207 2729 5243 :
2763 5209 2781 5240 ι
2816 5188 2975 5259 Agite
3004 5203 3171 5250 nunc,
3212 5185 3440 5250 divites,
3487 5186 3607 5255 plo-

2027 5298 2144 5345 rate
2168 5289 2447 5343 ululantes
2476 5285 2529 5339 in
2564 5282 2803 5337 miseriis
2831 5295 2955 5351 quae
2988 5280 3283 5334 advenient
3304 5278 3463 5334 vobis
3487 5276 3554 5331 ".
3583 5296 3602 5329 ι

2028 5382 2125 5437 His
2177 5394 2441 5450 perquam
2493 5374 2697 5429 similia
2756 5372 3022 5442 propheta
3081 5369 3338 5425 Hahacuc
3419 5368 3556 5423 dicit
3588 5408 3603 5427 .

2027 5472 2205 5529 avaris
2227 5471 2347 5525 istis
2370 5467 2714 5539 cpprobrans
2738 5470 2793 5528 τί(
2820 5464 2907 5519 Va:
2934 5463 2984 5519 ei
3018 5464 3109 5532 qui
3138 5460 3469 5530 multiplicat
3499 5458 3603 5514 sibi

2026 5581 2148 5635 qua:
2182 5579 2279 5618 sua
2322 5576 2430 5615 non
2466 5567 2595 5615 sunt
2621 5559 2666 5590 "
2698 5574 2712 5611 :
2750 5576 2768 5609 ι
2810 5554 2906 5625 qui
2956 5569 3052 5623 per
3079 5552 3366 5605 avaritiam
3402 5549 3599 5604 malam

2176 5698 2220 5728 "’
2246 5692 2661 5762 εύπρόσδεκτον,
2685 5685 3086 5762 ᾳεξερίᾳίιίίεηι,
3123 5682 3414 5762 legendum
3450 5693 3583 5762 put?

342 5752 1029 5837 venalcmmbrcpaétmév.
1090 5768 1136 5797 ⁷³
1168 5766 1335 5823 Eccli.
1366 5783 1418 5832 χ,
1445 5768 1498 5823 9.
1576 5770 1620 5802 ⁷⁸
1647 5752 1912 5827 Ecdiin

2014 5771 2059 5823 9.
2135 5768 2181 5800 ⁷⁸
2202 5752 2389 5821 Matth.
2418 5762 2599 5827 vmﬂ.
2649 5752 2719 5790 7"
2748 5752 2916 5813 Eccli.
2955 5771 3101 5822 χχιι,
3131 5752 3201 5811 8.’
3261 5753 3304 5783 ⁷⁷
3339 5752 3450 5807 Jac.
3474 5769 3525 5815 v,
3546 5753 3600 5807 3-

344 5837 394 5870 Ἀ
419 5835 557 5893 ibid.
602 5838 650 5892 Ι.
726 5835 770 5870 ⁷⁸
798 5836 997 5893 Hahae.
1026 5855 1083 5902 ιι,
1111 5838 1162 5890 6.
