  <div class='ocr_page' id='page_1' title='image "/cluster/home/n/w/nwhite01/storage/ocr_20150623/89/hvd.32044010610574/737.png"; bbox 0 0 4052 6534; ppageno 0'>
   <div class='ocr_carea' id='block_1_1' title="bbox 573 369 2173 459">
    <p class='ocr_par' dir='ltr' id='par_1_1' title="bbox 573 369 2165 442">
     <span class='ocr_line' id='line_1_1' title="bbox 573 369 2165 442; baseline 0.006 -9"><span class='ocrx_word' id='word_1_1' title='bbox 573 369 711 436; x_wconf 69' lang='grc'><strong>1459</strong></span> <span class='ocrx_word' id='word_1_2' title='bbox 1836 381 2165 442; x_wconf 78' lang='lat' dir='ltr'><strong>ANTIOCH</strong></span> 
     </span>
    </p>
   </div>
   <div class='ocr_carea' id='block_1_2' title="bbox 2145 369 3745 459">
    <p class='ocr_par' dir='ltr' id='par_1_2' title="bbox 2145 383 3745 459">
     <span class='ocr_line' id='line_1_2' title="bbox 2145 383 3745 459; baseline 0.009 -17"><span class='ocrx_word' id='word_1_3' title='bbox 2145 383 2200 442; x_wconf 85' lang='lat' dir='ltr'>II</span> <span class='ocrx_word' id='word_1_4' title='bbox 2241 384 2584 443; x_wconf 81' lang='lat' dir='ltr'><strong>MONACHI</strong></span> <span class='ocrx_word' id='word_1_5' title='bbox 3644 392 3745 459; x_wconf 58' lang='lat'><strong>“60</strong></span> 
     </span>
    </p>
   </div>
   <div class='ocr_carea' id='block_1_3' title="bbox 568 487 2168 564">
    <p class='ocr_par' dir='ltr' id='par_1_3' title="bbox 568 487 2141 561">
     <span class='ocr_line' id='line_1_3' title="bbox 568 487 2141 561; baseline 0.003 -19"><span class='ocrx_word' id='word_1_6' title='bbox 568 495 784 542; x_wconf 79' lang='lat' dir='ltr'><strong>extorta</strong></span> <span class='ocrx_word' id='word_1_7' title='bbox 815 488 1062 559; x_wconf 74' lang='lat' dir='ltr'><strong>congerit</strong></span> <span class='ocrx_word' id='word_1_8' title='bbox 1093 487 1283 544; x_wconf 85' lang='lat' dir='ltr'><strong>domui</strong></span> <span class='ocrx_word' id='word_1_9' title='bbox 1316 502 1447 545; x_wconf 69' lang='lat' dir='ltr'><strong>sum.</strong></span> <span class='ocrx_word' id='word_1_10' title='bbox 1479 490 1623 545; x_wconf 84' lang='lat' dir='ltr'><strong>Sane</strong></span> <span class='ocrx_word' id='word_1_11' title='bbox 1666 506 1828 560; x_wconf 89' lang='lat' dir='ltr'><strong>quam</strong></span> <span class='ocrx_word' id='word_1_12' title='bbox 1858 492 2141 561; x_wconf 76' lang='lat' dir='ltr'><strong>eleganter</strong></span> 
     </span>
    </p>
   </div>
   <div class='ocr_carea' id='block_1_4' title="bbox 2148 487 3748 564">
    <p class='ocr_par' dir='ltr' id='par_1_4' title="bbox 2172 491 3748 564">
     <span class='ocr_line' id='line_1_4' title="bbox 2172 491 3748 564; baseline 0.002 -19"><span class='ocrx_word' id='word_1_13' title='bbox 2172 500 2214 554; x_wconf 79' lang='grc' dir='ltr'>Α</span> <span class='ocrx_word' id='word_1_14' title='bbox 2244 492 2633 563; x_wconf 82' lang='grc' dir='ltr'>ἀκτημοσύνης</span> <span class='ocrx_word' id='word_1_15' title='bbox 2679 491 2934 555; x_wconf 78' lang='grc' dir='ltr'>εὐτελοῦς</span> <span class='ocrx_word' id='word_1_16' title='bbox 2981 491 3170 562; x_wconf 72' lang='grc' dir='ltr'>οὔσης,</span> <span class='ocrx_word' id='word_1_17' title='bbox 3211 493 3306 544; x_wconf 72' lang='grc' dir='ltr'><strong>καὶ</strong></span> <span class='ocrx_word' id='word_1_18' title='bbox 3345 492 3565 564; x_wconf 78' lang='grc' dir='ltr'>εὐχερῶς</span> <span class='ocrx_word' id='word_1_19' title='bbox 3591 502 3655 562; x_wconf 70' lang='grc' dir='ltr'>εἰς</span> <span class='ocrx_word' id='word_1_20' title='bbox 3681 507 3748 555; x_wconf 67' lang='grc' dir='ltr'>οι)-</span> 
     </span>
    </p>
   </div>
   <div class='ocr_carea' id='block_1_5' title="bbox 568 579 2168 658">
    <p class='ocr_par' dir='ltr' id='par_1_5' title="bbox 568 579 2139 652">
     <span class='ocr_line' id='line_1_5' title="bbox 568 579 2139 652; baseline 0.002 -18"><span class='ocrx_word' id='word_1_21' title='bbox 568 579 728 645; x_wconf 77' lang='lat' dir='ltr'><strong>dixit,</strong></span> <span class='ocrx_word' id='word_1_22' title='bbox 764 599 783 631; x_wconf 73' lang='grc' dir='ltr'><strong>ι</strong></span> <span class='ocrx_word' id='word_1_23' title='bbox 816 596 938 649; x_wconf 69' lang='lat' dir='ltr'><strong>qua:</strong></span> <span class='ocrx_word' id='word_1_24' title='bbox 975 596 1074 636; x_wconf 91' lang='lat' dir='ltr'><strong>sua</strong></span> <span class='ocrx_word' id='word_1_25' title='bbox 1104 595 1215 635; x_wconf 90' lang='lat' dir='ltr'><strong>non</strong></span> <span class='ocrx_word' id='word_1_26' title='bbox 1262 592 1432 637; x_wconf 88' lang='lat' dir='ltr'><strong>sunt:</strong></span> <span class='ocrx_word' id='word_1_27' title='bbox 1468 601 1486 633; x_wconf 77' lang='grc' dir='ltr'><strong>ι</strong></span> <span class='ocrx_word' id='word_1_28' title='bbox 1521 583 1729 637; x_wconf 90' lang='lat' dir='ltr'><strong>etenim</strong></span> <span class='ocrx_word' id='word_1_29' title='bbox 1759 582 1828 637; x_wconf 94' lang='lat' dir='ltr'><strong>iis</strong></span> <span class='ocrx_word' id='word_1_30' title='bbox 1866 583 1961 652; x_wconf 86' lang='lat' dir='ltr'><strong>qui</strong></span> <span class='ocrx_word' id='word_1_31' title='bbox 2003 583 2139 637; x_wconf 90' lang='lat' dir='ltr'><strong>tales</strong></span> 
     </span>
    </p>
   </div>
   <div class='ocr_carea' id='block_1_6' title="bbox 2151 579 3751 658">
    <p class='ocr_par' dir='ltr' id='par_1_6' title="bbox 2248 584 3751 658">
     <span class='ocr_line' id='line_1_6' title="bbox 2248 584 3751 658; baseline 0.005 -21"><span class='ocrx_word' id='word_1_32' title='bbox 2248 584 2412 657; x_wconf 82' lang='grc' dir='ltr'>ρανδν</span> <span class='ocrx_word' id='word_1_33' title='bbox 2451 586 2850 655; x_wconf 80' lang='grc' dir='ltr'>ἀνιπταμένης.</span> <span class='ocrx_word' id='word_1_34' title='bbox 2886 585 3046 656; x_wconf 78' lang='grc' dir='ltr'><strong>Αὑτῴ</strong></span> <span class='ocrx_word' id='word_1_35' title='bbox 3089 587 3124 656; x_wconf 80' lang='grc' dir='ltr'>ἡ</span> <span class='ocrx_word' id='word_1_36' title='bbox 3170 585 3295 652; x_wconf 79' lang='grc' dir='ltr'>δόξα</span> <span class='ocrx_word' id='word_1_37' title='bbox 3336 588 3413 649; x_wconf 82' lang='grc' dir='ltr'><strong>είς</strong></span> <span class='ocrx_word' id='word_1_38' title='bbox 3454 592 3568 652; x_wconf 73' lang='grc' dir='ltr'>τοὺς</span> <span class='ocrx_word' id='word_1_39' title='bbox 3592 595 3751 658; x_wconf 76' lang='grc' dir='ltr'>αἰῶνας</span> 
     </span>
    </p>
   </div>
   <div class='ocr_carea' id='block_1_7' title="bbox 566 673 2166 749">
    <p class='ocr_par' dir='ltr' id='par_1_7' title="bbox 566 673 2137 743">
     <span class='ocr_line' id='line_1_7' title="bbox 566 673 2137 743; baseline 0.002 -17"><span class='ocrx_word' id='word_1_40' title='bbox 566 679 716 735; x_wconf 84' lang='lat' dir='ltr'><strong>sunt,</strong></span> <span class='ocrx_word' id='word_1_41' title='bbox 768 673 1027 727; x_wconf 91' lang='lat' dir='ltr'><strong>omnibus</strong></span> <span class='ocrx_word' id='word_1_42' title='bbox 1082 682 1383 743; x_wconf 90' lang='lat' dir='ltr'><strong>suppetunt</strong></span> <span class='ocrx_word' id='word_1_43' title='bbox 1430 674 1667 738; x_wconf 68' lang='lat' dir='ltr'><strong>divitiae,</strong></span> <span class='ocrx_word' id='word_1_44' title='bbox 1722 685 1783 729; x_wconf 92' lang='lat' dir='ltr'><strong>ut</strong></span> <span class='ocrx_word' id='word_1_45' title='bbox 1844 685 1902 730; x_wconf 88' lang='lat' dir='ltr'><strong>et</strong></span> <span class='ocrx_word' id='word_1_46' title='bbox 1964 675 2137 731; x_wconf 85' lang='lat' dir='ltr'><strong>David</strong></span> 
     </span>
    </p>
   </div>
   <div class='ocr_carea' id='block_1_8' title="bbox 1268 673 2868 749">
    <p class='ocr_par' dir='ltr' id='par_1_8' title="bbox 1268 674 2868 749">
     <span class='ocr_line' id='line_1_8' title="bbox 1268 674 2868 749; baseline 0.003 -22"><span class='ocrx_word' id='word_1_47' title='bbox 1268 682 1383 729; x_wconf 78' lang='lat' dir='ltr'><strong>Lunt</strong></span> <span class='ocrx_word' id='word_1_48' title='bbox 1430 674 1667 738; x_wconf 68' lang='lat' dir='ltr'><strong>divitiae,</strong></span> <span class='ocrx_word' id='word_1_49' title='bbox 1722 685 1783 729; x_wconf 92' lang='lat' dir='ltr'><strong>ut</strong></span> <span class='ocrx_word' id='word_1_50' title='bbox 1844 685 1902 730; x_wconf 90' lang='lat' dir='ltr'><strong>et</strong></span> <span class='ocrx_word' id='word_1_51' title='bbox 1964 675 2137 731; x_wconf 86' lang='lat' dir='ltr'><strong>David</strong></span> <span class='ocrx_word' id='word_1_52' title='bbox 2242 676 2356 729; x_wconf 90' lang='grc' dir='ltr'><strong>τῶν</strong></span> <span class='ocrx_word' id='word_1_53' title='bbox 2390 675 2621 730; x_wconf 85' lang='grc' dir='ltr'>αίώνων.</span> <span class='ocrx_word' id='word_1_54' title='bbox 2673 678 2868 749; x_wconf 83' lang='grc' dir='ltr'>Ἀμήν.</span> 
     </span>
    </p>
   </div>
   <div class='ocr_carea' id='block_1_9' title="bbox 568 769 3761 843">
    <p class='ocr_par' dir='ltr' id='par_1_9' title="bbox 568 769 3761 843">
     <span class='ocr_line' id='line_1_9' title="bbox 568 769 3761 843; baseline 0.002 -21"><span class='ocrx_word' id='word_1_55' title='bbox 568 769 1002 825; x_wconf 88' lang='lat' dir='ltr'><strong>suometastruit</strong></span> <span class='ocrx_word' id='word_1_56' title='bbox 1028 770 1338 840; x_wconf 88' lang='lat' dir='ltr'><strong>patrocinio</strong></span> <span class='ocrx_word' id='word_1_57' title='bbox 1372 788 1387 823; x_wconf 91' lang='lat'><strong>:</strong></span> <span class='ocrx_word' id='word_1_58' title='bbox 1419 788 1437 821; x_wconf 77' lang='grc' dir='ltr'><strong>ι</strong></span> <span class='ocrx_word' id='word_1_59' title='bbox 1474 771 1617 825; x_wconf 84' lang='lat' dir='ltr'><strong>Ecce</strong></span> <span class='ocrx_word' id='word_1_60' title='bbox 1661 771 1825 825; x_wconf 90' lang='lat' dir='ltr'><strong>homo</strong></span> <span class='ocrx_word' id='word_1_61' title='bbox 1868 771 1962 841; x_wconf 91' lang='lat' dir='ltr'><strong>qui</strong></span> <span class='ocrx_word' id='word_1_62' title='bbox 2010 786 2118 825; x_wconf 92' lang='lat' dir='ltr'><strong>non</strong></span> <span class='ocrx_word' id='word_1_63' title='bbox 2157 771 2344 841; x_wconf 89' lang='lat' dir='ltr'><strong>posuit</strong></span> <span class='ocrx_word' id='word_1_64' title='bbox 2402 771 2573 825; x_wconf 90' lang='lat' dir='ltr'><strong>Deum</strong></span> <span class='ocrx_word' id='word_1_65' title='bbox 2633 771 2944 843; x_wconf 88' lang='lat' dir='ltr'><strong>adjutorem</strong></span> <span class='ocrx_word' id='word_1_66' title='bbox 2976 786 3160 833; x_wconf 91' lang='lat' dir='ltr'><strong>suum,</strong></span> <span class='ocrx_word' id='word_1_67' title='bbox 3209 771 3303 826; x_wconf 91' lang='lat' dir='ltr'><strong>sed</strong></span> <span class='ocrx_word' id='word_1_68' title='bbox 3333 773 3555 841; x_wconf 75' lang='lat' dir='ltr'><strong>speravit</strong></span> <span class='ocrx_word' id='word_1_69' title='bbox 3581 774 3626 827; x_wconf 84' lang='lat' dir='ltr'><strong>in</strong></span> <span class='ocrx_word' id='word_1_70' title='bbox 3651 776 3761 828; x_wconf 69' lang='lat' dir='ltr'><strong>mul-</strong></span> 
     </span>
    </p>
   </div>
   <div class='ocr_carea' id='block_1_10' title="bbox 566 860 3761 934">
    <p class='ocr_par' dir='ltr' id='par_1_10' title="bbox 566 860 3761 934">
     <span class='ocr_line' id='line_1_10' title="bbox 566 860 3761 934; baseline 0 -16"><span class='ocrx_word' id='word_1_71' title='bbox 566 860 807 918; x_wconf 89' lang='lat' dir='ltr'><strong>titudine</strong></span> <span class='ocrx_word' id='word_1_72' title='bbox 848 861 1165 916; x_wconf 80' lang='lat' dir='ltr'><strong>divitiarum</strong></span> <span class='ocrx_word' id='word_1_73' title='bbox 1203 876 1462 927; x_wconf 90' lang='lat' dir='ltr'><strong>suarum,</strong></span> <span class='ocrx_word' id='word_1_74' title='bbox 1494 871 1551 917; x_wconf 89' lang='lat' dir='ltr'><strong>et</strong></span> <span class='ocrx_word' id='word_1_75' title='bbox 1585 862 1872 933; x_wconf 68' lang='lat' dir='ltr'><strong>praevaluit</strong></span> <span class='ocrx_word' id='word_1_76' title='bbox 1903 864 1958 916; x_wconf 90' lang='lat' dir='ltr'><strong>in</strong></span> <span class='ocrx_word' id='word_1_77' title='bbox 1987 862 2229 917; x_wconf 80' lang='lat' dir='ltr'><strong>vanitate</strong></span> <span class='ocrx_word' id='word_1_78' title='bbox 2256 878 2356 917; x_wconf 88' lang='lat' dir='ltr'><strong>sua</strong></span> <span class='ocrx_word' id='word_1_79' title='bbox 2381 862 2449 915; x_wconf 81' lang='grc' dir='ltr'><strong>⁸ο.</strong></span> <span class='ocrx_word' id='word_1_80' title='bbox 2484 881 2503 913; x_wconf 75' lang='grc' dir='ltr'><strong>ι</strong></span> <span class='ocrx_word' id='word_1_81' title='bbox 2564 862 2669 918; x_wconf 82' lang='lat' dir='ltr'><strong>Job</strong></span> <span class='ocrx_word' id='word_1_82' title='bbox 2726 877 2946 933; x_wconf 92' lang='lat' dir='ltr'><strong>quoque</strong></span> <span class='ocrx_word' id='word_1_83' title='bbox 2976 880 2991 916; x_wconf 88' lang='lat'><strong>:</strong></span> <span class='ocrx_word' id='word_1_84' title='bbox 3027 880 3046 913; x_wconf 82' lang='grc' dir='ltr'><strong>ι</strong></span> <span class='ocrx_word' id='word_1_85' title='bbox 3115 860 3171 916; x_wconf 89' lang='lat' dir='ltr'><strong>Si</strong></span> <span class='ocrx_word' id='word_1_86' title='bbox 3234 867 3624 933; x_wconf 80' lang='lat' dir='ltr'><strong>congregaverit</strong></span> <span class='ocrx_word' id='word_1_87' title='bbox 3666 882 3761 934; x_wconf 75' lang='lat' dir='ltr'><strong>pec-</strong></span> 
     </span>
    </p>
   </div>
   <div class='ocr_carea' id='block_1_11' title="bbox 565 953 3761 1028">
    <p class='ocr_par' dir='ltr' id='par_1_11' title="bbox 565 953 3761 1028">
     <span class='ocr_line' id='line_1_11' title="bbox 565 953 3761 1028; baseline -0.001 -14"><span class='ocrx_word' id='word_1_88' title='bbox 565 974 720 1016; x_wconf 87' lang='lat' dir='ltr'><strong>cator</strong></span> <span class='ocrx_word' id='word_1_89' title='bbox 769 956 924 1028; x_wconf 91' lang='lat' dir='ltr'><strong>quasi</strong></span> <span class='ocrx_word' id='word_1_90' title='bbox 974 964 1206 1019; x_wconf 91' lang='lat' dir='ltr'><strong>terram,</strong></span> <span class='ocrx_word' id='word_1_91' title='bbox 1254 965 1569 1026; x_wconf 82' lang='lat' dir='ltr'><strong>argentum,</strong></span> <span class='ocrx_word' id='word_1_92' title='bbox 1635 965 1690 1009; x_wconf 91' lang='lat' dir='ltr'><strong>et</strong></span> <span class='ocrx_word' id='word_1_93' title='bbox 1751 954 1908 1024; x_wconf 88' lang='lat' dir='ltr'><strong>quasi</strong></span> <span class='ocrx_word' id='word_1_94' title='bbox 1960 954 2170 1017; x_wconf 89' lang='lat' dir='ltr'><strong>lutum,</strong></span> <span class='ocrx_word' id='word_1_95' title='bbox 2233 968 2461 1016; x_wconf 87' lang='lat' dir='ltr'><strong>aurum,</strong></span> <span class='ocrx_word' id='word_1_96' title='bbox 2524 954 2641 1008; x_wconf 56' lang='lat' dir='ltr'><strong>haec</strong></span> <span class='ocrx_word' id='word_1_97' title='bbox 2687 954 2871 1008; x_wconf 90' lang='lat' dir='ltr'><strong>omnia</strong></span> <span class='ocrx_word' id='word_1_98' title='bbox 2936 953 3072 1023; x_wconf 89' lang='lat' dir='ltr'><strong>justi</strong></span> <span class='ocrx_word' id='word_1_99' title='bbox 3124 954 3409 1022; x_wconf 90' lang='lat' dir='ltr'><strong>acquirent</strong></span> <span class='ocrx_word' id='word_1_100' title='bbox 3447 955 3508 1006; x_wconf 78' lang='grc'><strong>⁸⁸.</strong></span> <span class='ocrx_word' id='word_1_101' title='bbox 3554 974 3571 1006; x_wconf 72' lang='grc' dir='ltr'><strong>ι</strong></span> <span class='ocrx_word' id='word_1_102' title='bbox 3614 956 3657 1009; x_wconf 93' lang='lat' dir='ltr'><strong>ls</strong></span> <span class='ocrx_word' id='word_1_103' title='bbox 3710 958 3761 1009; x_wconf 86' lang='lat' dir='ltr'><strong>de</strong></span> 
     </span>
    </p>
   </div>
   <div class='ocr_carea' id='block_1_12' title="bbox 567 1041 3753 1117">
    <p class='ocr_par' dir='ltr' id='par_1_12' title="bbox 567 1041 3753 1117">
     <span class='ocr_line' id='line_1_12' title="bbox 567 1041 3753 1117; baseline -0.002 -14"><span class='ocrx_word' id='word_1_104' title='bbox 567 1048 859 1117; x_wconf 68' lang='lat' dir='ltr'><strong>inculpatae</strong></span> <span class='ocrx_word' id='word_1_105' title='bbox 906 1047 1033 1101; x_wconf 66' lang='lat' dir='ltr'><strong>vitm</strong></span> <span class='ocrx_word' id='word_1_106' title='bbox 1087 1045 1359 1100; x_wconf 86' lang='lat' dir='ltr'><strong>munditia</strong></span> <span class='ocrx_word' id='word_1_107' title='bbox 1409 1060 1561 1114; x_wconf 88' lang='lat' dir='ltr'><strong>spem</strong></span> <span class='ocrx_word' id='word_1_108' title='bbox 1621 1059 1873 1105; x_wconf 90' lang='lat' dir='ltr'><strong>sumens,</strong></span> <span class='ocrx_word' id='word_1_109' title='bbox 1924 1041 2181 1095; x_wconf 87' lang='lat' dir='ltr'><strong>dicebat:</strong></span> <span class='ocrx_word' id='word_1_110' title='bbox 2228 1059 2247 1092; x_wconf 76' lang='grc' dir='ltr'><strong>ι</strong></span> <span class='ocrx_word' id='word_1_111' title='bbox 2284 1041 2340 1096; x_wconf 92' lang='lat' dir='ltr'><strong>Si</strong></span> <span class='ocrx_word' id='word_1_112' title='bbox 2384 1042 2644 1096; x_wconf 86' lang='lat' dir='ltr'><strong>constitui</strong></span> <span class='ocrx_word' id='word_1_113' title='bbox 2679 1058 2875 1097; x_wconf 88' lang='lat' dir='ltr'><strong>aurum</strong></span> <span class='ocrx_word' id='word_1_114' title='bbox 2910 1041 3288 1098; x_wconf 80' lang='lat' dir='ltr'><strong>fortitudinem</strong></span> <span class='ocrx_word' id='word_1_115' title='bbox 3345 1058 3531 1105; x_wconf 87' lang='lat' dir='ltr'><strong>meam,</strong></span> <span class='ocrx_word' id='word_1_116' title='bbox 3562 1045 3600 1097; x_wconf 88' lang='lat' dir='ltr'><strong>si</strong></span> <span class='ocrx_word' id='word_1_117' title='bbox 3633 1045 3753 1098; x_wconf 64' lang='lat' dir='ltr'><strong>laua-</strong></span> 
     </span>
    </p>
   </div>
   <div class='ocr_carea' id='block_1_13' title="bbox 571 1131 3755 1209">
    <p class='ocr_par' dir='ltr' id='par_1_13' title="bbox 571 1131 3755 1209">
     <span class='ocr_line' id='line_1_13' title="bbox 571 1131 3755 1209; baseline -0.002 -12"><span class='ocrx_word' id='word_1_118' title='bbox 571 1150 661 1198; x_wconf 85' lang='lat' dir='ltr'><strong>tus</strong></span> <span class='ocrx_word' id='word_1_119' title='bbox 694 1155 816 1195; x_wconf 92' lang='lat' dir='ltr'><strong>sum</strong></span> <span class='ocrx_word' id='word_1_120' title='bbox 848 1154 948 1209; x_wconf 89' lang='lat' dir='ltr'><strong>pro</strong></span> <span class='ocrx_word' id='word_1_121' title='bbox 976 1152 1043 1193; x_wconf 91' lang='lat' dir='ltr'><strong>eo</strong></span> <span class='ocrx_word' id='word_1_122' title='bbox 1064 1138 1212 1207; x_wconf 93' lang='lat' dir='ltr'><strong>quod</strong></span> <span class='ocrx_word' id='word_1_123' title='bbox 1248 1137 1434 1191; x_wconf 57' lang='lat' dir='ltr'><strong>multa</strong></span> <span class='ocrx_word' id='word_1_124' title='bbox 1464 1135 1723 1191; x_wconf 90' lang='lat' dir='ltr'><strong>adessent</strong></span> <span class='ocrx_word' id='word_1_125' title='bbox 1766 1134 1971 1189; x_wconf 64' lang='lat' dir='ltr'><strong>divitiae</strong></span> <span class='ocrx_word' id='word_1_126' title='bbox 2001 1131 2071 1187; x_wconf 71' lang='grc' dir='ltr'><strong>θ’.</strong></span> <span class='ocrx_word' id='word_1_127' title='bbox 2102 1152 2120 1183; x_wconf 71' lang='grc' dir='ltr'><strong>ο</strong></span> <span class='ocrx_word' id='word_1_128' title='bbox 2143 1163 2211 1171; x_wconf 88' lang='grc'><strong>-</strong></span> <span class='ocrx_word' id='word_1_129' title='bbox 2236 1151 2253 1182; x_wconf 74' lang='grc' dir='ltr'><strong>ι</strong></span> <span class='ocrx_word' id='word_1_130' title='bbox 2281 1132 2477 1186; x_wconf 88' lang='lat' dir='ltr'><strong>Melius</strong></span> <span class='ocrx_word' id='word_1_131' title='bbox 2504 1133 2670 1203; x_wconf 82' lang='lat' dir='ltr'><strong>igitur</strong></span> <span class='ocrx_word' id='word_1_132' title='bbox 2705 1134 2983 1188; x_wconf 88' lang='lat' dir='ltr'><strong>modicum</strong></span> <span class='ocrx_word' id='word_1_133' title='bbox 3027 1134 3208 1204; x_wconf 87' lang='lat' dir='ltr'><strong>justo,</strong></span> <span class='ocrx_word' id='word_1_134' title='bbox 3241 1149 3408 1204; x_wconf 87' lang='lat' dir='ltr'><strong>super</strong></span> <span class='ocrx_word' id='word_1_135' title='bbox 3441 1134 3640 1189; x_wconf 82' lang='lat' dir='ltr'><strong>divitias</strong></span> <span class='ocrx_word' id='word_1_136' title='bbox 3657 1153 3755 1205; x_wconf 86' lang='lat' dir='ltr'><strong>pec-</strong></span> 
     </span>
    </p>
   </div>
   <div class='ocr_carea' id='block_1_14' title="bbox 570 1228 3767 1300">
    <p class='ocr_par' dir='ltr' id='par_1_14' title="bbox 570 1228 3767 1300">
     <span class='ocr_line' id='line_1_14' title="bbox 570 1228 3767 1300; baseline -0.002 -8"><span class='ocrx_word' id='word_1_137' title='bbox 570 1246 817 1292; x_wconf 87' lang='lat' dir='ltr'><strong>catorum</strong></span> <span class='ocrx_word' id='word_1_138' title='bbox 865 1236 1066 1290; x_wconf 89' lang='lat' dir='ltr'><strong>multas</strong></span> <span class='ocrx_word' id='word_1_139' title='bbox 1110 1237 1175 1289; x_wconf 80' lang='grc'><strong>⁸³.</strong></span> <span class='ocrx_word' id='word_1_140' title='bbox 1230 1254 1249 1285; x_wconf 76' lang='grc' dir='ltr'><strong>ι</strong></span> <span class='ocrx_word' id='word_1_141' title='bbox 1289 1233 1395 1289; x_wconf 87' lang='lat' dir='ltr'><strong>Sed</strong></span> <span class='ocrx_word' id='word_1_142' title='bbox 1432 1242 1490 1288; x_wconf 89' lang='lat' dir='ltr'><strong>et</strong></span> <span class='ocrx_word' id='word_1_143' title='bbox 1530 1233 1734 1287; x_wconf 83' lang='lat' dir='ltr'><strong>Paulus</strong></span> <span class='ocrx_word' id='word_1_144' title='bbox 1803 1238 2167 1292; x_wconf 85' lang='lat' dir='ltr'><strong>contestatur,</strong></span> <span class='ocrx_word' id='word_1_145' title='bbox 2208 1228 2477 1283; x_wconf 90' lang='lat' dir='ltr'><strong>malorum</strong></span> <span class='ocrx_word' id='word_1_146' title='bbox 2541 1230 2789 1284; x_wconf 92' lang='lat' dir='ltr'><strong>omnium</strong></span> <span class='ocrx_word' id='word_1_147' title='bbox 2839 1229 3077 1285; x_wconf 89' lang='lat' dir='ltr'><strong>radicem</strong></span> <span class='ocrx_word' id='word_1_148' title='bbox 3143 1246 3264 1285; x_wconf 89' lang='lat' dir='ltr'><strong>esse</strong></span> <span class='ocrx_word' id='word_1_149' title='bbox 3318 1230 3551 1300; x_wconf 78' lang='lat' dir='ltr'><strong>pecuniae</strong></span> <span class='ocrx_word' id='word_1_150' title='bbox 3606 1246 3767 1286; x_wconf 55' lang='lat' dir='ltr'><strong>conon.</strong></span> 
     </span>
    </p>
   </div>
   <div class='ocr_carea' id='block_1_15' title="bbox 570 1324 3768 1399">
    <p class='ocr_par' dir='ltr' id='par_1_15' title="bbox 570 1324 3768 1399">
     <span class='ocr_line' id='line_1_15' title="bbox 570 1324 3768 1399; baseline -0 -17"><span class='ocrx_word' id='word_1_151' title='bbox 570 1330 918 1399; x_wconf 88' lang='lat' dir='ltr'><strong>piscentiam.</strong></span> <span class='ocrx_word' id='word_1_152' title='bbox 1010 1332 1107 1386; x_wconf 89' lang='lat' dir='ltr'><strong>Est</strong></span> <span class='ocrx_word' id='word_1_153' title='bbox 1156 1331 1339 1395; x_wconf 89' lang='lat' dir='ltr'><strong>enim,</strong></span> <span class='ocrx_word' id='word_1_154' title='bbox 1398 1330 1494 1399; x_wconf 90' lang='lat' dir='ltr'><strong>qui</strong></span> <span class='ocrx_word' id='word_1_155' title='bbox 1553 1328 1857 1398; x_wconf 88' lang='lat' dir='ltr'><strong>cupiditate</strong></span> <span class='ocrx_word' id='word_1_156' title='bbox 1910 1324 2183 1397; x_wconf 87' lang='lat' dir='ltr'><strong>ejusmodi</strong></span> <span class='ocrx_word' id='word_1_157' title='bbox 2253 1324 2504 1388; x_wconf 86' lang='lat' dir='ltr'><strong>laborat,</strong></span> <span class='ocrx_word' id='word_1_158' title='bbox 2555 1325 2692 1381; x_wconf 90' lang='lat' dir='ltr'><strong>nihil</strong></span> <span class='ocrx_word' id='word_1_159' title='bbox 2746 1326 3094 1383; x_wconf 89' lang='lat' dir='ltr'><strong>indolescens</strong></span> <span class='ocrx_word' id='word_1_160' title='bbox 3150 1326 3343 1381; x_wconf 67' lang='lat' dir='ltr'><strong>aliena:</strong></span> <span class='ocrx_word' id='word_1_161' title='bbox 3392 1325 3689 1391; x_wconf 85' lang='lat' dir='ltr'><strong>calamitati,</strong></span> <span class='ocrx_word' id='word_1_162' title='bbox 3726 1337 3768 1381; x_wconf 88' lang='lat' dir='ltr'><strong>et</strong></span> 
     </span>
    </p>
   </div>
   <div class='ocr_carea' id='block_1_16' title="bbox 570 1420 3768 1493">
    <p class='ocr_par' dir='ltr' id='par_1_16' title="bbox 570 1420 3768 1493">
     <span class='ocr_line' id='line_1_16' title="bbox 570 1420 3768 1493; baseline -0 -16"><span class='ocrx_word' id='word_1_163' title='bbox 570 1438 802 1492; x_wconf 88' lang='lat' dir='ltr'><strong>prorsus</strong></span> <span class='ocrx_word' id='word_1_164' title='bbox 874 1424 1292 1480; x_wconf 89' lang='lat' dir='ltr'><strong>immisericors.</strong></span> <span class='ocrx_word' id='word_1_165' title='bbox 1378 1425 1643 1480; x_wconf 91' lang='lat' dir='ltr'><strong>Dominus</strong></span> <span class='ocrx_word' id='word_1_166' title='bbox 1694 1423 1838 1493; x_wconf 88' lang='lat' dir='ltr'><strong>ipse,</strong></span> <span class='ocrx_word' id='word_1_167' title='bbox 1893 1430 2203 1490; x_wconf 61' lang='lat' dir='ltr'><strong>nostraeque</strong></span> <span class='ocrx_word' id='word_1_168' title='bbox 2257 1421 2506 1489; x_wconf 87' lang='lat' dir='ltr'><strong>pararius</strong></span> <span class='ocrx_word' id='word_1_169' title='bbox 2558 1421 2787 1489; x_wconf 87' lang='lat' dir='ltr'><strong>salutis,</strong></span> <span class='ocrx_word' id='word_1_170' title='bbox 2831 1438 2959 1477; x_wconf 91' lang='lat' dir='ltr'><strong>cum</strong></span> <span class='ocrx_word' id='word_1_171' title='bbox 3018 1422 3189 1493; x_wconf 84' lang='lat' dir='ltr'><strong>probe</strong></span> <span class='ocrx_word' id='word_1_172' title='bbox 3244 1430 3427 1476; x_wconf 91' lang='lat' dir='ltr'><strong>nosset</strong></span> <span class='ocrx_word' id='word_1_173' title='bbox 3478 1420 3768 1476; x_wconf 75' lang='lat' dir='ltr'><strong>aﬂ‘ectioncm</strong></span> 
     </span>
    </p>
   </div>
   <div class='ocr_carea' id='block_1_17' title="bbox 572 1515 3769 1587">
    <p class='ocr_par' dir='ltr' id='par_1_17' title="bbox 572 1515 3769 1587">
     <span class='ocr_line' id='line_1_17' title="bbox 572 1515 3769 1587; baseline 0.001 -19"><span class='ocrx_word' id='word_1_174' title='bbox 572 1515 717 1570; x_wconf 85' lang='lat' dir='ltr'><strong>hanc</strong></span> <span class='ocrx_word' id='word_1_175' title='bbox 772 1517 1016 1571; x_wconf 70' lang='lat' dir='ltr'><strong>avaritia:</strong></span> <span class='ocrx_word' id='word_1_176' title='bbox 1053 1527 1487 1587; x_wconf 62' lang='lat' dir='ltr'><strong>praesentaneam</strong></span> <span class='ocrx_word' id='word_1_177' title='bbox 1538 1532 1659 1572; x_wconf 90' lang='lat' dir='ltr'><strong>esse</strong></span> <span class='ocrx_word' id='word_1_178' title='bbox 1713 1517 1908 1572; x_wconf 64' lang='lat' dir='ltr'><strong>animae</strong></span> <span class='ocrx_word' id='word_1_179' title='bbox 1959 1515 2285 1585; x_wconf 88' lang='lat' dir='ltr'><strong>perniciem,</strong></span> <span class='ocrx_word' id='word_1_180' title='bbox 2346 1532 2650 1586; x_wconf 78' lang='lat' dir='ltr'><strong>congruam</strong></span> <span class='ocrx_word' id='word_1_181' title='bbox 2727 1518 3000 1572; x_wconf 82' lang='lat' dir='ltr'><strong>medelam</strong></span> <span class='ocrx_word' id='word_1_182' title='bbox 3072 1517 3254 1580; x_wconf 78' lang='lat' dir='ltr'><strong>affert,</strong></span> <span class='ocrx_word' id='word_1_183' title='bbox 3297 1516 3521 1573; x_wconf 89' lang='lat' dir='ltr'><strong>dicens:</strong></span> <span class='ocrx_word' id='word_1_184' title='bbox 3578 1536 3593 1566; x_wconf 75' lang='grc' dir='ltr'><strong>ι</strong></span> <span class='ocrx_word' id='word_1_185' title='bbox 3630 1516 3769 1571; x_wconf 76' lang='lat' dir='ltr'><strong>Nolite</strong></span> 
     </span>
    </p>
   </div>
   <div class='ocr_carea' id='block_1_18' title="bbox 571 1610 3771 1684">
    <p class='ocr_par' dir='ltr' id='par_1_18' title="bbox 571 1610 3771 1684">
     <span class='ocr_line' id='line_1_18' title="bbox 571 1610 3771 1684; baseline 0.001 -19"><span class='ocrx_word' id='word_1_186' title='bbox 571 1610 857 1681; x_wconf 91' lang='lat' dir='ltr'><strong>possidere</strong></span> <span class='ocrx_word' id='word_1_187' title='bbox 896 1628 1114 1677; x_wconf 92' lang='lat' dir='ltr'><strong>aurum,</strong></span> <span class='ocrx_word' id='word_1_188' title='bbox 1153 1629 1335 1683; x_wconf 88' lang='lat' dir='ltr'><strong>neque</strong></span> <span class='ocrx_word' id='word_1_189' title='bbox 1374 1623 1684 1684; x_wconf 78' lang='lat' dir='ltr'><strong>argentum,</strong></span> <span class='ocrx_word' id='word_1_190' title='bbox 1731 1628 1911 1683; x_wconf 86' lang='lat' dir='ltr'><strong>neque</strong></span> <span class='ocrx_word' id='word_1_191' title='bbox 1958 1628 2033 1667; x_wconf 64' lang='lat' dir='ltr'><strong>aas</strong></span> <span class='ocrx_word' id='word_1_192' title='bbox 2078 1611 2135 1665; x_wconf 89' lang='lat' dir='ltr'><strong>in</strong></span> <span class='ocrx_word' id='word_1_193' title='bbox 2210 1612 2364 1667; x_wconf 87' lang='lat' dir='ltr'><strong>zonis</strong></span> <span class='ocrx_word' id='word_1_194' title='bbox 2414 1613 2618 1667; x_wconf 89' lang='lat' dir='ltr'><strong>vestris</strong></span> <span class='ocrx_word' id='word_1_195' title='bbox 2678 1612 2727 1646; x_wconf 68' lang='grc'><strong>⁸⁸</strong></span> <span class='ocrx_word' id='word_1_196' title='bbox 2767 1632 2780 1668; x_wconf 91' lang='lat'><strong>:</strong></span> <span class='ocrx_word' id='word_1_197' title='bbox 2829 1633 2849 1666; x_wconf 72' lang='grc' dir='ltr'><strong>ι</strong></span> <span class='ocrx_word' id='word_1_198' title='bbox 2880 1629 3061 1684; x_wconf 89' lang='lat' dir='ltr'><strong>eoque</strong></span> <span class='ocrx_word' id='word_1_199' title='bbox 3107 1613 3322 1668; x_wconf 90' lang='lat' dir='ltr'><strong>inducit</strong></span> <span class='ocrx_word' id='word_1_200' title='bbox 3367 1630 3381 1665; x_wconf 90' lang='lat'><strong>:</strong></span> <span class='ocrx_word' id='word_1_201' title='bbox 3424 1632 3441 1663; x_wconf 77' lang='grc' dir='ltr'><strong>ι</strong></span> <span class='ocrx_word' id='word_1_202' title='bbox 3491 1612 3645 1667; x_wconf 82' lang='lat' dir='ltr'><strong>Amen</strong></span> <span class='ocrx_word' id='word_1_203' title='bbox 3676 1614 3771 1667; x_wconf 88' lang='lat' dir='ltr'><strong>dico</strong></span> 
     </span>
    </p>
   </div>
   <div class='ocr_carea' id='block_1_19' title="bbox 572 1703 3771 1788">
    <p class='ocr_par' dir='ltr' id='par_1_19' title="bbox 572 1703 3771 1788">
     <span class='ocr_line' id='line_1_19' title="bbox 572 1703 3771 1788; baseline 0.002 -32"><span class='ocrx_word' id='word_1_204' title='bbox 572 1703 754 1767; x_wconf 89' lang='lat' dir='ltr'><strong>vobis,</strong></span> <span class='ocrx_word' id='word_1_205' title='bbox 790 1704 917 1774; x_wconf 88' lang='lat' dir='ltr'><strong>quia</strong></span> <span class='ocrx_word' id='word_1_206' title='bbox 965 1705 1119 1760; x_wconf 90' lang='lat' dir='ltr'><strong>dives</strong></span> <span class='ocrx_word' id='word_1_207' title='bbox 1149 1706 1369 1762; x_wconf 80' lang='lat' dir='ltr'><strong>difﬁcile</strong></span> <span class='ocrx_word' id='word_1_208' title='bbox 1399 1706 1631 1762; x_wconf 90' lang='lat' dir='ltr'><strong>intrabit</strong></span> <span class='ocrx_word' id='word_1_209' title='bbox 1680 1707 1751 1788; x_wconf 40' lang='lat' dir='ltr'><strong>in.</strong></span> <span class='ocrx_word' id='word_1_210' title='bbox 1806 1720 2032 1776; x_wconf 82' lang='lat' dir='ltr'><strong>regnum</strong></span> <span class='ocrx_word' id='word_1_211' title='bbox 2100 1703 2365 1759; x_wconf 70' lang='lat' dir='ltr'><strong>caalorum</strong></span> <span class='ocrx_word' id='word_1_212' title='bbox 2421 1705 2489 1771; x_wconf 78' lang='grc'><strong>⁸⁸,</strong></span> <span class='ocrx_word' id='word_1_213' title='bbox 2519 1724 2538 1756; x_wconf 73' lang='grc' dir='ltr'><strong>ι</strong></span> <span class='ocrx_word' id='word_1_214' title='bbox 2601 1722 2729 1762; x_wconf 91' lang='lat' dir='ltr'><strong>cum</strong></span> <span class='ocrx_word' id='word_1_215' title='bbox 2768 1706 2991 1761; x_wconf 87' lang='lat' dir='ltr'><strong>interim</strong></span> <span class='ocrx_word' id='word_1_216' title='bbox 3039 1708 3250 1761; x_wconf 90' lang='lat' dir='ltr'><strong>nullius</strong></span> <span class='ocrx_word' id='word_1_217' title='bbox 3299 1714 3527 1761; x_wconf 70' lang='lat' dir='ltr'><strong>terrena:</strong></span> <span class='ocrx_word' id='word_1_218' title='bbox 3571 1705 3640 1760; x_wconf 90' lang='lat' dir='ltr'><strong>rei</strong></span> <span class='ocrx_word' id='word_1_219' title='bbox 3677 1722 3771 1776; x_wconf 86' lang='lat' dir='ltr'><strong>pos-</strong></span> 
     </span>
    </p>
   </div>
   <div class='ocr_carea' id='block_1_20' title="bbox 574 1801 3459 1874">
    <p class='ocr_par' dir='ltr' id='par_1_20' title="bbox 574 1801 3459 1874">
     <span class='ocr_line' id='line_1_20' title="bbox 574 1801 3459 1874; baseline -0.001 -18"><span class='ocrx_word' id='word_1_220' title='bbox 574 1802 771 1865; x_wconf 80' lang='lat' dir='ltr'><strong>sessio,</strong></span> <span class='ocrx_word' id='word_1_221' title='bbox 818 1802 979 1857; x_wconf 88' lang='lat' dir='ltr'><strong>facile</strong></span> <span class='ocrx_word' id='word_1_222' title='bbox 1026 1818 1089 1857; x_wconf 92' lang='lat' dir='ltr'><strong>ac</strong></span> <span class='ocrx_word' id='word_1_223' title='bbox 1135 1803 1327 1858; x_wconf 86' lang='lat' dir='ltr'><strong>liberis</strong></span> <span class='ocrx_word' id='word_1_224' title='bbox 1358 1804 1459 1858; x_wconf 91' lang='lat' dir='ltr'><strong>alis</strong></span> <span class='ocrx_word' id='word_1_225' title='bbox 1504 1804 1562 1859; x_wconf 91' lang='lat' dir='ltr'><strong>in</strong></span> <span class='ocrx_word' id='word_1_226' title='bbox 1592 1804 1794 1859; x_wconf 66' lang='lat' dir='ltr'><strong>caelum</strong></span> <span class='ocrx_word' id='word_1_227' title='bbox 1844 1801 2145 1856; x_wconf 89' lang='lat' dir='ltr'><strong>transvolat</strong></span> <span class='ocrx_word' id='word_1_228' title='bbox 2179 1808 2236 1854; x_wconf 91' lang='lat' dir='ltr'><strong>et</strong></span> <span class='ocrx_word' id='word_1_229' title='bbox 2258 1801 2544 1857; x_wconf 87' lang='lat' dir='ltr'><strong>attollitur.</strong></span> <span class='ocrx_word' id='word_1_230' title='bbox 2574 1803 2682 1873; x_wconf 90' lang='lat' dir='ltr'><strong>lpsi</strong></span> <span class='ocrx_word' id='word_1_231' title='bbox 2716 1803 2889 1874; x_wconf 78' lang='lat' dir='ltr'><strong>gloria</strong></span> <span class='ocrx_word' id='word_1_232' title='bbox 2926 1801 2981 1857; x_wconf 88' lang='lat' dir='ltr'><strong>in</strong></span> <span class='ocrx_word' id='word_1_233' title='bbox 3014 1802 3233 1857; x_wconf 66' lang='lat' dir='ltr'><strong>saecula.</strong></span> <span class='ocrx_word' id='word_1_234' title='bbox 3269 1801 3459 1855; x_wconf 88' lang='lat' dir='ltr'><strong>Amen.</strong></span> 
     </span>
    </p>
   </div>
   <div class='ocr_carea' id='block_1_21' title="bbox 977 1897 2577 1989">
    <p class='ocr_par' dir='ltr' id='par_1_21' title="bbox 977 1897 2222 1989">
     <span class='ocr_line' id='line_1_21' title="bbox 977 1897 2222 1989; baseline -0.002 -19"><span class='ocrx_word' id='word_1_235' title='bbox 977 1982 983 1989; x_wconf 93' lang='lat'><em>_</em></span> <span class='ocrx_word' id='word_1_236' title='bbox 1166 1914 1452 1972; x_wconf 82' lang='lat' dir='ltr'><strong>llOMlLlA</strong></span> <span class='ocrx_word' id='word_1_237' title='bbox 1484 1916 1577 1970; x_wconf 81' lang='lat' dir='ltr'><strong>1x.</strong></span> <span class='ocrx_word' id='word_1_238' title='bbox 2182 1897 2222 1949; x_wconf 79' lang='grc' dir='ltr'><strong>Β</strong></span> 
     </span>
    </p>
   </div>
   <div class='ocr_carea' id='block_1_22' title="bbox 1600 1897 3200 1989">
    <p class='ocr_par' dir='ltr' id='par_1_22' title="bbox 2182 1897 3200 1970">
     <span class='ocr_line' id='line_1_22' title="bbox 2182 1897 3200 1970; baseline -0.007 2"><span class='ocrx_word' id='word_1_239' title='bbox 2182 1897 2222 1949; x_wconf 76' lang='grc' dir='ltr'><strong>Β</strong></span> <span class='ocrx_word' id='word_1_240' title='bbox 2868 1916 3087 1970; x_wconf 87' lang='grc' dir='ltr'><strong>ΛΟΓΟΣ</strong></span> <span class='ocrx_word' id='word_1_241' title='bbox 3122 1914 3200 1966; x_wconf 81' lang='lat'><strong>6&#39;.</strong></span> 
     </span>
    </p>
   </div>
   <div class='ocr_carea' id='block_1_23' title="bbox 867 2026 2467 2100">
    <p class='ocr_par' dir='ltr' id='par_1_23' title="bbox 867 2026 1856 2100">
     <span class='ocr_line' id='line_1_23' title="bbox 867 2026 1856 2100; baseline 0.001 -19"><span class='ocrx_word' id='word_1_242' title='bbox 867 2026 944 2081; x_wconf 88' lang='lat' dir='ltr'><strong>De</strong></span> <span class='ocrx_word' id='word_1_243' title='bbox 971 2029 1187 2082; x_wconf 80' lang='lat' dir='ltr'><strong>vitanda</strong></span> <span class='ocrx_word' id='word_1_244' title='bbox 1219 2044 1499 2082; x_wconf 85' lang='lat' dir='ltr'><strong>munerum</strong></span> <span class='ocrx_word' id='word_1_245' title='bbox 1536 2031 1856 2100; x_wconf 81' lang='lat' dir='ltr'><strong>acceptione.</strong></span> 
     </span>
    </p>
   </div>
   <div class='ocr_carea' id='block_1_24' title="bbox 1741 2026 3341 2100">
    <p class='ocr_par' dir='ltr' id='par_1_24' title="bbox 1741 2029 3341 2097">
     <span class='ocr_line' id='line_1_24' title="bbox 1741 2029 3341 2097; baseline -0.003 -15"><span class='ocrx_word' id='word_1_246' title='bbox 1741 2046 1856 2082; x_wconf 83' lang='lat' dir='ltr'><strong>one.</strong></span> <span class='ocrx_word' id='word_1_247' title='bbox 2767 2029 2907 2097; x_wconf 73' lang='grc' dir='ltr'><strong>Περὶ</strong></span> <span class='ocrx_word' id='word_1_248' title='bbox 2938 2030 3341 2097; x_wconf 75' lang='grc' dir='ltr'>δωροληψίας.</span> 
     </span>
    </p>
   </div>
   <div class='ocr_carea' id='block_1_25' title="bbox 648 2142 2248 2219">
    <p class='ocr_par' dir='ltr' id='par_1_25' title="bbox 648 2142 2151 2212">
     <span class='ocr_line' id='line_1_25' title="bbox 648 2142 2151 2212; baseline -0.003 -16"><span class='ocrx_word' id='word_1_249' title='bbox 648 2142 909 2212; x_wconf 88' lang='lat' dir='ltr'><strong>Quisquis</strong></span> <span class='ocrx_word' id='word_1_250' title='bbox 941 2151 1125 2211; x_wconf 89' lang='lat' dir='ltr'><strong>captat</strong></span> <span class='ocrx_word' id='word_1_251' title='bbox 1169 2158 1423 2207; x_wconf 88' lang='lat' dir='ltr'><strong>munera,</strong></span> <span class='ocrx_word' id='word_1_252' title='bbox 1466 2150 1561 2197; x_wconf 93' lang='lat' dir='ltr'><strong>aut</strong></span> <span class='ocrx_word' id='word_1_253' title='bbox 1590 2143 1714 2211; x_wconf 88' lang='lat' dir='ltr'><strong>plus</strong></span> <span class='ocrx_word' id='word_1_254' title='bbox 1744 2157 1912 2212; x_wconf 91' lang='lat' dir='ltr'><strong>quam</strong></span> <span class='ocrx_word' id='word_1_255' title='bbox 1944 2157 2044 2210; x_wconf 90' lang='lat' dir='ltr'><strong>par</strong></span> <span class='ocrx_word' id='word_1_256' title='bbox 2080 2142 2151 2194; x_wconf 90' lang='lat' dir='ltr'><strong>sit</strong></span> 
     </span>
    </p>
   </div>
   <div class='ocr_carea' id='block_1_26' title="bbox 2170 2142 3770 2219">
    <p class='ocr_par' dir='ltr' id='par_1_26' title="bbox 2334 2142 3770 2219">
     <span class='ocr_line' id='line_1_26' title="bbox 2334 2142 3770 2219; baseline -0.004 -16"><span class='ocrx_word' id='word_1_257' title='bbox 2334 2149 2393 2203; x_wconf 90' lang='lat'><strong>&#39;0</strong></span> <span class='ocrx_word' id='word_1_258' title='bbox 2426 2149 2806 2219; x_wconf 87' lang='grc' dir='ltr'>δωρολὴπτης,</span> <span class='ocrx_word' id='word_1_259' title='bbox 2859 2146 2956 2200; x_wconf 71' lang='lat' dir='ltr'><strong>xal</strong></span> <span class='ocrx_word' id='word_1_260' title='bbox 2991 2148 3020 2200; x_wconf 88' lang='grc' dir='ltr'><strong>ό</strong></span> <span class='ocrx_word' id='word_1_261' title='bbox 3052 2145 3407 2213; x_wconf 81' lang='grc' dir='ltr'><strong>πλεονέκτης,</strong></span> <span class='ocrx_word' id='word_1_262' title='bbox 3434 2142 3525 2196; x_wconf 58' lang='grc' dir='ltr'><strong>καὶ⁵</strong></span> <span class='ocrx_word' id='word_1_263' title='bbox 3561 2143 3587 2196; x_wconf 87' lang='grc' dir='ltr'><strong>ό</strong></span> <span class='ocrx_word' id='word_1_264' title='bbox 3620 2142 3770 2214; x_wconf 79' lang='grc' dir='ltr'>φιλάρ-</span> 
     </span>
    </p>
   </div>
   <div class='ocr_carea' id='block_1_27' title="bbox 578 2233 2178 2315">
    <p class='ocr_par' dir='ltr' id='par_1_27' title="bbox 578 2233 2152 2305">
     <span class='ocr_line' id='line_1_27' title="bbox 578 2233 2152 2305; baseline -0.002 -16"><span class='ocrx_word' id='word_1_265' title='bbox 578 2236 776 2305; x_wconf 68' lang='lat' dir='ltr'><strong>quaarit</strong></span> <span class='ocrx_word' id='word_1_266' title='bbox 806 2235 1111 2304; x_wconf 82' lang='lat' dir='ltr'><strong>possidere,</strong></span> <span class='ocrx_word' id='word_1_267' title='bbox 1146 2236 1275 2289; x_wconf 89' lang='lat' dir='ltr'><strong>item</strong></span> <span class='ocrx_word' id='word_1_268' title='bbox 1312 2236 1559 2305; x_wconf 65' lang='lat' dir='ltr'><strong>pecunia:</strong></span> <span class='ocrx_word' id='word_1_269' title='bbox 1602 2234 1799 2289; x_wconf 89' lang='lat' dir='ltr'><strong>avidus</strong></span> <span class='ocrx_word' id='word_1_270' title='bbox 1844 2243 1901 2289; x_wconf 89' lang='lat' dir='ltr'><strong>et</strong></span> <span class='ocrx_word' id='word_1_271' title='bbox 1937 2233 2152 2289; x_wconf 82' lang='lat' dir='ltr'><strong>fenera-</strong></span> 
     </span>
    </p>
   </div>
   <div class='ocr_carea' id='block_1_28' title="bbox 2170 2233 3770 2315">
    <p class='ocr_par' dir='ltr' id='par_1_28' title="bbox 2250 2235 3770 2315">
     <span class='ocr_line' id='line_1_28' title="bbox 2250 2235 3770 2315; baseline -0.008 -19"><span class='ocrx_word' id='word_1_272' title='bbox 2250 2258 2438 2314; x_wconf 85' lang='grc' dir='ltr'>γυρος,</span> <span class='ocrx_word' id='word_1_273' title='bbox 2477 2241 2595 2315; x_wconf 15' lang='grc' dir='ltr'>καὶη</span> <span class='ocrx_word' id='word_1_274' title='bbox 2622 2242 2651 2295; x_wconf 86' lang='grc' dir='ltr'><strong>ό</strong></span> <span class='ocrx_word' id='word_1_275' title='bbox 2694 2239 2973 2309; x_wconf 81' lang='grc' dir='ltr'><strong>τοκιστὴς,</strong></span> <span class='ocrx_word' id='word_1_276' title='bbox 3015 2238 3075 2291; x_wconf 80' lang='grc' dir='ltr'>ἓν</span> <span class='ocrx_word' id='word_1_277' title='bbox 3117 2239 3273 2309; x_wconf 82' lang='grc' dir='ltr'>ἆρμα</span> <span class='ocrx_word' id='word_1_278' title='bbox 3324 2236 3471 2289; x_wconf 69' lang='grc' dir='ltr'>ἐστὶν</span> <span class='ocrx_word' id='word_1_279' title='bbox 3526 2235 3770 2305; x_wconf 79' lang='grc' dir='ltr'><strong>τέτρωρον,</strong></span> 
     </span>
    </p>
   </div>
   <div class='ocr_carea' id='block_1_29' title="bbox 578 2326 2178 2406">
    <p class='ocr_par' dir='ltr' id='par_1_29' title="bbox 578 2326 2150 2397">
     <span class='ocr_line' id='line_1_29' title="bbox 578 2326 2150 2397; baseline -0.001 -16"><span class='ocrx_word' id='word_1_280' title='bbox 578 2338 699 2393; x_wconf 89' lang='lat' dir='ltr'><strong>tor;</strong></span> <span class='ocrx_word' id='word_1_281' title='bbox 750 2337 987 2397; x_wconf 88' lang='lat' dir='ltr'><strong>quatuor</strong></span> <span class='ocrx_word' id='word_1_282' title='bbox 1046 2327 1102 2380; x_wconf 88' lang='lat' dir='ltr'><strong>hi</strong></span> <span class='ocrx_word' id='word_1_283' title='bbox 1146 2342 1316 2382; x_wconf 91' lang='lat' dir='ltr'><strong>unum</strong></span> <span class='ocrx_word' id='word_1_284' title='bbox 1349 2326 1714 2396; x_wconf 89' lang='lat' dir='ltr'><strong>eumdemque</strong></span> <span class='ocrx_word' id='word_1_285' title='bbox 1758 2327 1984 2381; x_wconf 87' lang='lat' dir='ltr'><strong>trahunt</strong></span> <span class='ocrx_word' id='word_1_286' title='bbox 2023 2342 2150 2381; x_wconf 86' lang='lat' dir='ltr'><strong>cur-</strong></span> 
     </span>
    </p>
   </div>
   <div class='ocr_carea' id='block_1_30' title="bbox 2169 2326 3769 2406">
    <p class='ocr_par' dir='ltr' id='par_1_30' title="bbox 2251 2327 3769 2406">
     <span class='ocr_line' id='line_1_30' title="bbox 2251 2327 3769 2406; baseline -0.007 -18"><span class='ocrx_word' id='word_1_287' title='bbox 2251 2334 2469 2406; x_wconf 70' lang='grc' dir='ltr'>ἔχοντες</span> <span class='ocrx_word' id='word_1_288' title='bbox 2517 2334 2608 2387; x_wconf 81' lang='grc' dir='ltr'><strong>τὸν</strong></span> <span class='ocrx_word' id='word_1_289' title='bbox 2657 2333 2756 2405; x_wconf 84' lang='grc' dir='ltr'><strong>τῆς</strong></span> <span class='ocrx_word' id='word_1_290' title='bbox 2794 2330 3113 2397; x_wconf 76' lang='grc' dir='ltr'><strong>ἀλαζονείας</strong></span> <span class='ocrx_word' id='word_1_291' title='bbox 3162 2330 3378 2400; x_wconf 78' lang='grc' dir='ltr'>ἡνίοχον</span> <span class='ocrx_word' id='word_1_292' title='bbox 3418 2328 3509 2381; x_wconf 76' lang='grc' dir='ltr'>καὶ</span> <span class='ocrx_word' id='word_1_293' title='bbox 3553 2327 3769 2396; x_wconf 82' lang='grc' dir='ltr'>ἀρχηγόν·</span> 
     </span>
    </p>
   </div>
   <div class='ocr_carea' id='block_1_31' title="bbox 578 2417 2178 2496">
    <p class='ocr_par' dir='ltr' id='par_1_31' title="bbox 578 2419 2153 2491">
     <span class='ocr_line' id='line_1_31' title="bbox 578 2419 2153 2491; baseline -0.001 -17"><span class='ocrx_word' id='word_1_294' title='bbox 578 2438 725 2485; x_wconf 83' lang='lat' dir='ltr'><strong>rum,</strong></span> <span class='ocrx_word' id='word_1_295' title='bbox 766 2421 863 2475; x_wconf 92' lang='lat' dir='ltr'><strong>sed</strong></span> <span class='ocrx_word' id='word_1_296' title='bbox 898 2436 966 2475; x_wconf 94' lang='lat' dir='ltr'><strong>eo</strong></span> <span class='ocrx_word' id='word_1_297' title='bbox 996 2420 1247 2491; x_wconf 65' lang='lat' dir='ltr'><strong>praeduce</strong></span> <span class='ocrx_word' id='word_1_298' title='bbox 1290 2420 1384 2489; x_wconf 86' lang='lat' dir='ltr'><strong>qui</strong></span> <span class='ocrx_word' id='word_1_299' title='bbox 1431 2420 1699 2489; x_wconf 62' lang='lat' dir='ltr'><strong>superbia:</strong></span> <span class='ocrx_word' id='word_1_300' title='bbox 1745 2419 1937 2489; x_wconf 80' lang='lat' dir='ltr'><strong>auriga</strong></span> <span class='ocrx_word' id='word_1_301' title='bbox 1976 2428 2061 2474; x_wconf 91' lang='lat' dir='ltr'><strong>est</strong></span> <span class='ocrx_word' id='word_1_302' title='bbox 2093 2426 2153 2473; x_wconf 89' lang='lat' dir='ltr'><strong>et</strong></span> 
     </span>
    </p>
   </div>
   <div class='ocr_carea' id='block_1_32' title="bbox 2169 2417 3769 2496">
    <p class='ocr_par' dir='ltr' id='par_1_32' title="bbox 2250 2417 3769 2496">
     <span class='ocr_line' id='line_1_32' title="bbox 2250 2417 3769 2496; baseline -0.007 -15"><span class='ocrx_word' id='word_1_303' title='bbox 2250 2427 2399 2489; x_wconf 86' lang='grc' dir='ltr'>ὅστις</span> <span class='ocrx_word' id='word_1_304' title='bbox 2440 2425 2545 2479; x_wconf 83' lang='grc' dir='ltr'><strong>ὑπὸ</strong></span> <span class='ocrx_word' id='word_1_305' title='bbox 2598 2424 2694 2480; x_wconf 87' lang='grc' dir='ltr'>τοῦ</span> <span class='ocrx_word' id='word_1_306' title='bbox 2732 2423 2942 2496; x_wconf 79' lang='grc' dir='ltr'>Κυρίου</span> <span class='ocrx_word' id='word_1_307' title='bbox 2977 2420 3386 2490; x_wconf 85' lang='grc' dir='ltr'>καταϐέϐληται</span> <span class='ocrx_word' id='word_1_308' title='bbox 3412 2418 3527 2489; x_wconf 82' lang='grc' dir='ltr'>μὲν,</span> <span class='ocrx_word' id='word_1_309' title='bbox 3555 2417 3769 2470; x_wconf 75' lang='grc' dir='ltr'>συνελαύ-</span> 
     </span>
    </p>
   </div>
   <div class='ocr_carea' id='block_1_33' title="bbox 581 2509 2181 2584">
    <p class='ocr_par' dir='ltr' id='par_1_33' title="bbox 581 2512 2150 2584">
     <span class='ocr_line' id='line_1_33' title="bbox 581 2512 2150 2584; baseline -0.002 -17"><span class='ocrx_word' id='word_1_310' title='bbox 581 2514 860 2584; x_wconf 91' lang='lat' dir='ltr'><strong>princeps.</strong></span> <span class='ocrx_word' id='word_1_311' title='bbox 909 2514 1078 2583; x_wconf 83' lang='lat' dir='ltr'><strong>Atqui</strong></span> <span class='ocrx_word' id='word_1_312' title='bbox 1110 2514 1201 2568; x_wconf 92' lang='lat' dir='ltr'><strong>hic</strong></span> <span class='ocrx_word' id='word_1_313' title='bbox 1240 2513 1455 2568; x_wconf 88' lang='lat' dir='ltr'><strong>Domini</strong></span> <span class='ocrx_word' id='word_1_314' title='bbox 1485 2512 1718 2582; x_wconf 84' lang='lat' dir='ltr'><strong>imperio</strong></span> <span class='ocrx_word' id='word_1_315' title='bbox 1754 2512 2001 2582; x_wconf 75' lang='lat' dir='ltr'><strong>deiectus</strong></span> <span class='ocrx_word' id='word_1_316' title='bbox 2029 2520 2150 2574; x_wconf 89' lang='lat' dir='ltr'><strong>est;</strong></span> 
     </span>
    </p>
   </div>
   <div class='ocr_carea' id='block_1_34' title="bbox 2170 2509 3770 2584">
    <p class='ocr_par' dir='ltr' id='par_1_34' title="bbox 2251 2509 3770 2584">
     <span class='ocr_line' id='line_1_34' title="bbox 2251 2509 3770 2584; baseline -0.007 -11"><span class='ocrx_word' id='word_1_317' title='bbox 2251 2536 2332 2573; x_wconf 89' lang='grc' dir='ltr'><strong>νει</strong></span> <span class='ocrx_word' id='word_1_318' title='bbox 2365 2518 2422 2571; x_wconf 78' lang='grc' dir='ltr'>δὲ</span> <span class='ocrx_word' id='word_1_319' title='bbox 2454 2518 2663 2581; x_wconf 83' lang='grc' dir='ltr'>πάντας</span> <span class='ocrx_word' id='word_1_320' title='bbox 2689 2516 2817 2579; x_wconf 81' lang='grc' dir='ltr'>τοὺς</span> <span class='ocrx_word' id='word_1_321' title='bbox 2855 2514 3158 2584; x_wconf 76' lang='grc' dir='ltr'><strong>ἑπομένους</strong></span> <span class='ocrx_word' id='word_1_322' title='bbox 3188 2511 3343 2581; x_wconf 82' lang='grc' dir='ltr'>αὐτῷ</span> <span class='ocrx_word' id='word_1_323' title='bbox 3387 2512 3465 2574; x_wconf 87' lang='grc' dir='ltr'><strong>είς</strong></span> <span class='ocrx_word' id='word_1_324' title='bbox 3496 2510 3586 2580; x_wconf 76' lang='grc' dir='ltr'><strong>τὴν</strong></span> <span class='ocrx_word' id='word_1_325' title='bbox 3621 2509 3770 2563; x_wconf 76' lang='grc' dir='ltr'>ἑαυτοῦ</span> 
     </span>
    </p>
   </div>
   <div class='ocr_carea' id='block_1_35' title="bbox 580 2599 2180 2677">
    <p class='ocr_par' dir='ltr' id='par_1_35' title="bbox 580 2603 2150 2676">
     <span class='ocr_line' id='line_1_35' title="bbox 580 2603 2150 2676; baseline -0.003 -15"><span class='ocrx_word' id='word_1_326' title='bbox 580 2622 677 2661; x_wconf 86' lang='lat' dir='ltr'><strong>eos</strong></span> <span class='ocrx_word' id='word_1_327' title='bbox 707 2616 950 2661; x_wconf 89' lang='lat' dir='ltr'><strong>attamen</strong></span> <span class='ocrx_word' id='word_1_328' title='bbox 993 2606 1083 2661; x_wconf 88' lang='lat' dir='ltr'><strong>hic</strong></span> <span class='ocrx_word' id='word_1_329' title='bbox 1131 2608 1382 2676; x_wconf 90' lang='lat' dir='ltr'><strong>impurus</strong></span> <span class='ocrx_word' id='word_1_330' title='bbox 1418 2606 1709 2675; x_wconf 88' lang='lat' dir='ltr'><strong>inquietat,</strong></span> <span class='ocrx_word' id='word_1_331' title='bbox 1738 2605 1831 2674; x_wconf 93' lang='lat' dir='ltr'><strong>qui</strong></span> <span class='ocrx_word' id='word_1_332' title='bbox 1864 2604 2041 2673; x_wconf 91' lang='lat' dir='ltr'><strong>ipsum</strong></span> <span class='ocrx_word' id='word_1_333' title='bbox 2084 2603 2150 2656; x_wconf 92' lang='lat' dir='ltr'><strong>ad</strong></span> 
     </span>
    </p>
   </div>
   <div class='ocr_carea' id='block_1_36' title="bbox 2170 2599 3770 2677">
    <p class='ocr_par' dir='ltr' id='par_1_36' title="bbox 2252 2599 3770 2677">
     <span class='ocr_line' id='line_1_36' title="bbox 2252 2599 3770 2677; baseline -0.007 -14"><span class='ocrx_word' id='word_1_334' title='bbox 2252 2608 2549 2664; x_wconf 80' lang='grc' dir='ltr'>ἀπώλειαν.</span> <span class='ocrx_word' id='word_1_335' title='bbox 2591 2609 2665 2663; x_wconf 77' lang='grc' dir='ltr'>Οὐ</span> <span class='ocrx_word' id='word_1_336' title='bbox 2685 2606 2907 2677; x_wconf 82' lang='grc' dir='ltr'>θεμιτὸν</span> <span class='ocrx_word' id='word_1_337' title='bbox 2950 2600 3045 2659; x_wconf 82' lang='grc' dir='ltr'><strong>οὖν</strong></span> <span class='ocrx_word' id='word_1_338' title='bbox 3070 2606 3181 2666; x_wconf 87' lang='grc' dir='ltr'>τοῖς</span> <span class='ocrx_word' id='word_1_339' title='bbox 3217 2599 3279 2656; x_wconf 82' lang='grc' dir='ltr'><strong>εὖ</strong></span> <span class='ocrx_word' id='word_1_340' title='bbox 3312 2600 3562 2673; x_wconf 81' lang='grc' dir='ltr'><strong>φρονοῦσι</strong></span> <span class='ocrx_word' id='word_1_341' title='bbox 3590 2601 3678 2654; x_wconf 78' lang='grc' dir='ltr'>ὑπὸ</span> <span class='ocrx_word' id='word_1_342' title='bbox 3702 2600 3770 2654; x_wconf 81' lang='grc' dir='ltr'>τοῦ</span> 
     </span>
    </p>
   </div>
   <div class='ocr_carea' id='block_1_37' title="bbox 579 2692 2179 2772">
    <p class='ocr_par' dir='ltr' id='par_1_37' title="bbox 579 2693 2153 2765">
     <span class='ocr_line' id='line_1_37' title="bbox 579 2693 2153 2765; baseline -0.004 -14"><span class='ocrx_word' id='word_1_343' title='bbox 579 2697 777 2751; x_wconf 62' lang='lat' dir='ltr'><strong>animae</strong></span> <span class='ocrx_word' id='word_1_344' title='bbox 817 2712 990 2765; x_wconf 90' lang='lat' dir='ltr'><strong>usque</strong></span> <span class='ocrx_word' id='word_1_345' title='bbox 1034 2696 1413 2765; x_wconf 88' lang='lat' dir='ltr'><strong>depulsionem</strong></span> <span class='ocrx_word' id='word_1_346' title='bbox 1457 2704 1782 2765; x_wconf 89' lang='lat' dir='ltr'><strong>sequuntur.</strong></span> <span class='ocrx_word' id='word_1_347' title='bbox 1816 2693 1935 2747; x_wconf 85' lang='lat' dir='ltr'><strong>Non</strong></span> <span class='ocrx_word' id='word_1_348' title='bbox 1983 2693 2153 2763; x_wconf 80' lang='lat' dir='ltr'><strong>igitur</strong></span> 
     </span>
    </p>
   </div>
   <div class='ocr_carea' id='block_1_38' title="bbox 2171 2692 3771 2772">
    <p class='ocr_par' dir='ltr' id='par_1_38' title="bbox 2253 2692 3771 2772">
     <span class='ocr_line' id='line_1_38' title="bbox 2253 2692 3771 2772; baseline -0.007 -16"><span class='ocrx_word' id='word_1_349' title='bbox 2253 2702 2553 2772; x_wconf 80' lang='grc' dir='ltr'>δυσμενοῦς</span> <span class='ocrx_word' id='word_1_350' title='bbox 2580 2699 2937 2771; x_wconf 79' lang='grc' dir='ltr'><strong>ἡνιοχεῖσθαι,</strong></span> <span class='ocrx_word' id='word_1_351' title='bbox 2968 2697 3057 2750; x_wconf 79' lang='grc' dir='ltr'><strong>ἵνα</strong></span> <span class='ocrx_word' id='word_1_352' title='bbox 3096 2697 3172 2767; x_wconf 87' lang='grc' dir='ltr'>μὴ</span> <span class='ocrx_word' id='word_1_353' title='bbox 3204 2696 3308 2749; x_wconf 77' lang='grc' dir='ltr'><strong>σὺν</strong></span> <span class='ocrx_word' id='word_1_354' title='bbox 3352 2694 3498 2765; x_wconf 83' lang='grc' dir='ltr'><strong>αὑτῷ</strong></span> <span class='ocrx_word' id='word_1_355' title='bbox 3524 2695 3598 2756; x_wconf 86' lang='grc' dir='ltr'><strong>είς</strong></span> <span class='ocrx_word' id='word_1_356' title='bbox 3624 2692 3771 2764; x_wconf 80' lang='grc' dir='ltr'><strong>βόθρον</strong></span> 
     </span>
    </p>
   </div>
   <div class='ocr_carea' id='block_1_39' title="bbox 581 2786 2181 2863">
    <p class='ocr_par' dir='ltr' id='par_1_39' title="bbox 581 2786 2150 2861">
     <span class='ocr_line' id='line_1_39' title="bbox 581 2786 2150 2861; baseline -0.006 -14"><span class='ocrx_word' id='word_1_357' title='bbox 581 2806 799 2861; x_wconf 68' lang='lat' dir='ltr'><strong>mquam</strong></span> <span class='ocrx_word' id='word_1_358' title='bbox 856 2790 1046 2852; x_wconf 86' lang='lat' dir='ltr'><strong>fuerit,</strong></span> <span class='ocrx_word' id='word_1_359' title='bbox 1097 2798 1158 2844; x_wconf 93' lang='lat' dir='ltr'><strong>ut</strong></span> <span class='ocrx_word' id='word_1_360' title='bbox 1205 2789 1299 2859; x_wconf 86' lang='lat' dir='ltr'><strong>qui</strong></span> <span class='ocrx_word' id='word_1_361' title='bbox 1362 2804 1507 2843; x_wconf 66' lang='lat' dir='ltr'><strong>sana:</strong></span> <span class='ocrx_word' id='word_1_362' title='bbox 1567 2794 1695 2841; x_wconf 92' lang='lat' dir='ltr'><strong>sunt</strong></span> <span class='ocrx_word' id='word_1_363' title='bbox 1753 2786 1988 2849; x_wconf 89' lang='lat' dir='ltr'><strong>mentis,</strong></span> <span class='ocrx_word' id='word_1_364' title='bbox 2042 2794 2150 2838; x_wconf 91' lang='lat' dir='ltr'><strong>tam</strong></span> 
     </span>
    </p>
   </div>
   <div class='ocr_carea' id='block_1_40' title="bbox 2171 2786 3771 2863">
    <p class='ocr_par' dir='ltr' id='par_1_40' title="bbox 2255 2786 3771 2863">
     <span class='ocr_line' id='line_1_40' title="bbox 2255 2786 3771 2863; baseline -0.008 -14"><span class='ocrx_word' id='word_1_365' title='bbox 2255 2795 2541 2858; x_wconf 75' lang='grc' dir='ltr'>κολάσεως</span> <span class='ocrx_word' id='word_1_366' title='bbox 2557 2792 2965 2863; x_wconf 90' lang='grc' dir='ltr'>κατασυρῶσιν,</span> <span class='ocrx_word' id='word_1_367' title='bbox 2994 2790 3131 2845; x_wconf 83' lang='grc' dir='ltr'>ἀλλὰ</span> <span class='ocrx_word' id='word_1_368' title='bbox 3160 2788 3373 2857; x_wconf 83' lang='grc' dir='ltr'>μᾶλλον</span> <span class='ocrx_word' id='word_1_369' title='bbox 3401 2788 3504 2840; x_wconf 80' lang='grc' dir='ltr'><strong>ὑπὸ</strong></span> <span class='ocrx_word' id='word_1_370' title='bbox 3528 2786 3612 2840; x_wconf 87' lang='grc' dir='ltr'>τοῦ</span> <span class='ocrx_word' id='word_1_371' title='bbox 3649 2788 3771 2838; x_wconf 77' lang='grc' dir='ltr'><strong>Ἀτο-</strong></span> 
     </span>
    </p>
   </div>
   <div class='ocr_carea' id='block_1_41' title="bbox 581 2875 2181 2957">
    <p class='ocr_par' dir='ltr' id='par_1_41' title="bbox 581 2875 2153 2949">
     <span class='ocr_line' id='line_1_41' title="bbox 581 2875 2153 2949; baseline -0.006 -12"><span class='ocrx_word' id='word_1_372' title='bbox 581 2880 800 2937; x_wconf 91' lang='lat' dir='ltr'><strong>cruenti</strong></span> <span class='ocrx_word' id='word_1_373' title='bbox 828 2880 1005 2935; x_wconf 87' lang='lat' dir='ltr'><strong>hostis</strong></span> <span class='ocrx_word' id='word_1_374' title='bbox 1027 2879 1182 2934; x_wconf 88' lang='lat' dir='ltr'><strong>frena</strong></span> <span class='ocrx_word' id='word_1_375' title='bbox 1206 2879 1507 2949; x_wconf 89' lang='lat' dir='ltr'><strong>patiantur,</strong></span> <span class='ocrx_word' id='word_1_376' title='bbox 1534 2894 1602 2933; x_wconf 90' lang='lat' dir='ltr'><strong>ne</strong></span> <span class='ocrx_word' id='word_1_377' title='bbox 1631 2877 1780 2931; x_wconf 89' lang='lat' dir='ltr'><strong>illius</strong></span> <span class='ocrx_word' id='word_1_378' title='bbox 1810 2875 2153 2945; x_wconf 82' lang='lat' dir='ltr'><strong>aurigatione</strong></span> 
     </span>
    </p>
   </div>
   <div class='ocr_carea' id='block_1_42' title="bbox 2171 2875 3771 2957">
    <p class='ocr_par' dir='ltr' id='par_1_42' title="bbox 2256 2880 3771 2957">
     <span class='ocr_line' id='line_1_42' title="bbox 2256 2880 3771 2957; baseline -0.009 -15"><span class='ocrx_word' id='word_1_379' title='bbox 2256 2889 2447 2951; x_wconf 81' lang='grc' dir='ltr'>στόλου</span> <span class='ocrx_word' id='word_1_380' title='bbox 2489 2890 2567 2951; x_wconf 87' lang='grc' dir='ltr'><strong>είς</strong></span> <span class='ocrx_word' id='word_1_381' title='bbox 2600 2886 2747 2957; x_wconf 82' lang='grc' dir='ltr'>ζωὴν</span> <span class='ocrx_word' id='word_1_382' title='bbox 2772 2882 3106 2955; x_wconf 82' lang='grc' dir='ltr'>όδηγεῖσθαι,</span> <span class='ocrx_word' id='word_1_383' title='bbox 3132 2882 3228 2936; x_wconf 90' lang='grc' dir='ltr'>τοῦ</span> <span class='ocrx_word' id='word_1_384' title='bbox 3266 2881 3537 2947; x_wconf 86' lang='grc' dir='ltr'>λέγοντος·</span> <span class='ocrx_word' id='word_1_385' title='bbox 3575 2897 3593 2930; x_wconf 79' lang='grc' dir='ltr'><strong>ι</strong></span> <span class='ocrx_word' id='word_1_386' title='bbox 3622 2880 3771 2947; x_wconf 77' lang='grc' dir='ltr'>Ἔχον-</span> 
     </span>
    </p>
   </div>
   <div class='ocr_carea' id='block_1_43' title="bbox 583 2967 2183 3047">
    <p class='ocr_par' dir='ltr' id='par_1_43' title="bbox 583 2967 2150 3043">
     <span class='ocr_line' id='line_1_43' title="bbox 583 2967 2150 3043; baseline -0.005 -15"><span class='ocrx_word' id='word_1_387' title='bbox 583 2989 709 3029; x_wconf 91' lang='lat' dir='ltr'><strong>cum</strong></span> <span class='ocrx_word' id='word_1_388' title='bbox 750 2989 851 3027; x_wconf 90' lang='lat' dir='ltr'><strong>suo</strong></span> <span class='ocrx_word' id='word_1_389' title='bbox 890 2973 1083 3043; x_wconf 78' lang='lat' dir='ltr'><strong>auriga</strong></span> <span class='ocrx_word' id='word_1_390' title='bbox 1114 2972 1169 3026; x_wconf 89' lang='lat' dir='ltr'><strong>in</strong></span> <span class='ocrx_word' id='word_1_391' title='bbox 1211 2979 1439 3042; x_wconf 87' lang='lat' dir='ltr'><strong>puteum</strong></span> <span class='ocrx_word' id='word_1_392' title='bbox 1484 2970 1829 3040; x_wconf 90' lang='lat' dir='ltr'><strong>abripiantur</strong></span> <span class='ocrx_word' id='word_1_393' title='bbox 1855 2967 2150 3037; x_wconf 90' lang='lat' dir='ltr'><strong>supplicii:</strong></span> 
     </span>
    </p>
   </div>
   <div class='ocr_carea' id='block_1_44' title="bbox 2173 2967 3773 3047">
    <p class='ocr_par' dir='ltr' id='par_1_44' title="bbox 2254 2967 3773 3047">
     <span class='ocr_line' id='line_1_44' title="bbox 2254 2967 3773 3047; baseline -0.009 -16"><span class='ocrx_word' id='word_1_394' title='bbox 2254 2995 2345 3040; x_wconf 89' lang='grc' dir='ltr'><strong>τες</strong></span> <span class='ocrx_word' id='word_1_395' title='bbox 2372 2975 2666 3047; x_wconf 78' lang='grc' dir='ltr'>διατροφὰς</span> <span class='ocrx_word' id='word_1_396' title='bbox 2694 2975 2790 3028; x_wconf 80' lang='grc' dir='ltr'><strong>καὶ</strong></span> <span class='ocrx_word' id='word_1_397' title='bbox 2820 2973 3204 3044; x_wconf 83' lang='grc' dir='ltr'><strong>σκεπάσματα,</strong></span> <span class='ocrx_word' id='word_1_398' title='bbox 3234 2970 3448 3033; x_wconf 79' lang='grc' dir='ltr'>τούτοις</span> <span class='ocrx_word' id='word_1_399' title='bbox 3493 2967 3773 3039; x_wconf 81' lang='grc' dir='ltr'>ἀρκεσθησό-</span> 
     </span>
    </p>
   </div>
   <div class='ocr_carea' id='block_1_45' title="bbox 582 3059 2182 3140">
    <p class='ocr_par' dir='ltr' id='par_1_45' title="bbox 582 3059 2155 3137">
     <span class='ocr_line' id='line_1_45' title="bbox 582 3059 2155 3137; baseline -0.004 -17"><span class='ocrx_word' id='word_1_400' title='bbox 582 3067 718 3137; x_wconf 92' lang='lat' dir='ltr'><strong>quin</strong></span> <span class='ocrx_word' id='word_1_401' title='bbox 749 3066 932 3135; x_wconf 90' lang='lat' dir='ltr'><strong>potius</strong></span> <span class='ocrx_word' id='word_1_402' title='bbox 955 3066 1207 3135; x_wconf 64' lang='lat' dir='ltr'><strong>praeitore</strong></span> <span class='ocrx_word' id='word_1_403' title='bbox 1237 3064 1518 3134; x_wconf 80' lang='lat' dir='ltr'><strong>Apostolo,</strong></span> <span class='ocrx_word' id='word_1_404' title='bbox 1540 3071 1688 3117; x_wconf 89' lang='lat' dir='ltr'><strong>recta</strong></span> <span class='ocrx_word' id='word_1_405' title='bbox 1720 3061 2056 3117; x_wconf 88' lang='lat' dir='ltr'><strong>contendant</strong></span> <span class='ocrx_word' id='word_1_406' title='bbox 2087 3059 2155 3114; x_wconf 90' lang='lat' dir='ltr'><strong>ad</strong></span> 
     </span>
    </p>
   </div>
   <div class='ocr_carea' id='block_1_46' title="bbox 2173 3059 3773 3140">
    <p class='ocr_par' dir='ltr' id='par_1_46' title="bbox 2259 3061 3773 3140">
     <span class='ocr_line' id='line_1_46' title="bbox 2259 3061 3773 3140; baseline -0.007 -19"><span class='ocrx_word' id='word_1_407' title='bbox 2259 3069 2419 3139; x_wconf 86' lang='grc' dir='ltr'>μεθα.</span> <span class='ocrx_word' id='word_1_408' title='bbox 2450 3070 2512 3122; x_wconf 78' lang='lat' dir='ltr'><strong>Oi</strong></span> <span class='ocrx_word' id='word_1_409' title='bbox 2541 3067 2652 3140; x_wconf 79' lang='grc' dir='ltr'><strong>γάρ</strong></span> <span class='ocrx_word' id='word_1_410' title='bbox 2684 3066 3003 3138; x_wconf 80' lang='grc' dir='ltr'>βουλόμενοι</span> <span class='ocrx_word' id='word_1_411' title='bbox 3040 3066 3325 3126; x_wconf 82' lang='grc' dir='ltr'>πλουτεῖν,</span> <span class='ocrx_word' id='word_1_412' title='bbox 3354 3063 3693 3133; x_wconf 77' lang='grc' dir='ltr'><strong>ἐμπίπτουσιν</strong></span> <span class='ocrx_word' id='word_1_413' title='bbox 3716 3061 3773 3121; x_wconf 85' lang='grc' dir='ltr'><strong>είς</strong></span> 
     </span>
    </p>
   </div>
   <div class='ocr_carea' id='block_1_47' title="bbox 582 3147 2182 3233">
    <p class='ocr_par' dir='ltr' id='par_1_47' title="bbox 582 3154 2159 3225">
     <span class='ocr_line' id='line_1_47' title="bbox 582 3154 2159 3225; baseline -0.003 -13"><span class='ocrx_word' id='word_1_414' title='bbox 582 3159 773 3212; x_wconf 90' lang='lat' dir='ltr'><strong>vitam.</strong></span> <span class='ocrx_word' id='word_1_415' title='bbox 823 3175 840 3206; x_wconf 80' lang='grc' dir='ltr'><strong>ι</strong></span> <span class='ocrx_word' id='word_1_416' title='bbox 868 3155 1167 3222; x_wconf 86' lang='lat' dir='ltr'><strong>Habentes,</strong></span> <span class='ocrx_word' id='word_1_417' title='bbox 1204 3156 1401 3225; x_wconf 91' lang='lat' dir='ltr'><strong>inquit,</strong></span> <span class='ocrx_word' id='word_1_418' title='bbox 1434 3155 1664 3218; x_wconf 76' lang='lat' dir='ltr'><strong>victum,</strong></span> <span class='ocrx_word' id='word_1_419' title='bbox 1690 3163 1747 3209; x_wconf 88' lang='lat' dir='ltr'><strong>et</strong></span> <span class='ocrx_word' id='word_1_420' title='bbox 1774 3154 1977 3223; x_wconf 89' lang='lat' dir='ltr'><strong>quibus</strong></span> <span class='ocrx_word' id='word_1_421' title='bbox 2010 3165 2159 3223; x_wconf 87' lang='lat' dir='ltr'><strong>tega-</strong></span> 
     </span>
    </p>
   </div>
   <div class='ocr_carea' id='block_1_48' title="bbox 2174 3147 3774 3233">
    <p class='ocr_par' dir='ltr' id='par_1_48' title="bbox 2259 3147 3774 3233">
     <span class='ocr_line' id='line_1_48' title="bbox 2259 3147 3774 3233; baseline -0.009 -18"><span class='ocrx_word' id='word_1_422' title='bbox 2259 3161 2562 3233; x_wconf 78' lang='grc' dir='ltr'>πειρασμὸν</span> <span class='ocrx_word' id='word_1_423' title='bbox 2606 3159 2700 3213; x_wconf 77' lang='grc' dir='ltr'><strong>καὶ</strong></span> <span class='ocrx_word' id='word_1_424' title='bbox 2736 3158 2940 3227; x_wconf 89' lang='grc' dir='ltr'>παγίδα</span> <span class='ocrx_word' id='word_1_425' title='bbox 2982 3155 3075 3210; x_wconf 85' lang='grc' dir='ltr'>τοῦ</span> <span class='ocrx_word' id='word_1_426' title='bbox 3126 3155 3411 3210; x_wconf 86' lang='grc' dir='ltr'>διαϐόλου.</span> <span class='ocrx_word' id='word_1_427' title='bbox 3436 3172 3455 3205; x_wconf 69' lang='grc' dir='ltr'><strong>ι</strong></span> <span class='ocrx_word' id='word_1_428' title='bbox 3502 3153 3556 3207; x_wconf 87' lang='lat'><strong>&#39;0</strong></span> <span class='ocrx_word' id='word_1_429' title='bbox 3600 3147 3679 3204; x_wconf 78' lang='grc' dir='ltr'>οῦν</span> <span class='ocrx_word' id='word_1_430' title='bbox 3711 3151 3774 3203; x_wconf 81' lang='grc' dir='ltr'>δε-</span> 
     </span>
    </p>
   </div>
   <div class='ocr_carea' id='block_1_49' title="bbox 586 3240 2186 3325">
    <p class='ocr_par' dir='ltr' id='par_1_49' title="bbox 586 3243 2186 3316">
     <span class='ocr_line' id='line_1_49' title="bbox 586 3243 2186 3316; baseline -0.006 -13"><span class='ocrx_word' id='word_1_431' title='bbox 586 3264 737 3315; x_wconf 87' lang='lat' dir='ltr'><strong>mur,</strong></span> <span class='ocrx_word' id='word_1_432' title='bbox 768 3249 858 3303; x_wconf 85' lang='lat' dir='ltr'><strong>his</strong></span> <span class='ocrx_word' id='word_1_433' title='bbox 894 3249 1137 3303; x_wconf 86' lang='lat' dir='ltr'><strong>contenti</strong></span> <span class='ocrx_word' id='word_1_434' title='bbox 1163 3249 1392 3311; x_wconf 82' lang='lat' dir='ltr'><strong>erimus,</strong></span> <span class='ocrx_word' id='word_1_435' title='bbox 1419 3248 1514 3316; x_wconf 90' lang='lat' dir='ltr'><strong>qui</strong></span> <span class='ocrx_word' id='word_1_436' title='bbox 1543 3246 1693 3301; x_wconf 90' lang='lat' dir='ltr'><strong>enim</strong></span> <span class='ocrx_word' id='word_1_437' title='bbox 1720 3245 1915 3299; x_wconf 90' lang='lat' dir='ltr'><strong>volunt</strong></span> <span class='ocrx_word' id='word_1_438' title='bbox 1946 3243 2150 3298; x_wconf 87' lang='lat' dir='ltr'><strong>divites</strong></span> <span class='ocrx_word' id='word_1_439' title='bbox 2179 3250 2186 3293; x_wconf 71' lang='grc' dir='ltr'><strong>ι</strong></span> 
     </span>
    </p>
   </div>
   <div class='ocr_carea' id='block_1_50' title="bbox 2173 3240 3773 3325">
    <p class='ocr_par' dir='ltr' id='par_1_50' title="bbox 2179 3240 3773 3325">
     <span class='ocr_line' id='line_1_50' title="bbox 2179 3240 3773 3325; baseline -0.01 -16"><span class='ocrx_word' id='word_1_440' title='bbox 2179 3241 2227 3302; x_wconf 75' lang='lat' dir='ltr'><strong>C</strong></span> <span class='ocrx_word' id='word_1_441' title='bbox 2256 3256 2384 3317; x_wconf 83' lang='grc' dir='ltr'>διὼς</span> <span class='ocrx_word' id='word_1_442' title='bbox 2420 3254 2520 3325; x_wconf 84' lang='grc' dir='ltr'>τὴν</span> <span class='ocrx_word' id='word_1_443' title='bbox 2551 3250 2770 3322; x_wconf 83' lang='grc' dir='ltr'>ἐντολὴν</span> <span class='ocrx_word' id='word_1_444' title='bbox 2799 3249 2893 3304; x_wconf 87' lang='grc' dir='ltr'>τοῦ</span> <span class='ocrx_word' id='word_1_445' title='bbox 2937 3247 3292 3309; x_wconf 81' lang='grc' dir='ltr'>’Δποστόλου,</span> <span class='ocrx_word' id='word_1_446' title='bbox 3332 3246 3530 3317; x_wconf 78' lang='grc' dir='ltr'>μᾶλλον</span> <span class='ocrx_word' id='word_1_447' title='bbox 3570 3244 3620 3297; x_wconf 82' lang='grc' dir='ltr'>δὲ</span> <span class='ocrx_word' id='word_1_448' title='bbox 3645 3240 3773 3295; x_wconf 76' lang='grc' dir='ltr'>αὐτοῦ</span> 
     </span>
    </p>
   </div>
   <div class='ocr_carea' id='block_1_51' title="bbox 584 3332 2184 3413">
    <p class='ocr_par' dir='ltr' id='par_1_51' title="bbox 584 3332 2161 3404">
     <span class='ocr_line' id='line_1_51' title="bbox 584 3332 2161 3404; baseline -0.004 -11"><span class='ocrx_word' id='word_1_449' title='bbox 584 3337 738 3402; x_wconf 82' lang='lat' dir='ltr'><strong>ﬁeri,</strong></span> <span class='ocrx_word' id='word_1_450' title='bbox 787 3338 1040 3393; x_wconf 90' lang='lat' dir='ltr'><strong>incidunt</strong></span> <span class='ocrx_word' id='word_1_451' title='bbox 1086 3338 1142 3392; x_wconf 90' lang='lat' dir='ltr'><strong>in</strong></span> <span class='ocrx_word' id='word_1_452' title='bbox 1199 3338 1561 3392; x_wconf 87' lang='lat' dir='ltr'><strong>tentationem</strong></span> <span class='ocrx_word' id='word_1_453' title='bbox 1617 3345 1675 3389; x_wconf 88' lang='lat' dir='ltr'><strong>et</strong></span> <span class='ocrx_word' id='word_1_454' title='bbox 1730 3335 1985 3404; x_wconf 90' lang='lat' dir='ltr'><strong>laqueum</strong></span> <span class='ocrx_word' id='word_1_455' title='bbox 2043 3332 2161 3387; x_wconf 89' lang='lat' dir='ltr'><strong>dia-</strong></span> 
     </span>
    </p>
   </div>
   <div class='ocr_carea' id='block_1_52' title="bbox 2174 3332 3774 3413">
    <p class='ocr_par' dir='ltr' id='par_1_52' title="bbox 2257 3333 3774 3413">
     <span class='ocr_line' id='line_1_52' title="bbox 2257 3333 3774 3413; baseline -0.011 -12"><span class='ocrx_word' id='word_1_456' title='bbox 2257 3347 2353 3401; x_wconf 88' lang='grc' dir='ltr'>τοῦ</span> <span class='ocrx_word' id='word_1_457' title='bbox 2376 3347 2603 3413; x_wconf 80' lang='grc' dir='ltr'>Κυρίου,</span> <span class='ocrx_word' id='word_1_458' title='bbox 2620 3344 2894 3411; x_wconf 75' lang='grc' dir='ltr'>λέγοντοςο</span> <span class='ocrx_word' id='word_1_459' title='bbox 2921 3359 2939 3393; x_wconf 81' lang='lat' dir='ltr'><strong>t</strong></span> <span class='ocrx_word' id='word_1_460' title='bbox 2960 3341 3053 3411; x_wconf 86' lang='grc' dir='ltr'><strong>Μὴ</strong></span> <span class='ocrx_word' id='word_1_461' title='bbox 3069 3339 3350 3410; x_wconf 83' lang='grc' dir='ltr'>κτήσησθε</span> <span class='ocrx_word' id='word_1_462' title='bbox 3372 3336 3562 3408; x_wconf 83' lang='grc' dir='ltr'>χρυσὸν</span> <span class='ocrx_word' id='word_1_463' title='bbox 3580 3336 3662 3388; x_wconf 72' lang='grc' dir='ltr'>καὶ</span> <span class='ocrx_word' id='word_1_464' title='bbox 3699 3333 3774 3403; x_wconf 80' lang='grc' dir='ltr'><strong>ἆρ-</strong></span> 
     </span>
    </p>
   </div>
   <div class='ocr_carea' id='block_1_53' title="bbox 584 3427 2184 3508">
    <p class='ocr_par' dir='ltr' id='par_1_53' title="bbox 584 3427 2161 3501">
     <span class='ocr_line' id='line_1_53' title="bbox 584 3427 2161 3501; baseline -0.004 -13"><span class='ocrx_word' id='word_1_465' title='bbox 584 3432 700 3488; x_wconf 82' lang='lat' dir='ltr'><strong>boli</strong></span> <span class='ocrx_word' id='word_1_466' title='bbox 724 3433 790 3486; x_wconf 77' lang='grc'><strong>⁸⁸.</strong></span> <span class='ocrx_word' id='word_1_467' title='bbox 830 3451 848 3485; x_wconf 76' lang='grc' dir='ltr'><strong>ι</strong></span> <span class='ocrx_word' id='word_1_468' title='bbox 885 3431 1137 3487; x_wconf 78' lang='lat' dir='ltr'><strong>Profecto</strong></span> <span class='ocrx_word' id='word_1_469' title='bbox 1178 3431 1272 3501; x_wconf 88' lang='lat' dir='ltr'><strong>qui</strong></span> <span class='ocrx_word' id='word_1_470' title='bbox 1303 3430 1551 3499; x_wconf 87' lang='lat' dir='ltr'><strong>Apostoli</strong></span> <span class='ocrx_word' id='word_1_471' title='bbox 1596 3427 1913 3483; x_wconf 88' lang='lat' dir='ltr'><strong>mandatum</strong></span> <span class='ocrx_word' id='word_1_472' title='bbox 1943 3442 2161 3482; x_wconf 88' lang='lat' dir='ltr'><strong>revere-</strong></span> 
     </span>
    </p>
   </div>
   <div class='ocr_carea' id='block_1_54' title="bbox 2174 3427 3774 3508">
    <p class='ocr_par' dir='ltr' id='par_1_54' title="bbox 2259 3428 3774 3508">
     <span class='ocr_line' id='line_1_54' title="bbox 2259 3428 3774 3508; baseline -0.011 -13"><span class='ocrx_word' id='word_1_473' title='bbox 2259 3457 2480 3508; x_wconf 71' lang='grc' dir='ltr'>γυρον.»</span> <span class='ocrx_word' id='word_1_474' title='bbox 2504 3469 2573 3478; x_wconf 94' lang='lat'><strong>—</strong></span> <span class='ocrx_word' id='word_1_475' title='bbox 2592 3457 2611 3488; x_wconf 84' lang='grc'><strong><em>‹</em></strong></span> <span class='ocrx_word' id='word_1_476' title='bbox 2632 3436 2784 3507; x_wconf 83' lang='grc' dir='ltr'>Μηδὲ</span> <span class='ocrx_word' id='word_1_477' title='bbox 2809 3435 3111 3506; x_wconf 82' lang='grc' dir='ltr'>μεριμνᾶτε</span> <span class='ocrx_word' id='word_1_478' title='bbox 3131 3432 3183 3485; x_wconf 85' lang='grc' dir='ltr'><strong>τί</strong></span> <span class='ocrx_word' id='word_1_479' title='bbox 3201 3434 3441 3502; x_wconf 81' lang='grc' dir='ltr'>φάγητε,</span> <span class='ocrx_word' id='word_1_480' title='bbox 3471 3432 3504 3500; x_wconf 78' lang='grc' dir='ltr'>ἢ</span> <span class='ocrx_word' id='word_1_481' title='bbox 3524 3430 3573 3482; x_wconf 85' lang='grc' dir='ltr'><strong>τί</strong></span> <span class='ocrx_word' id='word_1_482' title='bbox 3602 3428 3774 3496; x_wconf 82' lang='grc' dir='ltr'>πίητεί</span> 
     </span>
    </p>
   </div>
   <div class='ocr_carea' id='block_1_55' title="bbox 585 3519 2185 3599">
    <p class='ocr_par' dir='ltr' id='par_1_55' title="bbox 585 3519 2159 3592">
     <span class='ocr_line' id='line_1_55' title="bbox 585 3519 2159 3592; baseline -0.005 -11"><span class='ocrx_word' id='word_1_483' title='bbox 585 3535 697 3592; x_wconf 90' lang='lat' dir='ltr'><strong>tur,</strong></span> <span class='ocrx_word' id='word_1_484' title='bbox 716 3526 826 3580; x_wconf 92' lang='lat' dir='ltr'><strong>imo</strong></span> <span class='ocrx_word' id='word_1_485' title='bbox 848 3525 1052 3589; x_wconf 89' lang='lat' dir='ltr'><strong>verius,</strong></span> <span class='ocrx_word' id='word_1_486' title='bbox 1078 3523 1293 3579; x_wconf 90' lang='lat' dir='ltr'><strong>Domini</strong></span> <span class='ocrx_word' id='word_1_487' title='bbox 1316 3522 1552 3579; x_wconf 89' lang='lat' dir='ltr'><strong>dicentis</strong></span> <span class='ocrx_word' id='word_1_488' title='bbox 1580 3540 1593 3576; x_wconf 87' lang='lat'><strong>:</strong></span> <span class='ocrx_word' id='word_1_489' title='bbox 1627 3539 1646 3572; x_wconf 75' lang='grc' dir='ltr'><strong>ι</strong></span> <span class='ocrx_word' id='word_1_490' title='bbox 1671 3522 1855 3578; x_wconf 84' lang='lat' dir='ltr'><strong>Nolite</strong></span> <span class='ocrx_word' id='word_1_491' title='bbox 1877 3519 2159 3591; x_wconf 92' lang='lat' dir='ltr'><strong>possidere</strong></span> 
     </span>
    </p>
   </div>
   <div class='ocr_carea' id='block_1_56' title="bbox 2180 3519 3780 3599">
    <p class='ocr_par' dir='ltr' id='par_1_56' title="bbox 2260 3519 3780 3599">
     <span class='ocr_line' id='line_1_56' title="bbox 2260 3519 3780 3599; baseline -0.011 -14"><span class='ocrx_word' id='word_1_492' title='bbox 2260 3532 2353 3585; x_wconf 79' lang='grc' dir='ltr'><strong>τὸν</strong></span> <span class='ocrx_word' id='word_1_493' title='bbox 2379 3530 2622 3584; x_wconf 87' lang='grc' dir='ltr'>τοιοῦτον</span> <span class='ocrx_word' id='word_1_494' title='bbox 2649 3528 2863 3599; x_wconf 80' lang='grc' dir='ltr'>ἡνίοχον</span> <span class='ocrx_word' id='word_1_495' title='bbox 2897 3523 3247 3587; x_wconf 83' lang='grc' dir='ltr'>καταϐάλλει,</span> <span class='ocrx_word' id='word_1_496' title='bbox 3286 3524 3382 3576; x_wconf 78' lang='grc' dir='ltr'><strong>καὶ</strong></span> <span class='ocrx_word' id='word_1_497' title='bbox 3421 3520 3523 3573; x_wconf 78' lang='grc' dir='ltr'>ὑπὸ</span> <span class='ocrx_word' id='word_1_498' title='bbox 3545 3520 3657 3582; x_wconf 78' lang='grc' dir='ltr'>τοὺς</span> <span class='ocrx_word' id='word_1_499' title='bbox 3684 3519 3780 3570; x_wconf 80' lang='grc' dir='ltr'>ἐαυ-</span> 
     </span>
    </p>
   </div>
   <div class='ocr_carea' id='block_1_57' title="bbox 587 3612 3781 3693">
    <p class='ocr_par' dir='ltr' id='par_1_57' title="bbox 587 3612 3781 3693">
     <span class='ocr_line' id='line_1_57' title="bbox 587 3612 3781 3693; baseline -0.008 -4"><span class='ocrx_word' id='word_1_500' title='bbox 587 3635 786 3673; x_wconf 74' lang='grc' dir='ltr'><strong>³υ¹⁵υω</strong></span> <span class='ocrx_word' id='word_1_501' title='bbox 809 3628 904 3673; x_wconf 66' lang='grc' dir='ltr'><strong>θυι</strong></span> <span class='ocrx_word' id='word_1_502' title='bbox 933 3628 1223 3688; x_wconf 57' lang='lat' dir='ltr'><strong>argentum</strong></span> <span class='ocrx_word' id='word_1_503' title='bbox 1249 3618 1317 3681; x_wconf 75' lang='grc' dir='ltr'><strong>⁸⁷ν</strong></span> <span class='ocrx_word' id='word_1_504' title='bbox 1349 3615 1557 3687; x_wconf 61' lang='lat'><strong>1041</strong></span> <span class='ocrx_word' id='word_1_505' title='bbox 1583 3625 1639 3671; x_wconf 74' lang='grc' dir='ltr'><strong>θῑ</strong></span> <span class='ocrx_word' id='word_1_506' title='bbox 1678 3630 1748 3670; x_wconf 72' lang='lat' dir='ltr'><strong>ne</strong></span> <span class='ocrx_word' id='word_1_507' title='bbox 1782 3614 2003 3670; x_wconf 72' lang='grc' dir='ltr'><strong>εοηίείιί</strong></span> <span class='ocrx_word' id='word_1_508' title='bbox 2041 3614 2164 3669; x_wconf 54' lang='lat' dir='ltr'><strong>Sitis</strong></span> <span class='ocrx_word' id='word_1_509' title='bbox 2262 3624 2359 3678; x_wconf 88' lang='grc' dir='ltr'>τοῦ</span> <span class='ocrx_word' id='word_1_510' title='bbox 2412 3624 2580 3687; x_wconf 82' lang='grc' dir='ltr'>πόδας</span> <span class='ocrx_word' id='word_1_511' title='bbox 2634 3620 2934 3693; x_wconf 83' lang='grc' dir='ltr'>συντρίϐει.</span> <span class='ocrx_word' id='word_1_512' title='bbox 2976 3618 3178 3682; x_wconf 78' lang='grc' dir='ltr'>Καλῶς</span> <span class='ocrx_word' id='word_1_513' title='bbox 3216 3614 3316 3671; x_wconf 79' lang='grc' dir='ltr'>οῦν</span> <span class='ocrx_word' id='word_1_514' title='bbox 3365 3618 3394 3671; x_wconf 87' lang='grc' dir='ltr'><strong>ό</strong></span> <span class='ocrx_word' id='word_1_515' title='bbox 3424 3612 3781 3685; x_wconf 79' lang='grc' dir='ltr'>Παροιμιαστὴς</span> 
     </span>
    </p>
   </div>
   <div class='ocr_carea' id='block_1_58' title="bbox 586 3706 2186 3789">
    <p class='ocr_par' dir='ltr' id='par_1_58' title="bbox 586 3708 2162 3781">
     <span class='ocr_line' id='line_1_58' title="bbox 586 3708 2162 3781; baseline -0.003 -16"><span class='ocrx_word' id='word_1_516' title='bbox 586 3710 721 3781; x_wconf 90' lang='lat' dir='ltr'><strong>quid</strong></span> <span class='ocrx_word' id='word_1_517' title='bbox 749 3710 1093 3765; x_wconf 87' lang='lat' dir='ltr'><strong>manducetis</strong></span> <span class='ocrx_word' id='word_1_518' title='bbox 1111 3720 1206 3764; x_wconf 90' lang='lat' dir='ltr'><strong>aut</strong></span> <span class='ocrx_word' id='word_1_519' title='bbox 1234 3709 1437 3764; x_wconf 88' lang='lat' dir='ltr'><strong>bibatis</strong></span> <span class='ocrx_word' id='word_1_520' title='bbox 1456 3709 1503 3741; x_wconf 81' lang='grc'><strong>⁸⁸</strong></span> <span class='ocrx_word' id='word_1_521' title='bbox 1532 3726 1545 3761; x_wconf 92' lang='lat'><strong>:</strong></span> <span class='ocrx_word' id='word_1_522' title='bbox 1578 3730 1596 3760; x_wconf 76' lang='grc' dir='ltr'><strong>ι</strong></span> <span class='ocrx_word' id='word_1_523' title='bbox 1625 3710 1673 3764; x_wconf 92' lang='lat' dir='ltr'><strong>is</strong></span> <span class='ocrx_word' id='word_1_524' title='bbox 1699 3708 1943 3778; x_wconf 88' lang='lat' dir='ltr'><strong>aurigam</strong></span> <span class='ocrx_word' id='word_1_525' title='bbox 1969 3722 2162 3777; x_wconf 90' lang='lat' dir='ltr'><strong>super-</strong></span> 
     </span>
    </p>
   </div>
   <div class='ocr_carea' id='block_1_59' title="bbox 2181 3706 3781 3789">
    <p class='ocr_par' dir='ltr' id='par_1_59' title="bbox 2262 3706 3781 3789">
     <span class='ocr_line' id='line_1_59' title="bbox 2262 3706 3781 3789; baseline -0.009 -19"><span class='ocrx_word' id='word_1_526' title='bbox 2262 3718 2519 3789; x_wconf 84' lang='grc' dir='ltr'>παραινεί</span> <span class='ocrx_word' id='word_1_527' title='bbox 2564 3718 2675 3779; x_wconf 82' lang='grc' dir='ltr'>τοῖς</span> <span class='ocrx_word' id='word_1_528' title='bbox 2725 3713 3125 3786; x_wconf 83' lang='grc' dir='ltr'>δωρολήπταις,</span> <span class='ocrx_word' id='word_1_529' title='bbox 3162 3710 3363 3777; x_wconf 87' lang='grc' dir='ltr'>λέγων·</span> <span class='ocrx_word' id='word_1_530' title='bbox 3408 3710 3534 3779; x_wconf 74' lang='grc' dir='ltr'><strong>«Μὴ</strong></span> <span class='ocrx_word' id='word_1_531' title='bbox 3572 3706 3781 3767; x_wconf 78' lang='grc' dir='ltr'>ἐκϐιάζον</span> 
     </span>
    </p>
   </div>
   <div class='ocr_carea' id='block_1_60' title="bbox 587 3799 2187 3880">
    <p class='ocr_par' dir='ltr' id='par_1_60' title="bbox 587 3799 2158 3870">
     <span class='ocr_line' id='line_1_60' title="bbox 587 3799 2158 3870; baseline -0.001 -15"><span class='ocrx_word' id='word_1_532' title='bbox 587 3801 693 3855; x_wconf 66' lang='lat' dir='ltr'><strong>hia:</strong></span> <span class='ocrx_word' id='word_1_533' title='bbox 735 3802 991 3857; x_wconf 81' lang='lat' dir='ltr'><strong>exturbat</strong></span> <span class='ocrx_word' id='word_1_534' title='bbox 1032 3817 1219 3865; x_wconf 89' lang='lat' dir='ltr'><strong>curru,</strong></span> <span class='ocrx_word' id='word_1_535' title='bbox 1268 3810 1431 3870; x_wconf 88' lang='lat' dir='ltr'><strong>atque</strong></span> <span class='ocrx_word' id='word_1_536' title='bbox 1472 3800 1588 3856; x_wconf 91' lang='lat' dir='ltr'><strong>suis</strong></span> <span class='ocrx_word' id='word_1_537' title='bbox 1630 3800 1868 3870; x_wconf 89' lang='lat' dir='ltr'><strong>proterit</strong></span> <span class='ocrx_word' id='word_1_538' title='bbox 1905 3799 2158 3869; x_wconf 90' lang='lat' dir='ltr'><strong>pedibus.</strong></span> 
     </span>
    </p>
   </div>
   <div class='ocr_carea' id='block_1_61' title="bbox 2181 3799 3781 3880">
    <p class='ocr_par' dir='ltr' id='par_1_61' title="bbox 2264 3799 3781 3880">
     <span class='ocr_line' id='line_1_61' title="bbox 2264 3799 3781 3880; baseline -0.009 -17"><span class='ocrx_word' id='word_1_539' title='bbox 2264 3811 2494 3880; x_wconf 84' lang='grc' dir='ltr'>πένητα’</span> <span class='ocrx_word' id='word_1_540' title='bbox 2530 3806 2746 3877; x_wconf 81' lang='grc' dir='ltr'>πτωχὸς</span> <span class='ocrx_word' id='word_1_541' title='bbox 2778 3805 2888 3878; x_wconf 88' lang='grc' dir='ltr'><strong>γάρ</strong></span> <span class='ocrx_word' id='word_1_542' title='bbox 2930 3808 3097 3858; x_wconf 88' lang='grc' dir='ltr'>ἐστιν.</span> <span class='ocrx_word' id='word_1_543' title='bbox 3124 3823 3142 3856; x_wconf 76' lang='grc' dir='ltr'><strong>ι</strong></span> <span class='ocrx_word' id='word_1_544' title='bbox 3172 3804 3288 3856; x_wconf 71' lang='grc' dir='ltr'><strong>Καὶ</strong></span> <span class='ocrx_word' id='word_1_545' title='bbox 3329 3802 3511 3855; x_wconf 74' lang='grc' dir='ltr'>πάλιψ</span> <span class='ocrx_word' id='word_1_546' title='bbox 3549 3818 3567 3852; x_wconf 83' lang='grc' dir='ltr'><strong>ι</strong></span> <span class='ocrx_word' id='word_1_547' title='bbox 3600 3800 3652 3852; x_wconf 79' lang='grc'><strong>’0</strong></span> <span class='ocrx_word' id='word_1_548' title='bbox 3676 3799 3781 3863; x_wconf 77' lang='grc' dir='ltr'><strong>ἀγα·</strong></span> 
     </span>
    </p>
   </div>
   <div class='ocr_carea' id='block_1_62' title="bbox 587 3887 2187 3970">
    <p class='ocr_par' dir='ltr' id='par_1_62' title="bbox 587 3892 2160 3966">
     <span class='ocr_line' id='line_1_62' title="bbox 587 3892 2160 3966; baseline -0.002 -17"><span class='ocrx_word' id='word_1_549' title='bbox 587 3894 823 3951; x_wconf 90' lang='lat' dir='ltr'><strong>Pulchre</strong></span> <span class='ocrx_word' id='word_1_550' title='bbox 877 3895 1042 3966; x_wconf 88' lang='lat' dir='ltr'><strong>igitur</strong></span> <span class='ocrx_word' id='word_1_551' title='bbox 1090 3894 1505 3958; x_wconf 71' lang='lat' dir='ltr'><strong>Parmtniastes,</strong></span> <span class='ocrx_word' id='word_1_552' title='bbox 1559 3909 1658 3964; x_wconf 88' lang='lat' dir='ltr'><strong>per</strong></span> <span class='ocrx_word' id='word_1_553' title='bbox 1708 3892 2160 3959; x_wconf 74' lang='lat' dir='ltr'><strong>admonitionem,</strong></span> 
     </span>
    </p>
   </div>
   <div class='ocr_carea' id='block_1_63' title="bbox 2181 3887 3781 3970">
    <p class='ocr_par' dir='ltr' id='par_1_63' title="bbox 2263 3887 3781 3970">
     <span class='ocr_line' id='line_1_63' title="bbox 2263 3887 3781 3970; baseline -0.011 -16"><span class='ocrx_word' id='word_1_554' title='bbox 2263 3902 2380 3954; x_wconf 88' lang='grc' dir='ltr'><strong>πῶν</strong></span> <span class='ocrx_word' id='word_1_555' title='bbox 2409 3900 2693 3970; x_wconf 81' lang='grc' dir='ltr'>ἀργύριον,</span> <span class='ocrx_word' id='word_1_556' title='bbox 2728 3898 2829 3951; x_wconf 78' lang='grc' dir='ltr'>οὐκ</span> <span class='ocrx_word' id='word_1_557' title='bbox 2853 3895 3307 3966; x_wconf 77' lang='grc' dir='ltr'><strong>ἐμπλησθήσεται</strong></span> <span class='ocrx_word' id='word_1_558' title='bbox 3326 3892 3600 3964; x_wconf 83' lang='grc' dir='ltr'>ἀργυρίου.</span> <span class='ocrx_word' id='word_1_559' title='bbox 3624 3908 3640 3940; x_wconf 75' lang='grc' dir='ltr'><strong>ι</strong></span> <span class='ocrx_word' id='word_1_560' title='bbox 3672 3887 3781 3939; x_wconf 63' lang='lat' dir='ltr'><strong>me:</strong></span> 
     </span>
    </p>
   </div>
   <div class='ocr_carea' id='block_1_64' title="bbox 591 3974 2191 4059">
    <p class='ocr_par' dir='ltr' id='par_1_64' title="bbox 591 3986 2163 4057">
     <span class='ocr_line' id='line_1_64' title="bbox 591 3986 2163 4057; baseline -0.002 -15"><span class='ocrx_word' id='word_1_561' title='bbox 591 4003 821 4042; x_wconf 87' lang='lat' dir='ltr'><strong>munera</strong></span> <span class='ocrx_word' id='word_1_562' title='bbox 861 3988 1210 4057; x_wconf 88' lang='lat' dir='ltr'><strong>captantibus</strong></span> <span class='ocrx_word' id='word_1_563' title='bbox 1243 3986 1377 4041; x_wconf 91' lang='lat' dir='ltr'><strong>dicit</strong></span> <span class='ocrx_word' id='word_1_564' title='bbox 1412 4004 1425 4040; x_wconf 91' lang='lat'><strong>:</strong></span> <span class='ocrx_word' id='word_1_565' title='bbox 1468 4007 1486 4038; x_wconf 75' lang='grc' dir='ltr'><strong>ι</strong></span> <span class='ocrx_word' id='word_1_566' title='bbox 1523 3987 1601 4042; x_wconf 86' lang='lat' dir='ltr'><strong>Ne</strong></span> <span class='ocrx_word' id='word_1_567' title='bbox 1635 3986 1913 4057; x_wconf 90' lang='lat' dir='ltr'><strong>opprimas</strong></span> <span class='ocrx_word' id='word_1_568' title='bbox 1952 4000 2163 4056; x_wconf 86' lang='lat' dir='ltr'><strong>paupe-</strong></span> 
     </span>
    </p>
   </div>
   <div class='ocr_carea' id='block_1_65' title="bbox 2181 3974 3781 4059">
    <p class='ocr_par' dir='ltr' id='par_1_65' title="bbox 2263 3974 3781 4059">
     <span class='ocr_line' id='line_1_65' title="bbox 2263 3974 3781 4059; baseline -0.012 -15"><span class='ocrx_word' id='word_1_569' title='bbox 2263 3994 2293 4045; x_wconf 86' lang='grc' dir='ltr'><strong>ό</strong></span> <span class='ocrx_word' id='word_1_570' title='bbox 2323 3991 2493 4059; x_wconf 90' lang='grc' dir='ltr'>πένης</span> <span class='ocrx_word' id='word_1_571' title='bbox 2531 3984 2671 4041; x_wconf 75' lang='grc' dir='ltr'>οἶδεν</span> <span class='ocrx_word' id='word_1_572' title='bbox 2700 3985 3035 4058; x_wconf 79' lang='grc' dir='ltr'>πορευθῆναι</span> <span class='ocrx_word' id='word_1_573' title='bbox 3074 3982 3371 4037; x_wconf 87' lang='grc' dir='ltr'>κατέναντι</span> <span class='ocrx_word' id='word_1_574' title='bbox 3398 3981 3495 4050; x_wconf 83' lang='grc' dir='ltr'>τῆς</span> <span class='ocrx_word' id='word_1_575' title='bbox 3519 3980 3668 4048; x_wconf 79' lang='grc' dir='ltr'>ζωῆς.</span> <span class='ocrx_word' id='word_1_576' title='bbox 3697 3974 3781 4028; x_wconf 83' lang='lat' dir='ltr'><strong>Kal</strong></span> 
     </span>
    </p>
   </div>
   <div class='ocr_carea' id='block_1_66' title="bbox 592 4068 2192 4153">
    <p class='ocr_par' dir='ltr' id='par_1_66' title="bbox 592 4075 2157 4148">
     <span class='ocr_line' id='line_1_66' title="bbox 592 4075 2157 4148; baseline -0.003 -15"><span class='ocrx_word' id='word_1_577' title='bbox 592 4094 709 4133; x_wconf 88' lang='lat' dir='ltr'><strong>rem</strong></span> <span class='ocrx_word' id='word_1_578' title='bbox 765 4087 860 4133; x_wconf 86' lang='lat' dir='ltr'><strong>aut</strong></span> <span class='ocrx_word' id='word_1_579' title='bbox 906 4080 1017 4132; x_wconf 89' lang='lat' dir='ltr'><strong>vim</strong></span> <span class='ocrx_word' id='word_1_580' title='bbox 1069 4077 1148 4132; x_wconf 88' lang='lat' dir='ltr'><strong>illi</strong></span> <span class='ocrx_word' id='word_1_581' title='bbox 1199 4078 1433 4133; x_wconf 87' lang='lat' dir='ltr'><strong>feceris:</strong></span> <span class='ocrx_word' id='word_1_582' title='bbox 1461 4093 1669 4148; x_wconf 88' lang='lat' dir='ltr'><strong>pauper</strong></span> <span class='ocrx_word' id='word_1_583' title='bbox 1708 4077 1856 4131; x_wconf 91' lang='lat' dir='ltr'><strong>enim</strong></span> <span class='ocrx_word' id='word_1_584' title='bbox 1892 4085 1979 4131; x_wconf 91' lang='lat' dir='ltr'><strong>est</strong></span> <span class='ocrx_word' id='word_1_585' title='bbox 2032 4075 2099 4129; x_wconf 71' lang='grc'><strong>⁸³.</strong></span> <span class='ocrx_word' id='word_1_586' title='bbox 2139 4096 2157 4128; x_wconf 73' lang='grc' dir='ltr'><strong>ι</strong></span> 
     </span>
    </p>
   </div>
   <div class='ocr_carea' id='block_1_67' title="bbox 2180 4068 3780 4153">
    <p class='ocr_par' dir='ltr' id='par_1_67' title="bbox 2262 4068 3780 4153">
     <span class='ocr_line' id='line_1_67' title="bbox 2262 4068 3780 4153; baseline -0.013 -15"><span class='ocrx_word' id='word_1_587' title='bbox 2262 4088 2344 4139; x_wconf 76' lang='grc' dir='ltr'><strong>τόο</strong></span> <span class='ocrx_word' id='word_1_588' title='bbox 2382 4102 2399 4135; x_wconf 77' lang='grc' dir='ltr'><strong>ι</strong></span> <span class='ocrx_word' id='word_1_589' title='bbox 2418 4081 2509 4153; x_wconf 79' lang='grc' dir='ltr'><strong>Μὴ</strong></span> <span class='ocrx_word' id='word_1_590' title='bbox 2541 4079 2681 4134; x_wconf 75' lang='grc' dir='ltr'>ἔστω</span> <span class='ocrx_word' id='word_1_591' title='bbox 2712 4080 2745 4150; x_wconf 86' lang='grc' dir='ltr'><strong>ή</strong></span> <span class='ocrx_word' id='word_1_592' title='bbox 2782 4078 2903 4149; x_wconf 87' lang='grc' dir='ltr'>χείρ</span> <span class='ocrx_word' id='word_1_593' title='bbox 2928 4093 3021 4130; x_wconf 91' lang='grc' dir='ltr'>σου</span> <span class='ocrx_word' id='word_1_594' title='bbox 3051 4074 3398 4145; x_wconf 76' lang='grc' dir='ltr'>ἐκτεταμένη</span> <span class='ocrx_word' id='word_1_595' title='bbox 3425 4075 3503 4135; x_wconf 80' lang='grc' dir='ltr'><strong>είς</strong></span> <span class='ocrx_word' id='word_1_596' title='bbox 3528 4070 3586 4124; x_wconf 80' lang='grc' dir='ltr'>τὸ</span> <span class='ocrx_word' id='word_1_597' title='bbox 3615 4068 3780 4127; x_wconf 83' lang='grc' dir='ltr'>λαϐείν,</span> 
     </span>
    </p>
   </div>
   <div class='ocr_carea' id='block_1_68' title="bbox 592 4158 2192 4245">
    <p class='ocr_par' dir='ltr' id='par_1_68' title="bbox 592 4168 2166 4241">
     <span class='ocr_line' id='line_1_68' title="bbox 592 4168 2166 4241; baseline -0.002 -15"><span class='ocrx_word' id='word_1_598' title='bbox 592 4171 767 4226; x_wconf 86' lang='lat' dir='ltr'><strong>Item:</strong></span> <span class='ocrx_word' id='word_1_599' title='bbox 804 4190 822 4222; x_wconf 84' lang='grc'><em>‹</em></span> <span class='ocrx_word' id='word_1_600' title='bbox 860 4168 961 4237; x_wconf 84' lang='lat' dir='ltr'><strong>Qui</strong></span> <span class='ocrx_word' id='word_1_601' title='bbox 1003 4169 1183 4240; x_wconf 86' lang='lat' dir='ltr'><strong>diligit</strong></span> <span class='ocrx_word' id='word_1_602' title='bbox 1223 4170 1533 4241; x_wconf 89' lang='lat' dir='ltr'><strong>pecuniam,</strong></span> <span class='ocrx_word' id='word_1_603' title='bbox 1570 4185 1680 4224; x_wconf 89' lang='lat' dir='ltr'><strong>non</strong></span> <span class='ocrx_word' id='word_1_604' title='bbox 1716 4168 2038 4239; x_wconf 87' lang='lat' dir='ltr'><strong>implebitur</strong></span> <span class='ocrx_word' id='word_1_605' title='bbox 2071 4184 2166 4238; x_wconf 89' lang='lat' dir='ltr'><strong>pe-</strong></span> 
     </span>
    </p>
   </div>
   <div class='ocr_carea' id='block_1_69' title="bbox 2183 4158 3783 4245">
    <p class='ocr_par' dir='ltr' id='par_1_69' title="bbox 2265 4158 3783 4245">
     <span class='ocr_line' id='line_1_69' title="bbox 2265 4158 3783 4245; baseline -0.012 -15"><span class='ocrx_word' id='word_1_606' title='bbox 2265 4178 2362 4231; x_wconf 75' lang='grc' dir='ltr'>καὶ</span> <span class='ocrx_word' id='word_1_607' title='bbox 2399 4178 2456 4229; x_wconf 83' lang='grc' dir='ltr'><strong>ἐν</strong></span> <span class='ocrx_word' id='word_1_608' title='bbox 2499 4173 2577 4245; x_wconf 80' lang='grc' dir='ltr'><strong>τῷ</strong></span> <span class='ocrx_word' id='word_1_609' title='bbox 2617 4172 2817 4226; x_wconf 83' lang='grc' dir='ltr'>διδόναι</span> <span class='ocrx_word' id='word_1_610' title='bbox 2862 4166 3293 4239; x_wconf 83' lang='grc' dir='ltr'>συνεσταλμένη.</span> <span class='ocrx_word' id='word_1_611' title='bbox 3328 4186 3347 4219; x_wconf 72' lang='grc' dir='ltr'><strong>ι</strong></span> <span class='ocrx_word' id='word_1_612' title='bbox 3376 4166 3450 4219; x_wconf 82' lang='grc' dir='ltr'>Τδ</span> <span class='ocrx_word' id='word_1_613' title='bbox 3480 4163 3603 4217; x_wconf 77' lang='grc' dir='ltr'>αὐτὸ</span> <span class='ocrx_word' id='word_1_614' title='bbox 3634 4162 3681 4215; x_wconf 88' lang='grc' dir='ltr'><strong>δέ</strong></span> <span class='ocrx_word' id='word_1_615' title='bbox 3714 4158 3783 4212; x_wconf 78' lang='grc' dir='ltr'><strong>καὶ</strong></span> 
     </span>
    </p>
   </div>
   <div class='ocr_carea' id='block_1_70' title="bbox 592 4253 2192 4335">
    <p class='ocr_par' dir='ltr' id='par_1_70' title="bbox 592 4259 2160 4331">
     <span class='ocr_line' id='line_1_70' title="bbox 592 4259 2160 4331; baseline -0.003 -15"><span class='ocrx_word' id='word_1_616' title='bbox 592 4263 755 4316; x_wconf 89' lang='lat' dir='ltr'><strong>cunia</strong></span> <span class='ocrx_word' id='word_1_617' title='bbox 780 4262 847 4315; x_wconf 76' lang='grc' dir='ltr'>ὀ.</span> <span class='ocrx_word' id='word_1_618' title='bbox 889 4281 908 4314; x_wconf 71' lang='grc' dir='ltr'><strong>ι</strong></span> <span class='ocrx_word' id='word_1_619' title='bbox 948 4262 1243 4331; x_wconf 88' lang='lat' dir='ltr'><strong>Propterea</strong></span> <span class='ocrx_word' id='word_1_620' title='bbox 1306 4275 1515 4331; x_wconf 91' lang='lat' dir='ltr'><strong>pauper</strong></span> <span class='ocrx_word' id='word_1_621' title='bbox 1557 4259 1717 4313; x_wconf 85' lang='lat' dir='ltr'><strong>facile</strong></span> <span class='ocrx_word' id='word_1_622' title='bbox 1756 4259 1910 4313; x_wconf 90' lang='lat' dir='ltr'><strong>novit</strong></span> <span class='ocrx_word' id='word_1_623' title='bbox 1949 4259 2160 4330; x_wconf 85' lang='lat' dir='ltr'><strong>ingredi</strong></span> 
     </span>
    </p>
   </div>
   <div class='ocr_carea' id='block_1_71' title="bbox 2184 4253 3784 4335">
    <p class='ocr_par' dir='ltr' id='par_1_71' title="bbox 2264 4253 3784 4335">
     <span class='ocr_line' id='line_1_71' title="bbox 2264 4253 3784 4335; baseline -0.014 -11"><span class='ocrx_word' id='word_1_624' title='bbox 2264 4272 2294 4324; x_wconf 85' lang='grc' dir='ltr'><strong>ὁ</strong></span> <span class='ocrx_word' id='word_1_625' title='bbox 2322 4267 2553 4330; x_wconf 82' lang='grc' dir='ltr'><strong>Παῦλος·</strong></span> <span class='ocrx_word' id='word_1_626' title='bbox 2588 4284 2608 4317; x_wconf 74' lang='grc' dir='ltr'><strong>ι</strong></span> <span class='ocrx_word' id='word_1_627' title='bbox 2632 4262 2922 4335; x_wconf 85' lang='grc' dir='ltr'>Μακάριόν</span> <span class='ocrx_word' id='word_1_628' title='bbox 2970 4262 3090 4314; x_wconf 82' lang='grc' dir='ltr'>ἐστι</span> <span class='ocrx_word' id='word_1_629' title='bbox 3136 4260 3339 4330; x_wconf 82' lang='grc' dir='ltr'>μᾶλλον</span> <span class='ocrx_word' id='word_1_630' title='bbox 3376 4256 3601 4320; x_wconf 83' lang='grc' dir='ltr'>διδόναι,</span> <span class='ocrx_word' id='word_1_631' title='bbox 3627 4254 3655 4324; x_wconf 78' lang='grc' dir='ltr'>ἢ</span> <span class='ocrx_word' id='word_1_632' title='bbox 3680 4253 3784 4319; x_wconf 79' lang='grc' dir='ltr'>λαμ-</span> 
     </span>
    </p>
   </div>
   <div class='ocr_carea' id='block_1_72' title="bbox 592 4335 3783 4424">
    <p class='ocr_par' dir='ltr' id='par_1_72' title="bbox 592 4335 3783 4424">
     <span class='ocr_line' id='line_1_72' title="bbox 592 4335 3783 4424; baseline -0.01 -2"><span class='ocrx_word' id='word_1_633' title='bbox 592 4352 649 4407; x_wconf 75' lang='grc' dir='ltr'><strong>ίη</strong></span> <span class='ocrx_word' id='word_1_634' title='bbox 709 4361 1010 4422; x_wconf 74' lang='grc' dir='ltr'><strong>οοηερθεῑυ</strong></span> <span class='ocrx_word' id='word_1_635' title='bbox 1061 4351 1298 4407; x_wconf 72' lang='grc' dir='ltr'><strong>Ποῐηίηί-</strong></span> <span class='ocrx_word' id='word_1_636' title='bbox 1346 4352 1416 4406; x_wconf 52' lang='lat' dir='ltr'><strong>Et</strong></span> <span class='ocrx_word' id='word_1_637' title='bbox 1456 4369 1470 4405; x_wconf 72' lang='grc' dir='ltr'>ε</span> <span class='ocrx_word' id='word_1_638' title='bbox 1511 4370 1530 4403; x_wconf 78' lang='grc'><strong>⁴</strong></span> <span class='ocrx_word' id='word_1_639' title='bbox 1570 4352 1649 4406; x_wconf 74' lang='grc' dir='ltr'><strong>ΝΘ</strong></span> <span class='ocrx_word' id='word_1_640' title='bbox 1698 4353 1769 4407; x_wconf 64' lang='lat' dir='ltr'><strong>Sil</strong></span> <span class='ocrx_word' id='word_1_641' title='bbox 1821 4368 2018 4407; x_wconf 73' lang='lat' dir='ltr'><strong>manus</strong></span> <span class='ocrx_word' id='word_1_642' title='bbox 2070 4362 2163 4407; x_wconf 64' lang='lat' dir='ltr'><strong>tua</strong></span> <span class='ocrx_word' id='word_1_643' title='bbox 2267 4361 2502 4415; x_wconf 74' lang='grc' dir='ltr'>ϐάνειν.»</span> <span class='ocrx_word' id='word_1_644' title='bbox 2531 4357 2590 4410; x_wconf 88' lang='lat'><strong>&#39;0</strong></span> <span class='ocrx_word' id='word_1_645' title='bbox 2609 4355 2667 4409; x_wconf 83' lang='grc' dir='ltr'>δὲ</span> <span class='ocrx_word' id='word_1_646' title='bbox 2691 4354 2855 4424; x_wconf 89' lang='grc' dir='ltr'>νόμος</span> <span class='ocrx_word' id='word_1_647' title='bbox 2876 4350 3091 4422; x_wconf 74' lang='grc' dir='ltr'>φησιν’(</span> <span class='ocrx_word' id='word_1_648' title='bbox 3113 4350 3186 4403; x_wconf 83' lang='grc' dir='ltr'><strong>Οὐ</strong></span> <span class='ocrx_word' id='word_1_649' title='bbox 3210 4346 3523 4408; x_wconf 86' lang='grc' dir='ltr'>δικαιώσεις</span> <span class='ocrx_word' id='word_1_650' title='bbox 3545 4344 3627 4395; x_wconf 83' lang='grc' dir='ltr'>τὸν</span> <span class='ocrx_word' id='word_1_651' title='bbox 3645 4335 3783 4404; x_wconf 84' lang='grc' dir='ltr'>ἀσεϐῆ</span> 
     </span>
    </p>
   </div>
   <div class='ocr_carea' id='block_1_73' title="bbox 592 4431 2192 4518">
    <p class='ocr_par' dir='ltr' id='par_1_73' title="bbox 592 4445 2164 4515">
     <span class='ocr_line' id='line_1_73' title="bbox 592 4445 2164 4515; baseline 0.001 -16"><span class='ocrx_word' id='word_1_652' title='bbox 592 4454 814 4500; x_wconf 77' lang='lat' dir='ltr'><strong>extenta</strong></span> <span class='ocrx_word' id='word_1_653' title='bbox 860 4446 928 4500; x_wconf 88' lang='lat' dir='ltr'><strong>ad</strong></span> <span class='ocrx_word' id='word_1_654' title='bbox 985 4445 1393 4515; x_wconf 88' lang='lat' dir='ltr'><strong>accipiendum,</strong></span> <span class='ocrx_word' id='word_1_655' title='bbox 1442 4453 1501 4501; x_wconf 91' lang='lat' dir='ltr'><strong>et</strong></span> <span class='ocrx_word' id='word_1_656' title='bbox 1535 4446 1602 4500; x_wconf 89' lang='lat' dir='ltr'><strong>ad</strong></span> <span class='ocrx_word' id='word_1_657' title='bbox 1643 4446 1985 4501; x_wconf 91' lang='lat' dir='ltr'><strong>reddendum</strong></span> <span class='ocrx_word' id='word_1_658' title='bbox 2032 4462 2164 4502; x_wconf 88' lang='lat' dir='ltr'><strong>con-</strong></span> 
     </span>
    </p>
   </div>
   <div class='ocr_carea' id='block_1_74' title="bbox 2185 4431 3785 4518">
    <p class='ocr_par' dir='ltr' id='par_1_74' title="bbox 2264 4431 3785 4518">
     <span class='ocr_line' id='line_1_74' title="bbox 2264 4431 3785 4518; baseline -0.014 -12"><span class='ocrx_word' id='word_1_659' title='bbox 2264 4454 2453 4506; x_wconf 72' lang='grc' dir='ltr'>ἕνεκεν</span> <span class='ocrx_word' id='word_1_660' title='bbox 2474 4447 2689 4518; x_wconf 84' lang='grc' dir='ltr'>δώρων.</span> <span class='ocrx_word' id='word_1_661' title='bbox 2723 4465 2741 4499; x_wconf 73' lang='grc' dir='ltr'><strong>ι</strong></span> <span class='ocrx_word' id='word_1_662' title='bbox 2764 4446 2894 4508; x_wconf 82' lang='lat' dir='ltr'><strong>Kal,</strong></span> <span class='ocrx_word' id='word_1_663' title='bbox 2926 4462 2946 4495; x_wconf 75' lang='grc' dir='ltr'><strong>ι</strong></span> <span class='ocrx_word' id='word_1_664' title='bbox 2975 4441 3132 4513; x_wconf 83' lang='grc' dir='ltr'>Δῶρα</span> <span class='ocrx_word' id='word_1_665' title='bbox 3158 4440 3218 4493; x_wconf 85' lang='grc' dir='ltr'>οὐ</span> <span class='ocrx_word' id='word_1_666' title='bbox 3249 4439 3414 4511; x_wconf 77' lang='grc' dir='ltr'>λήψει</span> <span class='ocrx_word' id='word_1_667' title='bbox 3434 4454 3449 4467; x_wconf 80' lang='grc'><em>’</em></span> <span class='ocrx_word' id='word_1_668' title='bbox 3466 4437 3532 4489; x_wconf 85' lang='grc' dir='ltr'><strong>τά</strong></span> <span class='ocrx_word' id='word_1_669' title='bbox 3550 4435 3647 4503; x_wconf 81' lang='grc' dir='ltr'>γάρ</span> <span class='ocrx_word' id='word_1_670' title='bbox 3673 4431 3785 4499; x_wconf 81' lang='grc' dir='ltr'>δῶρα</span> 
     </span>
    </p>
   </div>
   <div class='ocr_carea' id='block_1_75' title="bbox 593 4521 2193 4613">
    <p class='ocr_par' dir='ltr' id='par_1_75' title="bbox 593 4537 2165 4607">
     <span class='ocr_line' id='line_1_75' title="bbox 593 4537 2165 4607; baseline 0.001 -16"><span class='ocrx_word' id='word_1_671' title='bbox 593 4547 768 4594; x_wconf 87' lang='lat' dir='ltr'><strong>tracta</strong></span> <span class='ocrx_word' id='word_1_672' title='bbox 800 4540 867 4593; x_wconf 79' lang='grc'><strong>⁹¹.</strong></span> <span class='ocrx_word' id='word_1_673' title='bbox 910 4558 929 4590; x_wconf 76' lang='grc' dir='ltr'><strong>ι</strong></span> <span class='ocrx_word' id='word_1_674' title='bbox 967 4538 1083 4593; x_wconf 88' lang='lat' dir='ltr'><strong>Hoc</strong></span> <span class='ocrx_word' id='word_1_675' title='bbox 1130 4537 1310 4607; x_wconf 93' lang='lat' dir='ltr'><strong>ipsum</strong></span> <span class='ocrx_word' id='word_1_676' title='bbox 1354 4548 1411 4592; x_wconf 91' lang='lat' dir='ltr'><strong>et</strong></span> <span class='ocrx_word' id='word_1_677' title='bbox 1458 4539 1661 4593; x_wconf 92' lang='lat' dir='ltr'><strong>Paulus</strong></span> <span class='ocrx_word' id='word_1_678' title='bbox 1698 4557 1712 4592; x_wconf 91' lang='lat'><strong>:</strong></span> <span class='ocrx_word' id='word_1_679' title='bbox 1749 4558 1767 4590; x_wconf 75' lang='grc' dir='ltr'><strong>ι</strong></span> <span class='ocrx_word' id='word_1_680' title='bbox 1813 4539 2034 4595; x_wconf 89' lang='lat' dir='ltr'><strong>Beatius</strong></span> <span class='ocrx_word' id='word_1_681' title='bbox 2079 4547 2165 4595; x_wconf 91' lang='lat' dir='ltr'><strong>est</strong></span> 
     </span>
    </p>
   </div>
   <div class='ocr_carea' id='block_1_76' title="bbox 2183 4521 3783 4613">
    <p class='ocr_par' dir='ltr' id='par_1_76' title="bbox 2200 4521 3783 4613">
     <span class='ocr_line' id='line_1_76' title="bbox 2200 4521 3783 4613; baseline -0.015 -15"><span class='ocrx_word' id='word_1_682' title='bbox 2200 4592 2242 4613; x_wconf 58' lang='lat' dir='ltr'><strong>n</strong></span> <span class='ocrx_word' id='word_1_683' title='bbox 2271 4542 2528 4613; x_wconf 82' lang='grc' dir='ltr'>ἐκτυφλοί</span> <span class='ocrx_word' id='word_1_684' title='bbox 2574 4537 2885 4609; x_wconf 80' lang='grc' dir='ltr'>ὀφθαλμοὺς</span> <span class='ocrx_word' id='word_1_685' title='bbox 2936 4532 3263 4605; x_wconf 86' lang='grc' dir='ltr'>βλεπόντων.</span> <span class='ocrx_word' id='word_1_686' title='bbox 3310 4551 3330 4584; x_wconf 73' lang='grc' dir='ltr'><strong>ι</strong></span> <span class='ocrx_word' id='word_1_687' title='bbox 3354 4530 3463 4583; x_wconf 80' lang='grc' dir='ltr'>Καὶ</span> <span class='ocrx_word' id='word_1_688' title='bbox 3496 4530 3523 4581; x_wconf 88' lang='grc' dir='ltr'>ὁ</span> <span class='ocrx_word' id='word_1_689' title='bbox 3561 4521 3783 4613; x_wconf 73' lang='grc' dir='ltr'>Σαμουὴλ.</span> 
     </span>
    </p>
   </div>
   <div class='ocr_carea' id='block_1_77' title="bbox 597 4592 2197 4707">
    <p class='ocr_par' dir='ltr' id='par_1_77' title="bbox 597 4632 2168 4705">
     <span class='ocr_line' id='line_1_77' title="bbox 597 4632 2168 4705; baseline 0.003 -19"><span class='ocrx_word' id='word_1_690' title='bbox 597 4632 730 4686; x_wconf 87' lang='lat' dir='ltr'><strong>dare</strong></span> <span class='ocrx_word' id='word_1_691' title='bbox 766 4648 928 4701; x_wconf 87' lang='lat' dir='ltr'><strong>quam</strong></span> <span class='ocrx_word' id='word_1_692' title='bbox 974 4632 1227 4702; x_wconf 89' lang='lat' dir='ltr'><strong>accipere</strong></span> <span class='ocrx_word' id='word_1_693' title='bbox 1257 4633 1325 4687; x_wconf 83' lang='lat'><strong>&quot;.</strong></span> <span class='ocrx_word' id='word_1_694' title='bbox 1365 4653 1383 4685; x_wconf 69' lang='grc' dir='ltr'><strong>ι</strong></span> <span class='ocrx_word' id='word_1_695' title='bbox 1420 4632 1531 4687; x_wconf 80' lang='lat' dir='ltr'><strong>Lex</strong></span> <span class='ocrx_word' id='word_1_696' title='bbox 1563 4632 1692 4687; x_wconf 90' lang='lat' dir='ltr'><strong>item</strong></span> <span class='ocrx_word' id='word_1_697' title='bbox 1723 4651 1737 4687; x_wconf 91' lang='lat'><strong>:</strong></span> <span class='ocrx_word' id='word_1_698' title='bbox 1774 4652 1793 4685; x_wconf 78' lang='grc' dir='ltr'><strong>ι</strong></span> <span class='ocrx_word' id='word_1_699' title='bbox 1822 4634 1942 4689; x_wconf 85' lang='grc' dir='ltr'>Νοη</span> <span class='ocrx_word' id='word_1_700' title='bbox 1968 4635 2168 4705; x_wconf 81' lang='lat' dir='ltr'><strong>justifi-</strong></span> 
     </span>
    </p>
   </div>
   <div class='ocr_carea' id='block_1_78' title="bbox 2182 4592 3782 4707">
    <p class='ocr_par' dir='ltr' id='par_1_78' title="bbox 2199 4592 3782 4707">
     <span class='ocr_line' id='line_1_78' title="bbox 2199 4592 3782 4707; baseline -0.016 -17"><span class='ocrx_word' id='word_1_701' title='bbox 2199 4592 2243 4648; x_wconf 64' lang='grc' dir='ltr'><strong>Β</strong></span> <span class='ocrx_word' id='word_1_702' title='bbox 2416 4592 2650 4701; x_wconf 53' lang='grc' dir='ltr'>ῐέντολὴν</span> <span class='ocrx_word' id='word_1_703' title='bbox 2696 4592 2949 4698; x_wconf 63' lang='grc' dir='ltr'>κατέχιυν</span> <span class='ocrx_word' id='word_1_704' title='bbox 2988 4623 3084 4679; x_wconf 85' lang='grc' dir='ltr'>τοῦ</span> <span class='ocrx_word' id='word_1_705' title='bbox 3118 4625 3285 4693; x_wconf 87' lang='grc' dir='ltr'>νόμου</span> <span class='ocrx_word' id='word_1_706' title='bbox 3310 4662 3326 4685; x_wconf 83' lang='grc'><strong>,</strong></span> <span class='ocrx_word' id='word_1_707' title='bbox 3364 4622 3545 4689; x_wconf 75' lang='grc' dir='ltr'>ἔλεγεν</span> <span class='ocrx_word' id='word_1_708' title='bbox 3574 4592 3646 4686; x_wconf 77' lang='grc' dir='ltr'><strong>τῶ</strong></span> <span class='ocrx_word' id='word_1_709' title='bbox 3678 4612 3782 4681; x_wconf 80' lang='grc' dir='ltr'>λαῷ·</span> 
     </span>
    </p>
   </div>
   <div class='ocr_carea' id='block_1_79' title="bbox 596 4709 2196 4797">
    <p class='ocr_par' dir='ltr' id='par_1_79' title="bbox 596 4724 2167 4795">
     <span class='ocr_line' id='line_1_79' title="bbox 596 4724 2167 4795; baseline 0.001 -14"><span class='ocrx_word' id='word_1_710' title='bbox 596 4726 754 4781; x_wconf 89' lang='lat' dir='ltr'><strong>cabis</strong></span> <span class='ocrx_word' id='word_1_711' title='bbox 795 4724 1025 4795; x_wconf 89' lang='lat' dir='ltr'><strong>impium</strong></span> <span class='ocrx_word' id='word_1_712' title='bbox 1059 4739 1159 4795; x_wconf 90' lang='lat' dir='ltr'><strong>pro</strong></span> <span class='ocrx_word' id='word_1_713' title='bbox 1183 4724 1506 4779; x_wconf 86' lang='lat' dir='ltr'><strong>muneribus</strong></span> <span class='ocrx_word' id='word_1_714' title='bbox 1533 4725 1630 4779; x_wconf 79' lang='grc'><strong>⁸⁸.»</strong></span> <span class='ocrx_word' id='word_1_715' title='bbox 1669 4724 1738 4779; x_wconf 89' lang='lat' dir='ltr'><strong>Et</strong></span> <span class='ocrx_word' id='word_1_716' title='bbox 1771 4743 1783 4776; x_wconf 93' lang='lat'>:</span> <span class='ocrx_word' id='word_1_717' title='bbox 1817 4745 1835 4776; x_wconf 75' lang='grc' dir='ltr'>σ</span> <span class='ocrx_word' id='word_1_718' title='bbox 1868 4726 1989 4781; x_wconf 88' lang='lat' dir='ltr'><strong>Non</strong></span> <span class='ocrx_word' id='word_1_719' title='bbox 2020 4728 2167 4782; x_wconf 87' lang='lat' dir='ltr'><strong>acci-</strong></span> 
     </span>
    </p>
   </div>
   <div class='ocr_carea' id='block_1_80' title="bbox 2182 4709 3782 4797">
    <p class='ocr_par' dir='ltr' id='par_1_80' title="bbox 2279 4709 3782 4797">
     <span class='ocr_line' id='line_1_80' title="bbox 2279 4709 3782 4797; baseline -0.023 -13"><span class='ocrx_word' id='word_1_720' title='bbox 2279 4746 2298 4780; x_wconf 76' lang='grc' dir='ltr'><strong>ι</strong></span> <span class='ocrx_word' id='word_1_721' title='bbox 2321 4727 2412 4797; x_wconf 79' lang='grc' dir='ltr'><strong>Μὴ</strong></span> <span class='ocrx_word' id='word_1_722' title='bbox 2442 4727 2507 4778; x_wconf 86' lang='grc' dir='ltr'><strong>ἐκ</strong></span> <span class='ocrx_word' id='word_1_723' title='bbox 2529 4722 2714 4795; x_wconf 81' lang='grc' dir='ltr'>χειρός</span> <span class='ocrx_word' id='word_1_724' title='bbox 2735 4736 2882 4781; x_wconf 88' lang='grc' dir='ltr'>τινος</span> <span class='ocrx_word' id='word_1_725' title='bbox 2903 4716 3102 4787; x_wconf 74' lang='grc' dir='ltr'>εἴληφα</span> <span class='ocrx_word' id='word_1_726' title='bbox 3118 4714 3406 4785; x_wconf 80' lang='grc' dir='ltr'>ἐξίλασμα,</span> <span class='ocrx_word' id='word_1_727' title='bbox 3440 4712 3471 4782; x_wconf 80' lang='grc' dir='ltr'>ἢ</span> <span class='ocrx_word' id='word_1_728' title='bbox 3503 4709 3782 4777; x_wconf 68' lang='grc' dir='ltr'>ὑπὸδημαςι</span> 
     </span>
    </p>
   </div>
   <div class='ocr_carea' id='block_1_81' title="bbox 598 4799 2198 4892">
    <p class='ocr_par' dir='ltr' id='par_1_81' title="bbox 598 4816 2167 4886">
     <span class='ocr_line' id='line_1_81' title="bbox 598 4816 2167 4886; baseline 0.002 -17"><span class='ocrx_word' id='word_1_729' title='bbox 598 4816 718 4886; x_wconf 88' lang='lat' dir='ltr'><strong>pies</strong></span> <span class='ocrx_word' id='word_1_730' title='bbox 751 4831 1014 4881; x_wconf 89' lang='lat' dir='ltr'><strong>munera;</strong></span> <span class='ocrx_word' id='word_1_731' title='bbox 1045 4830 1274 4869; x_wconf 91' lang='lat' dir='ltr'><strong>munera</strong></span> <span class='ocrx_word' id='word_1_732' title='bbox 1298 4817 1445 4871; x_wconf 91' lang='lat' dir='ltr'><strong>enim</strong></span> <span class='ocrx_word' id='word_1_733' title='bbox 1466 4825 1743 4871; x_wconf 67' lang='lat' dir='ltr'><strong>excaecant</strong></span> <span class='ocrx_word' id='word_1_734' title='bbox 1768 4818 1959 4872; x_wconf 90' lang='lat' dir='ltr'><strong>oculos</strong></span> <span class='ocrx_word' id='word_1_735' title='bbox 1975 4818 2167 4873; x_wconf 89' lang='lat' dir='ltr'><strong>viden-</strong></span> 
     </span>
    </p>
   </div>
   <div class='ocr_carea' id='block_1_82' title="bbox 2185 4799 3785 4892">
    <p class='ocr_par' dir='ltr' id='par_1_82' title="bbox 2282 4799 3785 4892">
     <span class='ocr_line' id='line_1_82' title="bbox 2282 4799 3785 4892; baseline -0.015 -15"><span class='ocrx_word' id='word_1_736' title='bbox 2282 4821 2413 4877; x_wconf 78' lang='grc' dir='ltr'><strong>Ἰδοὺ</strong></span> <span class='ocrx_word' id='word_1_737' title='bbox 2449 4822 2661 4892; x_wconf 86' lang='grc' dir='ltr'>μάρτυς</span> <span class='ocrx_word' id='word_1_738' title='bbox 2683 4818 2910 4888; x_wconf 84' lang='grc' dir='ltr'>Κύριος.</span> <span class='ocrx_word' id='word_1_739' title='bbox 2953 4811 3014 4866; x_wconf 84' lang='lat'><strong>&#39;0</strong></span> <span class='ocrx_word' id='word_1_740' title='bbox 3043 4812 3099 4865; x_wconf 80' lang='grc' dir='ltr'><strong>δέ</strong></span> <span class='ocrx_word' id='word_1_741' title='bbox 3120 4812 3413 4882; x_wconf 83' lang='grc' dir='ltr'>προφήτης</span> <span class='ocrx_word' id='word_1_742' title='bbox 3444 4805 3634 4877; x_wconf 78' lang='grc' dir='ltr'>Ἀμὼς,</span> <span class='ocrx_word' id='word_1_743' title='bbox 3661 4799 3785 4892; x_wconf 73' lang='grc' dir='ltr'>ἀχθό-</span> 
     </span>
    </p>
   </div>
   <div class='ocr_carea' id='block_1_83' title="bbox 599 4890 2199 4994">
    <p class='ocr_par' dir='ltr' id='par_1_83' title="bbox 599 4904 2162 4977">
     <span class='ocr_line' id='line_1_83' title="bbox 599 4904 2162 4977; baseline 0.001 -18"><span class='ocrx_word' id='word_1_744' title='bbox 599 4906 740 4959; x_wconf 88' lang='lat' dir='ltr'><strong>tium</strong></span> <span class='ocrx_word' id='word_1_745' title='bbox 782 4905 849 4959; x_wconf 68' lang='lat'><strong>&quot;.</strong></span> <span class='ocrx_word' id='word_1_746' title='bbox 892 4924 909 4957; x_wconf 76' lang='grc' dir='ltr'><strong>ι</strong></span> <span class='ocrx_word' id='word_1_747' title='bbox 947 4904 1166 4959; x_wconf 89' lang='lat' dir='ltr'><strong>Samuel</strong></span> <span class='ocrx_word' id='word_1_748' title='bbox 1216 4922 1229 4957; x_wconf 94' lang='lat'><strong>:</strong></span> <span class='ocrx_word' id='word_1_749' title='bbox 1267 4923 1287 4957; x_wconf 76' lang='grc' dir='ltr'><strong>ι</strong></span> <span class='ocrx_word' id='word_1_750' title='bbox 1323 4905 1466 4959; x_wconf 88' lang='lat' dir='ltr'><strong>Num</strong></span> <span class='ocrx_word' id='word_1_751' title='bbox 1516 4905 1587 4960; x_wconf 91' lang='lat' dir='ltr'><strong>de</strong></span> <span class='ocrx_word' id='word_1_752' title='bbox 1639 4920 1805 4960; x_wconf 89' lang='lat' dir='ltr'><strong>manu</strong></span> <span class='ocrx_word' id='word_1_753' title='bbox 1857 4907 2162 4977; x_wconf 88' lang='lat' dir='ltr'><strong>cujuspiam</strong></span> 
     </span>
    </p>
   </div>
   <div class='ocr_carea' id='block_1_84' title="bbox 2188 4890 3788 4994">
    <p class='ocr_par' dir='ltr' id='par_1_84' title="bbox 2275 4890 3788 4994">
     <span class='ocr_line' id='line_1_84' title="bbox 2275 4890 3788 4994; baseline -0.019 -24"><span class='ocrx_word' id='word_1_754' title='bbox 2275 4932 2434 4987; x_wconf 88' lang='grc' dir='ltr'>μενος</span> <span class='ocrx_word' id='word_1_755' title='bbox 2452 4890 2603 4968; x_wconf 81' lang='grc' dir='ltr'>κατὰ</span> <span class='ocrx_word' id='word_1_756' title='bbox 2647 4910 2741 4964; x_wconf 89' lang='grc' dir='ltr'>τοῦ</span> <span class='ocrx_word' id='word_1_757' title='bbox 2785 4906 2940 4971; x_wconf 82' lang='grc' dir='ltr'>λαοῦ,</span> <span class='ocrx_word' id='word_1_758' title='bbox 2981 4904 3188 4972; x_wconf 69' lang='grc' dir='ltr'>ἐλεγενα</span> <span class='ocrx_word' id='word_1_759' title='bbox 3227 4902 3428 4970; x_wconf 76' lang='grc' dir='ltr'>«Δῶρα</span> <span class='ocrx_word' id='word_1_760' title='bbox 3460 4895 3677 4952; x_wconf 78' lang='grc' dir='ltr'>ἐκλεκτὰ</span> <span class='ocrx_word' id='word_1_761' title='bbox 3704 4890 3788 4994; x_wconf 63' lang='grc' dir='ltr'>ἐδέ-</span> 
     </span>
    </p>
   </div>
   <div class='ocr_carea' id='block_1_85' title="bbox 597 4994 2197 5075">
    <p class='ocr_par' dir='ltr' id='par_1_85' title="bbox 597 4997 2177 5067">
     <span class='ocr_line' id='line_1_85' title="bbox 597 4997 2177 5067; baseline 0.003 -16"><span class='ocrx_word' id='word_1_762' title='bbox 597 4997 785 5067; x_wconf 81' lang='lat' dir='ltr'><strong>accepi</strong></span> <span class='ocrx_word' id='word_1_763' title='bbox 824 5014 1025 5052; x_wconf 92' lang='lat' dir='ltr'><strong>munus</strong></span> <span class='ocrx_word' id='word_1_764' title='bbox 1058 5007 1153 5051; x_wconf 91' lang='lat' dir='ltr'><strong>aut</strong></span> <span class='ocrx_word' id='word_1_765' title='bbox 1198 4998 1627 5053; x_wconf 90' lang='lat' dir='ltr'><strong>calceamentum</strong></span> <span class='ocrx_word' id='word_1_766' title='bbox 1653 5000 1738 5053; x_wconf 83' lang='lat'><strong>&quot;?</strong></span> <span class='ocrx_word' id='word_1_767' title='bbox 1776 5019 1793 5051; x_wconf 76' lang='grc' dir='ltr'><strong>ι</strong></span> <span class='ocrx_word' id='word_1_768' title='bbox 1833 5000 1973 5055; x_wconf 89' lang='lat' dir='ltr'><strong>Ecce</strong></span> <span class='ocrx_word' id='word_1_769' title='bbox 2018 5002 2177 5056; x_wconf 78' lang='lat' dir='ltr'><strong>testis</strong></span> 
     </span>
    </p>
   </div>
   <div class='ocr_carea' id='block_1_86' title="bbox 2187 4994 3787 5075">
    <p class='ocr_par' dir='ltr' id='par_1_86' title="bbox 2273 4994 3787 5075">
     <span class='ocr_line' id='line_1_86' title="bbox 2273 4994 3787 5075; baseline -0.015 -13"><span class='ocrx_word' id='word_1_770' title='bbox 2273 5007 2436 5073; x_wconf 84' lang='grc' dir='ltr'>ξασθε</span> <span class='ocrx_word' id='word_1_771' title='bbox 2469 5004 2621 5075; x_wconf 77' lang='grc' dir='ltr'>παρὰ</span> <span class='ocrx_word' id='word_1_772' title='bbox 2668 4999 2920 5071; x_wconf 82' lang='grc' dir='ltr'>πτωχῶν.</span> <span class='ocrx_word' id='word_1_773' title='bbox 2944 5017 2963 5049; x_wconf 77' lang='grc' dir='ltr'><strong>ι</strong></span> <span class='ocrx_word' id='word_1_774' title='bbox 2991 4998 3102 5051; x_wconf 80' lang='lat' dir='ltr'><strong>Kal</strong></span> <span class='ocrx_word' id='word_1_775' title='bbox 3146 4998 3175 5049; x_wconf 85' lang='grc' dir='ltr'><strong>ό</strong></span> <span class='ocrx_word' id='word_1_776' title='bbox 3226 4994 3457 5055; x_wconf 75' lang='grc' dir='ltr'>Ἡσαΐας</span> <span class='ocrx_word' id='word_1_777' title='bbox 3496 4999 3787 5057; x_wconf 75' lang='grc' dir='ltr'>συνηγορων.</span> 
     </span>
    </p>
   </div>
   <div class='ocr_carea' id='block_1_87' title="bbox 598 5078 2198 5170">
    <p class='ocr_par' dir='ltr' id='par_1_87' title="bbox 598 5089 2176 5162">
     <span class='ocr_line' id='line_1_87' title="bbox 598 5089 2176 5162; baseline 0.003 -18"><span class='ocrx_word' id='word_1_778' title='bbox 598 5089 885 5144; x_wconf 90' lang='lat' dir='ltr'><strong>Dominus.</strong></span> <span class='ocrx_word' id='word_1_779' title='bbox 918 5090 1192 5159; x_wconf 85' lang='lat' dir='ltr'><strong>Propheta</strong></span> <span class='ocrx_word' id='word_1_780' title='bbox 1227 5090 1394 5145; x_wconf 88' lang='lat' dir='ltr'><strong>Amos</strong></span> <span class='ocrx_word' id='word_1_781' title='bbox 1442 5090 1711 5147; x_wconf 88' lang='lat' dir='ltr'><strong>adversus</strong></span> <span class='ocrx_word' id='word_1_782' title='bbox 1740 5094 2003 5162; x_wconf 90' lang='lat' dir='ltr'><strong>populum</strong></span> <span class='ocrx_word' id='word_1_783' title='bbox 2031 5093 2176 5148; x_wconf 89' lang='lat' dir='ltr'><strong>indi-</strong></span> 
     </span>
    </p>
   </div>
   <div class='ocr_carea' id='block_1_88' title="bbox 2188 5078 3788 5170">
    <p class='ocr_par' dir='ltr' id='par_1_88' title="bbox 2272 5078 3788 5170">
     <span class='ocr_line' id='line_1_88' title="bbox 2272 5078 3788 5170; baseline -0.014 -18"><span class='ocrx_word' id='word_1_784' title='bbox 2272 5099 2455 5170; x_wconf 86' lang='grc' dir='ltr'>φησίν·</span> <span class='ocrx_word' id='word_1_785' title='bbox 2496 5115 2514 5148; x_wconf 77' lang='grc' dir='ltr'><strong>ι</strong></span> <span class='ocrx_word' id='word_1_786' title='bbox 2536 5097 2600 5149; x_wconf 81' lang='lat' dir='ltr'><strong>Ol</strong></span> <span class='ocrx_word' id='word_1_787' title='bbox 2632 5094 2892 5166; x_wconf 80' lang='grc' dir='ltr'>ἄρχοντες</span> <span class='ocrx_word' id='word_1_788' title='bbox 2923 5090 2973 5143; x_wconf 83' lang='grc' dir='ltr'>οἱ</span> <span class='ocrx_word' id='word_1_789' title='bbox 3004 5086 3325 5156; x_wconf 87' lang='grc' dir='ltr'>ἀγαπῶντες</span> <span class='ocrx_word' id='word_1_790' title='bbox 3356 5084 3521 5153; x_wconf 90' lang='grc' dir='ltr'>δῶρα,</span> <span class='ocrx_word' id='word_1_791' title='bbox 3548 5078 3788 5170; x_wconf 79' lang='grc' dir='ltr'>διώκοντες</span> 
     </span>
    </p>
   </div>
   <div class='ocr_carea' id='block_1_89' title="bbox 598 5168 2198 5255">
    <p class='ocr_par' dir='ltr' id='par_1_89' title="bbox 598 5179 2173 5253">
     <span class='ocr_line' id='line_1_89' title="bbox 598 5179 2173 5253; baseline 0.005 -22"><span class='ocrx_word' id='word_1_792' title='bbox 598 5179 927 5253; x_wconf 78' lang='lat' dir='ltr'><strong>gnabundus</strong></span> <span class='ocrx_word' id='word_1_793' title='bbox 979 5180 1198 5236; x_wconf 88' lang='lat' dir='ltr'><strong>dicebat</strong></span> <span class='ocrx_word' id='word_1_794' title='bbox 1248 5199 1261 5234; x_wconf 89' lang='lat'><strong>:</strong></span> <span class='ocrx_word' id='word_1_795' title='bbox 1302 5202 1321 5234; x_wconf 76' lang='grc' dir='ltr'><strong>ι</strong></span> <span class='ocrx_word' id='word_1_796' title='bbox 1376 5182 1527 5237; x_wconf 90' lang='lat' dir='ltr'><strong>Dona</strong></span> <span class='ocrx_word' id='word_1_797' title='bbox 1574 5182 1751 5237; x_wconf 89' lang='lat' dir='ltr'><strong>electa</strong></span> <span class='ocrx_word' id='word_1_798' title='bbox 1800 5184 2091 5253; x_wconf 87' lang='lat' dir='ltr'><strong>accepistis</strong></span> <span class='ocrx_word' id='word_1_799' title='bbox 2142 5200 2173 5239; x_wconf 89' lang='lat' dir='ltr'><strong>a</strong></span> 
     </span>
    </p>
   </div>
   <div class='ocr_carea' id='block_1_90' title="bbox 2186 5168 3786 5255">
    <p class='ocr_par' dir='ltr' id='par_1_90' title="bbox 2274 5168 3786 5255">
     <span class='ocr_line' id='line_1_90' title="bbox 2274 5168 3786 5255; baseline -0.017 -10"><span class='ocrx_word' id='word_1_800' title='bbox 2274 5168 2653 5255; x_wconf 85' lang='grc' dir='ltr'>άνταπόδομα.</span> <span class='ocrx_word' id='word_1_801' title='bbox 2697 5201 2718 5235; x_wconf 70' lang='grc' dir='ltr'><strong>ι</strong></span> <span class='ocrx_word' id='word_1_802' title='bbox 2792 5182 2904 5236; x_wconf 80' lang='grc' dir='ltr'><strong>Καὶ</strong></span> <span class='ocrx_word' id='word_1_803' title='bbox 2964 5177 3269 5240; x_wconf 77' lang='grc' dir='ltr'>ταλανίζων</span> <span class='ocrx_word' id='word_1_804' title='bbox 3339 5175 3553 5236; x_wconf 76' lang='grc' dir='ltr'>αὐτοὺς,</span> <span class='ocrx_word' id='word_1_805' title='bbox 3609 5168 3786 5255; x_wconf 60' lang='grc' dir='ltr'>ἐπάγειξ</span> 
     </span>
    </p>
   </div>
   <div class='ocr_carea' id='block_1_91' title="bbox 601 5253 2201 5345">
    <p class='ocr_par' dir='ltr' id='par_1_91' title="bbox 601 5272 2174 5345">
     <span class='ocr_line' id='line_1_91' title="bbox 601 5272 2174 5345; baseline 0.005 -20"><span class='ocrx_word' id='word_1_806' title='bbox 601 5272 941 5342; x_wconf 88' lang='lat' dir='ltr'><strong>pauperibus</strong></span> <span class='ocrx_word' id='word_1_807' title='bbox 983 5274 1050 5326; x_wconf 80' lang='lat'><strong>“.</strong></span> <span class='ocrx_word' id='word_1_808' title='bbox 1107 5291 1125 5325; x_wconf 72' lang='grc' dir='ltr'><strong>ι</strong></span> <span class='ocrx_word' id='word_1_809' title='bbox 1176 5274 1316 5331; x_wconf 82' lang='lat' dir='ltr'><strong>Huic</strong></span> <span class='ocrx_word' id='word_1_810' title='bbox 1378 5290 1476 5345; x_wconf 87' lang='lat' dir='ltr'><strong>per</strong></span> <span class='ocrx_word' id='word_1_811' title='bbox 1529 5276 1715 5331; x_wconf 89' lang='lat' dir='ltr'><strong>omnia</strong></span> <span class='ocrx_word' id='word_1_812' title='bbox 1769 5286 2174 5333; x_wconf 88' lang='lat' dir='ltr'><strong>consentaneus</strong></span> 
     </span>
    </p>
   </div>
   <div class='ocr_carea' id='block_1_92' title="bbox 2188 5253 3788 5345">
    <p class='ocr_par' dir='ltr' id='par_1_92' title="bbox 2282 5253 3788 5343">
     <span class='ocr_line' id='line_1_92' title="bbox 2282 5253 3788 5343; baseline -0.015 -8"><span class='ocrx_word' id='word_1_813' title='bbox 2282 5302 2301 5334; x_wconf 77' lang='grc' dir='ltr'><strong>ι</strong></span> <span class='ocrx_word' id='word_1_814' title='bbox 2327 5281 2487 5343; x_wconf 76' lang='grc' dir='ltr'>Οὐαὶ,</span> <span class='ocrx_word' id='word_1_815' title='bbox 2526 5253 2576 5330; x_wconf 78' lang='lat' dir='ltr'><strong>ol</strong></span> <span class='ocrx_word' id='word_1_816' title='bbox 2603 5273 2939 5339; x_wconf 74' lang='grc' dir='ltr'>δικαιοῦντες</span> <span class='ocrx_word' id='word_1_817' title='bbox 2974 5272 3069 5324; x_wconf 82' lang='grc' dir='ltr'>τὸν</span> <span class='ocrx_word' id='word_1_818' title='bbox 3100 5269 3271 5340; x_wconf 81' lang='grc' dir='ltr'>ἀσεϐῆ</span> <span class='ocrx_word' id='word_1_819' title='bbox 3308 5268 3495 5321; x_wconf 77' lang='grc' dir='ltr'>ἕνεκεν</span> <span class='ocrx_word' id='word_1_820' title='bbox 3533 5262 3717 5333; x_wconf 84' lang='grc' dir='ltr'>δώρων,</span> <span class='ocrx_word' id='word_1_821' title='bbox 3752 5253 3788 5306; x_wconf 65' lang='grc' dir='ltr'><strong>οἱ</strong></span> 
     </span>
    </p>
   </div>
   <div class='ocr_carea' id='block_1_93' title="bbox 601 5346 2201 5440">
    <p class='ocr_par' dir='ltr' id='par_1_93' title="bbox 601 5363 2172 5440">
     <span class='ocr_line' id='line_1_93' title="bbox 601 5363 2172 5440; baseline 0.004 -22"><span class='ocrx_word' id='word_1_822' title='bbox 601 5363 786 5426; x_wconf 85' lang='lat' dir='ltr'><strong>Isaias,</strong></span> <span class='ocrx_word' id='word_1_823' title='bbox 823 5364 943 5419; x_wconf 90' lang='lat' dir='ltr'><strong>ait:</strong></span> <span class='ocrx_word' id='word_1_824' title='bbox 976 5383 993 5416; x_wconf 77' lang='grc' dir='ltr'><strong>ι</strong></span> <span class='ocrx_word' id='word_1_825' title='bbox 1026 5365 1310 5435; x_wconf 91' lang='lat' dir='ltr'><strong>Principes</strong></span> <span class='ocrx_word' id='word_1_826' title='bbox 1363 5369 1442 5422; x_wconf 89' lang='lat' dir='ltr'><strong>tui</strong></span> <span class='ocrx_word' id='word_1_827' title='bbox 1494 5368 1733 5440; x_wconf 87' lang='lat' dir='ltr'><strong>diligunt</strong></span> <span class='ocrx_word' id='word_1_828' title='bbox 1774 5385 2027 5433; x_wconf 90' lang='lat' dir='ltr'><strong>munera,</strong></span> <span class='ocrx_word' id='word_1_829' title='bbox 2082 5385 2172 5425; x_wconf 88' lang='lat' dir='ltr'><strong>se-</strong></span> 
     </span>
    </p>
   </div>
   <div class='ocr_carea' id='block_1_94' title="bbox 2188 5346 3788 5440">
    <p class='ocr_par' dir='ltr' id='par_1_94' title="bbox 2276 5346 3788 5440">
     <span class='ocr_line' id='line_1_94' title="bbox 2276 5346 3788 5440; baseline -0.018 -14"><span class='ocrx_word' id='word_1_830' title='bbox 2276 5372 2339 5426; x_wconf 80' lang='grc' dir='ltr'>τὸ</span> <span class='ocrx_word' id='word_1_831' title='bbox 2366 5372 2574 5425; x_wconf 89' lang='grc' dir='ltr'>δίκαιον</span> <span class='ocrx_word' id='word_1_832' title='bbox 2602 5366 2698 5421; x_wconf 89' lang='grc' dir='ltr'>τοῦ</span> <span class='ocrx_word' id='word_1_833' title='bbox 2744 5363 2955 5419; x_wconf 87' lang='grc' dir='ltr'>δικαίου</span> <span class='ocrx_word' id='word_1_834' title='bbox 3002 5361 3271 5433; x_wconf 80' lang='grc' dir='ltr'>αἴροντες.</span> <span class='ocrx_word' id='word_1_835' title='bbox 3301 5377 3320 5411; x_wconf 70' lang='grc' dir='ltr'><strong>ι</strong></span> <span class='ocrx_word' id='word_1_836' title='bbox 3353 5357 3460 5413; x_wconf 85' lang='lat' dir='ltr'><strong>Kal</strong></span> <span class='ocrx_word' id='word_1_837' title='bbox 3489 5354 3652 5415; x_wconf 77' lang='grc' dir='ltr'>ἄλλος’</span> <span class='ocrx_word' id='word_1_838' title='bbox 3683 5346 3788 5440; x_wconf 46' lang='lat' dir='ltr'><strong>«Si:</strong></span> 
     </span>
    </p>
   </div>
   <div class='ocr_carea' id='block_1_95' title="bbox 601 5434 2201 5533">
    <p class='ocr_par' dir='ltr' id='par_1_95' title="bbox 601 5458 2177 5533">
     <span class='ocr_line' id='line_1_95' title="bbox 601 5458 2177 5533; baseline 0.004 -23"><span class='ocrx_word' id='word_1_839' title='bbox 601 5465 853 5528; x_wconf 88' lang='lat' dir='ltr'><strong>quuntur</strong></span> <span class='ocrx_word' id='word_1_840' title='bbox 882 5458 1277 5516; x_wconf 77' lang='lat' dir='ltr'><strong>retributiones</strong></span> <span class='ocrx_word' id='word_1_841' title='bbox 1305 5460 1369 5514; x_wconf 71' lang='grc' dir='ltr'><strong>θ’.</strong></span> <span class='ocrx_word' id='word_1_842' title='bbox 1410 5479 1428 5512; x_wconf 75' lang='grc' dir='ltr'><strong>ι</strong></span> <span class='ocrx_word' id='word_1_843' title='bbox 1466 5461 1626 5517; x_wconf 84' lang='lat' dir='ltr'><strong>Tales</strong></span> <span class='ocrx_word' id='word_1_844' title='bbox 1655 5462 1752 5533; x_wconf 91' lang='lat' dir='ltr'><strong>qui</strong></span> <span class='ocrx_word' id='word_1_845' title='bbox 1781 5472 1911 5518; x_wconf 90' lang='lat' dir='ltr'><strong>sunt</strong></span> <span class='ocrx_word' id='word_1_846' title='bbox 1943 5463 2177 5518; x_wconf 90' lang='lat' dir='ltr'><strong>miseros</strong></span> 
     </span>
    </p>
   </div>
   <div class='ocr_carea' id='block_1_96' title="bbox 2190 5434 3790 5533">
    <p class='ocr_par' dir='ltr' id='par_1_96' title="bbox 2277 5434 3790 5527">
     <span class='ocr_line' id='line_1_96' title="bbox 2277 5434 3790 5527; baseline -0.02 -11"><span class='ocrx_word' id='word_1_847' title='bbox 2277 5479 2366 5517; x_wconf 92' lang='grc' dir='ltr'><strong>νια</strong></span> <span class='ocrx_word' id='word_1_848' title='bbox 2403 5459 2499 5514; x_wconf 70' lang='grc' dir='ltr'>καὶ</span> <span class='ocrx_word' id='word_1_849' title='bbox 2556 5458 2705 5527; x_wconf 89' lang='grc' dir='ltr'>δῶρα</span> <span class='ocrx_word' id='word_1_850' title='bbox 2746 5452 3049 5522; x_wconf 76' lang='grc' dir='ltr'>ἀποτυφλοί</span> <span class='ocrx_word' id='word_1_851' title='bbox 3080 5449 3393 5520; x_wconf 83' lang='grc' dir='ltr'>ὀφθαλμοὺς</span> <span class='ocrx_word' id='word_1_852' title='bbox 3444 5444 3630 5514; x_wconf 78' lang='grc' dir='ltr'>σοφῶν.</span> <span class='ocrx_word' id='word_1_853' title='bbox 3652 5458 3669 5491; x_wconf 71' lang='grc' dir='ltr'><strong>ι</strong></span> <span class='ocrx_word' id='word_1_854' title='bbox 3701 5434 3790 5490; x_wconf 77' lang='grc' dir='ltr'><strong>Καὶ</strong></span> 
     </span>
    </p>
   </div>
   <div class='ocr_carea' id='block_1_97' title="bbox 675 5593 2275 5684">
    <p class='ocr_par' dir='ltr' id='par_1_97' title="bbox 675 5609 2270 5681">
     <span class='ocr_line' id='line_1_97' title="bbox 675 5609 2270 5681; baseline 0.003 -14"><span class='ocrx_word' id='word_1_855' title='bbox 675 5609 723 5645; x_wconf 81' lang='grc'><strong>⁸⁸</strong></span> <span class='ocrx_word' id='word_1_856' title='bbox 752 5613 893 5668; x_wconf 85' lang='lat' dir='ltr'><strong>Psal.</strong></span> <span class='ocrx_word' id='word_1_857' title='bbox 922 5630 995 5678; x_wconf 83' lang='lat' dir='ltr'><strong>LI,</strong></span> <span class='ocrx_word' id='word_1_858' title='bbox 1018 5616 1070 5669; x_wconf 85' lang='lat'><strong>9.</strong></span> <span class='ocrx_word' id='word_1_859' title='bbox 1144 5616 1189 5646; x_wconf 84' lang='grc'><strong>⁸¹</strong></span> <span class='ocrx_word' id='word_1_860' title='bbox 1222 5615 1323 5671; x_wconf 84' lang='lat' dir='ltr'><strong>Job</strong></span> <span class='ocrx_word' id='word_1_861' title='bbox 1362 5632 1527 5677; x_wconf 78' lang='lat' dir='ltr'><strong>xxv&quot;,</strong></span> <span class='ocrx_word' id='word_1_862' title='bbox 1565 5617 1652 5677; x_wconf 78' lang='grc'>16.</span> <span class='ocrx_word' id='word_1_863' title='bbox 1687 5619 1772 5672; x_wconf 83' lang='grc'><strong>17.</strong></span> <span class='ocrx_word' id='word_1_864' title='bbox 1848 5618 1892 5649; x_wconf 71' lang='grc'><strong>⁸³</strong></span> <span class='ocrx_word' id='word_1_865' title='bbox 1922 5618 2024 5673; x_wconf 83' lang='lat' dir='ltr'><strong>Job</strong></span> <span class='ocrx_word' id='word_1_866' title='bbox 2059 5634 2207 5681; x_wconf 66' lang='lat' dir='ltr'><strong>xum,</strong></span> <span class='ocrx_word' id='word_1_867' title='bbox 2236 5619 2270 5672; x_wconf 70' lang='grc' dir='ltr'><strong>εὶ</strong></span> 
     </span>
    </p>
   </div>
   <div class='ocr_carea' id='block_1_98' title="bbox 2181 5593 3781 5684">
    <p class='ocr_par' dir='ltr' id='par_1_98' title="bbox 2181 5593 3781 5684">
     <span class='ocr_line' id='line_1_98' title="bbox 2181 5593 3781 5684; baseline -0.015 -12"><span class='ocrx_word' id='word_1_868' title='bbox 2181 5636 2207 5681; x_wconf 77' lang='lat'><strong>1,</strong></span> <span class='ocrx_word' id='word_1_869' title='bbox 2236 5618 2325 5672; x_wconf 68' lang='grc'><strong>924.</strong></span> <span class='ocrx_word' id='word_1_870' title='bbox 2400 5616 2446 5647; x_wconf 82' lang='grc'><strong>⁸³</strong></span> <span class='ocrx_word' id='word_1_871' title='bbox 2473 5613 2614 5675; x_wconf 87' lang='lat' dir='ltr'><strong>Psal,</strong></span> <span class='ocrx_word' id='word_1_872' title='bbox 2644 5629 2827 5684; x_wconf 76' lang='lat' dir='ltr'><strong>xxxvi,</strong></span> <span class='ocrx_word' id='word_1_873' title='bbox 2858 5610 3004 5684; x_wconf 72' lang='lat'><strong>16.___</strong></span> <span class='ocrx_word' id='word_1_874' title='bbox 3020 5608 3066 5640; x_wconf 72' lang='lat'><strong>”</strong></span> <span class='ocrx_word' id='word_1_875' title='bbox 3103 5607 3381 5684; x_wconf 60' lang='lat' dir='ltr'><strong>Matth._x,</strong></span> <span class='ocrx_word' id='word_1_876' title='bbox 3418 5604 3469 5658; x_wconf 87' lang='lat'><strong>9.</strong></span> <span class='ocrx_word' id='word_1_877' title='bbox 3534 5602 3606 5684; x_wconf 53' lang='lat'><strong>“’5</strong></span> <span class='ocrx_word' id='word_1_878' title='bbox 3631 5593 3781 5684; x_wconf 43' lang='lat' dir='ltr'><strong>{falli}.</strong></span> 
     </span>
    </p>
   </div>
   <div class='ocr_carea' id='block_1_99' title="bbox 602 5665 2202 5786">
    <p class='ocr_par' dir='ltr' id='par_1_99' title="bbox 602 5665 2202 5786">
     <span class='ocr_line' id='line_1_99' title="bbox 602 5665 2202 5750; baseline 0.003 -12"><span class='ocrx_word' id='word_1_879' title='bbox 602 5698 717 5745; x_wconf 71' lang='grc' dir='ltr'>χιχ,</span> <span class='ocrx_word' id='word_1_880' title='bbox 749 5685 838 5739; x_wconf 70' lang='lat' dir='ltr'><strong>es.</strong></span> <span class='ocrx_word' id='word_1_881' title='bbox 914 5685 959 5716; x_wconf 67' lang='grc' dir='ltr'><strong>³ο</strong></span> <span class='ocrx_word' id='word_1_882' title='bbox 981 5665 1180 5740; x_wconf 60' lang='lat' dir='ltr'><strong>tam.</strong></span> <span class='ocrx_word' id='word_1_883' title='bbox 1211 5665 1800 5750; x_wconf 61' lang='grc' dir='ltr'><strong>ὗι’.”8.””έιθ”ιίέιῐίιιῖ</strong></span> <span class='ocrx_word' id='word_1_884' title='bbox 1823 5688 1877 5742; x_wconf 80' lang='lat'><strong>9.</strong></span> <span class='ocrx_word' id='word_1_885' title='bbox 1923 5665 2034 5719; x_wconf 53' lang='grc' dir='ltr'>Ἤ</span> <span class='ocrx_word' id='word_1_886' title='bbox 2062 5665 2202 5742; x_wconf 53' lang='lat' dir='ltr'><strong>iam</strong></span> 
     </span>
     <span class='ocr_line' id='line_1_100' title="bbox 607 5756 2175 5786; baseline 0 0"><span class='ocrx_word' id='word_1_887' title='bbox 607 5756 675 5786; x_wconf 74' lang='grc' dir='ltr'><strong>ιιιῖ</strong></span> <span class='ocrx_word' id='word_1_888' title='bbox 739 5772 787 5786; x_wconf 72' lang='grc' dir='ltr'><strong>ειν</strong></span> <span class='ocrx_word' id='word_1_889' title='bbox 836 5758 902 5786; x_wconf 63' lang='grc' dir='ltr'><strong>τίκ</strong></span> <span class='ocrx_word' id='word_1_890' title='bbox 1000 5759 1043 5786; x_wconf 72' lang='grc'><strong>91</strong></span> <span class='ocrx_word' id='word_1_891' title='bbox 1086 5760 1169 5786; x_wconf 73' lang='lat' dir='ltr'><strong>Ant</strong></span> <span class='ocrx_word' id='word_1_892' title='bbox 1234 5775 1293 5786; x_wconf 70' lang='grc' dir='ltr'><strong>ιον</strong></span> <span class='ocrx_word' id='word_1_893' title='bbox 1352 5758 1418 5786; x_wconf 65' lang='grc' dir='ltr'><strong>’ζ’ἐέ</strong></span> <span class='ocrx_word' id='word_1_894' title='bbox 1516 5760 1562 5786; x_wconf 76' lang='lat'><strong>93</strong></span> <span class='ocrx_word' id='word_1_895' title='bbox 1590 5760 1732 5786; x_wconf 68' lang='grc' dir='ltr'><strong>Πηιιιζ</strong></span> <span class='ocrx_word' id='word_1_896' title='bbox 1785 5775 1905 5786; x_wconf 66' lang='grc' dir='ltr'><strong>νυνι</strong></span> <span class='ocrx_word' id='word_1_897' title='bbox 1970 5759 2030 5786; x_wconf 69' lang='grc' dir='ltr'><strong>ΙΒΞ</strong></span> <span class='ocrx_word' id='word_1_898' title='bbox 2130 5759 2175 5786; x_wconf 66' lang='lat' dir='ltr'><strong>9&#39;s</strong></span> 
     </span>
    </p>
   </div>
   <div class='ocr_carea' id='block_1_100' title="bbox 2182 5665 3782 5786">
    <p class='ocr_par' dir='ltr' id='par_1_100' title="bbox 2182 5665 3782 5786">
     <span class='ocr_line' id='line_1_101' title="bbox 2182 5665 3782 5750; baseline -0.016 -8"><span class='ocrx_word' id='word_1_899' title='bbox 2182 5665 3025 5750; x_wconf 52' lang='grc' dir='ltr'><strong>ιὶιῗξίὶ,εδῖῖῖέέέιιίζίνςδδ.</strong></span> <span class='ocrx_word' id='word_1_900' title='bbox 3099 5665 3578 5735; x_wconf 67' lang='lat' dir='ltr'><strong>&quot;Eccti.mt,5.</strong></span> <span class='ocrx_word' id='word_1_901' title='bbox 3643 5665 3782 5717; x_wconf 74' lang='grc' dir='ltr'>ι·</span> 
     </span>
     <span class='ocr_line' id='line_1_102' title="bbox 2236 5731 3779 5786; baseline -0.013 5"><span class='ocrx_word' id='word_1_902' title='bbox 2236 5758 2381 5786; x_wconf 51' lang='lat' dir='ltr'><strong>Itum:</strong></span> <span class='ocrx_word' id='word_1_903' title='bbox 2449 5771 2573 5786; x_wconf 69' lang='grc' dir='ltr'>η...</span> <span class='ocrx_word' id='word_1_904' title='bbox 2629 5754 2660 5786; x_wconf 74' lang='lat'>9</span> <span class='ocrx_word' id='word_1_905' title='bbox 2757 5753 2995 5786; x_wconf 61' lang='lat' dir='ltr'><strong>ulna&quot;</strong></span> <span class='ocrx_word' id='word_1_906' title='bbox 3081 5765 3153 5786; x_wconf 67' lang='grc' dir='ltr'>τ..</span> <span class='ocrx_word' id='word_1_907' title='bbox 3230 5747 3277 5786; x_wconf 35' lang='lat'><strong>3,</strong></span> <span class='ocrx_word' id='word_1_908' title='bbox 3391 5745 3614 5786; x_wconf 58' lang='lat' dir='ltr'><strong>&quot;Amm</strong></span> <span class='ocrx_word' id='word_1_909' title='bbox 3644 5731 3779 5786; x_wconf 60' lang='grc' dir='ltr'><strong>ιη,</strong></span> 
     </span>
    </p>
   </div>
   <div class='ocr_carea' id='block_1_101' title="bbox 605 5745 3779 5890">
    <p class='ocr_par' dir='ltr' id='par_1_101' title="bbox 605 5745 3779 5890">
     <span class='ocr_line' id='line_1_103' title="bbox 605 5745 3779 5883; baseline -0.007 -65"><span class='ocrx_word' id='word_1_910' title='bbox 605 5756 945 5883; x_wconf 46' lang='grc' dir='ltr'><strong>ςξὶίεὲν.¹5ξ3</strong></span> <span class='ocrx_word' id='word_1_911' title='bbox 1000 5759 1043 5790; x_wconf 72' lang='grc' dir='ltr'><strong>θ’</strong></span> <span class='ocrx_word' id='word_1_912' title='bbox 1076 5760 1195 5813; x_wconf 84' lang='lat' dir='ltr'><strong>Act.</strong></span> <span class='ocrx_word' id='word_1_913' title='bbox 1232 5775 1319 5831; x_wconf 54' lang='lat' dir='ltr'><strong>xx,</strong></span> <span class='ocrx_word' id='word_1_914' title='bbox 1351 5758 1438 5813; x_wconf 79' lang='grc'><strong>55.</strong></span> <span class='ocrx_word' id='word_1_915' title='bbox 1516 5760 1562 5790; x_wconf 64' lang='grc'><strong>³³</strong></span> <span class='ocrx_word' id='word_1_916' title='bbox 1588 5745 1929 5823; x_wconf 58' lang='lat' dir='ltr'><strong>Eccli.ixx1,</strong></span> <span class='ocrx_word' id='word_1_917' title='bbox 1970 5759 2053 5813; x_wconf 88' lang='lat' dir='ltr'><strong>l5.</strong></span> <span class='ocrx_word' id='word_1_918' title='bbox 2130 5759 2175 5791; x_wconf 61' lang='lat'><strong>9&quot;</strong></span> <span class='ocrx_word' id='word_1_919' title='bbox 2235 5745 2405 5814; x_wconf 77' lang='lat' dir='ltr'><strong>Exod.</strong></span> <span class='ocrx_word' id='word_1_920' title='bbox 2449 5771 2594 5821; x_wconf 79' lang='lat' dir='ltr'><strong>mu,</strong></span> <span class='ocrx_word' id='word_1_921' title='bbox 2629 5754 2687 5808; x_wconf 91' lang='lat'><strong>8.</strong></span> <span class='ocrx_word' id='word_1_922' title='bbox 2757 5755 2801 5787; x_wconf 77' lang='grc'>’⁵</span> <span class='ocrx_word' id='word_1_923' title='bbox 2832 5753 2851 5808; x_wconf 90' lang='grc'><strong>1</strong></span> <span class='ocrx_word' id='word_1_924' title='bbox 2884 5753 3015 5822; x_wconf 81' lang='lat' dir='ltr'><strong>Reg.</strong></span> <span class='ocrx_word' id='word_1_925' title='bbox 3081 5765 3177 5815; x_wconf 78' lang='lat' dir='ltr'><strong>xu,</strong></span> <span class='ocrx_word' id='word_1_926' title='bbox 3229 5747 3283 5802; x_wconf 78' lang='grc'>5.</span> <span class='ocrx_word' id='word_1_927' title='bbox 3391 5746 3434 5778; x_wconf 82' lang='grc'><strong>⁹⁶</strong></span> <span class='ocrx_word' id='word_1_928' title='bbox 3463 5745 3614 5799; x_wconf 79' lang='lat' dir='ltr'><strong>Amos</strong></span> <span class='ocrx_word' id='word_1_929' title='bbox 3644 5753 3689 5799; x_wconf 76' lang='lat' dir='ltr'><strong>tt.</strong></span> <span class='ocrx_word' id='word_1_930' title='bbox 3717 5745 3779 5786; x_wconf 70' lang='grc' dir='ltr'><strong>η·</strong></span> 
     </span>
     <span class='ocr_line' id='line_1_104' title="bbox 768 5866 965 5890; baseline -0.005 -10"><span class='ocrx_word' id='word_1_931' title='bbox 768 5868 781 5882; x_wconf 95' lang='grc'><strong>.</strong></span> <span class='ocrx_word' id='word_1_932' title='bbox 834 5868 849 5890; x_wconf 90' lang='grc'><strong>,</strong></span> <span class='ocrx_word' id='word_1_933' title='bbox 881 5867 910 5881; x_wconf 93' lang='grc'><strong>..</strong></span> <span class='ocrx_word' id='word_1_934' title='bbox 952 5866 965 5879; x_wconf 96' lang='grc'><strong>.</strong></span> 
     </span>
    </p>
   </div>
  </div>
