4052 6566
337 366 470 433 1461
1226 383 1554 444 HOMILIA
1590 384 1750 443 x.~—
1776 385 1873 445 DE
1912 387 2331 448 PARCITATE
2367 389 2718 450 SORDIDA.
3451 375 3590 453 1162

332 478 513 533 πάλινο
558 500 577 534 1
599 481 907 548 Ἐξόλλυσιν
945 488 1137 542 ἑαυτὸν
1168 491 1196 541 0
1225 491 1599 563 δωρολήπτης.
1636 492 1694 546 Ὀ
1722 492 1780 546 δὲ
1809 511 1895 563 μι-

2009 510 2117 549 esse
2141 494 2474 550 conﬁrmans
2506 496 2718 550 inducit
2748 512 2763 547 :
2814 512 2832 546 1
2868 494 2958 550 Va:
2996 493 3088 562 qui
3118 492 3433 564 justiﬁcatis
3478 497 3586 551 im-

333 572 443 623 σῶν
471 571 834 646 δωροληψίας,
878 579 1123 649 ζήσεται.
1144 600 1161 631 ι
1196 583 1302 635 Kal
1344 578 1523 645 αὖθιςο
1560 583 1908 653 «Λαμὸάνων

2009 587 2160 656 pium
2204 603 2304 657 pro
2352 588 2709 654 muneribus,
2748 588 2843 657 qui
2896 586 3126 641 aufertis
3174 600 3207 639 a
3253 588 3405 658 justo
3436 590 3584 657 quod

329 663 478 734 δῶρα
506 668 565 718 ὲν
592 667 814 733 κόλποις
847 670 1067 736 ἀδίκως,
1097 674 1157 727 ού
1201 673 1583 729 κατευοδοῦται
1616 676 1675 729 ἐν
1696 674 1855 737 ὁδοῖς.
1883 692 1899 726 ι

2009 679 2213 749 iustum
2253 689 2359 744 est,
2394 690 2451 737 et
2474 681 2668 750 capitis
2688 680 2848 733 xenia
2870 678 2946 733 "l
2991 697 3010 729 ι
3038 678 3147 732 Et:
3188 697 3207 729 1
3234 679 3383 732 Dona
3414 694 3591 734 excaa-

329 784 399 796 ——
424 777 442 808 1
478 761 851 834 Αίρετώτερον
872 760 966 818 οὖν
988 764 1160 836 ὄνομα
1189 767 1355 821 καλὸν
1378 768 1410 838 ἢ
1437 767 1693 831 πλοῦτος.
1718 786 1737 819 ι
1769 767 1827 821 '0
1851 766 1909 819 δὲ

2009 776 2134 823 cant
2170 770 2363 825 oculos
2395 770 2726 839 sapientium
2751 771 2818 824 θ’.
2858 788 2879 822 ι
2921 767 3127 823 Iterum
3163 786 3176 822 :
3216 787 3233 819 1
3272 767 3459 823 Perdit
3496 784 3588 823 se-

328 849 497 902 Δαυτδ
536 853 631 906 τὸν
675 855 807 907 Θεὸν
837 856 1223 927 ἐξαιτούμενος
1266 857 1474 927 ἔλεγεν’
1508 877 1527 912 1
1572 861 1666 931 Μὴ
1698 875 1909 912 συναπ-

327 943 529 1016 ολὲσῃς
556 946 694 1015 μετά
718 947 928 1001 ἀσεϐῶν
951 950 1050 1021 τὴν
1065 950 1246 1020 ψυχήν
1271 968 1395 1021 μου,
1416 952 1508 1005 καὶ
1535 952 1674 1022 μετά
1699 952 1911 1021 ἀνδρῶν

330 1034 585 1103 αἱμάτων
630 1037 728 1108 τὴν
776 1039 923 1110 ζωήν
973 1058 1074 1111 μου
1097 1058 1109 1070 ·
1142 1035 1216 1094 ὧν
1247 1043 1306 1095 ὲν
1358 1044 1549 1113 χερσὶν
1581 1045 1637 1096 αἱ
1663 1043 1907 1115 ἀνομίαι,

330 1127 366 1194 ἡ
394 1126 544 1190 δεξιά
592 1129 772 1183 αὐτῶν
814 1131 1057 1203 ἐπλήσθη
1108 1131 1295 1201 δώρων
1322 1147 1336 1165 ο
1370 1152 1390 1184 ›
1423 1133 1640 1198 ἀσεϐεῖς
1672 1137 1768 1188 καὶ
1796 1134 1914 1189 ἀνόο

334 1233 474 1284 μους
505 1218 703 1289 ἄνδρας
734 1221 984 1290 αἱμάτων
1033 1222 1322 1276 ἀποκαλῶν
1365 1222 1492 1283 τοὺς
1529 1222 1909 1294 δωρολήπτας.

332 1309 447 1361 Kal
505 1306 678 1374 αὖθις
714 1330 732 1363 1
762 1313 1007 1382 Ἄφρων,
1043 1315 1139 1368 καὶ
1176 1314 1360 1378 ἄνους,
1410 1314 1767 1381 ἀπολοῦνται,
1819 1316 1912 1369 καὶ

332 1400 752 1471 καταλείψουσιν
772 1402 1076 1475 ἀλλοτρίοις
1099 1407 1191 1460 τὸν
1225 1404 1453 1460 πλοῦτον
1476 1407 1674 1460 αὐτῶν.
1706 1388 1743 1458 ι’
1766 1407 1911 1461 Ἴσον

327 1491 410 1557 τῷ
431 1494 626 1546 εἰπεῖν·
662 1514 681 1547 1
706 1497 952 1566 Ἀφρων,
980 1497 1154 1570 ταύτῃ
1177 1501 1243 1569 τῇ
1265 1500 1421 1552 νυκτὶ
1453 1500 1775 1554 ἀπαιτοῦσιν
1804 1498 1912 1555 ἀπὸ

336 1582 432 1634 σοῦ
461 1585 561 1656 τὴν
588 1586 766 1658 ψυχήν
803 1606 896 1643 σου
915 1606 927 1619 ·
964 1589 1000 1643 ἀ
1041 1590 1097 1642 δὲ
1126 1590 1431 1661 ἡτοίμασας
1464 1590 1613 1654 τίνος
1660 1590 1815 1645 ἔσται
1841 1609 1857 1653 ;
1882 1609 1903 1642 ι

331 1674 573 1747 ἄφρονας
603 1678 783 1732 καλῶν
815 1679 942 1743 τοὺς
982 1682 1040 1734 ὲν
1069 1680 1285 1753 πλούτῳ
1323 1681 1677 1746 πεποιθότας,
1719 1682 1811 1735 διά
1849 1682 1909 1735 τὸ

332 1761 531 1830 ἄδηλον
565 1764 657 1817 τοῦ
688 1769 745 1818 ἐν
792 1767 957 1838 σαρκὶ
998 1768 1137 1838 βίου.
1163 1771 1274 1823 Kal
1302 1770 1489 1824 πάλινο
1525 1791 1543 1823 1
1571 1772 1770 1825 Κλῖνον
1799 1771 1902 1842 τὴν

2008 859 2208 928 ipsum,
2247 859 2342 929 qui
2386 860 2585 929 accipit
2620 858 2874 925 munera,
2909 859 3005 929 qui
3050 867 3233 913 autem
3262 858 3391 912 odio
3422 859 3589 913 habet

2007 950 2357 1021 acceptiones
2382 967 2698 1014 munerum,
2729 952 2878 1006 vivet
2903 953 2943 1007 ί.
2987 970 3005 1003 ι
3045 952 3290 1007 Rursum
3324 968 3337 1004 :
3374 969 3391 1001 1
3428 951 3590 1004 Acci-

2004 1041 2162 1111 piens
2185 1058 2412 1097 niunera
2436 1043 2491 1096 in
2510 1043 2724 1096 sinibus
2749 1043 2971 1113 injuste,
3001 1059 3113 1098 non
3142 1051 3501 1113 prosperatur
3527 1042 3586 1095 in

2005 1132 2112 1187 viis
2134 1135 2250 1189 suis
2268 1136 2310 1186 ¹.
2327 1152 2344 1185 ι
2362 1162 2429 1175 -
2455 1151 2473 1183 1
2501 1133 2695 1187 Melius
2715 1134 2900 1202 itaque
2933 1149 3135 1189 nomen
3170 1134 3400 1195 bonum.
3420 1148 3585 1202 quam

2010 1226 2216 1282 divitia:
2243 1227 2283 1280 ³.
2326 1245 2344 1279 ι
2388 1226 2558 1281 David
2590 1226 2822 1297 proinde
2856 1236 3115 1295 precatus
3167 1227 3485 1286 Dominum,
3527 1234 3588 1278 ut
3664 1260 3681 1277 ,~

2012 1318 2144 1373 huic
2172 1318 2505 1373 eximeretur
2533 1333 2710 1381 noxaa,
2747 1316 2967 1373 dicebat
2996 1334 3009 1369 :
3037 1335 3055 1368 1
3088 1317 3165 1371 Ne
3192 1314 3356 1371 s'imul
3387 1317 3587 1387 perdas

2012 1422 2138 1461 cum
2172 1406 2358 1477 impiis
2401 1406 2638 1460 animam
2688 1419 2886 1467 meam,
2921 1411 2977 1458 et
3011 1419 3137 1459 cum
3186 1405 3323 1459 viris
3363 1405 3588 1475 sangui-

2010 1515 2143 1554 num
2173 1500 2340 1553 vitam
2373 1513 2573 1559 meam,
2609 1497 2664 1551 in
2698 1512 2933 1566 quorum
2968 1495 3224 1550 manibus
3266 1496 3588 1564 iniquitates

2010 1598 2177 1643 sunt:
2213 1588 2438 1642 dextera
2488 1602 2682 1641 eorum
2740 1586 2948 1656 repleta
2994 1592 3081 1638 est
3130 1585 3461 1639 muneribus
3480 1586 3521 1639 δ.
3562 1603 3581 1634 ι

2010 1679 2232 1748 Impios,
2258 1679 2475 1749 exleges
2497 1678 2612 1733 sive
2636 1678 2879 1747 iniquos,
2905 1686 3069 1746 atque
3088 1678 3237 1729 viros
3254 1677 3587 1746 sanguinum

2010 1772 2141 1826 dum
2201 1770 2523 1825 nominatim
2576 1770 2918 1840 perstringit,
2975 1768 3217 1823 insinuat
3279 1776 3589 1835 captatores

334 1853 563 1922 καρδίαν
588 1873 690 1926 μου
713 1858 794 1920 είς
825 1859 892 1911 τὰ
913 1858 1191 1929 μαρτύριά
1221 1877 1337 1926 σου,
1364 1861 1459 1914 καὶ⁸
1496 1861 1570 1943 μὴ
1601 1863 1681 1925 εἰς
1717 1861 1910 1915 πλεον-

2015 1876 2329 1916 munerum.
2380 1861 2552 1915 Item:
2591 1879 2609 1911 1
2650 1861 2921 1930 [nsipiens
2957 1870 3015 1915 et
3060 1860 3266 1914 stultus
3300 1859 3582 1928 peribunt,

331 1946 507 2010 εξίαν.
559 1965 578 2000 ι
624 1948 680 2003 '0
715 1949 774 2002 δὲ
836 1948 956 2003 Ἰὼϐ
1008 1950 1268 2007 δεικνύων
1313 1952 1376 2005 τὸ
1436 1952 1676 2024 καθαρὸν
1717 1952 1906 2015 αὑτοῦ,

335 2038 507 2105 λέγει’
541 2056 560 2090 1
589 2039 650 2092 Εί
680 2039 737 2092 δὲ
769 2042 861 2094 καὶ
887 2044 1007 2105 ταῖς
1030 2044 1187 2114 χερσί
1222 2061 1326 2114 μου
1375 2044 1601 2115 ἡψάμην
1653 2044 1862 2114 δώρων.
1882 2063 1901 2095 ι

332 2131 444 2183 Καὶ
476 2132 504 2184 ὁ
533 2132 738 2203 Κύριος
786 2136 879 2188 καὶ
916 2137 1108 2209 Σωτὴρ
1151 2138 1306 2208 ἡμῶν
1352 2138 1680 2205 ἐντέλλεται,
1706 2138 1900 2207 λέγων’

340 2242 360 2274 1
405 2225 619 2295 Ὁρᾶτε,
652 2227 747 2280 xal
774 2228 1115 2295 φυλάσσεσθε
1158 2232 1266 2285 ἀπὸ
1307 2232 1490 2303 πάσης
1515 2230 1853 2296 πλεονεξίας,
1880 2249 1900 2283 ι

332 2315 417 2367 ὅτι
440 2316 540 2371 οὐκ
569 2319 627 2370 ὲν
659 2318 737 2390 τῷ
768 2322 1118 2392 περισσεύειν
1139 2324 1248 2376 τινὶ
1276 2324 1309 2393 ἡ
1333 2323 1446 2394 ζωὴ
1473 2325 1638 2378 αὐτοῦ
1672 2326 1819 2378 ἐστιν
1842 2327 1907 2379 ὲκ

330 2406 443 2461 τῶν
459 2409 818 2482 ὑπαρχόντων
845 2414 1014 2485 αὐτῷ.
1035 2416 1194 2487 Αύτῷ
1214 2418 1248 2487 ή
1278 2417 1406 2481 δόξα
1433 2420 1514 2481 εἰς
1544 2420 1670 2482 τοὺς
1704 2418 1907 2480 αἰῶνας

328 2500 441 2551 τῶν
469 2502 704 2558 αἰώνων.
744 2504 940 2575 Ἀμήν.

2006 1965 2064 2010 et
2095 1955 2410 2023 relinquent
2445 1953 2642 2008 alienis
2668 1953 3048 2008 divitias-suas
3073 1953 3115 2009 ⁸.
3148 1972 3168 2004 ι
3194 1953 3271 2006 Ac
3298 1952 3343 2006 si
3376 1952 3588 2006 diceret

2009 2045 2145 2101 illud
2184 2062 2197 2097 :
2244 2064 2261 2096 1
2289 2044 2488 2107 Stulte,
2518 2052 2679 2099 nocte
2712 2045 2815 2098 hac
2860 2052 3113 2113 repetent
3156 2060 3186 2097 a
3236 2051 3290 2097 te
3348 2042 3584 2096 animam

2010 2148 2159 2194 tuam
2177 2140 2231 2192 ‘z
2263 2159 2280 2190 ι
2298 2153 2420 2208 qua:
2441 2149 2625 2194 autem
2650 2159 2667 2189 1
2694 2138 2968 2208 apparasti
2985 2138 3108 2203 tibi,
3128 2139 3286 2208 cujus
3306 2144 3471 2190 erunt
3487 2136 3505 2166 ⁷
3520 2136 3543 2188 ?
3561 2153 3580 2186 ›

2010 2231 2221 2287 Stultos
2262 2231 2423 2301 plane
2468 2245 2565 2284 eos
2606 2230 2875 2293 nominat,
2915 2229 3009 2299 qui
3039 2244 3265 2299 scopum
3298 2244 3411 2282 sum
3468 2226 3585 2297 spei

2011 2323 2222 2377 divitiis
2250 2322 2473 2392 aﬁigunt
2498 2339 2511 2376 :
2539 2336 2715 2389 eoque
2743 2320 2917 2385 stulti,
2953 2335 3078 2374 cum
3111 2319 3487 2387 incompertus
3517 2316 3589 2370 sit

2010 2430 2113 2468 nec
2137 2420 2288 2467 certo
2309 2410 2646 2480 deprehendi
2674 2419 2838 2479 queat
2878 2411 3037 2464 istius
3070 2410 3196 2464 vitae
3218 2409 3418 2463 exitus.
3452 2408 3597 2461 Rur-

2012 2523 2106 2562 sus
2139 2525 2152 2561 :
2186 2526 2203 2557 1
2242 2506 2449 2559 Inclina
2483 2520 2580 2559 cor
2610 2520 2792 2558 meum
2827 2504 2881 2557 in
2918 2503 3231 2558 testimonia
3268 2512 3361 2557 tua
3392 2511 3448 2556 et
3475 2517 3587 2557 non

330 2592 389 2644 in
422 2593 705 2650 avaritiam
733 2598 774 2652 ⁸.
811 2616 829 2651 ι
859 2598 962 2653 Job
1026 2615 1268 2671 quoque,
1301 2617 1500 2673 purum
1532 2603 1822 2659 declarans
1867 2619 1927 2658 se
1992 2618 2147 2658 noxae
2174 2602 2340 2671 hujus
2382 2619 2394 2655 :
2430 2620 2447 2650 1
2483 2600 2538 2655 Si
2568 2599 2823 2653 manibus
2854 2598 2990 2653 meis
3016 2599 3100 2653 vel
3130 2599 3284 2668 attigi
3311 2599 3455 2652 dona
3484 2599 3525 2651 ³.
3563 2614 3582 2646 ι

330 2687 441 2743 Sed
480 2702 537 2746 et
566 2692 848 2758 Dominus,
880 2704 1081 2752 nostrae
1109 2698 1312 2753 vindex
1343 2699 1537 2754 salutis
1572 2717 1586 2753 :
1624 2719 1643 2751 1
1678 2701 1894 2763 Videte,
1932 2700 2029 2764 ait,
2070 2709 2129 2753 ct
2158 2709 2350 2753 cavete
2393 2698 2462 2751 ab
2511 2696 2660 2751 omni
2703 2695 2932 2749 avaritia
2960 2694 3039 2760 ‘°;
3073 2711 3093 2745 ι
3129 2692 3258 2763 quia
3293 2707 3401 2747 non
3427 2707 3495 2746 ex
3519 2706 3588 2745 eo

328 2798 443 2852 quo
466 2784 592 2853 quis
614 2784 881 2849 abundat,
902 2788 1014 2843 vita
1035 2791 1154 2860 ejus
1178 2800 1281 2847 est.
1303 2791 1414 2863 Ipsi
1439 2792 1612 2863 gloria
1634 2793 1687 2846 in
1706 2794 1904 2849 saecula
1941 2793 2289 2848 saeculorum.
2326 2790 2519 2845 Amen.

961 2903 1182 2956 ΛΟΓΟΣ
1212 2906 1271 2957 I'.

795 3015 935 3084 Περὶ
974 3019 1399 3088 σκνιφότητος.

415 3120 481 3176 Ἦ
527 3126 828 3199 σκνιφότης
889 3131 999 3184 ἀπὸ
1044 3134 1411 3204 μικροψυχίας
1470 3134 1906 3199 ἀναϐλαστάνει,

330 3213 535 3283 μᾶλλον
578 3215 637 3268 δὲ
670 3219 929 3285 ἀπιστίας
982 3223 1079 3276 xal
1122 3224 1497 3289 ἀνελπιστίας.
1536 3227 1600 3280 Εἰ
1640 3227 1748 3297 γὰρ
1776 3227 1907 3299 περὶ

330 3304 401 3356 τὰ
443 3307 720 3377 ὁρώμενα,
747 3307 784 3362 ἀ
818 3310 1050 3381 παρέχει
1094 3313 1227 3383 ἡμῖν
1271 3314 1455 3385 ἀγαθά
1486 3316 1609 3369 καθ’
1665 3318 1906 3385 ἑκάστην

332 3396 652 3470 πλουσίωςή
679 3401 845 3454 αὑτοῦ
868 3403 1162 3475 ἀγαθότης,
1185 3406 1286 3459 ούκ
1302 3407 1708 3477 ἑμπιστεύομεν
1735 3410 1904 3481 αὐτῷ,

328 3488 469 3542 ἀλλά
505 3489 866 3562 διστάζομεν·
898 3495 1014 3559 πῶς
1046 3497 1175 3568 περὶ
1216 3498 1323 3550 τῶν
1372 3498 1446 3569 μὴ
1483 3499 1593 3569 όρω
1607 3500 1786 3569 μένων
1811 3505 1908 3556 καὶ

327 3581 587 3648 αἰωνίων,
617 3586 711 3637 καὶ
736 3589 1071 3657 παραμόνων
1099 3589 1320 3656 ἀγαθῶν
1340 3631 1355 3655 ,
1385 3589 1421 3643 ἃ.
1447 3593 1608 3655 αὐτὸς
1639 3594 1909 3664 ὑπέσχετο

327 3676 465 3744 ἡμῖν
518 3680 856 3748 παρασχεῖν,
904 3681 1286 3752 πιστεύσωμεν
1335 3684 1523 3753 αύτῷ,
1586 3704 1605 3737 1
1666 3687 1734 3739 "A
1781 3686 1907 3740 οὕτε

328 3764 613 3835 ὀφθαλμὸς
647 3767 776 3832 ἴδεν,
815 3769 909 3820 καὶ
939 3769 1033 3832 οὓς
1063 3772 1165 3825 ούκ
1195 3772 1430 3844 ἤκουσεν
1454 3814 1469 3837 ,
1511 3776 1604 3828 καὶ
1633 3775 1728 3828 ἐπὶ
1766 3794 1908 3847 καρ-

326 3857 449 3911 δίαν
472 3858 764 3930 ἀνθρωπου
791 3862 889 3914 ούκ
922 3864 1091 3935 ἀνέϐη
1122 3882 1138 3931 ;
1179 3885 1198 3917 ι
1236 3867 1475 3930 Εἰκότως
1502 3863 1596 3921 οῦν
1640 3870 1907 3937 ἐγκαλού-

332 3950 477 4018 μεθα
506 3952 659 4023 παρά
690 3956 790 4023 τῆς
823 3954 974 4018 θείας
1010 3956 1254 4027 Γραφῆς,
1294 3958 1377 4011 ὅτι
1415 3977 1434 4009 1
1476 3961 1680 4030 ’Ἄνδρα
1726 3962 1908 4030 ὀλιγό-

327 4040 502 4110 ψυχον
534 4040 619 4104 τίς
650 4041 900 4104 ὑποίσεις
944 4061 963 4095 ι
1014 4044 1504 4117 Ἐμπιστεύσωμεν
1544 4045 1637 4102 οὖν
1666 4050 1745 4120 τῷ
1788 4051 1908 4123 Θεῷ

327 4131 432 4200 τὴν
456 4130 649 4201 χρείαν
673 4131 769 4185 τοῦ
811 4130 1088 4203 σώματος,
1127 4136 1221 4190 καὶ
1254 4136 1402 4207 δῆλοί
1433 4138 1625 4207 ἐσμεν,
1662 4140 1758 4193 καὶ
1807 4141 1909 4211 τὴν

329 4223 427 4275 τοῦ
458 4223 769 4294 πνεύματος
790 4226 1141 4290 πιστεύοντες
1164 4228 1337 4297 αὐτῷ.
1356 4230 1567 4283 Οὐκοῦν
1595 4231 1744 4303 αύτῷ
1770 4235 1909 4287 ἀπο-

332 4315 580 4385 δώσομεν
617 4319 746 4386 περὶ
767 4317 1008 4384 πάντων,
1043 4321 1127 4374 ὅτι
1161 4321 1309 4391 αύτῷ
1371 4322 1527 4388 μέλει
1560 4324 1700 4395 ὑπὲρ
1729 4326 1907 4395 ἡμῶν

334 4409 430 4460 καὶ
454 4404 596 4464 οἶδεν
637 4405 713 4463 ῶν
742 4412 934 4481 χρείαν
957 4410 1153 4482 ἔχομεν
1184 4413 1293 4484 πρὸ
1327 4415 1422 4467 τοῦ
1467 4392 1691 4483 αἰτῆσαι
1723 4392 1907 4472 αύτῶόν.

344 4499 407 4550 Ὀ
434 4499 543 4570 γάρ
577 4500 710 4562 Θεὸς
733 4501 842 4552 τῶν
866 4501 1226 4572 ἀπλωμένων,
1253 4504 1493 4573 ἁπλότης
1520 4505 1689 4557 ἐστίν’
1727 4506 1911 4569 καθὼς

334 4592 431 4643 καὶ
454 4592 488 4660 ὴ
517 4579 686 4684 Σοφία
708 4592 907 4684 Αφησίν·
948 4612 968 4645 1
1011 4594 1107 4657 ’⁸ος
1125 4595 1414 4665 πορεύεται
1441 4596 1649 4661 ἁπλῶς,
1682 4596 1909 4666 πορεύε-
1946 4631 1988 4684 D

331 4699 429 4735 ται
486 4681 779 4746 πεποιθώς.
810 4702 830 4736 ι
879 4684 992 4738 Kal
1039 4686 1224 4739 πάλιν·
1283 4703 1303 4738 1
1340 4687 1448 4739 T06
1500 4687 1692 4741 πιστοῦ
1738 4688 1858 4753 ὅλος
1887 4692 1916 4742 ὁ

334 4773 542 4841 κόσμος
580 4773 687 4825 τῶν
717 4774 1038 4845 χρημάτων,
1060 4773 1137 4844 τῷ
1168 4772 1226 4827 δὲ
1257 4773 1471 4844 ἀπίστῳ
1494 4775 1614 4827 οὐδὲ
1640 4774 1845 4839 ὀϐολός.
1889 4794 1910 4827 ι

338 4864 470 4916 Καί·
509 4884 527 4915 1
565 4864 797 4933 Εὑλογία
827 4865 1034 4935 Κυρίου
1058 4866 1151 4919 ἐπὶ
1182 4865 1426 4937 κεφαλὴν
1455 4866 1686 4921 δικαίου.
1730 4886 1750 4921 ι
1786 4868 1913 4933 Kal,

344 4969 362 5000 1
403 4949 565 5020 Ψυχὴ
594 4951 937 5023 εὐλογημένη
976 4954 1123 5005 πᾶσα
1146 4953 1291 5023 ἀπλῆ
1326 4969 1341 4985 σ
1370 4955 1465 5006 καὶ
1496 4956 1525 5006 0
1562 4956 1803 5023 σπείρων
1831 4957 1911 5010 δι-

337 5040 655 5110 καιοσύνην,
689 5042 922 5113 λήψεται
955 5044 1143 5114 μισθὸν
1178 5043 1392 5098 πιστοῦ.
1418 5045 1492 5098 Οὐ
1522 5045 1630 5116 γάρ
1657 5046 1912 5114 λιμοκτο-

340 5134 496 5200 νήσει
543 5132 749 5203 Κύριος
790 5134 970 5206 ψυχὴν
1005 5136 1235 5188 δικαίου.
1275 5135 1333 5188 '0
1385 5134 1442 5188 δὲ
1494 5135 1773 5199 πεποιθὼς
1820 5137 1912 5189 ἐπὶ

340 5222 557 5294 πλούτῳ
602 5224 790 5289 αὐτοῦ,
823 5220 1294 5303 οὗτοςιπεσεῖται.
1333 5246 1352 5279 ι
1395 5227 1527 5289 Kal,
1575 5246 1594 5279 1
1638 5228 1914 5297 ’Υπαρξις

341 5315 853 5387 ἐπισπουδαζομένη
889 5318 1023 5387 μετά
1055 5318 1309 5387 ἀνομίας,
1340 5318 1585 5372 ἐλάσσων
1617 5318 1847 5387 γίνεται·
1885 5322 1916 5373 0

342 5407 400 5459 δὲ
428 5408 675 5476 συνάγων
705 5412 883 5482 ἑαυτῷ
914 5410 1050 5481 μετά
1071 5411 1375 5477 εὐσεϐείας,
1403 5412 1857 5485 πληθυνθήσεται.
1892 5432 1911 5466 ι

417 5566 584 5621 "Isa.
613 5567 775 5631 v,‘23.
851 5570 896 5599 99
937 5567 1104 5621 Eccli.
1138 5584 1228 5632 xx,
1252 5567 1342 5622 5|.
1422 5568 1624 5624 'Prov.
1663 5585 1753 5633 xv,
1785 5571 1876 5625 27.
1953 5573 1973 5601 ’
1997 5572 2157 5626 Prov.
2194 5588 2325 5634 xvn,
2352 5571 2441 5627 25.

347 5636 369 5666 ⁸
395 5636 534 5691 Psal.
558 5654 740 5700 x1.vm,
773 5638 856 5691 II.
923 5640 944 5668 ⁶
974 5638 1085 5690 Luc
1132 5655 1226 5702 v11,
1260 5638 1350 5691 20.
1418 5641 1438 5670 "
1462 5639 1597 5693 ibid.
1663 5639 1684 5669 ⁸
1705 5641 1848 5695 Psal.
1880 5658 2060 5705 cxvnl,
2085 5642 2172 5697 '56.

2610 2901 2893 2959 HOMILIA
2918 2901 2985 2955 Χ.

2307 3015 2377 3069 De
2405 3016 2618 3069 sordida
2651 3023 2699 3067 et
2728 3010 2977 3066 illiberali
3014 3009 3296 3078 parcitate.

2082 3129 2346 3193 Parcitas,
2376 3136 2471 3182 aut
2496 3126 2544 3182 si
2575 3126 2768 3190 mavis,
2802 3122 3090 3187 tenacitas,
3118 3120 3186 3175 ab
3224 3119 3411 3173 radice
3452 3133 3587 3187 pro-

2009 3220 2284 3289 germinat
2310 3216 2820 3288 pusillanimitatis;
2854 3213 3044 3268 verius
3067 3219 3255 3266 autem
3277 3208 3586 3280 proﬁcisci-

1933 3291 1974 3345 ο
2010 3318 2099 3362 tur
2132 3308 2201 3362 ab
2233 3307 2557 3362 inﬁdelitate
2582 3314 2639 3361 et
2670 3304 3082 3374 desperatione.
3112 3301 3333 3357 Etenim
3364 3300 3409 3354 si
3437 3299 3588 3353 circa

2009 3400 2128 3455 haec
2161 3399 2402 3454 visibilia
2435 3413 2559 3469 quae
2586 3398 2644 3452 in
2679 3396 2800 3452 dies
2842 3395 3092 3466 singulos
3121 3392 3337 3449 abunde
3362 3399 3418 3446 et
3447 3407 3587 3461 opu-

2007 3490 2185 3545 lenter
2233 3490 2397 3545 nobis
2436 3489 2685 3560 suggerit
2728 3487 2949 3543 Domini
2982 3485 3333 3556 benignitas,
3375 3482 3587 3554 1042

2008 3581 2439 3651 haudquaquam
2471 3581 2637 3635 ﬁdem
2668 3579 2960 3643 habemus,
2993 3577 3089 3632 sed
3117 3577 3271 3631 varie
3303 3575 3588 3630 diducitur

2008 3671 2226 3726 animus
2264 3680 2322 3727 et
2352 3672 2577 3727 vacillat
2601 3671 2846 3737 dubius;
2895 3669 2991 3739 qui
3036 3668 3133 3724 ﬁet
3176 3677 3239 3724 ut
3293 3666 3401 3722 ﬁde
3444 3666 3586 3721 nihil

2014 3765 2309 3820 haasitante
2364 3766 2656 3821 credamus
2718 3765 2895 3835 ipsius
2967 3763 3158 3818 verbis
3211 3762 3281 3817 de
3332 3761 3419 3816 his
3467 3776 3591 3830 qua:

2008 3858 2237 3912 minime
2311 3858 2489 3913 oculis
2564 3858 2889 3928 subiacent,
2972 3855 3070 3912 sed
3148 3863 3355 3911 aeterna
3426 3862 3588 3919 sunt,

2008 3964 2112 4003 nec
2170 3948 2283 4002 ullo
2339 3963 2583 4017 unquam
2648 3947 3053 4017 intercipienda
3108 3946 3239 4009 ﬁne,
3289 3960 3415 4000 cum
3453 3944 3590 3999 alio-

2008 4041 2103 4109 qui
2154 4055 2213 4094 se
2266 4055 2336 4094 ea
2402 4040 2567 4094 nobis
2646 4047 2799 4094 certo
2846 4039 3107 4093 daturum
3171 4036 3454 4106 pollicitus
3494 4036 3586 4100 sit,

2010 4136 2153 4189 bona
2203 4149 2335 4189 sane
2363 4173 2380 4199 ,
2441 4152 2461 4185 1
2497 4131 2630 4198 Qua:
2677 4148 2783 4188 nec
2829 4133 3027 4187 oculus
3070 4131 3233 4195 vidit,
3281 4144 3387 4184 nec
3434 4127 3589 4184 auris

2009 4225 2240 4291 audivit,
2268 4240 2372 4280 nec
2398 4224 2456 4280 in
2491 4239 2589 4278 cor
2616 4223 2861 4278 hominis
2887 4221 3261 4277 ascenderunt
3287 4221 3376 4274 “‘2
3407 4239 3425 4272 ι
3465 4219 3589 4274 Νοιι

2010 4316 2176 4387 igitur
2202 4316 2301 4372 abs
2336 4331 2394 4371 re
2427 4315 2616 4371 divina
2647 4330 2752 4370 nos
2783 4315 3036 4385 coarguit
3066 4314 3352 4383 Scriptura
3384 4329 3399 4366 :
3440 4328 3460 4363 1
3497 4309 3592 4365 Vi-

2012 4426 2133 4464 rum
2183 4409 2590 4480 pusillanimem
2644 4406 2772 4477 quis
2827 4406 3123 4462 sustinebit
3168 4406 3252 4459 “?
3312 4423 3332 4456 ι
3399 4405 3589 4472 Itaque

2013 4502 2174 4557 istius
2232 4500 2483 4571 corporis
2532 4499 2924 4555 necessitatem
2957 4497 3064 4553 ﬁde
3114 4512 3227 4552 non
3272 4494 3442 4550 dubia
3477 4495 3590 4548 Dco

2016 4596 2401 4663 permittamus
2435 4592 2525 4649 cui
2550 4591 2829 4646 manifesti
2857 4606 3050 4646 sumus
3101 4590 3264 4645 ﬁdem
3319 4587 3591 4643 habentes

2018 4682 2247 4753 Spiritui
2275 4690 2485 4738 sancto.
2514 4682 2656 4737 Sane
2684 4698 2869 4737 rerum
2891 4682 3136 4736 omnium
3170 4694 3364 4735 curam
3389 4678 3447 4731 in
3460 4693 3591 4732 eum

2017 4774 2473 4840 transcribamus,
2500 4774 2581 4829 illi
2614 4774 2711 4828 uni
2736 4774 3114 4843 assignemus;
3147 4770 3277 4841 quia
3316 4769 3420 4838 ipsi
3458 4784 3593 4823 cura

2015 4867 2124 4921 erit
2151 4866 2220 4920 de
2252 4866 2434 4920 nobis.
2464 4865 2629 4921 Novit
2661 4865 2784 4935 ipse
2809 4879 3045 4935 quorum
3078 4872 3363 4931 tangamur
3394 4875 3590 4914 neces-

2018 4960 2203 5021 sitate,
2228 4957 2548 5027 priusquam
2568 4958 2913 5028 postulemus
2930 4970 3077 5010 eum.
3106 4953 3445 5023 Simpliciter
3470 4969 3593 5024 gra-

2018 5044 2290 5100 dientium
2320 5047 2547 5111 divitiae,
2578 5049 2723 5101 Deus
2766 5054 2872 5109 est,
2895 5043 3358 5114 quemadmodum
3390 5044 3593 5099 astruit

2020 5137 2351 5207 Sapientia:
2407 5156 2428 5191 1
2484 5138 2589 5204 Qui
2634 5138 2889 5192 ambulat
2942 5136 3291 5205 simpliciter,
3345 5137 3593 5192 ambulat

2018 5230 2359 5286 conﬁdenter
2383 5231 2447 5285 η.
2502 5249 2521 5283 ι
2572 5231 2784 5285 Rursus
2828 5246 2843 5283 :
2892 5248 2911 5281 1
2951 5229 3152 5284 Fidelis
3183 5229 3288 5283 viri
3332 5236 3420 5283 cst
3444 5237 3592 5283 totus

2021 5322 2261 5378 mundus
2312 5324 2652 5385 divitiarum,
2711 5322 2949 5377 inﬁdelis
2997 5331 3180 5376 autem
3235 5336 3305 5375 ne
3363 5320 3590 5375 obolum

2022 5414 2245 5485 quidem
2271 5416 2439 5471 habet
2463 5416 2524 5469 ιι.
2560 5435 2581 5468 ι
2612 5416 2682 5471 Et
2717 5432 2731 5469 :
2772 5434 2791 5468 1
2829 5412 3146 5468 Benedictio
3176 5412 3390 5467 Domini
3425 5426 3594 5482 super

2520 5574 2540 5603 ³
2569 5574 2728 5629 Pr0v.
2753 5590 2884 5639 xx",
2911 5576 2962 5630 i.
3038 5574 3060 5606 ⁸
3080 5574 3223 5630 Psal.
3258 5588 3383 5636 xxv;
3415 5572 3468 5633 9,
3502 5571 3587 5625 10.

2248 5646 2269 5675 ⁹
2290 5642 2394 5698 Job
2424 5660 2607 5710 xxxvi,
2640 5645 2723 5697 18.
2802 5647 2844 5675 ¹⁰
2877 5647 3013 5701 Luc.
3045 5661 3139 5710 XII,
3172 5645 3258 5697 15.
3342 5643 3379 5672 ¹¹
3410 5641 3427 5695 Ι
3456 5642 3588 5697 Cor.

344 5722 382 5759 ιι
407 5748 419 5766 ,
581 5709 628 5785 '_’_
656 5709 812 5785 ξων.
857 5724 1003 5769 xvm,
1046 5709 1154 5785 ιι,
1177 5709 1230 5764 in
1259 5708 1503 5765 editione
1534 5725 1635 5764 Lxx
1664 5726 1680 5776 ;
1715 5713 1771 5765 in
1802 5712 2027 5782 Vulgata
2064 5728 2216 5779 vero,
2242 5715 2486 5785 spiritum
2509 5708 2937 5770 ad‘irasceudum
2962 5707 3195 5785 facilem,
3219 5722 3329 5769 etc.
3356 5712 3398 5744 ¹³
3424 5713 3590 5769 Prov.

354 5791 409 5837 χ,
442 5780 493 5831 9.
594 5777 636 5807 "
663 5778 764 5832 Pro
795 5794 1059 5839 v.xxv1u.
1091 5778 1161 5833 Ἦ)
1220 5802 1223 5803 ν
