3810 6536
375 361 397 425 1
409 362 513 426 463

1642 358 2005 420 ANTIOCHI
2044 360 2387 420 MONACIII

3498 356 3615 419 1464

372 483 540 542 caput
590 469 723 542 justi
758 470 824 523 ι’.
880 488 898 519 ι
934 468 1047 524 Et:
1086 486 1103 518 ι
1144 465 1436 521 Benedicta
1482 466 1666 521 anima
1717 467 1949 537 simplex

2062 468 2213 537 Λέγει
2237 469 2293 521 δὲ
2325 469 2418 521 καὶ
2459 470 2487 521 6
2518 469 2780 539 Μωῦσῆς·
2826 485 2845 517 ι
2896 467 3021 523 Ἐὰν
3062 470 3299 539 γένηται
3329 470 3389 520 ὲν
3432 475 3514 521 σοὶ
3543 474 3622 521 ὲν-

372 564 552 617 omnis
582 574 667 617 est
692 579 706 626 ;
735 562 829 631 qui
860 561 1097 616 seminat
1119 560 1388 629 justitiam
1415 601 1429 623 ,
1461 560 1771 614 mercedem
1801 561 1945 614 reci-

372 657 488 726 piet
518 654 763 709 ﬁdelium
786 655 829 685 ⁸⁸
855 672 869 706 :
900 669 1010 707 non
1042 654 1190 708 enim
1223 653 1476 707 enecabit
1503 651 1645 706 fame
1682 652 1948 705 Dominus

376 750 613 801 animam
646 746 778 815 juin
813 763 826 799 :
855 745 949 813 qui
995 754 1176 799 autem
1202 744 1429 798 conﬁdit
1460 745 1512 797 in
1564 744 1772 799 divitiis
1807 746 1944 807 suis,

375 848 597 892 corruet
627 839 688 892 ¹⁷.
720 858 737 889 ι
764 838 831 891 Et
858 855 871 890 :
923 856 941 888 ι
972 836 1288 891 Substantia
1318 852 1669 905 przepropero
1699 852 1762 891 ac
1795 836 1948 892 festi-

374 931 587 984 natiore
622 930 806 993 studio
851 928 1078 997 quaesita
1109 944 1207 997 per
1240 929 1590 997 iniquitatem
1626 929 1943 992 minuetur;

373 1023 465 1091 qui
499 1030 683 1076 autem
717 1031 1006 1076 coacervat
1046 1020 1151 1074 sibi
1179 1037 1305 1074 cum
1336 1021 1539 1089 pietate
1564 1062 1578 1085 ,
1608 1020 1944 1089 multiplica-

374 1113 527 1167 bitur
550 1113 611 1166 ‘3.
652 1132 669 1163 ι
702 1113 848 1167 Dicit
886 1121 1068 1167 autem
1102 1113 1280 1166 Moses
1322 1130 1334 1165 :
1373 1131 1390 1162 ι
1427 1113 1482 1167 Si
1515 1113 1684 1167 fuerit
1720 1113 1865 1166 inter
1892 1122 1946 1165 te

376 1206 626 1274 indigens
655 1204 926 1274 quispiam
960 1220 1025 1257 ex
1053 1203 1315 1257 fratribus
1350 1204 1477 1267 tuis,
1509 1220 1620 1258 non
1654 1205 1948 1259 contrahes

373 1311 597 1349 manum
632 1304 780 1348 tuam
815 1296 883 1349 ab
919 1310 1025 1359 co;
1060 1294 1155 1348 sed
1192 1305 1385 1349 mutuo
1411 1295 1570 1349 dabis
1596 1303 1945 1364 quantocun—

374 1402 481 1455 que
504 1388 719 1456 eguerit
756 1388 819 1440 η’.
858 1406 874 1437 ι
915 1387 1121 1440 Psaltes
1144 1386 1274 1440 item
1307 1387 1490 1456 regius
1521 1404 1533 1439 :
1572 1404 1591 1438 ι
1628 1387 1769 1441 Ecce
1799 1386 1945 1440 oculi

374 1478 593 1533 Domini
650 1493 815 1548 super
860 1488 1167 1532 metuentes
1201 1493 1349 1542 eum,
1401 1486 1458 1531 ut
1508 1487 1670 1531 eruat
1705 1493 1735 1531 a
1770 1487 1947 1532 morte

374 1568 589 1622 animas
620 1583 811 1621 eorum
833 1578 888 1622 et
906 1568 1015 1621 alat
1033 1583 1127 1621 eos
1154 1567 1211 1620 in
1234 1567 1374 1621 tame
1393 1568 1472 1628 ¹⁰;
1508 1588 1524 1618 ι
1564 1568 1770 1622 Divites
1797 1568 1946 1622 enim

376 1675 647 1728 pauperes
672 1660 798 1713 facti
827 1670 953 1714 sunt
976 1670 1031 1715 et
1065 1660 1415 1714 esurierunt:
1444 1678 1463 1710 ι
1498 1659 1949 1729 inquirentesau-

379 1757 488 1804 tem
536 1750 829 1804 Dominum
877 1767 985 1805 non
1028 1750 1285 1805 deﬁcient
1314 1751 1464 1805 omni
1488 1752 1632 1805 bono
1665 1753 1731 1815 “,
1771 1772 1789 1802 ι
1827 1752 1895 1806 Ει
1931 1770 1943 1805 :

386 1860 405 1893 ι
444 1842 563 1895 Non
599 1842 711 1895 vidi
757 1843 965 1912 justum
1001 1842 1323 1896 derelictum
1345 1883 1359 1906 ,
1400 1858 1580 1911 neque
1611 1858 1797 1897 semen
1830 1844 1950 1913 ejus

377 1947 630 2000 quaerens
678 1947 849 2001 panes
879 1934 946 1986 ".
984 1952 1003 1984 ι
1054 1914 1205 1987 Alter
1240 1934 1369 1987 item
1400 1951 1413 1986 :
1449 1952 1467 1984 ι
1506 1932 1610 1999 Qui
1656 1936 1950 1989 miseretur

377 2039 679 2093 pauperum
730 2024 1081 2079 beatissimus
1109 2026 1172 2079 ’³,
1213 2045 1230 2075 ι
1267 2025 1334 2079 Et
1362 2043 1375 2078 :
1426 2044 1444 2075 ι
1477 2025 1689 2081 Animae
1714 2042 1827 2080 sum
1856 2027 1953 2081 be-

375 2116 580 2171 nefacit
603 2116 686 2170 vir
710 2117 1024 2172 misericors
1046 2118 1111 2170 “.
1154 2137 1173 2169 ι
1200 2117 1457 2173 Concinit
1484 2119 1571 2174 bis
1606 2118 1903 2189 Apostolus
1934 2136 1949 2175 :

383 2225 402 2255 ι
434 2205 537 2273 Qui
569 2224 733 2277 parce
760 2208 1032 2271 seminat,
1061 2224 1225 2277 parce
1246 2219 1302 2262 et
1334 2209 1491 2263 metit
1519 2228 1531 2261 :
1566 2210 1947 2279 unusquisque

374 2312 540 2366 prout
562 2299 859 2353 destinavit
892 2300 945 2352 in
974 2298 1139 2353 corde
1173 2314 1295 2361 suo,
1326 2314 1435 2352 non
1476 2308 1656 2352 tamen
1689 2314 1755 2352 ex
1780 2298 1951 2353 tristi-

376 2389 449 2442 tia
479 2400 573 2443 aut
602 2407 667 2443 ex
694 2392 1022 2445 necessitate
1059 2408 1072 2443 :
1099 2390 1329 2444 hilarem
1360 2390 1507 2443 enim
1534 2389 1784 2443 datorem
1823 2388 1951 2442 dili-

376 2479 453 2547 git
505 2480 648 2534 Deus
696 2482 761 2533 ’⁸.
802 2501 819 2532 ι
859 2479 966 2534 Sed
998 2488 1054 2533 et
1083 2479 1391 2533 animarum
1443 2486 1500 2532 et
1532 2478 1804 2533 bonorum
1834 2493 1951 2531 om-

374 2570 529 2622 nium
559 2571 969 2625 amantissimus
1000 2570 1264 2624 Dominus
1302 2586 1315 2621 :
1353 2588 1369 2619 ι
1404 2568 1684 2637 Respicite
1707 2568 1947 2622 volatilia

376 2661 525 2724 cmli,
550 2662 643 2731 qui
681 2678 791 2716 non
817 2663 1089 2717 seminant
1113 2676 1292 2730 neque
1324 2669 1556 2723 metunt,
1592 2676 1773 2729 neque
1819 2674 1949 2713 con-

376 2763 602 2824 gregant
647 2756 703 2809 in
734 2756 955 2819 horrea,
981 2764 1035 2809 et
1085 2755 1246 2809 Pater
1295 2764 1477 2807 vester
1500 2752 1742 2808 cmlestis
1774 2752 1952 2822 pascit

2047 560 2172 630 δεὴς
2203 562 2267 612 ὲκ
2297 560 2404 612 τῶν
2427 558 2671 624 ἀδελφῶν
2705 577 2820 624 σου,
2853 561 2913 612 οὐ
2954 561 3189 633 σφίγξῃς
3214 562 3319 630 τὴν
3350 562 3510 631 χεῖρὰ
3541 579 3622 613 σν)

2048 653 2145 705 ἀπ’
2174 653 2339 706 αὐτοῦ
2361 670 2375 683 ·
2408 653 2543 707 ἀλλὰ
2564 654 2768 714 δανιεῖς
2789 653 2938 723 αὑτῷ
2967 654 3091 706 ὅσον
3127 656 3469 724 ὖστερεῖται.
3512 675 3528 704 ι
3574 656 3625 707 ’0

2045 744 2103 796 δὲ
2133 745 2456 815 Ψαλμῳδός·
2493 765 2510 798 ι
2569 747 2701 799 Ἰδοὺ
2730 748 2780 799 οἱ
2827 748 3097 817 ὀφθαλμοὶ
3137 749 3350 817 Κυρίου
3386 749 3483 799 ἐπὶ
3512 749 3628 809 τοὺς

2048 833 2418 904 φοϐουμένους
2459 837 2641 889 αὐτόν·
2679 837 2948 908 ῥύσασθαι
2972 842 3035 891 ἐκ
3064 840 3299 892 θανάτου
3333 840 3435 899 τὰς
3462 840 3625 907 ψυχὰς

2047 927 2247 988 αὐτῶν,
2304 928 2397 980 καὶ
2432 929 2720 998 διαθρέψαι
2765 931 2964 993 αὐτοὺς
2996 933 3055 983 ὲν
3104 932 3271 1001 λιμῷ.
3321 951 3339 982 ι
3382 933 3629 985 Diniam

2047 1018 2155 1089 γὰρ
2186 1020 2539 1088 ὲπτώχευσαν
2568 1022 2663 1073 καὶ
2692 1021 3023 1073 ἐπείνασαν
3045 1039 3060 1051 ·
3099 1040 3118 1073 ι
3163 1024 3227 1075 Οἱ
3252 1023 3312 1075 δὲ
3341 1022 3629 1088 ἐπιζητοῦν-

2046 1127 2137 1171 τες
2168 1111 2261 1163 τὸν
2282 1112 2483 1179 Κύριον
2505 1112 2604 1164 οὐκ
2622 1112 3092 1182 ὲλαττωθήσονται
3114 1116 3322 1178 παντὸς
3346 1114 3575 1181 ἀγαθοῦ.
3606 1134 3623 1164 ι

2047 1203 2177 1254 Καί·
2213 1221 2231 1254 ι
2268 1202 2381 1256 Οὐκ
2405 1200 2543 1256 εἶδον
2564 1203 2772 1257 δίκαιον
2802 1207 3392 1275 ἐγκαταλελειμμένον,
3429 1208 3555 1258 οὐδὲ
3578 1208 3631 1258 τὸ

2050 1295 2270 1364 σπέρμα
2301 1294 2463 1348 αὑτοῦ
2486 1334 2501 1358 ,
2540 1296 2738 1366 ζητοῦν
2762 1297 2980 1367 ἄρτους.
3026 1318 3045 1349 ι
3091 1300 3200 1350 Καὶ
3224 1299 3420 1368 ἕτερος
3448 1315 3464 1327 ο
3515 1319 3533 1348 ι
3580 1300 3633 1350 ’0

2048 1385 2213 1439 ἐλεῶν
2238 1389 2511 1456 πτωχοὺς,
2538 1388 2899 1456 μακαριστος.
2929 1408 2947 1442 ι
2972 1390 3101 1452 Καὶ,
3133 1410 3150 1441 ι
3183 1392 3259 1460 Τῇ
3288 1393 3442 1459 ψυχῇ
3472 1390 3635 1442 αὑτοῦ

2048 1476 2250 1543 ἀγαθὸν
2281 1481 2427 1531 ποιεῖ
2454 1479 2594 1549 ἀνὴρ
2621 1479 2891 1548 ἐλεήμων.
2932 1500 2949 1531 ι
2991 1481 3264 1543 Ὡσαύτως
3294 1481 3388 1533 καὶ
3429 1481 3636 1531 631:6-

2051 1568 2287 1630 στολος,‹
2311 1568 2369 1621 Ὀ
2398 1570 2640 1640 σπείρων
2671 1571 3024 1639 φειδομένως,
3056 1572 3393 1641 φειδομένως
3425 1574 3527 1623 καὶ
3556 1572 3639 1623 0a-

2051 1660 2192 1729 ρίσει
2228 1677 2241 1690 ο
2274 1660 2501 1724 ἕκαστος
2530 1660 2715 1724 καθὼς
2748 1666 3093 1733 προαιρεῖται
3118 1666 3182 1733 τῇ
3226 1664 3427 1733 καρδία
3450 1680 3466 1691 ·
3505 1663 3639 1732 πλὴν

2053 1752 2128 1822 μὴ
2155 1754 2220 1804 ἐκ
2259 1751 2455 1821 λύπης,
2496 1752 2632 1821 μηδὲ
2662 1753 2720 1816 ἐξ
2756 1753 3038 1823 ἀνάγκης·
3094 1755 3277 1823 ἱλαρὸν
3315 1756 3431 1824 γὰρ
3482 1754 3639 1823 δότην

1982 1823 2023 1877 Β
2054 1845 2245 1912 ἀγαπᾷ
2274 1846 2301 1895 6
2320 1842 2468 1920 Θεός.
2509 1862 2527 1893 ι
2549 1844 2606 1896 Ὁ
2636 1844 2691 1896 δὲ
2722 1844 3018 1914 φιλόψυχος
3050 1846 3143 1898 xai.
3167 1845 3375 1913 ἀγαθὸς
3396 1823 3636 1913 Κύριος,

2062 1956 2079 1989 ι
2125 1936 2500 2006 Ἐμϐλέψατε,
2539 1938 2704 2006 φησὶν
2728 1976 2742 1998 ,
2790 1939 2870 2000 εἰς
2908 1940 2974 1990 τὰ
3006 1941 3229 1991 πετεινὰ
3262 1939 3362 1991 τοῦ
3394 1939 3635 2008 οὐρανοῦ

2056 2028 2137 2079 ὅτι
2160 2028 2220 2079 οὐ
2264 2029 2599 2097 σπείρουσιν,
2642 2029 2763 2081 οὐδὲ
2793 2028 3118 2098 θερίζουσιν,
3145 2029 3268 2081 οὗτε
3296 2033 3629 2097 συνάγουπν

2057 2122 2137 2181 εἰς
2166 2119 2470 2188 ἀποθήκας,
2503 2120 2596 2172 καὶ
2628 2120 2656 2172 6
2685 2120 2875 2189 Πατὴρ
2914 2121 3065 2190 ὑμῶν
3094 2123 3122 2174 6
3153 2122 3415 2192 οὐράνιος
3446 2124 3625 2190 τρέςει

2052 2209 2213 2264 αὑτά.
2256 2211 2362 2278 Οὐχ
2412 2211 2568 2280 ὑμεῖς
2614 2210 2813 2280 μᾶλλον
2861 2211 3146 2280 διαφέρετε
3182 2214 3414 2277 αὑτῶνς
3466 2233 3486 2263 ι
3537 2216 3633 2266 Καὶ

2055 2302 2273 2367 ἐπάγεις
2294 2319 2309 2351 ι
2338 2301 2428 2371 Μὴ
2446 2297 2538 2354 οὖν
2561 2303 2955 2371 μεριμνήσητε,
2972 2303 3239 2370 λέγοντες·
3257 2304 3324 2356 Ti
3343 2307 3632 2371 φάγωμεν,

2055 2389 2087 2459 ἢ
2116 2390 2167 2441 τί
2199 2390 2494 2460 πίωμεν,ῆ
2523 2390 2575 2442 τί
2601 2389 3052 2459 περιϐαλώμεθα·
3083 2390 3224 2443 οἶδεν
3255 2393 3370 2462 γὰρ
3392 2395 3421 2445 6
3448 2394 3634 2461 Πατὴρ

2057 2479 2208 2545 ὑμῶν
2235 2483 2262 2532 6
2286 2481 2557 2548 οὐράνιος,
2583 2481 2663 2534 ὅτι
2693 2480 2923 2550 χρῄζετε
2946 2481 3154 2533 τούτων
3197 2482 3489 2536 ἁπάντων.
3532 2486 3632 2546 Ζη-

2051 2572 2194 2622 τεῖτε
2206 2570 2263 2621 δὲ
2282 2570 2497 2639 πρῶτον
2510 2570 2609 2641 τὴν
2624 2569 2903 2640 βασιλείαν
2920 2571 3013 2623 τοῦ
3026 2570 3182 2635 Θεοῦ,
3203 2574 3302 2624 καὶ
3319 2572 3422 2640 τὴν
3438 2573 3636 2625 δικαιο-

2061 2662 2228 2730 σύνην
2252 2661 2439 2725 αὐτοῦ,
2464 2665 2559 2715 καὶ
2592 2662 2766 2716 ταῦτα
2792 2664 2973 2717 πάντα
2994 2664 3430 2734 προστεθήσεται
3449 2665 3631 2731 ὑμῖν.»

2056 2753 2212 2821 Αὐτῷ
2242 2756 2274 2822 ἡ
2299 2753 2425 2817 δόξα
2454 2756 2533 2817 είς
2562 2755 2691 2818 τοὺς
2716 2755 2922 2819 αἰῶνας
2950 2755 3057 2808 τῶν
3084 2755 3324 2809 αἰώνων.
3365 2758 3562 2825 Ἀμήν.

376 2861 440 2899 ea
470 2849 531 2900 ’⁸.
578 2867 595 2899 ι
630 2848 887 2903 lnducit:
932 2867 949 2898 ι
984 2846 1164 2901 Nolite
1204 2861 1337 2915 ergo
1363 2838 1583 2899 solliciti
1627 2860 1771 2908 esse,
1802 2844 2049 2900 dicentes
2089 2844 2271 2911 :Quid
2315 2846 2778 2901 manducabimus
2828 2858 2924 2902 aut
2977 2865 3088 2919 quo
3143 2849 3507 2919 operiemur?
3533 2849 3633 2902 scit

377 2942 524 2996 enim
550 2943 711 2998 Pater
748 2953 929 2999 vester
956 2943 1217 3007 caelestis,
1250 2942 1376 3011 quia
1414 2941 1501 2995 his
1524 2939 1783 2997 omnibus
1846 2940 2102 3012 indigetis
2133 2960 2145 2996 :
2177 2942 2405 3010 quzerite
2465 2951 2650 2996 autem
2685 2943 2922 3012 primum
2983 2960 3212 3014 regnum
3265 2945 3367 2999 Dei
3398 2953 3451 2998 et
3475 2943 3634 3013 justi-

379 3034 510 3089 tiam
536 3038 671 3107 ejus,
699 3047 753 3091 et
780 3038 893 3091 hzec
922 3036 1106 3090 omnia
1143 3035 1471 3104 adjiciantur
1498 3034 1657 3089 vobis
1693 3036 1760 3090 ³⁷.
1792 3053 1811 3085 ι
1842 3034 1949 3104 Ipsi
1991 3034 2165 3103 gloria
2198 3036 2253 3088 in
2283 3036 2485 3090 smcula
2520 3036 2871 3091 saeculorum.
2902 3039 3097 3092 Amen.

966 3174 1249 3229 HOMILIA
1279 3174 1371 3227 XI.

384 3284 593 3357 1043
632 3284 880 3341 Fratrum
909 3287 1203 3339 necessitati
1232 3287 1626 3351 occurrendum,
1652 3294 1831 3339 mutuo
1869 3285 1952 3338 vel

1006 3358 1355 3411 commodata.

450 3471 640 3526 Mutuo
666 3480 762 3525 aut
789 3473 1135 3527 commodato
1155 3472 1285 3542 quid
1316 3472 1580 3526 utendum
1602 3471 1734 3525 dare
1760 3471 1949 3525 fratri—

381 3563 505 3629 bus,
536 3564 771 3619 maxime
804 3565 897 3634 qui
932 3565 1292 3634 germanitate
1323 3563 1449 3617 ﬁdei
1487 3564 1586 3617 tibi
1616 3565 1947 3633 junguntur,

383 3665 619 3725 suntque
638 3656 1048 3724 exspectatione
1067 3656 1264 3709 futurae
1285 3654 1625 3709 haereditatis
1642 3668 1947 3721 compares,

382 3759 714 3814 magnopere
748 3745 1028 3808 conducit,
1064 3746 1216 3814 juxta
1252 3743 1635 3812 praescriptum
1667 3743 1804 3811 legis
1832 3758 1953 3810 quae

383 3837 460 3889 ait
490 3852 504 3888 :
546 3854 565 3885 ι
624 3835 801 3890 Fratri
836 3844 929 3890 tuo
960 3836 1118 3891 dabis
1150 3845 1405 3889 mutuum
1431 3836 1509 3899 ²⁸;
1547 3853 1565 3884 ι
1606 3834 1658 3888 ei
1687 3823 1965 3887 nimirum'

384 3928 479 3995 qui
510 3926 613 3981 sub
638 3927 757 3997 lege
784 3936 965 3982 tecum
1015 3927 1212 3981 militat
1236 3944 1249 3979 :
1281 3925 1603 3995 alienigena:
1628 3937 1813 3979 autem
1842 3940 1952 3978 non

384 4019 788 4085 commodabis;
824 4020 929 4073 hoc
954 4028 1039 4073 est
1063 4060 1077 4082 ,
1107 4020 1305 4089 exlegi,
1343 4020 1551 4088 quique
1584 4020 1626 4072 a'
1652 4017 1789 4088 legis
1817 4018 1951 4087 jugo

383 4113 621 4167 extorris
648 4112 801 4166 vivit.
837 4112 906 4165 Et
931 4112 1046 4166 haec
1069 4112 1292 4180 quidem
1330 4112 1417 4165 lex
1460 4112 1579 4180 ipsa
1619 4126 1720 4164 suo
1756 4110 1955 4164 astruit

383 4204 711 4273 patrocinio.
748 4203 868 4257 Sed
901 4213 955 4257 et
992 4204 1380 4257 Paroemiastes
1420 4220 1433 4255 :
1469 4221 1487 4252 ι
1537 4200 1640 4267 Qui
1680 4200 1814 4255 facit
1852 4200 1956 4254 mi-

384 4296 768 4361 sericordiam,
801 4296 1085 4350 feneratur
1116 4296 1366 4365 proximo
1397 4309 1499 4348 suo
1526 4295 1590 4347 ³⁸.
1620 4313 1637 4343 ι
1678 4294 1786 4347 Et:
1819 4292 1953 4359 «Qui

387 4389 643 4457 prmvalet
689 4404 853 4442 manu
888 4402 987 4441 sua
1039 4395 1225 4440 servat
1256 4386 1512 4439 mandata
1536 4387 1634 4440 ³ο.»
1686 4385 1904 4439 Rursus
1935 4401 1949 4438 :

2657 3172 2873 3226 ΛΟΓΟΣ
2900 3173 3004 3226 IA'.

2541 3286 2685 3355 Περὶ
2716 3286 3131 3346 δανειζόντων.

2120 3466 2194 3518 Τὸ
2244 3464 2525 3528 δανεῖσαι,
2588 3464 3013 3534 ὲποιρειλόμενόν
3060 3465 3197 3527 ἐστι,
3234 3463 3478 3533 μάλιστα
3525 3465 3635 3525 τοῖς

2050 3558 2365 3628 ὁμοπίστοις
2393 3559 2487 3610 καὶ
2524 3556 2992 3628 συγκληρονόμοις
3013 3556 3294 3625 ἀδελφοῖς,
3327 3556 3519 3619 xaGt‘o;
3547 3557 3633 3608 καὶ

2052 3652 2080 3702 6
2118 3650 2279 3718 νόμος
2307 3650 2647 3721 διαγορεύει·
2682 3651 2847 3719 φησὶν
2893 3649 3035 3719 γάρ·
3073 3666 3091 3699 ι
3138 3649 3229 3716 Τῷ
3274 3648 3498 3717 ἀδελφῷ
3545 3666 3629 3700 σου

2051 3742 2270 3803 δανιεῖς.
2304 3761 2322 3792 ι
2350 3742 2505 3793 Τοῦτ’
2533 3741 2780 3811 ἔστιν·τῷ
2808 3742 2911 3793 ὑπὸ
2944 3741 3126 3809 νόμον·
3163 3740 3441 3809 ἀλλοτρίῳ
3460 3740 3519 3791 δὲ
3541 3741 3626 3790 οὐκ

2053 3832 2336 3896 ὲκδανιεῖς,
2370 3830 2512 3884 τοῦτ’
2542 3830 2687 3883 ἐστιν
2718 3829 2797 3900 τῷ
2817 3830 3023 3899 ἀνόμῳ.
3058 3829 3243 3882 Ταῦτα
3268 3830 3372 3899 μὲν
3396 3831 3426 3881 6
3453 3831 3615 3897 νόμος.

2053 3923 2354 3992 Συνηγορεῖ
2404 3921 2461 3973 δὲ
2496 3923 2592 3974 καὶ
2636 3924 2664 3974 6
2718 3921 3167 3989 Παροιμιαστὴς,
3217 3921 3442 3987 λέγων·
3494 3938 3513 3969 ι
3574 3919 3621 3970 Ὀ

2056 4015 2223 4068 ποιῶν
2255 4015 2434 4079 ἔλεος,
2465 4014 2638 4066 δανιεῖ
2669 4014 2749 4083 τῷ
2775 4013 2987 4083 πλησίῳ
3029 4010 3214 4066 αὐτοῦ.
3265 4032 3285 4063 ›
3318 4014 3433 4066 Καὶ
3454 4053 3469 4073 ,
3510 4032 3529 4062 ι
3569 4011 3626 4062 '0

2054 4107 2329 4177 ὲπισχύων
2360 4109 2425 4177 τῇ
2460 4108 2603 4176 χειρὶ
2634 4105 2802 4159 αὑτοῦ
2834 4107 2994 4176 τηρεῖ
3034 4105 3278 4167 ἐντολάς.
3326 4124 3344 4155 ι
3392 4105 3504 4157 Καὶ
3531 4105 3627 4154 πά-

2054 4197 2137 4251 λιν
2160 4214 2175 4228 ·
2215 4217 2232 4249 ι
2274 4200 2527 4251 Δάνεισον
2564 4195 2641 4266 τῷ
2681 4194 2895 4265 πλησίῳ
2934 4196 2995 4247 ἐν
3023 4195 3200 4264 καιρῷ
3226 4195 3423 4264 χρείας
3451 4192 3623 4253 αὑτοῦ,

2061 4291 2153 4343 καὶ
2197 4291 2272 4359 μὴ
2305 4290 2517 4358 ἀπόσχῃ
2541 4285 2600 4341 εὖ
2627 4290 2799 4341 ποιεῖν
2827 4287 3015 4339 ἐνδεεῖ·
3050 4287 3216 4355 ἡνίκα
3238 4285 3306 4337 ἂν
3332 4286 3432 4355 ἔχῃ
3458 4288 3489 4355 ἠ
3515 4284 3625 4353 χείρ

2057 4398 2153 4434 σου
2198 4381 2442 4450 βοηθεῖν,
2478 4380 2551 4449 μὴ
2587 4379 2768 4447 εἴπῃς,
2806 4376 3147 4430 Ἐπανελθὼν
3188 4376 3492 4445 ἐπανῆκον.
3541 4374 3625 4425 καὶ

391 4499 411 4533 ι
468 4480 744 4535 Fenerare
789 4480 1042 4549 proximo
1086 4488 1181 4533 tuo
1220 4479 1275 4531 in
1312 4488 1559 4547 tempore
1602 4477 1950 4532 necessitatis

2062 4472 2247 4543 αὕριον
2274 4470 2446 4523 δώσω.
2492 4489 2510 4520 ι
2546 4470 2768 4531 Τούτοις
2800 4468 3182 4541 παραπλήσιον
3213 4469 3311 4519 καὶ
3353 4470 3380 4519 6
3438 4466 3621 4534 Ψαλμ-

382 4588 515 4636 suae,
538 4583 594 4629 et
617 4590 683 4628 ne
700 4574 981 4628 abstineas
1013 4573 1344 4627 benefacere
1376 4570 1643 4641 indigenti
1674 4587 1689 4636 ;
1726 4586 1854 4624 cum
1888 4572 1958 4623 ad

382 4677 605 4716 manum
641 4661 841 4715 habeas
864 4670 920 4715 et
942 4661 1119 4730 possis
1144 4659 1415 4724 auxiliari,
1448 4676 1518 4713 ne
1547 4659 1717 4723 dicas,
1750 4658 1961 4711 Rever—

384 4765 507 4806 tens
532 4754 671 4816 redi,
700 4761 757 4808 et
785 4768 907 4808 cras
946 4752 1090 4807 dabo
1123 4752 1191 4804 ³¹.
1236 4771 1253 4804 ι
1291 4753 1555 4820 Ρθιαιίιιιε
1596 4750 1684 4803 bis
1713 4748 1956 4804 conﬁnia

386 4845 725 4916 dicitregius
747 4846 995 4900 Psaltes:
1037 4865 1054 4896 ι
1090 4844 1377 4900 Iucundus
1406 4844 1493 4897 vir
1532 4842 1626 4912 qui
1662 4842 1960 4896 miseretur

385 4947 441 4991 et
469 4940 783 4993 commodat
816 4941 882 4993 ³⁸.
927 4959 945 4991 ›
982 4939 1217 4993 Rursum
1254 4956 1268 4992 :
1304 4956 1323 4990 ι
1366 4938 1503 4993 Tota
1532 4937 1624 4991 die
1658 4936 1956 4989 miseretur

385 5038 442 5082 et
475 5032 1007 5100 commodatjustus,
1039 5041 1095 5085 et
1117 5046 1301 5085 semen
1328 5032 1450 5100 ejus
1474 5030 1531 5083 in
1561 5028 1953 5084 benedictione

385 5121 495 5174 erit
524 5121 588 5173 ⁸³.
620 5140 640 5172 ι
677 5121 808 5175 ltem
847 5139 862 5174 :
894 5140 912 5171 ι
948 5122 1287 5175 Mutuabitur
1315 5129 1574 5191 peccator
1607 5129 1664 5174 et
1691 5136 1800 5173 non
1839 5119 1953 5172 sol-

384 5222 495 5274 vet,
530 5214 712 5283 justus
745 5221 928 5268 autem
963 5216 1257 5269 miseretur
1284 5223 1341 5268 et
1382 5213 1579 5268 tribuit
1603 5212 1671 5265 “.
1724 5230 1741 5262 ι
1778 5210 1951 5277 Quem

385 5304 491 5359 sibi
531 5304 853 5374 praescribat
887 5321 1110 5375 sc0pum
1146 5308 1370 5361 nomine
1395 5306 1605 5361 fenoris
1626 5304 1912 5373 Scriptura
1934 5342 1951 5368 ,

385 5388 561 5451 nosse‘
584 5397 885 5451 convenit:
928 5398 1171 5452 δανείσαι
1217 5400 1366 5454 enim
1400 5397 1639 5453 fenerari
1662 5437 1675 5459 ,
1711 5411 1813 5466 pro
1859 5397 1955 5451 be-

463 5580 506 5611 ¹⁵
541 5578 699 5631 Prov.
737 5594 807 5639 x1,
842 5577 929 5631 ‘26.
1011 5578 1052 5607 ¹⁶
1074 5579 1303 5635 Prov.x.
1334 5578 1417 5631 l8.
1485 5580 1527 5609 ’⁷
1556 5578 1691 5633 ibid.
1720 5577 1808 5631 28.

386 5645 428 5677 "
458 5647 597 5702 Psal.
621 5665 801 5713 χχχιιι,
825 5649 908 5702 ll.
985 5648 1027 5677 "
1055 5648 1199 5712 Psal,
1236 5664 1413 5709 xxxvi,
1440 5648 1531 5702 25.
1584 5648 1629 5681 ³³
1658 5650 1816 5702 Prov.
1859 5646 2074 5710 xwﬂi.

384 5716 475 5770 26.
575 5719 616 5749 ’⁷
654 5718 787 5771 ibid.
816 5718 995 5772 51-53.
1110 5719 1155 5749 ²⁸
1189 5719 1346 5771 Deut.
1378 5734 1466 5780 xv,
1498 5720 1549 5773 8.
1626 5721 1671 5751 "
1696 5719 1843 5774 Eccl.
1872 5718 1961 5783 29,
1994 5718 2041 5770 l.

389 5785 437 5817 ³³
463 5787 603 5842 Psal.
663 5804 843 5854 xxxvi,
909 5788 995 5844 26.
1112 5787 1154 5820 "‘
1188 5788 1323 5843 ibid.
1356 5788 1447 5844 2|.

1903 5574 1947 5607 ¹⁸
1977 5576 2138 5629 Prov.
2155 5591 2269 5628 xur.
2301 5571 2387 5625 il.

2058 4564 2196 4635 ῳδὸς
2226 4564 2513 4632 παραινεῖ,
2553 4560 2749 4628 λέγων·
2778 4578 2796 4610 ι
2828 4558 3075 4627 Χρηστὸς
3103 4556 3243 4626 ἀνὴρ
3287 4558 3317 4608 6
3352 4556 3620 4624 οἰκτείρων

2057 4658 2152 4710 καὶ
2177 4654 2406 4725 κιχρῶν.
2436 4671 2455 4705 ›
2486 4652 2596 4705 Καὶ
2624 4652 2804 4705 πάλιν·
2848 4668 2867 4701 ι
2902 4650 3068 4716 Ὅλην
3091 4648 3190 4718 τὴν
3219 4646 3444 4715 ἡμέραν
3475 4646 3615 4706 ἐλεεῖ,

2056 4750 2150 4802 καὶ
2175 4746 2408 4810 δανείζει
2438 4748 2466 4800 6
2487 4746 2716 4808 δίκαιος,
2748 4743 2843 4797 καὶ
2878 4743 2939 4795 τὸ
2965 4743 3191 4811 σπέρμα
3222 4740 3392 4792 αὑτοῦ
3426 4742 3506 4801 εἰς
3543 4738 3615 4789 εὖ·

2054 4842 2242 4909 λογίαν
2264 4841 2435 4893 ἔσται.
2483 4860 2501 4891 ι
2529 4839 2636 4891 Καὶ
2664 4838 2827 4891 πάλιν
2846 4855 2859 4867 ·
2896 4854 2915 4886 ι
2961 4832 3280 4896 Δανείζεται
3307 4834 3337 4883 ὁ
3377 4833 3612 4901 ἁμαρτω

2059 4934 2168 4995 λὸς,
2197 4934 2290 4986 καὶ
2320 4933 2417 4984 οὐκ
2440 4931 2713 4984 ἀποτίσει·
2734 4932 2761 4982 6
2785 4929 2843 4980 δὲ
2879 4928 3108 4991 δίκαιος,
3141 4924 3407 4993 οἱκτεὶρει
3448 4921 3606 4975 καιδὲο

2057 5028 2241 5081 δωσιν.
2267 5045 2285 5077 ι
2314 5027 2432 5097 Χρὴ
2453 5026 2508 5077 δὲ
2538 5023 2737 5077 εἰδέναι.
2756 5022 2853 5089 τδνξ
2866 5022 3067 5073 σκοπὸν
3089 5021 3186 5089 τῆς
3216 5018 3370 5081 θείας
3394 5016 3602 5085 Γραφῆς,

2058 5120 2139 5172 ὅτι
2198 5119 2258 5171 τὸ
2301 5118 2566 5179 δανεῖσαι,
2626 5114 2746 5168 ἀντὶ
2781 5114 2902 5176 τοῦ,
2954 5113 3178 5179 ἐλεῆσαι
3233 5112 3328 5162 τὸν
3385 5108 3605 5177 πλησίον,

2059 5209 2480 5280 προστέτακται·
2528 5205 2709 5269 καθὼς
2753 5205 3095 5274 γέγραπται,
3132 5222 3149 5253 ι
3191 5203 3371 5270 Χάριν
3416 5198 3609 5264 ἐντολῆς

2059 5301 2351 5359 ἀντιλαὸοὖ
2373 5302 2604 5371 πένητος
2627 5316 2640 5329 ·
2664 5299 2936 5351 ἁπόλεσον
2956 5295 3219 5366 ἀργύριον
3231 5294 3320 5346 διὰ
3338 5292 3563 5359 ἀδελφόν.
3581 5306 3601 5340 ι

2060 5395 2174 5448 Καὶ
2206 5393 2389 5447 πάλιν·
2426 5411 2443 5443 ι
2493 5391 2580 5453 Ὠς
2602 5391 2803 5460 ὡραῖος
2829 5388 2973 5450 ἕλεος
3007 5390 3065 5440 ἐν
3098 5387 3277 5455 καιρῷ
3309 5378 3549 5453 ϐλίψεωςῐ
3574 5396 3593 5430 ι

2465 5570 2509 5601 ¹⁹
2539 5570 2697 5623 Deut.
2732 5584 2819 5628 xv,
2847 5569 2899 5621 7.
2976 5566 3022 5597 ¹⁰
3046 5565 3189 5620 Psal.
3221 5580 3383 5621 XXVI.
3412 5563 3483 5621 l8,
3512 5556 3593 5612 l9.

2151 5645 2195 5676 "
2225 5646 2383 5697 Prov.
2418 5658 2489 5702 ιιι,
2520 5640 2604 5693 l7.
2678 5637 2723 5668 “
2750 5638 2789 5691 ll
2819 5636 3039 5693 Cor.1x.
3068 5636 3193 5701 6,7.
3273 5636 3319 5665 ’⁸
3342 5632 3595 5702 llatth.v_1,

2122 5716 2166 5748 '°
2191 5714 2323 5769 ibid.
2439 5697 2486 5744 δι’
2514 5711 2675 5766 Prov.
2711 5723 2791 5771 ιιι,
2843 5708 2934 5773 τζϐ,
2971 5706 3058 5760 27.
3110 5697 3181 5737 ’³³
3236 5703 3491 5763 Psal.cxl,
3542 5697 3592 5751 5.
