  <div class='ocr_page' id='page_1' title='image "/cluster/home/n/w/nwhite01/storage/ocr_20150623/89/hvd.32044010610574/740.png"; bbox 0 0 4052 6562; ppageno 0'>
   <div class='ocr_carea' id='block_1_1' title="bbox 305 383 449 449">
    <p class='ocr_par' dir='ltr' id='par_1_1' title="bbox 305 383 449 449">
     <span class='ocr_line' id='line_1_1' title="bbox 305 383 449 449; baseline -0.014 0"><span class='ocrx_word' id='word_1_1' title='bbox 305 383 449 449; x_wconf 68' lang='grc'>1465</span> 
     </span>
    </p>
   </div>
   <div class='ocr_carea' id='block_1_2' title="bbox 1394 391 2483 460">
    <p class='ocr_par' dir='ltr' id='par_1_2' title="bbox 1394 391 2483 460">
     <span class='ocr_line' id='line_1_2' title="bbox 1394 391 2483 460; baseline 0.006 -7"><span class='ocrx_word' id='word_1_2' title='bbox 1394 392 1724 454; x_wconf 82' lang='lat' dir='ltr'><strong>HOMILIA</strong></span> <span class='ocrx_word' id='word_1_3' title='bbox 1760 394 1876 454; x_wconf 83' lang='lat' dir='ltr'><strong>XII</strong></span> <span class='ocrx_word' id='word_1_4' title='bbox 1932 418 2002 429; x_wconf 85' lang='grc'><strong>·-</strong></span> <span class='ocrx_word' id='word_1_5' title='bbox 2032 395 2132 455; x_wconf 89' lang='lat' dir='ltr'><strong>DE</strong></span> <span class='ocrx_word' id='word_1_6' title='bbox 2171 391 2483 460; x_wconf 79' lang='lat' dir='ltr'><strong>USURIS.</strong></span> 
     </span>
    </p>
   </div>
   <div class='ocr_carea' id='block_1_3' title="bbox 3418 397 3554 462">
    <p class='ocr_par' dir='ltr' id='par_1_3' title="bbox 3418 397 3554 462">
     <span class='ocr_line' id='line_1_3' title="bbox 3418 397 3554 462; baseline 0.015 -2"><span class='ocrx_word' id='word_1_7' title='bbox 3418 397 3554 462; x_wconf 70' lang='lat'><em>1466</em></span> 
     </span>
    </p>
   </div>
   <div class='ocr_carea' id='block_1_4' title="bbox 298 499 1869 579">
    <p class='ocr_par' dir='ltr' id='par_1_4' title="bbox 298 499 1869 579">
     <span class='ocr_line' id='line_1_4' title="bbox 298 499 1869 579; baseline 0.006 -27"><span class='ocrx_word' id='word_1_8' title='bbox 298 499 730 570; x_wconf 83' lang='grc' dir='ltr'>Συνεπισχύσεις</span> <span class='ocrx_word' id='word_1_9' title='bbox 751 502 844 555; x_wconf 82' lang='grc' dir='ltr'><strong>τὸν</strong></span> <span class='ocrx_word' id='word_1_10' title='bbox 870 503 1157 574; x_wconf 87' lang='grc' dir='ltr'>σύσσωμόν</span> <span class='ocrx_word' id='word_1_11' title='bbox 1184 522 1302 570; x_wconf 91' lang='grc' dir='ltr'>σου,</span> <span class='ocrx_word' id='word_1_12' title='bbox 1350 506 1493 571; x_wconf 71' lang='grc' dir='ltr'>ἕξεις</span> <span class='ocrx_word' id='word_1_13' title='bbox 1521 509 1685 562; x_wconf 80' lang='grc' dir='ltr'>αὐτὸν</span> <span class='ocrx_word' id='word_1_14' title='bbox 1711 525 1869 579; x_wconf 81' lang='grc' dir='ltr'>προσ-</span> 
     </span>
    </p>
   </div>
   <div class='ocr_carea' id='block_1_5' title="bbox 1971 499 3554 579">
    <p class='ocr_par' dir='ltr' id='par_1_5' title="bbox 1981 507 3554 579">
     <span class='ocr_line' id='line_1_5' title="bbox 1981 507 3554 579; baseline 0.002 -19"><span class='ocrx_word' id='word_1_15' title='bbox 1981 508 2143 578; x_wconf 85' lang='lat' dir='ltr'><strong>nigne</strong></span> <span class='ocrx_word' id='word_1_16' title='bbox 2165 516 2223 562; x_wconf 92' lang='lat' dir='ltr'><strong>et</strong></span> <span class='ocrx_word' id='word_1_17' title='bbox 2247 507 2683 564; x_wconf 72' lang='lat' dir='ltr'><strong>misericorditer</strong></span> <span class='ocrx_word' id='word_1_18' title='bbox 2709 508 2959 579; x_wconf 88' lang='lat' dir='ltr'><strong>accipere</strong></span> <span class='ocrx_word' id='word_1_19' title='bbox 2984 507 3317 579; x_wconf 80' lang='lat' dir='ltr'><strong>proximum,</strong></span> <span class='ocrx_word' id='word_1_20' title='bbox 3347 518 3409 563; x_wconf 91' lang='lat' dir='ltr'><strong>ut</strong></span> <span class='ocrx_word' id='word_1_21' title='bbox 3436 511 3554 579; x_wconf 82' lang='lat' dir='ltr'><strong>plu-</strong></span> 
     </span>
    </p>
   </div>
   <div class='ocr_carea' id='block_1_6' title="bbox 298 594 1872 670">
    <p class='ocr_par' dir='ltr' id='par_1_6' title="bbox 298 594 1872 670">
     <span class='ocr_line' id='line_1_6' title="bbox 298 594 1872 670; baseline 0.004 -23"><span class='ocrx_word' id='word_1_22' title='bbox 298 594 508 660; x_wconf 77' lang='grc' dir='ltr'>ἄγοντα</span> <span class='ocrx_word' id='word_1_23' title='bbox 540 594 597 645; x_wconf 82' lang='grc' dir='ltr'>ἐν</span> <span class='ocrx_word' id='word_1_24' title='bbox 618 598 683 665; x_wconf 79' lang='grc' dir='ltr'>τῇ</span> <span class='ocrx_word' id='word_1_25' title='bbox 714 595 1032 659; x_wconf 76' lang='grc' dir='ltr'><strong>ἀναστάσει,</strong></span> <span class='ocrx_word' id='word_1_26' title='bbox 1062 598 1162 665; x_wconf 81' lang='grc' dir='ltr'>τῆς</span> <span class='ocrx_word' id='word_1_27' title='bbox 1201 598 1546 667; x_wconf 83' lang='grc' dir='ltr'>συμπαθείας</span> <span class='ocrx_word' id='word_1_28' title='bbox 1597 601 1872 670; x_wconf 85' lang='grc' dir='ltr'>μάρτυρα,</span> 
     </span>
    </p>
   </div>
   <div class='ocr_carea' id='block_1_7' title="bbox 297 683 1875 760">
    <p class='ocr_par' dir='ltr' id='par_1_7' title="bbox 297 683 1875 760">
     <span class='ocr_line' id='line_1_7' title="bbox 297 683 1875 760; baseline 0.003 -25"><span class='ocrx_word' id='word_1_29' title='bbox 297 683 501 753; x_wconf 79' lang='grc' dir='ltr'>καὶμὴ</span> <span class='ocrx_word' id='word_1_30' title='bbox 544 684 871 747; x_wconf 79' lang='grc' dir='ltr'>στενάζοντα</span> <span class='ocrx_word' id='word_1_31' title='bbox 918 688 1059 740; x_wconf 81' lang='grc' dir='ltr'>κατὰ</span> <span class='ocrx_word' id='word_1_32' title='bbox 1107 688 1221 740; x_wconf 87' lang='grc' dir='ltr'>σοῦ.</span> <span class='ocrx_word' id='word_1_33' title='bbox 1257 689 1370 741; x_wconf 84' lang='grc' dir='ltr'><strong>Ούκ</strong></span> <span class='ocrx_word' id='word_1_34' title='bbox 1414 687 1731 750; x_wconf 81' lang='grc' dir='ltr'>ἀλυσιτελὲς</span> <span class='ocrx_word' id='word_1_35' title='bbox 1767 687 1875 760; x_wconf 83' lang='grc' dir='ltr'><strong>γὰρ</strong></span> 
     </span>
    </p>
   </div>
   <div class='ocr_carea' id='block_1_8' title="bbox 295 773 1874 850">
    <p class='ocr_par' dir='ltr' id='par_1_8' title="bbox 295 773 1874 850">
     <span class='ocr_line' id='line_1_8' title="bbox 295 773 1874 850; baseline 0.003 -22"><span class='ocrx_word' id='word_1_36' title='bbox 295 774 479 829; x_wconf 82' lang='grc' dir='ltr'>τοῦτο.</span> <span class='ocrx_word' id='word_1_37' title='bbox 504 776 594 846; x_wconf 80' lang='grc' dir='ltr'>Μή</span> <span class='ocrx_word' id='word_1_38' title='bbox 618 773 709 829; x_wconf 81' lang='grc' dir='ltr'><strong>οὖν</strong></span> <span class='ocrx_word' id='word_1_39' title='bbox 732 777 819 828; x_wconf 86' lang='grc' dir='ltr'><strong>διά</strong></span> <span class='ocrx_word' id='word_1_40' title='bbox 841 778 1041 847; x_wconf 81' lang='grc' dir='ltr'>χρυσὸν</span> <span class='ocrx_word' id='word_1_41' title='bbox 1059 779 1155 832; x_wconf 75' lang='grc' dir='ltr'><strong>καὶ</strong></span> <span class='ocrx_word' id='word_1_42' title='bbox 1182 781 1445 850; x_wconf 84' lang='grc' dir='ltr'>ἄργυρον,</span> <span class='ocrx_word' id='word_1_43' title='bbox 1466 780 1561 832; x_wconf 74' lang='grc' dir='ltr'><strong>καὶ</strong></span> <span class='ocrx_word' id='word_1_44' title='bbox 1578 779 1874 850; x_wconf 81' lang='grc' dir='ltr'><strong>ἀρώματα,</strong></span> 
     </span>
    </p>
   </div>
   <div class='ocr_carea' id='block_1_9' title="bbox 294 866 1877 946">
    <p class='ocr_par' dir='ltr' id='par_1_9' title="bbox 294 866 1877 946">
     <span class='ocr_line' id='line_1_9' title="bbox 294 866 1877 946; baseline 0.007 -29"><span class='ocrx_word' id='word_1_45' title='bbox 294 866 587 937; x_wconf 82' lang='grc' dir='ltr'>γενώμεθα</span> <span class='ocrx_word' id='word_1_46' title='bbox 612 871 993 942; x_wconf 86' lang='grc' dir='ltr'>ἀπάνθρωποι,</span> <span class='ocrx_word' id='word_1_47' title='bbox 1025 866 1101 925; x_wconf 81' lang='grc' dir='ltr'>ὧν</span> <span class='ocrx_word' id='word_1_48' title='bbox 1126 875 1153 925; x_wconf 98' lang='lat'><strong>6</strong></span> <span class='ocrx_word' id='word_1_49' title='bbox 1179 874 1276 936; x_wconf 80' lang='grc' dir='ltr'>ίὺς,</span> <span class='ocrx_word' id='word_1_50' title='bbox 1300 874 1395 926; x_wconf 72' lang='grc' dir='ltr'><strong>καὶ</strong></span> <span class='ocrx_word' id='word_1_51' title='bbox 1416 873 1444 926; x_wconf 91' lang='lat'><strong>6</strong></span> <span class='ocrx_word' id='word_1_52' title='bbox 1469 874 1590 942; x_wconf 82' lang='grc' dir='ltr'>σὴς,</span> <span class='ocrx_word' id='word_1_53' title='bbox 1619 877 1700 935; x_wconf 84' lang='grc' dir='ltr'><strong>είς</strong></span> <span class='ocrx_word' id='word_1_54' title='bbox 1734 892 1877 946; x_wconf 82' lang='grc' dir='ltr'>μαρ-</span> 
     </span>
    </p>
   </div>
   <div class='ocr_carea' id='block_1_10' title="bbox 294 961 1875 1035">
    <p class='ocr_par' dir='ltr' id='par_1_10' title="bbox 294 961 1875 1035">
     <span class='ocr_line' id='line_1_10' title="bbox 294 961 1875 1035; baseline 0.004 -22"><span class='ocrx_word' id='word_1_55' title='bbox 294 961 486 1033; x_wconf 84' lang='grc' dir='ltr'>τύριον</span> <span class='ocrx_word' id='word_1_56' title='bbox 516 964 644 1031; x_wconf 75' lang='grc' dir='ltr'>ὑμῖν</span> <span class='ocrx_word' id='word_1_57' title='bbox 672 965 843 1019; x_wconf 81' lang='grc' dir='ltr'>ἔσται.</span> <span class='ocrx_word' id='word_1_58' title='bbox 872 966 1185 1029; x_wconf 78' lang='grc' dir='ltr'><strong>Ἀκούοντες</strong></span> <span class='ocrx_word' id='word_1_59' title='bbox 1233 966 1331 1019; x_wconf 85' lang='grc' dir='ltr'><strong>τοῦ</strong></span> <span class='ocrx_word' id='word_1_60' title='bbox 1362 965 1575 1020; x_wconf 82' lang='grc' dir='ltr'>Παύλου</span> <span class='ocrx_word' id='word_1_61' title='bbox 1603 966 1875 1035; x_wconf 83' lang='grc' dir='ltr'>λέγοντος·</span> 
     </span>
    </p>
   </div>
   <div class='ocr_carea' id='block_1_11' title="bbox 303 1054 1871 1128">
    <p class='ocr_par' dir='ltr' id='par_1_11' title="bbox 303 1054 1871 1128">
     <span class='ocr_line' id='line_1_11' title="bbox 303 1054 1871 1128; baseline 0.004 -25"><span class='ocrx_word' id='word_1_62' title='bbox 303 1070 323 1102; x_wconf 72' lang='grc' dir='ltr'><strong>ι</strong></span> <span class='ocrx_word' id='word_1_63' title='bbox 369 1054 426 1106; x_wconf 83' lang='grc' dir='ltr'>Ὀ</span> <span class='ocrx_word' id='word_1_64' title='bbox 461 1054 776 1119; x_wconf 81' lang='grc' dir='ltr'>μεταδιδοὺς</span> <span class='ocrx_word' id='word_1_65' title='bbox 802 1056 861 1110; x_wconf 81' lang='grc' dir='ltr'>ἐν</span> <span class='ocrx_word' id='word_1_66' title='bbox 890 1057 1176 1128; x_wconf 83' lang='grc' dir='ltr'><strong>ἁπλότητι,</strong></span> <span class='ocrx_word' id='word_1_67' title='bbox 1198 1059 1227 1110; x_wconf 89' lang='lat'><strong>6</strong></span> <span class='ocrx_word' id='word_1_68' title='bbox 1245 1056 1411 1111; x_wconf 82' lang='grc' dir='ltr'>ἐλεῶν</span> <span class='ocrx_word' id='word_1_69' title='bbox 1444 1059 1502 1112; x_wconf 80' lang='grc' dir='ltr'>ὲν</span> <span class='ocrx_word' id='word_1_70' title='bbox 1526 1058 1825 1128; x_wconf 80' lang='grc' dir='ltr'>ἱλαρότητι.</span> <span class='ocrx_word' id='word_1_71' title='bbox 1851 1076 1871 1109; x_wconf 77' lang='grc' dir='ltr'><strong>ι</strong></span> 
     </span>
    </p>
   </div>
   <div class='ocr_carea' id='block_1_12' title="bbox 294 1146 1871 1220">
    <p class='ocr_par' dir='ltr' id='par_1_12' title="bbox 294 1146 1871 1220">
     <span class='ocr_line' id='line_1_12' title="bbox 294 1146 1871 1220; baseline 0.003 -21"><span class='ocrx_word' id='word_1_72' title='bbox 294 1146 429 1199; x_wconf 77' lang='grc' dir='ltr'>Καί·</span> <span class='ocrx_word' id='word_1_73' title='bbox 488 1166 507 1197; x_wconf 77' lang='grc' dir='ltr'><strong>ι</strong></span> <span class='ocrx_word' id='word_1_74' title='bbox 567 1148 700 1212; x_wconf 87' lang='grc' dir='ltr'>Ταῖς</span> <span class='ocrx_word' id='word_1_75' title='bbox 747 1149 965 1220; x_wconf 76' lang='grc' dir='ltr'><strong>χρείαις</strong></span> <span class='ocrx_word' id='word_1_76' title='bbox 1004 1150 1114 1204; x_wconf 91' lang='grc' dir='ltr'><strong>τῶν</strong></span> <span class='ocrx_word' id='word_1_77' title='bbox 1152 1151 1327 1220; x_wconf 80' lang='grc' dir='ltr'>ἁγίων</span> <span class='ocrx_word' id='word_1_78' title='bbox 1380 1150 1787 1213; x_wconf 82' lang='grc' dir='ltr'>κοινωνοῦντες.</span> <span class='ocrx_word' id='word_1_79' title='bbox 1852 1169 1871 1203; x_wconf 79' lang='grc' dir='ltr'><strong>ι</strong></span> 
     </span>
    </p>
   </div>
   <div class='ocr_carea' id='block_1_13' title="bbox 294 1239 1878 1315">
    <p class='ocr_par' dir='ltr' id='par_1_13' title="bbox 294 1239 1878 1315">
     <span class='ocr_line' id='line_1_13' title="bbox 294 1239 1878 1315; baseline 0.003 -24"><span class='ocrx_word' id='word_1_80' title='bbox 294 1239 411 1292; x_wconf 82' lang='grc' dir='ltr'><strong>Καὶ</strong></span> <span class='ocrx_word' id='word_1_81' title='bbox 456 1240 716 1311; x_wconf 74' lang='grc' dir='ltr'>ἑτέρωθι·</span> <span class='ocrx_word' id='word_1_82' title='bbox 759 1261 778 1293; x_wconf 78' lang='grc' dir='ltr'><strong>ι</strong></span> <span class='ocrx_word' id='word_1_83' title='bbox 815 1243 1256 1297; x_wconf 84' lang='grc' dir='ltr'>Μανθανέτωσαν</span> <span class='ocrx_word' id='word_1_84' title='bbox 1288 1242 1345 1296; x_wconf 80' lang='grc' dir='ltr'>δὲ</span> <span class='ocrx_word' id='word_1_85' title='bbox 1384 1244 1479 1296; x_wconf 76' lang='grc' dir='ltr'><strong>καὶ</strong></span> <span class='ocrx_word' id='word_1_86' title='bbox 1521 1245 1570 1296; x_wconf 84' lang='grc' dir='ltr'>οἱ</span> <span class='ocrx_word' id='word_1_87' title='bbox 1618 1244 1878 1315; x_wconf 80' lang='grc' dir='ltr'>ἡμέτεροι</span> 
     </span>
    </p>
   </div>
   <div class='ocr_carea' id='block_1_14' title="bbox 294 1330 1874 1407">
    <p class='ocr_par' dir='ltr' id='par_1_14' title="bbox 294 1330 1874 1407">
     <span class='ocr_line' id='line_1_14' title="bbox 294 1330 1874 1407; baseline 0.01 -23"><span class='ocrx_word' id='word_1_88' title='bbox 294 1330 482 1385; x_wconf 87' lang='grc' dir='ltr'>καλῶν</span> <span class='ocrx_word' id='word_1_89' title='bbox 504 1333 683 1404; x_wconf 75' lang='grc' dir='ltr'>ἔργων</span> <span class='ocrx_word' id='word_1_90' title='bbox 707 1337 1091 1405; x_wconf 83' lang='grc' dir='ltr'>προΐστασθαι,</span> <span class='ocrx_word' id='word_1_91' title='bbox 1116 1340 1195 1400; x_wconf 84' lang='grc' dir='ltr'><strong>είς</strong></span> <span class='ocrx_word' id='word_1_92' title='bbox 1211 1338 1309 1401; x_wconf 77' lang='grc' dir='ltr'><strong>τὰς</strong></span> <span class='ocrx_word' id='word_1_93' title='bbox 1331 1338 1639 1405; x_wconf 77' lang='grc' dir='ltr'>ἀναγκαίας</span> <span class='ocrx_word' id='word_1_94' title='bbox 1663 1339 1874 1407; x_wconf 77' lang='grc' dir='ltr'>χρείας,</span> 
     </span>
    </p>
   </div>
   <div class='ocr_carea' id='block_1_15' title="bbox 296 1421 1879 1501">
    <p class='ocr_par' dir='ltr' id='par_1_15' title="bbox 296 1421 1879 1501">
     <span class='ocr_line' id='line_1_15' title="bbox 296 1421 1879 1501; baseline 0.004 -25"><span class='ocrx_word' id='word_1_95' title='bbox 296 1423 390 1477; x_wconf 65' lang='lat' dir='ltr'><strong>(va.</strong></span> <span class='ocrx_word' id='word_1_96' title='bbox 432 1427 506 1494; x_wconf 84' lang='grc' dir='ltr'>μὴ</span> <span class='ocrx_word' id='word_1_97' title='bbox 557 1421 691 1480; x_wconf 81' lang='grc' dir='ltr'>ὦσιν</span> <span class='ocrx_word' id='word_1_98' title='bbox 744 1428 1008 1498; x_wconf 80' lang='grc' dir='ltr'>ἄκαρποι.</span> <span class='ocrx_word' id='word_1_99' title='bbox 1050 1448 1069 1480; x_wconf 80' lang='grc' dir='ltr'><strong>ι</strong></span> <span class='ocrx_word' id='word_1_100' title='bbox 1125 1431 1265 1501; x_wconf 73' lang='grc' dir='ltr'>Φησὶ</span> <span class='ocrx_word' id='word_1_101' title='bbox 1299 1431 1356 1483; x_wconf 80' lang='grc' dir='ltr'>δὲ</span> <span class='ocrx_word' id='word_1_102' title='bbox 1407 1431 1503 1483; x_wconf 77' lang='grc' dir='ltr'><strong>καὶ</strong></span> <span class='ocrx_word' id='word_1_103' title='bbox 1535 1432 1564 1483; x_wconf 93' lang='grc' dir='ltr'><strong>ό</strong></span> <span class='ocrx_word' id='word_1_104' title='bbox 1590 1431 1879 1501; x_wconf 85' lang='grc' dir='ltr'>προφήτης</span> 
     </span>
    </p>
   </div>
   <div class='ocr_carea' id='block_1_16' title="bbox 294 1515 1877 1593">
    <p class='ocr_par' dir='ltr' id='par_1_16' title="bbox 294 1515 1877 1593">
     <span class='ocr_line' id='line_1_16' title="bbox 294 1515 1877 1593; baseline 0.003 -25"><span class='ocrx_word' id='word_1_105' title='bbox 294 1515 596 1586; x_wconf 87' lang='grc' dir='ltr'>Ζαχαρίας,</span> <span class='ocrx_word' id='word_1_106' title='bbox 636 1537 655 1570; x_wconf 74' lang='grc' dir='ltr'><strong>ι</strong></span> <span class='ocrx_word' id='word_1_107' title='bbox 693 1521 885 1591; x_wconf 81' lang='grc' dir='ltr'>Κρῖμα</span> <span class='ocrx_word' id='word_1_108' title='bbox 922 1521 1134 1576; x_wconf 90' lang='grc' dir='ltr'>δίκαιον</span> <span class='ocrx_word' id='word_1_109' title='bbox 1169 1522 1417 1593; x_wconf 84' lang='grc' dir='ltr'>κρίνατε,</span> <span class='ocrx_word' id='word_1_110' title='bbox 1454 1522 1548 1577; x_wconf 67' lang='grc' dir='ltr'>καὶ</span> <span class='ocrx_word' id='word_1_111' title='bbox 1582 1522 1730 1585; x_wconf 78' lang='grc' dir='ltr'>ἔλεος</span> <span class='ocrx_word' id='word_1_112' title='bbox 1779 1521 1877 1575; x_wconf 83' lang='grc' dir='ltr'>καὶ</span> 
     </span>
    </p>
   </div>
   <div class='ocr_carea' id='block_1_17' title="bbox 294 1608 1876 1687">
    <p class='ocr_par' dir='ltr' id='par_1_17' title="bbox 294 1608 1876 1687">
     <span class='ocr_line' id='line_1_17' title="bbox 294 1608 1876 1687; baseline 0.004 -27"><span class='ocrx_word' id='word_1_113' title='bbox 294 1608 587 1679; x_wconf 81' lang='grc' dir='ltr'>οίκτιρμδν</span> <span class='ocrx_word' id='word_1_114' title='bbox 623 1615 888 1687; x_wconf 82' lang='grc' dir='ltr'>ποιήσατε</span> <span class='ocrx_word' id='word_1_115' title='bbox 908 1656 923 1679; x_wconf 90' lang='grc'><strong>,</strong></span> <span class='ocrx_word' id='word_1_116' title='bbox 954 1613 1188 1678; x_wconf 72' lang='grc' dir='ltr'>ἕκαστος</span> <span class='ocrx_word' id='word_1_117' title='bbox 1216 1615 1356 1684; x_wconf 74' lang='grc' dir='ltr'>πρὸς</span> <span class='ocrx_word' id='word_1_118' title='bbox 1382 1614 1474 1667; x_wconf 84' lang='grc' dir='ltr'><strong>τὸν</strong></span> <span class='ocrx_word' id='word_1_119' title='bbox 1517 1613 1747 1682; x_wconf 87' lang='grc' dir='ltr'>πλησίον</span> <span class='ocrx_word' id='word_1_120' title='bbox 1779 1610 1876 1667; x_wconf 69' lang='lat' dir='ltr'><strong>a6-</strong></span> 
     </span>
    </p>
   </div>
   <div class='ocr_carea' id='block_1_18' title="bbox 293 1702 1874 1778">
    <p class='ocr_par' dir='ltr' id='par_1_18' title="bbox 293 1702 1874 1778">
     <span class='ocr_line' id='line_1_18' title="bbox 293 1702 1874 1778; baseline 0.004 -25"><span class='ocrx_word' id='word_1_121' title='bbox 293 1702 413 1756; x_wconf 79' lang='grc' dir='ltr'>τοῦ.</span> <span class='ocrx_word' id='word_1_122' title='bbox 458 1720 477 1753; x_wconf 77' lang='grc' dir='ltr'><strong>ι</strong></span> <span class='ocrx_word' id='word_1_123' title='bbox 525 1705 582 1758; x_wconf 87' lang='lat'><strong>&#39;0</strong></span> <span class='ocrx_word' id='word_1_124' title='bbox 616 1705 682 1757; x_wconf 85' lang='grc' dir='ltr'>δὲ</span> <span class='ocrx_word' id='word_1_125' title='bbox 722 1706 1001 1776; x_wconf 84' lang='grc' dir='ltr'>Ἰωάννης,</span> <span class='ocrx_word' id='word_1_126' title='bbox 1032 1724 1051 1758; x_wconf 81' lang='grc' dir='ltr'><strong>ι</strong></span> <span class='ocrx_word' id='word_1_127' title='bbox 1095 1708 1190 1769; x_wconf 84' lang='grc' dir='ltr'>’ος</span> <span class='ocrx_word' id='word_1_128' title='bbox 1230 1707 1297 1760; x_wconf 82' lang='grc' dir='ltr'><strong>ἂν</strong></span> <span class='ocrx_word' id='word_1_129' title='bbox 1354 1706 1453 1778; x_wconf 77' lang='grc' dir='ltr'><strong>ἔχῃ</strong></span> <span class='ocrx_word' id='word_1_130' title='bbox 1490 1707 1581 1759; x_wconf 82' lang='grc' dir='ltr'><strong>τὸν</strong></span> <span class='ocrx_word' id='word_1_131' title='bbox 1625 1706 1739 1777; x_wconf 80' lang='grc' dir='ltr'>βίον</span> <span class='ocrx_word' id='word_1_132' title='bbox 1779 1705 1874 1759; x_wconf 83' lang='grc' dir='ltr'><strong>τοῦ</strong></span> 
     </span>
    </p>
   </div>
   <div class='ocr_carea' id='block_1_19' title="bbox 295 1794 1875 1869">
    <p class='ocr_par' dir='ltr' id='par_1_19' title="bbox 295 1794 1875 1869">
     <span class='ocr_line' id='line_1_19' title="bbox 295 1794 1875 1869; baseline 0.004 -24"><span class='ocrx_word' id='word_1_133' title='bbox 295 1794 530 1861; x_wconf 82' lang='grc' dir='ltr'>κόσμου,</span> <span class='ocrx_word' id='word_1_134' title='bbox 585 1798 681 1849; x_wconf 73' lang='grc' dir='ltr'><strong>καὶ</strong></span> <span class='ocrx_word' id='word_1_135' title='bbox 744 1797 927 1867; x_wconf 82' lang='grc' dir='ltr'>θεωρῇ</span> <span class='ocrx_word' id='word_1_136' title='bbox 970 1798 1065 1851; x_wconf 80' lang='grc' dir='ltr'><strong>τὸν</strong></span> <span class='ocrx_word' id='word_1_137' title='bbox 1127 1798 1359 1866; x_wconf 74' lang='grc' dir='ltr'>ἀδελφὸν</span> <span class='ocrx_word' id='word_1_138' title='bbox 1412 1796 1616 1861; x_wconf 86' lang='grc' dir='ltr'>αὐτοῦ,</span> <span class='ocrx_word' id='word_1_139' title='bbox 1685 1798 1875 1869; x_wconf 87' lang='grc' dir='ltr'>χρείαν</span> 
     </span>
    </p>
   </div>
   <div class='ocr_carea' id='block_1_20' title="bbox 1978 599 3552 671">
    <p class='ocr_par' dir='ltr' id='par_1_20' title="bbox 1978 599 3552 671">
     <span class='ocr_line' id='line_1_20' title="bbox 1978 599 3552 671; baseline -0.001 -16"><span class='ocrx_word' id='word_1_140' title='bbox 1978 601 2180 655; x_wconf 89' lang='lat' dir='ltr'><strong>rimum</strong></span> <span class='ocrx_word' id='word_1_141' title='bbox 2205 600 2504 656; x_wconf 89' lang='lat' dir='ltr'><strong>ascribitur</strong></span> <span class='ocrx_word' id='word_1_142' title='bbox 2529 618 2544 666; x_wconf 87' lang='lat'><strong>;</strong></span> <span class='ocrx_word' id='word_1_143' title='bbox 2578 601 3046 671; x_wconf 86' lang='lat' dir='ltr'><strong>quemadmodum</strong></span> <span class='ocrx_word' id='word_1_144' title='bbox 3086 599 3223 657; x_wconf 91' lang='lat' dir='ltr'><strong>illud</strong></span> <span class='ocrx_word' id='word_1_145' title='bbox 3249 602 3552 670; x_wconf 76' lang='lat' dir='ltr'><strong>ascriptum</strong></span> 
     </span>
    </p>
   </div>
   <div class='ocr_carea' id='block_1_21' title="bbox 1976 695 3555 765">
    <p class='ocr_par' dir='ltr' id='par_1_21' title="bbox 1976 695 3555 765">
     <span class='ocr_line' id='line_1_21' title="bbox 1976 695 3555 765; baseline -0.001 -15"><span class='ocrx_word' id='word_1_146' title='bbox 1976 704 2061 750; x_wconf 89' lang='lat' dir='ltr'><strong>est</strong></span> <span class='ocrx_word' id='word_1_147' title='bbox 2093 713 2105 749; x_wconf 91' lang='lat'><strong>:</strong></span> <span class='ocrx_word' id='word_1_148' title='bbox 2140 714 2158 747; x_wconf 79' lang='grc' dir='ltr'><strong>ι</strong></span> <span class='ocrx_word' id='word_1_149' title='bbox 2182 696 2416 765; x_wconf 89' lang='lat' dir='ltr'><strong>Propter</strong></span> <span class='ocrx_word' id='word_1_150' title='bbox 2449 696 2768 751; x_wconf 89' lang='lat' dir='ltr'><strong>mandatum</strong></span> <span class='ocrx_word' id='word_1_151' title='bbox 2802 712 3065 750; x_wconf 87' lang='lat' dir='ltr'><strong>succurre</strong></span> <span class='ocrx_word' id='word_1_152' title='bbox 3098 695 3348 765; x_wconf 78' lang='lat' dir='ltr'><strong>pauperi,</strong></span> <span class='ocrx_word' id='word_1_153' title='bbox 3383 695 3555 763; x_wconf 81' lang='lat' dir='ltr'><strong>perde</strong></span> 
     </span>
    </p>
   </div>
   <div class='ocr_carea' id='block_1_22' title="bbox 1977 785 3552 858">
    <p class='ocr_par' dir='ltr' id='par_1_22' title="bbox 1977 785 3552 858">
     <span class='ocr_line' id='line_1_22' title="bbox 1977 785 3552 858; baseline -0.003 -16"><span class='ocrx_word' id='word_1_154' title='bbox 1977 797 2267 858; x_wconf 77' lang='lat' dir='ltr'><strong>argentum</strong></span> <span class='ocrx_word' id='word_1_155' title='bbox 2316 796 2543 857; x_wconf 86' lang='lat' dir='ltr'><strong>propter</strong></span> <span class='ocrx_word' id='word_1_156' title='bbox 2585 787 2813 842; x_wconf 89' lang='lat' dir='ltr'><strong>fratrem</strong></span> <span class='ocrx_word' id='word_1_157' title='bbox 2842 789 2885 820; x_wconf 84' lang='grc'><strong>³⁸</strong></span> <span class='ocrx_word' id='word_1_158' title='bbox 2929 804 2947 838; x_wconf 79' lang='grc' dir='ltr'><strong>ι</strong></span> <span class='ocrx_word' id='word_1_159' title='bbox 2991 786 3195 841; x_wconf 87' lang='lat' dir='ltr'><strong>lterum</strong></span> <span class='ocrx_word' id='word_1_160' title='bbox 3249 803 3262 838; x_wconf 93' lang='lat'><strong>:</strong></span> <span class='ocrx_word' id='word_1_161' title='bbox 3304 803 3323 836; x_wconf 77' lang='grc' dir='ltr'><strong>ι</strong></span> <span class='ocrx_word' id='word_1_162' title='bbox 3379 785 3552 851; x_wconf 84' lang='lat' dir='ltr'><strong>Quam</strong></span> 
     </span>
    </p>
   </div>
   <div class='ocr_carea' id='block_1_23' title="bbox 1977 875 3546 951">
    <p class='ocr_par' dir='ltr' id='par_1_23' title="bbox 1977 875 3546 951">
     <span class='ocr_line' id='line_1_23' title="bbox 1977 875 3546 951; baseline -0.004 -17"><span class='ocrx_word' id='word_1_163' title='bbox 1977 880 2232 951; x_wconf 75' lang='lat' dir='ltr'><strong>Speciosa</strong></span> <span class='ocrx_word' id='word_1_164' title='bbox 2256 880 2637 935; x_wconf 88' lang='lat' dir='ltr'><strong>misericordia</strong></span> <span class='ocrx_word' id='word_1_165' title='bbox 2668 879 2722 932; x_wconf 91' lang='lat' dir='ltr'><strong>in</strong></span> <span class='ocrx_word' id='word_1_166' title='bbox 2761 888 3006 948; x_wconf 90' lang='lat' dir='ltr'><strong>tempore</strong></span> <span class='ocrx_word' id='word_1_167' title='bbox 3044 875 3418 931; x_wconf 86' lang='lat' dir='ltr'><strong>tribulationis</strong></span> <span class='ocrx_word' id='word_1_168' title='bbox 3449 876 3546 928; x_wconf 68' lang='grc'><strong>³⁸.»</strong></span> 
     </span>
    </p>
   </div>
   <div class='ocr_carea' id='block_1_24' title="bbox 1975 974 3552 1041">
    <p class='ocr_par' dir='ltr' id='par_1_24' title="bbox 1975 974 3552 1041">
     <span class='ocr_line' id='line_1_24' title="bbox 1975 974 3552 1041; baseline -0.006 -10"><span class='ocrx_word' id='word_1_169' title='bbox 1975 976 2325 1031; x_wconf 83' lang='lat' dir='ltr'><strong>Confortabis</strong></span> <span class='ocrx_word' id='word_1_170' title='bbox 2381 974 2482 1028; x_wconf 84' lang='lat' dir='ltr'><strong>tibi</strong></span> <span class='ocrx_word' id='word_1_171' title='bbox 2542 986 2939 1040; x_wconf 88' lang='lat' dir='ltr'><strong>concorporem</strong></span> <span class='ocrx_word' id='word_1_172' title='bbox 2983 980 3150 1041; x_wconf 90' lang='lat' dir='ltr'><strong>atque</strong></span> <span class='ocrx_word' id='word_1_173' title='bbox 3195 977 3552 1025; x_wconf 88' lang='lat' dir='ltr'><strong>consortem:</strong></span> 
     </span>
    </p>
   </div>
   <div class='ocr_carea' id='block_1_25' title="bbox 1977 1062 3553 1130">
    <p class='ocr_par' dir='ltr' id='par_1_25' title="bbox 1977 1062 3553 1130">
     <span class='ocr_line' id='line_1_25' title="bbox 1977 1062 3553 1130; baseline -0.005 -7"><span class='ocrx_word' id='word_1_174' title='bbox 1977 1069 2072 1123; x_wconf 88' lang='lat' dir='ltr'><strong>sed</strong></span> <span class='ocrx_word' id='word_1_175' title='bbox 2106 1078 2163 1124; x_wconf 89' lang='lat' dir='ltr'><strong>et</strong></span> <span class='ocrx_word' id='word_1_176' title='bbox 2183 1069 2332 1123; x_wconf 89' lang='lat' dir='ltr'><strong>hunc</strong></span> <span class='ocrx_word' id='word_1_177' title='bbox 2359 1066 2652 1121; x_wconf 90' lang='lat' dir='ltr'><strong>habiturus</strong></span> <span class='ocrx_word' id='word_1_178' title='bbox 2674 1080 2734 1121; x_wconf 86' lang='lat' dir='ltr'><strong>es</strong></span> <span class='ocrx_word' id='word_1_179' title='bbox 2765 1065 2821 1117; x_wconf 93' lang='lat' dir='ltr'><strong>in</strong></span> <span class='ocrx_word' id='word_1_180' title='bbox 2847 1063 2937 1119; x_wconf 90' lang='lat' dir='ltr'><strong>die</strong></span> <span class='ocrx_word' id='word_1_181' title='bbox 2967 1062 3394 1118; x_wconf 85' lang='lat' dir='ltr'><strong>resurrectionis</strong></span> <span class='ocrx_word' id='word_1_182' title='bbox 3451 1077 3553 1130; x_wconf 85' lang='lat' dir='ltr'><strong>pa-</strong></span> 
     </span>
    </p>
   </div>
   <div class='ocr_carea' id='block_1_26' title="bbox 1977 1155 3553 1213">
    <p class='ocr_par' dir='ltr' id='par_1_26' title="bbox 1977 1155 3553 1213">
     <span class='ocr_line' id='line_1_26' title="bbox 1977 1155 3553 1213; baseline -0.004 1"><span class='ocrx_word' id='word_1_183' title='bbox 1977 1161 2181 1213; x_wconf 85' lang='lat' dir='ltr'><strong>rarium</strong></span> <span class='ocrx_word' id='word_1_184' title='bbox 2218 1168 2275 1213; x_wconf 92' lang='lat' dir='ltr'><strong>et</strong></span> <span class='ocrx_word' id='word_1_185' title='bbox 2310 1157 2745 1212; x_wconf 88' lang='lat' dir='ltr'><strong>conciliatorem.</strong></span> <span class='ocrx_word' id='word_1_186' title='bbox 2781 1155 2972 1209; x_wconf 84' lang='lat' dir='ltr'><strong>Vicem</strong></span> <span class='ocrx_word' id='word_1_187' title='bbox 3018 1155 3165 1208; x_wconf 92' lang='lat' dir='ltr'><strong>enim</strong></span> <span class='ocrx_word' id='word_1_188' title='bbox 3199 1168 3352 1207; x_wconf 89' lang='lat' dir='ltr'><strong>suam</strong></span> <span class='ocrx_word' id='word_1_189' title='bbox 3381 1162 3553 1207; x_wconf 89' lang='lat' dir='ltr'><strong>testa-</strong></span> 
     </span>
    </p>
   </div>
   <div class='ocr_carea' id='block_1_27' title="bbox 1979 1244 3550 1307">
    <p class='ocr_par' dir='ltr' id='par_1_27' title="bbox 1979 1244 3550 1307">
     <span class='ocr_line' id='line_1_27' title="bbox 1979 1244 3550 1307; baseline -0.005 -3"><span class='ocrx_word' id='word_1_190' title='bbox 1979 1250 2128 1304; x_wconf 86' lang='lat' dir='ltr'><strong>bitur</strong></span> <span class='ocrx_word' id='word_1_191' title='bbox 2162 1250 2464 1304; x_wconf 90' lang='lat' dir='ltr'><strong>clementer</strong></span> <span class='ocrx_word' id='word_1_192' title='bbox 2496 1244 2799 1301; x_wconf 88' lang='lat' dir='ltr'><strong>indoluisse</strong></span> <span class='ocrx_word' id='word_1_193' title='bbox 2831 1252 2903 1306; x_wconf 90' lang='lat' dir='ltr'><strong>te,</strong></span> <span class='ocrx_word' id='word_1_194' title='bbox 2938 1259 3040 1297; x_wconf 92' lang='lat' dir='ltr'><strong>nec</strong></span> <span class='ocrx_word' id='word_1_195' title='bbox 3066 1244 3405 1297; x_wconf 84' lang='lat' dir='ltr'><strong>commisisse</strong></span> <span class='ocrx_word' id='word_1_196' title='bbox 3431 1284 3445 1307; x_wconf 91' lang='lat'><strong>,</strong></span> <span class='ocrx_word' id='word_1_197' title='bbox 3490 1250 3550 1297; x_wconf 85' lang='lat' dir='ltr'><strong>ut</strong></span> 
     </span>
    </p>
   </div>
   <div class='ocr_carea' id='block_1_28' title="bbox 1975 1332 3549 1405">
    <p class='ocr_par' dir='ltr' id='par_1_28' title="bbox 1975 1332 3549 1405">
     <span class='ocr_line' id='line_1_28' title="bbox 1975 1332 3549 1405; baseline -0.003 -14"><span class='ocrx_word' id='word_1_198' title='bbox 1975 1337 2271 1391; x_wconf 83' lang='lat' dir='ltr'><strong>adversum</strong></span> <span class='ocrx_word' id='word_1_199' title='bbox 2325 1346 2381 1391; x_wconf 89' lang='lat' dir='ltr'><strong>te</strong></span> <span class='ocrx_word' id='word_1_200' title='bbox 2434 1335 2820 1405; x_wconf 85' lang='lat' dir='ltr'><strong>ingemisceret</strong></span> <span class='ocrx_word' id='word_1_201' title='bbox 2868 1350 2882 1386; x_wconf 88' lang='lat'><strong>:</strong></span> <span class='ocrx_word' id='word_1_202' title='bbox 2933 1348 3063 1387; x_wconf 86' lang='lat' dir='ltr'><strong>sane</strong></span> <span class='ocrx_word' id='word_1_203' title='bbox 3116 1348 3226 1386; x_wconf 90' lang='lat' dir='ltr'><strong>non</strong></span> <span class='ocrx_word' id='word_1_204' title='bbox 3271 1332 3549 1387; x_wconf 87' lang='lat' dir='ltr'><strong>mediocre</strong></span> 
     </span>
    </p>
   </div>
   <div class='ocr_carea' id='block_1_29' title="bbox 1975 1423 3549 1494">
    <p class='ocr_par' dir='ltr' id='par_1_29' title="bbox 1975 1423 3549 1494">
     <span class='ocr_line' id='line_1_29' title="bbox 1975 1423 3549 1494; baseline -0.003 -12"><span class='ocrx_word' id='word_1_205' title='bbox 1975 1428 2410 1483; x_wconf 88' lang='lat' dir='ltr'><strong>emolumentum</strong></span> <span class='ocrx_word' id='word_1_206' title='bbox 2444 1426 2639 1481; x_wconf 66' lang='lat' dir='ltr'><strong>aderet</strong></span> <span class='ocrx_word' id='word_1_207' title='bbox 2675 1425 2776 1479; x_wconf 89' lang='lat' dir='ltr'><strong>tibi</strong></span> <span class='ocrx_word' id='word_1_208' title='bbox 2829 1425 2954 1478; x_wconf 92' lang='lat' dir='ltr'><strong>hoc.</strong></span> <span class='ocrx_word' id='word_1_209' title='bbox 2988 1424 3067 1479; x_wconf 87' lang='lat' dir='ltr'><strong>Ne</strong></span> <span class='ocrx_word' id='word_1_210' title='bbox 3100 1423 3267 1494; x_wconf 81' lang='lat' dir='ltr'><strong>igitur</strong></span> <span class='ocrx_word' id='word_1_211' title='bbox 3302 1434 3409 1478; x_wconf 88' lang='lat' dir='ltr'><strong>tam</strong></span> <span class='ocrx_word' id='word_1_212' title='bbox 3440 1424 3549 1477; x_wconf 87' lang='lat' dir='ltr'><strong>illi-</strong></span> 
     </span>
    </p>
   </div>
   <div class='ocr_carea' id='block_1_30' title="bbox 1974 1508 3549 1582">
    <p class='ocr_par' dir='ltr' id='par_1_30' title="bbox 1974 1508 3549 1582">
     <span class='ocr_line' id='line_1_30' title="bbox 1974 1508 3549 1582; baseline -0.001 -9"><span class='ocrx_word' id='word_1_213' title='bbox 1974 1518 2189 1574; x_wconf 86' lang='lat' dir='ltr'><strong>berales</strong></span> <span class='ocrx_word' id='word_1_214' title='bbox 2216 1520 2390 1573; x_wconf 89' lang='lat' dir='ltr'><strong>simus</strong></span> <span class='ocrx_word' id='word_1_215' title='bbox 2415 1526 2472 1572; x_wconf 91' lang='lat' dir='ltr'><strong>et</strong></span> <span class='ocrx_word' id='word_1_216' title='bbox 2494 1516 2781 1571; x_wconf 86' lang='lat' dir='ltr'><strong>inhumani</strong></span> <span class='ocrx_word' id='word_1_217' title='bbox 2811 1517 2883 1571; x_wconf 91' lang='lat' dir='ltr'><strong>ob</strong></span> <span class='ocrx_word' id='word_1_218' title='bbox 2910 1533 3103 1571; x_wconf 91' lang='lat' dir='ltr'><strong>aurum</strong></span> <span class='ocrx_word' id='word_1_219' title='bbox 3142 1508 3549 1582; x_wconf 60' lang='lat' dir='ltr'><strong>et&#39;qualiacun-</strong></span> 
     </span>
    </p>
   </div>
   <div class='ocr_carea' id='block_1_31' title="bbox 1974 1612 3551 1683">
    <p class='ocr_par' dir='ltr' id='par_1_31' title="bbox 1974 1612 3551 1683">
     <span class='ocr_line' id='line_1_31' title="bbox 1974 1612 3551 1683; baseline -0.001 -16"><span class='ocrx_word' id='word_1_220' title='bbox 1974 1629 2082 1683; x_wconf 92' lang='lat' dir='ltr'><strong>que</strong></span> <span class='ocrx_word' id='word_1_221' title='bbox 2113 1613 2418 1676; x_wconf 86' lang='lat' dir='ltr'><strong>esculenta,</strong></span> <span class='ocrx_word' id='word_1_222' title='bbox 2455 1628 2692 1682; x_wconf 90' lang='lat' dir='ltr'><strong>quorum</strong></span> <span class='ocrx_word' id='word_1_223' title='bbox 2716 1612 2914 1681; x_wconf 84' lang='lat' dir='ltr'><strong>rubigo</strong></span> <span class='ocrx_word' id='word_1_224' title='bbox 2934 1622 2991 1666; x_wconf 90' lang='lat' dir='ltr'><strong>et</strong></span> <span class='ocrx_word' id='word_1_225' title='bbox 3026 1613 3176 1666; x_wconf 89' lang='lat' dir='ltr'><strong>tinea</strong></span> <span class='ocrx_word' id='word_1_226' title='bbox 3213 1612 3269 1665; x_wconf 90' lang='lat' dir='ltr'><strong>in</strong></span> <span class='ocrx_word' id='word_1_227' title='bbox 3290 1612 3551 1665; x_wconf 86' lang='lat' dir='ltr'><strong>testimo-</strong></span> 
     </span>
    </p>
   </div>
   <div class='ocr_carea' id='block_1_32' title="bbox 1975 1702 3547 1773">
    <p class='ocr_par' dir='ltr' id='par_1_32' title="bbox 1975 1702 3547 1773">
     <span class='ocr_line' id='line_1_32' title="bbox 1975 1702 3547 1773; baseline -0.004 -11"><span class='ocrx_word' id='word_1_228' title='bbox 1975 1707 2126 1762; x_wconf 88' lang='lat' dir='ltr'><strong>nium</strong></span> <span class='ocrx_word' id='word_1_229' title='bbox 2154 1707 2446 1761; x_wconf 76' lang='lat' dir='ltr'><strong>adversum</strong></span> <span class='ocrx_word' id='word_1_230' title='bbox 2475 1720 2576 1759; x_wconf 92' lang='lat' dir='ltr'><strong>nos</strong></span> <span class='ocrx_word' id='word_1_231' title='bbox 2606 1704 2790 1758; x_wconf 90' lang='lat' dir='ltr'><strong>futura</strong></span> <span class='ocrx_word' id='word_1_232' title='bbox 2819 1703 3027 1773; x_wconf 87' lang='lat' dir='ltr'><strong>alioqui</strong></span> <span class='ocrx_word' id='word_1_233' title='bbox 3066 1704 3198 1758; x_wconf 92' lang='lat' dir='ltr'><strong>sint.</strong></span> <span class='ocrx_word' id='word_1_234' title='bbox 3226 1702 3371 1769; x_wconf 87' lang='lat' dir='ltr'><strong>Quin</strong></span> <span class='ocrx_word' id='word_1_235' title='bbox 3399 1702 3547 1757; x_wconf 70' lang='lat' dir='ltr'><strong>Pau-</strong></span> 
     </span>
    </p>
   </div>
   <div class='ocr_carea' id='block_1_33' title="bbox 1975 1794 3549 1869">
    <p class='ocr_par' dir='ltr' id='par_1_33' title="bbox 1975 1794 3549 1869">
     <span class='ocr_line' id='line_1_33' title="bbox 1975 1794 3549 1869; baseline -0.003 -17"><span class='ocrx_word' id='word_1_236' title='bbox 1975 1798 2099 1852; x_wconf 73' lang='lat' dir='ltr'><strong>lina:</strong></span> <span class='ocrx_word' id='word_1_237' title='bbox 2131 1798 2303 1869; x_wconf 85' lang='lat' dir='ltr'><strong>magis</strong></span> <span class='ocrx_word' id='word_1_238' title='bbox 2336 1798 2622 1852; x_wconf 62' lang='lat' dir='ltr'><strong>sententiae</strong></span> <span class='ocrx_word' id='word_1_239' title='bbox 2654 1812 2912 1863; x_wconf 73' lang='lat' dir='ltr'><strong>geramus</strong></span> <span class='ocrx_word' id='word_1_240' title='bbox 2956 1810 3169 1850; x_wconf 90' lang='lat' dir='ltr'><strong>morem</strong></span> <span class='ocrx_word' id='word_1_241' title='bbox 3202 1813 3215 1849; x_wconf 93' lang='lat'><strong>:</strong></span> <span class='ocrx_word' id='word_1_242' title='bbox 3258 1814 3275 1845; x_wconf 73' lang='grc' dir='ltr'><strong>ι</strong></span> <span class='ocrx_word' id='word_1_243' title='bbox 3313 1794 3415 1860; x_wconf 85' lang='lat' dir='ltr'><strong>Qui</strong></span> <span class='ocrx_word' id='word_1_244' title='bbox 3449 1795 3549 1849; x_wconf 85' lang='lat' dir='ltr'><strong>tri-</strong></span> 
     </span>
    </p>
   </div>
   <div class='ocr_carea' id='block_1_34' title="bbox 294 1880 1869 1961">
    <p class='ocr_par' dir='ltr' id='par_1_34' title="bbox 294 1885 1869 1961">
     <span class='ocr_line' id='line_1_34' title="bbox 294 1885 1869 1961; baseline 0.006 -25"><span class='ocrx_word' id='word_1_245' title='bbox 294 1885 509 1955; x_wconf 78' lang='grc' dir='ltr'>ἔχοντα,</span> <span class='ocrx_word' id='word_1_246' title='bbox 562 1889 657 1940; x_wconf 81' lang='grc' dir='ltr'>καὶ</span> <span class='ocrx_word' id='word_1_247' title='bbox 708 1889 899 1961; x_wconf 81' lang='grc' dir='ltr'>κλείσῃ</span> <span class='ocrx_word' id='word_1_248' title='bbox 944 1889 1014 1942; x_wconf 88' lang='grc' dir='ltr'><strong>τά</strong></span> <span class='ocrx_word' id='word_1_249' title='bbox 1077 1890 1362 1960; x_wconf 86' lang='grc' dir='ltr'>σπλάγχνα</span> <span class='ocrx_word' id='word_1_250' title='bbox 1420 1889 1609 1955; x_wconf 77' lang='grc' dir='ltr'>αὐτοῦ,</span> <span class='ocrx_word' id='word_1_251' title='bbox 1670 1891 1789 1954; x_wconf 89' lang='grc' dir='ltr'><strong>πῶς</strong></span> <span class='ocrx_word' id='word_1_252' title='bbox 1838 1891 1869 1960; x_wconf 80' lang='grc' dir='ltr'>ἡ</span> 
     </span>
    </p>
   </div>
   <div class='ocr_carea' id='block_1_35' title="bbox 1971 1880 3546 1961">
    <p class='ocr_par' dir='ltr' id='par_1_35' title="bbox 1976 1886 3546 1959">
     <span class='ocr_line' id='line_1_35' title="bbox 1976 1886 3546 1959; baseline -0.004 -14"><span class='ocrx_word' id='word_1_253' title='bbox 1976 1890 2097 1945; x_wconf 89' lang='lat' dir='ltr'><strong>buit</strong></span> <span class='ocrx_word' id='word_1_254' title='bbox 2152 1890 2209 1945; x_wconf 92' lang='lat' dir='ltr'><strong>in</strong></span> <span class='ocrx_word' id='word_1_255' title='bbox 2249 1889 2623 1959; x_wconf 86' lang='lat' dir='ltr'><strong>simplicitate,</strong></span> <span class='ocrx_word' id='word_1_256' title='bbox 2682 1888 2775 1957; x_wconf 86' lang='lat' dir='ltr'><strong>qui</strong></span> <span class='ocrx_word' id='word_1_257' title='bbox 2836 1888 3133 1951; x_wconf 87' lang='lat' dir='ltr'><strong>miseretur</strong></span> <span class='ocrx_word' id='word_1_258' title='bbox 3190 1888 3246 1941; x_wconf 92' lang='lat' dir='ltr'><strong>in</strong></span> <span class='ocrx_word' id='word_1_259' title='bbox 3298 1886 3546 1940; x_wconf 89' lang='lat' dir='ltr'><strong>hilarita-</strong></span> 
     </span>
    </p>
   </div>
   <div class='ocr_carea' id='block_1_36' title="bbox 293 1978 1872 2054">
    <p class='ocr_par' dir='ltr' id='par_1_36' title="bbox 293 1978 1872 2054">
     <span class='ocr_line' id='line_1_36' title="bbox 293 1978 1872 2054; baseline 0.004 -24"><span class='ocrx_word' id='word_1_260' title='bbox 293 1978 485 2049; x_wconf 82' lang='grc' dir='ltr'>ἀγάπη</span> <span class='ocrx_word' id='word_1_261' title='bbox 507 1978 602 2031; x_wconf 89' lang='grc' dir='ltr'><strong>τοῦ</strong></span> <span class='ocrx_word' id='word_1_262' title='bbox 625 1980 762 2034; x_wconf 84' lang='grc' dir='ltr'>Θεοῦ</span> <span class='ocrx_word' id='word_1_263' title='bbox 797 1982 949 2051; x_wconf 80' lang='grc' dir='ltr'>μένει</span> <span class='ocrx_word' id='word_1_264' title='bbox 979 1984 1038 2035; x_wconf 80' lang='grc' dir='ltr'>ὲν</span> <span class='ocrx_word' id='word_1_265' title='bbox 1065 1982 1214 2054; x_wconf 83' lang='grc' dir='ltr'>αὑτῷ</span> <span class='ocrx_word' id='word_1_266' title='bbox 1242 2001 1255 2049; x_wconf 88' lang='grc'>;</span> <span class='ocrx_word' id='word_1_267' title='bbox 1291 2002 1309 2034; x_wconf 79' lang='grc' dir='ltr'><strong>ι</strong></span> <span class='ocrx_word' id='word_1_268' title='bbox 1347 1982 1573 2046; x_wconf 86' lang='grc' dir='ltr'>Τούτοις</span> <span class='ocrx_word' id='word_1_269' title='bbox 1603 1984 1872 2038; x_wconf 83' lang='grc' dir='ltr'>ἀκόλουθα</span> 
     </span>
    </p>
   </div>
   <div class='ocr_carea' id='block_1_37' title="bbox 291 2072 1873 2148">
    <p class='ocr_par' dir='ltr' id='par_1_37' title="bbox 291 2072 1873 2148">
     <span class='ocr_line' id='line_1_37' title="bbox 291 2072 1873 2148; baseline 0.001 -24"><span class='ocrx_word' id='word_1_270' title='bbox 291 2072 322 2124; x_wconf 89' lang='lat'><strong>6</strong></span> <span class='ocrx_word' id='word_1_271' title='bbox 347 2072 446 2141; x_wconf 78' lang='grc' dir='ltr'><strong>τῆς</strong></span> <span class='ocrx_word' id='word_1_272' title='bbox 468 2075 745 2144; x_wconf 87' lang='grc' dir='ltr'>σωτηρίας</span> <span class='ocrx_word' id='word_1_273' title='bbox 763 2075 921 2145; x_wconf 86' lang='grc' dir='ltr'>ήμῶν</span> <span class='ocrx_word' id='word_1_274' title='bbox 940 2076 1249 2145; x_wconf 76' lang='grc' dir='ltr'>προνοητὴς</span> <span class='ocrx_word' id='word_1_275' title='bbox 1276 2076 1482 2147; x_wconf 84' lang='grc' dir='ltr'>Κύριος</span> <span class='ocrx_word' id='word_1_276' title='bbox 1507 2076 1873 2148; x_wconf 81' lang='grc' dir='ltr'>παρακελεύε-</span> 
     </span>
    </p>
   </div>
   <div class='ocr_carea' id='block_1_38' title="bbox 292 2162 1872 2236">
    <p class='ocr_par' dir='ltr' id='par_1_38' title="bbox 292 2162 1872 2236">
     <span class='ocr_line' id='line_1_38' title="bbox 292 2162 1872 2236; baseline 0.004 -24"><span class='ocrx_word' id='word_1_277' title='bbox 292 2177 407 2222; x_wconf 88' lang='grc' dir='ltr'>ται,</span> <span class='ocrx_word' id='word_1_278' title='bbox 433 2162 640 2230; x_wconf 71' lang='grc' dir='ltr'>λέγων*</span> <span class='ocrx_word' id='word_1_279' title='bbox 674 2184 693 2216; x_wconf 86' lang='grc'><strong><em>‹</em></strong></span> <span class='ocrx_word' id='word_1_280' title='bbox 730 2166 901 2219; x_wconf 82' lang='grc' dir='ltr'>Παντὶ</span> <span class='ocrx_word' id='word_1_281' title='bbox 937 2166 1017 2236; x_wconf 83' lang='grc' dir='ltr'>τῷ</span> <span class='ocrx_word' id='word_1_282' title='bbox 1056 2165 1296 2220; x_wconf 79' lang='grc' dir='ltr'>αἰτοῦντί</span> <span class='ocrx_word' id='word_1_283' title='bbox 1348 2184 1430 2229; x_wconf 89' lang='grc' dir='ltr'><strong>σε,</strong></span> <span class='ocrx_word' id='word_1_284' title='bbox 1456 2167 1618 2231; x_wconf 83' lang='grc' dir='ltr'>δίδου,</span> <span class='ocrx_word' id='word_1_285' title='bbox 1649 2166 1743 2220; x_wconf 76' lang='grc' dir='ltr'><strong>καὶ</strong></span> <span class='ocrx_word' id='word_1_286' title='bbox 1778 2165 1872 2219; x_wconf 74' lang='grc' dir='ltr'><strong>τὸν</strong></span> 
     </span>
    </p>
   </div>
   <div class='ocr_carea' id='block_1_39' title="bbox 297 2250 1863 2331">
    <p class='ocr_par' dir='ltr' id='par_1_39' title="bbox 297 2250 1863 2331">
     <span class='ocr_line' id='line_1_39' title="bbox 297 2250 1863 2331; baseline 0.005 -28"><span class='ocrx_word' id='word_1_287' title='bbox 297 2250 517 2307; x_wconf 80' lang='grc' dir='ltr'>θέλοντα</span> <span class='ocrx_word' id='word_1_288' title='bbox 551 2254 905 2311; x_wconf 86' lang='grc' dir='ltr'>δανείσασθαι</span> <span class='ocrx_word' id='word_1_289' title='bbox 958 2258 1069 2312; x_wconf 79' lang='grc' dir='ltr'><strong>ἀπὸ</strong></span> <span class='ocrx_word' id='word_1_290' title='bbox 1119 2257 1235 2322; x_wconf 78' lang='grc' dir='ltr'>σοῦ,</span> <span class='ocrx_word' id='word_1_291' title='bbox 1284 2258 1357 2329; x_wconf 79' lang='grc' dir='ltr'><strong>μή</strong></span> <span class='ocrx_word' id='word_1_292' title='bbox 1401 2260 1784 2331; x_wconf 70' lang='grc' dir='ltr'>ἀποστραφῇς.</span> <span class='ocrx_word' id='word_1_293' title='bbox 1843 2277 1863 2311; x_wconf 77' lang='grc' dir='ltr'><strong>ι</strong></span> 
     </span>
    </p>
   </div>
   <div class='ocr_carea' id='block_1_40' title="bbox 292 2342 1442 2422">
    <p class='ocr_par' dir='ltr' id='par_1_40' title="bbox 292 2342 1442 2422">
     <span class='ocr_line' id='line_1_40' title="bbox 292 2342 1442 2422; baseline 0.009 -28"><span class='ocrx_word' id='word_1_294' title='bbox 292 2342 455 2413; x_wconf 77' lang='grc' dir='ltr'>Αὐτῷ</span> <span class='ocrx_word' id='word_1_295' title='bbox 487 2347 518 2415; x_wconf 87' lang='grc' dir='ltr'><strong>ἠ</strong></span> <span class='ocrx_word' id='word_1_296' title='bbox 552 2346 678 2411; x_wconf 80' lang='grc' dir='ltr'>δόξα</span> <span class='ocrx_word' id='word_1_297' title='bbox 702 2351 783 2412; x_wconf 80' lang='grc' dir='ltr'><strong>είς</strong></span> <span class='ocrx_word' id='word_1_298' title='bbox 810 2349 941 2413; x_wconf 82' lang='grc' dir='ltr'>τοὺς</span> <span class='ocrx_word' id='word_1_299' title='bbox 978 2350 1206 2413; x_wconf 75' lang='grc' dir='ltr'>αἰῶνας.</span> <span class='ocrx_word' id='word_1_300' title='bbox 1248 2352 1442 2422; x_wconf 82' lang='grc' dir='ltr'>Ἀμήν.</span> 
     </span>
    </p>
   </div>
   <div class='ocr_carea' id='block_1_41' title="bbox 1979 1978 3548 2037">
    <p class='ocr_par' dir='ltr' id='par_1_41' title="bbox 1979 1978 3548 2037">
     <span class='ocr_line' id='line_1_41' title="bbox 1979 1978 3548 2037; baseline -0.004 0"><span class='ocrx_word' id='word_1_301' title='bbox 1979 1992 2032 2037; x_wconf 88' lang='lat' dir='ltr'><strong>te</strong></span> <span class='ocrx_word' id='word_1_302' title='bbox 2059 1983 2121 2037; x_wconf 86' lang='grc'><strong>³⁷.</strong></span> <span class='ocrx_word' id='word_1_303' title='bbox 2165 1998 2185 2034; x_wconf 78' lang='grc' dir='ltr'><strong>ι</strong></span> <span class='ocrx_word' id='word_1_304' title='bbox 2222 1982 2291 2035; x_wconf 88' lang='lat' dir='ltr'><strong>Et</strong></span> <span class='ocrx_word' id='word_1_305' title='bbox 2329 2000 2341 2035; x_wconf 91' lang='lat'><strong>:</strong></span> <span class='ocrx_word' id='word_1_306' title='bbox 2385 2000 2405 2032; x_wconf 77' lang='grc' dir='ltr'><strong>ι</strong></span> <span class='ocrx_word' id='word_1_307' title='bbox 2443 1980 2877 2034; x_wconf 89' lang='lat' dir='ltr'><strong>Necessitatibus</strong></span> <span class='ocrx_word' id='word_1_308' title='bbox 2903 1988 3219 2034; x_wconf 90' lang='lat' dir='ltr'><strong>sanctorum</strong></span> <span class='ocrx_word' id='word_1_309' title='bbox 3245 1978 3548 2033; x_wconf 89' lang='lat' dir='ltr'><strong>communi-</strong></span> 
     </span>
    </p>
   </div>
   <div class='ocr_carea' id='block_1_42' title="bbox 1976 2072 3545 2129">
    <p class='ocr_par' dir='ltr' id='par_1_42' title="bbox 1976 2072 3545 2129">
     <span class='ocr_line' id='line_1_42' title="bbox 1976 2072 3545 2129; baseline -0.002 0"><span class='ocrx_word' id='word_1_310' title='bbox 1976 2084 2164 2129; x_wconf 88' lang='lat' dir='ltr'><strong>cantes</strong></span> <span class='ocrx_word' id='word_1_311' title='bbox 2195 2075 2260 2129; x_wconf 80' lang='grc'>⁸⁸.</span> <span class='ocrx_word' id='word_1_312' title='bbox 2314 2093 2332 2125; x_wconf 79' lang='grc' dir='ltr'><strong>ι</strong></span> <span class='ocrx_word' id='word_1_313' title='bbox 2365 2073 2508 2127; x_wconf 85' lang='lat' dir='ltr'><strong>Alibi</strong></span> <span class='ocrx_word' id='word_1_314' title='bbox 2536 2072 2667 2126; x_wconf 88' lang='lat' dir='ltr'><strong>item</strong></span> <span class='ocrx_word' id='word_1_315' title='bbox 2710 2090 2725 2125; x_wconf 90' lang='lat'><strong>:</strong></span> <span class='ocrx_word' id='word_1_316' title='bbox 2765 2091 2783 2123; x_wconf 74' lang='grc' dir='ltr'><strong>ι</strong></span> <span class='ocrx_word' id='word_1_317' title='bbox 2820 2072 3044 2126; x_wconf 89' lang='lat' dir='ltr'><strong>Discant</strong></span> <span class='ocrx_word' id='word_1_318' title='bbox 3077 2079 3259 2126; x_wconf 91' lang='lat' dir='ltr'><strong>autem</strong></span> <span class='ocrx_word' id='word_1_319' title='bbox 3290 2084 3346 2125; x_wconf 89' lang='lat' dir='ltr'><strong>et</strong></span> <span class='ocrx_word' id='word_1_320' title='bbox 3370 2074 3545 2126; x_wconf 84' lang='lat' dir='ltr'><strong>nostri</strong></span> 
     </span>
    </p>
   </div>
   <div class='ocr_carea' id='block_1_43' title="bbox 1971 2163 3543 2235">
    <p class='ocr_par' dir='ltr' id='par_1_43' title="bbox 1971 2163 3543 2235">
     <span class='ocr_line' id='line_1_43' title="bbox 1971 2163 3543 2235; baseline -0.002 -15"><span class='ocrx_word' id='word_1_321' title='bbox 1971 2165 2135 2220; x_wconf 87' lang='lat' dir='ltr'><strong>bonis</strong></span> <span class='ocrx_word' id='word_1_322' title='bbox 2177 2165 2439 2235; x_wconf 89' lang='lat' dir='ltr'><strong>operibus</strong></span> <span class='ocrx_word' id='word_1_323' title='bbox 2486 2179 2724 2234; x_wconf 59' lang='lat' dir='ltr'><strong>praeesse</strong></span> <span class='ocrx_word' id='word_1_324' title='bbox 2759 2163 2827 2218; x_wconf 86' lang='lat' dir='ltr'><strong>ad</strong></span> <span class='ocrx_word' id='word_1_325' title='bbox 2880 2179 3015 2217; x_wconf 89' lang='lat' dir='ltr'><strong>usus</strong></span> <span class='ocrx_word' id='word_1_326' title='bbox 3069 2164 3433 2227; x_wconf 84' lang='lat' dir='ltr'><strong>necessarios,</strong></span> <span class='ocrx_word' id='word_1_327' title='bbox 3485 2172 3543 2217; x_wconf 92' lang='lat' dir='ltr'><strong>ut</strong></span> 
     </span>
    </p>
   </div>
   <div class='ocr_carea' id='block_1_44' title="bbox 1970 2255 3547 2327">
    <p class='ocr_par' dir='ltr' id='par_1_44' title="bbox 1970 2255 3547 2327">
     <span class='ocr_line' id='line_1_44' title="bbox 1970 2255 3547 2327; baseline -0.001 -15"><span class='ocrx_word' id='word_1_328' title='bbox 1970 2273 2081 2312; x_wconf 90' lang='lat' dir='ltr'><strong>non</strong></span> <span class='ocrx_word' id='word_1_329' title='bbox 2108 2258 2217 2312; x_wconf 90' lang='lat' dir='ltr'><strong>sint</strong></span> <span class='ocrx_word' id='word_1_330' title='bbox 2244 2256 2567 2310; x_wconf 82' lang='lat' dir='ltr'><strong>infructuosi</strong></span> <span class='ocrx_word' id='word_1_331' title='bbox 2589 2257 2653 2311; x_wconf 71' lang='grc'><strong>³⁸.</strong></span> <span class='ocrx_word' id='word_1_332' title='bbox 2686 2275 2703 2305; x_wconf 75' lang='grc' dir='ltr'><strong>ι</strong></span> <span class='ocrx_word' id='word_1_333' title='bbox 2738 2255 3029 2310; x_wconf 86' lang='lat' dir='ltr'><strong>Zacharias</strong></span> <span class='ocrx_word' id='word_1_334' title='bbox 3059 2256 3284 2325; x_wconf 88' lang='lat' dir='ltr'><strong>insuper</strong></span> <span class='ocrx_word' id='word_1_335' title='bbox 3308 2257 3547 2327; x_wconf 88' lang='lat' dir='ltr'><strong>prophe-</strong></span> 
     </span>
    </p>
   </div>
   <div class='ocr_carea' id='block_1_45' title="bbox 1972 2348 3545 2418">
    <p class='ocr_par' dir='ltr' id='par_1_45' title="bbox 1972 2348 3545 2418">
     <span class='ocr_line' id='line_1_45' title="bbox 1972 2348 3545 2418; baseline -0.001 -13"><span class='ocrx_word' id='word_1_336' title='bbox 1972 2358 2063 2405; x_wconf 83' lang='lat' dir='ltr'><strong>ta:</strong></span> <span class='ocrx_word' id='word_1_337' title='bbox 2107 2368 2125 2399; x_wconf 77' lang='grc' dir='ltr'><strong>ι</strong></span> <span class='ocrx_word' id='word_1_338' title='bbox 2154 2349 2371 2404; x_wconf 82' lang='lat' dir='ltr'><strong>Justum</strong></span> <span class='ocrx_word' id='word_1_339' title='bbox 2393 2348 2636 2418; x_wconf 78' lang='lat' dir='ltr'><strong>iudicate</strong></span> <span class='ocrx_word' id='word_1_340' title='bbox 2665 2349 2729 2402; x_wconf 70' lang='grc'><strong>⁸⁸.</strong></span> <span class='ocrx_word' id='word_1_341' title='bbox 2758 2367 2776 2399; x_wconf 82' lang='grc' dir='ltr'><strong>ι</strong></span> <span class='ocrx_word' id='word_1_342' title='bbox 2814 2348 2882 2402; x_wconf 82' lang='grc' dir='ltr'>Ει</span> <span class='ocrx_word' id='word_1_343' title='bbox 2914 2365 2927 2401; x_wconf 91' lang='lat'><strong>:</strong></span> <span class='ocrx_word' id='word_1_344' title='bbox 2965 2366 2984 2399; x_wconf 76' lang='grc' dir='ltr'><strong>ι</strong></span> <span class='ocrx_word' id='word_1_345' title='bbox 3026 2348 3459 2403; x_wconf 87' lang='lat' dir='ltr'><strong>Misericordiam</strong></span> <span class='ocrx_word' id='word_1_346' title='bbox 3490 2358 3545 2403; x_wconf 87' lang='lat' dir='ltr'><strong>et</strong></span> 
     </span>
    </p>
   </div>
   <div class='ocr_carea' id='block_1_46' title="bbox 292 2436 3544 2512">
    <p class='ocr_par' dir='ltr' id='par_1_46' title="bbox 292 2436 3544 2512">
     <span class='ocr_line' id='line_1_46' title="bbox 292 2436 3544 2512; baseline 0.002 -25"><span class='ocrx_word' id='word_1_347' title='bbox 292 2436 727 2493; x_wconf 84' lang='lat' dir='ltr'><strong>miserationem</strong></span> <span class='ocrx_word' id='word_1_348' title='bbox 772 2438 938 2494; x_wconf 82' lang='lat' dir='ltr'><strong>facite</strong></span> <span class='ocrx_word' id='word_1_349' title='bbox 992 2441 1375 2511; x_wconf 85' lang='lat' dir='ltr'><strong>unusquisque</strong></span> <span class='ocrx_word' id='word_1_350' title='bbox 1429 2457 1555 2496; x_wconf 90' lang='lat' dir='ltr'><strong>cum</strong></span> <span class='ocrx_word' id='word_1_351' title='bbox 1622 2441 1873 2512; x_wconf 85' lang='lat' dir='ltr'><strong>proximo</strong></span> <span class='ocrx_word' id='word_1_352' title='bbox 1909 2456 2012 2495; x_wconf 91' lang='lat' dir='ltr'><strong>suo</strong></span> <span class='ocrx_word' id='word_1_353' title='bbox 2034 2442 2099 2494; x_wconf 64' lang='grc' dir='ltr'>ιι.</span> <span class='ocrx_word' id='word_1_354' title='bbox 2142 2460 2160 2493; x_wconf 81' lang='grc' dir='ltr'><strong>ι</strong></span> <span class='ocrx_word' id='word_1_355' title='bbox 2206 2440 2275 2495; x_wconf 88' lang='lat' dir='ltr'><strong>Et</strong></span> <span class='ocrx_word' id='word_1_356' title='bbox 2312 2439 2594 2495; x_wconf 78' lang='lat' dir='ltr'><strong>Joannes:</strong></span> <span class='ocrx_word' id='word_1_357' title='bbox 2630 2458 2648 2490; x_wconf 75' lang='grc' dir='ltr'><strong>ι</strong></span> <span class='ocrx_word' id='word_1_358' title='bbox 2682 2438 2785 2505; x_wconf 85' lang='lat' dir='ltr'><strong>Qui</strong></span> <span class='ocrx_word' id='word_1_359' title='bbox 2858 2438 3115 2493; x_wconf 86' lang='lat' dir='ltr'><strong>habuerit</strong></span> <span class='ocrx_word' id='word_1_360' title='bbox 3183 2440 3544 2496; x_wconf 87' lang='lat' dir='ltr'><strong>substantiam</strong></span> 
     </span>
    </p>
   </div>
   <div class='ocr_carea' id='block_1_47' title="bbox 293 2534 3547 2605">
    <p class='ocr_par' dir='ltr' id='par_1_47' title="bbox 293 2534 3547 2605">
     <span class='ocr_line' id='line_1_47' title="bbox 293 2534 3547 2605; baseline 0.002 -19"><span class='ocrx_word' id='word_1_361' title='bbox 293 2535 487 2588; x_wconf 91' lang='lat' dir='ltr'><strong>mundi</strong></span> <span class='ocrx_word' id='word_1_362' title='bbox 515 2536 699 2605; x_wconf 85' lang='lat' dir='ltr'><strong>hujus,</strong></span> <span class='ocrx_word' id='word_1_363' title='bbox 731 2544 789 2591; x_wconf 91' lang='lat' dir='ltr'><strong>et</strong></span> <span class='ocrx_word' id='word_1_364' title='bbox 816 2536 1021 2591; x_wconf 86' lang='lat' dir='ltr'><strong>viderit</strong></span> <span class='ocrx_word' id='word_1_365' title='bbox 1075 2538 1300 2593; x_wconf 83' lang='lat' dir='ltr'><strong>fratrem</strong></span> <span class='ocrx_word' id='word_1_366' title='bbox 1323 2554 1485 2593; x_wconf 90' lang='lat' dir='ltr'><strong>suum</strong></span> <span class='ocrx_word' id='word_1_367' title='bbox 1549 2538 1935 2593; x_wconf 87' lang='lat' dir='ltr'><strong>necessitatem</strong></span> <span class='ocrx_word' id='word_1_368' title='bbox 1982 2536 2211 2599; x_wconf 88' lang='lat' dir='ltr'><strong>habere,</strong></span> <span class='ocrx_word' id='word_1_369' title='bbox 2242 2545 2297 2591; x_wconf 89' lang='lat' dir='ltr'><strong>et</strong></span> <span class='ocrx_word' id='word_1_370' title='bbox 2324 2536 2585 2591; x_wconf 85' lang='lat' dir='ltr'><strong>clauserit</strong></span> <span class='ocrx_word' id='word_1_371' title='bbox 2620 2534 2835 2589; x_wconf 82' lang='lat' dir='ltr'><strong>viscera</strong></span> <span class='ocrx_word' id='word_1_372' title='bbox 2875 2548 2974 2588; x_wconf 88' lang='lat' dir='ltr'><strong>sua</strong></span> <span class='ocrx_word' id='word_1_373' title='bbox 3010 2551 3026 2588; x_wconf 88' lang='lat'><strong>:</strong></span> <span class='ocrx_word' id='word_1_374' title='bbox 3063 2537 3339 2603; x_wconf 88' lang='lat' dir='ltr'><strong>quomodo</strong></span> <span class='ocrx_word' id='word_1_375' title='bbox 3367 2538 3547 2592; x_wconf 87' lang='lat' dir='ltr'><strong>chari-</strong></span> 
     </span>
    </p>
   </div>
   <div class='ocr_carea' id='block_1_48' title="bbox 303 2625 3546 2697">
    <p class='ocr_par' dir='ltr' id='par_1_48' title="bbox 303 2625 3546 2697">
     <span class='ocr_line' id='line_1_48' title="bbox 303 2625 3546 2697; baseline 0.001 -17"><span class='ocrx_word' id='word_1_376' title='bbox 303 2634 388 2680; x_wconf 88' lang='lat' dir='ltr'><strong>tas</strong></span> <span class='ocrx_word' id='word_1_377' title='bbox 414 2625 511 2694; x_wconf 85' lang='lat' dir='ltr'><strong>Dei</strong></span> <span class='ocrx_word' id='word_1_378' title='bbox 546 2632 731 2679; x_wconf 90' lang='lat' dir='ltr'><strong>manet</strong></span> <span class='ocrx_word' id='word_1_379' title='bbox 757 2626 811 2680; x_wconf 92' lang='lat' dir='ltr'><strong>in</strong></span> <span class='ocrx_word' id='word_1_380' title='bbox 841 2642 909 2683; x_wconf 90' lang='lat' dir='ltr'><strong>eo</strong></span> <span class='ocrx_word' id='word_1_381' title='bbox 929 2627 1014 2681; x_wconf 63' lang='lat'><strong>“&#39;1&#39;</strong></span> <span class='ocrx_word' id='word_1_382' title='bbox 1043 2647 1063 2681; x_wconf 76' lang='grc' dir='ltr'><strong>ι</strong></span> <span class='ocrx_word' id='word_1_383' title='bbox 1093 2628 1190 2683; x_wconf 85' lang='lat' dir='ltr'><strong>His</strong></span> <span class='ocrx_word' id='word_1_384' title='bbox 1215 2630 1567 2684; x_wconf 89' lang='lat' dir='ltr'><strong>consentiunt</strong></span> <span class='ocrx_word' id='word_1_385' title='bbox 1591 2636 1647 2682; x_wconf 89' lang='lat' dir='ltr'><strong>et</strong></span> <span class='ocrx_word' id='word_1_386' title='bbox 1681 2628 2067 2697; x_wconf 81' lang='lat' dir='ltr'><strong>astipulantur,</strong></span> <span class='ocrx_word' id='word_1_387' title='bbox 2116 2643 2237 2697; x_wconf 71' lang='lat' dir='ltr'><strong>quae</strong></span> <span class='ocrx_word' id='word_1_388' title='bbox 2281 2636 2483 2681; x_wconf 60' lang='lat' dir='ltr'><strong>nostra</strong></span> <span class='ocrx_word' id='word_1_389' title='bbox 2550 2625 2799 2680; x_wconf 90' lang='lat' dir='ltr'><strong>omnium</strong></span> <span class='ocrx_word' id='word_1_390' title='bbox 2867 2628 3118 2696; x_wconf 87' lang='lat' dir='ltr'><strong>provisor</strong></span> <span class='ocrx_word' id='word_1_391' title='bbox 3186 2628 3377 2684; x_wconf 90' lang='lat' dir='ltr'><strong>salutis</strong></span> <span class='ocrx_word' id='word_1_392' title='bbox 3442 2631 3546 2683; x_wconf 89' lang='lat' dir='ltr'><strong>Do-</strong></span> 
     </span>
    </p>
   </div>
   <div class='ocr_carea' id='block_1_49' title="bbox 300 2716 3545 2791">
    <p class='ocr_par' dir='ltr' id='par_1_49' title="bbox 300 2716 3545 2791">
     <span class='ocr_line' id='line_1_49' title="bbox 300 2716 3545 2791; baseline 0.002 -21"><span class='ocrx_word' id='word_1_393' title='bbox 300 2716 489 2771; x_wconf 90' lang='lat' dir='ltr'><strong>minus</strong></span> <span class='ocrx_word' id='word_1_394' title='bbox 531 2726 590 2771; x_wconf 89' lang='lat' dir='ltr'><strong>ut</strong></span> <span class='ocrx_word' id='word_1_395' title='bbox 624 2716 888 2773; x_wconf 85' lang='lat' dir='ltr'><strong>faciamus</strong></span> <span class='ocrx_word' id='word_1_396' title='bbox 936 2720 1245 2776; x_wconf 88' lang='lat' dir='ltr'><strong>admonet:</strong></span> <span class='ocrx_word' id='word_1_397' title='bbox 1288 2737 1307 2771; x_wconf 74' lang='grc' dir='ltr'><strong>ι</strong></span> <span class='ocrx_word' id='word_1_398' title='bbox 1342 2720 1502 2775; x_wconf 91' lang='lat' dir='ltr'><strong>Omni</strong></span> <span class='ocrx_word' id='word_1_399' title='bbox 1552 2720 1763 2791; x_wconf 89' lang='lat' dir='ltr'><strong>petenti</strong></span> <span class='ocrx_word' id='word_1_400' title='bbox 1813 2728 1866 2776; x_wconf 86' lang='lat' dir='ltr'><strong>te</strong></span> <span class='ocrx_word' id='word_1_401' title='bbox 1903 2721 2083 2776; x_wconf 89' lang='lat' dir='ltr'><strong>tribue</strong></span> <span class='ocrx_word' id='word_1_402' title='bbox 2122 2737 2135 2774; x_wconf 88' lang='lat'><strong>:</strong></span> <span class='ocrx_word' id='word_1_403' title='bbox 2191 2727 2247 2775; x_wconf 91' lang='lat' dir='ltr'><strong>et</strong></span> <span class='ocrx_word' id='word_1_404' title='bbox 2293 2721 2568 2775; x_wconf 82' lang='lat' dir='ltr'><strong>volentem</strong></span> <span class='ocrx_word' id='word_1_405' title='bbox 2617 2728 2808 2789; x_wconf 90' lang='lat' dir='ltr'><strong>petere</strong></span> <span class='ocrx_word' id='word_1_406' title='bbox 2862 2730 3113 2774; x_wconf 90' lang='lat' dir='ltr'><strong>mutuum</strong></span> <span class='ocrx_word' id='word_1_407' title='bbox 3178 2721 3276 2778; x_wconf 88' lang='lat' dir='ltr'><strong>abs</strong></span> <span class='ocrx_word' id='word_1_408' title='bbox 3315 2731 3403 2788; x_wconf 89' lang='lat' dir='ltr'><strong>te,</strong></span> <span class='ocrx_word' id='word_1_409' title='bbox 3475 2738 3545 2776; x_wconf 83' lang='lat' dir='ltr'><strong>ne</strong></span> 
     </span>
    </p>
   </div>
   <div class='ocr_carea' id='block_1_50' title="bbox 291 2812 1639 2885">
    <p class='ocr_par' dir='ltr' id='par_1_50' title="bbox 291 2812 1639 2885">
     <span class='ocr_line' id='line_1_50' title="bbox 291 2812 1639 2885; baseline 0.001 -15"><span class='ocrx_word' id='word_1_410' title='bbox 291 2814 563 2870; x_wconf 84' lang='lat' dir='ltr'><strong>averseris</strong></span> <span class='ocrx_word' id='word_1_411' title='bbox 594 2812 657 2867; x_wconf 71' lang='grc'><strong>⁸³.</strong></span> <span class='ocrx_word' id='word_1_412' title='bbox 707 2833 725 2866; x_wconf 84' lang='grc' dir='ltr'><strong>ι</strong></span> <span class='ocrx_word' id='word_1_413' title='bbox 763 2815 872 2885; x_wconf 92' lang='lat' dir='ltr'><strong>lpsi</strong></span> <span class='ocrx_word' id='word_1_414' title='bbox 898 2815 1072 2885; x_wconf 82' lang='lat' dir='ltr'><strong>gloria</strong></span> <span class='ocrx_word' id='word_1_415' title='bbox 1108 2816 1163 2871; x_wconf 93' lang='lat' dir='ltr'><strong>in</strong></span> <span class='ocrx_word' id='word_1_416' title='bbox 1189 2819 1409 2872; x_wconf 63' lang='lat' dir='ltr'><strong>saecula.</strong></span> <span class='ocrx_word' id='word_1_417' title='bbox 1445 2816 1639 2873; x_wconf 81' lang='lat' dir='ltr'><strong>Amen.</strong></span> 
     </span>
    </p>
   </div>
   <div class='ocr_carea' id='block_1_51' title="bbox 890 2950 1264 3004">
    <p class='ocr_par' dir='ltr' id='par_1_51' title="bbox 890 2950 1264 3004">
     <span class='ocr_line' id='line_1_51' title="bbox 890 2950 1264 3004; baseline 0.003 -1"><span class='ocrx_word' id='word_1_418' title='bbox 890 2950 1111 3003; x_wconf 86' lang='grc' dir='ltr'><strong>ΛΟΓΟΣ</strong></span> <span class='ocrx_word' id='word_1_419' title='bbox 1161 2951 1264 3004; x_wconf 85' lang='grc' dir='ltr'><strong>ῙΒ’.</strong></span> 
     </span>
    </p>
   </div>
   <div class='ocr_carea' id='block_1_52' title="bbox 888 3088 1267 3156">
    <p class='ocr_par' dir='ltr' id='par_1_52' title="bbox 888 3088 1267 3156">
     <span class='ocr_line' id='line_1_52' title="bbox 888 3088 1267 3156; baseline 0 -16"><span class='ocrx_word' id='word_1_420' title='bbox 888 3088 1029 3156; x_wconf 81' lang='grc' dir='ltr'>Περὶ</span> <span class='ocrx_word' id='word_1_421' title='bbox 1052 3088 1267 3141; x_wconf 76' lang='grc' dir='ltr'>τόκων.</span> 
     </span>
    </p>
   </div>
   <div class='ocr_carea' id='block_1_53' title="bbox 363 3218 1863 3291">
    <p class='ocr_par' dir='ltr' id='par_1_53' title="bbox 363 3218 1863 3291">
     <span class='ocr_line' id='line_1_53' title="bbox 363 3218 1863 3291; baseline 0.001 -18"><span class='ocrx_word' id='word_1_422' title='bbox 363 3221 427 3274; x_wconf 78' lang='lat' dir='ltr'><strong>Oi</strong></span> <span class='ocrx_word' id='word_1_423' title='bbox 452 3220 545 3273; x_wconf 89' lang='grc' dir='ltr'><strong>τοῦ</strong></span> <span class='ocrx_word' id='word_1_424' title='bbox 584 3219 1002 3290; x_wconf 63' lang='grc' dir='ltr'>κόσμουςτούτου</span> <span class='ocrx_word' id='word_1_425' title='bbox 1032 3221 1334 3291; x_wconf 82' lang='grc' dir='ltr'>ἄνθρωποι,</span> <span class='ocrx_word' id='word_1_426' title='bbox 1366 3224 1468 3273; x_wconf 81' lang='grc' dir='ltr'><strong>οὐκ</strong></span> <span class='ocrx_word' id='word_1_427' title='bbox 1495 3218 1561 3273; x_wconf 83' lang='grc' dir='ltr'>ἂν</span> <span class='ocrx_word' id='word_1_428' title='bbox 1588 3218 1681 3273; x_wconf 88' lang='grc' dir='ltr'><strong>τοῦ</strong></span> <span class='ocrx_word' id='word_1_429' title='bbox 1708 3221 1863 3275; x_wconf 87' lang='grc' dir='ltr'>δικά-</span> 
     </span>
    </p>
   </div>
   <div class='ocr_carea' id='block_1_54' title="bbox 295 3310 1868 3383">
    <p class='ocr_par' dir='ltr' id='par_1_54' title="bbox 295 3310 1868 3383">
     <span class='ocr_line' id='line_1_54' title="bbox 295 3310 1868 3383; baseline 0.001 -20"><span class='ocrx_word' id='word_1_430' title='bbox 295 3310 487 3376; x_wconf 77' lang='grc' dir='ltr'>ζεσθαι</span> <span class='ocrx_word' id='word_1_431' title='bbox 530 3312 871 3375; x_wconf 76' lang='grc' dir='ltr'>παύσωνται,</span> <span class='ocrx_word' id='word_1_432' title='bbox 903 3314 951 3365; x_wconf 86' lang='grc' dir='ltr'><strong>εί</strong></span> <span class='ocrx_word' id='word_1_433' title='bbox 1000 3312 1075 3383; x_wconf 85' lang='grc' dir='ltr'>μὴ</span> <span class='ocrx_word' id='word_1_434' title='bbox 1106 3313 1244 3382; x_wconf 81' lang='grc' dir='ltr'>μετὰ</span> <span class='ocrx_word' id='word_1_435' title='bbox 1275 3313 1591 3381; x_wconf 85' lang='grc' dir='ltr'>προσθήκης</span> <span class='ocrx_word' id='word_1_436' title='bbox 1615 3352 1630 3374; x_wconf 90' lang='grc'><strong>,</strong></span> <span class='ocrx_word' id='word_1_437' title='bbox 1660 3313 1729 3365; x_wconf 76' lang='grc' dir='ltr'>τὰ</span> <span class='ocrx_word' id='word_1_438' title='bbox 1756 3312 1868 3364; x_wconf 87' lang='grc' dir='ltr'><strong>τῶν</strong></span> 
     </span>
    </p>
   </div>
   <div class='ocr_carea' id='block_1_55' title="bbox 294 3401 1868 3473">
    <p class='ocr_par' dir='ltr' id='par_1_55' title="bbox 294 3401 1868 3473">
     <span class='ocr_line' id='line_1_55' title="bbox 294 3401 1868 3473; baseline -0.002 -16"><span class='ocrx_word' id='word_1_439' title='bbox 294 3404 584 3472; x_wconf 75' lang='grc' dir='ltr'>ὲναγώγων</span> <span class='ocrx_word' id='word_1_440' title='bbox 605 3403 952 3456; x_wconf 81' lang='grc' dir='ltr'>ἀπολάϐωσιν</span> <span class='ocrx_word' id='word_1_441' title='bbox 973 3404 1299 3473; x_wconf 86' lang='grc' dir='ltr'>πράγματα,</span> <span class='ocrx_word' id='word_1_442' title='bbox 1330 3404 1457 3456; x_wconf 85' lang='grc' dir='ltr'>ὅταν</span> <span class='ocrx_word' id='word_1_443' title='bbox 1495 3401 1728 3472; x_wconf 88' lang='grc' dir='ltr'>μάλιστα</span> <span class='ocrx_word' id='word_1_444' title='bbox 1760 3401 1868 3471; x_wconf 77' lang='grc' dir='ltr'><strong>πρὸ</strong></span> 
     </span>
    </p>
   </div>
   <div class='ocr_carea' id='block_1_56' title="bbox 291 3494 1867 3568">
    <p class='ocr_par' dir='ltr' id='par_1_56' title="bbox 291 3494 1867 3568">
     <span class='ocr_line' id='line_1_56' title="bbox 291 3494 1867 3568; baseline -0.002 -18"><span class='ocrx_word' id='word_1_445' title='bbox 291 3496 388 3550; x_wconf 87' lang='grc' dir='ltr'><strong>τοῦ</strong></span> <span class='ocrx_word' id='word_1_446' title='bbox 417 3497 610 3568; x_wconf 79' lang='grc' dir='ltr'>χρέους</span> <span class='ocrx_word' id='word_1_447' title='bbox 635 3497 764 3560; x_wconf 81' lang='grc' dir='ltr'>τοὺς</span> <span class='ocrx_word' id='word_1_448' title='bbox 795 3496 990 3558; x_wconf 85' lang='grc' dir='ltr'>τόκους</span> <span class='ocrx_word' id='word_1_449' title='bbox 1013 3495 1373 3565; x_wconf 79' lang='grc' dir='ltr'>κομίζωνται.</span> <span class='ocrx_word' id='word_1_450' title='bbox 1403 3494 1569 3547; x_wconf 85' lang='grc' dir='ltr'>Ὥστε</span> <span class='ocrx_word' id='word_1_451' title='bbox 1609 3494 1867 3563; x_wconf 79' lang='grc' dir='ltr'>γενέσθαι</span> 
     </span>
    </p>
   </div>
   <div class='ocr_carea' id='block_1_57' title="bbox 291 3586 1869 3658">
    <p class='ocr_par' dir='ltr' id='par_1_57' title="bbox 291 3586 1869 3658">
     <span class='ocr_line' id='line_1_57' title="bbox 291 3586 1869 3658; baseline 0 -17"><span class='ocrx_word' id='word_1_452' title='bbox 291 3588 473 3641; x_wconf 81' lang='grc' dir='ltr'>αὐτῶν</span> <span class='ocrx_word' id='word_1_453' title='bbox 508 3589 571 3642; x_wconf 84' lang='grc' dir='ltr'>τὸ</span> <span class='ocrx_word' id='word_1_454' title='bbox 612 3588 821 3642; x_wconf 89' lang='grc' dir='ltr'>δίκαιον</span> <span class='ocrx_word' id='word_1_455' title='bbox 868 3586 1042 3658; x_wconf 83' lang='grc' dir='ltr'>ἀρχὴν</span> <span class='ocrx_word' id='word_1_456' title='bbox 1071 3588 1287 3649; x_wconf 84' lang='grc' dir='ltr'>ἀδικίας</span> <span class='ocrx_word' id='word_1_457' title='bbox 1339 3586 1601 3657; x_wconf 84' lang='grc' dir='ltr'>μεγάλης.</span> <span class='ocrx_word' id='word_1_458' title='bbox 1640 3588 1752 3642; x_wconf 86' lang='lat' dir='ltr'><strong>Kal</strong></span> <span class='ocrx_word' id='word_1_459' title='bbox 1779 3588 1869 3641; x_wconf 79' lang='grc' dir='ltr'>διὰ</span> 
     </span>
    </p>
   </div>
   <div class='ocr_carea' id='block_1_58' title="bbox 289 3681 1867 3752">
    <p class='ocr_par' dir='ltr' id='par_1_58' title="bbox 289 3681 1867 3752">
     <span class='ocr_line' id='line_1_58' title="bbox 289 3681 1867 3752; baseline 0 -18"><span class='ocrx_word' id='word_1_460' title='bbox 289 3681 450 3735; x_wconf 85' lang='grc' dir='ltr'>τοῦτο</span> <span class='ocrx_word' id='word_1_461' title='bbox 488 3683 536 3735; x_wconf 84' lang='grc' dir='ltr'>οἱ</span> <span class='ocrx_word' id='word_1_462' title='bbox 579 3681 903 3746; x_wconf 78' lang='grc' dir='ltr'>τοκίζοντες,</span> <span class='ocrx_word' id='word_1_463' title='bbox 938 3683 1152 3749; x_wconf 75' lang='grc' dir='ltr'>ἐναγεῖς</span> <span class='ocrx_word' id='word_1_464' title='bbox 1181 3682 1276 3734; x_wconf 81' lang='grc' dir='ltr'><strong>καὶ</strong></span> <span class='ocrx_word' id='word_1_465' title='bbox 1320 3681 1627 3752; x_wconf 87' lang='grc' dir='ltr'>ἀμείλικτοι</span> <span class='ocrx_word' id='word_1_466' title='bbox 1667 3682 1867 3749; x_wconf 80' lang='grc' dir='ltr'>ὀνομά-</span> 
     </span>
    </p>
   </div>
   <div class='ocr_carea' id='block_1_59' title="bbox 293 3771 1868 3844">
    <p class='ocr_par' dir='ltr' id='par_1_59' title="bbox 293 3771 1868 3844">
     <span class='ocr_line' id='line_1_59' title="bbox 293 3771 1868 3844; baseline -0.001 -18"><span class='ocrx_word' id='word_1_467' title='bbox 293 3771 495 3837; x_wconf 85' lang='grc' dir='ltr'>ζονται.</span> <span class='ocrx_word' id='word_1_468' title='bbox 534 3773 822 3827; x_wconf 73' lang='grc' dir='ltr'>Βδελυκτοὶ</span> <span class='ocrx_word' id='word_1_469' title='bbox 847 3774 956 3844; x_wconf 86' lang='grc' dir='ltr'><strong>γάρ</strong></span> <span class='ocrx_word' id='word_1_470' title='bbox 987 3776 1124 3826; x_wconf 88' lang='grc' dir='ltr'>είσιν</span> <span class='ocrx_word' id='word_1_471' title='bbox 1151 3773 1330 3826; x_wconf 82' lang='grc' dir='ltr'>ἔναντι</span> <span class='ocrx_word' id='word_1_472' title='bbox 1378 3774 1513 3827; x_wconf 86' lang='grc' dir='ltr'>Θεοῦ</span> <span class='ocrx_word' id='word_1_473' title='bbox 1542 3776 1635 3827; x_wconf 72' lang='grc' dir='ltr'><strong>καὶ</strong></span> <span class='ocrx_word' id='word_1_474' title='bbox 1659 3773 1868 3844; x_wconf 83' lang='grc' dir='ltr'>ἀνθρώ-</span> 
     </span>
    </p>
   </div>
   <div class='ocr_carea' id='block_1_60' title="bbox 290 3864 1864 3936">
    <p class='ocr_par' dir='ltr' id='par_1_60' title="bbox 290 3864 1864 3936">
     <span class='ocr_line' id='line_1_60' title="bbox 290 3864 1864 3936; baseline 0.001 -21"><span class='ocrx_word' id='word_1_475' title='bbox 290 3881 435 3920; x_wconf 81' lang='grc' dir='ltr'>πων.</span> <span class='ocrx_word' id='word_1_476' title='bbox 478 3865 587 3918; x_wconf 85' lang='lat' dir='ltr'><strong>Kal</strong></span> <span class='ocrx_word' id='word_1_477' title='bbox 624 3864 687 3918; x_wconf 79' lang='grc' dir='ltr'>τὸ</span> <span class='ocrx_word' id='word_1_478' title='bbox 744 3864 963 3917; x_wconf 91' lang='grc' dir='ltr'>σύνολον</span> <span class='ocrx_word' id='word_1_479' title='bbox 1012 3866 1365 3934; x_wconf 86' lang='grc' dir='ltr'>Χριστιανοῖς</span> <span class='ocrx_word' id='word_1_480' title='bbox 1410 3865 1789 3936; x_wconf 87' lang='grc' dir='ltr'>ἀπηγόρευται</span> <span class='ocrx_word' id='word_1_481' title='bbox 1831 3865 1864 3934; x_wconf 79' lang='grc' dir='ltr'><strong>ἡ</strong></span> 
     </span>
    </p>
   </div>
   <div class='ocr_carea' id='block_1_61' title="bbox 294 3958 1867 4029">
    <p class='ocr_par' dir='ltr' id='par_1_61' title="bbox 294 3958 1867 4029">
     <span class='ocr_line' id='line_1_61' title="bbox 294 3958 1867 4029; baseline -0.001 -18"><span class='ocrx_word' id='word_1_482' title='bbox 294 3958 513 4011; x_wconf 79' lang='grc' dir='ltr'>ἐπίνοια</span> <span class='ocrx_word' id='word_1_483' title='bbox 556 3958 649 4010; x_wconf 85' lang='grc' dir='ltr'><strong>τοῦ</strong></span> <span class='ocrx_word' id='word_1_484' title='bbox 694 3959 876 4012; x_wconf 85' lang='grc' dir='ltr'>τόκου.</span> <span class='ocrx_word' id='word_1_485' title='bbox 906 3958 1106 4019; x_wconf 82' lang='grc' dir='ltr'>Καθὼς</span> <span class='ocrx_word' id='word_1_486' title='bbox 1144 3975 1309 4027; x_wconf 79' lang='grc' dir='ltr'>φησιν</span> <span class='ocrx_word' id='word_1_487' title='bbox 1352 3959 1380 4011; x_wconf 87' lang='grc' dir='ltr'><strong>ὁ</strong></span> <span class='ocrx_word' id='word_1_488' title='bbox 1414 3960 1709 4029; x_wconf 69' lang='grc' dir='ltr'>Προφήτης</span> <span class='ocrx_word' id='word_1_489' title='bbox 1735 3958 1867 4027; x_wconf 76' lang='grc' dir='ltr'>περὶ</span> 
     </span>
    </p>
   </div>
   <div class='ocr_carea' id='block_1_62' title="bbox 293 4046 1868 4111">
    <p class='ocr_par' dir='ltr' id='par_1_62' title="bbox 293 4046 1868 4111">
     <span class='ocr_line' id='line_1_62' title="bbox 293 4046 1868 4111; baseline 0.002 -12"><span class='ocrx_word' id='word_1_490' title='bbox 293 4047 485 4100; x_wconf 80' lang='grc' dir='ltr'>ἀδίκου</span> <span class='ocrx_word' id='word_1_491' title='bbox 516 4048 743 4111; x_wconf 80' lang='grc' dir='ltr'>πόλεως’</span> <span class='ocrx_word' id='word_1_492' title='bbox 779 4066 799 4099; x_wconf 70' lang='grc' dir='ltr'><strong>ι</strong></span> <span class='ocrx_word' id='word_1_493' title='bbox 837 4049 948 4101; x_wconf 85' lang='grc' dir='ltr'>Οὐκ</span> <span class='ocrx_word' id='word_1_494' title='bbox 972 4046 1221 4111; x_wconf 80' lang='grc' dir='ltr'>ἐξέλιπεν</span> <span class='ocrx_word' id='word_1_495' title='bbox 1251 4051 1314 4100; x_wconf 83' lang='grc' dir='ltr'>ὲκ</span> <span class='ocrx_word' id='word_1_496' title='bbox 1340 4048 1449 4100; x_wconf 89' lang='grc' dir='ltr'><strong>τῶν</strong></span> <span class='ocrx_word' id='word_1_497' title='bbox 1472 4049 1745 4102; x_wconf 84' lang='grc' dir='ltr'>πλατειῶν</span> <span class='ocrx_word' id='word_1_498' title='bbox 1774 4051 1868 4102; x_wconf 88' lang='grc' dir='ltr'>αύ-</span> 
     </span>
    </p>
   </div>
   <div class='ocr_carea' id='block_1_63' title="bbox 292 4138 1868 4209">
    <p class='ocr_par' dir='ltr' id='par_1_63' title="bbox 292 4138 1868 4209">
     <span class='ocr_line' id='line_1_63' title="bbox 292 4138 1868 4209; baseline 0.001 -18"><span class='ocrx_word' id='word_1_499' title='bbox 292 4142 395 4207; x_wconf 78' lang='grc' dir='ltr'>τῆς</span> <span class='ocrx_word' id='word_1_500' title='bbox 442 4139 598 4201; x_wconf 84' lang='grc' dir='ltr'>τόκος</span> <span class='ocrx_word' id='word_1_501' title='bbox 633 4139 726 4191; x_wconf 73' lang='grc' dir='ltr'>καὶ</span> <span class='ocrx_word' id='word_1_502' title='bbox 772 4138 942 4200; x_wconf 84' lang='grc' dir='ltr'>δόλος.</span> <span class='ocrx_word' id='word_1_503' title='bbox 988 4157 1006 4189; x_wconf 82' lang='grc' dir='ltr'><strong>ι</strong></span> <span class='ocrx_word' id='word_1_504' title='bbox 1044 4138 1181 4209; x_wconf 78' lang='grc' dir='ltr'>Περὶ</span> <span class='ocrx_word' id='word_1_505' title='bbox 1217 4139 1273 4191; x_wconf 79' lang='grc' dir='ltr'><strong>δὲ</strong></span> <span class='ocrx_word' id='word_1_506' title='bbox 1321 4139 1417 4209; x_wconf 83' lang='grc' dir='ltr'><strong>τοῦ</strong></span> <span class='ocrx_word' id='word_1_507' title='bbox 1447 4140 1657 4192; x_wconf 87' lang='grc' dir='ltr'>δικαίου</span> <span class='ocrx_word' id='word_1_508' title='bbox 1682 4177 1697 4203; x_wconf 92' lang='grc'><strong>,</strong></span> <span class='ocrx_word' id='word_1_509' title='bbox 1734 4158 1753 4190; x_wconf 78' lang='grc' dir='ltr'><strong>ι</strong></span> <span class='ocrx_word' id='word_1_510' title='bbox 1794 4140 1868 4194; x_wconf 84' lang='grc' dir='ltr'><strong>Τδ</strong></span> 
     </span>
    </p>
   </div>
   <div class='ocr_carea' id='block_1_64' title="bbox 291 4226 1865 4301">
    <p class='ocr_par' dir='ltr' id='par_1_64' title="bbox 291 4226 1865 4301">
     <span class='ocr_line' id='line_1_64' title="bbox 291 4226 1865 4301; baseline 0.003 -21"><span class='ocrx_word' id='word_1_511' title='bbox 291 4227 558 4298; x_wconf 82' lang='grc' dir='ltr'>ἀργύριον</span> <span class='ocrx_word' id='word_1_512' title='bbox 592 4226 756 4280; x_wconf 77' lang='grc' dir='ltr'>αὐτοῦ</span> <span class='ocrx_word' id='word_1_513' title='bbox 795 4228 896 4280; x_wconf 85' lang='grc' dir='ltr'><strong>οὐκ</strong></span> <span class='ocrx_word' id='word_1_514' title='bbox 929 4227 1127 4280; x_wconf 80' lang='grc' dir='ltr'>ἔδωκεν</span> <span class='ocrx_word' id='word_1_515' title='bbox 1155 4230 1247 4282; x_wconf 75' lang='grc' dir='ltr'>ἐπὶ</span> <span class='ocrx_word' id='word_1_516' title='bbox 1284 4230 1451 4301; x_wconf 84' lang='grc' dir='ltr'>τόκῳ.</span> <span class='ocrx_word' id='word_1_517' title='bbox 1485 4250 1504 4282; x_wconf 78' lang='grc' dir='ltr'><strong>ι</strong></span> <span class='ocrx_word' id='word_1_518' title='bbox 1536 4231 1647 4283; x_wconf 90' lang='lat' dir='ltr'><strong>Kal</strong></span> <span class='ocrx_word' id='word_1_519' title='bbox 1678 4231 1865 4285; x_wconf 83' lang='grc' dir='ltr'>πάλιν·</span> 
     </span>
    </p>
   </div>
   <div class='ocr_carea' id='block_1_65' title="bbox 306 4318 1868 4391">
    <p class='ocr_par' dir='ltr' id='par_1_65' title="bbox 306 4318 1868 4391">
     <span class='ocr_line' id='line_1_65' title="bbox 306 4318 1868 4391; baseline 0.003 -22"><span class='ocrx_word' id='word_1_520' title='bbox 306 4336 326 4369; x_wconf 76' lang='grc' dir='ltr'><strong>ι</strong></span> <span class='ocrx_word' id='word_1_521' title='bbox 386 4319 475 4370; x_wconf 87' lang='grc' dir='ltr'>Ἐκ</span> <span class='ocrx_word' id='word_1_522' title='bbox 506 4318 666 4371; x_wconf 86' lang='grc' dir='ltr'>τόκου</span> <span class='ocrx_word' id='word_1_523' title='bbox 710 4319 805 4370; x_wconf 80' lang='grc' dir='ltr'><strong>καὶ</strong></span> <span class='ocrx_word' id='word_1_524' title='bbox 839 4319 894 4382; x_wconf 79' lang='grc' dir='ltr'>ἐξ</span> <span class='ocrx_word' id='word_1_525' title='bbox 928 4318 1143 4381; x_wconf 88' lang='grc' dir='ltr'>ἀδικίας</span> <span class='ocrx_word' id='word_1_526' title='bbox 1182 4318 1521 4391; x_wconf 84' lang='grc' dir='ltr'>λυτρὼσεται</span> <span class='ocrx_word' id='word_1_527' title='bbox 1550 4319 1650 4383; x_wconf 80' lang='grc' dir='ltr'>τὰς</span> <span class='ocrx_word' id='word_1_528' title='bbox 1687 4320 1868 4389; x_wconf 77' lang='grc' dir='ltr'>ψυχὰς</span> 
     </span>
    </p>
   </div>
   <div class='ocr_carea' id='block_1_66' title="bbox 294 4412 1866 4485">
    <p class='ocr_par' dir='ltr' id='par_1_66' title="bbox 294 4412 1866 4485">
     <span class='ocr_line' id='line_1_66' title="bbox 294 4412 1866 4485; baseline 0 -19"><span class='ocrx_word' id='word_1_529' title='bbox 294 4414 497 4467; x_wconf 76' lang='grc' dir='ltr'>αὐτῶν.</span> <span class='ocrx_word' id='word_1_530' title='bbox 540 4431 560 4465; x_wconf 73' lang='grc' dir='ltr'><strong>ι</strong></span> <span class='ocrx_word' id='word_1_531' title='bbox 610 4412 667 4465; x_wconf 83' lang='lat'><strong>&#39;0</strong></span> <span class='ocrx_word' id='word_1_532' title='bbox 706 4413 760 4465; x_wconf 80' lang='grc' dir='ltr'><strong>δὲ</strong></span> <span class='ocrx_word' id='word_1_533' title='bbox 792 4413 1201 4484; x_wconf 80' lang='grc' dir='ltr'>Παροιμιαστής</span> <span class='ocrx_word' id='word_1_534' title='bbox 1225 4430 1240 4444; x_wconf 85' lang='lat'><strong><em>°</em></strong></span> <span class='ocrx_word' id='word_1_535' title='bbox 1280 4434 1299 4466; x_wconf 88' lang='grc'><strong><em>‹</em></strong></span> <span class='ocrx_word' id='word_1_536' title='bbox 1347 4415 1407 4469; x_wconf 90' lang='lat'><strong>&#39;0</strong></span> <span class='ocrx_word' id='word_1_537' title='bbox 1443 4415 1732 4485; x_wconf 81' lang='grc' dir='ltr'>πληθύνων</span> <span class='ocrx_word' id='word_1_538' title='bbox 1775 4416 1866 4467; x_wconf 85' lang='grc' dir='ltr'><strong>τὸν</strong></span> 
     </span>
    </p>
   </div>
   <div class='ocr_carea' id='block_1_67' title="bbox 2528 2893 2981 3004">
    <p class='ocr_par' dir='ltr' id='par_1_67' title="bbox 2528 2893 2981 3004">
     <span class='ocr_line' id='line_1_67' title="bbox 2528 2893 2981 3004; baseline 0.004 -2"><span class='ocrx_word' id='word_1_539' title='bbox 2528 2948 2831 3004; x_wconf 81' lang='lat' dir='ltr'><strong>llOMlLlA.</strong></span> <span class='ocrx_word' id='word_1_540' title='bbox 2863 2893 2981 3004; x_wconf 55' lang='lat' dir='ltr'><strong>3i&quot;.</strong></span> 
     </span>
    </p>
   </div>
   <div class='ocr_carea' id='block_1_68' title="bbox 2467 3085 3050 3158">
    <p class='ocr_par' dir='ltr' id='par_1_68' title="bbox 2467 3085 3050 3158">
     <span class='ocr_line' id='line_1_68' title="bbox 2467 3085 3050 3158; baseline 0 -19"><span class='ocrx_word' id='word_1_541' title='bbox 2467 3085 2681 3158; x_wconf 70' lang='lat' dir='ltr'><strong>mu.</strong></span> <span class='ocrx_word' id='word_1_542' title='bbox 2715 3085 2806 3139; x_wconf 85' lang='lat' dir='ltr'><strong>-De</strong></span> <span class='ocrx_word' id='word_1_543' title='bbox 2852 3087 3050 3140; x_wconf 80' lang='lat' dir='ltr'><strong>usuris.</strong></span> 
     </span>
    </p>
   </div>
   <div class='ocr_carea' id='block_1_69' title="bbox 2040 3224 3540 3297">
    <p class='ocr_par' dir='ltr' id='par_1_69' title="bbox 2040 3224 3540 3297">
     <span class='ocr_line' id='line_1_69' title="bbox 2040 3224 3540 3297; baseline 0.002 -17"><span class='ocrx_word' id='word_1_544' title='bbox 2040 3224 2228 3280; x_wconf 80' lang='lat' dir='ltr'><strong>Mundi</strong></span> <span class='ocrx_word' id='word_1_545' title='bbox 2266 3224 2431 3295; x_wconf 85' lang='lat' dir='ltr'><strong>hujus</strong></span> <span class='ocrx_word' id='word_1_546' title='bbox 2470 3224 2723 3279; x_wconf 88' lang='lat' dir='ltr'><strong>homines</strong></span> <span class='ocrx_word' id='word_1_547' title='bbox 2770 3233 2899 3279; x_wconf 89' lang='lat' dir='ltr'><strong>ante</strong></span> <span class='ocrx_word' id='word_1_548' title='bbox 2937 3226 3230 3281; x_wconf 82' lang='lat' dir='ltr'><strong>tribunalia</strong></span> <span class='ocrx_word' id='word_1_549' title='bbox 3260 3242 3540 3297; x_wconf 86' lang='lat' dir='ltr'><strong>nunquam</strong></span> 
     </span>
    </p>
   </div>
   <div class='ocr_carea' id='block_1_70' title="bbox 1968 3317 3541 3388">
    <p class='ocr_par' dir='ltr' id='par_1_70' title="bbox 1968 3317 3541 3388">
     <span class='ocr_line' id='line_1_70' title="bbox 1968 3317 3541 3388; baseline 0.002 -17"><span class='ocrx_word' id='word_1_550' title='bbox 1968 3318 2363 3387; x_wconf 87' lang='lat' dir='ltr'><strong>conquiescent</strong></span> <span class='ocrx_word' id='word_1_551' title='bbox 2394 3326 2812 3371; x_wconf 88' lang='lat' dir='ltr'><strong>controvertere</strong></span> <span class='ocrx_word' id='word_1_552' title='bbox 2841 3326 2898 3372; x_wconf 92' lang='lat' dir='ltr'><strong>et</strong></span> <span class='ocrx_word' id='word_1_553' title='bbox 2930 3317 3057 3372; x_wconf 90' lang='lat' dir='ltr'><strong>lites</strong></span> <span class='ocrx_word' id='word_1_554' title='bbox 3090 3318 3379 3375; x_wconf 89' lang='lat' dir='ltr'><strong>intendere</strong></span> <span class='ocrx_word' id='word_1_555' title='bbox 3411 3336 3541 3388; x_wconf 28' lang='lat' dir='ltr'><strong>pros</strong></span> 
     </span>
    </p>
   </div>
   <div class='ocr_carea' id='block_1_71' title="bbox 1967 3407 3541 3478">
    <p class='ocr_par' dir='ltr' id='par_1_71' title="bbox 1967 3407 3541 3478">
     <span class='ocr_line' id='line_1_71' title="bbox 1967 3407 3541 3478; baseline 0.002 -17"><span class='ocrx_word' id='word_1_556' title='bbox 1967 3408 2151 3472; x_wconf 80' lang='lat' dir='ltr'><strong>ximis,</strong></span> <span class='ocrx_word' id='word_1_557' title='bbox 2182 3422 2427 3475; x_wconf 89' lang='lat' dir='ltr'><strong>eousque</strong></span> <span class='ocrx_word' id='word_1_558' title='bbox 2462 3407 2591 3461; x_wconf 90' lang='lat' dir='ltr'><strong>dum</strong></span> <span class='ocrx_word' id='word_1_559' title='bbox 2645 3407 2952 3461; x_wconf 83' lang='lat' dir='ltr'><strong>accesserio</strong></span> <span class='ocrx_word' id='word_1_560' title='bbox 2982 3407 3338 3476; x_wconf 87' lang='lat' dir='ltr'><strong>perfruantur</strong></span> <span class='ocrx_word' id='word_1_561' title='bbox 3392 3410 3541 3478; x_wconf 90' lang='lat' dir='ltr'><strong>quod</strong></span> 
     </span>
    </p>
   </div>
   <div class='ocr_carea' id='block_1_72' title="bbox 1968 3497 3541 3569">
    <p class='ocr_par' dir='ltr' id='par_1_72' title="bbox 1968 3497 3541 3569">
     <span class='ocr_line' id='line_1_72' title="bbox 1968 3497 3541 3569; baseline 0 -16"><span class='ocrx_word' id='word_1_562' title='bbox 1968 3508 2168 3569; x_wconf 66' lang='lat' dir='ltr'><strong>praeter</strong></span> <span class='ocrx_word' id='word_1_563' title='bbox 2213 3509 2416 3553; x_wconf 89' lang='lat' dir='ltr'><strong>sortem</strong></span> <span class='ocrx_word' id='word_1_564' title='bbox 2450 3498 2756 3568; x_wconf 85' lang='lat' dir='ltr'><strong>contingit,</strong></span> <span class='ocrx_word' id='word_1_565' title='bbox 2785 3497 2916 3551; x_wconf 90' lang='lat' dir='ltr'><strong>dum</strong></span> <span class='ocrx_word' id='word_1_566' title='bbox 2953 3497 3187 3553; x_wconf 78' lang='lat' dir='ltr'><strong>maxime</strong></span> <span class='ocrx_word' id='word_1_567' title='bbox 3217 3508 3414 3568; x_wconf 64' lang='lat' dir='ltr'><strong>prieter</strong></span> <span class='ocrx_word' id='word_1_568' title='bbox 3441 3499 3541 3553; x_wconf 84' lang='lat' dir='ltr'><strong>de-</strong></span> 
     </span>
    </p>
   </div>
   <div class='ocr_carea' id='block_1_73' title="bbox 1967 3588 3539 3659">
    <p class='ocr_par' dir='ltr' id='par_1_73' title="bbox 1967 3588 3539 3659">
     <span class='ocr_line' id='line_1_73' title="bbox 1967 3588 3539 3659; baseline 0 -15"><span class='ocrx_word' id='word_1_569' title='bbox 1967 3589 2144 3644; x_wconf 89' lang='lat' dir='ltr'><strong>hitum</strong></span> <span class='ocrx_word' id='word_1_570' title='bbox 2174 3605 2368 3644; x_wconf 85' lang='lat' dir='ltr'><strong>usuras</strong></span> <span class='ocrx_word' id='word_1_571' title='bbox 2394 3589 2695 3644; x_wconf 87' lang='lat' dir='ltr'><strong>corraduut</strong></span> <span class='ocrx_word' id='word_1_572' title='bbox 2738 3598 2793 3642; x_wconf 90' lang='lat' dir='ltr'><strong>et</strong></span> <span class='ocrx_word' id='word_1_573' title='bbox 2819 3588 3106 3658; x_wconf 86' lang='lat' dir='ltr'><strong>colligunt,</strong></span> <span class='ocrx_word' id='word_1_574' title='bbox 3135 3590 3271 3643; x_wconf 92' lang='lat' dir='ltr'><strong>adeo</strong></span> <span class='ocrx_word' id='word_1_575' title='bbox 3304 3600 3362 3643; x_wconf 92' lang='lat' dir='ltr'><strong>ut</strong></span> <span class='ocrx_word' id='word_1_576' title='bbox 3391 3590 3539 3659; x_wconf 91' lang='lat' dir='ltr'><strong>quod</strong></span> 
     </span>
    </p>
   </div>
   <div class='ocr_carea' id='block_1_74' title="bbox 1962 3678 3540 3752">
    <p class='ocr_par' dir='ltr' id='par_1_74' title="bbox 1962 3678 3540 3752">
     <span class='ocr_line' id='line_1_74' title="bbox 1962 3678 3540 3752; baseline -0.001 -17"><span class='ocrx_word' id='word_1_577' title='bbox 1962 3682 2109 3752; x_wconf 89' lang='lat' dir='ltr'><strong>juste</strong></span> <span class='ocrx_word' id='word_1_578' title='bbox 2139 3681 2207 3736; x_wconf 93' lang='lat' dir='ltr'><strong>ad</strong></span> <span class='ocrx_word' id='word_1_579' title='bbox 2240 3682 2363 3736; x_wconf 89' lang='lat' dir='ltr'><strong>illos</strong></span> <span class='ocrx_word' id='word_1_580' title='bbox 2400 3682 2676 3751; x_wconf 87' lang='lat' dir='ltr'><strong>pertinet,</strong></span> <span class='ocrx_word' id='word_1_581' title='bbox 2704 3679 3039 3749; x_wconf 88' lang='lat' dir='ltr'><strong>principium</strong></span> <span class='ocrx_word' id='word_1_582' title='bbox 3070 3678 3165 3733; x_wconf 86' lang='lat' dir='ltr'><strong>fiat</strong></span> <span class='ocrx_word' id='word_1_583' title='bbox 3189 3695 3396 3751; x_wconf 79' lang='lat' dir='ltr'><strong>magna:</strong></span> <span class='ocrx_word' id='word_1_584' title='bbox 3430 3681 3540 3734; x_wconf 87' lang='lat' dir='ltr'><strong>ini-</strong></span> 
     </span>
    </p>
   </div>
   <div class='ocr_carea' id='block_1_75' title="bbox 1967 3772 3540 3844">
    <p class='ocr_par' dir='ltr' id='par_1_75' title="bbox 1967 3772 3540 3844">
     <span class='ocr_line' id='line_1_75' title="bbox 1967 3772 3540 3844; baseline -0.002 -15"><span class='ocrx_word' id='word_1_585' title='bbox 1967 3775 2215 3840; x_wconf 87' lang='lat' dir='ltr'><strong>quitatis.</strong></span> <span class='ocrx_word' id='word_1_586' title='bbox 2256 3774 2599 3844; x_wconf 86' lang='lat' dir='ltr'><strong>Quapropter</strong></span> <span class='ocrx_word' id='word_1_587' title='bbox 2628 3772 2721 3842; x_wconf 91' lang='lat' dir='ltr'><strong>qui</strong></span> <span class='ocrx_word' id='word_1_588' title='bbox 2756 3786 2951 3825; x_wconf 87' lang='lat' dir='ltr'><strong>usuras</strong></span> <span class='ocrx_word' id='word_1_589' title='bbox 2983 3781 3262 3835; x_wconf 82' lang='lat' dir='ltr'><strong>exercent,</strong></span> <span class='ocrx_word' id='word_1_590' title='bbox 3296 3788 3405 3826; x_wconf 91' lang='lat' dir='ltr'><strong>non</strong></span> <span class='ocrx_word' id='word_1_591' title='bbox 3440 3772 3540 3826; x_wconf 87' lang='lat' dir='ltr'><strong>abs</strong></span> 
     </span>
    </p>
   </div>
   <div class='ocr_carea' id='block_1_76' title="bbox 1967 3860 3542 3932">
    <p class='ocr_par' dir='ltr' id='par_1_76' title="bbox 1967 3860 3542 3932">
     <span class='ocr_line' id='line_1_76' title="bbox 1967 3860 3542 3932; baseline -0.001 -12"><span class='ocrx_word' id='word_1_592' title='bbox 1967 3880 2025 3920; x_wconf 89' lang='lat' dir='ltr'><strong>re</strong></span> <span class='ocrx_word' id='word_1_593' title='bbox 2053 3882 2153 3920; x_wconf 89' lang='lat' dir='ltr'><strong>ceu</strong></span> <span class='ocrx_word' id='word_1_594' title='bbox 2186 3864 2556 3919; x_wconf 83' lang='lat' dir='ltr'><strong>cxsccrabiles</strong></span> <span class='ocrx_word' id='word_1_595' title='bbox 2575 3872 2632 3918; x_wconf 90' lang='lat' dir='ltr'><strong>et</strong></span> <span class='ocrx_word' id='word_1_596' title='bbox 2666 3862 2886 3932; x_wconf 90' lang='lat' dir='ltr'><strong>strigosi</strong></span> <span class='ocrx_word' id='word_1_597' title='bbox 2914 3860 3240 3915; x_wconf 89' lang='lat' dir='ltr'><strong>nominatim</strong></span> <span class='ocrx_word' id='word_1_598' title='bbox 3269 3864 3542 3932; x_wconf 86' lang='lat' dir='ltr'><strong>perstrin-</strong></span> 
     </span>
    </p>
   </div>
   <div class='ocr_carea' id='block_1_77' title="bbox 1968 3956 3543 4029">
    <p class='ocr_par' dir='ltr' id='par_1_77' title="bbox 1968 3956 3543 4029">
     <span class='ocr_line' id='line_1_77' title="bbox 1968 3956 3543 4029; baseline -0.001 -17"><span class='ocrx_word' id='word_1_599' title='bbox 1968 3967 2191 4029; x_wconf 85' lang='lat' dir='ltr'><strong>guntur.</strong></span> <span class='ocrx_word' id='word_1_600' title='bbox 2238 3959 2379 4011; x_wconf 89' lang='lat' dir='ltr'><strong>Sunt</strong></span> <span class='ocrx_word' id='word_1_601' title='bbox 2423 3958 2580 4025; x_wconf 88' lang='lat' dir='ltr'><strong>plane</strong></span> <span class='ocrx_word' id='word_1_602' title='bbox 2622 3970 2807 4009; x_wconf 87' lang='lat' dir='ltr'><strong>coram</strong></span> <span class='ocrx_word' id='word_1_603' title='bbox 2847 3957 3077 4011; x_wconf 90' lang='lat' dir='ltr'><strong>Domino</strong></span> <span class='ocrx_word' id='word_1_604' title='bbox 3119 3968 3175 4011; x_wconf 90' lang='lat' dir='ltr'><strong>et</strong></span> <span class='ocrx_word' id='word_1_605' title='bbox 3222 3956 3543 4012; x_wconf 88' lang='lat' dir='ltr'><strong>hominibus</strong></span> 
     </span>
    </p>
   </div>
   <div class='ocr_carea' id='block_1_78' title="bbox 1967 4046 3543 4116">
    <p class='ocr_par' dir='ltr' id='par_1_78' title="bbox 1967 4046 3543 4116">
     <span class='ocr_line' id='line_1_78' title="bbox 1967 4046 3543 4116; baseline 0.001 -13"><span class='ocrx_word' id='word_1_606' title='bbox 1967 4049 2365 4103; x_wconf 87' lang='lat' dir='ltr'><strong>abominationi</strong></span> <span class='ocrx_word' id='word_1_607' title='bbox 2401 4064 2415 4101; x_wconf 94' lang='lat'><strong>:</strong></span> <span class='ocrx_word' id='word_1_608' title='bbox 2451 4063 2574 4101; x_wconf 91' lang='lat' dir='ltr'><strong>cum</strong></span> <span class='ocrx_word' id='word_1_609' title='bbox 2599 4046 2652 4099; x_wconf 92' lang='lat' dir='ltr'><strong>in</strong></span> <span class='ocrx_word' id='word_1_610' title='bbox 2682 4061 2882 4116; x_wconf 84' lang='lat' dir='ltr'><strong>genere</strong></span> <span class='ocrx_word' id='word_1_611' title='bbox 2926 4048 3061 4103; x_wconf 88' lang='lat' dir='ltr'><strong>nulli</strong></span> <span class='ocrx_word' id='word_1_612' title='bbox 3092 4063 3197 4101; x_wconf 94' lang='lat' dir='ltr'><strong>non</strong></span> <span class='ocrx_word' id='word_1_613' title='bbox 3224 4047 3543 4104; x_wconf 88' lang='lat' dir='ltr'><strong>Christiano</strong></span> 
     </span>
    </p>
   </div>
   <div class='ocr_carea' id='block_1_79' title="bbox 1967 4137 3539 4207">
    <p class='ocr_par' dir='ltr' id='par_1_79' title="bbox 1967 4137 3539 4207">
     <span class='ocr_line' id='line_1_79' title="bbox 1967 4137 3539 4207; baseline 0 -13"><span class='ocrx_word' id='word_1_614' title='bbox 1967 4140 2323 4194; x_wconf 86' lang='lat' dir='ltr'><strong>interdictum</strong></span> <span class='ocrx_word' id='word_1_615' title='bbox 2358 4139 2429 4193; x_wconf 91' lang='lat' dir='ltr'><strong>sit</strong></span> <span class='ocrx_word' id='word_1_616' title='bbox 2456 4137 2692 4192; x_wconf 84' lang='lat' dir='ltr'><strong>artiﬁcio</strong></span> <span class='ocrx_word' id='word_1_617' title='bbox 2739 4139 2937 4207; x_wconf 84' lang='lat' dir='ltr'><strong>quovis</strong></span> <span class='ocrx_word' id='word_1_618' title='bbox 2964 4139 3287 4193; x_wconf 68' lang='lat' dir='ltr'><strong>exercendae</strong></span> <span class='ocrx_word' id='word_1_619' title='bbox 3316 4155 3539 4206; x_wconf 54' lang='lat' dir='ltr'><strong>usurae;</strong></span> 
     </span>
    </p>
   </div>
   <div class='ocr_carea' id='block_1_80' title="bbox 1967 4230 3538 4300">
    <p class='ocr_par' dir='ltr' id='par_1_80' title="bbox 1967 4230 3538 4300">
     <span class='ocr_line' id='line_1_80' title="bbox 1967 4230 3538 4300; baseline -0.002 -12"><span class='ocrx_word' id='word_1_620' title='bbox 1967 4233 2110 4288; x_wconf 90' lang='lat' dir='ltr'><strong>sicut</strong></span> <span class='ocrx_word' id='word_1_621' title='bbox 2129 4241 2185 4287; x_wconf 91' lang='lat' dir='ltr'><strong>et</strong></span> <span class='ocrx_word' id='word_1_622' title='bbox 2206 4233 2273 4286; x_wconf 91' lang='lat' dir='ltr'><strong>de</strong></span> <span class='ocrx_word' id='word_1_623' title='bbox 2300 4231 2489 4300; x_wconf 89' lang='lat' dir='ltr'><strong>iniqua</strong></span> <span class='ocrx_word' id='word_1_624' title='bbox 2522 4232 2614 4285; x_wconf 90' lang='lat' dir='ltr'><strong>illa</strong></span> <span class='ocrx_word' id='word_1_625' title='bbox 2646 4230 2870 4285; x_wconf 87' lang='lat' dir='ltr'><strong>civitate</strong></span> <span class='ocrx_word' id='word_1_626' title='bbox 2903 4231 2981 4283; x_wconf 89' lang='lat' dir='ltr'><strong>ait</strong></span> <span class='ocrx_word' id='word_1_627' title='bbox 3007 4231 3319 4300; x_wconf 87' lang='lat' dir='ltr'><strong>Pr0pheta:</strong></span> <span class='ocrx_word' id='word_1_628' title='bbox 3360 4251 3378 4282; x_wconf 75' lang='grc' dir='ltr'><strong>ι</strong></span> <span class='ocrx_word' id='word_1_629' title='bbox 3420 4232 3538 4286; x_wconf 87' lang='grc' dir='ltr'>Νοη</span> 
     </span>
    </p>
   </div>
   <div class='ocr_carea' id='block_1_81' title="bbox 1969 4321 3541 4394">
    <p class='ocr_par' dir='ltr' id='par_1_81' title="bbox 1969 4321 3541 4394">
     <span class='ocr_line' id='line_1_81' title="bbox 1969 4321 3541 4394; baseline -0.003 -14"><span class='ocrx_word' id='word_1_630' title='bbox 1969 4324 2173 4380; x_wconf 85' lang='lat' dir='ltr'><strong>defecit</strong></span> <span class='ocrx_word' id='word_1_631' title='bbox 2197 4323 2264 4377; x_wconf 89' lang='lat' dir='ltr'><strong>de</strong></span> <span class='ocrx_word' id='word_1_632' title='bbox 2288 4322 2484 4392; x_wconf 87' lang='lat' dir='ltr'><strong>plateis</strong></span> <span class='ocrx_word' id='word_1_633' title='bbox 2506 4324 2625 4394; x_wconf 86' lang='lat' dir='ltr'><strong>ejus</strong></span> <span class='ocrx_word' id='word_1_634' title='bbox 2654 4337 2821 4376; x_wconf 90' lang='lat' dir='ltr'><strong>usura</strong></span> <span class='ocrx_word' id='word_1_635' title='bbox 2846 4330 2903 4377; x_wconf 91' lang='lat' dir='ltr'><strong>et</strong></span> <span class='ocrx_word' id='word_1_636' title='bbox 2942 4321 3103 4376; x_wconf 91' lang='lat' dir='ltr'><strong>dolus</strong></span> <span class='ocrx_word' id='word_1_637' title='bbox 3134 4321 3199 4375; x_wconf 71' lang='lat'><strong>“.</strong></span> <span class='ocrx_word' id='word_1_638' title='bbox 3237 4342 3255 4373; x_wconf 79' lang='grc' dir='ltr'><strong>ι</strong></span> <span class='ocrx_word' id='word_1_639' title='bbox 3288 4322 3427 4378; x_wconf 89' lang='lat' dir='ltr'><strong>Cum</strong></span> <span class='ocrx_word' id='word_1_640' title='bbox 3460 4324 3541 4377; x_wconf 91' lang='lat' dir='ltr'><strong>in-</strong></span> 
     </span>
    </p>
   </div>
   <div class='ocr_carea' id='block_1_82' title="bbox 1969 4414 3539 4487">
    <p class='ocr_par' dir='ltr' id='par_1_82' title="bbox 1969 4414 3539 4487">
     <span class='ocr_line' id='line_1_82' title="bbox 1969 4414 3539 4487; baseline -0.003 -16"><span class='ocrx_word' id='word_1_641' title='bbox 1969 4418 2130 4472; x_wconf 91' lang='lat' dir='ltr'><strong>terim</strong></span> <span class='ocrx_word' id='word_1_642' title='bbox 2149 4417 2297 4487; x_wconf 92' lang='lat' dir='ltr'><strong>justo</strong></span> <span class='ocrx_word' id='word_1_643' title='bbox 2331 4415 2436 4469; x_wconf 92' lang='lat' dir='ltr'><strong>hoc</strong></span> <span class='ocrx_word' id='word_1_644' title='bbox 2455 4415 2692 4484; x_wconf 78' lang='lat' dir='ltr'><strong>elogium</strong></span> <span class='ocrx_word' id='word_1_645' title='bbox 2721 4414 2913 4468; x_wconf 88' lang='lat' dir='ltr'><strong>reddat</strong></span> <span class='ocrx_word' id='word_1_646' title='bbox 2940 4431 2953 4467; x_wconf 94' lang='lat'><strong>:</strong></span> <span class='ocrx_word' id='word_1_647' title='bbox 2989 4432 3008 4464; x_wconf 87' lang='grc'><em>‹</em></span> <span class='ocrx_word' id='word_1_648' title='bbox 3046 4414 3352 4483; x_wconf 79' lang='lat' dir='ltr'><strong>Argentum</strong></span> <span class='ocrx_word' id='word_1_649' title='bbox 3380 4429 3539 4469; x_wconf 90' lang='lat' dir='ltr'><strong>suum</strong></span> 
     </span>
    </p>
   </div>
   <div class='ocr_carea' id='block_1_83' title="bbox 293 4504 1869 4579">
    <p class='ocr_par' dir='ltr' id='par_1_83' title="bbox 293 4504 1865 4576">
     <span class='ocr_line' id='line_1_83' title="bbox 293 4504 1865 4576; baseline 0.002 -19"><span class='ocrx_word' id='word_1_650' title='bbox 293 4505 452 4558; x_wconf 83' lang='grc' dir='ltr'>τόκον</span> <span class='ocrx_word' id='word_1_651' title='bbox 473 4504 634 4557; x_wconf 80' lang='grc' dir='ltr'>αὑτοῦ</span> <span class='ocrx_word' id='word_1_652' title='bbox 657 4504 792 4573; x_wconf 86' lang='grc' dir='ltr'><strong>μετά</strong></span> <span class='ocrx_word' id='word_1_653' title='bbox 817 4506 991 4557; x_wconf 83' lang='grc' dir='ltr'>τόκων</span> <span class='ocrx_word' id='word_1_654' title='bbox 1008 4508 1102 4558; x_wconf 72' lang='grc' dir='ltr'>καὶ</span> <span class='ocrx_word' id='word_1_655' title='bbox 1123 4504 1504 4575; x_wconf 86' lang='grc' dir='ltr'>πλεονασμῶν,</span> <span class='ocrx_word' id='word_1_656' title='bbox 1523 4507 1602 4576; x_wconf 83' lang='grc' dir='ltr'>τῷ</span> <span class='ocrx_word' id='word_1_657' title='bbox 1628 4507 1865 4560; x_wconf 82' lang='grc' dir='ltr'>ὲλεοῦντι</span> 
     </span>
    </p>
   </div>
   <div class='ocr_carea' id='block_1_84' title="bbox 1971 4504 3539 4579">
    <p class='ocr_par' dir='ltr' id='par_1_84' title="bbox 1971 4507 3539 4565">
     <span class='ocr_line' id='line_1_84' title="bbox 1971 4507 3539 4565; baseline -0.003 0"><span class='ocrx_word' id='word_1_658' title='bbox 1971 4527 2080 4565; x_wconf 91' lang='lat' dir='ltr'><strong>non</strong></span> <span class='ocrx_word' id='word_1_659' title='bbox 2115 4509 2267 4563; x_wconf 92' lang='lat' dir='ltr'><strong>dedit</strong></span> <span class='ocrx_word' id='word_1_660' title='bbox 2296 4508 2365 4563; x_wconf 91' lang='lat' dir='ltr'><strong>ad</strong></span> <span class='ocrx_word' id='word_1_661' title='bbox 2398 4523 2622 4562; x_wconf 87' lang='lat' dir='ltr'><strong>usuram</strong></span> <span class='ocrx_word' id='word_1_662' title='bbox 2652 4508 2699 4539; x_wconf 76' lang='grc'>⁸⁸</span> <span class='ocrx_word' id='word_1_663' title='bbox 2745 4527 2763 4560; x_wconf 82' lang='grc' dir='ltr'><strong>ι</strong></span> <span class='ocrx_word' id='word_1_664' title='bbox 2804 4507 2938 4561; x_wconf 88' lang='lat' dir='ltr'><strong>Item</strong></span> <span class='ocrx_word' id='word_1_665' title='bbox 2978 4525 2991 4561; x_wconf 93' lang='lat'><strong>:</strong></span> <span class='ocrx_word' id='word_1_666' title='bbox 3038 4525 3056 4558; x_wconf 75' lang='grc' dir='ltr'><strong>ι</strong></span> <span class='ocrx_word' id='word_1_667' title='bbox 3094 4508 3173 4562; x_wconf 85' lang='lat' dir='ltr'><strong>Ex</strong></span> <span class='ocrx_word' id='word_1_668' title='bbox 3210 4523 3375 4561; x_wconf 90' lang='lat' dir='ltr'><strong>usura</strong></span> <span class='ocrx_word' id='word_1_669' title='bbox 3395 4517 3451 4561; x_wconf 92' lang='lat' dir='ltr'><strong>et</strong></span> <span class='ocrx_word' id='word_1_670' title='bbox 3472 4521 3539 4561; x_wconf 81' lang='lat' dir='ltr'><strong>ex</strong></span> 
     </span>
    </p>
   </div>
   <div class='ocr_carea' id='block_1_85' title="bbox 290 4596 1871 4666">
    <p class='ocr_par' dir='ltr' id='par_1_85' title="bbox 290 4596 1871 4666">
     <span class='ocr_line' id='line_1_85' title="bbox 290 4596 1871 4666; baseline 0.002 -17"><span class='ocrx_word' id='word_1_671' title='bbox 290 4596 512 4666; x_wconf 78' lang='grc' dir='ltr'>πτωχὸν</span> <span class='ocrx_word' id='word_1_672' title='bbox 568 4598 795 4661; x_wconf 83' lang='grc' dir='ltr'>συνάγει</span> <span class='ocrx_word' id='word_1_673' title='bbox 839 4598 1024 4649; x_wconf 77' lang='grc' dir='ltr'>αὐτόν.</span> <span class='ocrx_word' id='word_1_674' title='bbox 1068 4616 1085 4647; x_wconf 83' lang='grc' dir='ltr'><strong>ι</strong></span> <span class='ocrx_word' id='word_1_675' title='bbox 1126 4597 1235 4649; x_wconf 88' lang='lat' dir='ltr'><strong>Kal</strong></span> <span class='ocrx_word' id='word_1_676' title='bbox 1279 4596 1437 4661; x_wconf 86' lang='grc' dir='ltr'>ἄλλος</span> <span class='ocrx_word' id='word_1_677' title='bbox 1461 4640 1475 4664; x_wconf 94' lang='grc'><strong>,</strong></span> <span class='ocrx_word' id='word_1_678' title='bbox 1517 4618 1535 4651; x_wconf 73' lang='grc' dir='ltr'><strong>ι</strong></span> <span class='ocrx_word' id='word_1_679' title='bbox 1576 4599 1748 4651; x_wconf 88' lang='grc' dir='ltr'>Τόκον</span> <span class='ocrx_word' id='word_1_680' title='bbox 1778 4602 1871 4653; x_wconf 79' lang='grc' dir='ltr'><strong>ὲπὶ</strong></span> 
     </span>
    </p>
   </div>
   <div class='ocr_carea' id='block_1_86' title="bbox 288 4685 1868 4759">
    <p class='ocr_par' dir='ltr' id='par_1_86' title="bbox 288 4685 1868 4759">
     <span class='ocr_line' id='line_1_86' title="bbox 288 4685 1868 4759; baseline 0.003 -18"><span class='ocrx_word' id='word_1_681' title='bbox 288 4691 454 4741; x_wconf 85' lang='grc' dir='ltr'>τόκου</span> <span class='ocrx_word' id='word_1_682' title='bbox 481 4730 496 4754; x_wconf 96' lang='grc'><strong>,</strong></span> <span class='ocrx_word' id='word_1_683' title='bbox 526 4689 621 4741; x_wconf 70' lang='grc' dir='ltr'><strong>καὶ</strong></span> <span class='ocrx_word' id='word_1_684' title='bbox 645 4690 796 4743; x_wconf 83' lang='grc' dir='ltr'>δόλον</span> <span class='ocrx_word' id='word_1_685' title='bbox 829 4689 921 4742; x_wconf 77' lang='grc' dir='ltr'>ἐπὶ</span> <span class='ocrx_word' id='word_1_686' title='bbox 952 4688 1127 4743; x_wconf 87' lang='grc' dir='ltr'>δόλου.</span> <span class='ocrx_word' id='word_1_687' title='bbox 1174 4708 1191 4741; x_wconf 86' lang='grc' dir='ltr'><strong>ι</strong></span> <span class='ocrx_word' id='word_1_688' title='bbox 1222 4685 1355 4744; x_wconf 79' lang='grc' dir='ltr'>Οἶδα</span> <span class='ocrx_word' id='word_1_689' title='bbox 1400 4690 1510 4759; x_wconf 79' lang='grc' dir='ltr'>ἐγώ</span> <span class='ocrx_word' id='word_1_690' title='bbox 1553 4710 1706 4753; x_wconf 84' lang='grc' dir='ltr'>τινας</span> <span class='ocrx_word' id='word_1_691' title='bbox 1732 4734 1747 4759; x_wconf 97' lang='grc'><strong>,</strong></span> <span class='ocrx_word' id='word_1_692' title='bbox 1785 4693 1868 4746; x_wconf 82' lang='grc' dir='ltr'>ὅτι</span> 
     </span>
    </p>
   </div>
   <div class='ocr_carea' id='block_1_87' title="bbox 290 4778 1870 4851">
    <p class='ocr_par' dir='ltr' id='par_1_87' title="bbox 290 4778 1870 4851">
     <span class='ocr_line' id='line_1_87' title="bbox 290 4778 1870 4851; baseline 0.002 -19"><span class='ocrx_word' id='word_1_693' title='bbox 290 4778 384 4832; x_wconf 79' lang='grc' dir='ltr'>διὰ</span> <span class='ocrx_word' id='word_1_694' title='bbox 412 4779 471 4832; x_wconf 84' lang='grc' dir='ltr'><strong>τὸ</strong></span> <span class='ocrx_word' id='word_1_695' title='bbox 504 4779 692 4847; x_wconf 82' lang='grc' dir='ltr'>κέρδος</span> <span class='ocrx_word' id='word_1_696' title='bbox 723 4778 818 4831; x_wconf 86' lang='grc' dir='ltr'><strong>τοῦ</strong></span> <span class='ocrx_word' id='word_1_697' title='bbox 860 4779 1023 4831; x_wconf 85' lang='grc' dir='ltr'>τόκου</span> <span class='ocrx_word' id='word_1_698' title='bbox 1056 4778 1153 4831; x_wconf 80' lang='grc' dir='ltr'><strong>σὺν</strong></span> <span class='ocrx_word' id='word_1_699' title='bbox 1184 4782 1248 4850; x_wconf 78' lang='grc' dir='ltr'>τῇ</span> <span class='ocrx_word' id='word_1_700' title='bbox 1284 4780 1430 4851; x_wconf 71' lang='grc' dir='ltr'>ψυχῇ</span> <span class='ocrx_word' id='word_1_701' title='bbox 1469 4782 1562 4834; x_wconf 74' lang='grc' dir='ltr'><strong>καὶ</strong></span> <span class='ocrx_word' id='word_1_702' title='bbox 1605 4782 1666 4834; x_wconf 82' lang='grc' dir='ltr'><strong>τὸ</strong></span> <span class='ocrx_word' id='word_1_703' title='bbox 1700 4782 1870 4849; x_wconf 73' lang='grc' dir='ltr'>κεφά-</span> 
     </span>
    </p>
   </div>
   <div class='ocr_carea' id='block_1_88' title="bbox 289 4868 1871 4942">
    <p class='ocr_par' dir='ltr' id='par_1_88' title="bbox 289 4868 1871 4942">
     <span class='ocr_line' id='line_1_88' title="bbox 289 4868 1871 4942; baseline 0.001 -18"><span class='ocrx_word' id='word_1_704' title='bbox 289 4871 445 4925; x_wconf 87' lang='grc' dir='ltr'>λαιον</span> <span class='ocrx_word' id='word_1_705' title='bbox 470 4868 874 4940; x_wconf 76' lang='grc' dir='ltr'>ἐζημιώθησαν.</span> <span class='ocrx_word' id='word_1_706' title='bbox 902 4869 1092 4933; x_wconf 83' lang='grc' dir='ltr'>Ἀξίως</span> <span class='ocrx_word' id='word_1_707' title='bbox 1110 4870 1219 4939; x_wconf 88' lang='grc' dir='ltr'><strong>γάρ</strong></span> <span class='ocrx_word' id='word_1_708' title='bbox 1250 4872 1278 4923; x_wconf 91' lang='lat'><strong>6</strong></span> <span class='ocrx_word' id='word_1_709' title='bbox 1299 4871 1462 4939; x_wconf 88' lang='grc' dir='ltr'>νόμος</span> <span class='ocrx_word' id='word_1_710' title='bbox 1494 4872 1871 4942; x_wconf 86' lang='grc' dir='ltr'>παρακελεύε-</span> 
     </span>
    </p>
   </div>
   <div class='ocr_carea' id='block_1_89' title="bbox 290 4959 1867 5034">
    <p class='ocr_par' dir='ltr' id='par_1_89' title="bbox 290 4959 1867 5034">
     <span class='ocr_line' id='line_1_89' title="bbox 290 4959 1867 5034; baseline 0.001 -20"><span class='ocrx_word' id='word_1_711' title='bbox 290 4978 410 5022; x_wconf 86' lang='grc' dir='ltr'>ται,</span> <span class='ocrx_word' id='word_1_712' title='bbox 469 4961 645 5028; x_wconf 82' lang='grc' dir='ltr'>λέγων</span> <span class='ocrx_word' id='word_1_713' title='bbox 679 4978 692 4990; x_wconf 93' lang='grc'><strong>·</strong></span> <span class='ocrx_word' id='word_1_714' title='bbox 729 4980 747 5011; x_wconf 76' lang='grc' dir='ltr'><strong>ι</strong></span> <span class='ocrx_word' id='word_1_715' title='bbox 784 4960 873 5030; x_wconf 83' lang='grc' dir='ltr'>Τῷ</span> <span class='ocrx_word' id='word_1_716' title='bbox 903 4959 1117 5030; x_wconf 82' lang='grc' dir='ltr'>ἀδελφῷ</span> <span class='ocrx_word' id='word_1_717' title='bbox 1160 4977 1253 5014; x_wconf 88' lang='grc' dir='ltr'><strong>σου</strong></span> <span class='ocrx_word' id='word_1_718' title='bbox 1285 4962 1383 5014; x_wconf 81' lang='grc' dir='ltr'><strong>οὐκ</strong></span> <span class='ocrx_word' id='word_1_719' title='bbox 1405 4963 1670 5025; x_wconf 82' lang='grc' dir='ltr'>ὲκτοκιεῖς</span> <span class='ocrx_word' id='word_1_720' title='bbox 1700 4965 1867 5034; x_wconf 85' lang='grc' dir='ltr'>ἀργυ-</span> 
     </span>
    </p>
   </div>
   <div class='ocr_carea' id='block_1_90' title="bbox 297 5051 1865 5125">
    <p class='ocr_par' dir='ltr' id='par_1_90' title="bbox 297 5051 1865 5125">
     <span class='ocr_line' id='line_1_90' title="bbox 297 5051 1865 5125; baseline 0.002 -20"><span class='ocrx_word' id='word_1_721' title='bbox 297 5051 493 5125; x_wconf 78' lang='grc' dir='ltr'>ρίου,ἥ</span> <span class='ocrx_word' id='word_1_722' title='bbox 526 5051 848 5123; x_wconf 81' lang='grc' dir='ltr'>βρωμάτων,</span> <span class='ocrx_word' id='word_1_723' title='bbox 881 5052 913 5123; x_wconf 81' lang='grc' dir='ltr'>ἢ</span> <span class='ocrx_word' id='word_1_724' title='bbox 945 5052 1145 5115; x_wconf 76' lang='grc' dir='ltr'>παντὸς</span> <span class='ocrx_word' id='word_1_725' title='bbox 1179 5052 1525 5121; x_wconf 87' lang='grc' dir='ltr'>πράγματος.</span> <span class='ocrx_word' id='word_1_726' title='bbox 1568 5073 1586 5104; x_wconf 82' lang='grc' dir='ltr'><strong>ι</strong></span> <span class='ocrx_word' id='word_1_727' title='bbox 1616 5056 1727 5108; x_wconf 85' lang='lat' dir='ltr'><strong>Kal</strong></span> <span class='ocrx_word' id='word_1_728' title='bbox 1761 5056 1865 5108; x_wconf 83' lang='grc' dir='ltr'>πά-</span> 
     </span>
    </p>
   </div>
   <div class='ocr_carea' id='block_1_91' title="bbox 292 5144 1858 5219">
    <p class='ocr_par' dir='ltr' id='par_1_91' title="bbox 292 5144 1858 5219">
     <span class='ocr_line' id='line_1_91' title="bbox 292 5144 1858 5219; baseline -0.001 -20"><span class='ocrx_word' id='word_1_729' title='bbox 292 5146 403 5199; x_wconf 80' lang='grc' dir='ltr'>λιν·</span> <span class='ocrx_word' id='word_1_730' title='bbox 437 5163 456 5197; x_wconf 76' lang='grc' dir='ltr'><strong>ι</strong></span> <span class='ocrx_word' id='word_1_731' title='bbox 496 5146 569 5197; x_wconf 88' lang='grc' dir='ltr'>Τὸ</span> <span class='ocrx_word' id='word_1_732' title='bbox 590 5144 857 5216; x_wconf 83' lang='grc' dir='ltr'>ἀργύριόν</span> <span class='ocrx_word' id='word_1_733' title='bbox 887 5162 980 5197; x_wconf 90' lang='grc' dir='ltr'><strong>σου</strong></span> <span class='ocrx_word' id='word_1_734' title='bbox 1010 5146 1070 5199; x_wconf 83' lang='grc' dir='ltr'><strong>ού</strong></span> <span class='ocrx_word' id='word_1_735' title='bbox 1106 5144 1300 5209; x_wconf 82' lang='grc' dir='ltr'>δώσεις</span> <span class='ocrx_word' id='word_1_736' title='bbox 1340 5147 1436 5198; x_wconf 74' lang='grc' dir='ltr'>ἐπὶ</span> <span class='ocrx_word' id='word_1_737' title='bbox 1465 5148 1629 5219; x_wconf 84' lang='grc' dir='ltr'>τόκῳ.</span> <span class='ocrx_word' id='word_1_738' title='bbox 1678 5166 1698 5200; x_wconf 80' lang='grc' dir='ltr'><strong>ι</strong></span> <span class='ocrx_word' id='word_1_739' title='bbox 1733 5146 1858 5199; x_wconf 80' lang='grc' dir='ltr'>Καί’</span> 
     </span>
    </p>
   </div>
   <div class='ocr_carea' id='block_1_92' title="bbox 301 5234 1864 5307">
    <p class='ocr_par' dir='ltr' id='par_1_92' title="bbox 301 5234 1864 5307">
     <span class='ocr_line' id='line_1_92' title="bbox 301 5234 1864 5307; baseline 0.001 -19"><span class='ocrx_word' id='word_1_740' title='bbox 301 5255 322 5288; x_wconf 73' lang='grc' dir='ltr'><strong>ι</strong></span> <span class='ocrx_word' id='word_1_741' title='bbox 362 5236 693 5305; x_wconf 83' lang='grc' dir='ltr'>ῐῐλεονασμῷ</span> <span class='ocrx_word' id='word_1_742' title='bbox 735 5236 795 5288; x_wconf 82' lang='grc' dir='ltr'><strong>οὐ</strong></span> <span class='ocrx_word' id='word_1_743' title='bbox 834 5234 1026 5298; x_wconf 84' lang='grc' dir='ltr'>δώσεις</span> <span class='ocrx_word' id='word_1_744' title='bbox 1055 5236 1125 5288; x_wconf 85' lang='grc' dir='ltr'>τὰ</span> <span class='ocrx_word' id='word_1_745' title='bbox 1168 5236 1432 5307; x_wconf 85' lang='grc' dir='ltr'>βρώματά</span> <span class='ocrx_word' id='word_1_746' title='bbox 1476 5256 1588 5294; x_wconf 92' lang='grc' dir='ltr'>σου.</span> <span class='ocrx_word' id='word_1_747' title='bbox 1643 5258 1662 5290; x_wconf 78' lang='grc' dir='ltr'><strong>ι</strong></span> <span class='ocrx_word' id='word_1_748' title='bbox 1705 5239 1761 5293; x_wconf 88' lang='grc' dir='ltr'>Ὀ</span> <span class='ocrx_word' id='word_1_749' title='bbox 1807 5238 1864 5291; x_wconf 83' lang='grc' dir='ltr'><strong>δὲ</strong></span> 
     </span>
    </p>
   </div>
   <div class='ocr_carea' id='block_1_93' title="bbox 308 5322 1863 5395">
    <p class='ocr_par' dir='ltr' id='par_1_93' title="bbox 308 5322 1863 5395">
     <span class='ocr_line' id='line_1_93' title="bbox 308 5322 1863 5395; baseline -0.001 -16"><span class='ocrx_word' id='word_1_750' title='bbox 308 5322 739 5395; x_wconf 79' lang='grc' dir='ltr'>Ἐκκλησιαστὴς</span> <span class='ocrx_word' id='word_1_751' title='bbox 770 5324 896 5392; x_wconf 80' lang='grc' dir='ltr'>περὶ</span> <span class='ocrx_word' id='word_1_752' title='bbox 923 5325 1032 5376; x_wconf 91' lang='grc' dir='ltr'><strong>τῶν</strong></span> <span class='ocrx_word' id='word_1_753' title='bbox 1076 5325 1450 5379; x_wconf 84' lang='grc' dir='ltr'>πλουτούντων</span> <span class='ocrx_word' id='word_1_754' title='bbox 1483 5327 1547 5379; x_wconf 79' lang='grc' dir='ltr'>ὲκ</span> <span class='ocrx_word' id='word_1_755' title='bbox 1582 5326 1758 5379; x_wconf 85' lang='grc' dir='ltr'>τόκων</span> <span class='ocrx_word' id='word_1_756' title='bbox 1780 5366 1795 5390; x_wconf 89' lang='grc'><strong>,</strong></span> <span class='ocrx_word' id='word_1_757' title='bbox 1829 5326 1863 5394; x_wconf 87' lang='grc' dir='ltr'>ἢ</span> 
     </span>
    </p>
   </div>
   <div class='ocr_carea' id='block_1_94' title="bbox 292 5413 1869 5489">
    <p class='ocr_par' dir='ltr' id='par_1_94' title="bbox 292 5413 1869 5489">
     <span class='ocr_line' id='line_1_94' title="bbox 292 5413 1869 5489; baseline -0.001 -17"><span class='ocrx_word' id='word_1_758' title='bbox 292 5417 357 5480; x_wconf 74' lang='grc' dir='ltr'><strong>ἐξ</strong></span> <span class='ocrx_word' id='word_1_759' title='bbox 386 5416 609 5470; x_wconf 83' lang='grc' dir='ltr'>ἀδικιῶν</span> <span class='ocrx_word' id='word_1_760' title='bbox 636 5453 653 5477; x_wconf 86' lang='grc'><strong>,</strong></span> <span class='ocrx_word' id='word_1_761' title='bbox 693 5413 864 5477; x_wconf 79' lang='grc' dir='ltr'>οὕτως</span> <span class='ocrx_word' id='word_1_762' title='bbox 904 5415 1250 5486; x_wconf 85' lang='grc' dir='ltr'>διαγορεύει·</span> <span class='ocrx_word' id='word_1_763' title='bbox 1291 5436 1308 5468; x_wconf 79' lang='grc' dir='ltr'><strong>ι</strong></span> <span class='ocrx_word' id='word_1_764' title='bbox 1347 5419 1535 5471; x_wconf 82' lang='grc' dir='ltr'>Ἔστιν</span> <span class='ocrx_word' id='word_1_765' title='bbox 1585 5417 1869 5489; x_wconf 70' lang='grc' dir='ltr'>ἀρρωστία</span> 
     </span>
    </p>
   </div>
   <div class='ocr_carea' id='block_1_95' title="bbox 290 5506 1869 5580">
    <p class='ocr_par' dir='ltr' id='par_1_95' title="bbox 290 5506 1869 5580">
     <span class='ocr_line' id='line_1_95' title="bbox 290 5506 1869 5580; baseline -0.003 -15"><span class='ocrx_word' id='word_1_766' title='bbox 290 5509 467 5578; x_wconf 85' lang='grc' dir='ltr'>δεινὴ,</span> <span class='ocrx_word' id='word_1_767' title='bbox 494 5509 561 5580; x_wconf 70' lang='grc' dir='ltr'>ἢν</span> <span class='ocrx_word' id='word_1_768' title='bbox 582 5506 722 5563; x_wconf 76' lang='grc' dir='ltr'>εἶδον</span> <span class='ocrx_word' id='word_1_769' title='bbox 753 5510 857 5563; x_wconf 83' lang='grc' dir='ltr'><strong>ὑπὸ</strong></span> <span class='ocrx_word' id='word_1_770' title='bbox 881 5510 968 5563; x_wconf 87' lang='grc' dir='ltr'><strong>τὸν</strong></span> <span class='ocrx_word' id='word_1_771' title='bbox 998 5511 1170 5579; x_wconf 76' lang='grc' dir='ltr'>ἥλιον,</span> <span class='ocrx_word' id='word_1_772' title='bbox 1196 5509 1420 5563; x_wconf 86' lang='grc' dir='ltr'>πλοῦτον</span> <span class='ocrx_word' id='word_1_773' title='bbox 1461 5509 1869 5579; x_wconf 81' lang='grc' dir='ltr'>φυλασσόμενον</span> 
     </span>
    </p>
   </div>
   <div class='ocr_carea' id='block_1_96' title="bbox 395 5666 1581 5732">
    <p class='ocr_par' dir='ltr' id='par_1_96' title="bbox 395 5666 1581 5732">
     <span class='ocr_line' id='line_1_96' title="bbox 395 5666 1581 5732; baseline -0.001 -10"><span class='ocrx_word' id='word_1_774' title='bbox 395 5666 443 5698; x_wconf 84' lang='grc'><strong>⁸⁵</strong></span> <span class='ocrx_word' id='word_1_775' title='bbox 474 5667 643 5722; x_wconf 75' lang='lat' dir='ltr'><strong>Eccli.</strong></span> <span class='ocrx_word' id='word_1_776' title='bbox 672 5684 818 5732; x_wconf 75' lang='lat' dir='ltr'><strong>xxrx,</strong></span> <span class='ocrx_word' id='word_1_777' title='bbox 853 5668 935 5721; x_wconf 68' lang='lat'><strong>12.</strong></span> <span class='ocrx_word' id='word_1_778' title='bbox 1035 5667 1080 5700; x_wconf 83' lang='grc'>³⁸</span> <span class='ocrx_word' id='word_1_779' title='bbox 1108 5668 1276 5723; x_wconf 86' lang='lat' dir='ltr'><strong>Eccli.</strong></span> <span class='ocrx_word' id='word_1_780' title='bbox 1300 5685 1461 5729; x_wconf 77' lang='lat' dir='ltr'><strong>xxxv,</strong></span> <span class='ocrx_word' id='word_1_781' title='bbox 1491 5668 1581 5721; x_wconf 75' lang='lat'><strong>26.</strong></span> 
     </span>
    </p>
   </div>
   <div class='ocr_carea' id='block_1_97' title="bbox 288 5738 764 5799">
    <p class='ocr_par' dir='ltr' id='par_1_97' title="bbox 288 5738 764 5799">
     <span class='ocr_line' id='line_1_97' title="bbox 288 5738 764 5799; baseline -0.002 -8"><span class='ocrx_word' id='word_1_782' title='bbox 288 5753 398 5799; x_wconf 80' lang='lat' dir='ltr'><strong>.vn,</strong></span> <span class='ocrx_word' id='word_1_783' title='bbox 422 5739 473 5792; x_wconf 90' lang='lat'><strong>9.</strong></span> <span class='ocrx_word' id='word_1_784' title='bbox 553 5738 594 5768; x_wconf 77' lang='lat'>“</span> <span class='ocrx_word' id='word_1_785' title='bbox 625 5738 764 5791; x_wconf 85' lang='lat' dir='ltr'><strong>ibid.</strong></span> 
     </span>
    </p>
   </div>
   <div class='ocr_carea' id='block_1_98' title="bbox 293 5808 1721 5874">
    <p class='ocr_par' dir='ltr' id='par_1_98' title="bbox 293 5808 1721 5874">
     <span class='ocr_line' id='line_1_98' title="bbox 293 5808 1721 5874; baseline -0.001 -10"><span class='ocrx_word' id='word_1_786' title='bbox 293 5809 345 5841; x_wconf 69' lang='grc' dir='ltr'>δ’</span> <span class='ocrx_word' id='word_1_787' title='bbox 380 5810 539 5864; x_wconf 83' lang='lat' dir='ltr'><strong>Prov.</strong></span> <span class='ocrx_word' id='word_1_788' title='bbox 574 5825 753 5873; x_wconf 73' lang='lat' dir='ltr'><strong>xxvm,</strong></span> <span class='ocrx_word' id='word_1_789' title='bbox 783 5811 836 5866; x_wconf 88' lang='lat'><strong>8.</strong></span> <span class='ocrx_word' id='word_1_790' title='bbox 914 5809 958 5841; x_wconf 62' lang='grc'><strong>⁸⁸</strong></span> <span class='ocrx_word' id='word_1_791' title='bbox 988 5808 1121 5862; x_wconf 86' lang='lat' dir='ltr'><strong>ibid.</strong></span> <span class='ocrx_word' id='word_1_792' title='bbox 1200 5811 1243 5840; x_wconf 63' lang='grc' dir='ltr'><strong>⁵ο</strong></span> <span class='ocrx_word' id='word_1_793' title='bbox 1274 5809 1431 5862; x_wconf 87' lang='lat' dir='ltr'><strong>Deut.</strong></span> <span class='ocrx_word' id='word_1_794' title='bbox 1459 5824 1605 5874; x_wconf 72' lang='lat' dir='ltr'><strong>um,</strong></span> <span class='ocrx_word' id='word_1_795' title='bbox 1636 5808 1721 5863; x_wconf 87' lang='grc'>19.</span> 
     </span>
    </p>
   </div>
   <div class='ocr_carea' id='block_1_99' title="bbox 1694 5666 2183 5723">
    <p class='ocr_par' dir='ltr' id='par_1_99' title="bbox 1694 5666 2183 5723">
     <span class='ocr_line' id='line_1_99' title="bbox 1694 5666 2183 5723; baseline -0.006 -2"><span class='ocrx_word' id='word_1_796' title='bbox 1694 5668 1735 5699; x_wconf 85' lang='grc'><strong>³⁷</strong></span> <span class='ocrx_word' id='word_1_797' title='bbox 1762 5668 1923 5721; x_wconf 79' lang='lat' dir='ltr'><strong>Rom.</strong></span> <span class='ocrx_word' id='word_1_798' title='bbox 1946 5682 2096 5723; x_wconf 85' lang='lat' dir='ltr'><strong>xvm.</strong></span> <span class='ocrx_word' id='word_1_799' title='bbox 2132 5666 2183 5719; x_wconf 92' lang='lat'><strong>8.</strong></span> 
     </span>
    </p>
   </div>
   <div class='ocr_carea' id='block_1_100' title="bbox 849 5737 2349 5872">
    <p class='ocr_par' dir='ltr' id='par_1_100' title="bbox 849 5737 2349 5872">
     <span class='ocr_line' id='line_1_100' title="bbox 849 5737 2349 5801; baseline -0.002 -10"><span class='ocrx_word' id='word_1_800' title='bbox 849 5738 892 5770; x_wconf 65' lang='grc' dir='ltr'><strong>δ’</strong></span> <span class='ocrx_word' id='word_1_801' title='bbox 925 5738 941 5791; x_wconf 98' lang='lat'><strong><em>|</em></strong></span> <span class='ocrx_word' id='word_1_802' title='bbox 972 5739 1132 5793; x_wconf 83' lang='lat' dir='ltr'><strong>Joan.</strong></span> <span class='ocrx_word' id='word_1_803' title='bbox 1170 5755 1247 5797; x_wconf 86' lang='grc' dir='ltr'>ιιι,</span> <span class='ocrx_word' id='word_1_804' title='bbox 1276 5740 1362 5792; x_wconf 90' lang='grc'>17.</span> <span class='ocrx_word' id='word_1_805' title='bbox 1436 5740 1481 5769; x_wconf 69' lang='grc'>⁸³</span> <span class='ocrx_word' id='word_1_806' title='bbox 1518 5738 1655 5792; x_wconf 88' lang='lat' dir='ltr'><strong>Luc.</strong></span> <span class='ocrx_word' id='word_1_807' title='bbox 1683 5754 1758 5801; x_wconf 70' lang='grc' dir='ltr'>γι,</span> <span class='ocrx_word' id='word_1_808' title='bbox 1794 5737 1885 5790; x_wconf 81' lang='grc'><strong>50.</strong></span> <span class='ocrx_word' id='word_1_809' title='bbox 1967 5737 2013 5768; x_wconf 65' lang='grc'><strong>’⁸⁸</strong></span> <span class='ocrx_word' id='word_1_810' title='bbox 2036 5737 2176 5790; x_wconf 80' lang='lat' dir='ltr'><strong>Psal.</strong></span> <span class='ocrx_word' id='word_1_811' title='bbox 2214 5753 2349 5797; x_wconf 73' lang='grc' dir='ltr'><strong>ιιν,Δ</strong></span> 
     </span>
     <span class='ocr_line' id='line_1_101' title="bbox 914 5807 2349 5872; baseline -0.001 -10"><span class='ocrx_word' id='word_1_812' title='bbox 914 5809 958 5841; x_wconf 62' lang='grc'><strong>⁵⁸</strong></span> <span class='ocrx_word' id='word_1_813' title='bbox 988 5808 1121 5862; x_wconf 86' lang='lat' dir='ltr'><strong>ibid.</strong></span> <span class='ocrx_word' id='word_1_814' title='bbox 1200 5811 1243 5840; x_wconf 63' lang='grc' dir='ltr'><strong>⁵ο</strong></span> <span class='ocrx_word' id='word_1_815' title='bbox 1274 5809 1431 5862; x_wconf 87' lang='lat' dir='ltr'><strong>Deut.</strong></span> <span class='ocrx_word' id='word_1_816' title='bbox 1459 5824 1605 5872; x_wconf 72' lang='lat' dir='ltr'><strong>um,</strong></span> <span class='ocrx_word' id='word_1_817' title='bbox 1636 5808 1721 5863; x_wconf 87' lang='grc'>19.</span> <span class='ocrx_word' id='word_1_818' title='bbox 1829 5808 1874 5839; x_wconf 81' lang='grc'>⁸⁰</span> <span class='ocrx_word' id='word_1_819' title='bbox 1902 5807 2077 5863; x_wconf 69' lang='lat' dir='ltr'><strong>Lavit.</strong></span> <span class='ocrx_word' id='word_1_820' title='bbox 2109 5824 2232 5872; x_wconf 76' lang='lat' dir='ltr'><strong>xxv,</strong></span> <span class='ocrx_word' id='word_1_821' title='bbox 2263 5809 2349 5863; x_wconf 80' lang='grc'><strong>57.</strong></span> 
     </span>
    </p>
   </div>
   <div class='ocr_carea' id='block_1_101' title="bbox 1968 4600 3538 4673">
    <p class='ocr_par' dir='ltr' id='par_1_101' title="bbox 1968 4600 3538 4673">
     <span class='ocr_line' id='line_1_102' title="bbox 1968 4600 3538 4673; baseline -0.003 -17"><span class='ocrx_word' id='word_1_822' title='bbox 1968 4603 2259 4673; x_wconf 89' lang='lat' dir='ltr'><strong>iniquitate</strong></span> <span class='ocrx_word' id='word_1_823' title='bbox 2286 4601 2525 4656; x_wconf 87' lang='lat' dir='ltr'><strong>redimet</strong></span> <span class='ocrx_word' id='word_1_824' title='bbox 2550 4601 2760 4654; x_wconf 83' lang='lat' dir='ltr'><strong>animas</strong></span> <span class='ocrx_word' id='word_1_825' title='bbox 2781 4615 2974 4655; x_wconf 85' lang='lat' dir='ltr'><strong>eorum</strong></span> <span class='ocrx_word' id='word_1_826' title='bbox 3002 4601 3068 4654; x_wconf 73' lang='grc'><strong>⁸⁸.</strong></span> <span class='ocrx_word' id='word_1_827' title='bbox 3104 4618 3123 4651; x_wconf 79' lang='grc' dir='ltr'><strong>ι</strong></span> <span class='ocrx_word' id='word_1_828' title='bbox 3153 4600 3538 4654; x_wconf 69' lang='grc' dir='ltr'>Ρατωῐηίοειεε</span> 
     </span>
    </p>
   </div>
   <div class='ocr_carea' id='block_1_102' title="bbox 1969 4691 3539 4765">
    <p class='ocr_par' dir='ltr' id='par_1_102' title="bbox 1969 4691 3539 4765">
     <span class='ocr_line' id='line_1_103' title="bbox 1969 4691 3539 4765; baseline -0.003 -16"><span class='ocrx_word' id='word_1_829' title='bbox 1969 4710 2223 4765; x_wconf 85' lang='lat' dir='ltr'><strong>quoque:</strong></span> <span class='ocrx_word' id='word_1_830' title='bbox 2258 4713 2277 4745; x_wconf 79' lang='grc' dir='ltr'><strong>ι</strong></span> <span class='ocrx_word' id='word_1_831' title='bbox 2315 4693 2420 4760; x_wconf 84' lang='lat' dir='ltr'><strong>Qui</strong></span> <span class='ocrx_word' id='word_1_832' title='bbox 2445 4693 2777 4759; x_wconf 84' lang='lat' dir='ltr'><strong>multiplicat</strong></span> <span class='ocrx_word' id='word_1_833' title='bbox 2799 4692 3021 4746; x_wconf 81' lang='lat' dir='ltr'><strong>divitias</strong></span> <span class='ocrx_word' id='word_1_834' title='bbox 3052 4708 3182 4747; x_wconf 89' lang='lat' dir='ltr'><strong>suas</strong></span> <span class='ocrx_word' id='word_1_835' title='bbox 3199 4707 3324 4751; x_wconf 90' lang='lat' dir='ltr'><strong>cum</strong></span> <span class='ocrx_word' id='word_1_836' title='bbox 3357 4691 3539 4745; x_wconf 90' lang='lat' dir='ltr'><strong>usuris</strong></span> 
     </span>
    </p>
   </div>
   <div class='ocr_carea' id='block_1_103' title="bbox 1967 4778 3538 4849">
    <p class='ocr_par' dir='ltr' id='par_1_103' title="bbox 1967 4778 3538 4849">
     <span class='ocr_line' id='line_1_104' title="bbox 1967 4778 3538 4849; baseline -0.004 -13"><span class='ocrx_word' id='word_1_837' title='bbox 1967 4790 2025 4836; x_wconf 92' lang='lat' dir='ltr'><strong>et</strong></span> <span class='ocrx_word' id='word_1_838' title='bbox 2050 4781 2423 4843; x_wconf 81' lang='lat' dir='ltr'><strong>abundantiis,</strong></span> <span class='ocrx_word' id='word_1_839' title='bbox 2460 4779 2649 4848; x_wconf 89' lang='lat' dir='ltr'><strong>utique</strong></span> <span class='ocrx_word' id='word_1_840' title='bbox 2672 4779 2723 4833; x_wconf 92' lang='lat' dir='ltr'><strong>ei</strong></span> <span class='ocrx_word' id='word_1_841' title='bbox 2751 4788 3045 4849; x_wconf 82' lang='lat' dir='ltr'><strong>congregat</strong></span> <span class='ocrx_word' id='word_1_842' title='bbox 3069 4779 3162 4849; x_wconf 91' lang='lat' dir='ltr'><strong>qui</strong></span> <span class='ocrx_word' id='word_1_843' title='bbox 3190 4778 3538 4834; x_wconf 88' lang='lat' dir='ltr'><strong>miserebitur</strong></span> 
     </span>
    </p>
   </div>
   <div class='ocr_carea' id='block_1_104' title="bbox 1969 4869 3539 4941">
    <p class='ocr_par' dir='ltr' id='par_1_104' title="bbox 1969 4869 3539 4941">
     <span class='ocr_line' id='line_1_105' title="bbox 1969 4869 3539 4941; baseline -0.003 -14"><span class='ocrx_word' id='word_1_844' title='bbox 1969 4872 2228 4941; x_wconf 87' lang='lat' dir='ltr'><strong>pauperis</strong></span> <span class='ocrx_word' id='word_1_845' title='bbox 2272 4872 2339 4924; x_wconf 81' lang='lat'><strong>&quot;.</strong></span> <span class='ocrx_word' id='word_1_846' title='bbox 2378 4890 2396 4921; x_wconf 81' lang='grc' dir='ltr'><strong>ι</strong></span> <span class='ocrx_word' id='word_1_847' title='bbox 2438 4871 2572 4924; x_wconf 86' lang='lat' dir='ltr'><strong>Item</strong></span> <span class='ocrx_word' id='word_1_848' title='bbox 2608 4887 2620 4923; x_wconf 93' lang='lat'><strong>:</strong></span> <span class='ocrx_word' id='word_1_849' title='bbox 2651 4887 2670 4919; x_wconf 89' lang='grc'><strong>‹</strong></span> <span class='ocrx_word' id='word_1_850' title='bbox 2717 4869 2951 4924; x_wconf 89' lang='lat' dir='ltr'><strong>Usuram</strong></span> <span class='ocrx_word' id='word_1_851' title='bbox 2985 4885 3151 4938; x_wconf 88' lang='lat' dir='ltr'><strong>super</strong></span> <span class='ocrx_word' id='word_1_852' title='bbox 3183 4885 3403 4924; x_wconf 86' lang='lat' dir='ltr'><strong>usuram</strong></span> <span class='ocrx_word' id='word_1_853' title='bbox 3431 4909 3444 4932; x_wconf 87' lang='lat'><strong>,</strong></span> <span class='ocrx_word' id='word_1_854' title='bbox 3484 4878 3539 4922; x_wconf 87' lang='lat' dir='ltr'><strong>et</strong></span> 
     </span>
    </p>
   </div>
   <div class='ocr_carea' id='block_1_105' title="bbox 1971 4957 3538 5028">
    <p class='ocr_par' dir='ltr' id='par_1_105' title="bbox 1971 4957 3538 5028">
     <span class='ocr_line' id='line_1_106' title="bbox 1971 4957 3538 5028; baseline -0.003 -13"><span class='ocrx_word' id='word_1_855' title='bbox 1971 4960 2159 5028; x_wconf 90' lang='lat' dir='ltr'><strong>dolum</strong></span> <span class='ocrx_word' id='word_1_856' title='bbox 2190 4974 2357 5027; x_wconf 87' lang='lat' dir='ltr'><strong>super</strong></span> <span class='ocrx_word' id='word_1_857' title='bbox 2398 4957 2585 5011; x_wconf 91' lang='lat' dir='ltr'><strong>dolum</strong></span> <span class='ocrx_word' id='word_1_858' title='bbox 2626 4958 2692 5012; x_wconf 70' lang='grc'><strong>⁸³.</strong></span> <span class='ocrx_word' id='word_1_859' title='bbox 2736 4978 2754 5010; x_wconf 82' lang='grc' dir='ltr'><strong>ι</strong></span> <span class='ocrx_word' id='word_1_860' title='bbox 2784 4958 2921 5012; x_wconf 88' lang='lat' dir='ltr'><strong>Novi</strong></span> <span class='ocrx_word' id='word_1_861' title='bbox 2944 4973 3046 5028; x_wconf 88' lang='lat' dir='ltr'><strong>ego</strong></span> <span class='ocrx_word' id='word_1_862' title='bbox 3074 4958 3285 5027; x_wconf 91' lang='lat' dir='ltr'><strong>aliquot</strong></span> <span class='ocrx_word' id='word_1_863' title='bbox 3317 4958 3410 5027; x_wconf 91' lang='lat' dir='ltr'><strong>qui</strong></span> <span class='ocrx_word' id='word_1_864' title='bbox 3439 4973 3538 5027; x_wconf 90' lang='lat' dir='ltr'><strong>per</strong></span> 
     </span>
    </p>
   </div>
   <div class='ocr_carea' id='block_1_106' title="bbox 1970 5026 3540 5117">
    <p class='ocr_par' dir='ltr' id='par_1_106' title="bbox 1970 5026 3540 5117">
     <span class='ocr_line' id='line_1_107' title="bbox 1970 5026 3540 5117; baseline -0.001 -14"><span class='ocrx_word' id='word_1_865' title='bbox 1970 5026 2321 5104; x_wconf 17' lang='lat' dir='ltr'><strong>immddicaim</strong></span> <span class='ocrx_word' id='word_1_866' title='bbox 2351 5048 2667 5102; x_wconf 84' lang='lat' dir='ltr'><strong>aviditatem</strong></span> <span class='ocrx_word' id='word_1_867' title='bbox 2698 5048 2863 5113; x_wconf 88' lang='lat' dir='ltr'><strong>lucri,</strong></span> <span class='ocrx_word' id='word_1_868' title='bbox 2901 5026 3102 5117; x_wconf 51' lang='lat' dir='ltr'><strong>praiter</strong></span> <span class='ocrx_word' id='word_1_869' title='bbox 3141 5026 3540 5103; x_wconf 52' lang='lat' dir='ltr'><strong>animaidetri-</strong></span> 
     </span>
    </p>
   </div>
   <div class='ocr_carea' id='block_1_107' title="bbox 1969 5142 3534 5211">
    <p class='ocr_par' dir='ltr' id='par_1_107' title="bbox 1969 5142 3534 5211">
     <span class='ocr_line' id='line_1_108' title="bbox 1969 5142 3534 5211; baseline -0.001 -14"><span class='ocrx_word' id='word_1_870' title='bbox 1969 5150 2238 5207; x_wconf 87' lang='lat' dir='ltr'><strong>mentum,</strong></span> <span class='ocrx_word' id='word_1_871' title='bbox 2296 5152 2502 5196; x_wconf 88' lang='lat' dir='ltr'><strong>sortem</strong></span> <span class='ocrx_word' id='word_1_872' title='bbox 2556 5142 2783 5196; x_wconf 69' lang='lat' dir='ltr'><strong>elocata:</strong></span> <span class='ocrx_word' id='word_1_873' title='bbox 2826 5142 3076 5210; x_wconf 85' lang='lat' dir='ltr'><strong>pecuniae</strong></span> <span class='ocrx_word' id='word_1_874' title='bbox 3114 5142 3474 5211; x_wconf 88' lang='lat' dir='ltr'><strong>perdiderunt</strong></span> <span class='ocrx_word' id='word_1_875' title='bbox 3520 5161 3534 5195; x_wconf 94' lang='lat'><strong>:</strong></span> 
     </span>
    </p>
   </div>
   <div class='ocr_carea' id='block_1_108' title="bbox 1966 5233 3536 5305">
    <p class='ocr_par' dir='ltr' id='par_1_108' title="bbox 1966 5233 3536 5305">
     <span class='ocr_line' id='line_1_109' title="bbox 1966 5233 3536 5305; baseline -0.001 -17"><span class='ocrx_word' id='word_1_876' title='bbox 1966 5234 2132 5305; x_wconf 86' lang='lat' dir='ltr'><strong>digne</strong></span> <span class='ocrx_word' id='word_1_877' title='bbox 2187 5234 2454 5304; x_wconf 91' lang='lat' dir='ltr'><strong>quidem,</strong></span> <span class='ocrx_word' id='word_1_878' title='bbox 2516 5248 2643 5289; x_wconf 90' lang='lat' dir='ltr'><strong>cum</strong></span> <span class='ocrx_word' id='word_1_879' title='bbox 2694 5234 2779 5288; x_wconf 83' lang='lat' dir='ltr'><strong>lex</strong></span> <span class='ocrx_word' id='word_1_880' title='bbox 2844 5234 3199 5302; x_wconf 64' lang='lat' dir='ltr'><strong>praescribat,</strong></span> <span class='ocrx_word' id='word_1_881' title='bbox 3269 5233 3458 5287; x_wconf 90' lang='lat' dir='ltr'><strong>dicens</strong></span> <span class='ocrx_word' id='word_1_882' title='bbox 3521 5249 3536 5286; x_wconf 91' lang='lat'><strong>:</strong></span> 
     </span>
    </p>
   </div>
   <div class='ocr_carea' id='block_1_109' title="bbox 1976 5325 3537 5394">
    <p class='ocr_par' dir='ltr' id='par_1_109' title="bbox 1976 5325 3537 5394">
     <span class='ocr_line' id='line_1_110' title="bbox 1976 5325 3537 5394; baseline -0.001 -16"><span class='ocrx_word' id='word_1_883' title='bbox 1976 5347 1993 5378; x_wconf 75' lang='grc' dir='ltr'><strong>ι</strong></span> <span class='ocrx_word' id='word_1_884' title='bbox 2034 5327 2212 5381; x_wconf 83' lang='lat' dir='ltr'><strong>Fratri</strong></span> <span class='ocrx_word' id='word_1_885' title='bbox 2280 5334 2379 5381; x_wconf 92' lang='lat' dir='ltr'><strong>tuo</strong></span> <span class='ocrx_word' id='word_1_886' title='bbox 2450 5342 2561 5381; x_wconf 91' lang='lat' dir='ltr'><strong>non</strong></span> <span class='ocrx_word' id='word_1_887' title='bbox 2634 5325 2792 5380; x_wconf 87' lang='lat' dir='ltr'><strong>dabis</strong></span> <span class='ocrx_word' id='word_1_888' title='bbox 2840 5326 2907 5380; x_wconf 92' lang='lat' dir='ltr'><strong>ad</strong></span> <span class='ocrx_word' id='word_1_889' title='bbox 2955 5341 3176 5379; x_wconf 89' lang='lat' dir='ltr'><strong>usuram</strong></span> <span class='ocrx_word' id='word_1_890' title='bbox 3224 5333 3537 5394; x_wconf 83' lang='lat' dir='ltr'><strong>argentum,</strong></span> 
     </span>
    </p>
   </div>
   <div class='ocr_carea' id='block_1_110' title="bbox 1969 5416 3535 5487">
    <p class='ocr_par' dir='ltr' id='par_1_110' title="bbox 1969 5416 3535 5487">
     <span class='ocr_line' id='line_1_111' title="bbox 1969 5416 3535 5487; baseline -0.003 -15"><span class='ocrx_word' id='word_1_891' title='bbox 1969 5434 2080 5472; x_wconf 90' lang='lat' dir='ltr'><strong>non</strong></span> <span class='ocrx_word' id='word_1_892' title='bbox 2132 5416 2304 5482; x_wconf 87' lang='lat' dir='ltr'><strong>cibos,</strong></span> <span class='ocrx_word' id='word_1_893' title='bbox 2351 5428 2448 5473; x_wconf 89' lang='lat' dir='ltr'><strong>aut</strong></span> <span class='ocrx_word' id='word_1_894' title='bbox 2495 5433 2610 5471; x_wconf 88' lang='lat' dir='ltr'><strong>rem</strong></span> <span class='ocrx_word' id='word_1_895' title='bbox 2662 5433 3048 5487; x_wconf 86' lang='lat' dir='ltr'><strong>quamcunque</strong></span> <span class='ocrx_word' id='word_1_896' title='bbox 3075 5418 3140 5471; x_wconf 72' lang='lat'><strong>&quot;.</strong></span> <span class='ocrx_word' id='word_1_897' title='bbox 3202 5435 3221 5468; x_wconf 77' lang='grc' dir='ltr'><strong>ι</strong></span> <span class='ocrx_word' id='word_1_898' title='bbox 3271 5416 3481 5470; x_wconf 82' lang='lat' dir='ltr'><strong>Rursus</strong></span> <span class='ocrx_word' id='word_1_899' title='bbox 3521 5454 3535 5467; x_wconf 92' lang='lat'><strong>.</strong></span> 
     </span>
    </p>
   </div>
   <div class='ocr_carea' id='block_1_111' title="bbox 1980 5503 3535 5579">
    <p class='ocr_par' dir='ltr' id='par_1_111' title="bbox 1980 5503 3535 5579">
     <span class='ocr_line' id='line_1_112' title="bbox 1980 5503 3535 5579; baseline -0.003 -17"><span class='ocrx_word' id='word_1_900' title='bbox 1980 5529 2000 5561; x_wconf 83' lang='grc'><strong><em>‹</em></strong></span> <span class='ocrx_word' id='word_1_901' title='bbox 2045 5510 2346 5579; x_wconf 81' lang='lat' dir='ltr'><strong>Argentum</strong></span> <span class='ocrx_word' id='word_1_902' title='bbox 2381 5519 2535 5565; x_wconf 91' lang='lat' dir='ltr'><strong>tuum</strong></span> <span class='ocrx_word' id='word_1_903' title='bbox 2567 5525 2675 5563; x_wconf 92' lang='lat' dir='ltr'><strong>non</strong></span> <span class='ocrx_word' id='word_1_904' title='bbox 2707 5509 2865 5564; x_wconf 89' lang='lat' dir='ltr'><strong>dabis</strong></span> <span class='ocrx_word' id='word_1_905' title='bbox 2898 5509 2965 5563; x_wconf 89' lang='lat' dir='ltr'><strong>ad</strong></span> <span class='ocrx_word' id='word_1_906' title='bbox 3006 5523 3227 5562; x_wconf 87' lang='lat' dir='ltr'><strong>usuram</strong></span> <span class='ocrx_word' id='word_1_907' title='bbox 3259 5508 3326 5562; x_wconf 76' lang='grc'><strong>⁸⁸.</strong></span> <span class='ocrx_word' id='word_1_908' title='bbox 3366 5524 3383 5557; x_wconf 79' lang='grc' dir='ltr'><strong>ι</strong></span> <span class='ocrx_word' id='word_1_909' title='bbox 3422 5503 3490 5560; x_wconf 83' lang='grc' dir='ltr'>Ει</span> <span class='ocrx_word' id='word_1_910' title='bbox 3521 5524 3535 5558; x_wconf 89' lang='lat'><strong>:</strong></span> 
     </span>
    </p>
   </div>
   <div class='ocr_carea' id='block_1_112' title="bbox 2286 5663 3533 5732">
    <p class='ocr_par' dir='ltr' id='par_1_112' title="bbox 2286 5663 3533 5732">
     <span class='ocr_line' id='line_1_113' title="bbox 2286 5663 3533 5732; baseline -0.002 -12"><span class='ocrx_word' id='word_1_911' title='bbox 2286 5667 2329 5699; x_wconf 81' lang='grc'><strong>³⁸</strong></span> <span class='ocrx_word' id='word_1_912' title='bbox 2362 5667 2493 5721; x_wconf 89' lang='lat' dir='ltr'><strong>ibid.</strong></span> <span class='ocrx_word' id='word_1_913' title='bbox 2539 5668 2621 5721; x_wconf 75' lang='grc'>15.</span> <span class='ocrx_word' id='word_1_914' title='bbox 2727 5668 2768 5699; x_wconf 75' lang='grc'>³³</span> <span class='ocrx_word' id='word_1_915' title='bbox 2791 5669 2897 5724; x_wconf 90' lang='lat' dir='ltr'><strong>Tit.</strong></span> <span class='ocrx_word' id='word_1_916' title='bbox 2928 5684 3004 5732; x_wconf 85' lang='grc' dir='ltr'>ιιι,</span> <span class='ocrx_word' id='word_1_917' title='bbox 3040 5668 3123 5720; x_wconf 76' lang='grc'>14.</span> <span class='ocrx_word' id='word_1_918' title='bbox 3228 5665 3273 5696; x_wconf 72' lang='grc'>⁸⁰</span> <span class='ocrx_word' id='word_1_919' title='bbox 3303 5663 3533 5719; x_wconf 81' lang='lat' dir='ltr'><strong>Zachar.</strong></span> 
     </span>
    </p>
   </div>
   <div class='ocr_carea' id='block_1_113' title="bbox 1967 5735 3539 5805">
    <p class='ocr_par' dir='ltr' id='par_1_113' title="bbox 1967 5735 3539 5805">
     <span class='ocr_line' id='line_1_114' title="bbox 1967 5735 3539 5805; baseline -0.002 -15"><span class='ocrx_word' id='word_1_920' title='bbox 1967 5737 2013 5768; x_wconf 70' lang='lat'><strong>“</strong></span> <span class='ocrx_word' id='word_1_921' title='bbox 2036 5737 2176 5790; x_wconf 80' lang='lat' dir='ltr'><strong>Psal.</strong></span> <span class='ocrx_word' id='word_1_922' title='bbox 2214 5753 2319 5797; x_wconf 81' lang='lat' dir='ltr'><strong>LW,</strong></span> <span class='ocrx_word' id='word_1_923' title='bbox 2346 5738 2431 5794; x_wconf 75' lang='lat' dir='ltr'><strong>l2.</strong></span> <span class='ocrx_word' id='word_1_924' title='bbox 2502 5739 2546 5771; x_wconf 79' lang='grc'><strong>’⁵⁵</strong></span> <span class='ocrx_word' id='word_1_925' title='bbox 2581 5739 2722 5794; x_wconf 86' lang='lat' dir='ltr'><strong>Psal.</strong></span> <span class='ocrx_word' id='word_1_926' title='bbox 2752 5754 2859 5805; x_wconf 76' lang='lat' dir='ltr'><strong>xw,</strong></span> <span class='ocrx_word' id='word_1_927' title='bbox 2887 5739 2939 5795; x_wconf 86' lang='grc'>5.</span> <span class='ocrx_word' id='word_1_928' title='bbox 3029 5740 3074 5768; x_wconf 75' lang='grc'><strong>⁸⁵</strong></span> <span class='ocrx_word' id='word_1_929' title='bbox 3100 5736 3239 5793; x_wconf 85' lang='lat' dir='ltr'><strong>Psal.</strong></span> <span class='ocrx_word' id='word_1_930' title='bbox 3272 5750 3413 5799; x_wconf 76' lang='lat' dir='ltr'><strong>Lm,</strong></span> <span class='ocrx_word' id='word_1_931' title='bbox 3446 5735 3539 5790; x_wconf 76' lang='lat' dir='ltr'><strong>H.</strong></span> 
     </span>
    </p>
   </div>
  </div>
