4052 6536
623 351 761 415 1467

1880 361 2244 423 ANTIOCHI
2285 361 2627 424 MONACHI

3667 374 3765 440 H68

625 489 645 521 ι
682 471 761 523 Ad
789 470 1347 540 superabundantiam
1380 487 1489 527 non
1529 473 1686 529 dabis
1706 474 1859 530 cibos
1886 484 2013 531 tuos
2044 479 2113 531 ⁸⁸.
2160 496 2177 529 ι
2214 514 2225 541 Α

2167 497 2177 528 ι
2214 485 2261 541 Α
2288 476 2349 529 τὸ
2391 478 2522 547 παρ’
2570 477 2738 531 αὑτοῦ
2781 478 2860 541 είς
2910 478 3115 531 κακίαν
3149 477 3312 548 αὐτῷ,
3355 480 3445 533 καὶ
3482 482 3767 547 ἀπολεῖταιὸ

621 564 978 619 Ecclesiastes
1024 565 1097 619 de
1148 564 1269 620 istis
1318 566 1412 635 qui
1444 582 1557 636 per
1606 568 1950 637 iniquitatem
2002 570 2186 625 usuris

617 667 887 711 extortam
908 658 1344 727 locupletantur,
1369 658 1625 713 edisserit
1647 660 1795 715 hunc
1825 661 1881 715 in
1909 661 2133 715 modum
2167 679 2182 716 :

626 770 645 800 ί
684 751 778 805 Est
815 750 1102 804 inﬁrmitas
1123 750 1305 821 gravis
1330 766 1495 820 quam
1525 751 1640 805 vidi
1677 752 1782 806 sub
1815 753 1951 815 sole,
1989 768 2186 823 nempe

617 857 743 895 cum
777 843 902 911 quis
923 841 1145 896 divitias
1170 842 1413 896 custodit
1444 844 1501 897 in
1538 844 1743 897 malum
1780 844 2087 913 preprium,
2128 854 2186 901 et

615 936 876 1004 peribunt
905 934 1108 989 divitiae
1136 934 1242 988 illa:
1272 935 1327 989 in
1358 937 1717 1005 occupatione
1748 937 1910 1001 mala,
1939 946 1997 991 et
2032 943 2185 992 certe

614 1042 805 1081 omnes
832 1028 950 1082 dies
978 1026 1126 1081 illius
1156 1028 1211 1081 in
1243 1028 1484 1082 tenebris
1505 1038 1562 1083 et
1586 1028 1738 1083 luctu
1764 1036 1820 1083 et
1843 1028 1901 1082 in
1929 1028 2183 1099 indigna-

616 1120 763 1173 tione
789 1120 958 1174 multa
981 1129 1035 1174 et
1058 1120 1392 1175 inﬁrmitate.
1420 1121 1487 1175 Et
1505 1121 1659 1176 labor
1682 1120 1842 1176 istius
1881 1122 1938 1175 in
1958 1131 2183 1176 ventum

615 1210 825 1265 iliit‘".
865 1231 883 1263 ι
915 1212 1202 1268 Consentit
1224 1213 1312 1267 his
1351 1213 1484 1267 illud
1509 1213 1662 1268 Pauli
1689 1214 1757 1269 ad
1784 1215 2136 1270 Timotheum
2166 1234 2179 1270 :

619 1318 636 1349 ι
674 1299 947 1354 Divitibus
976 1300 1142 1371 hujus
1184 1301 1365 1355 saeculi
1408 1303 1642 1372 przecipe
1684 1319 1793 1357 non
1824 1304 2061 1360 sublime
2091 1321 2181 1360 sa-

613 1404 743 1457 pere
795 1405 896 1444 nec
946 1405 1169 1459 sperare
1220 1392 1277 1445 in
1319 1391 1535 1445 incerto
1588 1392 1929 1457 divitiarum,
1970 1395 2065 1449 sed
2124 1396 2182 1451 in

615 1479 746 1541 Deo.
776 1480 869 1549 qui
890 1490 1109 1550 praestat
1135 1482 1297 1537 nobis
1322 1483 1507 1537 omnia
1526 1484 1746 1539 abunde
1770 1485 1836 1539 ad
1862 1485 2180 1553 fruendum,

614 1570 755 1625 bene
804 1588 984 1641 agere,
1035 1572 1231 1628 divites
1272 1590 1393 1629 esse
1425 1574 1478 1630 in
1514 1577 1776 1645 operibus
1804 1579 1982 1643 bonis,
2022 1579 2182 1636 facile

617 1664 884 1730 tribuere,
931 1665 1364 1728 communicare,
1407 1666 1783 1722 thesaurizare
1835 1669 1939 1724 sibi
1986 1670 2183 1727 funda-

614 1765 861 1809 mentum
906 1756 1110 1810 bonum
1142 1757 1197 1810 in
1232 1756 1501 1822 futurum,
1536 1769 1598 1813 ut
1625 1763 2043 1829 apprehendaut
2079 1782 2180 1821 ve-

2286 568 2520 632 πλοῦτος
2557 570 2765 632 ἐκεῖνος
2808 571 2867 623 ἐν
2923 571 3295 641 περισπασμῴ
3348 574 3571 644 πονηρῷ,
3609 579 3684 630 καί
3722 600 3768 650 γε

2286 662 2458 714 πᾶσαι
2492 662 2547 714 αἱ
2577 662 2781 733 ἡμέραι
2808 662 2974 715 αὐτοῦ
2995 665 3055 715 ἐν
3080 663 3281 725 σκότει,
3315 666 3407 717 καὶ
3434 667 3489 718 ἐν
3512 668 3686 735 πένθει,
3704 676 3772 728 καὶ

2287 754 2345 807 ὲν
2378 752 2534 823 θυμῷ
2572 753 2774 824 πολλῷ,
2807 755 2899 808 καὶ
2924 754 3230 825 ἀρρωστίᾳ,
3268 757 3364 808 καὶ
3390 757 3416 810 6
3439 758 3617 828 μόχθος
3636 764 3774 820 αὐτῶν

2286 846 2366 910 είς
2408 846 2628 918 ἄνεμον.
2669 865 2689 899 ι
2732 847 2966 917 Ὁμοίως
2997 849 3093 901 καὶ
3121 849 3150 901 ό
3198 848 3511 913 ’Δπόστολος
3552 858 3777 923 παραινῶν

2286 937 2537 1008 Τιμοθέῳ
2584 937 2795 1007 ἔλεγεν·
2831 957 2852 990 ε
2888 939 3017 1003 Τοῖς
3054 939 3330 1003 πλουσίοις
3360 943 3417 993 ἐν
3452 942 3523 1011 τῷ
3549 943 3632 997 νῦν
3660 948 3778 1002 alim

2285 1029 2653 1099 παράγγελλε,
2687 1030 2762 1102 μὴ
2796 1031 3209 1103 ὑψηλοφρονεῖν,
3257 1032 3392 1103 μηδέ
3429 1034 3683 1102 ἠλπικέναι
3712 1042 3781 1095 ἐπὶ

2287 1121 2520 1177 πλούτου
2572 1124 2886 1196 ἀδηλότητι,
2939 1124 3055 1179 ἀλλ’
3111 1125 3205 1178 ἐπὶ
3256 1126 3377 1197 Θεῷ
3423 1127 3496 1198 τῷ
3544 1132 3781 1202 παρέχοντι

2285 1216 2417 1284 ἡμῖν
2455 1216 2635 1269 πάντα
2677 1215 2973 1282 πλουσίως,
3002 1217 3085 1280 είς
3110 1216 3407 1272 ἀπόλαυσιν
3426 1257 3440 1282 ,
3468 1220 3780 1291 ἀγαθοεργεῖν,

2284 1306 2542 1360 πλουτεῖν
2577 1309 2638 1361 ἐν
2666 1306 2851 1379 ἔργοις
2887 1308 3094 1373 καλοῖς,
3125 1309 3509 1379 εὐμεταδότους
3539 1306 3677 1378 εἶναι,
3697 1333 3783 1369 xm-

2285 1399 2565 1463 νωνικοὺς,
2592 1400 3140 1471 ἀποθησαυρίζοντας
3168 1404 3383 1466 ἑαυτοῖς
3404 1402 3633 1473 θεμέλιον
3659 1408 3785 1460 καλὸν

2285 1491 2367 1553 είς
2425 1490 2488 1545 τὸ
2550 1491 2782 1562 μέλλον,
2856 1493 2945 1547 ἵνα
3009 1494 3378 1549 ἐπιλάϐωνται
3457 1495 3552 1564 τῆς
3616 1497 3785 1552 αἰωνίου

2286 1583 2452 1652 ζωῆς.
2506 1601 2525 1635 ι
2586 1583 2905 1654 Πειθόμενοι
2936 1579 3050 1648 οὖν,
3082 1585 3328 1653 ἀδελφοὶ,
3353 1589 3418 1657 τῇ
3466 1587 3577 1657 θείᾳ
3620 1587 3786 1659 Γραφῇ,

2284 1675 2614 1745 ἁποστῶμεν
2640 1676 2738 1745 τῆς
2760 1676 2939 1747 δεινῆς
2969 1676 3309 1741 πλεονεξίας,
3342 1678 3439 1731 καὶ
3466 1678 3557 1748 τῆς
3584 1678 3787 1750 βδελυρᾶς

2285 1768 2527 1831 ἐπινοίας
2555 1768 2762 1838 ταύτης
2786 1769 2897 1821 τῶν
2929 1771 3126 1825 τόκων.
3166 1771 3226 1823 '0
3254 1770 3365 1839 γὰρ
3402 1770 3570 1834 τόκος.
3600 1772 3667 1841 τῷ
3688 1774 3788 1844 δόλῳ

613 1864 727 1902 ram
764 1848 931 1901 vitam
960 1849 1059 1902 ".i
1088 1848 1429 1903 Auctoritate
1462 1850 1634 1919 igitur
1667 1854 1915 1921 persuasi
1938 1854 2177 1924 (fratres)

2217 1843 2257 1900 Β
2287 1858 2643 1930 συνεζεύχθη.
2672 1860 2782 1913 Kal
2825 1861 3024 1930 μᾶλλον
3065 1860 3402 1931 ζηλὼσωμεν
3435 1860 3523 1913 τὸν
3553 1861 3693 1916 καλὸν
3715 1843 3786 1933 (ἦ.

612 1936 914 2004 Scriptum
937 1936 1156 2003 divinae,
1188 1937 1256 1991 ab
1291 1937 1609 2006 inexplebili
1634 1939 1725 1994 illa
1757 1942 2020 1997 aviditate
2050 1960 2181 1999 con-

611 2030 836 2099 gerendi
889 2030 1108 2086 divitias
1158 2046 1450 2087 avocemns
1492 2044 1731 2089 mentem
1788 2055 1800 2089 :
1862 2037 2181 2108 longissime

611 2121 1035 2175 submoveamus
1062 2137 1164 2176 nos
1188 2122 1257 2176 ab
1302 2122 1405 2177 hac
1433 2126 1757 2179 exsecrabili
1787 2142 2015 2196 prorsus
2050 2147 2182 2185 usu-

612 2228 797 2267 rarum
850 2214 1248 2284 excogitatione
1287 2232 1300 2268 :
1336 2216 1520 2285 potius
1574 2217 1855 2273 imitemur
1882 2220 2028 2275 beati
2072 2221 2179 2277 Za-

610 2306 744 2361 cluei
793 2304 943 2374 pium
977 2306 1176 2369 zelum,
1222 2322 1347 2361 cum
1384 2306 1578 2361 eodem
1612 2306 1861 2363 dicentes
1908 2327 1921 2363 :
1968 2329 1986 2362 ι
2037 2311 2179 2367 Ecce

608 2398 897 2452 dimidium
930 2397 1197 2452 bonorum
1236 2413 1504 2464 meorum,
1545 2399 1791 2464 Domine,
1819 2401 1891 2455 do
1922 2404 2178 2472 pauperi-

609 2490 735 2555 bus,
762 2497 818 2544 et
850 2490 896 2544 si
924 2489 1057 2559 quid
1083 2489 1321 2558 aliquem
1342 2489 1688 2557 defraudavi,
1726 2492 1897 2547 reddo
1935 2494 2179 2565 quadru-

2286 1952 2377 2006 λον
2416 1951 2512 2005 τοῦ
2558 1951 2836 2023 μακαρίου
2877 1952 3179 2022 Ζακχαίου,
3220 1951 3471 2020 λέγοντες
3517 1953 3606 2005 σὺν
3644 1954 3784 2022 αὐτῷ’

2291 2064 2311 2096 ι
2367 2044 2499 2098 Ἰδοὺ
2541 2044 2604 2097 τὸ
2636 2045 2808 2115 ἥμισυ
2836 2044 2947 2098 τῶν
2983 2045 3345 2117 ὑπαρχόντων
3377 2062 3486 2115 μοι,
3520 2045 3690 2117 Κύριε,
3711 2050 3787 2112 τοῖς

2285 2139 2522 2206 πτωχοῖς
2543 2136 2758 2200 δίδωμι.
2793 2138 2905 2190 Kal
2935 2136 2989 2189 εἴ
3007 2137 3152 2200 τινός
3178 2154 3233 2189 τι
3256 2138 3672 2206 ἐσυκοφάντησε,
3696 2139 3789 2191 ἀτο-

2283 2229 2479 2299 δίδωμι
2535 2228 2894 2299 τετραπλοῦν.
2946 2249 2967 2283 ι
3027 2230 3147 2284 Ἵνα
3196 2232 3295 2285 καὶ
3335 2232 3495 2300 ἡμεῖς
3532 2231 3790 2301 ἀκούσωμεν

2281 2321 2434 2390 παρά
2458 2320 2555 2375 τοῦ
2584 2317 2644 2375 εὖ
2670 2322 2871 2385 εἰδότος
2899 2322 2968 2375 τά
2993 2324 3215 2392 κρυπτά
3241 2323 3403 2393 ἡμῶν
3437 2322 3683 2375 Δεσπότου
3727 2324 3787 2375 καὶ

2282 2410 2555 2481 Σωτῆρος*
2599 2430 2617 2464 ι
2665 2412 2912 2483 Σήμερον
2938 2413 3182 2485 σωτηρία
3204 2413 3284 2484 τῷ
3315 2414 3447 2483 οίκῳ
3474 2412 3634 2483 τούτῳ
3659 2413 3789 2481 ἐγένε-

2280 2519 2362 2557 το.
2408 2522 2427 2556 ι
2460 2503 2619 2576 Αὐτῷ
2647 2506 2682 2576 ὴ
2718 2505 2847 2571 δόξα
2871 2505 2954 2568 εἰς
2978 2507 3107 2569 τοὺς
3130 2504 3362 2568 αἰῶνας.
3398 2506 3584 2575 Ἀμήν.

610 2583 761 2652 plum
795 2583 861 2637 ⁸⁸.
903 2603 921 2634 ι
956 2583 1124 2653 quue
1157 2591 1216 2637 ut
1245 2583 1314 2637 ab
1366 2599 1433 2639 eo
1464 2600 1876 2654 promereamur
1901 2588 2114 2653 audire,
2149 2592 2246 2661 qui
2309 2597 2559 2652 cordium
2616 2609 2932 2655 nostrorum
2992 2614 3225 2654 arcanos
3281 2613 3534 2654 recessus
3552 2597 3787 2667 perspicue

608 2675 763 2729 novit
808 2675 1043 2729 Domino
1108 2682 1296 2730 nostro
1358 2692 1426 2732 ac
1478 2677 1794 2734 Salvatore:
1825 2696 1843 2727 ι
1882 2678 2058 2735 llodie
2107 2684 2255 2741 salus
2293 2687 2484 2745 domui
2517 2689 2648 2745 huic
2686 2689 2831 2747 facta
2871 2699 2960 2749 est
2999 2690 3066 2746 “.
3108 2710 3128 2745 ι
3168 2692 3280 2762 ipsi
3318 2692 3492 2763 gloria
3534 2694 3584 2745 in
3622 2690 3786 2746 secula.

608 2773 807 2829 Amen.

1152 2882 1436 2940 HOMILIA
1500 2883 1642 2939 XIII.

613 2997 823 3069 1045
845 2998 915 3051 De
935 2998 1281 3052 immoderata
1307 3000 1576 3120 aﬂ'egtione
1593 3002 1953 3072 conquirendi,
1977 3004 2085 3058 sive
2112 3004 2176 3059 de

1262 3085 1514 3120 avariza.

1262 3085 1514 3123 avarum.

2885 2896 3105 2951 ΛΟΓΟΣ
3152 2897 3257 2952 Il".

2785 3009 2927 3078 Περὶ
2979 3010 3365 3076 πλεονεξίας.

681 3183 774 3238 Ait
830 3183 1094 3238 Dominus
1124 3200 1139 3237 :
1184 3202 1203 3235 ι
1234 3182 1408 3238 Nemo
1460 3192 1645 3253 potest
1684 3185 1903 3242 duobus
1940 3187 2181 3245 dominis
2208 3156 2252 3215 C

2208 3156 2252 3215 C
2351 3185 2521 3255 Φησὶν
2549 3187 2577 3240 6
2618 3185 2845 3258 Κύριος·
2883 3205 2903 3239 ι
2945 3187 3135 3252 Οὐδεὶς
3178 3188 3408 3243 δύναται
3452 3189 3598 3242 δυσὶν
3632 3188 3790 3261 κυρίοις

611 3277 855 3340 servire;
878 3284 973 3330 aut
1001 3277 1149 3331 enim
1178 3291 1348 3330 unum
1376 3283 1695 3331 contemnet
1721 3288 1776 3332 et
1802 3279 2035 3333 alterum
2062 3297 2183 3336 sus-

612 3369 829 3433 tinebit,
864 3378 961 3424 aut
1009 3384 1178 3423 unum
1206 3368 1390 3422 oderit
1422 3376 1479 3423 et
1533 3369 1769 3424 alterum
1801 3370 1993 3442 diliget
2024 3390 2037 3425 :
2071 3389 2182 3428 non

611 3460 844 3531 potestis
911 3461 1022 3513 Deo
1095 3459 1303 3513 servire
1362 3468 1420 3514 et
1484 3474 1808 3514 mammonae
1836 3462 1903 3515 ⁸⁸.
1942 3462 2181 3518 Liberati

611 3553 759 3607 enim
798 3567 828 3605 a
859 3560 1106 3620 peccato.
1138 3551 1283 3606 servi
1316 3550 1445 3605 facti
1482 3552 1615 3606 estis
1645 3552 1873 3623 iustitiae
1896 3554 1963 3618 ⁸⁸,
2011 3574 2031 3607 ι
2079 3571 2183 3611 nec

610 3646 721 3714 jam
759 3643 988 3712 potestis
1012 3643 1123 3697 Deo
1156 3641 1367 3697 servire
1405 3648 1462 3696 et
1498 3659 1825 3700 mammona:
1857 3661 1871 3699 :
1907 3647 2066 3716 cujus
2100 3647 2185 3702 in-

615 3737 945 3806 terpretatio
992 3744 1078 3791 est
1114 3736 1309 3790 divitia:
1335 3778 1350 3801 ,
1382 3736 1527 3791 sicut
1578 3736 1671 3792 ille
1703 3738 1879 3793 dicit:
1918 3758 1936 3791 ι
1970 3739 2184 3796 Divitiae

611 3831 657 3883 si
689 3829 930 3892 ailluant,
954 3830 1123 3883 nolite
1140 3845 1236 3884 cor
1261 3844 1539 3899 apponere
1562 3830 1604 3861 ⁵⁷
1636 3848 1649 3883 :
1684 3851 1701 3879 ο
1735 3832 2183 3902 quandoquidem

609 3919 764 3988 juxta
817 3918 955 3989 legis
998 3919 1402 3989 praescriptum,
1438 3937 1565 3991 pars
1596 3937 1703 3975 una
1735 3925 1986 3992 corporis
2032 3924 2182 3994 lepra

612 4009 657 4063 si
709 4012 1040 4081 aspergitur,
1098 4013 1271 4066 altera
1336 4022 1521 4067 autem
1587 4014 1805 4069 sincera
1858 4024 1964 4079 est,
2002 4024 2181 4070 totum

615 4101 837 4155 interim
860 4111 1118 4157 censetur
1141 4102 1485 4157 immundum
1511 4104 1576 4159 ³⁸.
1606 4105 1772 4159 Plane
1798 4106 1988 4160 alienae
2011 4105 2182 4161 facul-

615 4195 743 4248 tatis
787 4194 1167 4263 appetentior,
1204 4195 1550 4263 quantalibet
1596 4196 1848 4265 pecuniae
1912 4197 2183 4252 exuberet

613 4287 793 4356 copia,
824 4302 1106 4354 nunquam
1159 4287 1482 4342 exsatiatur.
1517 4287 1654 4342 Cum
1721 4288 1870 4342 enim
1910 4291 2183 4358 permulta

615 4377 1003 4447 indipiscetur,
1038 4392 1225 4431 rursus
1287 4377 1393 4431 alia
1442 4384 1594 4431 tanto
1651 4387 1870 4446 expetet
1915 4378 2179 4445 avidius;

2281 3274 2574 3329 δουλεύειν.
2611 3278 2681 3329 Ἢ
2725 3277 2833 3347 γὰρ
2870 3276 2963 3330 τοῦ
3003 3277 3121 3340 ἐνὸς
3155 3281 3594 3350 καταφρονήσει,
3624 3282 3700 3333 καὶ
3724 3279 3791 3332 τοῦ

2281 3367 2467 3437 ἐτέρου
2497 3367 2779 3433 ἀνθέξεται
2804 3385 2817 3397 ·
2843 3368 2876 3439 ἢ
2906 3369 2999 3421 τὸν
3021 3370 3121 3423 ἕνα
3147 3372 3397 3440 μισήσει,
3432 3372 3523 3425 καὶ
3548 3372 3630 3424 τὸν
3651 3372 3793 3442 ἕτερον

2280 3458 2582 3527 ἀγαπήσει.
2609 3461 2684 3512 Ού
2710 3460 2939 3515 δύνασθε
2964 3462 3082 3532 Θεῷ
3108 3463 3391 3517 δουλεύειν
3415 3466 3508 3518 καὶ
3537 3466 3790 3535 Μαμμωνᾷ.

2294 3550 2785 3622 Ἐλευθερωθέντες
2810 3552 2921 3622 γὰρ
2936 3555 3045 3607 ἀπὸ
3068 3555 3171 3625 τῆς
3190 3556 3493 3627 ἁμαρτίας,
3524 3556 3795 3625 ἐδουλώθητε

2281 3644 2348 3713 τῇ
2384 3642 2722 3715 δικαιοσύνῃ.
2758 3664 2777 3697 ι
2809 3646 2920 3698 Kal
2947 3646 3007 3698 ού
3037 3646 3272 3701 δύνασθε
3307 3648 3428 3720 Θεῷ
3453 3648 3697 3702 δουλεύειν
3725 3648 3794 3700 καὶ

2281 3732 2599 3802 Μαμμωνᾷ,
2636 3733 2665 3785 ὃ
2691 3732 3085 3805 ἑρμηνεύεται,
3118 3738 3412 3805 πλοῦτος,
3443 3739 3613 3801 καθὼς
3656 3739 3789 3805 λέγει·

2289 3841 2307 3874 ι
2350 3824 2587 3889 Πλοῦτος
2618 3825 2714 3879 ἐὰν
2738 3826 2857 3899 ῥέῃ,
2894 3826 2970 3897 μὴ
3000 3829 3363 3899 προστίθεσθε
3396 3833 3629 3901 καρδίαν.
3658 3851 3673 3882 ι
3695 3831 3793 3884 Οὐαὶ

2282 3916 2392 3986 γὰρ
2422 3917 2734 3988 ἁμαρτωλῷ
2764 3919 3101 3973 ἐπιϐαίνοντι
3131 3921 3224 3974 ἐπὶ
3246 3922 3345 3975 δύο
3375 3923 3587 3993 τρίϐους
3610 3940 3622 3955 ·
3651 3921 3793 3987 ἐπειδὴ

2282 4010 2377 4063 ἐὰν
2480 4009 2621 4062 κατά
2674 4010 2766 4064 τὸν
2822 4010 2992 4079 νόμον
3044 4012 3212 4083 μέρος
3277 4014 3480 4084 λεπρδν
3504 4055 3518 4077 ,
3548 4016 3633 4068 καὶ
3672 4014 3793 4084 μέρος

2283 4100 2523 4170 καθαρὸν
2550 4143 2564 4166 ,
2601 4100 2722 4154 ὅλον
2752 4102 3063 4173 ἀκάθαρτόν
3105 4106 3277 4158 ἐστιν.
3318 4105 3376 4159 '0
3404 4102 3495 4159 οὖν
3526 4103 3792 4168 πλεονέκτης

2282 4189 2443 4259 κόρον
2474 4190 2573 4243 οὐκ
2600 4191 2713 4260 ἔχει
2736 4192 2837 4261 τῆς
2867 4190 3095 4263 φιλοχρη
3106 4193 3331 4262 ματίας.
3355 4196 3526 4250 Ὀταν
3552 4196 3647 4265 γὰρ
3665 4192 3793 4245 πολλὰ

2282 4283 2575 4351 κτήσηται,
2602 4284 2767 4337 πάλιν
2796 4284 2975 4339 ἀλλων
2995 4285 3273 4355 ὀρέγεται.
3301 4288 3414 4340 Kal
3444 4288 3567 4341 ὅταν
3593 4288 3673 4339 καὶ
3689 4283 3792 4337 αὐτὰ

2281 4374 2649 4446 οἰκειώσηται,
2688 4375 2845 4439 αὖθις
2895 4377 3059 4447 ἕτερα
3109 4377 3396 4447 ἐπιθυμεῖ.
3434 4380 3543 4432 Kal
3587 4376 3791 4430 οὐδέποτε

615 4479 855 4536 cquue
882 4467 989 4522 sibi
1014 4467 1131 4522 hac
1168 4468 1499 4529 conciliarit,
1527 4469 1651 4523 aliis
1682 4486 1902 4525 rursum
1936 4487 2178 4540 expanso
2214 4518 2215 4523 η

2214 4514 2253 4540 n
2284 4464 2521 4518 παύεται
2553 4465 2653 4534 τῆς
2684 4466 2923 4536 ματαίας
2952 4468 3156 4538 ταύτης
3177 4468 3433 4537 ὀρέξεως.
3455 4470 3560 4522 Kal
3586 4470 3672 4521 οὐκ
3688 4460 3791 4518 οἶδεν

614 4558 1081 4628 concupiscentiae
1131 4558 1257 4612 sinu
1306 4558 1481 4613 inhiat
1529 4560 1894 4624 cumulandis,
1928 4577 2031 4617 nec
2074 4578 2179 4616 un-

613 4666 778 4720 quam
801 4650 1178 4705 vesanieutem
1198 4650 1347 4704 hunc
1377 4652 1532 4704 sedat
1550 4655 1872 4719 appetitum.
1896 4653 2012 4707 Nec
2033 4654 2180 4707 enim

616 4741 665 4795 is
677 4740 851 4806 novit,
876 4740 1004 4810 quia
1021 4750 1281 4810 quantam
1300 4739 1764 4795 habetmateriam
1786 4742 1997 4797 vitiosae
2022 4743 2186 4799 istius

617 4831 926 4887 allectionis
958 4831 1267 4887 secundum
1304 4832 1741 4901 proportionem.
1774 4841 1927 4887 tanto
1973 4835 2185 4889 recedit

617 4942 646 4977 a
671 4925 804 4986 Deo,
842 4923 1011 4993 ﬁtque
1038 4923 1315 4993 particeps
1344 4923 1653 4993 apostasia.
1682 4923 1882 4993 Utique
1910 4925 2032 4980 talis
2062 4928 2187 4981 nul-

620 5016 731 5069 lum
759 5016 1004 5084 operitur
1032 5016 1159 5069 vitae
1191 5016 1350 5070 istius
1382 5014 1585 5080 linem;
1621 5031 1799 5085 neque
1844 5016 2102 5088 intelligit
2130 5018 2185 5073 in

621 5106 725 5160 hac
749 5107 860 5161 vita
894 5106 1226 5177 inquilinum
1253 5122 1311 5163 se
1343 5122 1464 5161 esse
1500 5114 1665 5176 atque
1701 5106 1956 5173 incolam,
1986 5119 2043 5163 et
2066 5125 2188 5179 qua:

622 5199 856 5268 adeptus
911 5209 998 5254 est
1044 5216 1157 5254 non
1197 5206 1320 5254 esse
1378 5214 1497 5253 sua.
1527 5198 1693 5255 Plane
1729 5198 1776 5254 is
1812 5200 2189 5255 accensendus

623 5290 775 5343 venit
821 5291 1002 5345 ordini
1052 5294 1369 5345 stultorum.
1399 5290 1682 5360 Particeps
1728 5292 1877 5347 enim
1921 5299 2007 5347 est
2040 5291 2190 5346 illius

624 5382 814 5437 divitis
836 5383 924 5437 cui
947 5390 1202 5451 suspecta
1231 5390 1349 5436 erat
1384 5381 1489 5434 loci
1521 5383 1607 5435 sui
1632 5385 1904 5452 angustia,
1936 5385 2011 5439 De
2043 5384 2191 5454 ejus-

626 5471 774 5526 modi
817 5473 1097 5543 eleganter
1138 5468 1421 5539 Scriptura
1450 5469 1699 5538 loquilur
1727 5488 1739 5523 :
1773 5490 1792 5522 ι
1816 5461 2189 5536 Quemadmo-

629 5567 760 5619 dum
794 5563 1041 5618 infernus
1079 5571 1139 5617 et
1170 5562 1408 5633 perditio
1443 5576 1553 5614 non
1589 5561 1908 5633 implentur,
1940 5562 2014 5617 ita
2040 5563 2186 5616 oculi

706 5719 743 5748 "
786 5718 913 5771 Lev.
943 5735 1067 5780 xxv,
1090 5718 1180 5773 '57.
1252 5719 1317 5752 “‘
1345 5718 1496 5773 Eccl.
1516 5736 1611 5783 xu,
1648 5719 1732 5772 15.

2284 4556 2364 4607 ὅτι
2402 4554 2505 4608 ὃσα
2545 4556 2611 4609 ἂν
2645 4556 2766 4609 κατ’
2801 4556 3091 4623 ἀναλογίαν
3112 4559 3178 4628 ἢν
3207 4558 3322 4627 ἔχει
3351 4560 3380 4611 ὁ
3412 4558 3676 4627 ἄνθρωπος
3702 4554 3793 4621 περὶ

2284 4644 2384 4713 τὴν
2425 4644 2563 4714 ὓλην
2594 4646 3007 4717 προσπαθείας,
3030 4650 3130 4717 τῆς
3157 4649 3264 4701 ἀπὸ
3297 4648 3396 4702 τοῦ
3430 4647 3560 4701 Θεοῦ
3600 4648 3791 4700 ἀποστο·

2290 4735 2411 4797 σίας
2471 4734 2707 4805 μετέχει.
2743 4737 2853 4790 Kal
2907 4740 2937 4791 6
2987 4738 3231 4802 τοιοῦτος
3275 4739 3339 4792 ού
3375 4739 3637 4810 προσδοκᾷ
3681 4735 3793 4794 τέλος

2292 4825 2429 4895 βίου,
2457 4826 2579 4879 οὐδὲ
2607 4827 2899 4881 ἐπίσταται
2954 4828 3037 4883 ὅτι
3071 4834 3330 4902 παροικεῖ
3353 4834 3412 4885 ἐν
3438 4831 3565 4900 τῷδε
3597 4828 3665 4896 τῷ
3690 4826 3789 4894 βίον

2288 4921 2381 4973 καὶ
2408 4920 2552 4990 ἅπερ
2578 4919 2862 4987 κέκτηται,
2898 4922 2980 4974 ὅτι
3010 4922 3109 4975 οὐκ
3139 4921 3303 4977 αὐτοῦ
3349 4926 3508 4978 είσιν.
3541 4920 3643 4974 Kal
3663 4918 3791 4974 οὕτως

2286 5011 2465 5064 τοίνυν
2491 5013 2547 5064 ἐν
2578 5014 2691 5075 τοῖς
2722 5012 2923 5085 ἄφροσι
2945 5013 3225 5069 τέτακται.
3255 5015 3525 5075 Κοινωνός
3559 5013 3656 5081 γάρ
3684 5010 3789 5060 ἐστιν

2286 5103 2383 5156 τοῦ
2438 5102 2692 5157 πλουσίου
2736 5105 2974 5165 ἐκείνου,
3033 5099 3245 5168 οὗτινος
3272 5108 3580 5175 ηὐπόρησεν
3603 5103 3633 5171 ἡ
3660 5098 3785 5168 χώρει

2288 5192 2400 5246 Kal
2434 5192 2612 5256 καλῶς
2659 5194 2808 5263 λέγει
2860 5194 2993 5264 περὶ
3028 5194 3138 5246 τῶν
3176 5194 3437 5247 τοιούτων
3460 5196 3491 5263 ή
3518 5190 3710 5263 Γραφὴ.
3733 5186 3790 5237 ὅτι

2296 5304 2315 5337 ι
2361 5285 2570 5355 Ὥσπερ
2623 5286 2758 5357 ᾅδης
2797 5288 2954 5358 zeal-6
3002 5287 3251 5340 ἀπώλεια
3295 5287 3395 5339 οὐκ
3442 5279 3789 5355 ἐμπιπλῶνται.

2286 5376 2460 5441 οὕτως
2487 5379 2581 5432 καὶ
2609 5380 2656 5433 οἱ
2685 5379 2960 5448 ὀφθαλμοὶ
3004 5378 3112 5431 τῶν
3161 5377 3464 5447 ἀνθρώπων
3496 5375 3744 5443 ἀπληστῦι.
3773 5385 3786 5415 ι

2288 5468 2621 5537 Βουλόμενος
2650 5465 2743 5522 οὖν
2776 5471 2804 5522 ό
2837 5467 3107 5539 μακάριος
3148 5467 3405 5529 Ἰάκωϐος
3434 5454 3791 5535 θεραπεῦσαιτὺ

2287 5561 2524 5616 τοιοῦτον
2548 5561 2763 5632 νόσημα
2801 5562 2900 5632 τῆς
2936 5562 3251 5628 πλεονεξίας
3290 5557 3584 5613 ἐπιστέλλει
3607 5552 3778 5619 λέγων·

1841 5716 1886 5749 ⁸⁸
1920 5716 2099 5770 lTim.
2136 5732 2206 5773 vr.
2240 5715 2422 5772 l7-l9.
2505 5716 2701 5774 l"Luc.
2730 5734 2838 5782 XIX,
2868 5716 2917 5771 8.
2995 5717 3040 5749 ⁵³
3080 5716 3211 5771 ibid.
3242 5718 3293 5772 9.
3348 5718 3391 5748 ⁵⁸
3423 5712 3597 5768 Matth.
3621 5723 3687 5771 Vl.
3713 5701 3779 5758 5‘-

637 5785 683 5819 "
705 5787 856 5843 ilum.
890 5806 939 5844 vn
962 5831 975 5855 ,
1006 5789 1088 5843 l8.
1166 5792 1208 5823 ³⁷
1238 5790 1379 5844 Psal.
1416 5790 1616 5856 ωλι.
1693 5789 1736 5820 ⁵⁸
1767 5787 1941 5843 Levit.
1978 5804 2129 5853 χχιιι,
2161 5788 2242 5841 l3.
