4052 6538
318 384 458 447 1469

1260 395 1589 456 HOMILIA
1625 394 1779 456 XIV.
1804 420 1871 430 --
1898 395 1994 454 DE
2031 395 2606 457 DISTRACTIONE.

3415 392 3551 458 1470

322 512 349 550 ο
387 496 521 562 ’Ἄγε
547 494 663 561 νῦν,
690 496 740 549 οί
778 496 1055 562 πλούσιοι,
1097 496 1368 553 κλαύσατε
1398 500 1745 565 ὀλολύζοντες
1792 499 1884 552 ἐπὶ

2010 501 2279 555 nominum
2320 500 2658 555 insatiabiles
2686 499 2751 553 δ’.
2794 519 2811 551 ι
2841 499 3041 555 Beatus
3088 499 3274 571 itaque
3312 502 3552 558 Iacobus

318 590 443 650 ταῖς
499 589 897 661 ταλαιπωρίαις
958 591 1112 661 ὑμῶν
1165 596 1286 655 ταῖς
1338 594 1760 664 ἐπερχομέναις.
1824 592 1885 644 '0

318 677 554 741 πλοῦτος
588 680 745 749 ὑμῶν
784 682 1043 754 σέσηπεν,
1078 685 1173 737 καὶ
1196 683 1266 736 τά
1287 684 1481 754 ἱμάτια
1515 685 1669 754 ὑμῶν
1728 684 1890 754 σητό-

316 768 509 839 ϐρωτα
557 771 799 839 γέγονεν.
860 790 878 824 ›
926 774 985 827 '0
1024 774 1080 827 δὲ
1114 772 1277 828 Δαυῒδ
1326 774 1597 845 περὶτῶν
1632 773 1892 827 τοιούτων

318 859 702 913 ἀποτείνεταιο
773 881 792 913 ι
839 863 1107 932 Μέντοιγε
1174 864 1233 916 ὲν
1278 864 1451 917 εικόνι
1514 862 1895 934 διαπορεύεται

318 948 630 1020 ἄνθρωπος,
695 950 835 1021 πλὴν
889 953 1069 1024 μάτην
1116 953 1491 1024 ταράσσεταιο
1526 952 1893 1025 θησαυρίζει,

322 1045 427 1097 καὶ
459 1045 518 1098 οὐ
540 1044 799 1114 γινώσκει
826 1047 932 1101 τίνι
959 1048 1174 1113 συνάξει
1200 1050 1362 1103 αὐτά.
1390 1066 1410 1100 ι
1453 1049 1567 1102 ’Δεὶ
1592 1048 1702 1120 γὰρ
1722 1051 1770 1103 οἱ
1800 1049 1897 1121 θη-

325 1138 644 1207 σαυρισταὶ,
682 1141 1067 1208 ματαιοκόποι,
1091 1139 1584 1212 ἀλλοτριοκάματοι
1617 1141 1901 1210 εὑρίσκον·

320 1244 440 1283 ται.
475 1249 493 1281 ι
527 1229 594 1283 Οί
629 1230 739 1301 γάρ
775 1231 1092 1301 βουλόμενοι
1121 1232 1397 1295 πλουτεῖν,
1425 1231 1792 1301 ἐμπίπτουσιν
1818 1232 1898 1295 είς

322 1322 635 1395 πειρασμὸν
683 1323 781 1377 καλ⁸
819 1325 1021 1391 παγίδα
1061 1325 1157 1378 τοῦ
1194 1324 1476 1388 διαόόλου,
1512 1343 1531 1376 ι
1568 1324 1664 1378 καὶ
1709 1323 1900 1376 ὲπιθυ-

328 1412 461 1482 μίας
492 1412 694 1477 πολλὰς
729 1415 996 1485 ἀνοήτους
1052 1415 1147 1468 καὶ
1179 1414 1472 1486 βλαϐεράς.
1505 1415 1717 1476 Δῖτινες
1749 1413 1899 1483 βυθί-

326 1502 513 1566 ζουσιν
542 1504 670 1566 τοὺς
712 1503 1036 1575 ἀνθρώπους
1086 1507 1169 1568 είς
1200 1505 1424 1576 ὄλεθρον
1459 1505 1555 1559 καὶ
1592 1505 1894 1569 ἀπώλειαν,

324 1592 472 1646 κατὰ
500 1592 592 1646 τὸν
626 1594 971 1650 Ἀπόστολον.
1014 1597 1127 1650 Καὶ
1175 1592 1333 1661 αὖθις
1362 1598 1735 1668 παραγγέλλει
1765 1597 1894 1665 φεύ.

324 1700 450 1751 γειν
472 1685 571 1755 τὴν
610 1686 947 1753 πλεονεξίανο
990 1706 1009 1740 ‹
1048 1690 1207 1753 ’Ἥτις
1262 1690 1410 1742 ἐστὶν
1458 1688 1897 1761 είδωλολατρεία,

325 1775 399 1828 δι’
426 1772 493 1848 ἦς
546 1778 844 1848 ἐπέρχεται
892 1781 926 1851 ἡ
968 1780 1107 1852 ὀργὴ
1138 1781 1233 1835 τοῦ
1277 1780 1414 1835 Θεοῦ
1461 1782 1556 1835 ἐπὶ
1586 1781 1713 1845 τοὺς
1748 1782 1899 1843 υἱοὺς

323 1868 430 1931 τῆς
477 1870 751 1934 ἀπιστίας.
790 1891 807 1922 ι
844 1851 1023 1925 Καλὸν
1065 1873 1159 1926 οὖν
1203 1877 1353 1927 ἐστιν
1397 1873 1701 1944 ἀπορρῖψαι
1730 1872 1791 1925 τὸ
1837 1873 1900 1925 ὲκ
1932 1851 1973 1907 Β

328 1962 426 2016 τοῦ
463 1961 693 2016 πλούτου
729 1964 1016 2033 ἀλόγιστον
1040 1966 1327 2036 καύχημα,
1350 1965 1451 2028 τὰς
1475 1964 1683 2028 οἰκείας
1715 1962 1904 2017 ὲπιου‹

333 2050 466 2119 μίας
518 2054 830 2125 μισήσαντα
864 2071 879 2086 °
916 2056 1054 2127 ὅπερ
1101 2058 1250 2110 ἐστὶν
1300 2060 1528 2127 μισῆσαι
1564 2056 1662 2127 τὴν
1704 2052 1902 2109 ἑαυτοῦ

328 2141 531 2213 ψυχὴν,
566 2146 661 2197 καὶ
713 2146 1125 2217 άποκτήσασθαι
1172 2148 1351 2202 πάντα
1395 2148 1583 2201 ἕνεκεν
1610 2147 1710 2217 τῆς
1744 2147 1904 2217 δόξης

330 2233 429 2286 τοῦ
454 2235 786 2303 Εὐαγγελίου
817 2237 909 2289 τοῦ
932 2237 1093 2293 Θεοῦ.
1136 2239 1197 2292 Ὃ
1227 2238 1336 2308 γὰρ
1360 2238 1531 2308 αίρων
1561 2237 1660 2308 τὴν
1690 2237 1904 2289 ἔννοιαν

331 2325 497 2379 αὐτοῦ
523 2327 630 2379 ἀπὸ
658 2328 837 2399 πάσης
862 2329 1201 2396 πλεονεξίας,
1229 2329 1452 2384 δύναται
1479 2330 1608 2383 ίδεῖν
1641 2329 1743 2392 τὰς
1773 2329 1904 2398 μεθ-

331 2418 481 2482 οδίας
524 2419 619 2472 τοῦ
663 2420 935 2475 διαϐόλου.
973 2423 1146 2476 Ὅταν
1208 2422 1319 2493 γὰρ
1356 2420 1549 2493 ἐξέλθῃ
1571 2421 1612 2493 [6
1641 2420 1767 2483 νοῦς
1795 2420 1906 2475 τῶν

333 2512 669 2581 σωματικῶν
719 2514 1017 2583 φροντίδων
1042 2552 1057 2575 ,
1097 2514 1286 2585 βλέπει
1316 2514 1460 2569 κατὰ
1483 2514 1778 2582 ἀναλογίαν
1808 2514 1907 2574 τάς

332 2606 674 2677 πανουργίας
720 2607 829 2660 τῶν
860 2606 1092 2678 ἐχθρῶν.
1127 2610 1298 2680 Φησὶν
1327 2608 1384 2661 δὲ
1414 2608 1509 2662 καὶ
1537 2611 1565 2663 6
1594 2609 1907 2678 Παροιμια-

333 2699 492 2766 στῆς*
524 2718 543 2750 ‹
584 2700 698 2752 Ούκ
721 2698 1093 2769 ὠφελήσουσιν
1121 2700 1387 2771 θησαυροὶ
1413 2701 1644 2771 ἀνόμους
1664 2716 1677 2729 °
1703 2700 1912 2753 δικαιο-

334 2788 472 2854 σύνη
521 2789 577 2842 δὲ
634 2790 698 2843 ὲκ
743 2790 973 2843 θανάτου
1024 2789 1277 2862 ρύεται.ι
1312 2790 1441 2844 Καί·
1473 2807 1494 2841 ς
1531 2786 1909 2859 Δίρετὼτερον

334 2880 509 2950 ὄνομα
556 2882 741 2946 καλὸν,
775 2882 809 2951 ἢ
844 2882 1076 2946 πλοῦτος
1116 2881 1286 2945 πολύς
1309 2897 1325 2915 ο
1357 2882 1499 2952 ὑπὲρ
1540 2881 1597 2935 δὲ
1643 2880 1907 2951 ἀργύριον

336 2974 437 3026 καὶ
493 2977 740 3045 χρυσίον,
763 2976 925 3047 χάρις
973 2976 1175 3046 ἀγαθή.
1218 2995 1238 3027 ι
1274 3004 1346 3015 -
1375 2992 1393 3027 ι
1435 2974 1497 3030 '0
1558 2974 1615 3027 δὲ
1669 2973 1909 3042 συνέχων

342 3069 510 3127 σῖτον,
539 3067 1098 3123 ἀπολείποιτοσαύτδν
1155 3070 1270 3131 τοῖς
1313 3066 1543 3119 ἔθνεσιν.
1571 3083 1590 3117 ι
1624 3064 1754 3120 Καί·
1789 3083 1808 3116 ι
1852 3064 1910 3118 Ὁ

1991 592 2223 661 cupiens
2250 591 2440 645 morbo
2468 592 2556 645 isti
2587 592 2908 661 cupiditatis
2942 593 3222 648 immensa:
3259 593 3405 647 ferre
3439 610 3555 648 mc-

1991 686 2192 750 delam,
2222 700 2320 754 per
2348 684 2649 754 Epistolam
2684 685 2821 739 dicit
2854 703 2866 736 :
2907 704 2924 737 ι
2955 686 3112 755 Agite
3140 700 3307 747 nunc,
3334 686 3555 751 divites,

1991 776 2204 847 plorate
2265 776 2542 830 ululantes
2597 790 2767 844 super
2814 776 3056 831 miseriis
3088 792 3210 846 quae
3255 776 3560 831 advenient

1992 868 2153 922 vobis
2196 886 2209 921 :
2241 868 2447 923 divitiae
2478 874 2678 921 vestrae
2702 868 3023 937 putrefactae
3052 878 3201 935 sunt,
3229 870 3559 925 vestimenta

1991 970 2177 1016 vestra
2210 977 2241 1015 a
2293 962 2437 1015 tinea
2470 968 2713 1014 comesta
2768 970 2898 1015 sunt
2922 962 2988 1015 ⁸ο.
3030 981 3047 1012 ι
3078 961 3240 1017 Tales
3290 972 3345 1017 et
3393 963 3561 1017 David

1996 1051 2322 1123 perstringit
2350 1068 2364 1105 :
2409 1071 2429 1104 ι
2459 1052 2853 1106 Verumtamen
2898 1053 2953 1106 in
2987 1052 3223 1122 imagine
3260 1055 3564 1124 pertransit

1996 1144 2186 1208 homo,
2209 1143 2305 1198 sed
2331 1143 2537 1198 frustra
2568 1142 2952 1207 conturbatur,
2982 1145 3314 1199 thesaurizat
3334 1154 3389 1199 et
3412 1147 3566 1215 igno-

1996 1243 2086 1291 rat
2111 1234 2202 1289 cui
2229 1233 2587 1304 congregahit
2614 1248 2679 1287 ea
2709 1233 2775 1286 ⁶¹.
2816 1250 2834 1282 ›
2869 1231 2965 1285 Isti
2997 1234 3144 1287 enim
3178 1235 3565 1289 thesaurorum

1997 1332 2355 1395 congestores
2375 1324 2579 1378 frustra
2609 1322 2838 1377 sudasse
2868 1324 3305 1391 comperiuntur,
3335 1341 3437 1379 nec
3460 1325 3565 1380 sibi

1999 1431 2266 1485 unquam,
2296 1416 2391 1470 sed
2420 1416 2541 1470 aliis
2572 1415 2875 1469 laborasse.
2906 1431 2922 1463 ι
2950 1413 3053 1481 Qui
3084 1418 3234 1469 enim
3268 1417 3462 1470 volunt
3491 1417 3572 1471 di-

1994 1508 2140 1562 vites
2163 1507 2305 1569 ﬁeri,
2340 1507 2592 1562 incidunt
2616 1508 2670 1561 in
2696 1505 3052 1561 tentationem
3088 1515 3143 1560 et
3175 1508 3430 1577 laqueum
3459 1510 3550 1564 dia

2000 1599 2169 1654 boli"
2192 1616 2205 1653 :
2234 1618 2251 1650 ι
2277 1615 2542 1668 suamque
2566 1608 2627 1654 ut
2648 1597 2945 1668 plurimum
2967 1599 3327 1669 experiuntur
3351 1601 3569 1655 tandem

2000 1691 2390 1760 cupiditatem,
2418 1692 2747 1745 inammnam
2775 1710 2897 1749 esse
2918 1702 3080 1761 atque
3110 1692 3514 1761 dispendiosam
3552 1711 3567 1747 :

2003 1798 2123 1852 qn.e
2143 1784 2364 1853 etjuxta
2386 1782 2710 1851 Apostolum
2731 1784 3002 1854 demergit
3026 1783 3279 1837 homines
3305 1783 3359 1836 in
3382 1784 3571 1853 perni-

2004 1874 2145 1928 ciem
2196 1889 2260 1928 ac
2319 1872 2715 1941 perditionem.
2768 1874 2932 1928 Jubet
2964 1889 3183 1926 rursum
3216 1873 3283 1935 is,
3314 1874 3483 1926 multa
3511 1881 3571 1927 ut

2004 1965 2500 2034 circumspectione
2524 1965 2766 2019 vitemus
2787 1964 3120 2034 superﬂuam
3144 1964 3289 2018 hanc
3317 1979 3419 2017 nec
3445 1964 3573 2018 ullis

2006 2058 2210 2113 ﬁnibus
2235 2058 2709 2127 circumscriptam
2734 2058 3024 2111 avaritiam
3060 2074 3073 2109 :
3112 2075 3129 2106 ι
3171 2055 3302 2121 Quae
3334 2063 3420 2109 est
3456 2055 3576 2109 ido-

2004 2150 2187 2204 lorum
2248 2150 2451 2214 cultus,
2479 2165 2579 2219 per
2631 2165 2795 2218 quam
2856 2149 3011 2203 venit
3058 2149 3137 2202 ira
3192 2149 3290 2202 Dei
3332 2148 3387 2201 in
3435 2147 3575 2201 ﬁlios

2005 2241 2324 2299 dillidentiae
2356 2242 2421 2296 ⁸³.
2462 2260 2482 2293 ι
2523 2241 2667 2297 Sane
2708 2257 2872 2312 quam
2924 2241 3184 2295 decorum
3233 2240 3326 2303 sit,
3362 2248 3424 2294 ut
3475 2256 3574 2295 ex-

2006 2342 2208 2405 puncta
2239 2334 2423 2387 animo
2451 2334 2713 2404 jactantia
2739 2334 2875 2388 citra
2914 2336 3180 2387 rationem
3208 2332 3374 2386 ullam
3406 2332 3575 2402 proli-

2007 2423 2248 2478 ciscente
2268 2437 2334 2475 ex
2356 2421 2583 2485 divitiis,
2608 2422 2795 2477 oderis
2822 2422 3047 2491 insuper
3072 2421 3343 2476 incentiva
3372 2423 3578 2491 quaevis

2006 2513 2245 2584 propriae
2272 2513 2739 2583 concupiscentiae
2772 2531 2785 2567 :
2818 2514 2873 2567 id
2904 2513 3053 2583 quod
3098 2522 3201 2579 est,
3238 2512 3421 2567 odisse
3455 2513 3576 2567 ani-

2009 2621 2152 2660 mam
2174 2621 2352 2667 suam,
2383 2614 2439 2659 et
2459 2622 2488 2659 a
2511 2621 2568 2660 se
2592 2605 2900 2660 excussisse
2922 2620 3086 2659 omne
3113 2620 3273 2659 suum
3301 2606 3578 2674 peculium

2008 2712 2110 2767 pro
2154 2697 2328 2767 gloria
2384 2694 2666 2764 Evangelii
2714 2694 2833 2748 Dei.
2872 2692 3085 2764 1046
3135 2692 3395 2761 Quisquis
3430 2693 3577 2747 enim

2010 2783 2408 2853 cogitationem
2434 2781 2684 2836 funditus
2718 2782 2981 2836 amolitur
3018 2790 3075 2835 et
3097 2790 3291 2835 avocat
3320 2781 3389 2835 ab
3431 2782 3580 2835 omni

2013 2886 2421 2941 supervacanea
2474 2871 2799 2940 cupiditate,
2848 2871 2893 2924 is
2939 2886 3050 2923 non
3104 2886 3302 2939 magno
3361 2871 3582 2940 negotio

2013 2964 2379 3034 deprehendit
2414 2964 2713 3017 insidiosas
2743 2962 2948 3016 diaboli
2974 2963 3217 3032 pedicas.
3257 2963 3405 3016 Mens
3434 2964 3583 3016 enim

2015 3073 2343 3139 simulatque
2372 3086 2399 3123 a
2438 3084 2495 3123 se
2523 3069 2739 3137 depulit
2771 3068 2960 3121 anxias
2989 3067 3239 3137 corporis
3270 3083 3452 3131 curas,
3485 3083 3582 3122 ve-

339 3160 676 3229 τιμιουλκῶν
730 3162 897 3225 σῖτον,
931 3160 1382 3230 δημοκατάρατος
1405 3175 1419 3189 ο
1470 3158 1692 3227 εὐλογία
1729 3159 1786 3212 δὲ
1818 3158 1910 3212 ἐπὶ

2016 3163 2305 3219 teratorias
2355 3161 2477 3215 illas
2523 3176 2588 3214 ac
2632 3160 2858 3214 fallaces
2895 3160 3181 3214 machinas
3214 3160 3583 3222 inimicorum,

340 3252 440 3320 τὴν
475 3251 719 3320 κεφαλὴν
750 3249 843 3304 τοῦ
897 3252 1292 3321 μεταδιδόντος.
1333 3270 1350 3302 ι
1388 3251 1521 3313 Καὶ,
1556 3271 1575 3303 ι
1625 3251 1684 3303 '0
1716 3267 1912 3304 πεποι-

345 3341 451 3405 θὼς
473 3343 565 3394 ἐπὶ
592 3343 809 3413 πλούτῳ
834 3345 1023 3407 αὑτοῦ,
1052 3347 1298 3398 πεσεῖται
1318 3362 1332 3377 ·
1364 3346 1392 3398 6
1417 3344 1475 3398 δὲ
1508 3344 1904 3414 ἀντιλαμϐανὸ-

346 3450 508 3503 μενος
564 3434 808 3501 δικαίων,
863 3429 1020 3502 οὗτος
1076 3436 1383 3491 ἀνατέλλει.
1426 3455 1446 3490 ι
1487 3436 1547 3490 '0
1595 3437 1653 3489 δὲ
1708 3437 1914 3507 Κύριος

345 3525 483 3593 φησὶ
534 3526 667 3597 περὶ
721 3527 814 3581 τοῦ
870 3527 1196 3598 βουλομένου
1247 3528 1346 3590 τὰς
1395 3526 1589 3581 ἑαυτοῦ
1632 3526 1917 3598 ἀποθήκας

345 3616 617 3683 καθελεῖν,
641 3620 736 3672 καὶ
768 3620 1020 3690 μείζονας
1047 3618 1403 3689 οἰκοδομῆσαι
1427 3635 1440 3648 ·
1475 3636 1494 3669 ι
1524 3618 1773 3688 Ἀφρων,
1795 3617 1922 3670 ταύ-

344 3725 414 3779 τῃ
466 3712 531 3779 τῇ
567 3712 818 3774 νυκτὶ,οί
866 3712 1086 3779 ἄγγελοι
1134 3710 1236 3782 τὴν
1284 3711 1464 3782 ψυχήν
1519 3727 1611 3762 σου
1654 3709 1917 3763 ἀπαιτοῦ-

2017 3271 2115 3327 pro
2154 3256 2365 3309 ratione
2393 3254 2593 3307 virium
2629 3268 2764 3321 quas
2794 3253 2990 3307 sortita
3029 3262 3135 3316 est,
3173 3253 3466 3323 perspicue
3498 3252 3587 3306 vi-

2016 3347 2126 3402 det.
2162 3346 2251 3399 Ait
2312 3345 2542 3414 proinde
2593 3344 3015 3399 Parmmiastes:
3051 3364 3069 3397 ι
3103 3345 3223 3399 Νοη
3276 3346 3588 3414 proderunt

2019 3438 2263 3494 thesauri
2285 3438 2493 3507 iniquis
2519 3437 2767 3505 ;justitia
2792 3447 2975 3493 autem
3002 3454 3029 3492 a
3062 3447 3239 3493 morte
3261 3439 3461 3493 liberat
3484 3440 3581 3492 ⁸⁵.»

2021 3532 2193 3586 Εῑει
2236 3529 2431 3583 Melius
2488 3538 2573 3584 est
2626 3544 2827 3583 nomen
2889 3529 3095 3584 bonum
3154 3546 3317 3600 quam
3378 3530 3585 3585 divitiae

2019 3623 2225 3683 multm,
2260 3636 2426 3690 super
2457 3629 2744 3690 argentum
2774 3627 2830 3674 et
2862 3636 3062 3675 aurum
3088 3621 3259 3691 gratia
3293 3622 3434 3675 bona
3468 3622 3535 3673 ".
3564 3639 3582 3671 ι

2018 3712 2525 3769 Ειειϐοηιίηεηε
2614 3711 2951 3767 frumentum
3033 3712 3383 3782 derelinquet
3456 3712 3590 3780 ipsis

350 3816 437 3854 σιν
494 3800 601 3855 ἀπὸ
638 3802 731 3856 σοῦ
760 3818 774 3833 ο
806 3803 843 3856 ἃ
885 3803 941 3855 δὲ
981 3802 1317 3875 ἡτοίμασας,
1351 3803 1459 3856 τίνι
1510 3802 1703 3867 ἐσταις
1752 3821 1772 3853 ι
1807 3803 1910 3855 Καὶ

2021 3805 2275 3874 gentibus
2303 3805 2367 3859 °°.
2426 3822 2445 3856 ι
2508 3804 2614 3858 Et:
2651 3824 2671 3854 ς
2709 3804 2813 3870 Qui
2861 3805 3134 3874 appretiat
3216 3804 3588 3868 frumentum,

347 3893 568 3962 ἐπάγει·
608 3913 627 3947 ε
663 3893 851 3959 Οὕτως
897 3897 1004 3959 πᾶς
1048 3897 1076 3949 6
1115 3894 1461 3966 θησαυρίζων
1497 3895 1555 3947 ὲν
1583 3893 1789 3964 ἑαυτῷ,
1821 3895 1910 3947 καὶ

2026 3894 2360 3948 maledictus
2385 3893 2440 3947 in
2472 3893 2719 3962 populis;
2766 3893 3085 3947 benedictio
3114 3895 3157 3926 ⁸⁷
3206 3903 3388 3948 autem
3427 3910 3593 3962 super

352 3986 431 4057 μὴ
462 3988 541 4047 είς
579 3986 711 4040 Θεὸν
742 3987 1006 4041 πλουτῶν.
1044 4006 1062 4040 ι
1091 3986 1251 4057 Αύτῷ
1279 3989 1312 4056 ὴ
1338 3986 1466 4052 δόξα
1499 3986 1582 4049 είς
1628 3985 1755 4049 τοὺς
1784 3985 1910 4040 αίῶ-

2024 3996 2188 4055 caput
2206 3984 2666 4054 dispertientis“.
2693 4003 2711 4034 ι
2738 3984 2835 4037 Et:
2866 4003 2884 4035 ι
2913 3984 3017 4050 Qui
3042 3983 3270 4039 conlidit
3289 3985 3342 4038 in
3358 3984 3591 4048 divitiis,

349 4095 451 4141 νας
480 4078 590 4132 τῶν
619 4078 851 4133 αίώνων.
895 4080 1090 4148 Ἀμήν.

2024 4083 2271 4140 corruet,
2298 4077 2393 4145 qui
2422 4084 2609 4129 autem
2658 4074 2893 4144 benigne
2938 4076 3213 4130 succurrit
3253 4076 3437 4145 justis,
3466 4090 3595 4128 exo-

351 4169 530 4226 rietur
562 4172 628 4225 ‘3.
672 4189 692 4223 ι
725 4171 990 4226 Dominus
1014 4170 1168 4237 item,
1208 4169 1277 4224 de
1301 4183 1367 4223 eo
1402 4166 1498 4238 qui
1522 4166 1669 4237 apud
1728 4183 1787 4223 se
1850 4169 2215 4224 constituerat
2262 4182 2389 4222 suas
2430 4166 2687 4221 demoliri
2749 4182 2814 4221 ac
2846 4166 2965 4221 solo
3012 4167 3304 4239 adaequare
3360 4168 3594 4238 apothe-

356 4276 471 4325 cas,
502 4260 647 4330 quod
674 4262 1019 4331 angustiores
1046 4259 1388 4322 viderentur,
1426 4258 1646 4327 illisque
1710 4259 2049 4315 exaediﬁcare
2100 4258 2459 4328 capaciores:
2498 4276 2515 4309 ι
2552 4256 2729 4312 Stulte
2764 4299 2778 4323 ,
2848 4259 2964 4326 ait,
3037 4260 3138 4314 hac
3193 4267 3354 4314 nocte
3415 4258 3594 4329 angeli

354 4353 457 4407 abs
496 4362 546 4408 te
582 4360 835 4422 repetent
878 4352 1117 4407 animam
1147 4362 1336 4417 tuam;
1371 4366 1494 4422 qua:
1557 4360 1742 4406 autem
1801 4355 2159 4424 praeparasti,
2189 4354 2347 4423 cujus
2411 4361 2574 4406 erunt
2599 4353 2691 4405 °’?
2729 4372 2747 4404 ι
2783 4353 3039 4409 Inducit:
3077 4372 3094 4404 ι
3138 4353 3230 4408 Sic
3277 4354 3457 4409 omnis
3497 4352 3594 4422 qui

358 4443 459 4498 tibi
490 4442 595 4513 ipsi
625 4441 980 4506 thesaurizat,
1004 4457 1115 4496 non
1140 4443 1271 4495 item
1297 4439 1444 4510 apud
1467 4438 1641 4493 Deum
1672 4442 1921 4498 recondit
1957 4443 2181 4498 divitias
2212 4444 2280 4497 ’°.
2317 4460 2337 4494 ι
2370 4441 2476 4512 Ipsi
2498 4442 2673 4513 gloria
2696 4442 2754 4496 in
2789 4443 3008 4498 sa2cula.
3044 4442 3240 4498 Amen.

952 4554 1171 4607 ΛΟΓΟΣ
1200 4556 1297 4610 ΙΔ’.

816 4670 958 4738 Περὶ
1013 4673 1463 4741 περισπασμοῦ.

426 4781 564 4853 Περὶ
603 4780 700 4835 τοῦ
722 4781 1131 4854 περισπασμοῦ,
1170 4784 1475 4854 ἀναφανδὸν
1503 4787 1746 4842 διδάσκει
1772 4784 1924 4856 ἡμᾶς

359 4878 391 4930 6
436 4875 873 4947 Ἐκκλησιαστὴς
928 4875 1143 4938 οὕτως’
1200 4895 1219 4926 ι
1260 4877 1481 4933 Ἔδωκα
1540 4881 1639 4950 τὴν
1695 4878 1923 4951 καρδίαν

362 4984 468 5038 μου
512 4964 608 5019 τοῦ
663 4967 966 5037 ἐκζητῆσαι
1018 4967 1112 5023 καὶ
1158 4966 1252 5021 τοῦ
1295 4970 1745 5040 κατασκέψασθαι
1775 4972 1833 5023 ὲν
1859 4970 1928 5041 τῇ

362 5059 531 5131 σοφίᾳ
589 5060 721 5130 περὶ
750 5060 965 5114 πάντων
996 5058 1105 5112 τῶν
1133 5060 1442 5131 γενομένων
1480 5063 1584 5116 ὑπὸ
1621 5062 1713 5116 τὸν
1756 5061 1929 5133 ἥλιον,

359 5149 447 5202 ὅτι
486 5147 871 5218 περισπασμὺν
927 5148 1162 5218 πονηρὸν
1198 5148 1399 5203 ἔδωκεν
1436 5154 1463 5205 6
1487 5152 1619 5215 Θεὸς
1649 5155 1761 5215 τοῖς
1795 5153 1932 5215 υἱοῖς

360 5238 475 5291 τῶν
536 5238 866 5309 ἀνθρώπων,
899 5239 960 5292 τὸ
994 5241 1370 5309 περισπᾶσθαι
1426 5245 1482 5295 ἐν
1545 5243 1715 5314 αὐτῷ.
1762 5265 1779 5293 ι
1814 5244 1931 5296 Καὶ

364 5331 487 5399 μετ’
526 5329 681 5399 ὀλίγα
701 5343 721 5363 ⁸
756 5348 775 5382 ι
814 5331 921 5385 Καὶ
953 5330 1227 5401 ὲπέὸλεψα
1254 5331 1364 5401 ἐγὼ
1394 5333 1452 5387 ὲν
1480 5335 1645 5388 πᾶσιν
1688 5334 1931 5404 ποιήμα-

363 5422 452 5476 σίν
485 5439 606 5493 μου,
636 5418 718 5486 οἷς
760 5422 1025 5491 ἐποίησαν
1054 5423 1109 5475 αἱ
1153 5424 1337 5494 χεῖρές
1369 5442 1493 5492 μου,
1519 5426 1613 5479 καὶ
1652 5426 1709 5477 ὲν
1746 5424 1931 5496 μόχθῳ

360 5506 409 5581 ᾧ
440 5512 725 5584 ἐμόχθησα
753 5510 846 5565 τοῦ
895 5514 1091 5579 ποιεῖν,
1134 5513 1231 5565 καὶ
1266 5514 1374 5567 ἰδοὺ
1399 5515 1469 5569 τά
1498 5514 1677 5568 πάντα
1706 5515 1937 5585 ματαιό-

1949 4539 1996 4593 D

2576 4555 2866 4612 HOMILIA
2906 4556 3047 4612 XIV.

2133 4671 2211 4725 De
2237 4671 2596 4736 distractione,
2623 4670 2780 4729 alias.
2802 4672 3107 4741 importuna
3132 4671 3491 4741 occupatione.

2099 4782 2170 4836 Et
2193 4782 2411 4851 quidem
2446 4781 2514 4835 de
2545 4781 2901 4836 distractione
2944 4781 3255 4835 luculenter
3299 4780 3593 4837 admodum

2028 4873 2191 4928 docet
2252 4889 2354 4927 nos
2407 4873 2769 4928 Ecclesiastes
2806 4911 2821 4936 ,
2874 4871 3025 4926 hisce
3079 4871 3267 4926 verbis
3317 4887 3332 4926 :
3401 4890 3419 4922 ι
3458 4872 3593 4926 Dedi

2034 4981 2130 5020 cor
2158 4980 2341 5019 meum
2381 4964 2806 5034 utexquirerem
2844 4972 2901 5018 et
2944 4962 3349 5019 considerarem
3381 4961 3602 5031 sapien-

2034 5066 2122 5112 ter
2173 5056 2240 5111 de
2287 5057 2544 5111 omnibus
2598 5071 2721 5125 quae
2774 5056 2912 5110 fiunt
2968 5056 3071 5110 sub
3123 5056 3275 5118 sole,
3317 5056 3443 5125 quia
3502 5069 3599 5110 oc-

2035 5148 2384 5217 cupationem
2423 5146 2617 5201 malam
2668 5146 2820 5201 dedit
2873 5148 3020 5203 Deus
3070 5147 3196 5203 liliis
3228 5148 3509 5203 hominum
3538 5156 3598 5201 ut

2036 5248 2442 5309 occuparentur
2476 5240 2531 5292 in
2555 5254 2618 5293 ea
2645 5240 2748 5294 τ’.»
2782 5240 2911 5294 Post
2943 5256 3116 5310 pauca
3145 5258 3159 5294 :
3191 5260 3210 5291 ‹
3241 5239 3309 5294 Et
3352 5240 3464 5295 vidi
3496 5255 3597 5309 ego

2038 5332 2094 5386 in
2147 5332 2403 5386 omnibus
2451 5331 2714 5401 operibus
2758 5333 2896 5403 meis
2949 5349 3069 5401 quae
3115 5332 3366 5386 fecerunt
3408 5346 3602 5385 manus

2040 5438 2195 5485 mete,
2222 5432 2277 5475 et
2322 5423 2379 5475 in
2424 5422 2615 5476 labore
2652 5438 2761 5492 quo
2786 5422 2978 5477 sudavi
3009 5431 3070 5476 ut
3105 5422 3361 5481 facerem.
3395 5429 3451 5475 et
3472 5434 3601 5474 ecce

2041 5513 2298 5568 universa
2327 5511 2539 5566 vanitas
2577 5511 2645 5564 ⁷³.
2680 5530 2697 5562 ι
2740 5510 2991 5566 Rursus:
3025 5530 3043 5562 ‹
3082 5512 3223 5564 Ante
3269 5510 3460 5564 faciem
3500 5509 3601 5562 ho-

440 5669 484 5744 ff’
512 5668 674 5722 Prov.
712 5685 881 5744 xxvii,
902 5668 1002 5744 ᾷθ.
1073 5669 1119 5702 ⁶⁰
1139 5668 1335 5744 πᾶσιν,
1385 5669 1521 5744 1,}.
1549 5738 1559 5744 _
1584 5669 1640 5744 _“
1662 5668 1910 5744 Psal.__x_x.'

2010 5683 2059 5744 Il,
2088 5668 2141 5721 7.
2180 5665 2303 5744 __"_I
2329 5664 2466 5720 Tim.
2498 5665 2654 5744 vianti.
2708 5664 3068 5744 _‘_3_I3phe§._v,
3092 5663 3181 5744 6.__
3218 5662 3262 5744 εξ
3295 5662 3598 5744 I’_rov.x,:.’.

366 5738 416 5770 "
442 5739 602 5792 Prov.
629 5754 762 5805 χχιι,
791 5739 840 5793 l.
905 5740 952 5774 °°
972 5741 1135 5796 Prov.
1169 5756 1223 5804 χ,
1248 5740 1338 5794 26.
1417 5740 1459 5771 ⁸⁷
1483 5738 1626 5796 Ibid.

366 5808 420 5842 "
460 5808 597 5863 Ibid.
641 5808 720 5862 14.

1728 5740 1772 5771 ⁸³⁸
1804 5737 1939 5793 Ibid.
1976 5738 2065 5792 28.

2177 5738 2222 5769 ⁶⁹
2258 5736 2389 5791 Luc.
2419 5752 2516 5801 xu,
2543 5728 2631 5789 20.
2708 5735 2753 5768 "
2779 5728 2918 5789 Ibid.
2951 5734 3040 5787 2|.
3143 5734 3184 5766 ⁷⁸
3220 5732 3474 5797 Eccltm,
3508 5728 3596 5786 I5.
