4052 6542
597 354 724 420 1471

1867 362 2232 424 ANTIOCHI
2270 361 2617 424 MONACHI

3651 379 3750 446 14ῖὲ

595 467 761 521 minis
815 467 969 522 dedit
1012 468 1336 539 sapientiam
1379 479 1433 524 et
1474 470 1764 527 scientiam
1798 483 1853 526 et
1894 475 2151 529 laetitiam

2270 490 2388 541 της.
2424 492 2443 524 ι
2478 474 2588 526 Καὶ
2628 472 2822 526 πάλιν·
2851 493 2869 523 ι
2906 474 3020 543 Πρὸ
3065 491 3350 545 προσ-ωπον
3396 482 3481 535 τοῦ
3522 486 3753 560 ἀνθρώπου

592 560 867 630 peccatori
898 569 1079 614 autem
1116 560 1267 614 dedit
1294 561 1449 631 (illud
1471 563 1694 627 ἔδωκεν,
1725 564 1900 630 dedit,
1933 565 2165 634 intelligi

593 651 760 705 debet
814 668 913 721 pro
944 653 1341 721 συνεχώρησεν,
1384 655 1632 723 permisit
1692 656 1869 711 libero
1927 656 2166 711 hominis

593 744 871 814 arbitrio),
913 754 974 796 ut
1004 744 1167 797 addat
1200 753 1255 797 et
1285 759 1583 817 congreget
1616 765 1631 813 ;
1677 748 1729 801 id
1764 749 1913 818 quod
1952 749 2166 803 vanitas

592 852 811 904 quoque
860 846 945 890 est
972 838 1035 889 ⁷³.
1073 836 1269 891 Omnia
1339 837 1406 891 de
1460 838 1686 915 pulvere
1740 839 1881 893 facta
1929 850 2078 903 sunt,
2110 848 2166 894 et

591 929 775 981 omnia
795 928 849 981 in
878 929 1154 997 pulverem
1184 938 1539 984 revertentur
1565 932 1632 985 ⁷⁸.
1666 951 1684 982 ι
1719 931 1939 985 lnducit
1966 947 1978 983 :
2011 951 2029 983 ι
2054 932 2164 986 Me-

590 1020 698 1073 lius
720 1028 804 1073 est
841 1020 1041 1088 repleri
1076 1022 1285 1090 pugillo
1313 1022 1540 1090 quietis,
1569 1038 1733 1093 quam
1777 1023 1991 1092 impleri
2027 1024 2165 1078 duo-

588 1112 692 1165 bus
716 1112 1161 1180 pugillislaboris
1185 1115 1250 1168 τδ.
1300 1132 1317 1165 ι
1360 1114 1563 1168 lterum
1598 1133 1610 1169 :
1656 1135 1674 1166 ι
1712 1115 1774 1169 1n
1802 1115 2005 1183 quibus
2034 1115 2162 1171 dedi

587 1222 683 1259 cor
720 1222 901 1260 meum
937 1215 996 1260 ut
1022 1222 1414 1278 cognoscerem
1445 1218 1730 1279 peccatum
1762 1225 1943 1265 meum
1967 1251 1982 1276 ,
2016 1218 2073 1266 et
2101 1220 2163 1265 ut

587 1297 832 1352 viderem
887 1299 1249 1354 tentationem
1287 1317 1408 1371 qua:
1456 1301 1599 1355 facta
1628 1312 1714 1357 est
1743 1318 1908 1372 super
1934 1312 2159 1369 terram,

585 1391 716 1458 quia
756 1406 856 1444 nec
890 1391 1127 1446 interdiu
1164 1409 1266 1447 nec
1294 1405 1460 1447 noctu
1491 1409 1745 1448 somnum
1778 1395 1930 1450 videt
1968 1397 2162 1451 oculus

585 1481 722 1551 ejus,
753 1492 811 1535 et
839 1484 1021 1537 omnis
1050 1483 1160 1537 vita
1188 1484 1241 1536 in
1268 1484 1643 1540 sollicitudine
1674 1494 1794 1551 est;
1826 1486 2160 1556 principium

583 1576 732 1629 enim
767 1577 1036 1630 malorum
1074 1579 1190 1647 ipsa
1258 1579 1540 1633 distractio
1573 1590 1657 1634 est
1688 1582 1754 1634 ⁷⁸.
1803 1601 1820 1633 ι
1863 1582 2159 1651 Perspicue

585 1669 885 1722 admodum
936 1669 1135 1723 divinze
1191 1670 1397 1725 docent
1453 1672 1653 1727 litterae
1683 1683 1739 1727 et
1768 1673 2072 1728 rationibus
2103 1681 2159 1727 et

582 1762 847 1832 exemplis
905 1764 1176 1831 ejusmodi
1209 1764 1653 1833 occupationem,
1692 1766 1863 1819 vitam
1893 1780 2017 1821 esse
2054 1766 2157 1819 im-

582 1856 799 1923 piorum
851 1864 906 1909 et
956 1864 1307 1924 peccatorum
1353 1856 1659 1911 hominum.
1689 1855 1892 1912 Omnes
1932 1858 2154 1926 quidem

583 1948 727 2002 hanc
754 1948 927 2001 vitare
958 1946 1227 2001 debemus
1252 1965 1266 2013 ;
1301 1963 1415 2016 pne
1445 1948 1659 2003 caneris
1687 1956 1872 2003 autem
1894 1950 2153 2016 maxime,

580 2057 681 2096 nos
693 2043 784 2112 qui
803 2042 1185 2112 quadantenus
1210 2043 1414 2098 mundo
1435 2046 1566 2098 huic
1585 2046 1968 2108 valediximus,
1986 2053 2042 2100 et
2058 2061 2156 2100 an-

578 2137 805 2204 gelicam
855 2136 1023 2189 vitam
1080 2137 1324 2189 ultronei
1368 2136 1714 2205 suscepimus
1765 2136 2150 2190 exercendam.

584 2227 793 2297 10.7.7
815 2227 958 2282 Sane
978 2228 1137 2296 quies
1162 2227 1335 2281 libera
1362 2236 1418 2282 et
1433 2243 1630 2297 expers
1649 2229 1852 2299 negotii
1874 2229 2155 2283 saecularis

578 2316 751 2370 multo
811 2326 897 2371 est
946 2317 1150 2371 clarior
1200 2326 1365 2387 atque
1416 2317 1685 2373 illustrior
1715 2319 2005 2388 splendore
2048 2319 2153 2375 isto

576 2409 819 2462 nominis
873 2408 968 2477 qui
1017 2418 1246 2478 paratur
1295 2409 1572 2465 obeundis
1616 2410 1809 2464 mundi
1860 2410 2149 2479 negotiis;

574 2501 661 2554 vel
703 2508 840 2554 teste
890 2515 1015 2555 cum
1061 2501 1256 2569 primis
1302 2502 1561 2570 Apostolo
1593 2519 1607 2555 :
1644 2521 1662 2553 ι
1705 2503 1877 2557 Nemo
1909 2504 2152 2559 militans

575 2592 890 2661 implicatur
916 2593 1043 2647 vita:
1069 2594 1230 2662 huius
1257 2595 1511 2664 negotiis,
1540 2603 1603 2648 ut
1631 2596 1681 2650 ei
1721 2596 1934 2666 placeat
1976 2597 2063 2651 cui
2091 2612 2150 2652 se

574 2682 825 2751 probavit
850 2683 915 2737 ⁷⁷.
947 2702 964 2732 ι
996 2684 1207 2737 Rursus
1235 2700 1247 2737 :
1281 2702 1299 2734 ι
1342 2683 1413 2738 Ut
1445 2686 1690 2754 quietam
1715 2695 1770 2741 et
1796 2688 2147 2757 tranquillam

572 2774 740 2827 vitam
762 2790 985 2843 agamus
1008 2774 1063 2828 in
1091 2775 1242 2829 omni
1278 2776 1483 2845 pietate
1513 2787 1569 2831 et
1599 2778 1852 2833 castitate
1887 2780 1954 2833 ⁷⁸.
1993 2798 2013 2830 ι
2052 2778 2149 2835 His

573 2874 967 2927 consentanea,
998 2866 1142 2921 votis
1195 2868 1452 2922 omnibus
1510 2870 1856 2938 expetendus
1883 2870 2149 2926 Dominus

572 2972 674 3010 nos
712 2972 810 3025 per
840 2957 1107 3011 Marlbam
1134 2957 1352 3022 edocet,
1388 2959 1578 3015 dicens
1600 2960 1778 3014 eidem
1811 2978 1824 3014 :
1855 2980 1874 3013 ι
1912 2961 2144 3026 Martha,

571 3046 802 3110 Martha,
828 3048 1065 3103 sollicita
1112 3065 1173 3103 es
1215 3058 1271 3102 et
1302 3050 1542 3105 turbaris
1586 3052 1730 3107 circa
1760 3054 1953 3108 multa.
1978 3054 2147 3109 Porro

2267 564 2467 617 ἔδωκεν
2547 565 2775 632 σοφίαν,
2839 566 2931 619 καὶ
3003 566 3224 633 γνῶσιν,
3278 570 3366 624 καὶ
3446 575 3754 656 εὐφροσύνην.

2267 658 2361 708 καὶ
2417 656 2493 725 τῷ
2549 658 2917 728 ἁμαρτάνοντι
3009 658 3214 711 ἔδωκεν
3274 672 3617 737 περισπασμδν
3680 678 3759 748 (τὸ

2265 747 2377 816 γὰρ
2403 747 2647 811 ἔδωκεν,
2674 749 2795 801 ἀντὶ
2842 748 2938 801 τοῦ
2984 749 3407 819 συνεχώρησεν
3426 795 3439 817 ,
3466 764 3682 830 νοητέον,
3708 773 3758 841 τῇ

2264 841 2710 910 αύτεξουσιότητι
2783 840 2879 894 τοῦ
2954 840 3284 913 ἀνθρώπου),
3332 846 3419 898 τοῦ
3478 854 3759 920 προσθεῖναι,

2264 934 2475 987 καὶτοῦ
2510 938 2869 1003 συναγαγεῖν
2901 936 2984 990 ὅτι
3020 937 3112 989 καί
3144 953 3205 1003 γε
3227 936 3375 990 τοῦτο
3410 945 3686 1015 ματαιότης·
3711 954 3762 1004 τὰ

2264 1028 2441 1081 πάντα
2471 1027 2689 1094 ἐγένετο
2717 1028 2827 1080 ἀπὸ
2853 1028 2948 1081 τοῦ
2976 1029 3122 1098 χοὸς,
3159 1029 3253 1082 καὶ
3288 1028 3354 1081 τὰ
3378 1033 3539 1087 πάντα
3564 1040 3761 1113 ἐστράφη

2263 1119 2357 1172 ἐπὶ
2405 1119 2500 1171 τὸν
2548 1119 2702 1188 χοῦν.
2734 1138 2753 1170 ι
2797 1121 2908 1173 Καὶ
2959 1120 3160 1189 ἐπάγει
3188 1136 3203 1150 ⁹
3238 1139 3257 1171 ι
3299 1124 3515 1191 Ἀγαθὸν
3539 1128 3764 1202 πλήρωμα

2261 1208 2458 1277 δρακὸς
2510 1209 2905 1275 ἀναπαύσεως,
2938 1211 3076 1283 ὑπὲρ
3142 1212 3409 1283 πλήρωμα
3460 1217 3543 1269 δύο
3590 1221 3763 1289 ὄρακῶν

2266 1300 2467 1371 μόχθου
2506 1317 2520 1330 ’
2566 1320 2584 1352 ι
2619 1302 2714 1353 καὶ
2754 1297 2933 1367 αὖθις,
2970 1321 2989 1354 ι
3041 1304 3129 1357 Ἐν
3166 1296 3247 1364 οἷς
3279 1304 3447 1359 ἔδωκα
3470 1308 3558 1378 τὴν
3581 1315 3763 1381 καρδίαν

2264 1410 2389 1459 μου,
2420 1391 2513 1444 τοῦ
2545 1392 2749 1459 γνῶναι
2772 1393 2869 1464 τὴν
2891 1395 3166 1464 ἁμαρτίαν
3191 1412 3313 1466 μου,
3340 1399 3535 1454 καὶτοῦ
3565 1404 3671 1456 ίδεῖν
3694 1409 3763 1461 τὸν

2260 1482 2646 1553 περισπασμὸν
2692 1485 2801 1538 τῶν
2863 1487 3253 1557 πεποιημένων
3297 1489 3387 1542 ἐπὶ
3425 1490 3518 1560 τῆς
3552 1495 3763 1563 γῆς·οότι

2262 1582 2361 1635 καὶ
2398 1582 2457 1635 ἐν
2495 1581 2678 1655 ἡμέρᾳ
2715 1586 2814 1639 καὶ
2862 1585 2920 1636 ὲν
2954 1586 3110 1638 νυκτὶ
3147 1583 3312 1638 ὕπνον
3339 1586 3594 1656 ὀφθαλμὸς
3634 1593 3762 1646 αὐτοῦ

2258 1674 2359 1726 οὐκ
2386 1673 2534 1726 ἔστιν
2564 1675 2780 1743 βλέπων
2815 1693 2828 1707 ο
2862 1677 2958 1729 καὶ
2992 1677 3100 1737 πᾶς
3127 1678 3154 1729 6
3188 1676 3301 1744 βίος
3328 1678 3546 1741 ἀσεϐοῦς
3569 1684 3619 1732 ὲν
3646 1699 3763 1751 φρονι

2256 1766 2362 1818 τίδι
2388 1783 2400 1797 ·
2434 1768 2530 1820 καὶ
2574 1767 2685 1838 γάρ
2729 1768 2872 1839 ἀρχὴ
2918 1770 3103 1822 κακῶν
3147 1769 3175 1820 6
3215 1772 3599 1841 περισπασμός.
3635 1790 3651 1822 ι
3680 1774 3761 1843 Τῆς

2260 1855 2409 1919 θείας
2439 1857 2661 1928 Γραφῆς
2682 1857 2949 1929 ἀριδήλως
2982 1857 3340 1927 ύποδειξάσης
3364 1862 3489 1930 ἡμῖν
3541 1861 3621 1914 τὸν
3642 1879 3763 1933 περι.

2258 1947 2510 2015 σπασμὸν
2560 1947 2674 2017 βίον
2707 1944 2847 2001 εἶναι
2890 1948 3126 2007 ἀσεϐῶν.
3158 1949 3438 2018 ὀφείλομεν
3472 1951 3641 2004 τοῦτον
3660 1954 3761 2005 dm-

2256 2038 2449 2109 δρᾶσαι
2483 2055 2497 2069 ·
2539 2040 2832 2111 ἐξαιρέτως
2888 2040 2943 2094 δὲ
2986 2042 3149 2110 ἡμεῖς
3204 2042 3253 2094 oi
3303 2042 3380 2112 τῷ
3425 2044 3599 2113 κόσμῳ
3638 2044 3759 2114 δῆθεν

2255 2131 2678 2202 ἁποταξάμενοι,
2712 2133 2928 2187 καὶτὸν
2975 2134 3267 2202 άγγελικδν
3312 2135 3422 2204 βίον
3468 2137 3760 2209 ὲπανηρῃμέ-

2254 2239 2356 2276 νοι.
2401 2224 2741 2294 Ἀπράγμων
2769 2223 2876 2293 γὰρ
2900 2224 3120 2294 ήσυχία,
3154 2226 3258 2293 τῆς
3290 2226 3347 2279 ὲν
3377 2226 3668 2297 πράγμασιν
3689 2246 3761 2281 περ

2259 2314 2541 2384 ριφανείας
2586 2316 2921 2385 τιμιωτέρα·
2957 2316 3197 2386 μάλιστα
3246 2316 3343 2370 τοῦ
3396 2317 3686 2372 Ἀποστόλου
3703 2321 3762 2373 λέ·

2253 2422 2467 2473 γοντος’
2507 2426 2525 2458 ι
2559 2408 2748 2472 Οὐδεὶς
2779 2410 3214 2479 στρατευόμενος
3235 2410 3556 2479 ἐμπλέκεται
3577 2416 3680 2474 ταῖς
3694 2412 3761 2466 τοῦ

2255 2499 2371 2568 βίου
2402 2500 2830 2571 πραγματείαις,
2856 2501 2943 2555 ἵνα
2964 2501 3042 2572 τῷ
3066 2501 3554 2572 στρατολογήσαντι
3570 2504 3759 2575 ἀρέσῃ.»

2253 2589 2363 2642 Καὶ⁵
2387 2589 2568 2644 πάλιν·
2605 2608 2623 2641 ι
2660 2589 2758 2642 Ἴν’
2787 2590 2995 2661 ἤρεμον
3039 2593 3133 2644 καὶ
3156 2591 3383 2662 ἡσύχιον
3417 2591 3524 2661 βίον
3543 2592 3763 2663 διάγωμεν

2250 2680 2309 2731 ὲν
2337 2679 2485 2752 πάσῃ
2516 2679 2768 2749 εὐσεϐείᾳ
2800 2682 2893 2732 καὶ
2931 2679 3247 2750 σεμνότητι.
3287 2700 3306 2732 ι
3342 2681 3424 2733 Τὰ
3460 2681 3591 2735 αὐτὰ
3627 2682 3764 2735 δὲκαὶ

2248 2772 2277 2824 6
2306 2771 2678 2839 πολυπόθητος
2710 2770 2916 2842 Κύριος
2939 2773 3089 2840 ἡμᾶς
3118 2770 3207 2824 διὰ
3235 2774 3332 2841 τῆς
3366 2771 3587 2843 Μάρθας
3605 2773 3763 2826 ἐκδιδά-

2251 2881 2401 2927 σκει,
2447 2865 2623 2932 λέγων
2660 2866 2799 2937 πρὸς
2855 2866 3050 2925 αὐτήνσ
3083 2884 3100 2916 ι
3142 2866 3369 2937 Μάρθα,
3402 2866 3609 2937 Μάρθα,
3649 2884 3768 2936 μερι-

2252 2958 2390 3027 μνᾷς
2444 2957 2540 3011 καὶ
2588 2954 2838 3030 τυρϐάζῃ
2914 2958 3042 3026 περὶ
3118 2958 3329 3011 πολλάσ
3393 2959 3505 3022 ἐνὸς
3549 2959 3597 3011 δέ
3652 2962 3765 3011 ἐστιν

2247 3047 2430 3117 χρεία.
2468 3067 2486 3100 ι
2526 3049 2718 3119 Μαρία
2745 3050 2852 3120 γὰρ
2898 3051 2997 3121 τὴν
3041 3049 3257 3120 ἀγαθὴν
3288 3052 3477 3122 μερίδα
3518 3051 3764 3115 ἐξελέξατο.

574 3151 742 3191 unum
771 3148 854 3192 est
876 3141 1249 3195 necessarium
1270 3143 1333 3193 ⁷ο.
1359 3161 1377 3192 ›
1400 3142 1777 3199 Consimiliter
1800 3161 1898 3215 per
1921 3147 2143 3215 parabo-

2261 3137 2494 3209 Ὁμοίως
2518 3138 2573 3191 δὲ
2605 3139 2699 3192 καὶ¹
2733 3138 2821 3192 διὰ
2852 3140 2951 3210 τῆς
2979 3141 3302 3211 παραϐολῆς
3338 3141 3430 3194 τοῦ
3482 3141 3763 3210 σπείροντος,

571 3229 678 3282 lam
699 3228 766 3284 de
790 3246 856 3285 eo
872 3231 1152 3286 inductam
1174 3234 1266 3302 qui
1291 3235 1549 3294 seminat,
1568 3234 1789 3304 quando
1805 3236 1958 3299 dicit,
1981 3237 2147 3306 quod-

571 3320 696 3374 dam
728 3322 947 3391 quidem
979 3323 1245 3379 cecidisse
1272 3325 1414 3379 inter
1442 3326 1656 3395 spinas;
1689 3343 1810 3397 qua:
1837 3328 1926 3382 ubi
1953 3344 2147 3383 ascen-

570 3411 792 3475 derunt,
819 3413 1227 3469 suﬂocaverunt
1251 3417 1383 3470 illud
1407 3417 1485 3469 ³ος
1512 3434 1609 3487 per
1634 3418 2143 3489 interpretationem

572 3502 735 3557 infert
773 3522 785 3557 ε
818 3504 911 3558 Ille
934 3515 1016 3560 est
1042 3508 1135 3576 qui
1155 3508 1383 3562 verbum
1413 3509 1636 3578 quidem
1660 3511 1832 3573 audit.
1862 3512 1956 3567 sed
1993 3512 2147 3567 solli-

571 3596 758 3649 citudo
792 3598 977 3652 saeculi
1008 3599 1170 3668 hujus
1198 3616 1261 3655 ac
1290 3602 1541 3672 deceptio
1578 3604 1894 3659 divitiarum
1935 3606 2146 3674 praefo-

571 3697 698 3741 cant
718 3686 968 3752 verbum,
988 3703 1090 3743 nec
1117 3689 1411 3746 fructiﬁcat
1440 3713 1451 3745 :
1479 3694 1627 3761 quod
1647 3703 1830 3749 autem
1857 3694 1913 3749 in
1941 3704 2141 3750 terram

570 3778 770 3831 bonam
804 3779 1131 3834 seminatum
1164 3790 1267 3842 est.
1302 3782 1356 3836 hi
1390 3792 1520 3837 sunt
1540 3786 1634 3853 qui
1658 3785 1890 3839 audiunt
1912 3787 2139 3841 verbum

570 3868 734 3921 corde
768 3867 934 3931 bono,
969 3868 1075 3924 hoc
1106 3879 1188 3925 est
1216 3873 1463 3941 requiete
1499 3881 1555 3929 et
1598 3875 1912 3945 tranquillo,
1943 3885 1999 3930 et
2050 3877 2141 3931 isti

568 3958 807 4014 fructum
864 3960 1112 4016 referunt
1167 3963 1300 4028 Deo,
1356 3966 1446 4021 ille
1505 3967 1725 4036 quidem
1777 3970 2137 4038 trigesimum,
2186 4036 2189 4037 ν

568 4050 705 4105 alter
732 4059 915 4106 autem
953 4056 1370 4123 sexagesimum,
1407 4057 1547 4112 alius
1584 4074 1717 4113 vero
1755 4062 2137 4118 centesimum.

567 4142 673 4213 Ipsi
699 4143 870 4214 gloria
902 4144 955 4198 in
984 4146 1177 4201 sazcula
1204 4148 1549 4203 saeculorum.
1581 4148 1775 4206 Amen.

1136 4254 1419 4310 IIOMILIA
1468 4257 1580 4313 XV.

638 4363 789 4429 Quod
834 4365 917 4419 hic
946 4367 1172 4422 mundus
1204 4371 1509 4453 neutiquam
1532 4372 1707 4425 veniat
1747 4372 2064 4445 diligendus.

638 4477 770 4543 Viri,
799 4478 893 4548 qui
946 4480 1070 4550 igne
1122 4481 1407 4538 charitatis
1460 4483 1515 4539 in
1562 4484 1841 4541 Christum
1896 4491 2134 4555 accensi,
2172 4501 2214 4556 ι)

566 4579 824 4648 parentes
860 4570 1206 4641 reliquimus,
1246 4572 1406 4641 ﬁlios,
1432 4574 1653 4640 fratres,
1691 4578 1928 4648 denique
1956 4584 2138 4638 omnia

565 4644 689 4729 qua:
725 4661 885 4717 istius
902 4673 1031 4717 sunt
1064 4664 1247 4719 saeculi
1276 4667 1427 4720 velut
1449 4676 1694 4724 stercora
1727 4674 2138 4738 aestimavimus,

567 4760 628 4805 ut
662 4751 879 4806 tandem
911 4751 1193 4808 Christum
1222 4769 1638 4824 promereamur
1663 4760 1983 4818 lucrifacere
2012 4780 2137 4829 :ne,

565 4857 753 4911 quaeso
781 4883 794 4905 ,
826 4844 1044 4898 inanem
1080 4861 1421 4917 aucupentur
1443 4849 1532 4905 hic
1558 4851 1785 4920 gloriam
1805 4894 1820 4917 ,
1853 4871 1922 4909 ne
1951 4872 2136 4910 curam

567 4932 747 4987 carnis
790 4932 1102 4999 fecerimus,
1134 4953 1236 4992 nec
1294 4942 1627 5008 temporaria
1674 4943 1789 4999 haec
1821 4955 1878 5000 et
1903 4947 2139 5003 obnoxia

564 5024 892 5091 corruptela:
916 5035 1202 5096 tantOpere
1230 5028 1569 5093 deamemus,
1611 5049 1681 5087 ne
1723 5034 1779 5088 in
1811 5044 1957 5091 terra
1982 5037 2139 5093 defo-

570 5110 790 5165 diamus
820 5114 1086 5168 talentum
1117 5117 1278 5171 nobis
1312 5121 1709 5185 concreditum,
1739 5140 1877 5179 neve
1914 5126 2004 5181 hic
2048 5144 2143 5196 pa-

566 5204 730 5257 triam
750 5205 1004 5274 inquilini
1026 5224 1357 5277 quaeramus,
1380 5216 1550 5283 magis
1572 5231 1704 5269 vero
1726 5216 1968 5272 futuram
1986 5219 2134 5273 illam

569 5301 687 5348 toto
723 5310 1105 5364 perqmramus
1149 5310 1410 5369 pectore;
1445 5312 1556 5359 tota
1598 5306 1767 5361 animi
1803 5308 2135 5379 cogitatione

568 5384 935 5453 suspiciamus
964 5387 1153 5443 beatos
1178 5387 1303 5445 illos
1328 5394 1520 5449 mundi
1547 5396 1768 5464 quidem
1798 5413 1863 5452 ex
1891 5400 2137 5468 professo

570 5492 777 5542 osores,
831 5493 1006 5549 eoque
1052 5489 1326 5537 amatores
1360 5484 1476 5537 Dei.
1510 5486 1636 5541 Illos
1680 5487 2014 5551 intueamur,
2042 5492 2139 5561 qui

570 5571 807 5623 mentem
862 5587 1131 5641 nusquam
1188 5573 1297 5627 alio
1355 5577 1695 5632 evariantem
1735 5579 1791 5634 in
1818 5589 2022 5636 :eterna
2047 5584 2138 5639 illa

642 5721 689 5804 ’.³
721 5722 1006 5804 Eccle._it,
1194 5727 1241 5804 ’ζξ
1272 5728 1452 5804 Eccle.
1484 5745 1565 5794 ιιι,
1604 5732 1693 5786 9.0.
1772 5736 1817 5768 ⁷⁵
1838 5736 1984 5793 Eccl.
2012 5754 2080 5804 tv,
2110 5738 2160 5793 6.

573 5788 619 5826 ⁷⁸
654 5792 789 5847 Luc.
820 5808 872 5857 Χ,
904 5794 992 5859 41,
1034 5795 1121 5850 42.
1193 5798 1241 5829 ⁸⁸
1276 5799 1465 5855 Matth.
1508 5788 1626 5867 χιιι,
1657 5804 1771 5859 4-8.

2248 3231 2306 3281 ὲν
2339 3230 2416 3300 τῷ
2438 3230 2638 3298 λέγειν·
2675 3250 2693 3281 ι
2720 3230 2787 3284 Ἃ
2817 3232 2916 3300 μὲν
2951 3231 3146 3284 ἔπεσεν
3174 3235 3270 3286 ἐπὶ
3300 3233 3399 3296 τὰς
3434 3233 3670 3295 ἀκάνθας.
3694 3234 3768 3285 καὶ

2245 3323 2517 3392 ἀνέϐησαν
2544 3324 2598 3375 αί
2624 3323 2880 3387 ἄκανθαι,
2911 3325 3007 3376 καὶ
3035 3324 3347 3391 ἀπέπνιξαν
3375 3326 3529 3378 αὐτά.
3553 3345 3567 3375 ι
3588 3326 3767 3393 Καὶέρ-

2247 3412 2497 3483 μηνεύων
2550 3414 2828 3485 ἐπιφέρει,
2864 3408 3085 3478 ιὈὗτός
3134 3417 3292 3468 ἐστιν
3324 3418 3353 3469 6
3402 3416 3489 3469 τὸν
3518 3415 3657 3483 λόγον
3693 3432 3768 3484 μου

2244 3505 2480 3568 ἀκούων,
2522 3506 2673 3575 καὶὴ
2712 3505 2955 3576 μέριμνα
2987 3504 3082 3559 τοῦ
3113 3506 3349 3560 πλούτου
3401 3508 3674 3576 συμπνίγει
3696 3506 3769 3557 τὸν

2244 3595 2423 3665 λόγον,
2450 3596 2547 3649 καὶ
2571 3596 2820 3664 ἄκαρπος
2849 3597 3081 3664 γίνεται.
3101 3598 3158 3650 Ὁ
3184 3599 3242 3651 δὲ
3272 3600 3363 3651 ἐπὶ
3390 3600 3484 3669 τὴν
3521 3597 3670 3667 καλὴν
3690 3599 3770 3665 γῆν

2245 3690 2495 3755 σπαρεὶς,
2542 3680 2689 3741 οὗτοί
2726 3690 2861 3743 εἰσιν
2906 3691 2955 3742 οἱ
2990 3689 3082 3743 τὸν
3114 3690 3276 3758 λόγον
3326 3708 3426 3757 μου
3476 3690 3765 3751 ἀκούοντες»

2242 3780 2299 3832 ὲν
2332 3780 2529 3851 καρδίᾳ
2562 3780 2763 3851 ἀγαθῇ,
2798 3782 3078 3835 τουτέστιν
3110 3784 3167 3834 ἐν
3201 3782 3407 3854 ἡσυχία
3440 3785 3529 3835 καὶ
3556 3782 3767 3851 γαλήνῃ,

2248 3888 2268 3922 ι
2317 3872 2411 3924 καὶ
2454 3871 2895 3941 καρποφοροῦσιν
2926 3872 3003 3941 τῷ
3053 3873 3189 3943 Θεῷ,
3220 3877 3249 3927 6
3285 3876 3384 3944 μὲν
3437 3872 3768 3943 τριάκοντα,ὁ

2239 3961 2295 4014 δὲ
2330 3962 2544 4015 ἑκατόν.
2577 3961 2737 4033 Αὐτῷ
2788 3964 2821 4033 ἡ
2865 3962 2993 4030 δόξα
3034 3966 3115 4029 εἰς
3143 3966 3273 4030 τοὺς
3318 3966 3516 4031 αἰῶνας
3542 3965 3642 4019 τῶν
3666 3962 3769 4017 αἰώ-

2239 4068 2361 4107 νων.
2411 4052 2607 4125 Ἀμήν.

2833 4252 3053 4306 ΛΟΓΟΣ
3111 4253 3209 4307 ιε’.

2466 4366 2608 4435 Περὶ
2646 4366 2754 4422 τοῦ
2779 4367 2865 4436 μὴ
2894 4365 3139 4437 ἀγαπᾷν
3172 4368 3288 4421 τὸν
3311 4368 3563 4437 κόσμον.

2317 4479 2565 4551 Ἀνδρες,
2590 4482 2640 4534 οἱ
2670 4480 2761 4535 διὰ
2789 4481 2887 4552 τὴν
2919 4484 2997 4544 είς
3036 4481 3272 4552 Χριστὸν
3301 4483 3521 4551 ἀγάπην
3563 4478 3772 4534 καταλείο

2240 4572 2439 4642 ψαντες
2472 4576 2667 4642 γονεῖς.
2697 4576 2791 4627 καὶ
2829 4576 3014 4639 τέκνα,
3047 4575 3140 4628 καὶ
3180 4575 3468 4645 ἀδελφοὺς,
3504 4576 3594 4627 καί
3627 4572 3773 4626 πάντα

2241 4666 2310 4718 τὰ
2363 4665 2457 4719 τοῦ
2513 4666 2710 4731 αἰῶνος
2762 4666 2955 4720 τούτου
3014 4666 3258 4720 σκύϐαλα
3316 4668 3675 4738 ἡγησάμενοι,
3706 4661 3773 4714 ίνα

2242 4757 2476 4827 Χριστὸν
2506 4758 2883 4828 κερδήσωμεν,
2906 4759 2981 4828 μὴ
3017 4758 3253 4812 ἐνταῦθα
3280 4759 3603 4828 ζητήσωμεν
3623 4756 3771 4819 δόξαν.

2244 4848 2319 4919 μὴ
2360 4849 2561 4919 σαρκὸς
2619 4851 2876 4921 πρόνοιαν
2929 4851 3320 4921 ἐργασώμεθά,
3377 4850 3454 4921 μὴ
3503 4850 3772 4919 πρόσκαιρα

2244 4942 2337 4991 καὶ
2375 4939 2590 5010 φθαρτὰ
2634 4941 3033 5012 ἁγαπήσωμεν,
3068 4942 3142 5010 μὴ
3187 4941 3575 5011 κατορύξωμεν
3600 4941 3672 5001 είς
3698 4935 3773 5005 τὴν

2241 5032 2345 5101 γῆν
2394 5031 2454 5085 τὸ
2495 5031 2774 5097 τάλαντον,
2808 5030 2885 5101 μὴ
2932 5032 3355 5102 ἐπιζητήσωμεν
3403 5025 3503 5085 ὦδε
3556 5028 3769 5098 πατρίδα,

2241 5123 2379 5176 ἀλλὰ
2409 5125 2508 5193 τὴν
2556 5123 2858 5195 μέλλουσαν
2900 5121 3346 5194 ὲπιζητήσωμεν.
3394 5120 3770 5189 ’Δποϐλέψωμεν

2240 5216 2298 5269 δὲ
2327 5217 2407 5277 εἰς
2428 5217 2553 5277 τοὺς
2579 5215 2943 5285 μισοκόσμους
2968 5230 2981 5245 ⁸
3013 5216 3108 5266 καὶ
3156 5214 3405 5285 ὀψόμεθα
3434 5215 3641 5273 αὐτοὺς,
3669 5210 3769 5275 ὃλην

2240 5308 2339 5372 τὴν
2389 5306 2628 5359 διάνοιαν
2666 5306 2844 5359 αὐτῶν
2900 5306 3321 5376 μετοικισμένην
3375 5306 3501 5375 περὶ
3547 5302 3638 5363 τὰς
3681 5299 3771 5351 ἐκεῖ

2239 5398 2489 5461 αἰωνίους
2537 5397 2728 5468 μονάςο
2776 5417 2794 5449 ι
2837 5398 2901 5450 Οἳ
2932 5398 3027 5451 κα)⁸
3078 5397 3375 5467 περιῆλθον
3425 5398 3484 5449 ἐν
3530 5390 3771 5463 μηλωταῖς

2240 5492 2335 5544 καὶ⁸
2362 5491 2587 5560 αἰγείοις
2615 5491 2902 5561 δέρμασιν,
2930 5491 3321 5562 ὑστερούμενοι
3347 5530 3362 5552 ,
3397 5488 3716 5557 θλιϐόμενοι·
3749 5498 3764 5529 ι

2242 5584 2328 5636 ἵνα
2358 5582 2451 5636 τοῦ
2481 5581 2817 5653 ποθουμένου
2836 5581 3175 5651 κοσμοποιοῦ
3203 5581 3673 5652 κατατρυφήσωσι.
3695 5569 3768 5624 Διὸ

2241 5739 2284 5771 ⁷⁸
2315 5738 2529 5794 Ecclee.
2572 5753 2691 5803 VIII,
2722 5737 2809 5791 l6.
2885 5739 2928 5769 ⁷⁷
2958 5738 2979 5793 l
3026 5736 3168 5795 Tim.
3220 5753 3298 5805 ιι,
3328 5738 3383 5793 ι.
3490 5734 3533 5768 ⁷⁸
3566 5730 3689 5789 Ibid.
3714 5726 3761 5782 2.
