4052 6534
352 350 491 416 1473

1126 350 1455 412 HOMILIA
1494 352 1702 412 Χν.-
1733 350 1832 410 DE
1870 347 2025 411 NON
2070 349 2489 411 DILIGEN'DO
2528 350 2823 412 MUNDO.

3467 350 3605 415 1474

349 469 447 522 καὶ
480 470 646 537 ἡμεῖς
690 467 1003 537 ἀφορῶντες
1041 466 1122 530 είς
1169 466 1295 529 τοὺς
1340 466 1678 536 θαυμασίους
1723 464 1924 535 ἄνδρας

2038 463 2305 519 lomicilia
2339 466 2828 536 transcripserunt,
2858 464 2951 535 qui
2975 473 3033 520 et
3073 482 3092 516 ι
3123 465 3524 525 circumierunt
3548 473 3602 526 in

350 564 463 625 τοῖς
508 562 712 629 ῐχνεσιν
754 560 933 612 αὐτῶν
970 560 1523 632 ὲπακολουθήσωμεν,
1564 561 1701 632 πρὸς
1759 561 1926 632 μηδὲν

351 654 543 723 ἕτερον
579 652 890 721 βλέποντες,
932 652 1009 724 μὴ
1044 653 1180 725 πρὸς
1209 654 1369 718 δόξαν
1403 653 1774 723 ἀνθρωπίνην,
1804 650 1927 723 μηδ’

352 745 492 807 ὅλως
516 746 582 797 τά
606 744 702 797 τοῦ
738 744 932 803 αίῶνος
961 743 1173 810 τούτου,
1209 745 1295 797 ἵνα
1345 746 1721 816 ἐξισχύσωμεν
1758 760 1930 797 κατα-

352 834 538 888 λαϐεῖν
564 836 661 889 σὺν
683 836 868 897 αὐτοῖς
895 834 963 888 τά
994 836 1379 906 ἡτοιμασμένη.
1402 840 1513 899 τοῖς
1540 854 1558 888 ι
1594 834 1885 904 ἀγαπῶσιν
1907 853 1925 885 ι

353 930 446 982 τὸν
462 930 596 981 Θεὸν
631 928 831 997 ἀγαθά.
847 928 1116 999 Φύγωμεν
1141 925 1257 993 οὖν,
1281 931 1576 1000 ἀγαπητοὶ,
1611 928 1702 981 τὸν
1729 930 1932 997 κόσμον

356 1021 452 1073 καὶ
486 1020 551 1073 τά
604 1022 662 1073 ἑν
697 1018 775 1091 τῷ
805 1021 1015 1092 κόσμῳ.
1054 1040 1073 1074 ι
1121 1020 1177 1076 '0
1210 1023 1321 1091 7&9
1368 1020 1575 1091 κόσμος
1604 1021 1725 1084 ὅλος
1764 1020 1823 1073 ἑν
1857 1017 1933 1089 τῷ

356 1111 582 1184 πονηρῷ
643 1115 842 1175 κεῖται,
879 1132 899 1165 ι
934 1112 1121 1177 καθὼς
1143 1115 1171 1167 6
1196 1112 1338 1176 θεῖος
1377 1113 1697 1183 ἀπεφήνατο
1726 1111 1883 1180 λόγος
1916 1127 1929 1141 ⁸

354 1204 505 1275 ψυχὴ
532 1204 641 1276 γάρ
675 1205 752 1275 μὴ
786 1205 895 1258 τῶν
920 1206 1203 1276 κοσμικῶν
1232 1205 1612 1275 ἀπαλλαγεῖσα
1636 1205 1934 1276 φροντίδων

355 1298 483 1351 οὔτε
515 1298 605 1351 τὸν
638 1298 773 1351 Θεὸν
802 1300 1081 1367 ἀγαπήσει
1114 1298 1389 1369 γνησίως,
1414 1297 1537 1353 οὔτε
1571 1299 1661 1351 τὸν
1689 1298 1935 1352 διάϐολον

359 1387 672 1456 βδελύξεται
704 1388 892 1452 ἀξίως⁶
928 1389 1193 1460 κάλυμμα
1214 1389 1325 1460 γὰρ
1359 1387 1508 1453 ἅπαξ
1537 1389 1647 1458 ἔχει
1677 1389 1934 1460 φορτικὸν

358 1481 459 1551 τὴν
504 1480 776 1551 μέριμναν
828 1479 923 1533 τοῦ
970 1480 1111 1551 βίου.
1169 1481 1293 1533 Ἐὰν
1320 1475 1414 1534 οὖν
1440 1481 1521 1543 είς
1550 1480 1663 1547 ἕξιν
1690 1479 1934 1549 ἔλθωμεν

358 1572 454 1625 τοῦ
489 1575 849 1643 καταφρονεῖν
878 1572 986 1626 τῶν
1012 1574 1071 1625 ἐν
1096 1573 1173 1643 τῷ
1199 1573 1389 1644 κόσμῳ
1418 1572 1599 1626 καλῶν
1617 1614 1631 1634 ,
1659 1571 1935 1642 δυνάμεθα

359 1664 457 1717 καὶ
503 1665 602 1733 τὴν
635 1664 813 1735 γεώδη
859 1666 959 1735 τῆς
988 1665 1167 1735 ψυχῆς
1208 1664 1388 1735 ὄρεξιν
1421 1667 1488 1736 τῇ
1525 1663 1716 1735 λογικῇ
1759 1663 1933 1734 αὐτῆς

362 1756 599 1827 συνάψαι
617 1757 876 1822 διαθέσει,
894 1759 994 1828 τῆς
1011 1755 1298 1819 κοινωνίας
1318 1757 1413 1809 τοῦ
1437 1757 1595 1826 ἀγίου
1615 1757 1932 1827 [Ινεύματος

357 1849 519 1903 τοῦτο
564 1849 958 1920 οίκονομούσης
1007 1851 1164 1919 ἡμῖν.
1203 1850 1266 1902 Et
1310 1849 1404 1903 οὖν
1438 1850 1532 1902 ἐπὶ
1566 1849 1723 1920 ξένης
1748 1867 1932 1904 κατοι-

358 1941 567 2013 κοῦμεν
587 1982 601 2005 ,
628 1943 720 1995 καὶ
751 1943 783 2012 ἡ
820 1941 975 2004 πόλις
1007 1940 1167 2011 ἡμῶν
1199 1942 1417 2012 μακρὰν
1462 1942 1658 2013 ἀπέχει
1688 1943 1796 1996 ἀπὸ
1838 1944 1935 2013 τῆς

360 2034 572 2096 πόλεως
618 2032 823 2104 ταύτης
852 2073 867 2098 ,
896 2034 990 2085 καὶ
1023 2034 1244 2104 οἴδαμεν
1281 2035 1379 2101 τὴν
1420 2035 1575 2089 πόλιν
1609 2035 1767 2105 ἡμῶν
1805 2037 1865 2088 ἐν

365 2124 635 2195 μέλλομεν
664 2127 971 2178 κατοικεῖν·
1007 2125 1061 2178 τί
1086 2127 1168 2188 εἰς
1193 2126 1293 2197 τὴν
1318 2126 1607 2199 ἀλλοτρίαν
1651 2128 1937 2199 ἑτοιμάζο-

367 2234 470 2287 μεν
504 2217 713 2285 ἀγροὺς
757 2216 855 2269 καὶ
896 2216 1185 2287 οἰκοδομὰς
1234 2220 1329 2271 καὶ
1378 2220 1657 2289 οἰκήματα
1707 2221 1934 2290 μάταια,

364 2310 457 2363 καὶ
476 2308 811 2378 παρατάξεις
842 2309 1157 2373 πολυτελεῖς
1180 2327 1195 2376 ;
1234 2311 1421 2364 Ταῦτα
1456 2307 1552 2365 οὖν
1574 2314 1603 2365 6
1630 2312 1937 2382 ἑτοιμάξων

363 2403 448 2464 εἰς
503 2400 789 2471 ἀλλοτρίαν
836 2400 990 2453 πόλιν
1032 2400 1191 2472 δῆλός
1235 2403 1405 2467 ἐστιν,
1433 2403 1514 2456 ὅτι
1559 2404 1619 2455 ού
1666 2404 1940 2475 προσδοκᾷ

364 2489 766 2560 ὲπανακάμψαι
792 2491 872 2553 εἰς
900 2489 1000 2561 τὴν
1030 2490 1171 2544 ἰδίαν
1209 2491 1386 2557 πόλιν,
1417 2492 1694 2546 τουτέστιν
1728 2494 1810 2556 είς
1838 2493 1938 2563 τὴν

363 2583 480 2637 ἄνω
523 2581 903 2653 Ἰερουσαλήμ.
956 2581 1014 2634 '0
1048 2581 1157 2652 7&9
1184 2582 1441 2653 λογισμός
1477 2577 1657 2648 οὗτος,
1688 2584 1939 2654 ἀφρόνων

366 2674 463 2725 καλ⁸
481 2672 723 2743 διψύχων
742 2673 836 2726 καὶ
852 2670 1214 2743 ταλαιπώρων
1232 2671 1533 2743 ἀνθρώπων
1558 2674 1728 2727 ἐστίν.
1742 2676 1817 2727 Ού
1834 2676 1938 2747 γὰρ

368 2766 545 2819 συνίει
571 2766 653 2817 ὅτι
676 2764 851 2818 ταῦτα
879 2765 1059 2819 πάντα
1082 2765 1340 2835 ἁλλότριά
1375 2768 1501 2831 είσι,
1535 2768 1628 2820 καὶ
1662 2768 1769 2821 ὑπὸ
1788 2768 1942 2834 ἐξου-

366 2858 491 2919 σίας
519 2857 709 2925 ἑτέρου
740 2856 849 2909 sict
870 2896 885 2919 ,
921 2857 1170 2909 τουτέστι
1196 2856 1291 2909 τοῦ
1331 2856 1589 2927 ἄρχοντος
1615 2858 1711 2911 τοῦ
1746 2859 1941 2924 αἰῶνος

364 2951 581 3003 τούτου.
611 2948 727 3001 Οὐκ
746 2942 839 3001 οὖν
860 2946 1151 3015 ὀφείλομεν
1167 2947 1242 3009 ώς
1271 2948 1363 3001 ἐπὶ
1377 2947 1534 3020 ξένης
1557 2950 1942 3014 κατοικοῦντες

368 3044 538 3114 μηδὲν
558 3041 719 3095 πλέον
735 3041 1048 3111 ἑτοιμάζειν
1071 3041 1305 3106 ἑαυτοῖς,
1319 3041 1369 3093 εί
1396 3041 1470 3111 μὴ
1489 3042 1587 3111 τὴν
1608 3043 1941 3114 αὐτάρκειαν

2029 558 2267 625 melotis,
2297 559 2351 613 in
2384 559 2624 628 pellibus
2650 560 2923 629 caprinis,
2953 568 3201 630 egentes.
3233 561 3421 616 amicti
3452 563 3493 594 "
3530 580 3544 617 :
3580 583 3599 615 ι

2030 660 2089 703 ιιι
2120 650 2205 704 vel
2248 650 2644 705 deliciarentur
2676 668 2846 722 seque
2875 651 3219 707 oblectarent
3257 656 3605 725 contempla-

2032 743 2181 797 tione
2211 742 2401 797 mundi
2437 744 2599 798 istius
2629 744 2864 815 opiﬁcis,
2892 745 3027 798 nulli
3060 762 3172 799 non
3200 746 3290 815 pio
3326 749 3468 802 votis
3491 764 3607 803 om-

2030 835 2195 889 nibus
2225 836 2541 906 expetendi,
2573 853 2751 907 eoque
2780 846 2836 893 et
2869 854 2968 893 nos
3002 839 3057 892 in
3081 839 3434 895 admirabiles
3458 843 3607 899 viros

2032 927 2209 981 oculis
2232 927 2401 980 animi
2434 927 2650 991 deﬁxis,
2687 940 2835 985 recta
2880 930 3098 986 illorum
3132 932 3377 1001 vestigiis
3422 936 3607 1005 ingre-

2032 1018 2270 1083 diamur,
2298 1020 2352 1073 in
2384 1022 2591 1075 nullam
2624 1039 2850 1092 prorsus
2880 1041 2993 1079 rem
3036 1027 3195 1080 aliam
3226 1027 3421 1080 attenti
3450 1044 3464 1091 ;
3495 1043 3604 1081 non

2033 1109 2100 1165 ad
2157 1110 2444 1164 hominum
2484 1110 2551 1165 de
2594 1112 2757 1166 nobis
2804 1113 3257 1177 aastimationem,
3291 1130 3398 1168 non
3456 1113 3608 1168 aliud

2035 1199 2167 1256 item
2223 1201 2447 1272 quidvis
2496 1212 2874 1273 respectantes
2920 1206 3102 1259 sazculi
3142 1207 3349 1261 istius:
3385 1214 3443 1259 ut
3480 1221 3609 1260 cum

2035 1295 2168 1365 ipsis
2226 1296 2502 1365 possimus
2544 1296 2842 1365 aliquando
2892 1297 3052 1351 bonis
3084 1298 3194 1352 illis
3240 1298 3450 1367 perfrui
3487 1314 3610 1368 quae

2034 1395 2225 1454 parata
2274 1397 2403 1440 sunt
2460 1406 2478 1437 ι
2521 1387 2855 1457 diligentibus
2910 1407 2926 1439 ι
2982 1388 3153 1443 Deum
3183 1390 3251 1440 ⁸³.
3316 1389 3613 1459 Fugiamus

2036 1474 2220 1543 itaque
2276 1476 2540 1529 mundum
2574 1476 3059 1548 (charissimi)et
3111 1494 3233 1547 qua:
3290 1478 3343 1531 in
3405 1478 3611 1532 mundo

2036 1572 2163 1617 sunt
2189 1581 2202 1617 ε
2248 1584 2266 1615 ι
2296 1565 2534 1619 Mundus
2576 1567 2723 1620 enim
2752 1567 2842 1620 hic
2872 1575 3016 1622 totus
3050 1567 3104 1621 in
3135 1568 3374 1638 maligno
3396 1569 3616 1638 positus

2036 1665 2121 1710 est
2142 1656 2210 1720 ⁸³,
2244 1676 2262 1707 ι
2304 1666 2473 1727 prout
2508 1659 2727 1714 divinus
2764 1661 3157 1729 praenuntiavit
3183 1677 3385 1714 sermo.
3414 1662 3611 1716 Anima

2036 1745 2185 1800 enim
2217 1762 2339 1816 qua:
2364 1747 2610 1802 nondum
2640 1764 2698 1803 se
2729 1750 3022 1804 extricavit
3066 1751 3254 1804 mundi
3286 1752 3447 1807 istius
3484 1769 3611 1822 per-

2037 1837 2211 1907 plexis
2251 1842 2432 1901 curis,
2459 1850 2516 1894 et
2545 1840 2774 1894 liberam
2819 1840 3059 1896 reddidit
3096 1859 3107 1894 :
3137 1843 3309 1896 Deum
3351 1859 3613 1910 germane

2035 1946 2101 1983 ac
2127 1931 2419 1986 sinceriter
2447 1949 2556 1987 non
2590 1943 2772 2003 potest
2803 1933 3057 2003 diligere,
3088 1935 3184 1987 sed
3208 1952 3389 2003 neque
3418 1936 3623 1990 diabo-

2036 2023 2152 2093 lum
2212 2032 2377 2092 prout
2427 2036 2695 2089 meretur,
2752 2027 2935 2079 odisse
2994 2035 3051 2079 et
3102 2027 3399 2081 exsecrari.
3452 2028 3613 2091 Esto,

2037 2116 2283 2170 colorem
2336 2125 2637 2185 prmtexere
2673 2118 3113 2189 qualemcunque
3146 2120 3318 2189 possit
3352 2121 3612 2174 tetricum

2037 2218 2093 2262 et
2147 2225 2389 2278 gravem,
2450 2225 2652 2279 nempe
2704 2211 3137 2267 sollicitudinem
3204 2213 3423 2267 anxiam
3482 2216 3613 2269 vitae

2041 2299 2204 2353 istius
2233 2316 2245 2353 :
2285 2294 2499 2371 1048
2526 2317 2659 2355 sane
2686 2301 2730 2356 si
2757 2302 3019 2372 deinceps
3046 2319 3114 2358 eo
3139 2314 3419 2359 vertamus
3453 2320 3613 2359 men-

2039 2400 2171 2457 tem,
2210 2403 2269 2447 ut
2295 2409 2415 2462 qua:
2445 2395 2497 2447 in
2531 2394 2737 2449 mundo
2762 2395 3022 2449 videntur
3055 2396 3197 2450 bona
3228 2413 3612 2467 aspernemur,

2038 2496 2335 2553 possumus
2385 2485 2677 2539 nobiscum
2722 2486 3077 2555 dispensante
3134 2486 3340 2557 Spiritu
3398 2497 3623 2553 sancto,

2040 2578 2411 2646 appetentiam
2438 2578 2581 2633 hanc
2601 2579 2795 2633 animae
2818 2580 2884 2633 ad
2912 2588 3127 2635 terrena
3151 2581 3619 2650 propendentem,

2041 2669 2370 2723 concordem
2401 2668 2632 2724 reddere
2679 2670 2929 2724 rationali
2973 2671 3151 2741 ipsius
3188 2672 3430 2727 aﬁ‘ectui.
3459 2674 3621 2738 Quod

2042 2761 2108 2822 si.
2136 2770 2195 2814 ut
2221 2762 2487 2832 hospites,
2515 2762 2828 2818 habitamus
2850 2764 2957 2829 hic,
2979 2765 3022 2818 si
3047 2764 3245 2819 civitas
3278 2775 3466 2819 nostra
3498 2767 3618 2819 lon-

2041 2850 2191 2918 giore
2241 2851 2651 2920 intercapedine
2692 2852 2967 2921 disjuncta
3000 2863 3084 2908 est
3133 2864 3189 2909 et
3238 2855 3514 2925 disparata
3546 2858 3616 2911 ab

2044 2941 2146 2995 hac
2177 2958 2342 3011 quam
2377 2943 2697 3008 incolimus,
2722 2952 2778 2999 et
2820 2945 2980 3013 plane
3028 2947 3284 3001 novimus
3332 2948 3612 3004 civitatem

2044 3032 2191 3085 illam
2216 3050 2379 3100 quam
2405 3045 2557 3090 certo
2589 3037 2871 3091 credimus
2897 3053 2998 3091 nos
3022 3038 3450 3105 inhabitaturos,
3479 3040 3614 3109 quid

364 3133 468 3204 τὴν
489 3132 754 3203 ἀρκετὴν.
773 3133 835 3184 Ol
868 3131 977 3200 7&9
1004 3130 1330 3197 ἀγαπῶντες
1351 3130 1444 3183 τὸν
1476 3131 1685 3184 ἑαυτῶν
1710 3131 1935 3203 Κύριον,

2044 3125 2099 3179 in
2150 3125 2329 3179 aliena
2372 3142 2705 3195 apparamus
2734 3144 2917 3197 agros,
2945 3129 3409 3195 substructiones,
3439 3132 3614 3185 tediﬁ-

365 3226 465 3279 καὶ
492 3224 709 3295 ἔχοντες
747 3222 908 3276 αὑτὸν
934 3223 1022 3277 ἀεὶ
1053 3224 1110 3275 ὲν
1138 3224 1203 3293 τῇ
1235 3221 1449 3276 ἑαυτῶν
1478 3222 1696 3294 καρδίᾳ,
1731 3224 1790 3275 ἑν
1817 3227 1939 3287 ταῖς

367 3312 727 3383 ἐπαγγελίαις
785 3309 952 3365 αὐτοῦ
1000 3310 1318 3363 πιστεύουσι
1381 3311 1475 3364 καὶ⁵
1553 3312 1940 3383 καραδοκοῦσι.

368 3406 549 3460 Καλὸν
588 3402 681 3457 οὖν
711 3404 859 3456 ἑστιν
892 3402 1013 3457 ἀντὶ
1058 3400 1168 3455 τῶν
1202 3402 1521 3473 κτισμάτων
1546 3412 1573 3451 1
1602 3404 1696 3456 καὶ
1724 3406 1942 3475 χρημά-

365 3514 477 3549 των
524 3494 634 3548 τῶν
694 3494 938 3565 σήμερον
991 3490 1093 3563 μὲν
1137 3490 1443 3562 ἡμετέρων,
1481 3490 1671 3562 αὔριον
1702 3492 1760 3545 δὲ
1783 3492 1940 3545 ἁλλο-

367 3584 922 3658 τρίων,ὠνήσασθαι
977 3582 1155 3653 ψυχὰς
1208 3582 1559 3652 θλιϐομένας,
1624 3584 1804 3648 καθώς
1860 3603 1942 3651 τις

366 3682 619 3747 δύναται,
677 3682 772 3732 καὶ
812 3680 988 3749 χήρας
1034 3676 1129 3729 καὶ⁵
1160 3676 1441 3744 ὀρφανοὺς
1486 3677 1937 3743 ἐπισκέπτεσθαι,

370 3774 465 3827 καὶ
502 3773 578 3844 μὴ
610 3771 982 3843 παραϐλέπειν
1007 3767 1230 3829 αὐτούς.
1262 3766 1539 3831 Ὡσαύτως
1569 3770 1664 3821 καὶ
1688 3770 1745 3821 ὲν
1779 3787 1943 3840 μονα-

371 3866 642 3936 στηρίοις,
684 3864 779 3918 καὶ
811 3862 954 3917 οὕτω
982 3862 1161 3925 καλῶς
1186 3862 1412 3915 διοικεῖν
1434 3862 1503 3915 τά
1536 3862 1658 3917 καθ’
1690 3864 1936 3928 ἑαυτούς·

368 3958 468 4011 καὶ
496 3957 586 4010 τὸν
613 3957 842 4009 πλοῦτον
860 3996 875 4019 ,
902 3954 961 4008 ὃν
993 3953 1147 4020 παρά
1174 3952 1311 4005 Θεοῦ
1370 3953 1673 4023 εἰλήφαμεν
1709 3958 1766 4009 ἐν
1804 3956 1942 4027 τῷδε

366 4050 451 4121 τῷ
486 4049 604 4120 βίῳ,
638 4050 718 4112 εἰς
759 4047 960 4110 αὐτοὺς
1000 4046 1341 4101 ἀναλίσκειν.
1373 4048 1467 4111 Et;
1501 4047 1660 4102 τοῦτο
1696 4049 1806 4119 γάρ
1845 4050 1942 4103 καὶ

370 4142 645 4214 παρέσχεν
672 4142 805 4210 ἡμῖν
838 4139 978 4193 αύτά
1010 4141 1037 4192 6
1066 4139 1271 4207 ἀγαθὸς
1318 4140 1475 4211 ἡμῶν
1518 4141 1816 4212 Δεσπότης,
1852 4143 1941 4195 ἵνα

368 4224 455 4297 είς
473 4235 567 4303 τὴν
590 4230 866 4286 διακονίαν
882 4230 1087 4302 ταύτην
1112 4231 1486 4303 δαπανηθῶσι,
1509 4234 1603 4286 καὶ
1619 4234 1732 4287 ἀντ’
1761 4235 1942 4287 αὐτῶν

371 4324 729 4395 κομισώμεθα
782 4323 1059 4392 θησαυρὸν
1106 4324 1481 4379 ἀνέκλειπτον.
1515 4326 1656 4380 Πολὺ
1686 4323 1779 4381 οὖν
1814 4328 1939 4397 βέλ-

370 4417 485 4470 τιόν
514 4418 631 4469 ἑστι
651 4455 667 4477 ,
696 4413 974 4476 τοιούτους
999 4414 1204 4483 ἀγροὺς
1230 4414 1327 4466 καὶ
1356 4416 1595 4485 κτήματ’
1622 4416 1936 4488 ἀγοράζειν,

2043 3220 2170 3273 cia?
2200 3219 2343 3274 addo
2372 3221 2688 3291 magniﬁcas
2734 3236 2798 3276 ac
2844 3223 3161 3291 splendidas
3219 3224 3618 3295 prolatationes

2040 3310 2421 3366 a’diﬁciorum.
2479 3312 2675 3381 Utique
2728 3313 2980 3384 quisquis
3034 3315 3091 3369 in
3155 3316 3335 3369 aliena
3391 3316 3619 3372 civitate

2041 3404 2324 3459 studiosus
2355 3415 2583 3474 apparat
2615 3407 2750 3469 hzec,
2783 3408 2964 3476 reipsa
2990 3407 3169 3462 innuit
3199 3409 3336 3462 nihil
3366 3410 3475 3479 jam
3506 3410 3615 3465 sibi

2041 3498 2158 3566 spei
2210 3513 2523 3566 superesse,
2569 3509 2626 3553 ut
2656 3499 2949 3568 aliquando
2983 3499 3238 3554 deﬂectat
3275 3501 3379 3554 iter
3413 3501 3466 3554 in
3492 3517 3613 3557 eam

2041 3603 2164 3656 quae
2192 3587 2413 3657 propria
2447 3596 2554 3651 est,
2584 3589 2885 3654 civitatem,
2923 3604 3119 3658 nempe
3151 3592 3430 3645 caelestem
3463 3592 3614 3646 illam

2039 3679 2371 3735 Jerusalem.
2402 3680 2597 3734 Isthmo
2628 3681 2889 3751 cogitatio
2916 3682 3352 3751 imprudentium
3387 3693 3471 3737 est
3512 3684 3614 3738 ho-

2042 3771 2277 3835 minum,
2316 3771 2453 3825 nihil
2500 3772 2655 3841 pensi
2708 3772 2775 3826 de
2822 3772 2997 3827 salute
3027 3773 3223 3827 animm
3262 3773 3613 3839 habentium,

2040 3879 2219 3933 eoque
2270 3864 2690 3918 miserabilium.
2727 3865 2844 3919 Non
2892 3866 3039 3919 enim
3090 3866 3348 3935 intelligit
3398 3867 3615 3922 exotica

2041 3952 2157 4007 haec
2187 3954 2352 4007 alieni
2381 3969 2502 4008 esse
2526 3954 2690 4024 juris,
2717 3963 2772 4007 et
2802 3954 3056 4021 potestati
3085 3955 3314 4009 subesse
3339 3956 3567 4010 alterius
3596 3972 3611 4010 :

2042 4046 2305 4100 nimirum
2356 4044 2516 4099 istius
2557 4045 2743 4099 saeculi
2796 4044 3082 4114 principis.
3122 4046 3259 4101 Cum
3300 4048 3470 4117 igitur
3524 4050 3616 4104 hic

2041 4137 2357 4192 babitemus
2409 4146 2468 4190 ut
2526 4135 2785 4206 inquilini
2833 4143 2887 4190 et
2912 4136 3103 4201 alieni,
3135 4139 3275 4192 nihil
3333 4148 3418 4193 est
3463 4140 3611 4209 quod

2040 4228 2200 4282 nobis
2246 4228 2383 4297 ipsis
2426 4227 2707 4297 impendio
2728 4242 3075 4296 apparemus,
3106 4238 3303 4297 praeter
3327 4230 3611 4300 frugalita-

2042 4332 2150 4376 tem
2201 4320 2329 4376 vitze
2370 4334 2435 4373 ac
2483 4318 2766 4371 virtutem.
2796 4317 2899 4384 Qui
2945 4334 3071 4388 erga
3112 4334 3270 4372 suum
3314 4320 3609 4375 Dominum

2041 4415 2260 4469 sincera
2297 4411 2568 4465 cbaritate
2611 4409 2709 4463 toti
2741 4409 3117 4473 inardescunt,
3141 4411 3292 4463 nullo
3330 4427 3439 4465 non
3469 4421 3609 4465 tem-

367 4510 528 4563 ἀτινα
576 4509 671 4561 καὶ¹
714 4505 1009 4577 παράμονά
1076 4507 1204 4567 εἰσι,
1233 4505 1332 4557 καὶ
1363 4507 1695 4577 προάγουσιν
1728 4510 1806 4571 είς
1842 4508 1937 4579 τὴν

2040 4520 2174 4575 pore
2220 4503 2619 4559 circumferunt
2660 4502 2815 4555 illum
2858 4501 2913 4555 in
2945 4502 3206 4556 cordibus
3227 4504 3355 4557 'suis
3378 4543 3393 4568 ,
3429 4512 3484 4558 et
3512 4520 3611 4573 per

364 4600 527 4673 ἡμῶν
555 4600 907 4672 μητρόπολιν,
963 4600 1092 4653 ὅταν
1138 4598 1583 4668 ἀποδημήσωμεν
1621 4602 1701 4663 είς
1745 4601 1937 4671 αὐτήν.

364 4694 865 4763 Ἀμεριμνήσωμεν
882 4691 1003 4755 οὖν,
1025 4692 1322 4761 ἀγαπητοὶ,
1338 4690 1447 4744 τῶν
1472 4693 1839 4763 προσκαίρων,
1855 4694 1940 4747 ἵνα

361 4787 476 4839 τῶν
506 4785 691 4837 ἀϊδίων
710 4785 1083 4855 ἑπιτύχωμεν·
1116 4782 1564 4854 παραδράμωμεν
1586 4785 1678 4837 τὸν
1705 4785 1935 4855 κόσμον,

362 4877 456 4932 ἵνα
482 4877 573 4930 τὸν
601 4880 929 4947 κοσμοποιδν
959 4877 1380 4947 καταλάϐωμεν.
1409 4875 1842 4945 Καταλείπωμεν
1870 4879 1938 4932 τά

367 4968 444 5039 μὴ
499 4968 765 5038 ἡμέτερα,
815 4967 902 5021 ἴνα
944 4965 1012 5019 τὰ
1042 4966 1289 5038 ἡμέτερα
1319 4965 1683 5036 ἀπολαύωμεν
1716 4967 1800 5037 (τὸ
1826 4968 1935 5038 γάρ

365 5058 552 5128 σχῆμα
600 5058 692 5110 τοῦ
749 5058 956 5127 κόσμου
997 5056 1192 5109 τούτου
1248 5057 1489 5127 παράγει
1519 5056 1593 5118 ὡς
1622 5055 1799 5125 ὄναρ),
1840 5059 1935 5111 καὶ

361 5150 468 5203 κᾶν
506 5166 559 5201 τι
600 5146 862 5218 χρώμεθα
883 5147 962 5218 τῷ
994 5148 1184 5216 κόσμῳ
1217 5146 1411 5216 τούτῳ,
1445 5145 1730 5217 γενώμεθα
1757 5149 1833 5211 ὡς
1858 5148 1933 5218 μὴ

361 5242 823 5309 καταχρώμενοι·
867 5239 1048 5301 καθὼς
1113 5241 1207 5291 καὶ
1266 5239 1294 5289 6
1351 5239 1620 5308 μακάριος
1683 5238 1934 5308 Ἰωάννης

359 5332 665 5386 ἐντέλλεται
688 5371 702 5395 ,
732 5328 928 5398 λέγων’
966 5348 985 5379 ι
1026 5329 1117 5398 Μὴ
1145 5330 1395 5397 ἀγαπᾶτε
1426 5329 1517 5381 τὸν
1542 5329 1769 5398 κόσμον,
1800 5332 1937 5399 μήτε

363 5424 433 5478 τά
479 5426 535 5477 ὲν
569 5423 644 5493 τῷ
669 5424 881 5493 κόσμῳ.
927 5422 1055 5475 Ἐάν
1100 5438 1185 5484 τις
1234 5422 1426 5492 ἀγαπᾷ
1459 5422 1551 5475 τὸν
1580 5424 1806 5490 κόσμον,
1837 5422 1938 5475 οὐκ

432 5577 476 5610 ⁸¹
510 5578 677 5633 Hebr.
709 5592 785 5640 xx,
818 5576 909 5631 37.
987 5576 1034 5606 ε’
1071 5573 1238 5631 lCor.
1267 5590 1327 5638 ιι,
1357 5575 1411 5630 9.
1487 5574 1532 5608 ⁸³
1568 5574 1775 5631 IJoan.
1801 5592 1855 5640 ν,
1886 5575 1973 5631 16.

2041 4599 2212 4669 ipsius
2261 4597 2514 4651 mandata
2565 4596 2835 4650 inoﬁ‘ense
2900 4594 3267 4666 gradiuntur.
3324 4597 3610 4665 promissis

2037 4693 2159 4761 ejus
2204 4690 2310 4744 ﬁde
2358 4688 2497 4742 nihil
2550 4687 2719 4741 dubia
2758 4687 3139 4756 acquiescunt,
3167 4702 3231 4742 ac
3260 4702 3483 4756 scopum
3518 4702 3612 4742 ex-

2037 4780 2399 4850 spectationis
2450 4794 2562 4832 sua:
2606 4778 2675 4833 iis
2718 4778 2965 4848 aﬂigunt.
2994 4778 3205 4832 Bonum
3232 4794 3362 4848 ergo
3382 4820 3396 4843 ,
3421 4788 3480 4832 ut
3508 4795 3613 4849 pro

2038 4871 2161 4926 istis
2214 4868 2589 4932 facultatibus,
2626 4882 2727 4937 pro
2782 4866 3002 4937 peculio
3048 4868 3456 4936 qualicunque,
3487 4884 3613 4938 qua:

2042 4963 2206 5017 hodie
2232 4962 2452 5032 quidem
2479 4976 2646 5030 penes
2676 4974 2777 5013 nos
2805 4968 2971 5023 sunt,
2998 4967 3052 5012 at
3081 4960 3328 5013 crastino
3360 4968 3454 5014 aut
3485 4976 3612 5029 per-

2040 5054 2203 5108 endie
2230 5054 2286 5106 in
2330 5052 2560 5106 alterius
2598 5052 3013 5105 constituentur
3052 5049 3325 5113 arbitrio;
3363 5065 3464 5118 pro
3498 5050 3610 5115 his,

2042 5145 2289 5213 inquam,
2314 5142 2529 5197 animas
2582 5142 2919 5196 redimamus
2976 5141 3175 5195 misere
3231 5140 3477 5207 aﬁlictas,
3508 5160 3619 5212 pro

2041 5236 2310 5304 cujusque
2359 5231 2527 5295 virili,
2562 5231 2747 5286 viduis
2800 5231 3191 5301 prospiciendo
3248 5241 3305 5286 et
3360 5234 3615 5302 pupillis,

2039 5342 2150 5381 non
2219 5326 2351 5379 item
2401 5323 2709 5377 aversanda
2757 5324 2898 5377 illos.
2934 5322 3113 5393 thue
3155 5323 3212 5377 in
3258 5324 3617 5379 monasteriis

2039 5420 2459 5488 dispensantur,
2528 5416 2602 5470 ita
2660 5415 2920 5471 convenit
2999 5431 3099 5486 per
3158 5430 3611 5489 unumquemque

1627 5688 1865 5745 VARI/{'3
1893 5686 2297 5746 LECTIONES.

431 5770 464 5814 1
484 5760 631 5819 Fort.
665 5764 976 5835 κτημάτων.
