  <div class='ocr_page' id='page_1' title='image "/cluster/home/n/w/nwhite01/storage/ocr_20150623/89/hvd.32044010610574/745.png"; bbox 0 0 4052 6558; ppageno 0'>
   <div class='ocr_carea' id='block_1_1' title="bbox 576 376 713 443">
    <p class='ocr_par' dir='ltr' id='par_1_1' title="bbox 576 376 713 443">
     <span class='ocr_line' id='line_1_1' title="bbox 576 376 713 443; baseline 0.036 -5"><span class='ocrx_word' id='word_1_1' title='bbox 576 376 713 443; x_wconf 73' lang='grc'><strong>1475</strong></span> 
     </span>
    </p>
   </div>
   <div class='ocr_carea' id='block_1_2' title="bbox 1841 380 2591 442">
    <p class='ocr_par' dir='ltr' id='par_1_2' title="bbox 1841 380 2591 442">
     <span class='ocr_line' id='line_1_2' title="bbox 1841 380 2591 442; baseline 0 -2"><span class='ocrx_word' id='word_1_2' title='bbox 1841 380 2205 442; x_wconf 82' lang='lat' dir='ltr'><strong>ANTIOCHI</strong></span> <span class='ocrx_word' id='word_1_3' title='bbox 2246 380 2591 442; x_wconf 87' lang='lat' dir='ltr'><strong>MONACHI</strong></span> 
     </span>
    </p>
   </div>
   <div class='ocr_carea' id='block_1_3' title="bbox 3658 390 3764 452">
    <p class='ocr_par' dir='ltr' id='par_1_3' title="bbox 3658 390 3764 452">
     <span class='ocr_line' id='line_1_3' title="bbox 3658 390 3764 452; baseline 0 0"><span class='ocrx_word' id='word_1_4' title='bbox 3658 390 3764 452; x_wconf 63' lang='lat'><strong>1476</strong></span> 
     </span>
    </p>
   </div>
   <div class='ocr_carea' id='block_1_4' title="bbox 572 489 2159 562">
    <p class='ocr_par' dir='ltr' id='par_1_4' title="bbox 572 489 2148 562">
     <span class='ocr_line' id='line_1_4' title="bbox 572 489 2148 562; baseline 0.002 -17"><span class='ocrx_word' id='word_1_5' title='bbox 572 503 878 562; x_wconf 83' lang='lat' dir='ltr'><strong>pauperum</strong></span> <span class='ocrx_word' id='word_1_6' title='bbox 941 489 1046 545; x_wconf 91' lang='lat' dir='ltr'><strong>rite</strong></span> <span class='ocrx_word' id='word_1_7' title='bbox 1107 490 1405 559; x_wconf 83' lang='lat' dir='ltr'><strong>disponere</strong></span> <span class='ocrx_word' id='word_1_8' title='bbox 1465 504 1532 545; x_wconf 89' lang='lat' dir='ltr'><strong>ac</strong></span> <span class='ocrx_word' id='word_1_9' title='bbox 1592 490 1878 561; x_wconf 91' lang='lat' dir='ltr'><strong>dispertiri</strong></span> <span class='ocrx_word' id='word_1_10' title='bbox 1922 493 2148 548; x_wconf 78' lang='lat' dir='ltr'><strong>divitias</strong></span> 
     </span>
    </p>
   </div>
   <div class='ocr_carea' id='block_1_5' title="bbox 2258 489 3768 562">
    <p class='ocr_par' dir='ltr' id='par_1_5' title="bbox 2258 489 3768 562">
     <span class='ocr_line' id='line_1_5' title="bbox 2258 489 3768 562; baseline 0.005 -17"><span class='ocrx_word' id='word_1_11' title='bbox 2258 491 2402 546; x_wconf 77' lang='grc' dir='ltr'>ἔστιν</span> <span class='ocrx_word' id='word_1_12' title='bbox 2433 494 2467 562; x_wconf 83' lang='grc' dir='ltr'>ἠ</span> <span class='ocrx_word' id='word_1_13' title='bbox 2500 490 2689 562; x_wconf 82' lang='grc' dir='ltr'><strong>ἀγάπη</strong></span> <span class='ocrx_word' id='word_1_14' title='bbox 2737 489 2832 544; x_wconf 85' lang='grc' dir='ltr'><strong>τοῦ</strong></span> <span class='ocrx_word' id='word_1_15' title='bbox 2876 491 3093 561; x_wconf 77' lang='grc' dir='ltr'>Πατρὸς</span> <span class='ocrx_word' id='word_1_16' title='bbox 3124 491 3182 544; x_wconf 83' lang='grc' dir='ltr'>ὲν</span> <span class='ocrx_word' id='word_1_17' title='bbox 3211 490 3379 562; x_wconf 83' lang='grc' dir='ltr'>αὐτῷ,</span> <span class='ocrx_word' id='word_1_18' title='bbox 3409 492 3488 546; x_wconf 82' lang='grc' dir='ltr'>ὅτι</span> <span class='ocrx_word' id='word_1_19' title='bbox 3516 498 3612 548; x_wconf 82' lang='grc' dir='ltr'>πᾶν</span> <span class='ocrx_word' id='word_1_20' title='bbox 3635 500 3686 551; x_wconf 70' lang='grc' dir='ltr'>τὸ</span> <span class='ocrx_word' id='word_1_21' title='bbox 3722 505 3768 555; x_wconf 79' lang='grc' dir='ltr'>ὲν</span> 
     </span>
    </p>
   </div>
   <div class='ocr_carea' id='block_1_6' title="bbox 569 583 2150 653">
    <p class='ocr_par' dir='ltr' id='par_1_6' title="bbox 569 583 2150 653">
     <span class='ocr_line' id='line_1_6' title="bbox 569 583 2150 653; baseline 0.001 -17"><span class='ocrx_word' id='word_1_22' title='bbox 569 599 709 651; x_wconf 91' lang='lat' dir='ltr'><strong>quas</strong></span> <span class='ocrx_word' id='word_1_23' title='bbox 761 583 995 653; x_wconf 87' lang='lat' dir='ltr'><strong>quisque</strong></span> <span class='ocrx_word' id='word_1_24' title='bbox 1031 597 1061 636; x_wconf 89' lang='lat' dir='ltr'><strong>a</strong></span> <span class='ocrx_word' id='word_1_25' title='bbox 1105 583 1215 637; x_wconf 92' lang='lat' dir='ltr'><strong>Deo</strong></span> <span class='ocrx_word' id='word_1_26' title='bbox 1247 583 1461 651; x_wconf 91' lang='lat' dir='ltr'><strong>accepit</strong></span> <span class='ocrx_word' id='word_1_27' title='bbox 1491 583 1547 637; x_wconf 92' lang='lat' dir='ltr'><strong>in</strong></span> <span class='ocrx_word' id='word_1_28' title='bbox 1582 583 1715 647; x_wconf 89' lang='lat' dir='ltr'><strong>vita,</strong></span> <span class='ocrx_word' id='word_1_29' title='bbox 1744 594 1800 638; x_wconf 91' lang='lat' dir='ltr'><strong>et</strong></span> <span class='ocrx_word' id='word_1_30' title='bbox 1842 584 2150 639; x_wconf 89' lang='lat' dir='ltr'><strong>liberaliter</strong></span> 
     </span>
    </p>
   </div>
   <div class='ocr_carea' id='block_1_7' title="bbox 571 676 2150 746">
    <p class='ocr_par' dir='ltr' id='par_1_7' title="bbox 571 676 2150 746">
     <span class='ocr_line' id='line_1_7' title="bbox 571 676 2150 746; baseline 0 -14"><span class='ocrx_word' id='word_1_31' title='bbox 571 677 853 732; x_wconf 75' lang='lat' dir='ltr'><strong>insumere</strong></span> <span class='ocrx_word' id='word_1_32' title='bbox 891 677 946 730; x_wconf 92' lang='lat' dir='ltr'><strong>in</strong></span> <span class='ocrx_word' id='word_1_33' title='bbox 1000 676 1238 746; x_wconf 83' lang='lat' dir='ltr'><strong>indiges.</strong></span> <span class='ocrx_word' id='word_1_34' title='bbox 1270 677 1329 730; x_wconf 90' lang='lat' dir='ltr'><strong>In</strong></span> <span class='ocrx_word' id='word_1_35' title='bbox 1378 676 1526 730; x_wconf 92' lang='lat' dir='ltr'><strong>hunc</strong></span> <span class='ocrx_word' id='word_1_36' title='bbox 1562 676 1834 745; x_wconf 88' lang='lat' dir='ltr'><strong>siquidem</strong></span> <span class='ocrx_word' id='word_1_37' title='bbox 1865 693 2024 731; x_wconf 91' lang='lat' dir='ltr'><strong>usum</strong></span> <span class='ocrx_word' id='word_1_38' title='bbox 2055 691 2150 732; x_wconf 88' lang='lat' dir='ltr'><strong>eas</strong></span> 
     </span>
    </p>
   </div>
   <div class='ocr_carea' id='block_1_8' title="bbox 572 768 2151 837">
    <p class='ocr_par' dir='ltr' id='par_1_8' title="bbox 572 768 2151 837">
     <span class='ocr_line' id='line_1_8' title="bbox 572 768 2151 837; baseline 0.003 -15"><span class='ocrx_word' id='word_1_39' title='bbox 572 770 736 823; x_wconf 88' lang='lat' dir='ltr'><strong>nobis</strong></span> <span class='ocrx_word' id='word_1_40' title='bbox 796 768 1105 837; x_wconf 73' lang='lat' dir='ltr'><strong>impertivit</strong></span> <span class='ocrx_word' id='word_1_41' title='bbox 1159 768 1450 823; x_wconf 89' lang='lat' dir='ltr'><strong>clementia</strong></span> <span class='ocrx_word' id='word_1_42' title='bbox 1503 770 1742 835; x_wconf 89' lang='lat' dir='ltr'><strong>Domini,</strong></span> <span class='ocrx_word' id='word_1_43' title='bbox 1781 778 1839 823; x_wconf 90' lang='lat' dir='ltr'><strong>ut</strong></span> <span class='ocrx_word' id='word_1_44' title='bbox 1886 770 1939 824; x_wconf 93' lang='lat' dir='ltr'><strong>in</strong></span> <span class='ocrx_word' id='word_1_45' title='bbox 1989 771 2151 826; x_wconf 91' lang='lat' dir='ltr'><strong>obse-</strong></span> 
     </span>
    </p>
   </div>
   <div class='ocr_carea' id='block_1_9' title="bbox 572 858 2149 931">
    <p class='ocr_par' dir='ltr' id='par_1_9' title="bbox 572 858 2149 931">
     <span class='ocr_line' id='line_1_9' title="bbox 572 858 2149 931; baseline 0.004 -21"><span class='ocrx_word' id='word_1_46' title='bbox 572 858 767 927; x_wconf 88' lang='lat' dir='ltr'><strong>quium</strong></span> <span class='ocrx_word' id='word_1_47' title='bbox 821 858 1171 911; x_wconf 87' lang='lat' dir='ltr'><strong>insumantur</strong></span> <span class='ocrx_word' id='word_1_48' title='bbox 1221 858 1477 927; x_wconf 88' lang='lat' dir='ltr'><strong>pietatis,</strong></span> <span class='ocrx_word' id='word_1_49' title='bbox 1516 875 1579 914; x_wconf 90' lang='lat' dir='ltr'><strong>ac</strong></span> <span class='ocrx_word' id='word_1_50' title='bbox 1611 860 1831 914; x_wconf 91' lang='lat' dir='ltr'><strong>demum</strong></span> <span class='ocrx_word' id='word_1_51' title='bbox 1869 877 1969 930; x_wconf 90' lang='lat' dir='ltr'><strong>pro</strong></span> <span class='ocrx_word' id='word_1_52' title='bbox 2000 863 2149 931; x_wconf 86' lang='lat' dir='ltr'><strong>ejus-</strong></span> 
     </span>
    </p>
   </div>
   <div class='ocr_carea' id='block_1_10' title="bbox 572 950 2151 1022">
    <p class='ocr_par' dir='ltr' id='par_1_10' title="bbox 572 950 2151 1022">
     <span class='ocr_line' id='line_1_10' title="bbox 572 950 2151 1022; baseline 0.004 -20"><span class='ocrx_word' id='word_1_53' title='bbox 572 950 718 1003; x_wconf 89' lang='lat' dir='ltr'><strong>modi</strong></span> <span class='ocrx_word' id='word_1_54' title='bbox 735 951 788 1003; x_wconf 90' lang='lat' dir='ltr'><strong>in</strong></span> <span class='ocrx_word' id='word_1_55' title='bbox 806 965 1077 1019; x_wconf 66' lang='lat' dir='ltr'><strong>pauperes</strong></span> <span class='ocrx_word' id='word_1_56' title='bbox 1090 952 1442 1017; x_wconf 81' lang='lat' dir='ltr'><strong>liberalitate,</strong></span> <span class='ocrx_word' id='word_1_57' title='bbox 1462 952 1785 1007; x_wconf 78' lang='lat' dir='ltr'><strong>thesaurum</strong></span> <span class='ocrx_word' id='word_1_58' title='bbox 1803 963 2151 1022; x_wconf 90' lang='lat' dir='ltr'><strong>reportemus</strong></span> 
     </span>
    </p>
   </div>
   <div class='ocr_carea' id='block_1_11' title="bbox 568 1042 2150 1113">
    <p class='ocr_par' dir='ltr' id='par_1_11' title="bbox 568 1042 2150 1113">
     <span class='ocr_line' id='line_1_11' title="bbox 568 1042 2150 1113; baseline 0.003 -19"><span class='ocrx_word' id='word_1_59' title='bbox 568 1042 722 1095; x_wconf 88' lang='lat' dir='ltr'><strong>nullo</strong></span> <span class='ocrx_word' id='word_1_60' title='bbox 769 1057 1010 1110; x_wconf 86' lang='lat' dir='ltr'><strong>unquam</strong></span> <span class='ocrx_word' id='word_1_61' title='bbox 1061 1058 1178 1097; x_wconf 75' lang='lat' dir='ltr'><strong>aevo</strong></span> <span class='ocrx_word' id='word_1_62' title='bbox 1240 1043 1733 1113; x_wconf 85' lang='lat' dir='ltr'><strong>intercipiendum.</strong></span> <span class='ocrx_word' id='word_1_63' title='bbox 1775 1044 1921 1099; x_wconf 87' lang='lat' dir='ltr'><strong>Sane</strong></span> <span class='ocrx_word' id='word_1_64' title='bbox 1976 1046 2150 1100; x_wconf 90' lang='lat' dir='ltr'><strong>multo</strong></span> 
     </span>
    </p>
   </div>
   <div class='ocr_carea' id='block_1_12' title="bbox 570 1132 2153 1207">
    <p class='ocr_par' dir='ltr' id='par_1_12' title="bbox 570 1132 2153 1207">
     <span class='ocr_line' id='line_1_12' title="bbox 570 1132 2153 1207; baseline 0.004 -22"><span class='ocrx_word' id='word_1_65' title='bbox 570 1132 886 1201; x_wconf 71' lang='lat' dir='ltr'><strong>praestiterit</strong></span> <span class='ocrx_word' id='word_1_66' title='bbox 914 1134 1093 1197; x_wconf 90' lang='lat' dir='ltr'><strong>nobis,</strong></span> <span class='ocrx_word' id='word_1_67' title='bbox 1123 1143 1182 1188; x_wconf 91' lang='lat' dir='ltr'><strong>ut</strong></span> <span class='ocrx_word' id='word_1_68' title='bbox 1210 1135 1346 1189; x_wconf 86' lang='lat' dir='ltr'><strong>tales</strong></span> <span class='ocrx_word' id='word_1_69' title='bbox 1367 1151 1686 1191; x_wconf 90' lang='lat' dir='ltr'><strong>coemamus</strong></span> <span class='ocrx_word' id='word_1_70' title='bbox 1717 1152 1898 1207; x_wconf 80' lang='lat' dir='ltr'><strong>agros,</strong></span> <span class='ocrx_word' id='word_1_71' title='bbox 1928 1138 2034 1191; x_wconf 91' lang='lat' dir='ltr'><strong>tale</strong></span> <span class='ocrx_word' id='word_1_72' title='bbox 2057 1153 2153 1206; x_wconf 87' lang='lat' dir='ltr'><strong>pe-</strong></span> 
     </span>
    </p>
   </div>
   <div class='ocr_carea' id='block_1_13' title="bbox 570 1225 2148 1299">
    <p class='ocr_par' dir='ltr' id='par_1_13' title="bbox 570 1225 2148 1299">
     <span class='ocr_line' id='line_1_13' title="bbox 570 1225 2148 1299; baseline 0.004 -21"><span class='ocrx_word' id='word_1_73' title='bbox 570 1225 777 1279; x_wconf 90' lang='lat' dir='ltr'><strong>culium</strong></span> <span class='ocrx_word' id='word_1_74' title='bbox 799 1227 947 1296; x_wconf 85' lang='lat' dir='ltr'><strong>quod</strong></span> <span class='ocrx_word' id='word_1_75' title='bbox 970 1236 1239 1281; x_wconf 61' lang='lat' dir='ltr'><strong>aeternum</strong></span> <span class='ocrx_word' id='word_1_76' title='bbox 1262 1228 1445 1292; x_wconf 89' lang='lat' dir='ltr'><strong>duret,</strong></span> <span class='ocrx_word' id='word_1_77' title='bbox 1465 1244 1677 1298; x_wconf 89' lang='lat' dir='ltr'><strong>nosque</strong></span> <span class='ocrx_word' id='word_1_78' title='bbox 1700 1237 1849 1284; x_wconf 88' lang='lat' dir='ltr'><strong>recta</strong></span> <span class='ocrx_word' id='word_1_79' title='bbox 1877 1230 2148 1299; x_wconf 80' lang='lat' dir='ltr'><strong>provehat</strong></span> 
     </span>
    </p>
   </div>
   <div class='ocr_carea' id='block_1_14' title="bbox 568 1318 2151 1391">
    <p class='ocr_par' dir='ltr' id='par_1_14' title="bbox 568 1318 2151 1391">
     <span class='ocr_line' id='line_1_14' title="bbox 568 1318 2151 1391; baseline 0.003 -20"><span class='ocrx_word' id='word_1_80' title='bbox 568 1318 638 1371; x_wconf 92' lang='lat' dir='ltr'><strong>ad</strong></span> <span class='ocrx_word' id='word_1_81' title='bbox 669 1319 815 1372; x_wconf 87' lang='lat' dir='ltr'><strong>illam</strong></span> <span class='ocrx_word' id='word_1_82' title='bbox 844 1320 1007 1375; x_wconf 91' lang='lat' dir='ltr'><strong>nobis</strong></span> <span class='ocrx_word' id='word_1_83' title='bbox 1038 1320 1365 1389; x_wconf 83' lang='lat' dir='ltr'><strong>promissam</strong></span> <span class='ocrx_word' id='word_1_84' title='bbox 1393 1321 1673 1375; x_wconf 88' lang='lat' dir='ltr'><strong>civitatem</strong></span> <span class='ocrx_word' id='word_1_85' title='bbox 1706 1337 1829 1391; x_wconf 70' lang='lat' dir='ltr'><strong>quae</strong></span> <span class='ocrx_word' id='word_1_86' title='bbox 1857 1331 1943 1377; x_wconf 86' lang='lat' dir='ltr'><strong>est</strong></span> <span class='ocrx_word' id='word_1_87' title='bbox 1973 1330 2151 1376; x_wconf 85' lang='lat' dir='ltr'><strong>mater</strong></span> 
     </span>
    </p>
   </div>
   <div class='ocr_carea' id='block_1_15' title="bbox 569 1414 2150 1484">
    <p class='ocr_par' dir='ltr' id='par_1_15' title="bbox 569 1414 2150 1484">
     <span class='ocr_line' id='line_1_15' title="bbox 569 1414 2150 1484; baseline 0.006 -21"><span class='ocrx_word' id='word_1_88' title='bbox 569 1422 782 1476; x_wconf 85' lang='lat' dir='ltr'><strong>nostra,</strong></span> <span class='ocrx_word' id='word_1_89' title='bbox 819 1414 1042 1483; x_wconf 87' lang='lat' dir='ltr'><strong>quando</strong></span> <span class='ocrx_word' id='word_1_90' title='bbox 1090 1414 1160 1468; x_wconf 83' lang='lat' dir='ltr'><strong>ad</strong></span> <span class='ocrx_word' id='word_1_91' title='bbox 1211 1414 1359 1468; x_wconf 91' lang='lat' dir='ltr'><strong>illam</strong></span> <span class='ocrx_word' id='word_1_92' title='bbox 1402 1415 1721 1484; x_wconf 89' lang='lat' dir='ltr'><strong>quotidiana</strong></span> <span class='ocrx_word' id='word_1_93' title='bbox 1764 1415 2150 1472; x_wconf 83' lang='lat' dir='ltr'><strong>contendimus</strong></span> 
     </span>
    </p>
   </div>
   <div class='ocr_carea' id='block_1_16' title="bbox 568 1509 2149 1582">
    <p class='ocr_par' dir='ltr' id='par_1_16' title="bbox 568 1509 2149 1582">
     <span class='ocr_line' id='line_1_16' title="bbox 568 1509 2149 1582; baseline 0.003 -22"><span class='ocrx_word' id='word_1_94' title='bbox 568 1510 1034 1579; x_wconf 89' lang='lat' dir='ltr'><strong>peregrinatione.</strong></span> <span class='ocrx_word' id='word_1_95' title='bbox 1111 1510 1191 1565; x_wconf 89' lang='lat' dir='ltr'><strong>Ne</strong></span> <span class='ocrx_word' id='word_1_96' title='bbox 1260 1509 1425 1581; x_wconf 80' lang='lat' dir='ltr'><strong>igitur</strong></span> <span class='ocrx_word' id='word_1_97' title='bbox 1465 1511 1856 1582; x_wconf 85' lang='lat' dir='ltr'><strong>(dilectissimi)</strong></span> <span class='ocrx_word' id='word_1_98' title='bbox 1887 1527 1987 1566; x_wconf 91' lang='lat' dir='ltr'><strong>ceu</strong></span> <span class='ocrx_word' id='word_1_99' title='bbox 2029 1510 2149 1565; x_wconf 91' lang='lat' dir='ltr'><strong>dic-</strong></span> 
     </span>
    </p>
   </div>
   <div class='ocr_carea' id='block_1_17' title="bbox 572 1603 2150 1675">
    <p class='ocr_par' dir='ltr' id='par_1_17' title="bbox 572 1603 2150 1675">
     <span class='ocr_line' id='line_1_17' title="bbox 572 1603 2150 1675; baseline 0.004 -23"><span class='ocrx_word' id='word_1_100' title='bbox 572 1607 687 1653; x_wconf 89' lang='lat' dir='ltr'><strong>tum</strong></span> <span class='ocrx_word' id='word_1_101' title='bbox 748 1610 854 1661; x_wconf 88' lang='lat' dir='ltr'><strong>est.</strong></span> <span class='ocrx_word' id='word_1_102' title='bbox 889 1611 999 1656; x_wconf 90' lang='lat' dir='ltr'><strong>tam</strong></span> <span class='ocrx_word' id='word_1_103' title='bbox 1048 1604 1208 1659; x_wconf 82' lang='lat' dir='ltr'><strong>anxie</strong></span> <span class='ocrx_word' id='word_1_104' title='bbox 1266 1603 1457 1657; x_wconf 89' lang='lat' dir='ltr'><strong>mundi</strong></span> <span class='ocrx_word' id='word_1_105' title='bbox 1502 1604 1644 1658; x_wconf 91' lang='lat' dir='ltr'><strong>bona</strong></span> <span class='ocrx_word' id='word_1_106' title='bbox 1693 1605 2020 1675; x_wconf 81' lang='lat' dir='ltr'><strong>cogitemus,</strong></span> <span class='ocrx_word' id='word_1_107' title='bbox 2087 1612 2150 1658; x_wconf 86' lang='lat' dir='ltr'><strong>ut</strong></span> 
     </span>
    </p>
   </div>
   <div class='ocr_carea' id='block_1_18' title="bbox 568 1693 2150 1764">
    <p class='ocr_par' dir='ltr' id='par_1_18' title="bbox 568 1693 2150 1764">
     <span class='ocr_line' id='line_1_18' title="bbox 568 1693 2150 1764; baseline 0.004 -20"><span class='ocrx_word' id='word_1_108' title='bbox 568 1693 655 1745; x_wconf 86' lang='lat' dir='ltr'><strong>vel</strong></span> <span class='ocrx_word' id='word_1_109' title='bbox 690 1694 909 1748; x_wconf 87' lang='lat' dir='ltr'><strong>tandem</strong></span> <span class='ocrx_word' id='word_1_110' title='bbox 944 1696 1165 1749; x_wconf 61' lang='lat' dir='ltr'><strong>aeternis</strong></span> <span class='ocrx_word' id='word_1_111' title='bbox 1205 1695 1370 1750; x_wconf 88' lang='lat' dir='ltr'><strong>detur</strong></span> <span class='ocrx_word' id='word_1_112' title='bbox 1416 1694 1651 1764; x_wconf 82' lang='lat' dir='ltr'><strong>perfrui.</strong></span> <span class='ocrx_word' id='word_1_113' title='bbox 1689 1695 1953 1750; x_wconf 86' lang='lat' dir='ltr'><strong>Mundum</strong></span> <span class='ocrx_word' id='word_1_114' title='bbox 1999 1696 2150 1750; x_wconf 90' lang='lat' dir='ltr'><strong>hunc</strong></span> 
     </span>
    </p>
   </div>
   <div class='ocr_carea' id='block_1_19' title="bbox 570 1786 2149 1857">
    <p class='ocr_par' dir='ltr' id='par_1_19' title="bbox 570 1786 2149 1857">
     <span class='ocr_line' id='line_1_19' title="bbox 570 1786 2149 1857; baseline 0.003 -20"><span class='ocrx_word' id='word_1_115' title='bbox 570 1786 722 1839; x_wconf 86' lang='lat' dir='ltr'><strong>velut</strong></span> <span class='ocrx_word' id='word_1_116' title='bbox 753 1802 921 1840; x_wconf 89' lang='lat' dir='ltr'><strong>cursu</strong></span> <span class='ocrx_word' id='word_1_117' title='bbox 956 1787 1224 1857; x_wconf 58' lang='lat' dir='ltr'><strong>pratcipiti</strong></span> <span class='ocrx_word' id='word_1_118' title='bbox 1262 1788 1722 1853; x_wconf 89' lang='lat' dir='ltr'><strong>transmittamus,</strong></span> <span class='ocrx_word' id='word_1_119' title='bbox 1750 1802 1860 1857; x_wconf 92' lang='lat' dir='ltr'><strong>quo</strong></span> <span class='ocrx_word' id='word_1_120' title='bbox 1886 1788 1953 1842; x_wconf 90' lang='lat' dir='ltr'><strong>ad</strong></span> <span class='ocrx_word' id='word_1_121' title='bbox 1987 1802 2149 1841; x_wconf 89' lang='lat' dir='ltr'><strong>mun-</strong></span> 
     </span>
    </p>
   </div>
   <div class='ocr_carea' id='block_1_20' title="bbox 2256 583 3771 661">
    <p class='ocr_par' dir='ltr' id='par_1_20' title="bbox 2256 583 3771 661">
     <span class='ocr_line' id='line_1_20' title="bbox 2256 583 3771 661; baseline 0.004 -23"><span class='ocrx_word' id='word_1_122' title='bbox 2256 585 2333 655; x_wconf 84' lang='grc' dir='ltr'>τῷ</span> <span class='ocrx_word' id='word_1_123' title='bbox 2362 584 2554 655; x_wconf 86' lang='grc' dir='ltr'>κόσμῳ</span> <span class='ocrx_word' id='word_1_124' title='bbox 2584 586 2617 654; x_wconf 82' lang='grc' dir='ltr'>ἡ</span> <span class='ocrx_word' id='word_1_125' title='bbox 2664 583 2930 654; x_wconf 78' lang='grc' dir='ltr'>ἐπιθυμία</span> <span class='ocrx_word' id='word_1_126' title='bbox 2957 583 3058 652; x_wconf 84' lang='grc' dir='ltr'>τῆς</span> <span class='ocrx_word' id='word_1_127' title='bbox 3097 584 3316 656; x_wconf 78' lang='grc' dir='ltr'>σαρκὸς,</span> <span class='ocrx_word' id='word_1_128' title='bbox 3353 585 3445 637; x_wconf 70' lang='grc' dir='ltr'>καὶ</span> <span class='ocrx_word' id='word_1_129' title='bbox 3472 588 3503 654; x_wconf 84' lang='grc' dir='ltr'>ὴ</span> <span class='ocrx_word' id='word_1_130' title='bbox 3550 590 3771 661; x_wconf 76' lang='grc' dir='ltr'>ἐπιθυμία,</span> 
     </span>
    </p>
   </div>
   <div class='ocr_carea' id='block_1_21' title="bbox 2258 675 3775 747">
    <p class='ocr_par' dir='ltr' id='par_1_21' title="bbox 2258 675 3775 747">
     <span class='ocr_line' id='line_1_21' title="bbox 2258 675 3775 747; baseline 0.005 -18"><span class='ocrx_word' id='word_1_131' title='bbox 2258 677 2367 729; x_wconf 85' lang='grc' dir='ltr'><strong>τῶν</strong></span> <span class='ocrx_word' id='word_1_132' title='bbox 2412 675 2727 747; x_wconf 80' lang='grc' dir='ltr'>ὀφθαλμῶν.</span> <span class='ocrx_word' id='word_1_133' title='bbox 2760 677 2859 729; x_wconf 74' lang='grc' dir='ltr'>καὶ</span> <span class='ocrx_word' id='word_1_134' title='bbox 2910 677 2945 746; x_wconf 84' lang='grc' dir='ltr'>ἡ</span> <span class='ocrx_word' id='word_1_135' title='bbox 2995 675 3286 739; x_wconf 76' lang='grc' dir='ltr'><strong>ἀλαζονεία</strong></span> <span class='ocrx_word' id='word_1_136' title='bbox 3346 677 3438 730; x_wconf 87' lang='grc' dir='ltr'><strong>τοῦ</strong></span> <span class='ocrx_word' id='word_1_137' title='bbox 3490 678 3775 747; x_wconf 76' lang='grc' dir='ltr'>βίου,ἆούκ</span> 
     </span>
    </p>
   </div>
   <div class='ocr_carea' id='block_1_22' title="bbox 2257 766 3768 839">
    <p class='ocr_par' dir='ltr' id='par_1_22' title="bbox 2257 766 3768 839">
     <span class='ocr_line' id='line_1_22' title="bbox 2257 766 3768 839; baseline 0.005 -19"><span class='ocrx_word' id='word_1_138' title='bbox 2257 768 2405 821; x_wconf 77' lang='grc' dir='ltr'>ἐστιν</span> <span class='ocrx_word' id='word_1_139' title='bbox 2458 768 2522 821; x_wconf 81' lang='grc' dir='ltr'>ὲκ</span> <span class='ocrx_word' id='word_1_140' title='bbox 2556 766 2651 821; x_wconf 89' lang='grc' dir='ltr'><strong>τοῦ</strong></span> <span class='ocrx_word' id='word_1_141' title='bbox 2701 767 2937 838; x_wconf 82' lang='grc' dir='ltr'>Πατρὸς,</span> <span class='ocrx_word' id='word_1_142' title='bbox 2977 766 3092 822; x_wconf 81' lang='grc' dir='ltr'>ἀλλ’</span> <span class='ocrx_word' id='word_1_143' title='bbox 3130 768 3193 820; x_wconf 84' lang='grc' dir='ltr'>ὲκ</span> <span class='ocrx_word' id='word_1_144' title='bbox 3238 766 3336 820; x_wconf 90' lang='grc' dir='ltr'><strong>τοῦ</strong></span> <span class='ocrx_word' id='word_1_145' title='bbox 3384 769 3577 839; x_wconf 79' lang='grc' dir='ltr'><strong>κόσμου</strong></span> <span class='ocrx_word' id='word_1_146' title='bbox 3613 776 3768 829; x_wconf 49' lang='lat' dir='ltr'><strong>toria</strong></span> 
     </span>
    </p>
   </div>
   <div class='ocr_carea' id='block_1_23' title="bbox 2260 859 3775 932">
    <p class='ocr_par' dir='ltr' id='par_1_23' title="bbox 2260 859 3775 932">
     <span class='ocr_line' id='line_1_23' title="bbox 2260 859 3775 932; baseline 0.005 -21"><span class='ocrx_word' id='word_1_147' title='bbox 2260 860 2396 913; x_wconf 69' lang='grc' dir='ltr'>Καί*</span> <span class='ocrx_word' id='word_1_148' title='bbox 2436 879 2454 911; x_wconf 78' lang='grc' dir='ltr'><strong>ι</strong></span> <span class='ocrx_word' id='word_1_149' title='bbox 2513 859 2573 912; x_wconf 86' lang='lat'><strong>&#39;0</strong></span> <span class='ocrx_word' id='word_1_150' title='bbox 2602 860 2808 930; x_wconf 84' lang='grc' dir='ltr'>κόσμος</span> <span class='ocrx_word' id='word_1_151' title='bbox 2840 861 3176 931; x_wconf 84' lang='grc' dir='ltr'><strong>παράγεται,</strong></span> <span class='ocrx_word' id='word_1_152' title='bbox 3203 860 3298 913; x_wconf 78' lang='grc' dir='ltr'>καὶ</span> <span class='ocrx_word' id='word_1_153' title='bbox 3319 861 3352 929; x_wconf 80' lang='grc' dir='ltr'>ἡ</span> <span class='ocrx_word' id='word_1_154' title='bbox 3379 861 3629 932; x_wconf 73' lang='grc' dir='ltr'>ἐπιθυμία</span> <span class='ocrx_word' id='word_1_155' title='bbox 3650 881 3663 894; x_wconf 87' lang='grc'><strong>·</strong></span> <span class='ocrx_word' id='word_1_156' title='bbox 3688 867 3775 920; x_wconf 74' lang='grc' dir='ltr'>δδὲ</span> 
     </span>
    </p>
   </div>
   <div class='ocr_carea' id='block_1_24' title="bbox 2257 950 3773 1023">
    <p class='ocr_par' dir='ltr' id='par_1_24' title="bbox 2257 950 3773 1023">
     <span class='ocr_line' id='line_1_24' title="bbox 2257 950 3773 1023; baseline 0.006 -21"><span class='ocrx_word' id='word_1_157' title='bbox 2257 950 2427 1004; x_wconf 83' lang='grc' dir='ltr'>ποιῶν</span> <span class='ocrx_word' id='word_1_158' title='bbox 2473 950 2534 1004; x_wconf 79' lang='grc' dir='ltr'>τὸ</span> <span class='ocrx_word' id='word_1_159' title='bbox 2565 951 2778 1023; x_wconf 86' lang='grc' dir='ltr'>θέλημα</span> <span class='ocrx_word' id='word_1_160' title='bbox 2807 951 2903 1004; x_wconf 90' lang='grc' dir='ltr'><strong>τοῦ</strong></span> <span class='ocrx_word' id='word_1_161' title='bbox 2933 950 3093 1017; x_wconf 86' lang='grc' dir='ltr'>Θεοῦ,</span> <span class='ocrx_word' id='word_1_162' title='bbox 3127 951 3278 1021; x_wconf 80' lang='grc' dir='ltr'>μένει</span> <span class='ocrx_word' id='word_1_163' title='bbox 3321 953 3402 1015; x_wconf 77' lang='grc' dir='ltr'><strong>εἰς</strong></span> <span class='ocrx_word' id='word_1_164' title='bbox 3437 953 3526 1006; x_wconf 75' lang='grc' dir='ltr'><strong>τὸν</strong></span> <span class='ocrx_word' id='word_1_165' title='bbox 3555 955 3720 1011; x_wconf 83' lang='grc' dir='ltr'>αἰῶνα.</span> <span class='ocrx_word' id='word_1_166' title='bbox 3758 978 3773 1011; x_wconf 76' lang='grc' dir='ltr'><strong>ι</strong></span> 
     </span>
    </p>
   </div>
   <div class='ocr_carea' id='block_1_25' title="bbox 2256 1042 3779 1116">
    <p class='ocr_par' dir='ltr' id='par_1_25' title="bbox 2256 1042 3779 1116">
     <span class='ocr_line' id='line_1_25' title="bbox 2256 1042 3779 1116; baseline 0.006 -23"><span class='ocrx_word' id='word_1_167' title='bbox 2256 1044 2426 1113; x_wconf 68' lang='grc' dir='ltr'>Φησὶν</span> <span class='ocrx_word' id='word_1_168' title='bbox 2472 1043 2530 1096; x_wconf 82' lang='grc' dir='ltr'>δὲ</span> <span class='ocrx_word' id='word_1_169' title='bbox 2580 1044 2677 1097; x_wconf 71' lang='grc' dir='ltr'>καὶ</span> <span class='ocrx_word' id='word_1_170' title='bbox 2726 1045 2754 1096; x_wconf 86' lang='grc' dir='ltr'>ὁ</span> <span class='ocrx_word' id='word_1_171' title='bbox 2800 1044 3081 1106; x_wconf 80' lang='grc' dir='ltr'>Ἰάκωϐος·</span> <span class='ocrx_word' id='word_1_172' title='bbox 3116 1061 3136 1095; x_wconf 75' lang='grc' dir='ltr'><strong>ι</strong></span> <span class='ocrx_word' id='word_1_173' title='bbox 3182 1046 3278 1107; x_wconf 90' lang='grc' dir='ltr'>Ὃς</span> <span class='ocrx_word' id='word_1_174' title='bbox 3312 1043 3379 1096; x_wconf 81' lang='grc' dir='ltr'>ἂν</span> <span class='ocrx_word' id='word_1_175' title='bbox 3410 1042 3627 1116; x_wconf 77' lang='grc' dir='ltr'><strong>βουληθῇ</strong></span> <span class='ocrx_word' id='word_1_176' title='bbox 3657 1049 3779 1115; x_wconf 80' lang='grc' dir='ltr'>φίλος</span> 
     </span>
    </p>
   </div>
   <div class='ocr_carea' id='block_1_26' title="bbox 2260 1133 3774 1205">
    <p class='ocr_par' dir='ltr' id='par_1_26' title="bbox 2260 1133 3774 1205">
     <span class='ocr_line' id='line_1_26' title="bbox 2260 1133 3774 1205; baseline 0.001 -16"><span class='ocrx_word' id='word_1_177' title='bbox 2260 1133 2399 1189; x_wconf 76' lang='grc' dir='ltr'>εἶναι</span> <span class='ocrx_word' id='word_1_178' title='bbox 2458 1133 2554 1188; x_wconf 89' lang='grc' dir='ltr'><strong>τοῦ</strong></span> <span class='ocrx_word' id='word_1_179' title='bbox 2603 1135 2835 1205; x_wconf 82' lang='grc' dir='ltr'><strong>κόσμου,</strong></span> <span class='ocrx_word' id='word_1_180' title='bbox 2871 1134 3068 1205; x_wconf 76' lang='grc' dir='ltr'>ἐχθρὸς</span> <span class='ocrx_word' id='word_1_181' title='bbox 3108 1134 3205 1189; x_wconf 88' lang='grc' dir='ltr'><strong>τοῦ</strong></span> <span class='ocrx_word' id='word_1_182' title='bbox 3240 1135 3390 1190; x_wconf 86' lang='grc' dir='ltr'><strong>1Θεοῦ</strong></span> <span class='ocrx_word' id='word_1_183' title='bbox 3445 1136 3774 1193; x_wconf 75' lang='grc' dir='ltr'><strong>καθίσταται.»</strong></span> 
     </span>
    </p>
   </div>
   <div class='ocr_carea' id='block_1_27' title="bbox 2271 1225 3781 1298">
    <p class='ocr_par' dir='ltr' id='par_1_27' title="bbox 2271 1225 3781 1298">
     <span class='ocr_line' id='line_1_27' title="bbox 2271 1225 3781 1298; baseline 0.001 -18"><span class='ocrx_word' id='word_1_184' title='bbox 2271 1227 2330 1280; x_wconf 81' lang='lat' dir='ltr'><strong>&#39;O</strong></span> <span class='ocrx_word' id='word_1_185' title='bbox 2353 1226 2411 1279; x_wconf 82' lang='grc' dir='ltr'>δὲ</span> <span class='ocrx_word' id='word_1_186' title='bbox 2443 1225 2677 1289; x_wconf 80' lang='grc' dir='ltr'><strong>Παῦλος,</strong></span> <span class='ocrx_word' id='word_1_187' title='bbox 2707 1244 2727 1277; x_wconf 75' lang='grc' dir='ltr'><strong>ι</strong></span> <span class='ocrx_word' id='word_1_188' title='bbox 2762 1226 3227 1295; x_wconf 83' lang='grc' dir='ltr'>Ἀπεκδυσάμενοι</span> <span class='ocrx_word' id='word_1_189' title='bbox 3251 1228 3345 1279; x_wconf 81' lang='grc' dir='ltr'>τὸν</span> <span class='ocrx_word' id='word_1_190' title='bbox 3366 1227 3583 1280; x_wconf 80' lang='grc' dir='ltr'>παλαιὸν</span> <span class='ocrx_word' id='word_1_191' title='bbox 3610 1229 3781 1298; x_wconf 81' lang='grc' dir='ltr'>ἄνθρω-</span> 
     </span>
    </p>
   </div>
   <div class='ocr_carea' id='block_1_28' title="bbox 2257 1316 3781 1389">
    <p class='ocr_par' dir='ltr' id='par_1_28' title="bbox 2257 1316 3781 1389">
     <span class='ocr_line' id='line_1_28' title="bbox 2257 1316 3781 1389; baseline 0.005 -18"><span class='ocrx_word' id='word_1_192' title='bbox 2257 1335 2360 1371; x_wconf 89' lang='grc' dir='ltr'><strong>πον</strong></span> <span class='ocrx_word' id='word_1_193' title='bbox 2394 1318 2491 1371; x_wconf 83' lang='grc' dir='ltr'><strong>σύν</strong></span> <span class='ocrx_word' id='word_1_194' title='bbox 2518 1320 2641 1381; x_wconf 85' lang='grc' dir='ltr'>ταῖς</span> <span class='ocrx_word' id='word_1_195' title='bbox 2672 1318 2940 1387; x_wconf 81' lang='grc' dir='ltr'><strong>πράξεσιν</strong></span> <span class='ocrx_word' id='word_1_196' title='bbox 2987 1316 3174 1383; x_wconf 86' lang='grc' dir='ltr'>αὐτοῦ,</span> <span class='ocrx_word' id='word_1_197' title='bbox 3208 1322 3305 1372; x_wconf 73' lang='grc' dir='ltr'><strong>καὶ</strong></span> <span class='ocrx_word' id='word_1_198' title='bbox 3347 1319 3675 1389; x_wconf 74' lang='grc' dir='ltr'><strong>ἐνδυσάμενοι</strong></span> <span class='ocrx_word' id='word_1_199' title='bbox 3710 1326 3781 1379; x_wconf 77' lang='grc' dir='ltr'>τὸν</span> 
     </span>
    </p>
   </div>
   <div class='ocr_carea' id='block_1_29' title="bbox 2257 1411 3782 1483">
    <p class='ocr_par' dir='ltr' id='par_1_29' title="bbox 2257 1411 3782 1483">
     <span class='ocr_line' id='line_1_29' title="bbox 2257 1411 3782 1483; baseline 0.005 -19"><span class='ocrx_word' id='word_1_200' title='bbox 2257 1411 2744 1481; x_wconf 81' lang='grc' dir='ltr'><strong>ἀνακαινούμενον.</strong></span> <span class='ocrx_word' id='word_1_201' title='bbox 2781 1430 2800 1463; x_wconf 70' lang='grc' dir='ltr'><strong>ι</strong></span> <span class='ocrx_word' id='word_1_202' title='bbox 2834 1412 2944 1465; x_wconf 76' lang='grc' dir='ltr'><strong>Καὶ</strong></span> <span class='ocrx_word' id='word_1_203' title='bbox 2975 1411 3249 1482; x_wconf 70' lang='grc' dir='ltr'>ἐπιφέρει·</span> <span class='ocrx_word' id='word_1_204' title='bbox 3278 1432 3295 1463; x_wconf 80' lang='grc' dir='ltr'><strong>ι</strong></span> <span class='ocrx_word' id='word_1_205' title='bbox 3316 1413 3481 1465; x_wconf 83' lang='grc' dir='ltr'>Οὐδὲν</span> <span class='ocrx_word' id='word_1_206' title='bbox 3508 1418 3782 1483; x_wconf 77' lang='grc' dir='ltr'>εἰσηνέγκα-</span> 
     </span>
    </p>
   </div>
   <div class='ocr_carea' id='block_1_30' title="bbox 2262 1503 3781 1573">
    <p class='ocr_par' dir='ltr' id='par_1_30' title="bbox 2262 1503 3781 1573">
     <span class='ocr_line' id='line_1_30' title="bbox 2262 1503 3781 1573; baseline 0.006 -19"><span class='ocrx_word' id='word_1_207' title='bbox 2262 1519 2364 1571; x_wconf 85' lang='grc' dir='ltr'><strong>μεν</strong></span> <span class='ocrx_word' id='word_1_208' title='bbox 2397 1503 2478 1566; x_wconf 78' lang='grc' dir='ltr'><strong>εῐς</strong></span> <span class='ocrx_word' id='word_1_209' title='bbox 2521 1503 2613 1555; x_wconf 86' lang='grc' dir='ltr'>τὸν</span> <span class='ocrx_word' id='word_1_210' title='bbox 2651 1504 2878 1573; x_wconf 82' lang='grc' dir='ltr'>κόσμον,</span> <span class='ocrx_word' id='word_1_211' title='bbox 2928 1503 3172 1573; x_wconf 86' lang='grc' dir='ltr'>δηλονότι</span> <span class='ocrx_word' id='word_1_212' title='bbox 3232 1503 3355 1558; x_wconf 83' lang='grc' dir='ltr'>οὐδὲ</span> <span class='ocrx_word' id='word_1_213' title='bbox 3408 1503 3689 1573; x_wconf 78' lang='grc' dir='ltr'>ἐξενεγκεῖν</span> <span class='ocrx_word' id='word_1_214' title='bbox 3740 1526 3781 1563; x_wconf 88' lang='grc' dir='ltr'><strong>τι</strong></span> 
     </span>
    </p>
   </div>
   <div class='ocr_carea' id='block_1_31' title="bbox 2254 1593 3781 1667">
    <p class='ocr_par' dir='ltr' id='par_1_31' title="bbox 2254 1593 3781 1667">
     <span class='ocr_line' id='line_1_31' title="bbox 2254 1593 3781 1667; baseline 0.003 -20"><span class='ocrx_word' id='word_1_215' title='bbox 2254 1593 2555 1663; x_wconf 81' lang='grc' dir='ltr'>δυνάμεθα’</span> <span class='ocrx_word' id='word_1_216' title='bbox 2586 1594 2801 1665; x_wconf 82' lang='grc' dir='ltr'>ἔχοντες</span> <span class='ocrx_word' id='word_1_217' title='bbox 2857 1596 2913 1649; x_wconf 80' lang='grc' dir='ltr'>δὲ</span> <span class='ocrx_word' id='word_1_218' title='bbox 2970 1596 3268 1666; x_wconf 79' lang='grc' dir='ltr'>διατροφὰς</span> <span class='ocrx_word' id='word_1_219' title='bbox 3315 1597 3412 1650; x_wconf 73' lang='grc' dir='ltr'>καὶ</span> <span class='ocrx_word' id='word_1_220' title='bbox 3450 1599 3781 1667; x_wconf 80' lang='grc' dir='ltr'>σκεπάσματα,</span> 
     </span>
    </p>
   </div>
   <div class='ocr_carea' id='block_1_32' title="bbox 2255 1685 3781 1761">
    <p class='ocr_par' dir='ltr' id='par_1_32' title="bbox 2255 1685 3781 1761">
     <span class='ocr_line' id='line_1_32' title="bbox 2255 1685 3781 1761; baseline 0.005 -24"><span class='ocrx_word' id='word_1_221' title='bbox 2255 1685 2473 1749; x_wconf 81' lang='grc' dir='ltr'>τούτοις</span> <span class='ocrx_word' id='word_1_222' title='bbox 2534 1686 3011 1756; x_wconf 86' lang='grc' dir='ltr'>ἀρκεσθησόμεθα.</span> <span class='ocrx_word' id='word_1_223' title='bbox 3047 1706 3067 1739; x_wconf 71' lang='grc' dir='ltr'><strong>ι</strong></span> <span class='ocrx_word' id='word_1_224' title='bbox 3107 1686 3296 1742; x_wconf 88' lang='grc' dir='ltr'>Ταῦτα</span> <span class='ocrx_word' id='word_1_225' title='bbox 3350 1688 3444 1740; x_wconf 84' lang='grc' dir='ltr'>καὶ</span> <span class='ocrx_word' id='word_1_226' title='bbox 3496 1690 3522 1741; x_wconf 86' lang='grc' dir='ltr'><strong>ὀ</strong></span> <span class='ocrx_word' id='word_1_227' title='bbox 3576 1689 3781 1761; x_wconf 81' lang='grc' dir='ltr'>Σολομὼν</span> 
     </span>
    </p>
   </div>
   <div class='ocr_carea' id='block_1_33' title="bbox 2258 1777 3779 1851">
    <p class='ocr_par' dir='ltr' id='par_1_33' title="bbox 2258 1777 3779 1851">
     <span class='ocr_line' id='line_1_33' title="bbox 2258 1777 3779 1851; baseline 0.003 -21"><span class='ocrx_word' id='word_1_228' title='bbox 2258 1778 2422 1842; x_wconf 83' lang='grc' dir='ltr'>αἰτεῖ,</span> <span class='ocrx_word' id='word_1_229' title='bbox 2454 1777 2657 1845; x_wconf 83' lang='grc' dir='ltr'>λέγων·</span> <span class='ocrx_word' id='word_1_230' title='bbox 2700 1796 2720 1830; x_wconf 76' lang='grc' dir='ltr'><strong>ι</strong></span> <span class='ocrx_word' id='word_1_231' title='bbox 2764 1779 3001 1833; x_wconf 88' lang='grc' dir='ltr'>Πλοῦτον</span> <span class='ocrx_word' id='word_1_232' title='bbox 3057 1780 3152 1832; x_wconf 76' lang='grc' dir='ltr'>καὶ</span> <span class='ocrx_word' id='word_1_233' title='bbox 3205 1780 3401 1833; x_wconf 83' lang='grc' dir='ltr'>πενίαν</span> <span class='ocrx_word' id='word_1_234' title='bbox 3452 1781 3523 1851; x_wconf 84' lang='grc' dir='ltr'>μή</span> <span class='ocrx_word' id='word_1_235' title='bbox 3560 1799 3640 1849; x_wconf 89' lang='grc' dir='ltr'><strong>μοι</strong></span> <span class='ocrx_word' id='word_1_236' title='bbox 3664 1782 3779 1851; x_wconf 73' lang='grc' dir='ltr'><strong>δῷςι</strong></span> 
     </span>
    </p>
   </div>
   <div class='ocr_carea' id='block_1_34' title="bbox 569 1867 2159 1950">
    <p class='ocr_par' dir='ltr' id='par_1_34' title="bbox 569 1875 2150 1950">
     <span class='ocr_line' id='line_1_34' title="bbox 569 1875 2150 1950; baseline 0.003 -21"><span class='ocrx_word' id='word_1_237' title='bbox 569 1875 625 1929; x_wconf 89' lang='lat' dir='ltr'><strong>di</strong></span> <span class='ocrx_word' id='word_1_238' title='bbox 667 1875 921 1945; x_wconf 85' lang='lat' dir='ltr'><strong>opificem</strong></span> <span class='ocrx_word' id='word_1_239' title='bbox 955 1878 1334 1949; x_wconf 90' lang='lat' dir='ltr'><strong>pertingamus</strong></span> <span class='ocrx_word' id='word_1_240' title='bbox 1362 1878 1612 1933; x_wconf 81' lang='lat' dir='ltr'><strong>heatiﬁca</strong></span> <span class='ocrx_word' id='word_1_241' title='bbox 1638 1879 1940 1934; x_wconf 88' lang='lat' dir='ltr'><strong>fruitione:</strong></span> <span class='ocrx_word' id='word_1_242' title='bbox 1977 1880 2150 1950; x_wconf 81' lang='lat' dir='ltr'><strong>siqni-</strong></span> 
     </span>
    </p>
   </div>
   <div class='ocr_carea' id='block_1_35' title="bbox 2258 1867 3781 1950">
    <p class='ocr_par' dir='ltr' id='par_1_35' title="bbox 2258 1869 3781 1943">
     <span class='ocr_line' id='line_1_35' title="bbox 2258 1869 3781 1943; baseline 0.003 -21"><span class='ocrx_word' id='word_1_243' title='bbox 2258 1869 2517 1934; x_wconf 84' lang='grc' dir='ltr'>σύνταξον</span> <span class='ocrx_word' id='word_1_244' title='bbox 2552 1869 2611 1923; x_wconf 78' lang='grc' dir='ltr'>δέ</span> <span class='ocrx_word' id='word_1_245' title='bbox 2637 1887 2728 1941; x_wconf 85' lang='grc' dir='ltr'><strong>μοι</strong></span> <span class='ocrx_word' id='word_1_246' title='bbox 2757 1871 2827 1923; x_wconf 86' lang='grc' dir='ltr'><strong>τὰ</strong></span> <span class='ocrx_word' id='word_1_247' title='bbox 2850 1871 3039 1923; x_wconf 85' lang='grc' dir='ltr'>δέοντα</span> <span class='ocrx_word' id='word_1_248' title='bbox 3070 1872 3166 1924; x_wconf 74' lang='grc' dir='ltr'>καὶ</span> <span class='ocrx_word' id='word_1_249' title='bbox 3193 1873 3469 1943; x_wconf 86' lang='grc' dir='ltr'>αὐτάρκη.</span> <span class='ocrx_word' id='word_1_250' title='bbox 3497 1890 3516 1923; x_wconf 73' lang='grc' dir='ltr'><strong>ι</strong></span> <span class='ocrx_word' id='word_1_251' title='bbox 3547 1874 3644 1926; x_wconf 73' lang='grc' dir='ltr'>Καὶ</span> <span class='ocrx_word' id='word_1_252' title='bbox 3664 1870 3781 1939; x_wconf 76' lang='grc' dir='ltr'>αὖθις</span> 
     </span>
    </p>
   </div>
   <div class='ocr_carea' id='block_1_36' title="bbox 570 1962 2159 2041">
    <p class='ocr_par' dir='ltr' id='par_1_36' title="bbox 570 1969 2147 2041">
     <span class='ocr_line' id='line_1_36' title="bbox 570 1969 2147 2041; baseline 0.003 -20"><span class='ocrx_word' id='word_1_253' title='bbox 570 1969 697 2022; x_wconf 90' lang='lat' dir='ltr'><strong>dem</strong></span> <span class='ocrx_word' id='word_1_254' title='bbox 735 1970 922 2023; x_wconf 88' lang='lat' dir='ltr'><strong>mundi</strong></span> <span class='ocrx_word' id='word_1_255' title='bbox 968 1971 1129 2024; x_wconf 80' lang='lat' dir='ltr'><strong>istius</strong></span> <span class='ocrx_word' id='word_1_256' title='bbox 1178 1971 1350 2041; x_wconf 81' lang='lat' dir='ltr'><strong>figura</strong></span> <span class='ocrx_word' id='word_1_257' title='bbox 1404 1972 1471 2025; x_wconf 90' lang='lat' dir='ltr'><strong>ad</strong></span> <span class='ocrx_word' id='word_1_258' title='bbox 1506 1969 1802 2040; x_wconf 86' lang='lat' dir='ltr'><strong>imaginem</strong></span> <span class='ocrx_word' id='word_1_259' title='bbox 1830 1972 2028 2025; x_wconf 88' lang='lat' dir='ltr'><strong>transit</strong></span> <span class='ocrx_word' id='word_1_260' title='bbox 2060 1972 2147 2025; x_wconf 86' lang='lat' dir='ltr'><strong>in-</strong></span> 
     </span>
    </p>
   </div>
   <div class='ocr_carea' id='block_1_37' title="bbox 2258 1962 3782 2041">
    <p class='ocr_par' dir='ltr' id='par_1_37' title="bbox 2258 1962 3782 2036">
     <span class='ocr_line' id='line_1_37' title="bbox 2258 1962 3782 2036; baseline 0.001 -20"><span class='ocrx_word' id='word_1_261' title='bbox 2258 1965 2280 2016; x_wconf 78' lang='grc' dir='ltr'>ὑ</span> <span class='ocrx_word' id='word_1_262' title='bbox 2302 1962 2534 2027; x_wconf 83' lang='grc' dir='ltr'><strong>Παῦλος,</strong></span> <span class='ocrx_word' id='word_1_263' title='bbox 2557 1962 2885 2034; x_wconf 85' lang='grc' dir='ltr'>βουλόμενος</span> <span class='ocrx_word' id='word_1_264' title='bbox 2905 1965 3054 2034; x_wconf 80' lang='grc' dir='ltr'>ἡμᾶς</span> <span class='ocrx_word' id='word_1_265' title='bbox 3079 1966 3536 2034; x_wconf 78' lang='grc' dir='ltr'>μετεωροπορεῖν,</span> <span class='ocrx_word' id='word_1_266' title='bbox 3551 1967 3637 2017; x_wconf 70' lang='grc' dir='ltr'>καὶ</span> <span class='ocrx_word' id='word_1_267' title='bbox 3657 1967 3782 2036; x_wconf 77' lang='grc' dir='ltr'>οὐρα.</span> 
     </span>
    </p>
   </div>
   <div class='ocr_carea' id='block_1_38' title="bbox 571 2053 2159 2132">
    <p class='ocr_par' dir='ltr' id='par_1_38' title="bbox 571 2061 2150 2132">
     <span class='ocr_line' id='line_1_38' title="bbox 571 2061 2150 2132; baseline 0.002 -17"><span class='ocrx_word' id='word_1_268' title='bbox 571 2061 791 2117; x_wconf 91' lang='lat' dir='ltr'><strong>somnii.</strong></span> <span class='ocrx_word' id='word_1_269' title='bbox 865 2062 1107 2116; x_wconf 85' lang='lat' dir='ltr'><strong>Tametsi</strong></span> <span class='ocrx_word' id='word_1_270' title='bbox 1166 2064 1286 2132; x_wconf 89' lang='lat' dir='ltr'><strong>ipso</strong></span> <span class='ocrx_word' id='word_1_271' title='bbox 1357 2065 1568 2119; x_wconf 87' lang='lat' dir='ltr'><strong>utimur</strong></span> <span class='ocrx_word' id='word_1_272' title='bbox 1648 2063 1881 2126; x_wconf 89' lang='lat' dir='ltr'><strong>mundo,</strong></span> <span class='ocrx_word' id='word_1_273' title='bbox 1938 2078 2009 2117; x_wconf 91' lang='lat' dir='ltr'><strong>ne</strong></span> <span class='ocrx_word' id='word_1_274' title='bbox 2067 2063 2150 2118; x_wconf 90' lang='lat' dir='ltr'><strong>sic</strong></span> 
     </span>
    </p>
   </div>
   <div class='ocr_carea' id='block_1_39' title="bbox 2258 2053 3780 2132">
    <p class='ocr_par' dir='ltr' id='par_1_39' title="bbox 2258 2053 3780 2124">
     <span class='ocr_line' id='line_1_39' title="bbox 2258 2053 3780 2124; baseline 0 -15"><span class='ocrx_word' id='word_1_275' title='bbox 2258 2055 2545 2117; x_wconf 82' lang='grc' dir='ltr'>νοπολίτας</span> <span class='ocrx_word' id='word_1_276' title='bbox 2608 2055 2985 2124; x_wconf 81' lang='grc' dir='ltr'>καταστῆσαι,</span> <span class='ocrx_word' id='word_1_277' title='bbox 3023 2056 3284 2124; x_wconf 87' lang='grc' dir='ltr'>παραινεί</span> <span class='ocrx_word' id='word_1_278' title='bbox 3340 2053 3513 2122; x_wconf 81' lang='grc' dir='ltr'>λέγων</span> <span class='ocrx_word' id='word_1_279' title='bbox 3539 2070 3553 2085; x_wconf 90' lang='grc'><strong>·</strong></span> <span class='ocrx_word' id='word_1_280' title='bbox 3589 2074 3606 2107; x_wconf 80' lang='grc' dir='ltr'><strong>ι</strong></span> <span class='ocrx_word' id='word_1_281' title='bbox 3638 2056 3689 2107; x_wconf 81' lang='grc' dir='ltr'><strong>Εἰ</strong></span> <span class='ocrx_word' id='word_1_282' title='bbox 3712 2053 3780 2109; x_wconf 72' lang='grc' dir='ltr'>οὖν</span> 
     </span>
    </p>
   </div>
   <div class='ocr_carea' id='block_1_40' title="bbox 569 2142 2159 2227">
    <p class='ocr_par' dir='ltr' id='par_1_40' title="bbox 569 2142 2155 2227">
     <span class='ocr_line' id='line_1_40' title="bbox 569 2142 2155 2227; baseline 0.001 -21"><span class='ocrx_word' id='word_1_283' title='bbox 569 2154 795 2223; x_wconf 88' lang='lat' dir='ltr'><strong>quidem</strong></span> <span class='ocrx_word' id='word_1_284' title='bbox 830 2170 897 2208; x_wconf 90' lang='lat' dir='ltr'><strong>eo</strong></span> <span class='ocrx_word' id='word_1_285' title='bbox 922 2156 1247 2221; x_wconf 90' lang='lat' dir='ltr'><strong>abutamur,</strong></span> <span class='ocrx_word' id='word_1_286' title='bbox 1269 2156 1423 2227; x_wconf 78' lang='lat' dir='ltr'><strong>juxta</strong></span> <span class='ocrx_word' id='word_1_287' title='bbox 1465 2155 1613 2210; x_wconf 82' lang='lat' dir='ltr'><strong>beati</strong></span> <span class='ocrx_word' id='word_1_288' title='bbox 1648 2142 1886 2211; x_wconf 56' lang='lat' dir='ltr'><strong>&#39;Joannis</strong></span> <span class='ocrx_word' id='word_1_289' title='bbox 1929 2155 2155 2208; x_wconf 90' lang='lat' dir='ltr'><strong>manda-</strong></span> 
     </span>
    </p>
   </div>
   <div class='ocr_carea' id='block_1_41' title="bbox 2258 2142 3780 2227">
    <p class='ocr_par' dir='ltr' id='par_1_41' title="bbox 2258 2142 3780 2219">
     <span class='ocr_line' id='line_1_41' title="bbox 2258 2142 3780 2219; baseline 0.001 -19"><span class='ocrx_word' id='word_1_290' title='bbox 2258 2145 2641 2218; x_wconf 82' lang='grc' dir='ltr'><strong>συνηγέρθητε</strong></span> <span class='ocrx_word' id='word_1_291' title='bbox 2667 2147 2746 2217; x_wconf 85' lang='grc' dir='ltr'><strong>τῷ</strong></span> <span class='ocrx_word' id='word_1_292' title='bbox 2771 2147 3015 2217; x_wconf 84' lang='grc' dir='ltr'>Χριστῷ,</span> <span class='ocrx_word' id='word_1_293' title='bbox 3047 2147 3115 2199; x_wconf 84' lang='grc' dir='ltr'>τὰ</span> <span class='ocrx_word' id='word_1_294' title='bbox 3151 2146 3266 2200; x_wconf 83' lang='grc' dir='ltr'><strong>ἄνω</strong></span> <span class='ocrx_word' id='word_1_295' title='bbox 3302 2146 3519 2215; x_wconf 76' lang='grc' dir='ltr'>ζητεῖτε</span> <span class='ocrx_word' id='word_1_296' title='bbox 3550 2142 3604 2201; x_wconf 74' lang='grc' dir='ltr'><strong>οὗ</strong></span> <span class='ocrx_word' id='word_1_297' title='bbox 3634 2152 3658 2200; x_wconf 82' lang='grc' dir='ltr'>ὁ</span> <span class='ocrx_word' id='word_1_298' title='bbox 3680 2151 3780 2219; x_wconf 82' lang='grc' dir='ltr'>Χρι-</span> 
     </span>
    </p>
   </div>
   <div class='ocr_carea' id='block_1_42' title="bbox 573 2242 2155 2315">
    <p class='ocr_par' dir='ltr' id='par_1_42' title="bbox 573 2242 2155 2315">
     <span class='ocr_line' id='line_1_42' title="bbox 573 2242 2155 2315; baseline 0.003 -22"><span class='ocrx_word' id='word_1_299' title='bbox 573 2250 692 2294; x_wconf 86' lang='lat' dir='ltr'><strong>tum</strong></span> <span class='ocrx_word' id='word_1_300' title='bbox 733 2259 745 2294; x_wconf 89' lang='lat'><strong>:</strong></span> <span class='ocrx_word' id='word_1_301' title='bbox 788 2260 805 2293; x_wconf 79' lang='grc' dir='ltr'><strong>ι</strong></span> <span class='ocrx_word' id='word_1_302' title='bbox 841 2242 1020 2297; x_wconf 90' lang='lat' dir='ltr'><strong>Nolite</strong></span> <span class='ocrx_word' id='word_1_303' title='bbox 1048 2243 1278 2313; x_wconf 87' lang='lat' dir='ltr'><strong>diligere</strong></span> <span class='ocrx_word' id='word_1_304' title='bbox 1313 2245 1603 2308; x_wconf 84' lang='lat' dir='ltr'><strong>mundum,</strong></span> <span class='ocrx_word' id='word_1_305' title='bbox 1633 2260 1813 2315; x_wconf 88' lang='lat' dir='ltr'><strong>neque</strong></span> <span class='ocrx_word' id='word_1_306' title='bbox 1844 2261 1908 2300; x_wconf 88' lang='lat' dir='ltr'><strong>ea</strong></span> <span class='ocrx_word' id='word_1_307' title='bbox 1944 2261 2064 2314; x_wconf 74' lang='lat' dir='ltr'><strong>quae</strong></span> <span class='ocrx_word' id='word_1_308' title='bbox 2096 2245 2155 2298; x_wconf 90' lang='lat' dir='ltr'><strong>in</strong></span> 
     </span>
    </p>
   </div>
   <div class='ocr_carea' id='block_1_43' title="bbox 573 2332 2155 2408">
    <p class='ocr_par' dir='ltr' id='par_1_43' title="bbox 573 2332 2155 2408">
     <span class='ocr_line' id='line_1_43' title="bbox 573 2332 2155 2408; baseline 0.004 -23"><span class='ocrx_word' id='word_1_309' title='bbox 573 2332 781 2387; x_wconf 91' lang='lat' dir='ltr'><strong>mundo</strong></span> <span class='ocrx_word' id='word_1_310' title='bbox 805 2341 970 2387; x_wconf 91' lang='lat' dir='ltr'><strong>sunt:</strong></span> <span class='ocrx_word' id='word_1_311' title='bbox 1006 2334 1050 2388; x_wconf 91' lang='lat' dir='ltr'><strong>si</strong></span> <span class='ocrx_word' id='word_1_312' title='bbox 1079 2336 1206 2405; x_wconf 89' lang='lat' dir='ltr'><strong>quis</strong></span> <span class='ocrx_word' id='word_1_313' title='bbox 1234 2336 1418 2408; x_wconf 86' lang='lat' dir='ltr'><strong>diligit</strong></span> <span class='ocrx_word' id='word_1_314' title='bbox 1445 2337 1736 2401; x_wconf 91' lang='lat' dir='ltr'><strong>mundum,</strong></span> <span class='ocrx_word' id='word_1_315' title='bbox 1772 2354 1883 2391; x_wconf 90' lang='lat' dir='ltr'><strong>non</strong></span> <span class='ocrx_word' id='word_1_316' title='bbox 1911 2346 1996 2392; x_wconf 89' lang='lat' dir='ltr'><strong>est</strong></span> <span class='ocrx_word' id='word_1_317' title='bbox 2026 2338 2155 2392; x_wconf 89' lang='lat' dir='ltr'><strong>cha-</strong></span> 
     </span>
    </p>
   </div>
   <div class='ocr_carea' id='block_1_44' title="bbox 572 2423 2153 2498">
    <p class='ocr_par' dir='ltr' id='par_1_44' title="bbox 572 2423 2153 2498">
     <span class='ocr_line' id='line_1_44' title="bbox 572 2423 2153 2498; baseline 0.003 -22"><span class='ocrx_word' id='word_1_318' title='bbox 572 2423 714 2477; x_wconf 88' lang='lat' dir='ltr'><strong>ritas</strong></span> <span class='ocrx_word' id='word_1_319' title='bbox 753 2424 933 2479; x_wconf 89' lang='lat' dir='ltr'><strong>Patris</strong></span> <span class='ocrx_word' id='word_1_320' title='bbox 983 2424 1041 2478; x_wconf 91' lang='lat' dir='ltr'><strong>in</strong></span> <span class='ocrx_word' id='word_1_321' title='bbox 1070 2441 1158 2491; x_wconf 90' lang='lat' dir='ltr'><strong>eo,</strong></span> <span class='ocrx_word' id='word_1_322' title='bbox 1185 2429 1315 2497; x_wconf 89' lang='lat' dir='ltr'><strong>quia</strong></span> <span class='ocrx_word' id='word_1_323' title='bbox 1346 2443 1509 2483; x_wconf 90' lang='lat' dir='ltr'><strong>omne</strong></span> <span class='ocrx_word' id='word_1_324' title='bbox 1534 2428 1680 2498; x_wconf 90' lang='lat' dir='ltr'><strong>quod</strong></span> <span class='ocrx_word' id='word_1_325' title='bbox 1723 2437 1808 2482; x_wconf 88' lang='lat' dir='ltr'><strong>est</strong></span> <span class='ocrx_word' id='word_1_326' title='bbox 1836 2428 1891 2481; x_wconf 90' lang='lat' dir='ltr'><strong>in</strong></span> <span class='ocrx_word' id='word_1_327' title='bbox 1924 2427 2153 2492; x_wconf 89' lang='lat' dir='ltr'><strong>mundo,</strong></span> 
     </span>
    </p>
   </div>
   <div class='ocr_carea' id='block_1_45' title="bbox 571 2516 2159 2589">
    <p class='ocr_par' dir='ltr' id='par_1_45' title="bbox 571 2516 2159 2589">
     <span class='ocr_line' id='line_1_45' title="bbox 571 2516 2159 2589; baseline 0.002 -19"><span class='ocrx_word' id='word_1_328' title='bbox 571 2516 1025 2584; x_wconf 88' lang='lat' dir='ltr'><strong>concupiscentia</strong></span> <span class='ocrx_word' id='word_1_329' title='bbox 1054 2519 1236 2572; x_wconf 85' lang='lat' dir='ltr'><strong>carnis</strong></span> <span class='ocrx_word' id='word_1_330' title='bbox 1259 2528 1369 2581; x_wconf 87' lang='lat' dir='ltr'><strong>est,</strong></span> <span class='ocrx_word' id='word_1_331' title='bbox 1395 2528 1448 2574; x_wconf 89' lang='lat' dir='ltr'><strong>et</strong></span> <span class='ocrx_word' id='word_1_332' title='bbox 1481 2520 1931 2589; x_wconf 89' lang='lat' dir='ltr'><strong>concupiscentia</strong></span> <span class='ocrx_word' id='word_1_333' title='bbox 1968 2520 2159 2573; x_wconf 90' lang='lat' dir='ltr'><strong>oculo-</strong></span> 
     </span>
    </p>
   </div>
   <div class='ocr_carea' id='block_1_46' title="bbox 572 2609 2158 2680">
    <p class='ocr_par' dir='ltr' id='par_1_46' title="bbox 572 2609 2158 2680">
     <span class='ocr_line' id='line_1_46' title="bbox 572 2609 2158 2680; baseline 0.003 -20"><span class='ocrx_word' id='word_1_334' title='bbox 572 2622 717 2669; x_wconf 83' lang='lat' dir='ltr'><strong>rum,</strong></span> <span class='ocrx_word' id='word_1_335' title='bbox 758 2616 815 2661; x_wconf 91' lang='lat' dir='ltr'><strong>et</strong></span> <span class='ocrx_word' id='word_1_336' title='bbox 856 2609 1117 2678; x_wconf 87' lang='lat' dir='ltr'><strong>superbia</strong></span> <span class='ocrx_word' id='word_1_337' title='bbox 1164 2610 1313 2674; x_wconf 63' lang='lat' dir='ltr'><strong>vitae,</strong></span> <span class='ocrx_word' id='word_1_338' title='bbox 1349 2627 1470 2680; x_wconf 70' lang='lat' dir='ltr'><strong>quae</strong></span> <span class='ocrx_word' id='word_1_339' title='bbox 1518 2627 1627 2665; x_wconf 92' lang='lat' dir='ltr'><strong>non</strong></span> <span class='ocrx_word' id='word_1_340' title='bbox 1686 2620 1817 2665; x_wconf 90' lang='lat' dir='ltr'><strong>sunt</strong></span> <span class='ocrx_word' id='word_1_341' title='bbox 1874 2626 1942 2665; x_wconf 81' lang='lat' dir='ltr'><strong>ex</strong></span> <span class='ocrx_word' id='word_1_342' title='bbox 1972 2612 2158 2676; x_wconf 84' lang='lat' dir='ltr'><strong>Patre,</strong></span> 
     </span>
    </p>
   </div>
   <div class='ocr_carea' id='block_1_47' title="bbox 577 2697 2161 2770">
    <p class='ocr_par' dir='ltr' id='par_1_47' title="bbox 577 2697 2161 2770">
     <span class='ocr_line' id='line_1_47' title="bbox 577 2697 2161 2770; baseline 0.003 -18"><span class='ocrx_word' id='word_1_343' title='bbox 577 2697 791 2770; x_wconf 64' lang='lat'><strong>1049</strong></span> <span class='ocrx_word' id='word_1_344' title='bbox 814 2699 910 2754; x_wconf 89' lang='lat' dir='ltr'><strong>sed</strong></span> <span class='ocrx_word' id='word_1_345' title='bbox 935 2716 1003 2756; x_wconf 81' lang='lat' dir='ltr'><strong>ex</strong></span> <span class='ocrx_word' id='word_1_346' title='bbox 1022 2701 1228 2756; x_wconf 89' lang='lat' dir='ltr'><strong>mundo</strong></span> <span class='ocrx_word' id='word_1_347' title='bbox 1250 2704 1461 2757; x_wconf 71' lang='lat' dir='ltr'><strong>sunt“.</strong></span> <span class='ocrx_word' id='word_1_348' title='bbox 1487 2722 1506 2755; x_wconf 72' lang='grc' dir='ltr'><strong>ι</strong></span> <span class='ocrx_word' id='word_1_349' title='bbox 1536 2703 1642 2757; x_wconf 85' lang='lat' dir='ltr'><strong>Et:</strong></span> <span class='ocrx_word' id='word_1_350' title='bbox 1672 2722 1689 2754; x_wconf 78' lang='grc' dir='ltr'><strong>ι</strong></span> <span class='ocrx_word' id='word_1_351' title='bbox 1724 2702 1959 2758; x_wconf 86' lang='lat' dir='ltr'><strong>Mundus</strong></span> <span class='ocrx_word' id='word_1_352' title='bbox 1981 2711 2161 2757; x_wconf 86' lang='lat' dir='ltr'><strong>trans-</strong></span> 
     </span>
    </p>
   </div>
   <div class='ocr_carea' id='block_1_48' title="bbox 578 2792 2161 2865">
    <p class='ocr_par' dir='ltr' id='par_1_48' title="bbox 578 2792 2161 2865">
     <span class='ocr_line' id='line_1_48' title="bbox 578 2792 2161 2865; baseline 0.001 -20"><span class='ocrx_word' id='word_1_353' title='bbox 578 2793 621 2845; x_wconf 92' lang='lat' dir='ltr'><strong>it</strong></span> <span class='ocrx_word' id='word_1_354' title='bbox 656 2800 712 2845; x_wconf 90' lang='lat' dir='ltr'><strong>et</strong></span> <span class='ocrx_word' id='word_1_355' title='bbox 762 2792 1217 2864; x_wconf 85' lang='lat' dir='ltr'><strong>concupiscentia</strong></span> <span class='ocrx_word' id='word_1_356' title='bbox 1281 2795 1402 2863; x_wconf 85' lang='lat' dir='ltr'><strong>ejus</strong></span> <span class='ocrx_word' id='word_1_357' title='bbox 1431 2812 1446 2860; x_wconf 89' lang='lat'><strong>;</strong></span> <span class='ocrx_word' id='word_1_358' title='bbox 1480 2796 1575 2865; x_wconf 89' lang='lat' dir='ltr'><strong>qui</strong></span> <span class='ocrx_word' id='word_1_359' title='bbox 1602 2803 1785 2848; x_wconf 91' lang='lat' dir='ltr'><strong>autem</strong></span> <span class='ocrx_word' id='word_1_360' title='bbox 1816 2795 2161 2848; x_wconf 87' lang='lat' dir='ltr'><strong>voluntatem</strong></span> 
     </span>
    </p>
   </div>
   <div class='ocr_carea' id='block_1_49' title="bbox 572 2885 2161 2953">
    <p class='ocr_par' dir='ltr' id='par_1_49' title="bbox 572 2885 2161 2953">
     <span class='ocr_line' id='line_1_49' title="bbox 572 2885 2161 2953; baseline -0.001 -12"><span class='ocrx_word' id='word_1_361' title='bbox 572 2887 669 2942; x_wconf 92' lang='lat' dir='ltr'><strong>Dei</strong></span> <span class='ocrx_word' id='word_1_362' title='bbox 704 2889 856 2953; x_wconf 83' lang='lat' dir='ltr'><strong>facit,</strong></span> <span class='ocrx_word' id='word_1_363' title='bbox 882 2896 1069 2942; x_wconf 89' lang='lat' dir='ltr'><strong>manet</strong></span> <span class='ocrx_word' id='word_1_364' title='bbox 1101 2888 1156 2941; x_wconf 93' lang='lat' dir='ltr'><strong>in</strong></span> <span class='ocrx_word' id='word_1_365' title='bbox 1187 2899 1478 2941; x_wconf 62' lang='lat' dir='ltr'><strong>aaternum.</strong></span> <span class='ocrx_word' id='word_1_366' title='bbox 1521 2906 1540 2938; x_wconf 78' lang='grc' dir='ltr'><strong>ι</strong></span> <span class='ocrx_word' id='word_1_367' title='bbox 1577 2887 1667 2941; x_wconf 82' lang='lat' dir='ltr'><strong>Ait</strong></span> <span class='ocrx_word' id='word_1_368' title='bbox 1696 2886 1970 2942; x_wconf 83' lang='lat' dir='ltr'><strong>Jacohus:</strong></span> <span class='ocrx_word' id='word_1_369' title='bbox 2002 2905 2020 2937; x_wconf 78' lang='grc' dir='ltr'><strong>ι</strong></span> <span class='ocrx_word' id='word_1_370' title='bbox 2056 2885 2161 2951; x_wconf 85' lang='lat' dir='ltr'><strong>Qui</strong></span> 
     </span>
    </p>
   </div>
   <div class='ocr_carea' id='block_1_50' title="bbox 572 2978 2160 3043">
    <p class='ocr_par' dir='ltr' id='par_1_50' title="bbox 572 2978 2160 3043">
     <span class='ocr_line' id='line_1_50' title="bbox 572 2978 2160 3043; baseline -0.001 -10"><span class='ocrx_word' id='word_1_371' title='bbox 572 2980 815 3034; x_wconf 87' lang='lat' dir='ltr'><strong>voluerit</strong></span> <span class='ocrx_word' id='word_1_372' title='bbox 855 2981 1069 3034; x_wconf 89' lang='lat' dir='ltr'><strong>amicus</strong></span> <span class='ocrx_word' id='word_1_373' title='bbox 1102 2978 1293 3033; x_wconf 90' lang='lat' dir='ltr'><strong>mundi</strong></span> <span class='ocrx_word' id='word_1_374' title='bbox 1343 2993 1490 3043; x_wconf 90' lang='lat' dir='ltr'><strong>esse,</strong></span> <span class='ocrx_word' id='word_1_375' title='bbox 1516 2978 1783 3032; x_wconf 91' lang='lat' dir='ltr'><strong>inimicus</strong></span> <span class='ocrx_word' id='word_1_376' title='bbox 1821 2978 1917 3032; x_wconf 90' lang='lat' dir='ltr'><strong>Dei</strong></span> <span class='ocrx_word' id='word_1_377' title='bbox 1951 2978 2160 3031; x_wconf 88' lang='lat' dir='ltr'><strong>consti-</strong></span> 
     </span>
    </p>
   </div>
   <div class='ocr_carea' id='block_1_51' title="bbox 578 3070 2157 3142">
    <p class='ocr_par' dir='ltr' id='par_1_51' title="bbox 578 3070 2157 3142">
     <span class='ocr_line' id='line_1_51' title="bbox 578 3070 2157 3142; baseline 0 -17"><span class='ocrx_word' id='word_1_378' title='bbox 578 3074 758 3127; x_wconf 89' lang='lat' dir='ltr'><strong>tuitur</strong></span> <span class='ocrx_word' id='word_1_379' title='bbox 791 3074 859 3127; x_wconf 77' lang='grc'><strong>⁸⁸.</strong></span> <span class='ocrx_word' id='word_1_380' title='bbox 902 3092 920 3124; x_wconf 77' lang='grc' dir='ltr'><strong>ι</strong></span> <span class='ocrx_word' id='word_1_381' title='bbox 953 3073 1157 3127; x_wconf 84' lang='lat' dir='ltr'><strong>Paulus</strong></span> <span class='ocrx_word' id='word_1_382' title='bbox 1211 3087 1472 3142; x_wconf 88' lang='lat' dir='ltr'><strong>quoque:</strong></span> <span class='ocrx_word' id='word_1_383' title='bbox 1501 3090 1520 3121; x_wconf 85' lang='grc'><strong>‹</strong></span> <span class='ocrx_word' id='word_1_384' title='bbox 1563 3070 1949 3140; x_wconf 82' lang='lat' dir='ltr'><strong>Exspoliautes</strong></span> <span class='ocrx_word' id='word_1_385' title='bbox 1999 3080 2157 3125; x_wconf 88' lang='lat' dir='ltr'><strong>vete-</strong></span> 
     </span>
    </p>
   </div>
   <div class='ocr_carea' id='block_1_52' title="bbox 2262 2239 3783 2310">
    <p class='ocr_par' dir='ltr' id='par_1_52' title="bbox 2262 2239 3783 2310">
     <span class='ocr_line' id='line_1_52' title="bbox 2262 2239 3783 2310; baseline 0.001 -17"><span class='ocrx_word' id='word_1_386' title='bbox 2262 2241 2389 2305; x_wconf 85' lang='grc' dir='ltr'>στός</span> <span class='ocrx_word' id='word_1_387' title='bbox 2433 2242 2584 2293; x_wconf 78' lang='grc' dir='ltr'>ἐστιν</span> <span class='ocrx_word' id='word_1_388' title='bbox 2640 2242 2699 2293; x_wconf 84' lang='grc' dir='ltr'>ὲν</span> <span class='ocrx_word' id='word_1_389' title='bbox 2739 2239 2894 2310; x_wconf 79' lang='grc' dir='ltr'>δεξιᾷ</span> <span class='ocrx_word' id='word_1_390' title='bbox 2920 2239 3015 2293; x_wconf 90' lang='grc' dir='ltr'><strong>τοῦ</strong></span> <span class='ocrx_word' id='word_1_391' title='bbox 3069 2239 3203 2293; x_wconf 83' lang='grc' dir='ltr'>Θεοῦ</span> <span class='ocrx_word' id='word_1_392' title='bbox 3250 2239 3591 2309; x_wconf 85' lang='grc' dir='ltr'>καθήμενος·</span> <span class='ocrx_word' id='word_1_393' title='bbox 3621 2240 3681 2293; x_wconf 81' lang='grc' dir='ltr'>τὰ</span> <span class='ocrx_word' id='word_1_394' title='bbox 3702 2242 3783 2295; x_wconf 78' lang='grc' dir='ltr'><strong>ἄνω</strong></span> 
     </span>
    </p>
   </div>
   <div class='ocr_carea' id='block_1_53' title="bbox 2258 2329 3781 2403">
    <p class='ocr_par' dir='ltr' id='par_1_53' title="bbox 2258 2329 3781 2403">
     <span class='ocr_line' id='line_1_53' title="bbox 2258 2329 3781 2403; baseline 0 -18"><span class='ocrx_word' id='word_1_395' title='bbox 2258 2335 2537 2403; x_wconf 84' lang='grc' dir='ltr'>φρονεῖτε,</span> <span class='ocrx_word' id='word_1_396' title='bbox 2569 2332 2644 2402; x_wconf 84' lang='grc' dir='ltr'>μὴ</span> <span class='ocrx_word' id='word_1_397' title='bbox 2674 2331 2741 2384; x_wconf 86' lang='grc' dir='ltr'>τὰ</span> <span class='ocrx_word' id='word_1_398' title='bbox 2772 2331 2866 2384; x_wconf 76' lang='grc' dir='ltr'>ἐπὶ</span> <span class='ocrx_word' id='word_1_399' title='bbox 2894 2331 2995 2400; x_wconf 81' lang='grc' dir='ltr'>τῆς</span> <span class='ocrx_word' id='word_1_400' title='bbox 3017 2332 3141 2401; x_wconf 78' lang='grc' dir='ltr'>γῆς.</span> <span class='ocrx_word' id='word_1_401' title='bbox 3171 2329 3497 2386; x_wconf 83' lang='grc' dir='ltr'>’Δπεθάνετε</span> <span class='ocrx_word' id='word_1_402' title='bbox 3524 2331 3624 2402; x_wconf 79' lang='grc' dir='ltr'>γὰρ</span> <span class='ocrx_word' id='word_1_403' title='bbox 3654 2336 3703 2385; x_wconf 85' lang='grc' dir='ltr'>ὲν</span> <span class='ocrx_word' id='word_1_404' title='bbox 3727 2334 3781 2403; x_wconf 74' lang='grc' dir='ltr'>τῷ</span> 
     </span>
    </p>
   </div>
   <div class='ocr_carea' id='block_1_54' title="bbox 2257 2420 3778 2496">
    <p class='ocr_par' dir='ltr' id='par_1_54' title="bbox 2257 2420 3778 2496">
     <span class='ocr_line' id='line_1_54' title="bbox 2257 2420 3778 2496; baseline -0.001 -18"><span class='ocrx_word' id='word_1_405' title='bbox 2257 2420 2502 2496; x_wconf 77' lang='grc' dir='ltr'>Χριστῷ,</span> <span class='ocrx_word' id='word_1_406' title='bbox 2536 2425 2630 2478; x_wconf 72' lang='grc' dir='ltr'>καὶ</span> <span class='ocrx_word' id='word_1_407' title='bbox 2659 2425 2692 2493; x_wconf 76' lang='grc' dir='ltr'>ἡ</span> <span class='ocrx_word' id='word_1_408' title='bbox 2729 2423 2845 2495; x_wconf 82' lang='grc' dir='ltr'><strong>ζωὴ</strong></span> <span class='ocrx_word' id='word_1_409' title='bbox 2879 2424 3035 2495; x_wconf 85' lang='grc' dir='ltr'>ὑμῶν</span> <span class='ocrx_word' id='word_1_410' title='bbox 3079 2425 3389 2495; x_wconf 84' lang='grc' dir='ltr'>κέκρυπται</span> <span class='ocrx_word' id='word_1_411' title='bbox 3436 2426 3493 2477; x_wconf 87' lang='grc' dir='ltr'>ὲν</span> <span class='ocrx_word' id='word_1_412' title='bbox 3520 2425 3592 2494; x_wconf 82' lang='grc' dir='ltr'>τῷ</span> <span class='ocrx_word' id='word_1_413' title='bbox 3625 2424 3778 2495; x_wconf 76' lang='grc' dir='ltr'>Θεῷ.»</span> 
     </span>
    </p>
   </div>
   <div class='ocr_carea' id='block_1_55' title="bbox 2258 2515 3782 2587">
    <p class='ocr_par' dir='ltr' id='par_1_55' title="bbox 2258 2515 3782 2587">
     <span class='ocr_line' id='line_1_55' title="bbox 2258 2515 3782 2587; baseline -0.001 -17"><span class='ocrx_word' id='word_1_414' title='bbox 2258 2517 2439 2570; x_wconf 84' lang='grc' dir='ltr'>Θέλων</span> <span class='ocrx_word' id='word_1_415' title='bbox 2487 2516 2546 2570; x_wconf 79' lang='grc' dir='ltr'>δὲ</span> <span class='ocrx_word' id='word_1_416' title='bbox 2577 2517 2726 2587; x_wconf 82' lang='grc' dir='ltr'>ἡμᾶς</span> <span class='ocrx_word' id='word_1_417' title='bbox 2768 2518 2869 2587; x_wconf 83' lang='grc' dir='ltr'>τὴν</span> <span class='ocrx_word' id='word_1_418' title='bbox 2904 2515 3076 2587; x_wconf 80' lang='grc' dir='ltr'>καλὴν</span> <span class='ocrx_word' id='word_1_419' title='bbox 3115 2515 3406 2570; x_wconf 84' lang='grc' dir='ltr'>ἀλλοίωσιν</span> <span class='ocrx_word' id='word_1_420' title='bbox 3449 2516 3782 2585; x_wconf 80' lang='grc' dir='ltr'>ἀλλοιωθῆναι.</span> 
     </span>
    </p>
   </div>
   <div class='ocr_carea' id='block_1_56' title="bbox 2259 2608 3783 2679">
    <p class='ocr_par' dir='ltr' id='par_1_56' title="bbox 2259 2608 3783 2679">
     <span class='ocr_line' id='line_1_56' title="bbox 2259 2608 3783 2679; baseline 0 -18"><span class='ocrx_word' id='word_1_421' title='bbox 2259 2609 2481 2678; x_wconf 71' lang='grc' dir='ltr'>ἐπάγει*</span> <span class='ocrx_word' id='word_1_422' title='bbox 2518 2627 2537 2659; x_wconf 75' lang='grc' dir='ltr'><strong>ι</strong></span> <span class='ocrx_word' id='word_1_423' title='bbox 2571 2609 2663 2679; x_wconf 83' lang='grc' dir='ltr'><strong>Μὴ</strong></span> <span class='ocrx_word' id='word_1_424' title='bbox 2701 2608 3105 2679; x_wconf 79' lang='grc' dir='ltr'>σχηματίζεσθε</span> <span class='ocrx_word' id='word_1_425' title='bbox 3154 2608 3233 2679; x_wconf 86' lang='grc' dir='ltr'>τῷ</span> <span class='ocrx_word' id='word_1_426' title='bbox 3281 2608 3441 2661; x_wconf 74' lang='grc' dir='ltr'>αἰῶνι</span> <span class='ocrx_word' id='word_1_427' title='bbox 3484 2608 3664 2677; x_wconf 84' lang='grc' dir='ltr'>τούτῳ,</span> <span class='ocrx_word' id='word_1_428' title='bbox 3684 2609 3783 2661; x_wconf 79' lang='grc' dir='ltr'><strong>ἀλλά</strong></span> 
     </span>
    </p>
   </div>
   <div class='ocr_carea' id='block_1_57' title="bbox 2267 2698 3782 2772">
    <p class='ocr_par' dir='ltr' id='par_1_57' title="bbox 2267 2698 3782 2772">
     <span class='ocr_line' id='line_1_57' title="bbox 2267 2698 3782 2772; baseline -0.001 -18"><span class='ocrx_word' id='word_1_429' title='bbox 2267 2701 2720 2772; x_wconf 83' lang='grc' dir='ltr'>μεταμορφοῦσθε</span> <span class='ocrx_word' id='word_1_430' title='bbox 2770 2704 2837 2772; x_wconf 80' lang='grc' dir='ltr'>τῇ</span> <span class='ocrx_word' id='word_1_431' title='bbox 2872 2699 3237 2756; x_wconf 84' lang='grc' dir='ltr'>ἀνακαινώσει</span> <span class='ocrx_word' id='word_1_432' title='bbox 3270 2698 3368 2753; x_wconf 90' lang='grc' dir='ltr'><strong>τοῦ</strong></span> <span class='ocrx_word' id='word_1_433' title='bbox 3412 2700 3528 2759; x_wconf 79' lang='grc' dir='ltr'>νοὸς</span> <span class='ocrx_word' id='word_1_434' title='bbox 3555 2700 3707 2771; x_wconf 78' lang='grc' dir='ltr'>ἡμῶν.</span> <span class='ocrx_word' id='word_1_435' title='bbox 3740 2699 3782 2752; x_wconf 89' lang='grc'><strong>’0</strong></span> 
     </span>
    </p>
   </div>
   <div class='ocr_carea' id='block_1_58' title="bbox 2259 2791 3784 2867">
    <p class='ocr_par' dir='ltr' id='par_1_58' title="bbox 2259 2791 3784 2867">
     <span class='ocr_line' id='line_1_58' title="bbox 2259 2791 3784 2867; baseline -0.002 -19"><span class='ocrx_word' id='word_1_436' title='bbox 2259 2797 2315 2848; x_wconf 89' lang='grc' dir='ltr'>δὲ</span> <span class='ocrx_word' id='word_1_437' title='bbox 2346 2796 2549 2863; x_wconf 85' lang='grc' dir='ltr'>ἀγαθὸς</span> <span class='ocrx_word' id='word_1_438' title='bbox 2596 2795 2758 2865; x_wconf 84' lang='grc' dir='ltr'>ἡμῶν</span> <span class='ocrx_word' id='word_1_439' title='bbox 2812 2795 3019 2866; x_wconf 85' lang='grc' dir='ltr'>Κύριος</span> <span class='ocrx_word' id='word_1_440' title='bbox 3074 2794 3361 2867; x_wconf 84' lang='grc' dir='ltr'>ὲπικυρῶν</span> <span class='ocrx_word' id='word_1_441' title='bbox 3406 2793 3497 2846; x_wconf 78' lang='grc' dir='ltr'><strong>τὸν</strong></span> <span class='ocrx_word' id='word_1_442' title='bbox 3544 2792 3682 2859; x_wconf 87' lang='grc' dir='ltr'>λόγον</span> <span class='ocrx_word' id='word_1_443' title='bbox 3705 2791 3784 2845; x_wconf 81' lang='grc' dir='ltr'><strong>τῶν</strong></span> 
     </span>
    </p>
   </div>
   <div class='ocr_carea' id='block_1_59' title="bbox 2259 2884 3781 2957">
    <p class='ocr_par' dir='ltr' id='par_1_59' title="bbox 2259 2884 3781 2957">
     <span class='ocr_line' id='line_1_59' title="bbox 2259 2884 3781 2957; baseline 0.006 -21"><span class='ocrx_word' id='word_1_444' title='bbox 2259 2884 2458 2937; x_wconf 80' lang='grc' dir='ltr'>ἑαυτοῦ</span> <span class='ocrx_word' id='word_1_445' title='bbox 2495 2886 2780 2957; x_wconf 81' lang='grc' dir='ltr'>μαθητῶν,</span> <span class='ocrx_word' id='word_1_446' title='bbox 2802 2885 2931 2954; x_wconf 74' lang='grc' dir='ltr'>ἔφη’</span> <span class='ocrx_word' id='word_1_447' title='bbox 2963 2904 2982 2936; x_wconf 79' lang='grc' dir='ltr'><strong>ι</strong></span> <span class='ocrx_word' id='word_1_448' title='bbox 3023 2886 3088 2939; x_wconf 83' lang='grc' dir='ltr'><strong>Τί</strong></span> <span class='ocrx_word' id='word_1_449' title='bbox 3116 2888 3227 2956; x_wconf 81' lang='grc' dir='ltr'>γὰρ</span> <span class='ocrx_word' id='word_1_450' title='bbox 3254 2885 3530 2956; x_wconf 77' lang='grc' dir='ltr'>ὠφελήσει</span> <span class='ocrx_word' id='word_1_451' title='bbox 3553 2884 3781 2955; x_wconf 69' lang='grc' dir='ltr'>ἄνθρωπος</span> 
     </span>
    </p>
   </div>
   <div class='ocr_carea' id='block_1_60' title="bbox 2263 2978 3786 3053">
    <p class='ocr_par' dir='ltr' id='par_1_60' title="bbox 2263 2978 3786 3053">
     <span class='ocr_line' id='line_1_60' title="bbox 2263 2978 3786 3053; baseline 0.001 -23"><span class='ocrx_word' id='word_1_452' title='bbox 2263 2978 2359 3031; x_wconf 70' lang='grc' dir='ltr'>ἐὰν</span> <span class='ocrx_word' id='word_1_453' title='bbox 2399 2978 2491 3031; x_wconf 77' lang='grc' dir='ltr'>τὸν</span> <span class='ocrx_word' id='word_1_454' title='bbox 2539 2979 2745 3049; x_wconf 87' lang='grc' dir='ltr'>κόσμον</span> <span class='ocrx_word' id='word_1_455' title='bbox 2799 2978 2923 3032; x_wconf 82' lang='grc' dir='ltr'>ὅλον</span> <span class='ocrx_word' id='word_1_456' title='bbox 2969 2979 3241 3053; x_wconf 81' lang='grc' dir='ltr'>κερδήσῃ,</span> <span class='ocrx_word' id='word_1_457' title='bbox 3278 2978 3380 3053; x_wconf 81' lang='grc' dir='ltr'>τὴν</span> <span class='ocrx_word' id='word_1_458' title='bbox 3425 2980 3483 3033; x_wconf 77' lang='grc' dir='ltr'>δὲ</span> <span class='ocrx_word' id='word_1_459' title='bbox 3523 2981 3680 3050; x_wconf 74' lang='grc' dir='ltr'>ψυχὴν</span> <span class='ocrx_word' id='word_1_460' title='bbox 3714 2978 3786 3047; x_wconf 78' lang='grc' dir='ltr'><strong>ζη-</strong></span> 
     </span>
    </p>
   </div>
   <div class='ocr_carea' id='block_1_61' title="bbox 2260 3069 3780 3143">
    <p class='ocr_par' dir='ltr' id='par_1_61' title="bbox 2260 3069 3780 3143">
     <span class='ocr_line' id='line_1_61' title="bbox 2260 3069 3780 3143; baseline 0.009 -21"><span class='ocrx_word' id='word_1_461' title='bbox 2260 3070 2435 3142; x_wconf 80' lang='grc' dir='ltr'>μιωθῇ</span> <span class='ocrx_word' id='word_1_462' title='bbox 2463 3087 2479 3137; x_wconf 86' lang='grc'><strong>;</strong></span> <span class='ocrx_word' id='word_1_463' title='bbox 2517 3070 2550 3141; x_wconf 83' lang='grc' dir='ltr'>ἢ</span> <span class='ocrx_word' id='word_1_464' title='bbox 2580 3070 2633 3124; x_wconf 83' lang='grc' dir='ltr'>τί</span> <span class='ocrx_word' id='word_1_465' title='bbox 2665 3070 2828 3124; x_wconf 85' lang='grc' dir='ltr'>δώσει</span> <span class='ocrx_word' id='word_1_466' title='bbox 2853 3070 3212 3142; x_wconf 78' lang='grc' dir='ltr'>ἀντάλλαγμα</span> <span class='ocrx_word' id='word_1_467' title='bbox 3237 3072 3343 3143; x_wconf 79' lang='grc' dir='ltr'>τῆς</span> <span class='ocrx_word' id='word_1_468' title='bbox 3361 3072 3539 3143; x_wconf 76' lang='grc' dir='ltr'>ψυχῆς</span> <span class='ocrx_word' id='word_1_469' title='bbox 3562 3069 3702 3126; x_wconf 84' lang='grc' dir='ltr'>αὐτοῦ</span> <span class='ocrx_word' id='word_1_470' title='bbox 3725 3088 3737 3135; x_wconf 72' lang='grc' dir='ltr'><strong>ἱ</strong></span> <span class='ocrx_word' id='word_1_471' title='bbox 3765 3087 3780 3120; x_wconf 71' lang='grc' dir='ltr'><strong><em>ν</em></strong></span> 
     </span>
    </p>
   </div>
   <div class='ocr_carea' id='block_1_62' title="bbox 577 3159 2159 3234">
    <p class='ocr_par' dir='ltr' id='par_1_62' title="bbox 577 3162 2159 3233">
     <span class='ocr_line' id='line_1_62' title="bbox 577 3162 2159 3233; baseline -0.001 -15"><span class='ocrx_word' id='word_1_472' title='bbox 577 3180 695 3219; x_wconf 89' lang='lat' dir='ltr'><strong>rem</strong></span> <span class='ocrx_word' id='word_1_473' title='bbox 749 3165 1033 3220; x_wconf 89' lang='lat' dir='ltr'><strong>hominem</strong></span> <span class='ocrx_word' id='word_1_474' title='bbox 1086 3178 1213 3217; x_wconf 88' lang='lat' dir='ltr'><strong>cum</strong></span> <span class='ocrx_word' id='word_1_475' title='bbox 1264 3162 1505 3227; x_wconf 86' lang='lat' dir='ltr'><strong>actibus,</strong></span> <span class='ocrx_word' id='word_1_476' title='bbox 1541 3162 1757 3217; x_wconf 89' lang='lat' dir='ltr'><strong>induite</strong></span> <span class='ocrx_word' id='word_1_477' title='bbox 1807 3178 2013 3216; x_wconf 90' lang='lat' dir='ltr'><strong>novum</strong></span> <span class='ocrx_word' id='word_1_478' title='bbox 2065 3162 2159 3233; x_wconf 90' lang='lat' dir='ltr'><strong>qui</strong></span> 
     </span>
    </p>
   </div>
   <div class='ocr_carea' id='block_1_63' title="bbox 2258 3159 3522 3234">
    <p class='ocr_par' dir='ltr' id='par_1_63' title="bbox 2264 3163 3522 3234">
     <span class='ocr_line' id='line_1_63' title="bbox 2264 3163 3522 3234; baseline 0.001 -19"><span class='ocrx_word' id='word_1_479' title='bbox 2264 3163 2424 3233; x_wconf 83' lang='grc' dir='ltr'><strong>Αὐτῷ</strong></span> <span class='ocrx_word' id='word_1_480' title='bbox 2474 3164 2508 3234; x_wconf 83' lang='grc' dir='ltr'>ἠ</span> <span class='ocrx_word' id='word_1_481' title='bbox 2562 3163 2689 3228; x_wconf 79' lang='grc' dir='ltr'>δόξα</span> <span class='ocrx_word' id='word_1_482' title='bbox 2732 3165 2814 3229; x_wconf 74' lang='grc' dir='ltr'>εἰς</span> <span class='ocrx_word' id='word_1_483' title='bbox 2872 3164 2999 3227; x_wconf 80' lang='grc' dir='ltr'>τοὺς</span> <span class='ocrx_word' id='word_1_484' title='bbox 3054 3163 3284 3228; x_wconf 85' lang='grc' dir='ltr'>αἰῶνας.</span> <span class='ocrx_word' id='word_1_485' title='bbox 3327 3165 3522 3234; x_wconf 83' lang='grc' dir='ltr'>Ἀμήν.</span> 
     </span>
    </p>
   </div>
   <div class='ocr_carea' id='block_1_64' title="bbox 576 3249 3785 3327">
    <p class='ocr_par' dir='ltr' id='par_1_64' title="bbox 576 3249 3785 3327">
     <span class='ocr_line' id='line_1_64' title="bbox 576 3249 3785 3327; baseline -0.001 -19"><span class='ocrx_word' id='word_1_486' title='bbox 576 3266 881 3311; x_wconf 88' lang='lat' dir='ltr'><strong>renovatur</strong></span> <span class='ocrx_word' id='word_1_487' title='bbox 908 3257 975 3309; x_wconf 78' lang='grc'><strong>⁸⁸.</strong></span> <span class='ocrx_word' id='word_1_488' title='bbox 1017 3274 1036 3307; x_wconf 73' lang='grc' dir='ltr'><strong>ι</strong></span> <span class='ocrx_word' id='word_1_489' title='bbox 1077 3255 1290 3310; x_wconf 84' lang='lat' dir='ltr'><strong>Infert:</strong></span> <span class='ocrx_word' id='word_1_490' title='bbox 1333 3274 1351 3307; x_wconf 75' lang='grc' dir='ltr'><strong>ι</strong></span> <span class='ocrx_word' id='word_1_491' title='bbox 1382 3254 1535 3310; x_wconf 83' lang='lat' dir='ltr'><strong>Nihil</strong></span> <span class='ocrx_word' id='word_1_492' title='bbox 1578 3255 1725 3308; x_wconf 88' lang='lat' dir='ltr'><strong>enim</strong></span> <span class='ocrx_word' id='word_1_493' title='bbox 1784 3255 2080 3309; x_wconf 90' lang='lat' dir='ltr'><strong>intulimus</strong></span> <span class='ocrx_word' id='word_1_494' title='bbox 2139 3256 2194 3309; x_wconf 94' lang='lat' dir='ltr'><strong>in</strong></span> <span class='ocrx_word' id='word_1_495' title='bbox 2237 3257 2528 3321; x_wconf 90' lang='lat' dir='ltr'><strong>mundum,</strong></span> <span class='ocrx_word' id='word_1_496' title='bbox 2592 3256 2947 3311; x_wconf 88' lang='lat' dir='ltr'><strong>manifestum</strong></span> <span class='ocrx_word' id='word_1_497' title='bbox 3010 3266 3097 3311; x_wconf 89' lang='lat' dir='ltr'><strong>est</strong></span> <span class='ocrx_word' id='word_1_498' title='bbox 3145 3259 3277 3327; x_wconf 87' lang='lat' dir='ltr'><strong>quia</strong></span> <span class='ocrx_word' id='word_1_499' title='bbox 3334 3272 3439 3312; x_wconf 84' lang='lat' dir='ltr'><strong>nec</strong></span> <span class='ocrx_word' id='word_1_500' title='bbox 3480 3255 3660 3310; x_wconf 78' lang='lat' dir='ltr'><strong>efferre</strong></span> <span class='ocrx_word' id='word_1_501' title='bbox 3688 3249 3785 3321; x_wconf 88' lang='lat' dir='ltr'><strong>quid</strong></span> 
     </span>
    </p>
   </div>
   <div class='ocr_carea' id='block_1_65' title="bbox 576 3346 3789 3422">
    <p class='ocr_par' dir='ltr' id='par_1_65' title="bbox 576 3346 3789 3422">
     <span class='ocr_line' id='line_1_65' title="bbox 576 3346 3789 3422; baseline -0.001 -19"><span class='ocrx_word' id='word_1_502' title='bbox 576 3364 891 3417; x_wconf 87' lang='lat' dir='ltr'><strong>possumus.</strong></span> <span class='ocrx_word' id='word_1_503' title='bbox 929 3349 1208 3403; x_wconf 84' lang='lat' dir='ltr'><strong>Habentes</strong></span> <span class='ocrx_word' id='word_1_504' title='bbox 1276 3356 1462 3403; x_wconf 91' lang='lat' dir='ltr'><strong>autem</strong></span> <span class='ocrx_word' id='word_1_505' title='bbox 1530 3349 1792 3404; x_wconf 88' lang='lat' dir='ltr'><strong>alimenta</strong></span> <span class='ocrx_word' id='word_1_506' title='bbox 1832 3365 1898 3405; x_wconf 86' lang='lat' dir='ltr'><strong>ac</strong></span> <span class='ocrx_word' id='word_1_507' title='bbox 1944 3359 2278 3420; x_wconf 87' lang='lat' dir='ltr'><strong>tegumenta,</strong></span> <span class='ocrx_word' id='word_1_508' title='bbox 2349 3352 2436 3406; x_wconf 90' lang='lat' dir='ltr'><strong>his</strong></span> <span class='ocrx_word' id='word_1_509' title='bbox 2491 3352 2738 3407; x_wconf 89' lang='lat' dir='ltr'><strong>contenti</strong></span> <span class='ocrx_word' id='word_1_510' title='bbox 2791 3352 3000 3409; x_wconf 89' lang='lat' dir='ltr'><strong>erimus</strong></span> <span class='ocrx_word' id='word_1_511' title='bbox 3029 3354 3094 3409; x_wconf 80' lang='grc'><strong>⁸⁷.</strong></span> <span class='ocrx_word' id='word_1_512' title='bbox 3137 3373 3156 3406; x_wconf 73' lang='grc' dir='ltr'><strong>ι</strong></span> <span class='ocrx_word' id='word_1_513' title='bbox 3186 3354 3257 3409; x_wconf 88' lang='lat' dir='ltr'><strong>Et</strong></span> <span class='ocrx_word' id='word_1_514' title='bbox 3302 3353 3423 3407; x_wconf 60' lang='lat' dir='ltr'><strong>haec</strong></span> <span class='ocrx_word' id='word_1_515' title='bbox 3473 3350 3689 3422; x_wconf 82' lang='lat' dir='ltr'><strong>postulat</strong></span> <span class='ocrx_word' id='word_1_516' title='bbox 3716 3346 3789 3401; x_wconf 81' lang='lat' dir='ltr'><strong>Sa-</strong></span> 
     </span>
    </p>
   </div>
   <div class='ocr_carea' id='block_1_66' title="bbox 576 3440 3787 3511">
    <p class='ocr_par' dir='ltr' id='par_1_66' title="bbox 576 3440 3787 3511">
     <span class='ocr_line' id='line_1_66' title="bbox 576 3440 3787 3511; baseline -0.001 -16"><span class='ocrx_word' id='word_1_517' title='bbox 576 3440 763 3495; x_wconf 87' lang='lat' dir='ltr'><strong>lomon</strong></span> <span class='ocrx_word' id='word_1_518' title='bbox 796 3457 827 3495; x_wconf 93' lang='lat' dir='ltr'><strong>a</strong></span> <span class='ocrx_word' id='word_1_519' title='bbox 882 3441 1158 3496; x_wconf 91' lang='lat' dir='ltr'><strong>Domino:</strong></span> <span class='ocrx_word' id='word_1_520' title='bbox 1203 3459 1221 3492; x_wconf 79' lang='grc'><strong>(</strong></span> <span class='ocrx_word' id='word_1_521' title='bbox 1262 3441 1496 3496; x_wconf 88' lang='lat' dir='ltr'><strong>Divitias</strong></span> <span class='ocrx_word' id='word_1_522' title='bbox 1537 3448 1595 3496; x_wconf 86' lang='lat' dir='ltr'><strong>et</strong></span> <span class='ocrx_word' id='word_1_523' title='bbox 1641 3451 2025 3511; x_wconf 87' lang='lat' dir='ltr'><strong>paupertatem</strong></span> <span class='ocrx_word' id='word_1_524' title='bbox 2074 3458 2146 3497; x_wconf 90' lang='lat' dir='ltr'><strong>ne</strong></span> <span class='ocrx_word' id='word_1_525' title='bbox 2185 3442 2410 3499; x_wconf 88' lang='lat' dir='ltr'><strong>dederis</strong></span> <span class='ocrx_word' id='word_1_526' title='bbox 2438 3445 2598 3508; x_wconf 86' lang='lat' dir='ltr'><strong>mihi,</strong></span> <span class='ocrx_word' id='word_1_527' title='bbox 2634 3444 2731 3500; x_wconf 89' lang='lat' dir='ltr'><strong>sed</strong></span> <span class='ocrx_word' id='word_1_528' title='bbox 2763 3445 3029 3500; x_wconf 88' lang='lat' dir='ltr'><strong>coordiua</strong></span> <span class='ocrx_word' id='word_1_529' title='bbox 3060 3446 3197 3500; x_wconf 90' lang='lat' dir='ltr'><strong>mihi</strong></span> <span class='ocrx_word' id='word_1_530' title='bbox 3230 3445 3546 3501; x_wconf 90' lang='lat' dir='ltr'><strong>necessaria</strong></span> <span class='ocrx_word' id='word_1_531' title='bbox 3605 3452 3655 3498; x_wconf 88' lang='lat' dir='ltr'><strong>ct</strong></span> <span class='ocrx_word' id='word_1_532' title='bbox 3697 3455 3787 3510; x_wconf 74' lang='lat' dir='ltr'><strong>qua:</strong></span> 
     </span>
    </p>
   </div>
   <div class='ocr_carea' id='block_1_67' title="bbox 578 3531 3787 3608">
    <p class='ocr_par' dir='ltr' id='par_1_67' title="bbox 578 3531 3787 3608">
     <span class='ocr_line' id='line_1_67' title="bbox 578 3531 3787 3608; baseline -0.001 -19"><span class='ocrx_word' id='word_1_533' title='bbox 578 3531 854 3589; x_wconf 77' lang='lat' dir='ltr'><strong>euﬂiciant</strong></span> <span class='ocrx_word' id='word_1_534' title='bbox 888 3535 954 3588; x_wconf 79' lang='grc'><strong>⁸⁸.</strong></span> <span class='ocrx_word' id='word_1_535' title='bbox 998 3553 1015 3586; x_wconf 76' lang='grc' dir='ltr'><strong>ι</strong></span> <span class='ocrx_word' id='word_1_536' title='bbox 1046 3534 1286 3589; x_wconf 84' lang='lat' dir='ltr'><strong>Rursum</strong></span> <span class='ocrx_word' id='word_1_537' title='bbox 1317 3532 1544 3598; x_wconf 89' lang='lat' dir='ltr'><strong>Paulus,</strong></span> <span class='ocrx_word' id='word_1_538' title='bbox 1598 3534 1831 3605; x_wconf 91' lang='lat' dir='ltr'><strong>cupiens</strong></span> <span class='ocrx_word' id='word_1_539' title='bbox 1893 3550 2226 3605; x_wconf 89' lang='lat' dir='ltr'><strong>magnopere</strong></span> <span class='ocrx_word' id='word_1_540' title='bbox 2269 3546 2330 3592; x_wconf 90' lang='lat' dir='ltr'><strong>ut</strong></span> <span class='ocrx_word' id='word_1_541' title='bbox 2378 3537 2644 3608; x_wconf 87' lang='lat' dir='ltr'><strong>neglectis</strong></span> <span class='ocrx_word' id='word_1_542' title='bbox 2688 3538 2951 3603; x_wconf 88' lang='lat' dir='ltr'><strong>terrenis,</strong></span> <span class='ocrx_word' id='word_1_543' title='bbox 2983 3539 3232 3594; x_wconf 85' lang='lat' dir='ltr'><strong>coelestia</strong></span> <span class='ocrx_word' id='word_1_544' title='bbox 3281 3538 3705 3597; x_wconf 86' lang='lat' dir='ltr'><strong>inambulemus,</strong></span> <span class='ocrx_word' id='word_1_545' title='bbox 3731 3534 3787 3587; x_wconf 87' lang='lat' dir='ltr'><strong>si-</strong></span> 
     </span>
    </p>
   </div>
   <div class='ocr_carea' id='block_1_68' title="bbox 580 3627 3787 3700">
    <p class='ocr_par' dir='ltr' id='par_1_68' title="bbox 580 3627 3787 3700">
     <span class='ocr_line' id='line_1_68' title="bbox 580 3627 3787 3700; baseline -0.001 -19"><span class='ocrx_word' id='word_1_546' title='bbox 580 3627 807 3696; x_wconf 87' lang='lat' dir='ltr'><strong>mulque</strong></span> <span class='ocrx_word' id='word_1_547' title='bbox 866 3629 1057 3696; x_wconf 88' lang='lat' dir='ltr'><strong>volens</strong></span> <span class='ocrx_word' id='word_1_548' title='bbox 1123 3644 1226 3683; x_wconf 92' lang='lat' dir='ltr'><strong>nos</strong></span> <span class='ocrx_word' id='word_1_549' title='bbox 1277 3629 1619 3683; x_wconf 89' lang='lat' dir='ltr'><strong>constituere</strong></span> <span class='ocrx_word' id='word_1_550' title='bbox 1681 3627 1925 3683; x_wconf 74' lang='lat' dir='ltr'><strong>cmlestis</strong></span> <span class='ocrx_word' id='word_1_551' title='bbox 1969 3628 2163 3697; x_wconf 66' lang='lat' dir='ltr'><strong>patriae</strong></span> <span class='ocrx_word' id='word_1_552' title='bbox 2232 3630 2581 3700; x_wconf 89' lang='lat' dir='ltr'><strong>municipes,</strong></span> <span class='ocrx_word' id='word_1_553' title='bbox 2650 3629 2913 3684; x_wconf 88' lang='lat' dir='ltr'><strong>admonet</strong></span> <span class='ocrx_word' id='word_1_554' title='bbox 2951 3629 3192 3685; x_wconf 82' lang='lat' dir='ltr'><strong>dicens:</strong></span> <span class='ocrx_word' id='word_1_555' title='bbox 3238 3648 3257 3680; x_wconf 87' lang='grc'><strong><em>‹</em></strong></span> <span class='ocrx_word' id='word_1_556' title='bbox 3295 3628 3354 3683; x_wconf 86' lang='lat' dir='ltr'><strong>Si</strong></span> <span class='ocrx_word' id='word_1_557' title='bbox 3399 3628 3562 3699; x_wconf 87' lang='lat' dir='ltr'><strong>igitur</strong></span> <span class='ocrx_word' id='word_1_558' title='bbox 3604 3640 3787 3681; x_wconf 85' lang='lat' dir='ltr'><strong>consur-</strong></span> 
     </span>
    </p>
   </div>
   <div class='ocr_carea' id='block_1_69' title="bbox 582 3722 3787 3793">
    <p class='ocr_par' dir='ltr' id='par_1_69' title="bbox 582 3722 3787 3793">
     <span class='ocr_line' id='line_1_69' title="bbox 582 3722 3787 3793; baseline -0.002 -18"><span class='ocrx_word' id='word_1_559' title='bbox 582 3722 808 3777; x_wconf 76' lang='lat' dir='ltr'><strong>rexistis</strong></span> <span class='ocrx_word' id='word_1_560' title='bbox 867 3740 994 3777; x_wconf 90' lang='lat' dir='ltr'><strong>cum</strong></span> <span class='ocrx_word' id='word_1_561' title='bbox 1036 3724 1280 3787; x_wconf 89' lang='lat' dir='ltr'><strong>Christo,</strong></span> <span class='ocrx_word' id='word_1_562' title='bbox 1318 3739 1441 3793; x_wconf 74' lang='lat' dir='ltr'><strong>qua:</strong></span> <span class='ocrx_word' id='word_1_563' title='bbox 1491 3738 1710 3778; x_wconf 90' lang='lat' dir='ltr'><strong>sursum</strong></span> <span class='ocrx_word' id='word_1_564' title='bbox 1788 3729 1918 3777; x_wconf 85' lang='lat' dir='ltr'><strong>sunt</strong></span> <span class='ocrx_word' id='word_1_565' title='bbox 1983 3724 2237 3792; x_wconf 66' lang='lat' dir='ltr'><strong>qumrite,</strong></span> <span class='ocrx_word' id='word_1_566' title='bbox 2277 3724 2371 3779; x_wconf 87' lang='lat' dir='ltr'><strong>ubi</strong></span> <span class='ocrx_word' id='word_1_567' title='bbox 2424 3723 2679 3779; x_wconf 87' lang='lat' dir='ltr'><strong>Christus</strong></span> <span class='ocrx_word' id='word_1_568' title='bbox 2718 3724 2774 3777; x_wconf 91' lang='lat' dir='ltr'><strong>in</strong></span> <span class='ocrx_word' id='word_1_569' title='bbox 2825 3723 3048 3778; x_wconf 78' lang='lat' dir='ltr'><strong>dextera</strong></span> <span class='ocrx_word' id='word_1_570' title='bbox 3084 3724 3171 3778; x_wconf 91' lang='lat' dir='ltr'><strong>dei</strong></span> <span class='ocrx_word' id='word_1_571' title='bbox 3201 3723 3404 3778; x_wconf 87' lang='lat' dir='ltr'><strong>sedens</strong></span> <span class='ocrx_word' id='word_1_572' title='bbox 3430 3741 3443 3777; x_wconf 89' lang='lat'>:</span> <span class='ocrx_word' id='word_1_573' title='bbox 3469 3738 3583 3793; x_wconf 72' lang='lat' dir='ltr'><strong>qua:</strong></span> <span class='ocrx_word' id='word_1_574' title='bbox 3614 3732 3787 3774; x_wconf 85' lang='lat' dir='ltr'><strong>sursum</strong></span> 
     </span>
    </p>
   </div>
   <div class='ocr_carea' id='block_1_70' title="bbox 578 3811 3787 3886">
    <p class='ocr_par' dir='ltr' id='par_1_70' title="bbox 578 3811 3787 3886">
     <span class='ocr_line' id='line_1_70' title="bbox 578 3811 3787 3886; baseline -0.003 -16"><span class='ocrx_word' id='word_1_575' title='bbox 578 3824 709 3870; x_wconf 75' lang='lat' dir='ltr'><strong>sunt</strong></span> <span class='ocrx_word' id='word_1_576' title='bbox 750 3814 944 3885; x_wconf 86' lang='lat' dir='ltr'><strong>sapite,</strong></span> <span class='ocrx_word' id='word_1_577' title='bbox 982 3831 1090 3871; x_wconf 93' lang='lat' dir='ltr'><strong>non</strong></span> <span class='ocrx_word' id='word_1_578' title='bbox 1123 3830 1245 3886; x_wconf 71' lang='lat' dir='ltr'><strong>qua:</strong></span> <span class='ocrx_word' id='word_1_579' title='bbox 1277 3831 1443 3885; x_wconf 90' lang='lat' dir='ltr'><strong>super</strong></span> <span class='ocrx_word' id='word_1_580' title='bbox 1506 3826 1712 3870; x_wconf 89' lang='lat' dir='ltr'><strong>terram</strong></span> <span class='ocrx_word' id='word_1_581' title='bbox 1745 3831 1758 3868; x_wconf 90' lang='lat'><strong>:</strong></span> <span class='ocrx_word' id='word_1_582' title='bbox 1792 3816 1997 3869; x_wconf 89' lang='lat' dir='ltr'><strong>mortui</strong></span> <span class='ocrx_word' id='word_1_583' title='bbox 2040 3815 2189 3870; x_wconf 92' lang='lat' dir='ltr'><strong>enim</strong></span> <span class='ocrx_word' id='word_1_584' title='bbox 2229 3816 2362 3871; x_wconf 90' lang='lat' dir='ltr'><strong>estis</strong></span> <span class='ocrx_word' id='word_1_585' title='bbox 2418 3832 2544 3871; x_wconf 88' lang='lat' dir='ltr'><strong>cum</strong></span> <span class='ocrx_word' id='word_1_586' title='bbox 2590 3813 2833 3879; x_wconf 91' lang='lat' dir='ltr'><strong>Christo,</strong></span> <span class='ocrx_word' id='word_1_587' title='bbox 2900 3824 2958 3871; x_wconf 88' lang='lat' dir='ltr'><strong>et</strong></span> <span class='ocrx_word' id='word_1_588' title='bbox 3013 3815 3124 3870; x_wconf 88' lang='lat' dir='ltr'><strong>vita</strong></span> <span class='ocrx_word' id='word_1_589' title='bbox 3172 3824 3362 3870; x_wconf 87' lang='lat' dir='ltr'><strong>vestra</strong></span> <span class='ocrx_word' id='word_1_590' title='bbox 3407 3811 3701 3868; x_wconf 84' lang='lat' dir='ltr'><strong>abscondita</strong></span> <span class='ocrx_word' id='word_1_591' title='bbox 3729 3820 3787 3862; x_wconf 84' lang='lat' dir='ltr'><strong>est</strong></span> 
     </span>
    </p>
   </div>
   <div class='ocr_carea' id='block_1_71' title="bbox 580 3902 3785 3979">
    <p class='ocr_par' dir='ltr' id='par_1_71' title="bbox 580 3902 3785 3979">
     <span class='ocr_line' id='line_1_71' title="bbox 580 3902 3785 3979; baseline -0.002 -19"><span class='ocrx_word' id='word_1_592' title='bbox 580 3920 707 3960; x_wconf 88' lang='lat' dir='ltr'><strong>cum</strong></span> <span class='ocrx_word' id='word_1_593' title='bbox 746 3905 969 3960; x_wconf 89' lang='lat' dir='ltr'><strong>Christo</strong></span> <span class='ocrx_word' id='word_1_594' title='bbox 1037 3907 1103 3960; x_wconf 69' lang='grc'><strong>⁸⁸.</strong></span> <span class='ocrx_word' id='word_1_595' title='bbox 1134 3925 1152 3957; x_wconf 77' lang='grc' dir='ltr'><strong>ι</strong></span> <span class='ocrx_word' id='word_1_596' title='bbox 1224 3904 1388 3976; x_wconf 87' lang='lat' dir='ltr'><strong>Optat</strong></span> <span class='ocrx_word' id='word_1_597' title='bbox 1446 3920 1634 3961; x_wconf 88' lang='lat' dir='ltr'><strong>autem</strong></span> <span class='ocrx_word' id='word_1_598' title='bbox 1700 3921 1803 3961; x_wconf 91' lang='lat' dir='ltr'><strong>nos</strong></span> <span class='ocrx_word' id='word_1_599' title='bbox 1840 3907 2145 3976; x_wconf 88' lang='lat' dir='ltr'><strong>permutari</strong></span> <span class='ocrx_word' id='word_1_600' title='bbox 2186 3908 2426 3979; x_wconf 84' lang='lat' dir='ltr'><strong>eleganti</strong></span> <span class='ocrx_word' id='word_1_601' title='bbox 2475 3907 2775 3963; x_wconf 89' lang='lat' dir='ltr'><strong>admodum</strong></span> <span class='ocrx_word' id='word_1_602' title='bbox 2826 3907 3311 3972; x_wconf 87' lang='lat' dir='ltr'><strong>transmutatione,</strong></span> <span class='ocrx_word' id='word_1_603' title='bbox 3353 3921 3527 3976; x_wconf 86' lang='lat' dir='ltr'><strong>eoque</strong></span> <span class='ocrx_word' id='word_1_604' title='bbox 3577 3902 3785 3958; x_wconf 87' lang='lat' dir='ltr'><strong>inducit:</strong></span> 
     </span>
    </p>
   </div>
   <div class='ocr_carea' id='block_1_72' title="bbox 588 3994 3788 4061">
    <p class='ocr_par' dir='ltr' id='par_1_72' title="bbox 588 3994 3788 4061">
     <span class='ocr_line' id='line_1_72' title="bbox 588 3994 3788 4061; baseline -0.003 -8"><span class='ocrx_word' id='word_1_605' title='bbox 588 4019 608 4053; x_wconf 78' lang='grc' dir='ltr'><strong>ι</strong></span> <span class='ocrx_word' id='word_1_606' title='bbox 652 3999 833 4055; x_wconf 87' lang='lat' dir='ltr'><strong>Nolite</strong></span> <span class='ocrx_word' id='word_1_607' title='bbox 860 3998 1199 4053; x_wconf 91' lang='lat' dir='ltr'><strong>conformari</strong></span> <span class='ocrx_word' id='word_1_608' title='bbox 1226 3999 1359 4054; x_wconf 91' lang='lat' dir='ltr'><strong>huic</strong></span> <span class='ocrx_word' id='word_1_609' title='bbox 1425 4000 1650 4061; x_wconf 68' lang='lat' dir='ltr'><strong>saeculo,</strong></span> <span class='ocrx_word' id='word_1_610' title='bbox 1720 3997 1816 4053; x_wconf 86' lang='lat' dir='ltr'><strong>sed</strong></span> <span class='ocrx_word' id='word_1_611' title='bbox 1857 3998 2233 4054; x_wconf 85' lang='lat' dir='ltr'><strong>reformamini</strong></span> <span class='ocrx_word' id='word_1_612' title='bbox 2271 4001 2326 4054; x_wconf 90' lang='lat' dir='ltr'><strong>in</strong></span> <span class='ocrx_word' id='word_1_613' title='bbox 2381 4000 2625 4054; x_wconf 88' lang='lat' dir='ltr'><strong>novitate</strong></span> <span class='ocrx_word' id='word_1_614' title='bbox 2694 3999 2899 4053; x_wconf 89' lang='lat' dir='ltr'><strong>mentis</strong></span> <span class='ocrx_word' id='word_1_615' title='bbox 2946 4006 3144 4053; x_wconf 69' lang='lat' dir='ltr'><strong>vestra:</strong></span> <span class='ocrx_word' id='word_1_616' title='bbox 3174 3998 3241 4051; x_wconf 80' lang='grc' dir='ltr'>ὀ.</span> <span class='ocrx_word' id='word_1_617' title='bbox 3285 4015 3305 4050; x_wconf 79' lang='grc' dir='ltr'><strong>ι</strong></span> <span class='ocrx_word' id='word_1_618' title='bbox 3372 3994 3788 4053; x_wconf 85' lang='lat' dir='ltr'><strong>Clementissimus</strong></span> 
     </span>
    </p>
   </div>
   <div class='ocr_carea' id='block_1_73' title="bbox 583 4084 3785 4163">
    <p class='ocr_par' dir='ltr' id='par_1_73' title="bbox 583 4084 3785 4163">
     <span class='ocr_line' id='line_1_73' title="bbox 583 4084 3785 4163; baseline -0.003 -15"><span class='ocrx_word' id='word_1_619' title='bbox 583 4093 852 4148; x_wconf 90' lang='lat' dir='ltr'><strong>Dominus</strong></span> <span class='ocrx_word' id='word_1_620' title='bbox 873 4099 1066 4147; x_wconf 88' lang='lat' dir='ltr'><strong>noster</strong></span> <span class='ocrx_word' id='word_1_621' title='bbox 1106 4091 1507 4161; x_wconf 89' lang='lat' dir='ltr'><strong>discipulorum</strong></span> <span class='ocrx_word' id='word_1_622' title='bbox 1540 4107 1770 4146; x_wconf 89' lang='lat' dir='ltr'><strong>suorum</strong></span> <span class='ocrx_word' id='word_1_623' title='bbox 1802 4105 2115 4147; x_wconf 88' lang='lat' dir='ltr'><strong>sermonem</strong></span> <span class='ocrx_word' id='word_1_624' title='bbox 2145 4132 2162 4158; x_wconf 89' lang='lat'><strong>,</strong></span> <span class='ocrx_word' id='word_1_625' title='bbox 2202 4108 2317 4148; x_wconf 65' lang='lat' dir='ltr'><strong>suae</strong></span> <span class='ocrx_word' id='word_1_626' title='bbox 2345 4094 2589 4163; x_wconf 90' lang='lat' dir='ltr'><strong>pondere</strong></span> <span class='ocrx_word' id='word_1_627' title='bbox 2648 4092 2954 4163; x_wconf 85' lang='lat' dir='ltr'><strong>majestatis</strong></span> <span class='ocrx_word' id='word_1_628' title='bbox 3017 4091 3271 4145; x_wconf 90' lang='lat' dir='ltr'><strong>sanciens</strong></span> <span class='ocrx_word' id='word_1_629' title='bbox 3296 4100 3352 4146; x_wconf 90' lang='lat' dir='ltr'><strong>et</strong></span> <span class='ocrx_word' id='word_1_630' title='bbox 3384 4088 3665 4145; x_wconf 88' lang='lat' dir='ltr'><strong>corrobans</strong></span> <span class='ocrx_word' id='word_1_631' title='bbox 3694 4084 3785 4138; x_wconf 85' lang='lat' dir='ltr'><strong>ait:</strong></span> 
     </span>
    </p>
   </div>
   <div class='ocr_carea' id='block_1_74' title="bbox 587 4170 3787 4253">
    <p class='ocr_par' dir='ltr' id='par_1_74' title="bbox 587 4170 3787 4253">
     <span class='ocr_line' id='line_1_74' title="bbox 587 4170 3787 4253; baseline -0.003 -14"><span class='ocrx_word' id='word_1_632' title='bbox 587 4203 609 4238; x_wconf 73' lang='grc' dir='ltr'><strong>ι</strong></span> <span class='ocrx_word' id='word_1_633' title='bbox 649 4184 787 4251; x_wconf 85' lang='lat' dir='ltr'><strong>Quid</strong></span> <span class='ocrx_word' id='word_1_634' title='bbox 813 4182 959 4237; x_wconf 89' lang='lat' dir='ltr'><strong>enim</strong></span> <span class='ocrx_word' id='word_1_635' title='bbox 986 4184 1235 4253; x_wconf 77' lang='lat' dir='ltr'><strong>proderit</strong></span> <span class='ocrx_word' id='word_1_636' title='bbox 1285 4183 1498 4237; x_wconf 89' lang='lat' dir='ltr'><strong>homini</strong></span> <span class='ocrx_word' id='word_1_637' title='bbox 1524 4183 1571 4237; x_wconf 91' lang='lat' dir='ltr'><strong>si</strong></span> <span class='ocrx_word' id='word_1_638' title='bbox 1598 4184 1848 4238; x_wconf 90' lang='lat' dir='ltr'><strong>lucretur</strong></span> <span class='ocrx_word' id='word_1_639' title='bbox 1913 4185 2237 4241; x_wconf 89' lang='lat' dir='ltr'><strong>universum</strong></span> <span class='ocrx_word' id='word_1_640' title='bbox 2273 4183 2563 4250; x_wconf 91' lang='lat' dir='ltr'><strong>mundum,</strong></span> <span class='ocrx_word' id='word_1_641' title='bbox 2599 4184 2796 4239; x_wconf 72' lang='lat' dir='ltr'><strong>animae</strong></span> <span class='ocrx_word' id='word_1_642' title='bbox 2828 4198 2962 4238; x_wconf 76' lang='lat' dir='ltr'><strong>vero</strong></span> <span class='ocrx_word' id='word_1_643' title='bbox 2989 4199 3102 4238; x_wconf 61' lang='lat' dir='ltr'><strong>suae</strong></span> <span class='ocrx_word' id='word_1_644' title='bbox 3124 4182 3519 4238; x_wconf 89' lang='lat' dir='ltr'><strong>detrimentum</strong></span> <span class='ocrx_word' id='word_1_645' title='bbox 3558 4170 3787 4252; x_wconf 77' lang='lat' dir='ltr'><strong>patiatur?</strong></span> 
     </span>
    </p>
   </div>
   <div class='ocr_carea' id='block_1_75' title="bbox 583 4272 3387 4345">
    <p class='ocr_par' dir='ltr' id='par_1_75' title="bbox 583 4272 3387 4345">
     <span class='ocr_line' id='line_1_75' title="bbox 583 4272 3387 4345; baseline -0 -16"><span class='ocrx_word' id='word_1_646' title='bbox 583 4284 682 4329; x_wconf 88' lang='lat' dir='ltr'><strong>aut</strong></span> <span class='ocrx_word' id='word_1_647' title='bbox 726 4291 887 4345; x_wconf 90' lang='lat' dir='ltr'><strong>quam</strong></span> <span class='ocrx_word' id='word_1_648' title='bbox 916 4273 1071 4328; x_wconf 89' lang='lat' dir='ltr'><strong>dabit</strong></span> <span class='ocrx_word' id='word_1_649' title='bbox 1105 4274 1273 4327; x_wconf 90' lang='lat' dir='ltr'><strong>homo</strong></span> <span class='ocrx_word' id='word_1_650' title='bbox 1303 4272 1800 4328; x_wconf 84' lang='lat' dir='ltr'><strong>commutationem</strong></span> <span class='ocrx_word' id='word_1_651' title='bbox 1842 4288 1947 4344; x_wconf 88' lang='lat' dir='ltr'><strong>pro</strong></span> <span class='ocrx_word' id='word_1_652' title='bbox 1993 4274 2177 4331; x_wconf 89' lang='lat' dir='ltr'><strong>anima</strong></span> <span class='ocrx_word' id='word_1_653' title='bbox 2213 4290 2315 4331; x_wconf 88' lang='lat' dir='ltr'><strong>sua</strong></span> <span class='ocrx_word' id='word_1_654' title='bbox 2339 4275 2422 4330; x_wconf 71' lang='lat'><strong>“‘1</strong></span> <span class='ocrx_word' id='word_1_655' title='bbox 2463 4291 2483 4328; x_wconf 78' lang='grc' dir='ltr'><strong>ι</strong></span> <span class='ocrx_word' id='word_1_656' title='bbox 2516 4272 2627 4345; x_wconf 89' lang='lat' dir='ltr'><strong>Ipsi</strong></span> <span class='ocrx_word' id='word_1_657' title='bbox 2656 4272 2830 4344; x_wconf 71' lang='lat' dir='ltr'><strong>gloria</strong></span> <span class='ocrx_word' id='word_1_658' title='bbox 2858 4272 2913 4326; x_wconf 90' lang='lat' dir='ltr'><strong>in</strong></span> <span class='ocrx_word' id='word_1_659' title='bbox 2936 4274 3154 4328; x_wconf 66' lang='lat' dir='ltr'><strong>saacula.</strong></span> <span class='ocrx_word' id='word_1_660' title='bbox 3184 4273 3387 4328; x_wconf 76' lang='lat' dir='ltr'><strong>Amen.</strong></span> 
     </span>
    </p>
   </div>
   <div class='ocr_carea' id='block_1_76' title="bbox 1135 4383 1609 4440">
    <p class='ocr_par' dir='ltr' id='par_1_76' title="bbox 1135 4383 1609 4440">
     <span class='ocr_line' id='line_1_76' title="bbox 1135 4383 1609 4440; baseline -0.004 -1"><span class='ocrx_word' id='word_1_661' title='bbox 1135 4383 1421 4440; x_wconf 58' lang='lat' dir='ltr'><strong>I-IOMILIA</strong></span> <span class='ocrx_word' id='word_1_662' title='bbox 1468 4383 1609 4438; x_wconf 82' lang='lat' dir='ltr'><strong>XVI.</strong></span> 
     </span>
    </p>
   </div>
   <div class='ocr_carea' id='block_1_77' title="bbox 719 4497 2024 4569">
    <p class='ocr_par' dir='ltr' id='par_1_77' title="bbox 719 4497 2024 4569">
     <span class='ocr_line' id='line_1_77' title="bbox 719 4497 2024 4569; baseline -0.004 -11"><span class='ocrx_word' id='word_1_663' title='bbox 719 4503 795 4559; x_wconf 84' lang='lat' dir='ltr'><strong>De</strong></span> <span class='ocrx_word' id='word_1_664' title='bbox 827 4500 1110 4557; x_wconf 83' lang='lat' dir='ltr'><strong>immodica</strong></span> <span class='ocrx_word' id='word_1_665' title='bbox 1140 4508 1189 4552; x_wconf 80' lang='lat' dir='ltr'><strong>et</strong></span> <span class='ocrx_word' id='word_1_666' title='bbox 1216 4498 1502 4552; x_wconf 71' lang='lat' dir='ltr'><strong>audaciora</strong></span> <span class='ocrx_word' id='word_1_667' title='bbox 1531 4497 1729 4565; x_wconf 78' lang='lat' dir='ltr'><strong>ﬁducia</strong></span> <span class='ocrx_word' id='word_1_668' title='bbox 1760 4497 2024 4569; x_wconf 79' lang='lat' dir='ltr'><strong>loquendi.</strong></span> 
     </span>
    </p>
   </div>
   <div class='ocr_carea' id='block_1_78' title="bbox 655 4609 2165 4679">
    <p class='ocr_par' dir='ltr' id='par_1_78' title="bbox 655 4609 2165 4679">
     <span class='ocr_line' id='line_1_78' title="bbox 655 4609 2165 4679; baseline -0.004 -9"><span class='ocrx_word' id='word_1_669' title='bbox 655 4614 975 4670; x_wconf 90' lang='lat' dir='ltr'><strong>Temeraria</strong></span> <span class='ocrx_word' id='word_1_670' title='bbox 1002 4612 1094 4665; x_wconf 93' lang='lat' dir='ltr'><strong>illa</strong></span> <span class='ocrx_word' id='word_1_671' title='bbox 1119 4619 1177 4665; x_wconf 90' lang='lat' dir='ltr'><strong>et</strong></span> <span class='ocrx_word' id='word_1_672' title='bbox 1198 4609 1495 4679; x_wconf 86' lang='lat' dir='ltr'><strong>impudens</strong></span> <span class='ocrx_word' id='word_1_673' title='bbox 1518 4609 1785 4679; x_wconf 90' lang='lat' dir='ltr'><strong>loquendi</strong></span> <span class='ocrx_word' id='word_1_674' title='bbox 1816 4610 2049 4665; x_wconf 90' lang='lat' dir='ltr'><strong>libertas</strong></span> <span class='ocrx_word' id='word_1_675' title='bbox 2075 4611 2165 4664; x_wconf 91' lang='lat' dir='ltr'><strong>vi-</strong></span> 
     </span>
    </p>
   </div>
   <div class='ocr_carea' id='block_1_79' title="bbox 585 4703 2135 4779">
    <p class='ocr_par' dir='ltr' id='par_1_79' title="bbox 585 4703 2135 4779">
     <span class='ocr_line' id='line_1_79' title="bbox 585 4703 2135 4779; baseline -0.004 -15"><span class='ocrx_word' id='word_1_676' title='bbox 585 4710 705 4765; x_wconf 87' lang='lat' dir='ltr'><strong>deri</strong></span> <span class='ocrx_word' id='word_1_677' title='bbox 734 4707 911 4779; x_wconf 88' lang='lat' dir='ltr'><strong>possit</strong></span> <span class='ocrx_word' id='word_1_678' title='bbox 975 4704 1241 4760; x_wconf 85' lang='lat' dir='ltr'><strong>assimilis</strong></span> <span class='ocrx_word' id='word_1_679' title='bbox 1290 4703 1473 4758; x_wconf 89' lang='lat' dir='ltr'><strong>titioni</strong></span> <span class='ocrx_word' id='word_1_680' title='bbox 1513 4718 1714 4773; x_wconf 85' lang='lat' dir='ltr'><strong>magno</strong></span> <span class='ocrx_word' id='word_1_681' title='bbox 1762 4720 1778 4769; x_wconf 87' lang='lat'><strong>;</strong></span> <span class='ocrx_word' id='word_1_682' title='bbox 1814 4703 1955 4757; x_wconf 89' lang='lat' dir='ltr'><strong>febri</strong></span> <span class='ocrx_word' id='word_1_683' title='bbox 1995 4704 2135 4758; x_wconf 90' lang='lat' dir='ltr'><strong>nimi</strong></span> 
     </span>
    </p>
   </div>
   <div class='ocr_carea' id='block_1_80' title="bbox 585 4794 2165 4868">
    <p class='ocr_par' dir='ltr' id='par_1_80' title="bbox 585 4794 2165 4868">
     <span class='ocr_line' id='line_1_80' title="bbox 585 4794 2165 4868; baseline -0.006 -11"><span class='ocrx_word' id='word_1_684' title='bbox 585 4819 705 4857; x_wconf 90' lang='lat' dir='ltr'><strong>rum</strong></span> <span class='ocrx_word' id='word_1_685' title='bbox 726 4798 1075 4863; x_wconf 64' lang='lat' dir='ltr'><strong>exmstuanti,</strong></span> <span class='ocrx_word' id='word_1_686' title='bbox 1096 4798 1256 4868; x_wconf 85' lang='lat' dir='ltr'><strong>cujus</strong></span> <span class='ocrx_word' id='word_1_687' title='bbox 1283 4794 1606 4850; x_wconf 88' lang='lat' dir='ltr'><strong>incendium</strong></span> <span class='ocrx_word' id='word_1_688' title='bbox 1628 4794 1815 4849; x_wconf 77' lang='lat' dir='ltr'><strong>caeteri</strong></span> <span class='ocrx_word' id='word_1_689' title='bbox 1840 4795 2165 4864; x_wconf 90' lang='lat' dir='ltr'><strong>neutiquam</strong></span> 
     </span>
    </p>
   </div>
   <div class='ocr_carea' id='block_1_81' title="bbox 585 4884 2164 4959">
    <p class='ocr_par' dir='ltr' id='par_1_81' title="bbox 585 4884 2164 4959">
     <span class='ocr_line' id='line_1_81' title="bbox 585 4884 2164 4959; baseline -0.005 -11"><span class='ocrx_word' id='word_1_690' title='bbox 585 4895 833 4948; x_wconf 86' lang='lat' dir='ltr'><strong>ferentes</strong></span> <span class='ocrx_word' id='word_1_691' title='bbox 880 4892 1040 4946; x_wconf 89' lang='lat' dir='ltr'><strong>illinc</strong></span> <span class='ocrx_word' id='word_1_692' title='bbox 1086 4904 1145 4944; x_wconf 92' lang='lat' dir='ltr'><strong>se</strong></span> <span class='ocrx_word' id='word_1_693' title='bbox 1181 4888 1522 4959; x_wconf 82' lang='lat' dir='ltr'><strong>proripiunt,</strong></span> <span class='ocrx_word' id='word_1_694' title='bbox 1575 4901 1857 4955; x_wconf 87' lang='lat' dir='ltr'><strong>cursuque</strong></span> <span class='ocrx_word' id='word_1_695' title='bbox 1889 4884 2164 4956; x_wconf 67' lang='lat' dir='ltr'><strong>praecipiti</strong></span> 
     </span>
    </p>
   </div>
   <div class='ocr_carea' id='block_1_82' title="bbox 588 4979 2166 5049">
    <p class='ocr_par' dir='ltr' id='par_1_82' title="bbox 588 4979 2166 5049">
     <span class='ocr_line' id='line_1_82' title="bbox 588 4979 2166 5049; baseline -0.004 -10"><span class='ocrx_word' id='word_1_696' title='bbox 588 4987 647 5040; x_wconf 91' lang='lat' dir='ltr'><strong>in</strong></span> <span class='ocrx_word' id='word_1_697' title='bbox 678 4987 864 5039; x_wconf 90' lang='lat' dir='ltr'><strong>locum</strong></span> <span class='ocrx_word' id='word_1_698' title='bbox 909 4983 1225 5037; x_wconf 84' lang='lat' dir='ltr'><strong>concedunt</strong></span> <span class='ocrx_word' id='word_1_699' title='bbox 1256 4980 1614 5035; x_wconf 88' lang='lat' dir='ltr'><strong>umbratilem</strong></span> <span class='ocrx_word' id='word_1_700' title='bbox 1637 5019 1652 5043; x_wconf 92' lang='lat'><strong>,</strong></span> <span class='ocrx_word' id='word_1_701' title='bbox 1688 4980 1888 5034; x_wconf 67' lang='lat' dir='ltr'><strong>animae</strong></span> <span class='ocrx_word' id='word_1_702' title='bbox 1926 4979 2166 5049; x_wconf 87' lang='lat' dir='ltr'><strong>refrige-</strong></span> 
     </span>
    </p>
   </div>
   <div class='ocr_carea' id='block_1_83' title="bbox 590 5069 2165 5145">
    <p class='ocr_par' dir='ltr' id='par_1_83' title="bbox 590 5069 2165 5145">
     <span class='ocr_line' id='line_1_83' title="bbox 590 5069 2165 5145; baseline -0.004 -14"><span class='ocrx_word' id='word_1_703' title='bbox 590 5077 779 5131; x_wconf 69' lang='lat' dir='ltr'><strong>randa:</strong></span> <span class='ocrx_word' id='word_1_704' title='bbox 816 5075 1016 5145; x_wconf 87' lang='lat' dir='ltr'><strong>gratia.</strong></span> <span class='ocrx_word' id='word_1_705' title='bbox 1047 5072 1281 5129; x_wconf 86' lang='lat' dir='ltr'><strong>Umbra</strong></span> <span class='ocrx_word' id='word_1_706' title='bbox 1314 5072 1431 5125; x_wconf 65' lang='lat' dir='ltr'><strong>hazc</strong></span> <span class='ocrx_word' id='word_1_707' title='bbox 1470 5069 1852 5141; x_wconf 79' lang='lat' dir='ltr'><strong>refrigeratrix</strong></span> <span class='ocrx_word' id='word_1_708' title='bbox 1907 5078 2165 5124; x_wconf 86' lang='lat' dir='ltr'><strong>censetur</strong></span> 
     </span>
    </p>
   </div>
   <div class='ocr_carea' id='block_1_84' title="bbox 589 5162 2162 5238">
    <p class='ocr_par' dir='ltr' id='par_1_84' title="bbox 589 5162 2162 5238">
     <span class='ocr_line' id='line_1_84' title="bbox 589 5162 2162 5238; baseline -0.006 -15"><span class='ocrx_word' id='word_1_709' title='bbox 589 5170 638 5224; x_wconf 90' lang='lat' dir='ltr'><strong>is</strong></span> <span class='ocrx_word' id='word_1_710' title='bbox 685 5168 781 5238; x_wconf 88' lang='lat' dir='ltr'><strong>qui</strong></span> <span class='ocrx_word' id='word_1_711' title='bbox 828 5167 885 5221; x_wconf 92' lang='lat' dir='ltr'><strong>in</strong></span> <span class='ocrx_word' id='word_1_712' title='bbox 918 5166 1198 5235; x_wconf 87' lang='lat' dir='ltr'><strong>loquendo</strong></span> <span class='ocrx_word' id='word_1_713' title='bbox 1230 5164 1538 5218; x_wconf 84' lang='lat' dir='ltr'><strong>modestior</strong></span> <span class='ocrx_word' id='word_1_714' title='bbox 1564 5173 1648 5217; x_wconf 91' lang='lat' dir='ltr'><strong>est</strong></span> <span class='ocrx_word' id='word_1_715' title='bbox 1672 5202 1686 5227; x_wconf 93' lang='lat'><strong>,</strong></span> <span class='ocrx_word' id='word_1_716' title='bbox 1713 5177 1891 5231; x_wconf 89' lang='lat' dir='ltr'><strong>eoque</strong></span> <span class='ocrx_word' id='word_1_717' title='bbox 1918 5162 2162 5215; x_wconf 89' lang='lat' dir='ltr'><strong>circum-</strong></span> 
     </span>
    </p>
   </div>
   <div class='ocr_carea' id='block_1_85' title="bbox 588 5253 2172 5331">
    <p class='ocr_par' dir='ltr' id='par_1_85' title="bbox 588 5253 2172 5331">
     <span class='ocr_line' id='line_1_85' title="bbox 588 5253 2172 5331; baseline -0.006 -15"><span class='ocrx_word' id='word_1_718' title='bbox 588 5260 855 5331; x_wconf 87' lang='lat' dir='ltr'><strong>spectior.</strong></span> <span class='ocrx_word' id='word_1_719' title='bbox 895 5259 1031 5312; x_wconf 91' lang='lat' dir='ltr'><strong>Nam</strong></span> <span class='ocrx_word' id='word_1_720' title='bbox 1054 5258 1123 5311; x_wconf 91' lang='lat' dir='ltr'><strong>ab</strong></span> <span class='ocrx_word' id='word_1_721' title='bbox 1155 5257 1253 5311; x_wconf 91' lang='lat' dir='ltr'><strong>illo</strong></span> <span class='ocrx_word' id='word_1_722' title='bbox 1293 5255 1521 5326; x_wconf 89' lang='lat' dir='ltr'><strong>quidem</strong></span> <span class='ocrx_word' id='word_1_723' title='bbox 1564 5269 1669 5309; x_wconf 90' lang='lat' dir='ltr'><strong>nec</strong></span> <span class='ocrx_word' id='word_1_724' title='bbox 1717 5255 1959 5308; x_wconf 90' lang='lat' dir='ltr'><strong>salutato</strong></span> <span class='ocrx_word' id='word_1_725' title='bbox 2012 5253 2172 5308; x_wconf 90' lang='lat' dir='ltr'><strong>defu-</strong></span> 
     </span>
    </p>
   </div>
   <div class='ocr_carea' id='block_1_86' title="bbox 590 5344 2167 5425">
    <p class='ocr_par' dir='ltr' id='par_1_86' title="bbox 590 5344 2167 5425">
     <span class='ocr_line' id='line_1_86' title="bbox 590 5344 2167 5425; baseline -0.005 -18"><span class='ocrx_word' id='word_1_726' title='bbox 590 5355 771 5425; x_wconf 88' lang='lat' dir='ltr'><strong>giunt,</strong></span> <span class='ocrx_word' id='word_1_727' title='bbox 806 5362 865 5405; x_wconf 90' lang='lat' dir='ltr'><strong>ut</strong></span> <span class='ocrx_word' id='word_1_728' title='bbox 885 5351 955 5405; x_wconf 89' lang='lat' dir='ltr'><strong>ab</strong></span> <span class='ocrx_word' id='word_1_729' title='bbox 989 5351 1106 5405; x_wconf 90' lang='lat' dir='ltr'><strong>acri</strong></span> <span class='ocrx_word' id='word_1_730' title='bbox 1150 5359 1207 5404; x_wconf 91' lang='lat' dir='ltr'><strong>et</strong></span> <span class='ocrx_word' id='word_1_731' title='bbox 1249 5364 1409 5403; x_wconf 89' lang='lat' dir='ltr'><strong>nares</strong></span> <span class='ocrx_word' id='word_1_732' title='bbox 1444 5347 1743 5402; x_wconf 90' lang='lat' dir='ltr'><strong>obturante</strong></span> <span class='ocrx_word' id='word_1_733' title='bbox 1785 5345 1937 5399; x_wconf 81' lang='lat' dir='ltr'><strong>tumo</strong></span> <span class='ocrx_word' id='word_1_734' title='bbox 1967 5344 2167 5415; x_wconf 63' lang='lat' dir='ltr'><strong>lingua:</strong></span> 
     </span>
    </p>
   </div>
   <div class='ocr_carea' id='block_1_87' title="bbox 590 5437 2164 5518">
    <p class='ocr_par' dir='ltr' id='par_1_87' title="bbox 590 5437 2164 5518">
     <span class='ocr_line' id='line_1_87' title="bbox 590 5437 2164 5518; baseline -0.006 -17"><span class='ocrx_word' id='word_1_735' title='bbox 590 5447 847 5518; x_wconf 83' lang='lat' dir='ltr'><strong>procacis</strong></span> <span class='ocrx_word' id='word_1_736' title='bbox 868 5487 880 5509; x_wconf 90' lang='lat'><strong>,</strong></span> <span class='ocrx_word' id='word_1_737' title='bbox 914 5459 1037 5499; x_wconf 89' lang='lat' dir='ltr'><strong>sese</strong></span> <span class='ocrx_word' id='word_1_738' title='bbox 1069 5441 1425 5497; x_wconf 90' lang='lat' dir='ltr'><strong>commodum</strong></span> <span class='ocrx_word' id='word_1_739' title='bbox 1462 5440 1802 5509; x_wconf 88' lang='lat' dir='ltr'><strong>recipientes</strong></span> <span class='ocrx_word' id='word_1_740' title='bbox 1832 5437 1903 5492; x_wconf 90' lang='lat' dir='ltr'><strong>ad</strong></span> <span class='ocrx_word' id='word_1_741' title='bbox 1935 5446 2164 5507; x_wconf 89' lang='lat' dir='ltr'><strong>captan-</strong></span> 
     </span>
    </p>
   </div>
   <div class='ocr_carea' id='block_1_88' title="bbox 590 5529 2165 5603">
    <p class='ocr_par' dir='ltr' id='par_1_88' title="bbox 590 5529 2165 5603">
     <span class='ocr_line' id='line_1_88' title="bbox 590 5529 2165 5603; baseline -0.008 -9"><span class='ocrx_word' id='word_1_742' title='bbox 590 5540 718 5595; x_wconf 87' lang='lat' dir='ltr'><strong>dam</strong></span> <span class='ocrx_word' id='word_1_743' title='bbox 742 5553 932 5593; x_wconf 90' lang='lat' dir='ltr'><strong>auram</strong></span> <span class='ocrx_word' id='word_1_744' title='bbox 961 5535 1235 5590; x_wconf 71' lang='lat' dir='ltr'><strong>amwnius</strong></span> <span class='ocrx_word' id='word_1_745' title='bbox 1266 5533 1594 5603; x_wconf 88' lang='lat' dir='ltr'><strong>spirantem,</strong></span> <span class='ocrx_word' id='word_1_746' title='bbox 1625 5532 1693 5584; x_wconf 88' lang='lat' dir='ltr'><strong>ad</strong></span> <span class='ocrx_word' id='word_1_747' title='bbox 1719 5545 1885 5584; x_wconf 85' lang='lat' dir='ltr'><strong>suave</strong></span> <span class='ocrx_word' id='word_1_748' title='bbox 1914 5529 2165 5600; x_wconf 84' lang='lat' dir='ltr'><strong>fragran-</strong></span> 
     </span>
    </p>
   </div>
   <div class='ocr_carea' id='block_1_89' title="bbox 593 5619 2165 5694">
    <p class='ocr_par' dir='ltr' id='par_1_89' title="bbox 593 5619 2165 5694">
     <span class='ocr_line' id='line_1_89' title="bbox 593 5619 2165 5694; baseline -0.005 -12"><span class='ocrx_word' id='word_1_749' title='bbox 593 5629 665 5685; x_wconf 88' lang='lat' dir='ltr'><strong>tis</strong></span> <span class='ocrx_word' id='word_1_750' title='bbox 694 5619 911 5684; x_wconf 81' lang='lat' dir='ltr'><strong>incensi</strong></span> <span class='ocrx_word' id='word_1_751' title='bbox 943 5626 1379 5690; x_wconf 85' lang='lat' dir='ltr'><strong>exhalationem,</strong></span> <span class='ocrx_word' id='word_1_752' title='bbox 1408 5638 1531 5694; x_wconf 69' lang='lat' dir='ltr'><strong>qua:</strong></span> <span class='ocrx_word' id='word_1_753' title='bbox 1560 5620 1845 5676; x_wconf 89' lang='lat' dir='ltr'><strong>silentium</strong></span> <span class='ocrx_word' id='word_1_754' title='bbox 1891 5629 1995 5675; x_wconf 87' lang='lat' dir='ltr'><strong>est.</strong></span> <span class='ocrx_word' id='word_1_755' title='bbox 2031 5620 2165 5690; x_wconf 87' lang='lat' dir='ltr'><strong>Ejus</strong></span> 
     </span>
    </p>
   </div>
   <div class='ocr_carea' id='block_1_90' title="bbox 663 5756 2256 5829">
    <p class='ocr_par' dir='ltr' id='par_1_90' title="bbox 663 5756 2256 5829">
     <span class='ocr_line' id='line_1_90' title="bbox 663 5756 2256 5829; baseline -0.004 -7"><span class='ocrx_word' id='word_1_756' title='bbox 663 5768 708 5799; x_wconf 73' lang='grc'><strong>⁸⁸</strong></span> <span class='ocrx_word' id='word_1_757' title='bbox 741 5769 897 5823; x_wconf 84' lang='lat' dir='ltr'><strong>Joan.</strong></span> <span class='ocrx_word' id='word_1_758' title='bbox 925 5763 1226 5829; x_wconf 70' lang='lat'><strong>11,15,16.</strong></span> <span class='ocrx_word' id='word_1_759' title='bbox 1301 5764 1345 5794; x_wconf 80' lang='grc'><strong>⁸⁵</strong></span> <span class='ocrx_word' id='word_1_760' title='bbox 1379 5762 1497 5818; x_wconf 88' lang='lat' dir='ltr'><strong>Jac.</strong></span> <span class='ocrx_word' id='word_1_761' title='bbox 1544 5776 1618 5813; x_wconf 79' lang='lat' dir='ltr'><strong>IV.</strong></span> <span class='ocrx_word' id='word_1_762' title='bbox 1648 5760 1703 5813; x_wconf 70' lang='grc'>4.</span> <span class='ocrx_word' id='word_1_763' title='bbox 1779 5756 2054 5829; x_wconf 77' lang='lat' dir='ltr'><strong>&quot;Coloss.</strong></span> <span class='ocrx_word' id='word_1_764' title='bbox 2083 5775 2161 5828; x_wconf 84' lang='lat' dir='ltr'><strong>nt,</strong></span> <span class='ocrx_word' id='word_1_765' title='bbox 2204 5762 2256 5818; x_wconf 90' lang='lat'><strong>9.</strong></span> 
     </span>
    </p>
   </div>
   <div class='ocr_carea' id='block_1_91' title="bbox 597 5828 1931 5919">
    <p class='ocr_par' dir='ltr' id='par_1_91' title="bbox 597 5828 1931 5919">
     <span class='ocr_line' id='line_1_91' title="bbox 597 5828 1931 5919; baseline -0.008 -27"><span class='ocrx_word' id='word_1_766' title='bbox 597 5855 672 5907; x_wconf 88' lang='lat' dir='ltr'><strong>Ill,</strong></span> <span class='ocrx_word' id='word_1_767' title='bbox 702 5842 722 5892; x_wconf 86' lang='lat' dir='ltr'><strong>l</strong></span> <span class='ocrx_word' id='word_1_768' title='bbox 762 5840 815 5893; x_wconf 77' lang='grc'>5.</span> <span class='ocrx_word' id='word_1_769' title='bbox 890 5840 934 5871; x_wconf 73' lang='grc' dir='ltr'><strong>νο</strong></span> <span class='ocrx_word' id='word_1_770' title='bbox 962 5838 1118 5892; x_wconf 77' lang='lat' dir='ltr'><strong>Rom.</strong></span> <span class='ocrx_word' id='word_1_771' title='bbox 1150 5849 1243 5900; x_wconf 79' lang='lat' dir='ltr'><strong>xu,</strong></span> <span class='ocrx_word' id='word_1_772' title='bbox 1268 5834 1323 5919; x_wconf 70' lang='grc'><strong>2.</strong></span> <span class='ocrx_word' id='word_1_773' title='bbox 1399 5834 1444 5865; x_wconf 83' lang='grc'><strong>⁹¹</strong></span> <span class='ocrx_word' id='word_1_774' title='bbox 1475 5831 1667 5887; x_wconf 77' lang='lat' dir='ltr'><strong>Matth.</strong></span> <span class='ocrx_word' id='word_1_775' title='bbox 1698 5845 1807 5894; x_wconf 69' lang='lat' dir='ltr'><strong>3m,</strong></span> <span class='ocrx_word' id='word_1_776' title='bbox 1840 5828 1931 5882; x_wconf 70' lang='grc'><strong>26.</strong></span> 
     </span>
    </p>
   </div>
   <div class='ocr_carea' id='block_1_92' title="bbox 2850 4374 3240 4455">
    <p class='ocr_par' dir='ltr' id='par_1_92' title="bbox 2850 4374 3240 4455">
     <span class='ocr_line' id='line_1_92' title="bbox 2850 4374 3240 4455; baseline 0.005 -16"><span class='ocrx_word' id='word_1_777' title='bbox 2850 4374 3076 4439; x_wconf 88' lang='grc' dir='ltr'><strong>ΛΟΓΟΣ</strong></span> <span class='ocrx_word' id='word_1_778' title='bbox 3123 4385 3240 4455; x_wconf 69' lang='grc' dir='ltr'>Ιςν.</span> 
     </span>
    </p>
   </div>
   <div class='ocr_carea' id='block_1_93' title="bbox 2777 4502 3314 4572">
    <p class='ocr_par' dir='ltr' id='par_1_93' title="bbox 2777 4502 3314 4572">
     <span class='ocr_line' id='line_1_93' title="bbox 2777 4502 3314 4572; baseline 0.004 -15"><span class='ocrx_word' id='word_1_779' title='bbox 2777 4502 2920 4571; x_wconf 75' lang='grc' dir='ltr'>Περὶ</span> <span class='ocrx_word' id='word_1_780' title='bbox 2949 4504 3314 4572; x_wconf 76' lang='grc' dir='ltr'>παρῤησίας.</span> 
     </span>
    </p>
   </div>
   <div class='ocr_carea' id='block_1_94' title="bbox 2340 4611 3786 4692">
    <p class='ocr_par' dir='ltr' id='par_1_94' title="bbox 2340 4611 3786 4692">
     <span class='ocr_line' id='line_1_94' title="bbox 2340 4611 3786 4692; baseline 0.001 -23"><span class='ocrx_word' id='word_1_781' title='bbox 2340 4615 2562 4668; x_wconf 82' lang='grc' dir='ltr'>Ἔοικεν</span> <span class='ocrx_word' id='word_1_782' title='bbox 2587 4615 2622 4686; x_wconf 83' lang='grc' dir='ltr'><strong>ή</strong></span> <span class='ocrx_word' id='word_1_783' title='bbox 2655 4615 2943 4687; x_wconf 77' lang='grc' dir='ltr'>παρρησία</span> <span class='ocrx_word' id='word_1_784' title='bbox 2968 4617 3212 4672; x_wconf 85' lang='grc' dir='ltr'>καύσωνι</span> <span class='ocrx_word' id='word_1_785' title='bbox 3249 4620 3490 4692; x_wconf 71' lang='grc' dir='ltr'>μεγάλῳσ</span> <span class='ocrx_word' id='word_1_786' title='bbox 3527 4611 3710 4683; x_wconf 69' lang='grc' dir='ltr'>οὗτινος</span> <span class='ocrx_word' id='word_1_787' title='bbox 3730 4620 3786 4689; x_wconf 78' lang='grc' dir='ltr'>μὴ</span> 
     </span>
    </p>
   </div>
   <div class='ocr_carea' id='block_1_95' title="bbox 2268 4704 3786 4781">
    <p class='ocr_par' dir='ltr' id='par_1_95' title="bbox 2268 4704 3786 4781">
     <span class='ocr_line' id='line_1_95' title="bbox 2268 4704 3786 4781; baseline 0 -22"><span class='ocrx_word' id='word_1_788' title='bbox 2268 4705 2528 4776; x_wconf 82' lang='grc' dir='ltr'>φέροντες</span> <span class='ocrx_word' id='word_1_789' title='bbox 2578 4704 2673 4759; x_wconf 79' lang='grc' dir='ltr'>τὸν</span> <span class='ocrx_word' id='word_1_790' title='bbox 2714 4706 2960 4776; x_wconf 88' lang='grc' dir='ltr'>φλογμὸν</span> <span class='ocrx_word' id='word_1_791' title='bbox 2992 4708 3285 4777; x_wconf 79' lang='grc' dir='ltr'>φεύγουσιν</span> <span class='ocrx_word' id='word_1_792' title='bbox 3336 4712 3385 4763; x_wconf 77' lang='grc' dir='ltr'>οἱ</span> <span class='ocrx_word' id='word_1_793' title='bbox 3433 4711 3689 4781; x_wconf 82' lang='grc' dir='ltr'>ἄνθρωποι</span> <span class='ocrx_word' id='word_1_794' title='bbox 3714 4708 3786 4761; x_wconf 84' lang='grc' dir='ltr'><strong>ἀπ’</strong></span> 
     </span>
    </p>
   </div>
   <div class='ocr_carea' id='block_1_96' title="bbox 2266 4796 3783 4872">
    <p class='ocr_par' dir='ltr' id='par_1_96' title="bbox 2266 4796 3783 4872">
     <span class='ocr_line' id='line_1_96' title="bbox 2266 4796 3783 4872; baseline 0 -20"><span class='ocrx_word' id='word_1_795' title='bbox 2266 4796 2458 4860; x_wconf 87' lang='grc' dir='ltr'>αὐτοῦ,</span> <span class='ocrx_word' id='word_1_796' title='bbox 2488 4797 2587 4850; x_wconf 74' lang='grc' dir='ltr'>καὶ</span> <span class='ocrx_word' id='word_1_797' title='bbox 2612 4800 2679 4868; x_wconf 82' lang='grc' dir='ltr'><strong>τῇ</strong></span> <span class='ocrx_word' id='word_1_798' title='bbox 2703 4798 2833 4868; x_wconf 76' lang='grc' dir='ltr'>σκιᾷ</span> <span class='ocrx_word' id='word_1_799' title='bbox 2863 4801 3297 4870; x_wconf 79' lang='grc' dir='ltr'>προστρέχουσιν</span> <span class='ocrx_word' id='word_1_800' title='bbox 3315 4802 3404 4855; x_wconf 85' lang='grc' dir='ltr'>διὰ</span> <span class='ocrx_word' id='word_1_801' title='bbox 3436 4802 3496 4855; x_wconf 86' lang='grc' dir='ltr'>τὸ</span> <span class='ocrx_word' id='word_1_802' title='bbox 3515 4803 3783 4872; x_wconf 73' lang='grc' dir='ltr'>ἀναψύχειν·</span> 
     </span>
    </p>
   </div>
   <div class='ocr_carea' id='block_1_97' title="bbox 2270 4889 3786 4964">
    <p class='ocr_par' dir='ltr' id='par_1_97' title="bbox 2270 4889 3786 4964">
     <span class='ocr_line' id='line_1_97' title="bbox 2270 4889 3786 4964; baseline 0.002 -24"><span class='ocrx_word' id='word_1_803' title='bbox 2270 4889 2393 4958; x_wconf 80' lang='grc' dir='ltr'>ἣτις</span> <span class='ocrx_word' id='word_1_804' title='bbox 2425 4890 2575 4942; x_wconf 78' lang='grc' dir='ltr'>ἐστὶν</span> <span class='ocrx_word' id='word_1_805' title='bbox 2612 4889 2676 4942; x_wconf 78' lang='grc' dir='ltr'>τὸ</span> <span class='ocrx_word' id='word_1_806' title='bbox 2705 4891 3157 4964; x_wconf 73' lang='grc' dir='ltr'>ἀπαρρησίαστον</span> <span class='ocrx_word' id='word_1_807' title='bbox 3202 4894 3296 4946; x_wconf 76' lang='grc' dir='ltr'>καὶ</span> <span class='ocrx_word' id='word_1_808' title='bbox 3349 4895 3586 4957; x_wconf 75' lang='grc' dir='ltr'>εὐλαϐές.</span> <span class='ocrx_word' id='word_1_809' title='bbox 3629 4895 3786 4946; x_wconf 78' lang='grc' dir='ltr'>Ἀπαν-</span> 
     </span>
    </p>
   </div>
   <div class='ocr_carea' id='block_1_98' title="bbox 2252 4982 3785 5059">
    <p class='ocr_par' dir='ltr' id='par_1_98' title="bbox 2252 4982 3785 5059">
     <span class='ocr_line' id='line_1_98' title="bbox 2252 4982 3785 5059; baseline 0.001 -25"><span class='ocrx_word' id='word_1_810' title='bbox 2252 4982 2591 5052; x_wconf 83' lang='grc' dir='ltr'>τομολοῦσιν</span> <span class='ocrx_word' id='word_1_811' title='bbox 2620 4982 2715 5037; x_wconf 88' lang='grc' dir='ltr'><strong>τοῦ</strong></span> <span class='ocrx_word' id='word_1_812' title='bbox 2742 4984 2963 5055; x_wconf 84' lang='grc' dir='ltr'>δριμέος</span> <span class='ocrx_word' id='word_1_813' title='bbox 3005 4985 3215 5039; x_wconf 85' lang='grc' dir='ltr'>καπνοῦ</span> <span class='ocrx_word' id='word_1_814' title='bbox 3237 4986 3339 5056; x_wconf 83' lang='grc' dir='ltr'>τῆς</span> <span class='ocrx_word' id='word_1_815' title='bbox 3368 4988 3681 5059; x_wconf 74' lang='grc' dir='ltr'>παρρησίας.</span> <span class='ocrx_word' id='word_1_816' title='bbox 3708 4984 3785 5037; x_wconf 69' lang='grc' dir='ltr'>Καὶ</span> 
     </span>
    </p>
   </div>
   <div class='ocr_carea' id='block_1_99' title="bbox 2270 5073 3785 5147">
    <p class='ocr_par' dir='ltr' id='par_1_99' title="bbox 2270 5073 3785 5147">
     <span class='ocr_line' id='line_1_99' title="bbox 2270 5073 3785 5147; baseline -0.001 -20"><span class='ocrx_word' id='word_1_817' title='bbox 2270 5073 2666 5143; x_wconf 87' lang='grc' dir='ltr'>αὐτομολοῦσιν</span> <span class='ocrx_word' id='word_1_818' title='bbox 2712 5076 2853 5147; x_wconf 86' lang='grc' dir='ltr'>πρὸς</span> <span class='ocrx_word' id='word_1_819' title='bbox 2886 5076 2986 5144; x_wconf 82' lang='grc' dir='ltr'>τὴν</span> <span class='ocrx_word' id='word_1_820' title='bbox 3016 5077 3219 5147; x_wconf 76' lang='grc' dir='ltr'>ἀτμίδα</span> <span class='ocrx_word' id='word_1_821' title='bbox 3252 5077 3349 5130; x_wconf 86' lang='grc' dir='ltr'><strong>τοῦ</strong></span> <span class='ocrx_word' id='word_1_822' title='bbox 3379 5078 3601 5140; x_wconf 84' lang='grc' dir='ltr'>εὐώδους</span> <span class='ocrx_word' id='word_1_823' title='bbox 3627 5075 3785 5146; x_wconf 73' lang='grc' dir='ltr'>θυμιὰο</span> 
     </span>
    </p>
   </div>
   <div class='ocr_carea' id='block_1_100' title="bbox 2273 5165 3786 5239">
    <p class='ocr_par' dir='ltr' id='par_1_100' title="bbox 2273 5165 3786 5239">
     <span class='ocr_line' id='line_1_100' title="bbox 2273 5165 3786 5239; baseline -0.008 -10"><span class='ocrx_word' id='word_1_824' title='bbox 2273 5180 2463 5233; x_wconf 81' lang='grc' dir='ltr'><strong>ματος·</strong></span> <span class='ocrx_word' id='word_1_825' title='bbox 2494 5165 2617 5234; x_wconf 80' lang='grc' dir='ltr'>ἥτις</span> <span class='ocrx_word' id='word_1_826' title='bbox 2682 5165 2831 5219; x_wconf 79' lang='grc' dir='ltr'>ἐστὶν</span> <span class='ocrx_word' id='word_1_827' title='bbox 2889 5167 2922 5236; x_wconf 82' lang='grc' dir='ltr'><strong>ἡ</strong></span> <span class='ocrx_word' id='word_1_828' title='bbox 2966 5168 3187 5239; x_wconf 76' lang='grc' dir='ltr'>ἡσυχία.</span> <span class='ocrx_word' id='word_1_829' title='bbox 3235 5169 3524 5238; x_wconf 82' lang='grc' dir='ltr'>Φεύγουσιν</span> <span class='ocrx_word' id='word_1_830' title='bbox 3568 5169 3657 5238; x_wconf 79' lang='grc' dir='ltr'>τὴν</span> <span class='ocrx_word' id='word_1_831' title='bbox 3690 5167 3786 5219; x_wconf 82' lang='grc' dir='ltr'>δυσ·</span> 
     </span>
    </p>
   </div>
   <div class='ocr_carea' id='block_1_101' title="bbox 2272 5255 3785 5332">
    <p class='ocr_par' dir='ltr' id='par_1_101' title="bbox 2272 5255 3785 5332">
     <span class='ocr_line' id='line_1_101' title="bbox 2272 5255 3785 5332; baseline 0.001 -23"><span class='ocrx_word' id='word_1_832' title='bbox 2272 5256 2439 5310; x_wconf 87' lang='grc' dir='ltr'>ωδίαν</span> <span class='ocrx_word' id='word_1_833' title='bbox 2463 5255 2563 5309; x_wconf 90' lang='grc' dir='ltr'><strong>τοῦ</strong></span> <span class='ocrx_word' id='word_1_834' title='bbox 2592 5258 3023 5329; x_wconf 86' lang='grc' dir='ltr'>σκοροδοφὰγου,</span> <span class='ocrx_word' id='word_1_835' title='bbox 3060 5262 3155 5314; x_wconf 80' lang='grc' dir='ltr'>καὶ</span> <span class='ocrx_word' id='word_1_836' title='bbox 3196 5263 3577 5332; x_wconf 76' lang='grc' dir='ltr'>πλησιάζουσιν</span> <span class='ocrx_word' id='word_1_837' title='bbox 3603 5261 3672 5329; x_wconf 80' lang='grc' dir='ltr'>τῷ</span> <span class='ocrx_word' id='word_1_838' title='bbox 3699 5278 3785 5327; x_wconf 85' lang='grc' dir='ltr'>μυ-</span> 
     </span>
    </p>
   </div>
   <div class='ocr_carea' id='block_1_102' title="bbox 2276 5348 3782 5427">
    <p class='ocr_par' dir='ltr' id='par_1_102' title="bbox 2276 5348 3782 5427">
     <span class='ocr_line' id='line_1_102' title="bbox 2276 5348 3782 5427; baseline 0.001 -27"><span class='ocrx_word' id='word_1_839' title='bbox 2276 5348 2496 5419; x_wconf 82' lang='grc' dir='ltr'>ροφόρῳ</span> <span class='ocrx_word' id='word_1_840' title='bbox 2550 5349 2647 5401; x_wconf 70' lang='grc' dir='ltr'>καὶ</span> <span class='ocrx_word' id='word_1_841' title='bbox 2680 5351 3070 5423; x_wconf 81' lang='grc' dir='ltr'>γλυκορήμονι,</span> <span class='ocrx_word' id='word_1_842' title='bbox 3106 5355 3183 5425; x_wconf 84' lang='grc' dir='ltr'><strong>τῷ</strong></span> <span class='ocrx_word' id='word_1_843' title='bbox 3236 5354 3628 5427; x_wconf 81' lang='grc' dir='ltr'>ἐξερευγομένῳ</span> <span class='ocrx_word' id='word_1_844' title='bbox 3661 5353 3782 5417; x_wconf 84' lang='grc' dir='ltr'>λόγον</span> 
     </span>
    </p>
   </div>
   <div class='ocr_carea' id='block_1_103' title="bbox 2258 5441 3783 5519">
    <p class='ocr_par' dir='ltr' id='par_1_103' title="bbox 2258 5441 3783 5519">
     <span class='ocr_line' id='line_1_103' title="bbox 2258 5441 3783 5519; baseline 0 -27"><span class='ocrx_word' id='word_1_845' title='bbox 2258 5441 2505 5508; x_wconf 78' lang='grc' dir='ltr'>’ἀγαθὸν,</span> <span class='ocrx_word' id='word_1_846' title='bbox 2538 5443 2633 5495; x_wconf 76' lang='grc' dir='ltr'>καὶ</span> <span class='ocrx_word' id='word_1_847' title='bbox 2679 5445 2986 5514; x_wconf 79' lang='grc' dir='ltr'>πηγάζοντι</span> <span class='ocrx_word' id='word_1_848' title='bbox 3030 5447 3189 5517; x_wconf 86' lang='grc' dir='ltr'>λόγια</span> <span class='ocrx_word' id='word_1_849' title='bbox 3231 5451 3431 5519; x_wconf 79' lang='grc' dir='ltr'>Κυρίου</span> <span class='ocrx_word' id='word_1_850' title='bbox 3474 5451 3619 5517; x_wconf 80' lang='grc' dir='ltr'>ἁγνά.</span> <span class='ocrx_word' id='word_1_851' title='bbox 3651 5443 3783 5497; x_wconf 77' lang='grc' dir='ltr'>Οὐδὲν</span> 
     </span>
    </p>
   </div>
   <div class='ocr_carea' id='block_1_104' title="bbox 2271 5532 3778 5612">
    <p class='ocr_par' dir='ltr' id='par_1_104' title="bbox 2271 5532 3778 5612">
     <span class='ocr_line' id='line_1_104' title="bbox 2271 5532 3778 5612; baseline 0.009 -27"><span class='ocrx_word' id='word_1_852' title='bbox 2271 5532 2382 5603; x_wconf 85' lang='grc' dir='ltr'><strong>γὰρ</strong></span> <span class='ocrx_word' id='word_1_853' title='bbox 2409 5533 2584 5599; x_wconf 73' lang='grc' dir='ltr'>οὕτως</span> <span class='ocrx_word' id='word_1_854' title='bbox 2616 5536 2961 5605; x_wconf 77' lang='grc' dir='ltr'>ἐξαφανίζειν</span> <span class='ocrx_word' id='word_1_855' title='bbox 3009 5541 3107 5612; x_wconf 80' lang='grc' dir='ltr'>τὴν</span> <span class='ocrx_word' id='word_1_856' title='bbox 3153 5542 3352 5612; x_wconf 81' lang='grc' dir='ltr'>ἀρετὴν</span> <span class='ocrx_word' id='word_1_857' title='bbox 3402 5543 3643 5610; x_wconf 83' lang='grc' dir='ltr'>πέφυκεν,</span> <span class='ocrx_word' id='word_1_858' title='bbox 3672 5534 3778 5599; x_wconf 74' lang='grc' dir='ltr'><strong>ὡςή</strong></span> 
     </span>
    </p>
   </div>
   <div class='ocr_carea' id='block_1_105' title="bbox 2273 5620 3778 5705">
    <p class='ocr_par' dir='ltr' id='par_1_105' title="bbox 2273 5620 3778 5705">
     <span class='ocr_line' id='line_1_105' title="bbox 2273 5620 3778 5705; baseline 0.002 -29"><span class='ocrx_word' id='word_1_859' title='bbox 2273 5625 2632 5697; x_wconf 77' lang='grc' dir='ltr'>εὐτραπελία,</span> <span class='ocrx_word' id='word_1_860' title='bbox 2673 5629 2860 5683; x_wconf 75' lang='grc' dir='ltr'>καὶτὸ</span> <span class='ocrx_word' id='word_1_861' title='bbox 2899 5630 3138 5699; x_wconf 77' lang='grc' dir='ltr'>παίζειν,</span> <span class='ocrx_word' id='word_1_862' title='bbox 3168 5632 3265 5687; x_wconf 78' lang='grc' dir='ltr'>καὶ</span> <span class='ocrx_word' id='word_1_863' title='bbox 3298 5635 3331 5704; x_wconf 76' lang='grc' dir='ltr'>ἡ</span> <span class='ocrx_word' id='word_1_864' title='bbox 3371 5632 3656 5705; x_wconf 80' lang='grc' dir='ltr'>ἀργολογία.</span> <span class='ocrx_word' id='word_1_865' title='bbox 3693 5620 3778 5678; x_wconf 79' lang='grc' dir='ltr'><strong>Καὶ</strong></span> 
     </span>
    </p>
   </div>
   <div class='ocr_carea' id='block_1_106' title="bbox 2369 5763 3774 5836">
    <p class='ocr_par' dir='ltr' id='par_1_106' title="bbox 2369 5763 3774 5836">
     <span class='ocr_line' id='line_1_106' title="bbox 2369 5763 3774 5836; baseline 0.001 -17"><span class='ocrx_word' id='word_1_866' title='bbox 2369 5764 2412 5796; x_wconf 77' lang='grc'>⁸⁷</span> <span class='ocrx_word' id='word_1_867' title='bbox 2447 5764 2467 5819; x_wconf 90' lang='lat' dir='ltr'><strong>l</strong></span> <span class='ocrx_word' id='word_1_868' title='bbox 2498 5764 2641 5822; x_wconf 91' lang='lat' dir='ltr'><strong>Tim.</strong></span> <span class='ocrx_word' id='word_1_869' title='bbox 2667 5782 2740 5834; x_wconf 82' lang='lat' dir='ltr'><strong>IV,</strong></span> <span class='ocrx_word' id='word_1_870' title='bbox 2762 5768 2815 5832; x_wconf 88' lang='lat'><strong>7,</strong></span> <span class='ocrx_word' id='word_1_871' title='bbox 2846 5766 2896 5822; x_wconf 92' lang='lat'><strong>8.</strong></span> <span class='ocrx_word' id='word_1_872' title='bbox 2951 5822 2960 5830; x_wconf 85' lang='lat'><em>_</em></span> <span class='ocrx_word' id='word_1_873' title='bbox 3010 5767 3057 5800; x_wconf 80' lang='grc'><strong>³⁸</strong></span> <span class='ocrx_word' id='word_1_874' title='bbox 3078 5769 3237 5824; x_wconf 87' lang='lat' dir='ltr'><strong>Prov.</strong></span> <span class='ocrx_word' id='word_1_875' title='bbox 3273 5786 3394 5836; x_wconf 75' lang='lat' dir='ltr'><strong>xxx,</strong></span> <span class='ocrx_word' id='word_1_876' title='bbox 3425 5771 3479 5827; x_wconf 89' lang='lat'><strong>8.</strong></span> <span class='ocrx_word' id='word_1_877' title='bbox 3546 5763 3774 5821; x_wconf 70' lang='lat' dir='ltr'><strong>&quot;Coloss.</strong></span> 
     </span>
    </p>
   </div>
  </div>
