4052 6542
262 338 399 405 ΜΠ

904 348 1233 409 ΗΟΜῙΙ.ῙΑ
1274 349 1430 410 XVI.
1464 374 1531 386 --
1570 351 1671 411 DE
1711 350 1853 409 ΙΜΜ

1956 349 2089 407 ιΙΕΑ
2130 347 2518 418 LOQUENDI
2558 344 2865 406 FIDUCIA
2878 391 2890 403 .

3387 338 3523 403 M78

260 450 449 509 πάλιν.
485 451 641 505 οὐδὲν
670 452 846 517 οὕτως
873 456 973 527 τὴν
1002 460 1489 529 πεπαλαιωμένηνι
1510 456 1689 528 ψυχὴν
1718 458 1848 509 ἀνα-

1956 455 2129 510 vitant
2158 453 2592 525 graveoleutiam
2619 493 2633 517 ,
2663 452 2757 522 qui
2799 450 2926 505 aliis
2952 447 3197 501 vescitur
3222 487 3236 510 ,
3269 457 3327 501 et
3366 449 3415 501 ei
3462 465 3521 501 se

258 546 522 610 καινίζει,
559 544 635 609 ὡς
686 548 715 599 ό
753 546 921 615 φόϐος
957 548 1053 601 τοῦ
1081 548 1240 612 Θεοῦ,
1290 549 1445 622 καὶὴ
1490 549 1629 620 καλὴ
1669 567 1841 618 προσ-

258 638 423 709 ευχὴ,
464 637 561 692 καὶ
610 639 672 692 τὸ
714 640 947 711 μελετᾷν
992 640 1290 706 ἀπαύστως
1331 643 1400 695 τὰ
1428 642 1586 710 λόγια
1613 642 1841 714 Κυρίου,

259 730 359 782 καὶ
398 730 465 801 τῇ
501 733 782 802 προσευχῇ
827 732 914 785 ἀεὶ
958 730 1155 786 ἑαυτὸν
1194 730 1566 797 καθοπλίζειν,
1610 734 1708 786 καὶ
1744 733 1844 801 τῆς

260 821 579 894 ἀγρυπνίας
612 823 673 875 τὸ
706 823 897 893 κέρδος
929 825 1259 896 ἰχνηλατεῖν.
1303 824 1370 878 Ἦ
1402 826 1511 895 γὰρ
1558 823 1843 896 παρρησία

263 918 531 990 βδελυκτή
578 919 750 983 ἐστιν,
800 918 985 983 καθὼς
1031 921 1345 990 γέγραπται
1392 921 1451 973 ὲν
1490 919 1568 991 τῷ
1610 919 1843 990 Ἐκκλη-

264 1014 488 1081 σιαστῇ,
542 1011 625 1064 ὅτι
662 1010 950 1081 Βδέλυγμα
997 1012 1188 1083 Κυρίῳ
1236 1011 1511 1084 στηρίζων
1543 1009 1844 1080 ὀφθαλμόν*

260 1106 361 1161 καὶ
398 1107 449 1159 οἱ
489 1104 829 1171 ἀπαίδευτοι,
877 1108 1137 1177 ἀκρατεῖς
1171 1106 1443 1179 γλώσσης.
1487 1107 1614 1161 Ἐὰν
1647 1123 1847 1177 μαστι-

262 1200 455 1271 γώσῃς
484 1198 697 1268 ἄφρονα
738 1200 796 1251 ὲν
834 1197 986 1269 μέσῳ
1019 1199 1296 1270 συνεδρίου
1325 1198 1631 1269 ἀτιμάζων,
1666 1199 1726 1250 οὐ
1768 1197 1845 1269 μὴ

263 1289 544 1359 περιελεῖς
570 1288 671 1360 τὴν
699 1289 1013 1358 ἀφροσύνην
1044 1289 1233 1342 αὐτοῦ.
1270 1291 1376 1342 Καὶ
1416 1289 1596 1351 αὖθιςθ
1628 1306 1646 1339 ι
1679 1287 1847 1355 Σοφία

262 1380 561 1454 ἀνθρώπου
592 1384 784 1449 φωτιεῖ
811 1383 1103 1451 πρόσωπον
1131 1380 1321 1433 αὐτοῦ’
1351 1380 1571 1449 ἀναιδὴς
1594 1379 1651 1432 δὲ
1677 1395 1847 1448 προσ-

264 1471 404 1542 ώπῳ
439 1471 627 1538 αὐτοῦ,
660 1471 1046 1543 μισηθήσεται.
1078 1492 1097 1524 ι
1125 1472 1235 1527 Καὶ
1266 1472 1324 1523 ὲν
1350 1473 1470 1533 ταῖς
1494 1470 1844 1541 Παροιμίαις·

272 1582 293 1615 ι
332 1564 571 1617 Σπάνιον
605 1563 794 1633 εἴσαγε
824 1564 914 1618 σὺν
944 1564 1083 1619 πόδα
1113 1563 1248 1635 πρὸς
1278 1562 1369 1616 σδν
1402 1562 1578 1632 φίλον,
1614 1563 1688 1633 μή
1715 1578 1846 1615 ποτε

266 1655 535 1725 πλησθεὶς
568 1656 842 1727 μισήσειε.
873 1674 893 1707 ι
922 1686 993 1698 -—
1020 1675 1037 1706 ι
1061 1654 1431 1726 Ἀπόστρεψον
1483 1652 1592 1707 ἀπὸ
1623 1652 1717 1705 σοῦ
1749 1653 1848 1705 ἐπα

269 1746 602 1811 ονειδίστους
644 1746 856 1816 λόγους.
898 1766 918 1801 ι
963 1748 1075 1800 Kal
1103 1746 1287 1802 πάλιν·
1330 1765 1349 1798 ι
1395 1747 1494 1815 ’ος
1543 1744 1610 1799 ἂν
1649 1745 1846 1815 εὐλογῇ

1949 546 2543 617 adjunguntpropius,
2583 544 2676 613 qui
2711 543 2969 612 quopiam
3004 541 3179 609 fragat
3210 539 3386 592 nobili
3423 556 3524 593 un-

1948 647 2186 710 guento,
2219 638 2326 691 hoc
2351 645 2437 691 est
2459 677 2474 697 ,
2507 636 2831 705 suaviloquo
2852 676 2866 699 ,
2915 633 3009 704 qui
3042 632 3232 687 sedula
3265 631 3526 701 indagine

1949 738 2332 801 perscrutatur
2373 728 2610 783 verbum
2664 728 2914 792 bonum,
2972 736 3027 780 et
3082 725 3179 796 qui
3231 734 3379 779 casta
3428 724 3525 779 Dei

1948 822 2170 892 eloquia
2204 820 2425 876 abunde
2457 819 2718 876 effundit.
2740 819 2897 874 Nihil
2929 817 3079 872 enim
3118 818 3199 872 sic
3222 817 3525 872 obscurare

1950 911 2242 968 consuevit
2271 918 2328 966 et
2356 910 2581 964 abolere
2610 908 2958 979 splendorem
2998 908 3245 971 virtutis,
3272 914 3335 960 ut
3368 906 3527 961 blan-

1951 1004 2174 1074 diloqua
2210 1013 2377 1074 atque
2404 1003 2673 1057 urbanior
2707 1001 3017 1056 scurrilitas
3044 1042 3059 1063 ,
3110 1011 3173 1055 ut
3200 1000 3416 1055 ludicra
3463 1016 3528 1053 ac
3566 986 3569 987 ν

1951 1099 2213 1168 petulans
2243 1096 2561 1167 nugacitas,
2614 1105 2677 1150 ut
2726 1095 2942 1149 otiosus
2992 1111 3172 1149 sermo
3220 1104 3276 1149 et
3330 1110 3530 1164 expers

1952 1190 2129 1259 frugis
2177 1188 2357 1242 home.
2405 1187 2542 1241 Item
2591 1185 2731 1239 nihil
2779 1186 2858 1239 sic
2891 1195 3123 1240 renovat
3156 1195 3211 1240 et
3259 1185 3529 1254 quodam-

1953 1280 2120 1334 modo
2156 1279 2528 1349 repubescere
2559 1277 2691 1332 facit
2720 1278 2959 1332 animam
2994 1277 3203 1347 alioqui
3248 1279 3530 1333 invetera-

1952 1379 2087 1434 tam,
2122 1380 2183 1423 ut
2209 1370 2375 1424 timor
2398 1369 2495 1424 Dei
2524 1410 2539 1434 ,
2575 1378 2634 1423 ut
2666 1368 2846 1423 oratio
2887 1384 3019 1423 sane
3049 1385 3217 1438 quam
3246 1370 3494 1439 speciosa
3513 1411 3528 1434 ,

1954 1469 2017 1516 ut
2053 1478 2258 1531 perpes
2301 1471 2357 1517 et
2400 1462 2679 1517 indefessa
2706 1461 2993 1515 meditatio
3024 1461 3376 1531 eloquiorum
3422 1463 3531 1516 Do-

1955 1552 2090 1607 mini
2122 1596 2136 1619 ,
2165 1563 2227 1608 ut
2258 1553 2304 1609 si
2338 1554 2579 1623 teipsum
2608 1554 2869 1607 obarmes
2922 1561 2977 1607 et
3025 1554 3372 1608 communias
3413 1554 3530 1625 jugi

1956 1645 2278 1714 precatione
2303 1687 2318 1710 ,
2356 1646 2403 1701 si
2439 1646 2631 1701 sedulo
2677 1661 2741 1700 ac
2788 1645 2958 1699 veluti
3000 1660 3101 1716 per
3139 1646 3370 1716 vestigia
3417 1648 3531 1701 sci-

1958 1736 2164 1792 scitere
2224 1745 2490 1807 quantum
2542 1754 2609 1791 ex
2666 1737 2875 1808 vigiliis
2923 1739 3134 1792 resiliat
3193 1738 3530 1808 compendii.

268 1838 428 1907 φίλον
456 1838 604 1911 πρωῒ
659 1838 871 1910 μεγάλῃ
914 1841 980 1910 τῇ
1021 1838 1195 1909 φωνῆ,
1251 1835 1650 1909 καταρωμένου
1698 1836 1852 1889 οὐδὲν

1961 1825 2175 1897 1050
2202 1827 2297 1880 llla
2331 1842 2498 1896 porro
2531 1826 2796 1880 audacior
2825 1836 2991 1895 atque
3029 1826 3323 1897 imperiosa
3357 1827 3534 1881 liber-

267 1930 553 2002 διαφέρειν
591 1930 754 1995 δόξει.
794 1950 813 1983 ι
848 1932 959 1984 Kal
983 1931 1168 1984 πάλιν·
1198 1930 1331 1993 «Ὃς
1355 1927 1623 1998 φυλάσσει
1645 1929 1706 1981 τὸ
1742 1929 1855 1981 στό-

271 2038 353 2091 μα
386 2020 553 2074 αὐτοῦ
613 2020 707 2075 καὶ
740 2019 840 2092 τὴν
885 2021 1161 2091 γλῶσσαν,
1211 2019 1461 2090 διατηρεῖ
1512 2018 1578 2071 ὲκ
1621 2016 1855 2087 θλίψεως

267 2111 371 2183 τὴν
397 2112 579 2184 ψυχὴν
632 2111 820 2167 αὐτοῦ.
872 2131 891 2163 ι
944 2110 1369 2183 Ἀγωνισώμεθα
1404 2109 1519 2178 οὖν,
1550 2112 1851 2183 ἀγαπητοὶ,

278 2205 434 2277 πάσῃ
482 2205 712 2275 δυνάμει
747 2204 822 2276 μὴ
859 2204 1043 2259 δοῦναι
1084 2204 1271 2275 χώραν
1312 2203 1407 2258 τοῦ
1435 2204 1855 2275 κατακυριεύειν

273 2297 433 2368 ήμῶν
462 2297 523 2350 τὸ
543 2295 715 2360 πάθος
743 2296 844 2366 τῆς
876 2297 1058 2367 δεινῆς
1088 2296 1431 2369 παρρησίας.
1460 2297 1712 2352 Χαλεπὸν
1746 2300 1854 2369 γάρ

272 2389 426 2442 ἐστιν
464 2387 609 2453 λίαν,
642 2388 739 2443 καὶ
776 2388 1095 2460 γεννητικὸν
1124 2389 1343 2443 πάντων
1372 2389 1482 2443 τῶν
1516 2390 1731 2454 παθῶν,
1761 2390 1857 2444 xal

271 2480 589 2552 διαφθεῖρον
628 2481 786 2545 ὅλους
808 2481 938 2541 τοὺς
971 2482 1245 2552 καρποὺς,
1272 2482 1369 2536 καὶ
1395 2482 1496 2547 τάς
1531 2483 1732 2557 ἀρετὰς
1760 2482 1856 2536 τοῦ

271 2573 586 2645 ἀνθρώπουο
615 2573 994 2645 μεμισημένον
1021 2573 1079 2628 δέ
1099 2575 1247 2628 ἐστιν
1276 2575 1371 2628 καὶ
1398 2575 1550 2647 παρά
1575 2574 1670 2629 τοῦ
1694 2574 1854 2629 Θεοῦ.

274 2666 444 2721 ’Όθεν
475 2667 570 2721 καὶ
596 2666 690 2720 τὸν
740 2667 929 2732 Ὠζᾶν,
961 2667 1315 2738 τολμήσαντα
1338 2670 1578 2722 ἐκτεῖναι
1606 2667 1705 2734 τὴν
1740 2669 1857 2739 χεῖ-

275 2778 372 2833 ρα,
404 2759 499 2813 καὶ
529 2758 942 2832 περισώσασθαι
987 2759 1087 2831 τὴν
1135 2759 1371 2813 κιϐωτὸν
1405 2758 1500 2813 τοῦ
1553 2758 1714 2815 Θεοῦ.
1748 2776 1856 2813 πα-

275 2849 559 2923 ραχρῆμα,
584 2848 660 2912 ὡς
682 2849 851 2919 ὲναγῆ
878 2850 971 2902 καὶ
997 2847 1212 2920 ἀνίερον
1234 2849 1596 2903 ἐθανάτωσεν.
1621 2848 1696 2903 Τὸ
1717 2850 1859 2921 παρ-

278 2941 638 3016 ρησιάζεσθαι
679 2935 793 3005 οὖν,
844 2942 939 2995 καὶ
996 2941 1349 3013 ἐπαίρεσθαι,
1394 2941 1727 3013 δυσάρεστον
1778 2939 1858 3013 τῷ

274 3036 399 3107 Θεῷ
433 3036 527 3089 xal
562 3034 873 3107 ἀνθρώποις
915 3035 1087 3089 ἐστίν.
1147 3036 1260 3089 Kal
1311 3034 1468 3088 τοῦτο
1522 3033 1710 3103 σαφῶς
1758 3035 1861 3087 ὲπ-

281 3129 579 3198 ιστάμενος
630 3131 659 3183 ὁ
690 3126 873 3193 Δαυῒδ,
921 3126 1126 3195 ἐλεγεψ
1158 3145 1176 3178 ι
1212 3125 1444 3195 Ἀγαθόν
1492 3143 1584 3198 μοι
1628 3126 1711 3180 ὅτι
1739 3128 1861 3179 ἐτα-

278 3221 558 3287 πείνωσάς
595 3241 685 3293 με,
724 3223 873 3286 ὅπως
908 3222 974 3274 ἂν
1009 3220 1166 3291 μάθω
1193 3219 1266 3273 τὰ
1303 3220 1653 3291 δικαιώματά
1682 3237 1796 3273 σου.
1833 3239 1852 3271 ι

280 3316 414 3381 Kal,
461 3334 480 3367 ι
537 3314 869 3386 Καθήλωσον
901 3313 966 3367 ὲκ
1003 3313 1096 3366 τοῦ
1146 3312 1312 3382 φόϐου
1364 3330 1457 3365 σου
1504 3311 1603 3378 τὰς
1654 3312 1866 3383 σάρκας

286 3425 408 3477 μου·
446 3408 553 3461 ἀπὸ
581 3409 689 3481 γάρ
714 3408 823 3462 τῶν
851 3406 1140 3478 κριμάτων
1173 3422 1267 3459 σου
1301 3403 1603 3475 ἐφοϐήθην.
1644 3421 1662 3455 ι
1685 3404 1804 3457 Kal
1835 3405 1862 3456 ὁ

283 3498 496 3563 Παῦλός
523 3516 707 3570 φησιν⁹
746 3518 765 3552 ‹
803 3497 993 3569 Ἐδόθη
1021 3516 1109 3569 μοι
1134 3496 1369 3567 σκώλωῷ
1400 3498 1466 3566 τῇ
1500 3495 1664 3567 σαρκὶ
1691 3494 1862 3565 ἄγγε-

281 3588 375 3654 λος
403 3591 600 3655 Σατᾶν,
637 3592 725 3645 ἵνα
757 3608 824 3662 με
854 3590 1148 3663 κολαφίζῃ,
1186 3590 1273 3644 ἴνα
1302 3590 1377 3661 μὴ
1406 3589 1852 3660 ὑπεραίρωμαι.»

281 3681 396 3733 Kal
422 3680 598 3744 ἄλλος·
642 3699 661 3733 ‹
707 3680 804 3745 Τίς
839 3682 1179 3752 καυχήσεται
1218 3680 1390 3751 ἀγνὴν
1423 3678 1568 3749 ἔχειν
1599 3677 1696 3749 τὴν
1724 3694 1861 3748 καρ-

280 3773 433 3838 δίαν;
469 3774 501 3844 ἢ
530 3772 615 3836 τίς
657 3773 1094 3845 παρῤησιάσεται
1131 3770 1361 3825 ἐνώπιον
1392 3769 1596 3836 αὐτοῦ;
1638 3789 1657 3821 ι
1694 3768 1858 3821 Ὅθεν

284 3863 382 3918 καὶ
409 3864 437 3916 ό
464 3864 666 3936 Κύριος
694 3862 1204 3936 παρρησιασαμένῳ
1220 3860 1297 3932 τῷ
1326 3860 1539 3932 Πέτρῳ,
1561 3858 1656 3912 καὶ
1675 3857 1860 3911 εἰπόν-

282 3970 359 4009 τι⁶
400 3974 418 4007 ι
455 3955 645 4019 Ἵλεώς
683 3973 787 4021 σοι,
831 3956 1030 4026 Κύριε,
1064 3955 1125 4007 οὐ
1177 3953 1252 4023 μὴ
1293 3951 1447 4005 ἔσται
1490 3968 1573 4003 σοι
1611 3950 1791 4015 τοῦτο,
1834 3966 1853 4000 ι

286 4049 644 4119 ἐπετίμησεν,
666 4048 861 4102 εἰπών·
892 4067 910 4100 ι
941 4048 1163 4115 ’Ύπαγε
1187 4044 1366 4098 ὀπίσω
1403 4061 1531 4113 μου,
1567 4043 1800 4096 Σατανᾶ.
1834 4058 1852 4091 ι

298 4138 703 4210 Ἑπερωτηθεὶς
751 4139 807 4191 δὲ
846 4139 984 4209 μετὰ
1017 4137 1116 4208 τὴν
1158 4136 1455 4189 ἀνάστασιν
1486 4133 1592 4187 ὑπὸ
1619 4131 1713 4185 τοῦ
1746 4133 1859 4184 Κυ-

290 4231 428 4303 ρίου·
463 4251 480 4283 ι
521 4233 718 4303 Πέτρε,
746 4232 921 4301 φιλεῖς
960 4247 1030 4302 με
1058 4248 1073 4297 ;
1122 4248 1141 4283 ι
1176 4230 1274 4283 σὺν
1306 4228 1455 4299 πάσῃ
1490 4225 1745 4295 εὐλαϐείᾳ
1764 4225 1869 4277 άπ-

289 4321 508 4392 εκρίθη,
544 4340 564 4372 ι
594 4322 724 4388 Nal,
759 4321 952 4394 Κύριε,
979 4320 1044 4373 σὺ
1078 4313 1226 4383 οἶδας
1249 4318 1332 4372 ὅτι
1374 4314 1515 4387 φιλῶ
1541 4332 1623 4368 σε.
1656 4333 1675 4367 ι
1705 4311 1864 4385 Αὐτῷ

284 4413 322 4483 ή
354 4411 500 4477 δόξα.
542 4413 737 4484 Ἀμήν.

1958 1928 2042 1973 tas
2088 1919 2357 1989 loquendi
2438 1918 2779 1973 abominatio
2819 1929 2946 1985 est,
2999 1930 3169 1989 utque
3242 1920 3535 1990 Scriptura

1954 2010 2209 2064 continet
2234 2009 2289 2063 in
2314 2009 2645 2064 Ecclesiaste
2678 2027 2691 2062 :
2730 2009 3060 2071 exsecratio,
3101 2010 3349 2078 inquam,
3383 2009 3531 2079 apud

1953 2096 2276 2163 Dominum,
2310 2098 2406 2169 qui
2455 2097 2638 2152 ﬁrmat
2666 2099 2919 2164 oculum;
2963 2098 3059 2152 sed
3087 2107 3144 2153 et
3190 2098 3420 2163 indocti,
3454 2100 3536 2153 in-

1953 2192 2323 2262 temperantis
2346 2192 2549 2263 lingua:
2579 2193 2795 2246 sunt”.
2824 2191 2881 2247 Si
2917 2193 3305 2248 verberaveris
3328 2192 3537 2261 impru-

1955 2282 2199 2346 dentem,
2247 2282 2302 2337 in
2355 2282 2541 2337 medio
2596 2282 2813 2337 consilii
2858 2283 2939 2337 illi
2990 2282 3368 2354 approbrans,
3397 2300 3537 2337 nun—

1955 2390 2121 2445 quam
2173 2373 2477 2429 abstuleris
2532 2374 2824 2430 stultitiam
2882 2375 3055 2429 illius.
3084 2375 3342 2429 Rursus:
3400 2373 3540 2429 «Sa-

1954 2469 2161 2539 pientia
2213 2468 2457 2524 hominis
2500 2468 2744 2522 illustrat
2789 2466 2986 2522 faciem
3036 2467 3192 2536 ejus;
3244 2465 3540 2535 impudens

1955 2571 2143 2615 autem
2202 2558 2343 2615 facie
2400 2558 2629 2613 odibilis
2674 2558 2783 2613 erit
2812 2558 2878 2611 ⁸³.
2919 2576 2936 2608 ι
2970 2557 3039 2611 Et
3074 2557 3129 2610 in
3165 2556 3534 2611 Proverbiis:

1965 2673 1982 2703 ι
2019 2653 2222 2707 Rarius
2257 2653 2401 2708 infer
2430 2652 2627 2723 pedem
2661 2661 2817 2706 tuum
2854 2652 2910 2705 in
2956 2651 3180 2704 domum
3216 2650 3416 2712 amici,
3468 2665 3541 2703 ne

1956 2745 2100 2801 forte
2122 2746 2353 2801 satiatus
2376 2746 2560 2800 oderit
2587 2754 2639 2800 te
2666 2745 2869 2796 ⁹⁸.›ρ-‹
2902 2743 3103 2799 Averte
3131 2741 3229 2797 abs
3251 2751 3302 2796 te
3328 2756 3541 2795 sermo-

1956 2853 2059 2893 nes
2090 2837 2373 2907 opprobrii
2404 2838 2472 2891 ⁸⁸.
2520 2856 2539 2889 ι
2599 2837 2803 2891 lterum
2835 2853 2847 2888 :
2888 2854 2905 2884 ι
2941 2834 3042 2900 Qui
3073 2832 3353 2887 benedicit
3380 2847 3540 2885 mane

1958 2930 2198 2985 amicum
2233 2940 2450 2983 exserta
2477 2944 2637 2993 voce,
2686 2928 2825 2981 nihil
2854 2927 3079 2982 differre
3104 2925 3329 2979 videtur
3365 2926 3432 2978 ab
3472 2939 3540 2978 eo

1959 3025 2055 3092 qui
2114 3022 2396 3077 maledicit
2417 3023 2483 3076 9°.
2524 3042 2541 3073 ι
2593 3022 2835 3076 Rursum
2892 3037 2905 3072 :
2980 3038 2998 3068 ι
3035 3016 3138 3084 Qui
3180 3016 3425 3071 custodit
3478 3033 3542 3071 os

1959 3130 2120 3170 suum
2145 3124 2201 3169 et
2223 3114 2491 3185 linguam,
2524 3121 2819 3168 conservat
2848 3128 2877 3166 a
2914 3110 3275 3165 tribulatione
3298 3109 3540 3163 animam

1960 3215 2116 3262 suam
2141 3207 2207 3260 ⁸⁷.
2243 3226 2261 3258 ι
2302 3208 2371 3261 Et
2405 3222 2506 3261 nos
2552 3205 2723 3276 igitur
2757 3220 2860 3274 pro
2903 3203 3051 3258 virili
3080 3244 3095 3268 ,
3124 3202 3329 3257 fratres
3354 3243 3368 3265 ,
3425 3210 3544 3257 toto

1956 3302 2091 3357 nixu
2113 3300 2527 3372 provideamus,
2553 3314 2623 3353 ne
2647 3315 2813 3369 quem
2836 3299 3018 3353 locum
3040 3298 3093 3351 in
3118 3297 3280 3351 nobis
3307 3295 3546 3349 vitiosus

1958 3393 2050 3449 hic
2081 3394 2439 3448 nanciscatur
2455 3390 2910 3461 afl‘ectuslinguze
2940 3389 3214 3459 procacis,
3250 3386 3544 3455 nequando

1963 3485 2257 3542 adversum
2329 3498 2431 3537 nos
2495 3482 2796 3536 invalescat
2856 3479 3228 3549 imperiosius.
3265 3478 3546 3545 Perquam

1962 3574 2197 3641 molesta
2221 3580 2307 3627 est
2348 3571 2466 3626 haec
2498 3570 2695 3625 animae
2722 3568 3102 3637 intemperies,
3137 3582 3292 3634 equa
3315 3581 3413 3619 ceu
3448 3579 3547 3633 pa-

1964 3670 2122 3717 rente
2157 3668 2369 3715 cazterte
2426 3657 2852 3729 progerminant
2881 3663 2938 3710 et
2988 3661 3317 3725 emergunt:
3369 3667 3547 3720 coque

1965 3756 2181 3811 fructus
2214 3751 2467 3808 exercitii
2515 3751 2681 3820 hujus
2714 3746 2893 3803 nostri
2952 3762 3153 3800 onmes
3209 3743 3547 3815 putrilaginc

1965 3861 2032 3900 ac
2064 3859 2315 3899 marcore
2346 3842 2531 3913 perdit
2560 3882 2574 3905 ,
2610 3840 2849 3895 virtutes
2877 3838 3024 3908 ipsas
3065 3835 3310 3890 hominis
3364 3834 3549 3888 reddit

1966 3936 2164 3990 inanes
2212 3933 2389 4003 frugis
2438 3932 2619 3986 home.
2669 3932 2727 3985 In
2764 3946 2860 3985 eos
2892 3929 3041 3984 cadit
3065 3927 3301 3982 vitiosus
3336 3925 3429 3980 hic
3464 3923 3549 3977 af—

1965 4029 2171 4091 fectus,
2197 4041 2340 4096 quos
2360 4024 2479 4079 odit
2507 4024 2654 4077 Deus
2688 4021 3085 4076 infensissime.
3109 4019 3264 4074 Unde
3304 4026 3360 4071 et
3398 4016 3548 4071 Ozan

1965 4121 2059 4191 qui
2091 4136 2191 4191 per
2214 4118 2582 4175 temeritatem
2614 4114 2969 4185 exporrigere
2994 4128 3214 4167 manum
3242 4125 3408 4164 ausus
3437 4115 3542 4172 est,

1962 4221 2027 4267 ut
2060 4227 2187 4267 arca
2214 4210 2312 4265 Dei
2346 4217 2664 4265 servaretur
2698 4205 3025 4271 incolumis;
3059 4212 3122 4259 ut
3149 4200 3546 4258 exsecrabilem

1964 4318 2031 4358 ac
2054 4303 2353 4373 profanum
2387 4301 2443 4355 in
2473 4299 2712 4369 vestigio
2736 4305 2913 4351 morte
2948 4294 3204 4349 multavit
3227 4292 3291 4347 ".
3310 4291 3545 4344 Temere

1961 4413 2098 4469 ergo
2133 4396 2285 4466 loqui
2319 4411 2384 4449 ac
2415 4409 2537 4449 sese
2575 4391 2774 4447 efferre
2821 4386 3182 4458 impotentius
3210 4424 3223 4447 ,
3246 4392 3547 4449 utrumque

282 4473 440 4575 apud
472 4473 643 4560 Deum
671 4473 727 4560 et
775 4503 1035 4560 homines
1064 4511 1217 4560 caret
1268 4500 1466 4573 gratia.
1524 4497 1683 4566 Quod
1734 4511 1859 4553 cum
1896 4492 2189 4564 perspicue
2249 4495 2437 4543 nosset
2498 4484 2713 4575 David,
2752 4482 2979 4575 dicebat
3014 4496 3029 4534 :
3094 4497 3113 4529 ο
3146 4477 3358 4531 Bonum
3408 4473 3546 4528 mihi

284 4573 441 4663 quod
498 4593 804 4649 humiliasti
858 4609 946 4648 me
975 4633 990 4658 ,
1059 4600 1120 4647 ut
1176 4592 1382 4646 discam
1436 4586 1860 4661 iustificationes
1899 4583 2117 4637 tuas”.
2147 4597 2166 4631 ι
2239 4578 2309 4633 Ει
2342 4596 2356 4631 :
2420 4596 2438 4627 ι
2479 4574 2702 4644 Conflge
2728 4573 2923 4629 timore
2952 4579 3047 4663 tuo
3068 4583 3267 4663 carnes
3288 4580 3482 4630 meas;
3515 4579 3546 4663 a

285 4654 518 4758 j-udiciis
563 4685 711 4741 enim
738 4684 851 4740 tuis
887 4654 1051 4739 timui
1084 4683 1125 4737 ί.
1161 4701 1179 4734 ι
1214 4680 1322 4737 Sed
1352 4687 1409 4735 et
1436 4654 1709 4737 'Paulus:
1748 4695 1765 4728 ι
1802 4675 1974 4730 Datus
1999 4680 2085 4727 est
2114 4669 2253 4726 mihi
2318 4666 2575 4722 stimulus
2623 4662 2811 4720 carnis
2856 4661 3083 4758 angelus
3140 4658 3354 4758 Satanae
3378 4696 3394 4722 ,
3453 4654 3547 4755 qui

286 4744 381 4833 xne
438 4774 785 4847 colaphizet,
820 4782 884 4829 ut
930 4789 1003 4829 ne
1062 4770 1297 4828 extollar
1338 4772 1380 4824 ³.
1418 4788 1438 4822 ι
1494 4767 1652 4823 Alius
1693 4765 1869 4819 item:
1920 4781 1938 4814 ι
1977 4760 2113 4828 Quis
2132 4756 2463 4830 gloriabitur
2483 4754 2751 4809 mundum
2810 4766 2869 4806 se
2919 4747 3273 4847 haberecor?
3297 4744 3403 4799 Aut
3424 4744 3551 4814 quis

286 4869 470 4926 libere
518 4840 783 4939 loquetur
829 4882 1017 4923 coram
1083 4881 1153 4921 eo
1190 4864 1257 4918 εἳ
1285 4882 1303 4916 ι
1337 4862 1497 4920 Unde
1570 4868 1628 4916 et
1677 4856 1947 4914 Dominus
1983 4856 2147 4912 Petro
2204 4849 2469 4905 audacius
2522 4861 2687 4917 quam
2744 4841 3112 4899 conveniebat
3143 4840 3548 4939 locutu-cum

286 4964 441 5019 enim
468 4963 517 5019 is
548 4929 825 5019 dixisset:
866 4981 884 5014 ι
916 4958 1203 5031 Propitius
1254 4964 1376 5013 esto
1421 4955 1553 5023 tibi,
1608 4952 1873 5016 Domine,
1912 4964 2025 5003 non
2054 4947 2163 5002 erit
2192 4945 2295 5000 tibi
2322 4943 2451 5007 hoc,
2484 4959 2503 4993 ι
2564 4938 2791 5031 acriter_
2837 4950 2964 4991 eum
2989 4930 3279 5031 “coarguit
3363 4929 3550 5030 «Vade

289 5066 472 5125 retro,
503 5056 707 5111 Satana
730 5055 773 5111 ⁵.
811 5074 830 5108 ι
867 5054 1033 5124 Atqui
1065 5053 1210 5108 idem
1278 5065 1406 5105 mox
1441 5064 1472 5104 a
1510 5047 1917 5103 resurrectione
1954 5039 2242 5097 aDomino
2272 5038 2682 5104 interrogatus:
2716 5049 2732 5080 i
2765 5029 2947 5091 Petre,
2974 5024 3277 5125 diligis-me
3298 5023 3321 5076 2
3346 5042 3365 5074 ι
3402 5020 3550 5125 omni

290 5168 422 5208 cum
454 5151 657 5206 timore
688 5164 753 5204 ac
787 5147 1098 5203 reverentia
1127 5142 1455 5216 respondit:
1500 5162 1518 5195 ι
1542 5140 1735 5211 Certe',
1766 5138 2021 5202 Domine,
2043 5145 2105 5192 tu
2133 5130 2263 5196 scis,
2296 5128 2425 5199 quia
2480 5140 2606 5181 amo
2662 5134 2717 5180 te
2741 5124 2783 5177 ⁸.
2805 5140 2823 5173 ι
2885 5120 2994 5191 Ipsi
3045 5117 3219 5189 gloria
3245 5116 3300 5170 in
3327 5115 3547 5170 saecula.

289 5243 489 5300 Amen.

366 5420 415 5453 ²¹
446 5421 609 5475 Prov.
634 5435 732 5481 xu,
768 5416 859 5471 22.
935 5416 980 5448 "
1008 5414 1190 5470 Eccle.
1213 5432 1330 5479 vni,
1366 5414 1418 5469 l.
1493 5411 1539 5444 “
1568 5411 1733 5466 Prov.
1763 5424 1900 5481 xxv,
1927 5404 2143 5481 υςηπ
2176 5400 2349 5481 Decii.
2378 5415 2484 5464 xu,
2515 5397 2611 5481 εει
2626 5469 2656 5481 _
2683 5396 2727 5428 ³⁸
2751 5396 2935 5481 Ρξοχ.
2962 5410 3126 5481 xxvn,
3150 5393 3252 5481 (ll.
3303 5388 3549 5481 figor.

293 5508 415 5555 xxx,
598 5458 737 5546 "fil
918 5458 1202 5549 v1.73:va
1405 5458 1590 5547 exuit,
1766 5458 1853 5533 Ti?

1956 5516 1964 5530 .
1995 5474 2117 5530 120.
2190 5474 2211 5506 ³
2242 5472 2286 5527 ll
2311 5470 2441 5526 Cor.
2470 5458 2564 5534 an,
2592 5469 2680 5524 17.
2791 5468 2811 5498 ³
2845 5467 3007 5520 Prov.
3040 5480 3129 5520 xx.
3150 5462 3205 5518 9.
3303 5459 3325 5492 "
3355 5458 3548 5515 Matth.

294 5580 411 5629 xvi,
441 5562 532 5625 2‘2,
565 5561 658 5616 ‘25.
736 5560 756 5592 ⁵
780 5556 941 5613 Joan.
975 5572 1084 5621 nt,
1118 5556 1204 5622 l5,
1237 5556 1324 5614 l7.
