4052 6566
603 342 743 408 1479
1877 337 2243 399 ANTIOCHI
2285 340 2629 402 MONACHI
3670 348 3779 417 uso

1124 454 1412 510 HOMILIA
1484 452 1646 507 XVII.
2202 455 2247 508 Α

1633 492 1646 505 .
2202 455 2247 508 Δ
2891 453 3107 506 ΛΟΓΟΣ
3137 454 3228 506 ῐΖ’.

594 551 746 619 Quod
800 549 1169 605 abstinendum
1228 549 1312 670 si;
1347 566 1378 601 a
1431 547 1690 615 familiari
1740 545 1999 617 colloquio
2050 560 2169 596 muv

1296 634 1485 671 rerum.

1952 546 1999 598 io
2050 560 2169 596 muv
2246 595 2251 598 ,
2559 542 2700 612 Περὶ
2738 542 2845 597 τοῦ
2886 545 3213 613 ἀπέχεσθαι
3242 544 3552 615 γυναικῶν.

669 714 1035 782 Maximopere
1063 710 1479 765 accommodum
1511 717 1597 764 est
1626 724 1690 763 ac
1718 707 1918 762 rationi
1944 720 2173 776 prorsus

2346 695 2420 748 Τὸ
2448 696 2756 767 ἀπέχεσθαι
2776 700 3075 765 γυναικῶν,
3110 700 3251 753 πάνυ
3287 699 3584 770 πρόσφορον
3610 702 3691 754 καὶ
3712 703 3787 775 ἁρ-

596 814 1055 865 consentaneum,
1077 813 1136 855 ut
1170 802 1207 855 ii
1237 801 1332 871 qui
1360 801 1594 870 cupiunt
1623 801 1792 854 vitam
1818 801 1960 853 hanc
1986 808 2171 853 trans-

2242 858 2247 863 ἡ
2281 788 2461 858 μόδιόν
2496 792 2612 843 ἐστι
2650 794 2761 855 τοῖς
2791 792 3034 845 ἐθέλουσι
3064 792 3179 862 βίον
3203 794 3439 863 ἄμωμον
3462 794 3551 845 καὶ
3574 795 3792 864 ἀκηλιδω-

597 902 823 954 mittere
881 898 1244 966 inculpatam,
1274 910 1379 949 nec
1408 896 1519 948 ulla
1552 893 1611 948 in
1654 904 1813 965 parte
1838 893 2171 955 defedatam,

2278 895 2370 931 ⁶ιον
2402 878 2634 947 διάγειν.
2684 880 3053 952 ’Δνάρμοστον
3110 886 3218 954 γὰρ
3273 887 3389 945 τοῖς
3438 882 3579 948 arma
3607 888 3791 953 φυγοῦσι

596 1011 627 1048 a
674 990 935 1045 familiari
994 989 1298 1041 mulierum
1353 1002 1651 1057 congressu
1701 987 1806 1040 sibi
1844 992 2173 1055 temperent.

2278 968 2369 1022 τὸν
2389 971 2595 1040 κόσμον
2625 972 2835 1042 ὁμιλεῖν
2867 976 3135 1043 γυναιξὶν,
3165 976 3197 1045 ἢ
3238 975 3521 1045 γλίχεσθαι
3557 980 3793 1048 συντυχίας

597 1087 741 1142 Nihil
782 1085 929 1139 enim
983 1083 1165 1136 minus
1208 1081 1511 1140 convenit,
1546 1094 1710 1148 quam
1763 1086 1824 1132 ut
1874 1079 1968 1146 qui
2004 1077 2174 1132 semel

2277 1063 2575 1129 γυναικῶν.
2615 1064 2772 1129 Τινὲς
2808 1066 2918 1138 γάρ
2957 1067 3227 1137 προφάσει
3266 1067 3431 1136 δῆθεν
3479 1068 3795 1139 συμπαθείας,

598 1176 1035 1232 mnndumhunc
1064 1172 1327 1242 fugerunt
1353 1213 1367 1237 ,
1405 1170 1737 1225 mulieribus
1782 1185 1841 1223 se
1889 1169 2176 1223 insinuent

2278 1150 2506 1214 εὐσεϐὲς
2561 1151 2765 1207 οἴονται
2806 1156 3113 1224 συνδιάγειν
3166 1158 3420 1225 γυναιξί’
3466 1159 3795 1229 ῥιψοκινδύνως

602 1268 861 1323 familiari
890 1264 1189 1333 colloquio,
1224 1271 1319 1316 aut
1346 1277 1445 1331 per
1468 1277 1660 1316 earum
1700 1275 2059 1329 congressum
2110 1274 2177 1313 ac

2283 1242 2584 1311 μονώτατοι
2624 1246 2783 1300 τοῦτο
2813 1249 3147 1318 πράττοντες
3172 1266 3185 1279 ·
3238 1251 3290 1303 οἳ
3347 1250 3442 1303 καὶ
3492 1252 3797 1321 εὐλοιδόρητοι

602 1360 832 1415 delicias
888 1362 1156 1411 enervent
1198 1364 1254 1408 et
1286 1354 1581 1423 inquinent
1612 1362 1894 1421 arreptum
1926 1350 2178 1421 proposi-

2280 1335 2375 1386 καὶ
2408 1336 2724 1391 σκανδάλων
2749 1340 2962 1392 πολλῶν
3000 1340 3165 1394 αἴτιοι
3197 1341 3462 1409 γίνονται.
3499 1342 3603 1394 Καὶ
3628 1360 3797 1411 προφα-

601 1461 740 1506 tum.
777 1449 1012 1514 Quidam
1038 1447 1210 1510 enim,
1260 1452 1527 1514 prmtextu
1562 1460 1591 1497 a
1624 1444 2006 1514 compassione
2053 1442 2177 1496 fru-

2283 1426 2389 1490 νῶς
2423 1428 2599 1493 οὕτως
2647 1430 3089 1502 ἀσχημονοῦντες
3118 1434 3217 1486 οὐκ
3252 1433 3570 1503 ἐρυθριῶσι.
3610 1434 3667 1485 Τί
3696 1435 3798 1486 δ’ἆν

602 1554 719 1599 stra
762 1543 1018 1613 qumsito,
1076 1540 1395 1608 religiosum
1441 1552 1566 1592 esse
1618 1543 1849 1591 censent
1893 1551 1957 1589 ac
1999 1535 2173 1604 pium,

2278 1519 2340 1570 οὐ
2373 1523 2640 1590 ποιήσωσι
2672 1524 2784 1577 τῶν
2824 1524 3046 1592 ἀφανῶν
3077 1524 3285 1587 κακῶν,
3317 1526 3370 1577 εἰ
3398 1523 3492 1576 ἐπὶ
3514 1528 3618 1588 τοῖς
3643 1525 3796 1595 προδή-

602 1609 1016 1699 νὶιαιιι-θκίεοτθ
1041 1627 1409 1681 communiter
1446 1641 1572 1679 cum
1611 1624 1967 1678 mulieribus.
2000 1623 2177 1689 Quot-

2279 1609 2394 1675 λοις
2420 1613 2593 1678 οὕτως
2625 1615 3052 1687 ἐναϐρύνονται;
3100 1618 3225 1681 Πῶς
3255 1618 3315 1670 δέ
3352 1618 3798 1689 σωφρονισθείήσιιν

603 1729 738 1789 quot
771 1720 877 1774 hoc
911 1718 1119 1772 faciunt
1167 1716 1407 1787 aggressi
1458 1731 1526 1770 ex
1573 1715 1822 1785 professo
1872 1715 2174 1770 solitariam

2279 1704 2395 1773 οἵγε
2445 1709 2539 1760 καὶ
2589 1709 2716 1771 τοὺς
2775 1710 3191 1781 σωφρονοῦντας
3242 1711 3549 1778 γελῶντες;
3606 1713 3712 1776 Πῶς
3758 1714 3798 1767 δὲ

602 1814 795 1875 vitam,
832 1812 1022 1879 utique
1048 1826 1150 1865 suo
1170 1810 1277 1863 hoc
1295 1808 1506 1863 faciunt
1534 1808 1805 1877 periculo,
1837 1823 2006 1877 seque
2030 1808 2178 1862 ultro

2210 1801 2254 1856 Β
2281 1798 2629 1869 ἐλεγχόμενοι
2674 1799 2995 1866 παύσονται,
3046 1803 3163 1871 οἵγε
3209 1807 3308 1856 καὶ
3359 1804 3487 1866 τοὺς
3534 1803 3798 1872 ἐλέγχοντας

606 1905 840 1959 trudunt
874 1905 931 1959 in
962 1902 1360 1973 praecipitium,
1398 1900 1565 1953 iidem
1602 1900 1671 1953 ad
1710 1900 2011 1970 ingerenda
2044 1916 2177 1954 con-

2280 1891 2658 1963 διασύροντες;
2689 1895 2814 1958 Πῶς
2837 1895 2895 1949 δὲ
2922 1897 3013 1948 καὶ
3035 1898 3164 1959 τοὺς
3194 1896 3376 1959 θείους
3406 1898 3671 1966 χρησμοὺς
3691 1899 3797 1952 αἰδε-

603 1999 748 2052 vicia
768 1996 1276 2067 propensissimi,et
1292 1993 1679 2048 scandalorum
1697 2009 1799 2048 nec
1817 1992 2179 2049 mediocrium

2283 1982 2575 2049 σθῶσιν,οἴ
2594 2001 2656 2052 γε
2696 1984 2898 2054 μύθους
2928 1986 3125 2050 αὐτοὺς
3155 1986 3507 2056 νομίζουσιν;
3533 1988 3645 2051 Πῶς
3664 1988 3710 2040 δὲ
3728 1992 3796 2059 τὴν

604 2091 730 2145 miri
763 2090 1007 2159 opifices.
1065 2088 1270 2157 1051
1329 2086 1580 2156 Cumque
1622 2086 1677 2139 in
1724 2086 1971 2141 omnium
2004 2086 2182 2141 oculis

2281 2074 2461 2144 κρίσιν
2494 2074 2927 2147 φοϐηθήσονται,
2967 2078 3083 2146 οἵγε
3131 2078 3269 2147 μηδὲ
3322 2074 3465 2131 εἶναι
3519 2078 3701 2149 ταύτην
3737 2080 3795 2133 διὰ

606 2198 665 2237 se
687 2198 857 2250 usque
872 2180 1011 2234 adeo
1035 2186 1233 2250 gerant
1249 2177 1534 2240 indecore,
1567 2193 1672 2232 nec
1694 2178 1778 2231 vel
1805 2177 1884 2231 sic
1905 2177 2179 2230 tantillum

2280 2168 2390 2221 τῶν
2434 2167 2611 2241 ἔργων
2640 2170 3035 2239 κηρύττοντες;
3066 2171 3190 2233 Πῶς
3241 2171 3299 2223 δέ
3337 2170 3419 2240 τῷ
3468 2172 3674 2241 Χριστῷ
3713 2190 3796 2225 πει-

605 2269 1043 2339 suppudescunt.
1075 2265 1218 2331 Quid
1249 2281 1360 2318 non
1393 2265 1485 2319 isti
1516 2266 1811 2335 designent
1847 2266 2181 2337 ﬂagitiorum

2285 2262 2615 2332 σθήσονται,
2671 2265 2719 2315 οἱ
2773 2265 2848 2333 μὴ
2896 2263 3209 2334 βουλόμενοι
3256 2264 3361 2326 τὰς
3424 2264 3635 2327 ἐντολὰς
3678 2264 3794 2318 αὑτοῦ

606 2362 661 2415 in
682 2361 921 2419 occulto,
948 2369 1005 2414 et
1027 2375 1148 2428 quae
1170 2357 1455 2412 hominum
1482 2358 1672 2411 fallant
1693 2358 1943 2420 obtutus,
1962 2359 2182 2428 quando

2284 2359 2561 2427 κατέχειν,
2592 2358 2731 2412 ἀλλὰ
2759 2361 2874 2422 τοῖς
2912 2359 3120 2412 ἑαυτῶν
3153 2359 3282 2427 θελή
3295 2375 3432 2427 μασι
3465 2361 3789 2429 πορευόμενος

606 2452 660 2505 in
694 2460 985 2522 prospectu
1015 2449 1260 2502 omnium
1300 2448 1381 2502 sic
1406 2448 1759 2518 impudenter
1801 2464 1858 2504 se
1896 2449 2183 2503 venditant

2285 2446 2462 2518 Ὅπερ
2495 2447 2557 2499 οὐ
2603 2447 2767 2516 θέμις
2808 2449 2924 2509 τοῖς
2975 2447 3229 2501 εὐσεϐέσι
3276 2449 3641 2517 Χριστιανοίς.
3670 2449 3794 2501 Καλὸν

605 2554 662 2598 et
693 2541 1035 2613 gloriantur?
1098 2540 1344 2606 Quonam
1392 2548 1553 2608 pacto
1600 2539 1665 2593 ad
1717 2540 2075 2594 sobrietatem
2117 2555 2183 2595 ac

2282 2534 2374 2591 οὖν
2409 2540 2558 2591 ἐστιν
2581 2539 2986 2610 ἀπαυτομολεῖν
3018 2540 3111 2593 ἀπ’
3136 2541 3341 2596 αὐτῶν.
3377 2541 3545 2594 Τοῦτο
3571 2541 3668 2612 γάρ
3694 2544 3796 2595 ἐστιν

606 2636 733 2691 vita:
766 2634 1133 2704 frugalitatem
1162 2648 1219 2686 se
1254 2632 1549 2701 recipient.
1572 2632 1666 2700 qui
1699 2631 2047 2697 deridiculis,
2078 2648 2183 2687 nec

2283 2633 2579 2702 εὐάρεστον
2608 2631 2727 2701 Θεῷ
2754 2632 2847 2684 καὶ
2875 2632 3202 2703 ἀνθρώποις.
3238 2634 3306 2686 Ἠ
3329 2635 3441 2702 γὰρ
3472 2633 3568 2702 τῆς
3598 2634 3797 2701 γυναικὸς

606 2726 851 2782 ferendis
880 2724 1069 2779 sannis
1107 2724 1472 2793 proscindunt
1517 2739 1615 2777 eos
1664 2739 1804 2793 quos
1841 2725 2033 2779 vident
2074 2725 2181 2780 sibi

2283 2723 2405 2792 ὄψις
2438 2723 2593 2794 βέλος
2627 2724 2744 2775 ἐστὶ
2769 2726 3325 2795 πεφαρμακευμένον.
3350 2727 3594 2796 Ἐτρωσε
3619 2726 3702 2796 τὴν
3724 2727 3797 2795 ψυ-

608 2826 911 2888 temperate
946 2832 1008 2871 ac
1027 2816 1309 2870 moderate
1326 2816 1551 2871 vivere?
1568 2815 1706 2882 Qua,
1734 2833 1942 2885 quaeso,
1969 2818 2183 2874 ratione

2282 2814 2405 2885 χὴν,
2439 2815 2531 2868 καὶ
2568 2815 2658 2867 τὸν
2694 2815 2768 2868 ἰὸν
2801 2815 3119 2880 ἐναπέθετο,
3163 2815 3257 2869 καὶ
3295 2818 3408 2886 ὅσῳ
3450 2816 3685 2886 χρονίζει,
3713 2832 3798 2868 τοσ-

607 2926 798 2981 speres
823 2911 959 2964 istos
986 2908 1420 2977 interquieturos
1448 2916 1503 2961 et
1524 2908 1592 2962 ab
1631 2908 1987 2978 improbitate
2039 2910 2185 2965 desi-

2282 2907 2437 2960 οῦτον
2462 2907 2560 2977 τὴν
2594 2907 2757 2978 σῆψιν
2801 2907 3118 2978 ἐργάζεται’
3160 2909 3188 2961 ὁ
3220 2908 3278 2962 δὲ
3315 2909 3712 2977 φυλασσόμενος,
3727 2908 3798 2961 οὒκ

608 3013 786 3066 turos,
830 3001 925 3071 qui
953 3001 1256 3070 quamlibet
1282 3000 1638 3056 evidentibus
1677 3004 2019 3072 argumentis
2052 3019 2184 3059 con-

2284 3001 2500 3072 ἐμπέσῃ
2535 3002 2615 3063 εἰς
2645 2999 2834 3069 αὐτήν·
2868 3001 2963 3053 καὶ
2988 3000 3050 3053 οὐ
3094 2999 3168 3070 μὴ
3200 3000 3395 3072 τρωθῇ
3424 3002 3527 3054 ὑπὸ
3554 3001 3649 3053 τῶν
3675 3001 3799 3071 βελῶν

607 3093 764 3155 victi,
788 3092 990 3147 misere
1024 3100 1373 3160 concerpunt
1397 3108 1460 3146 ac
1482 3092 1764 3147 lancinant
1793 3109 1850 3149 se
1877 3110 2152 3165 coarguen
2171 3122 2185 3137 ο

2211 3135 2253 3194 C
2286 3092 2476 3163 αὐτῆς.
2510 3092 2719 3164 Ὥσπερ
2751 3092 2860 3163 γὰρ
2880 3092 2980 3162 τὴν
3011 3092 3109 3145 τοῦ
3149 3092 3351 3161 λύχνου
3385 3093 3635 3163 λαμπάδα
3656 3093 3798 3163 τρέφει

611 3185 730 3237 tes?
766 3183 872 3236 Aut
897 3198 1007 3252 quo
1044 3183 1267 3238 tandem
1291 3184 1457 3237 modo
1487 3183 1674 3237 divina
1709 3186 1931 3240 oracula
1958 3186 2185 3242 indubia

2214 3179 2253 3194 ν
2287 3182 2488 3246 ἔλαιον,
2517 3181 2660 3234 οὕτω
2698 3182 2791 3234 καὶ
2834 3180 2927 3233 τὸν
2954 3180 3055 3249 τῆς
3087 3179 3284 3251 ἡδονῆς
3330 3179 3541 3251 πυρσὸν
3577 3179 3799 3247 ἐξάπτειή

608 3273 717 3328 ﬁde
753 3274 841 3328 isti
882 3283 1240 3329 revereantur
1258 3283 1314 3329 et
1343 3275 1549 3329 habere
1570 3276 1781 3345 possint
1812 3278 2183 3342 venerationi,

2280 3272 2383 3342 τῆς
2412 3271 2672 3340 γυναικὸς
2699 3268 2980 3339 συντυχία’
3007 3270 3103 3321 καὶ
3123 3269 3322 3340 ὥσπερ
3352 3268 3581 3339 σπινθὴρ
3602 3269 3800 3337 χρονίοις

609 3367 703 3435 qui
750 3365 1059 3420 fabularum
1108 3367 1230 3421 loco
1297 3382 1454 3421 sacra
1490 3368 1697 3423 habent
1762 3369 2028 3439 eloquia?
2079 3370 2185 3437 Qui

2281 3363 2340 3416 ἐν
2368 3362 2591 3434 ἀχύροις
2621 3361 2767 3432 αἴρει
2809 3360 3005 3430 φλόγα,
3055 3359 3198 3412 οὕτω
3240 3362 3436 3431 μνήμη
3469 3361 3702 3428 γυναικὸς
3724 3376 3800 3411 πα-

608 3457 912 3510 etiamnum
963 3456 1237 3527 judicium
1284 3457 1421 3511 illud
1458 3457 1783 3525 formidant,
1836 3461 1931 3529 qui
1982 3461 2065 3515 vel
2100 3471 2184 3516 te-

2284 3454 2595 3524 ραμένουσα
2624 3451 2848 3518 ἐξάπτει
2888 3451 3203 3521 ἐπιθυμίαν·
3237 3451 3346 3504 καὶ
3385 3450 3572 3523 ῶσπερ
3604 3453 3648 3503 οἱ
3676 3467 3800 3520 πυρο-

608 3548 806 3603 nendis
857 3549 1118 3603 memoria
1152 3548 1247 3602 Dei
1299 3549 1615 3614 mandatis,
1652 3566 1780 3605 suas
1830 3566 2028 3620 operas
2075 3562 2185 3608 tam

2285 3546 2429 3598 δόλοι
2460 3544 2598 3597 λίθοι
2631 3546 2679 3596 ol
2711 3545 2770 3597 ἐν
2793 3542 2873 3613 τῷ
2902 3541 3209 3612 ἀνατολικῷ
3237 3542 3384 3612 ὄρει,
3423 3544 3452 3595 ὁ
3478 3544 3643 3612 ἄρρην
3666 3541 3800 3594 καὶτὸ

609 3641 914 3694 oscitanter
944 3641 1295 3695 commodant
1320 3682 1333 3705 ,
1364 3657 1464 3711 pro
1490 3643 1893 3699 consuetudine
1939 3660 2053 3699 suae
2087 3660 2182 3699 ex-

2284 3637 2445 3708 θῆλυ,
2471 3639 2528 3690 ἐν
2552 3630 2596 3705 ᾧ
2622 3639 2759 3690 εἰσιν
2791 3636 3012 3708 μακρὰν
3052 3637 3146 3690 ἀπ’
3179 3637 3455 3708 ἀλλήλων,
3484 3634 3697 3706 οὐδαμοῦ
3721 3632 3800 3702 πῦρ

610 3730 745 3799 legis
779 3730 904 3784 vita:
930 3730 1152 3784 interim
1177 3731 1619 3794 obambulantes,
1658 3731 1711 3787 id
1758 3734 1906 3803 quod
1951 3750 2054 3790 nec
2096 3735 2179 3791 fas

2286 3730 2453 3781 καίει’
2502 3729 2598 3781 ἐὰν
2632 3726 2690 3781 δέ
2718 3727 2915 3800 ἐγγίσῃ
2947 3727 3026 3798 τῷ
3057 3729 3251 3800 ἄρρενι
3282 3730 3319 3798 ἡ
3361 3728 3528 3797 θῆλυς
3556 3729 3798 3780 avdacem

610 3822 709 3875 ulli
735 3821 1051 3878 Christiano
1081 3863 1095 3886 ,
1133 3823 1259 3891 pius
1306 3823 1402 3891 qui
1451 3824 1543 3877 sit.
1601 3823 1897 3894 Egregium
1946 3826 2178 3895 proinde

2285 3820 2420 3891 πῦρ,
2442 3820 2531 3873 καὶ
2564 3819 2855 3892 ἐμπυρίζει
2885 3819 3084 3874 πάντα·
3116 3818 3261 3872 οὕτω
3291 3819 3389 3874 καὶ
3421 3821 3480 3873 τὸ
3510 3819 3703 3888 λογικὸν
3730 3819 3795 3888 tip-

609 3910 796 3973 fuerit,
824 3927 855 3966 a
904 3911 1194 3966 mulierum
1224 3928 1524 3982 congressu
1550 3913 1598 3967 si
1643 3928 1745 3967 nos
1767 3913 1915 3982 ipsos
1946 3917 2178 3971 amolie-
2286 3911 2566 3985 ῥενόθηλυ.

610 4021 735 4060 mur
764 4020 927 4074 quam
953 4004 1294 4074 longissime.
1342 4004 1459 4059 Hoc
1520 4004 1669 4059 enim
1713 4005 1826 4060 Deo
1890 4021 2016 4061 cum
2060 4010 2254 4078 primis
2290 4008 2625 4081 gratiosum,
2678 4014 2737 4059 et
2779 4004 3105 4059 hominibus
3133 4020 3399 4076 perquam
3424 4006 3661 4062 amabile.
3711 4006 3795 4075 Ipse

609 4103 759 4156 enim
783 4101 868 4155 vel
897 4109 1154 4169 aspectus
1178 4100 1430 4154 mulieris
1450 4099 1623 4154 telum
1664 4111 1749 4155 est
1791 4115 2010 4157 veneno
2037 4103 2228 4159 lethali
2268 4107 2448 4160 litum.
2476 4103 2546 4159 Ut
2568 4102 2807 4172 primum
2860 4101 3062 4155 vulnus
3089 4100 3259 4155 alIixit
3291 4102 3508 4166 animae,
3550 4117 3609 4159 ac
3645 4103 3794 4156 misere

609 4194 881 4251 sauciavit
908 4195 1270 4263 impressione
1288 4196 1521 4265 sagittae,
1574 4207 1783 4265 quanto
1844 4196 2254 4256 diuturniorem
2292 4198 2515 4255 conficit
2542 4214 2772 4261 moram,
2799 4204 2952 4250 tanto
2982 4196 3441 4265 periculosiorem
3469 4198 3793 4268 putrilaginem

612 4287 666 4340 in
691 4303 753 4340 ea
777 4295 1058 4355 cperatur.
1114 4284 1217 4351 Qui
1249 4295 1435 4339 autem
1471 4285 1805 4341 vitabundus
1836 4302 1895 4341 se
1925 4302 1957 4341 a
1983 4288 2232 4344 mulieris
2258 4289 2550 4343 submovet
2577 4288 2859 4343 consortio
2880 4328 2894 4352 ,
2956 4287 3005 4342 is
3058 4304 3172 4342 non
3238 4288 3403 4343 facile
3436 4290 3489 4344 id
3551 4288 3796 4343 incurrerit

612 4379 866 4449 periculi,
900 4393 1082 4447 neque
1118 4378 1227 4431 telo
1254 4378 1498 4431 inulieris
1527 4378 1749 4431 saucius
1775 4378 2072 4448 aliquando
2106 4380 2381 4436 concidet.
2415 4378 2889 4446 Quemadmodum
2920 4380 3069 4433 enim
3112 4380 3467 4448 splendorem
3497 4383 3709 4436 lucernaa
3726 4377 3795 4433 alit

610 4475 817 4536 oleum,
850 4472 929 4526 sic
949 4472 1361 4540 etcolloquium
1386 4471 1636 4526 mulieris
1667 4473 1849 4541 ignem
1912 4473 2266 4553 redaccendit
2292 4475 2612 4544 voluptatis.
2634 4473 2833 4542 Utique
2876 4474 3149 4539 scintilla,
3187 4473 3404 4529 diutius
3446 4476 3489 4529 si
3529 4476 3795 4528 immoretnr

606 4565 992 4620 adhaerescens
1011 4564 1205 4633 paleis,
1238 4564 1478 4632 erumpit
1510 4564 1564 4618 in
1596 4564 1871 4620 ﬂammam
1908 4584 1921 4620 :
1959 4568 2038 4622 sic
2074 4568 2347 4623 memoria
2379 4569 2691 4639 cuiuspiam
2733 4567 3101 4634 muliercula,
3152 4568 3197 4622 si
3233 4570 3321 4623 vel
3364 4571 3630 4624 tantillum
3652 4569 3792 4628 duret,

611 4661 929 4715 incendium
965 4658 1166 4714 excitat
1194 4660 1678 4729 concupiscentiae.
1713 4661 1869 4717 Sicut
1907 4663 2039 4718 item
2070 4664 2285 4734 lapides
2307 4665 2384 4719 illi
2410 4664 2465 4717 in
2489 4672 2677 4718 monte
2720 4663 2893 4718 anm
2918 4663 3135 4733 plagam
3173 4664 3504 4734 respiciente
3524 4705 3539 4728 ,
3572 4682 3601 4718 e
3626 4662 3793 4717 venulis

607 4755 726 4809 suis
789 4754 979 4808 attritu
1015 4761 1113 4808 aut
1143 4754 1502 4823 contiguitate
1532 4756 2114 4827 ejaculanturignem:
2142 4759 2216 4814 ita
2242 4775 2359 4813 mas
2385 4769 2443 4813 et
2471 4758 2672 4813 femina
2694 4758 2738 4812 si
2786 4758 2856 4812 ab
2902 4758 3137 4813 invicem
3177 4760 3443 4815 semotius
3472 4760 3791 4830 disparentnr,

611 4846 933 4915 neutiquam
987 4844 1309 4900 exardescet
1342 4845 1482 4915 ignis
1524 4847 1649 4903 :sin
1688 4849 1827 4903 mari
1862 4864 1922 4904 se
1964 4848 2166 4905 femina
2234 4850 2463 4919 propius
2504 4848 2829 4912 admoverit,
2867 4848 3011 4918 ignis
3073 4848 3464 4920 contlagrabit,
3515 4860 3665 4918 atque
3700 4847 3792 4901 uni-

610 4955 765 4995 versa
816 4938 1073 5007 depascet
1125 4937 1400 4994 incendio.
1458 4937 1540 4993 Ad
1577 4955 1703 4995 eum
1730 4941 1953 4996 modum
1986 4957 2043 4996 se
2082 4942 2249 4998 habet
2277 4941 2480 4995 animal
2523 4940 2658 4994 illud
2689 4940 2983 5005 rationale,
3031 4941 3139 5005 vir,
3180 4940 3275 4996 sed
3299 4940 3649 4995 eﬂeminatus.

682 5031 976 5098 Fugiamus
1004 5029 1187 5097 itaque
1227 5029 1586 5097 (charissimi)
1614 5031 1835 5085 illarum
1870 5031 2172 5097 consortia,
2209 5036 2250 5089 D

2209 5036 2250 5089 D
2350 5030 2614 5099 Φύγωμεν
2670 5024 2763 5083 οὖν
2811 5030 2906 5083 ἀπ’
2945 5028 3144 5093 αὐτῶν,
3176 5029 3469 5099 ἀγαπητοὶ,
3499 5029 3575 5080 ὅτι
3603 5027 3789 5095 δηλητή-

610 5129 740 5175 sunt
790 5118 936 5171 enim
985 5118 1133 5172 aliud
1164 5118 1303 5172 nihil
1333 5120 1453 5174 viro
1489 5135 1652 5189 quam
1686 5121 1841 5175 virus
1882 5131 2176 5191 praesenta-

2283 5138 2401 5192 ριον
2432 5121 2770 5191 ὑπάρχουσιν
2803 5122 2861 5174 αἱ
2892 5120 3071 5173 αὐτῶν
3121 5120 3435 5190 συντυχίαι,
3463 5121 3551 5174 καὶ
3594 5117 3789 5188 εὖχερῶς

611 5222 797 5269 neum,
823 5214 883 5258 ut
905 5222 1025 5274 qua:
1053 5209 1261 5262 animas
1287 5217 1502 5263 nostras
1536 5210 1855 5279 procliviter
1879 5210 2173 5265 admodum

2280 5212 2577 5282 άγρεὺουσι
2606 5213 2703 5275 τὰς
2726 5212 2905 5283 ψυχὰς
2933 5213 3106 5283 ἡμῶν.
3154 5213 3495 5283 Ἀκούσωμεν
3514 5208 3599 5264 οὖν
3628 5212 3673 5263 τί
3693 5209 3788 5278 περὶ

608 5298 727 5352 suis
754 5297 1007 5351 irretiant
1028 5297 1238 5367 pedicis
1261 5339 1274 5363 ,
1301 5314 1399 5353 ceu
1439 5299 1614 5370 plagis
1642 5300 1928 5354 venaticis.
1980 5284 2188 5354 Audia-l

2186 5284 2188 5289 λ
2280 5300 2461 5355 αὐτῶν
2493 5304 2581 5355 καί
2622 5305 2655 5373 ή
2685 5303 2803 5356 θεία
2840 5302 3030 5373 Γραφὴ
3071 5303 3397 5374 διαγορεύει.
3432 5303 3635 5373 Πρῶτος
3659 5301 3786 5351 ὁΠα-

612 5403 734 5442 mus
766 5388 984 5441 interim
1021 5389 1152 5457 quid
1186 5388 1254 5443 de
1301 5389 1506 5444 eisdem
1546 5390 1731 5444 divina
1780 5390 1973 5460 jubeat
2021 5389 2174 5445 Scri-

2280 5393 2608 5464 ροιμιαστής
2639 5410 2824 5464 φησιν·
2860 5412 2877 5444 ι
2922 5394 3055 5446 Ἀπὸ
3094 5393 3349 5462 γυναικὸς
3375 5394 3510 5464 ἀρχὴ
3536 5389 3783 5461 ἁμαρτίας,

610 5490 793 5549 ptura.
853 5480 1069 5534 Primus
1121 5480 1175 5534 in
1240 5496 1421 5536 aream
1462 5482 1692 5551 prodeat
1746 5482 2175 5537 Parmmiastes:

2278 5488 2373 5539 καὶ
2402 5485 2473 5538 δι’
2503 5485 2673 5554 αὐτῆς
2710 5484 3132 5555 ἀποθνήσκομεν
3159 5485 3375 5548 πάντες.
3414 5505 3433 5537 ι
3463 5485 3565 5538 Καὶ
3596 5480 3782 5546 ἐπάγει·

617 5590 637 5621 ι
661 5570 967 5625 Amuliere
1003 5571 1335 5641 principium
1362 5574 1575 5642 peccati
1606 5613 1620 5632 .
1658 5582 1714 5628 et
1760 5588 1859 5643 per
1892 5589 2011 5627 eam
2060 5588 2178 5627 mo-

2284 5593 2303 5626 ι
2346 5576 2438 5646 Μὴ
2466 5574 2573 5645 δῷς
2603 5575 2753 5629 ὕδατι
2784 5574 2983 5639 ἔξοδον,
3014 5576 3109 5627 καὶ
3141 5578 3358 5643 γυναικὶ
3387 5576 3583 5644 πονηρᾷ
3607 5574 3782 5642 παρρη·

609 5662 784 5715 rimur
818 5676 1012 5717 omnes
1044 5662 1083 5716 α.
1116 5680 1134 5712 ι
1174 5662 1390 5718 inducit
1420 5682 1433 5717 :
1473 5684 1489 5715 ι
1523 5665 1600 5719 Ne
1634 5665 1734 5720 des
1761 5680 1915 5734 aqua:
1941 5665 2173 5732 exitum,

2278 5667 2420 5721 σίαν.
2453 5686 2470 5719 ι
2509 5666 2638 5720 Καῐ’
2670 5685 2689 5719 ι
2721 5665 2813 5736 Μὴ
2851 5667 3169 5737 προσπέσῃς
3195 5668 3287 5720 ἐπὶ
3302 5666 3489 5731 κάλλος
3517 5662 3774 5734 γυναικός.»

675 5757 699 5790 ⁸
724 5758 893 5815 Eccli.
920 5775 1042 5826 xxv,
1067 5759 1156 5816 53.
2520 5766 2525 5769 ·
