4052 6542
230 379 367 447 1481
493 297 516 339 ο

658 388 991 448 HOMILIA
1031 388 1300 451 XVII.—
1343 387 1441 447 DE
1476 381 1774 444 ABSTIN.
1814 382 1861 439 A
1898 381 2328 455 COLLOQUIO
2366 388 2525 449 CUM
2564 388 3069 452 MULIERIBUS.

3363 391 3499 456 1482

229 502 344 558 Καί
368 520 381 535 ’
426 523 444 555 r
483 505 719 571 γυναῖκα
766 505 843 577 μὴ
866 505 1247 578 ἐπιθυμήσῃς.
1284 524 1303 556 ι
1340 503 1450 557 Καὶ
1476 501 1641 555 πάλιν
1666 515 1678 527 ·
1719 518 1736 550 ι
1769 498 1817 551 οί

1919 506 1976 552 et
2013 499 2234 554 mulieri
2265 501 2422 556 mala:
2449 500 2711 563 ﬁduciam
2740 502 3003 573 loquendi
3030 502 3326 560 adversum
3353 509 3438 562 ιε’
3461 530 3494 560 .›

224 594 505 666 ὀφθαλμοί
549 613 645 651 σου
700 597 838 668 ὀρθὰ
888 598 1262 669 βλεπέτωσαν,
1306 598 1390 652 ὅτι
1437 595 1670 650 ἐνώπιόν
1709 593 1818 645 είσι

224 684 343 738 τῶν
389 684 485 738 τοῦ
542 685 680 740 Θεοῦ
723 687 1024 757 ὀφθαλμῶν
1054 688 1168 743 ὁδοὶ
1213 686 1427 757 ἀνδρός.
1476 682 1673 753 Ὀρθὰς
1702 698 1821 755 τρο-

227 777 361 845 χιὰς
385 777 614 847 ποίησον
636 779 749 842 σοῖς
773 778 922 833 ποσί·
950 778 1025 850 μὴ
1048 778 1304 850 ἐκκλίνῃς
1331 780 1411 841 είς
1428 777 1498 829 τὰ
1517 775 1685 841 δεξιὰ,
1711 791 1818 843 μη-

225 867 287 922 δὲ
329 871 410 934 είς
438 869 508 923 τά
544 871 834 942 ἀριστερά.
875 871 1246 944 Ἀπόστρεψον
1270 871 1362 924 τὸν
1392 869 1530 923 πόδα
1560 870 1670 922 ἀπὸ
1695 865 1816 921 ὁδοῦ

227 963 434 1033 κακῆς.
475 983 494 1017 ι
528 964 642 1019 Καὶ
689 965 891 1020 πάλινο
928 984 947 1015 ι
978 965 1073 1019 Υίέ
1127 965 1201 1035 μή
1249 981 1309 1017 σε
1347 964 1546 1033 νικήσῃ
1585 958 1818 1021 κάλλους

226 1055 522 1127 ἐπιθυμία·
556 1058 695 1129 μηδέ
727 1057 1010 1130 ἀγρευθῇς
1041 1061 1153 1122 σοῖς
1177 1058 1500 1128 ὀφθαλμοῖς,
1537 1054 1671 1126 μηδὲ
1703 1070 1818 1106 συν-

225 1151 492 1221 αρπαγῇς
547 1152 663 1211 σοῖς
718 1150 1035 1222 βλεφάροις,
1057 1151 1140 1204 ὅτι
1177 1150 1338 1219 γυνὴ,
1370 1148 1580 1220 ἀνδρῶν
1616 1145 1819 1217 τιμίων

224 1239 409 1311 ψυχὰς
430 1241 678 1312 ἀγρεύει.
711 1242 899 1315 Πλανᾷ
931 1244 1040 1314 γὰρ
1063 1243 1155 1298 τὸν
1180 1243 1469 1313 ἄνθρωπον
1496 1241 1667 1312 πολλὴ
1698 1242 1818 1311 ὁμι-

225 1332 346 1396 λία,
385 1333 601 1405 βρόχοις
638 1353 698 1389 τε
730 1339 848 1400 τοῖς
879 1337 989 1391 ἀπὸ
1024 1337 1246 1408 χειλέων
1289 1335 1580 1404 ἐξώκειλεν
1628 1334 1813 1389 αὑτὸν.

239 1426 305 1479 ’0
337 1427 395 1481 δὲ
438 1428 888 1499 ἐπηκολούθησεν
920 1432 1083 1501 αὐτῇ,
1119 1430 1434 1499 κεπφωθεὶς
1460 1429 1651 1499 ῶσπερ
1689 1428 1816 1500 βοῦς

225 1520 331 1573 ἐπὶ
365 1525 582 1591 σφαγὴν
624 1520 840 1588 ἄγεται,
888 1523 982 1575 καὶ
1028 1521 1217 1592 ὥσπερ
1249 1520 1396 1574 κύων
1426 1521 1520 1573 ἐπὶ
1554 1518 1812 1588 δεσμοὺς,

224 1611 333 1664 ούκ
363 1609 522 1671 είδὼς
549 1610 631 1664 ὅτι
658 1612 788 1682 περὶ
828 1611 1008 1682 ψυχῆς
1031 1611 1241 1682 τρέχει.
1273 1611 1364 1681 Μὴ
1394 1606 1488 1665 οὖν
1511 1609 1815 1664 ἐκκλινάτω
1859 1668 1862 1670 ν

224 1701 312 1763 είς
342 1699 440 1763 τὰς
465 1700 619 1763 ὁδοὺς
641 1700 814 1769 αὐτῆς
842 1702 875 1771 ἡ
905 1700 1105 1772 καρδία
1132 1717 1249 1754 σου·
1286 1700 1513 1764 πολλοὺς
1540 1699 1650 1772 γὰρ
1679 1697 1816 1773 τρὼο

226 1807 378 1844 σασα
404 1790 692 1845 κατέϐαλε.
736 1792 847 1845 Kal
891 1790 1262 1861 ἀναρίθμητοί
1302 1792 1464 1856 είσιν,
1497 1790 1591 1863 οὓς
1636 1791 1813 1859 πεφό-

225 1899 444 1937 νευκεν·
468 1882 578 1936 ὁδοὶ
607 1882 716 1952 γὰρ
747 1881 874 1953 ᾅδου
908 1883 937 1935 6
965 1877 1114 1945 οἶκος
1141 1880 1337 1951 αὐτῆς,
1367 1882 1706 1951 κατάγουσαι
1735 1883 1814 1946 είς

221 1976 456 2047 ταμιεῖα
485 1972 743 2028 θανάτου.
788 1992 806 2027 ι
846 1973 1035 2029 Ταῦτα
1087 1973 1187 2045 μὲν
1227 1975 1256 2026 ὁ
1284 1972 1556 2044 Σολομῶν.
1590 1974 1716 2038 Πῶς
1754 1974 1815 2028 δὲ

224 2067 327 2120 καὶ
354 2068 389 2137 ὴ
413 2066 687 2135 Αἰγυπτία
714 2084 731 2132 ;
780 2066 816 2136 ἢ
856 2065 958 2134 τὴν
989 2066 1204 2137 μορφὴν
1247 2064 1342 2119 τοῦ
1384 2066 1585 2138 Ἰωσὴφ
1609 2065 1816 2120 ἐπεπό-

223 2158 366 2231 θησε
394 2158 601 2231 σαρκὸς
634 2158 809 2229 πόθῳ,
841 2158 937 2211 τοῦ
969 2157 1125 2222 ὄντος
1164 2158 1501 2229 σεμνοτάτου
1524 2176 1539 2191 ·
1570 2160 1663 2212 καί¹
1692 2159 1815 2213 τού-

225 2266 328 2304 του
360 2249 435 2321 μὴ
464 2249 877 2313 ἐπινεύσαντος,
932 2250 1013 2313 είς
1058 2247 1267 2318 θλίψεις
1313 2250 1410 2303 καὶ
1452 2250 1814 2320 στενοχωρίας

224 2342 321 2395 διὰ
368 2343 467 2414 τῆς
502 2342 874 2413 ψευδηγορίας
922 2340 1016 2394 τὸν
1062 2340 1267 2411 εὐσεϐῆ
1310 2341 1663 2415 περιέπειρεν
1708 2340 1813 2405 ἕως

227 2434 490 2489 Θανάτου.
539 2434 724 2506 Ὁρᾷς,
765 2435 847 2487 ὅτι
877 2436 906 2488 6
942 2433 1328 2504 ἐντελεχισμδς
1362 2434 1564 2506 σαρκὸς
1592 2435 1689 2504 τῆς
1722 2436 1816 2487 Αί-

228 2528 470 2597 γυπτίας
505 2528 679 2597 πόσην
729 2526 1140 2599 κατειργάσατο
1189 2526 1284 2580 τοῦ
1337 2527 1547 2580 δικαίου
1602 2526 1811 2596 θλίψινς

224 2622 332 2674 Διά
378 2619 537 2673 τοῦτο
588 2616 685 2672 οὖν
743 2620 880 2672 πᾶσι
934 2620 1158 2691 τρόποις
1188 2621 1465 2690 συμφέρον
1497 2621 1627 2690 ⁴ημῖν
1666 2620 1815 2673 ἐστιν

226 2713 539 2782 ἀπέχεσθαι
569 2711 665 2764 ἀπ’
692 2711 896 2766 αὐτῶν.
924 2712 997 2764 Ού
1039 2713 1147 2784 γὰρ
1180 2711 1361 2781 ἔχουσι
1394 2712 1731 2766 λυσιτέλειαν
1756 2712 1815 2766 αί

223 2807 416 2861 αὐτῶν
448 2806 727 2876 συντυχίαι
752 2809 865 2867 τοῖς
900 2806 1147 2860 θέλουσιν
1181 2807 1238 2859 ἐν
1266 2804 1495 2875 ἀληθείᾳ
1516 2804 1614 2874 τὴν
1644 2805 1814 2874 ὀσφὺν

226 2896 670 2969 περιζώσασθαι.
704 2897 818 2951 Ούκ
844 2898 1083 2968 ἤκουσας
1123 2897 1252 2967 περὶ
1293 2896 1383 2949 τοῦ
1418 2894 1658 2965 Σαμψὼν
1702 2896 1815 2948 Να-

226 2993 500 3067 ζωραίου,
530 2994 651 3065 μεθ’
685 2987 747 3049 οὗ
777 2993 838 3045 τὸ
874 2993 1099 3064 Πνεῦμα
1128 2991 1221 3047 τοῦ
1252 2992 1464 3063 Κυρίου
1489 2993 1811 3065 ἐπορεύετο;

225 3087 331 3138 καὶ
366 3086 458 3139 τὸν
498 3084 743 3140 τοιοῦτον
795 3084 951 3153 ἅγιον
1007 3086 1040 3153 ἡ
1088 3084 1225 3153 γυνὴ
1285 3083 1534 3137 ἀπώλεσε
1583 3083 1670 3138 διὰ
1714 3084 1815 3152 τῆς

1844 1836 1892 1895 Β

1920 591 1990 645 Et
2021 608 2035 644 :
2073 610 2091 643 ι
2121 592 2202 648 Ne
2249 593 2545 664 impegeris
2587 595 2643 650 in
2680 595 3157 665 pulchritudinem
3206 597 3496 655 mulieris.

1918 692 1975 738 et
2000 684 2287 739 mulierem
2322 700 2394 740 ne
2435 685 2799 756 concupiscas
2816 689 2860 742 ⁸.
2901 706 2920 739 ι
2975 688 3230 743 Rursus:
3285 707 3305 741 ‹
3340 688 3495 746 Oculi
3608 699 3615 703 ‘

1922 777 2000 832 tui
2027 786 2180 834 recta
2208 777 2459 845 videant,
2487 782 2617 850 quia
2648 796 2837 835 coram
2868 781 3047 837 oculis
3074 780 3171 836 Dei
3193 781 3296 837 viae
3319 782 3495 837 homi-

1918 869 2008 924 nis
2037 878 2199 937 sunt;
2247 882 2427 927 rectas
2466 872 2678 928 orbitas
2716 871 2885 931 facito
2910 873 3147 943 pedibus
3192 872 3338 941 tuis;
3386 890 3495 929 non

1919 960 2230 1018 declinabis
2280 963 2349 1019 ad
2406 963 2713 1028 dexteram,
2772 980 2957 1035 neque
3034 965 3101 1021 ad
3171 966 3493 1020 sinistram:

1918 1062 2108 1110 averte
2160 1054 2359 1125 pedem
2406 1062 2563 1109 tuum
2622 1070 2655 1109 a
2709 1055 2797 1109 via
2852 1056 2994 1109 mala
3021 1056 3062 1109 9.
3111 1074 3130 1107 ι
3194 1056 3431 1111 Rursum
3479 1073 3495 1109 :

1918 1146 2043 1210 Fili,
2098 1163 2168 1201 ne
2224 1155 2278 1202 te
2317 1155 2548 1218 superet
2588 1146 2947 1215 pulchritudo
3006 1148 3494 1218 concupiscentiae,

1917 1251 2059 1293 neve
2108 1237 2349 1308 capiaris
2392 1237 2621 1308 pupillis
2678 1237 2827 1303 tuis,
2870 1237 3000 1308 quia
3043 1239 3248 1294 mulier
3285 1239 3497 1294 animas

1916 1336 2155 1382 venatur
2177 1329 2423 1382 virorum
2457 1328 2910 1393 honorabilium.,
2928 1328 3195 1399 Implanat
3215 1329 3496 1385 hominem

1916 1420 2090 1475 multa
2145 1419 2562 1485 collocutione,
2602 1430 2660 1475 ct
2716 1421 2930 1492 laqueis
2980 1423 3257 1477 labiorum
3314 1423 3496 1478 illexit

1915 1526 2043 1566 eum
2101 1520 2158 1566 et
2218 1512 2478 1567 irrctivit.
2528 1513 2740 1582 1052
2795 1513 2892 1567 Ille
2929 1521 3115 1568 autem
3146 1522 3372 1568 secutus
3409 1520 3496 1567 est

1915 1617 2059 1669 eam,
2081 1602 2371 1673 deceptus,
2400 1602 2558 1671 quasi
2595 1603 2696 1656 bos
2725 1601 2819 1673 qui
2851 1603 3073 1657 ducitur
3097 1602 3167 1657 ad
3188 1601 3491 1666 victimam,

1914 1705 1971 1752 et
1993 1697 2150 1768 quasi
2181 1696 2338 1751 cauis
2362 1696 2431 1751 ad
2456 1696 2705 1761 vincula,
2730 1696 2986 1751 nesciens
3012 1696 3147 1765 quia
3177 1710 3281 1766 pro
3312 1695 3495 1749 anima

1918 1789 2120 1843 currit.
2176 1787 2257 1843 Ne
2290 1787 2461 1859 igitur
2492 1787 2738 1842 declinet
2771 1786 2827 1841 in
2856 1787 2975 1841 vias
3000 1787 3151 1842 illius
3176 1802 3276 1841 cor
3314 1795 3492 1842 tuum.

1918 1878 2120 1933 Multos
2150 1877 2300 1933 enim
2350 1886 2643 1947 postquam
2681 1877 3018 1943 vulneravit,
3047 1879 3251 1950 dejecit
3278 1896 3293 1934 :
3328 1889 3383 1934 et
3412 1879 3498 1933 in-

1914 1970 2290 2027 numerabiles
2319 1979 2450 2025 sunt
2473 1986 2616 2040 quos
2645 1969 2943 2025 interfecit.
2993 1971 3102 2026 Via:
3128 1972 3276 2026 enim
3305 1972 3492 2036 inferi.

1914 2064 2114 2119 domus
2148 2064 2269 2134 ejus
2294 2063 2635 2119 deducentes
2658 2060 2714 2116 in
2740 2062 3121 2132 promptuaria
3142 2064 3339 2120 mortis
3360 2065 3425 2119 ὀ.
3469 2084 3487 2117 ι

1914 2155 1984 2210 Ει
2010 2154 2129 2209 haec
2156 2153 2380 2224 quidem
2421 2152 2701 2207 Salomon.
2756 2152 2864 2207 Sed
2891 2154 3067 2224 quid?
3091 2154 3353 2225 Nunquid
3382 2170 3494 2210 non

1914 2244 2167 2316 Egyptia
2199 2243 2314 2305 illa.
2345 2242 2550 2312 Joseph
2591 2242 2914 2312 concupivit
2942 2242 3153 2312 perfrui
3180 2243 3496 2313 pulchritu-

1915 2338 2067 2403 dine,
2097 2336 2308 2392 carnali
2346 2334 2629 2390 desiderio
2660 2335 3062 2401 exardesccns,
3103 2352 3228 2391 cum
3275 2336 3368 2392 ille
3401 2353 3495 2392 ca-

1915 2430 2192 2485 stissimus
2236 2428 2424 2483 esset?
2468 2426 2606 2482 Cum
2659 2425 2950 2481 abnuisset
2979 2426 3249 2481 adultera:
3274 2427 3496 2496 eXplcre

1916 2520 2446 2591 concupiscentiam,
2483 2519 2839 2574 tribulatione
2866 2533 2932 2574 ac
2962 2518 3252 2589 multijuga
3300 2534 3497 2574 neces-
3599 2570 3607 2577 .

1916 2614 2079 2669 sitate
2102 2628 2201 2682 per
2226 2611 2564 2666 delationem
2589 2610 2880 2664 mendacio
2906 2610 3312 2675 adumbratam,
3344 2611 3495 2680 pium

1918 2702 2071 2758 illum
2093 2717 2156 2756 ea
2182 2700 2455 2757 transﬁxit
2478 2710 2533 2755 et
2565 2702 2719 2755 velut
2750 2701 3112 2766 insubulavit,
3136 2702 3299 2772 plane
3324 2713 3497 2772 usque

1917 2797 1985 2849 ad
2012 2802 2245 2849 mortem
2278 2837 2291 2848 .
2324 2794 2468 2850 Num
2497 2793 2691 2849 vides:
2718 2809 2850 2863 vaga
2881 2794 2971 2849 illa
3000 2809 3103 2849 nec
3142 2809 3328 2850 secum
3364 2810 3500 2850 con-

1916 2891 2122 2946 sistens
2162 2890 2339 2945 motio
2394 2890 2579 2945 carnis
2629 2889 2895 2961 Egyptian
2953 2898 3216 2960 quantam
3283 2890 3497 2960 peperi:

1911 2984 2064 3055 justo
2097 2983 2556 3038 tribulationem?
2583 2983 2679 3037 Vel
2709 2980 2790 3036 οι)¹
2812 2982 2915 3037 hoc
2946 2998 3078 3036 sane
3105 2982 3283 3037 modis
3315 2982 3501 3036 omni-

1918 3075 2022 3131 bus
2052 3075 2325 3146 profuerit
2366 3074 2438 3129 ab
2478 3074 2754 3146 ejusmodi
2805 3082 2864 3129 ut
2896 3075 3296 3130 abstineamus.
3348 3074 3494 3129 Nihil:

226 3176 520 3246 μοχθηρᾶς
574 3173 816 3245 σαρκὸς,
871 3174 965 3226 καὶ
1017 3172 1281 3243 ἀθεμίτου
1339 3173 1656 3243 ἐπιθυμίας.
1716 3174 1812 3227 Διά

1919 3168 2065 3223 enim
2098 3166 2339 3223 afferunt
2371 3166 2653 3222 commodi
2685 3166 2882 3221 harum
2924 3176 3132 3221 mutuae
3173 3164 3465 3223 confabula

220 3266 394 3319 ’τοῦτο
424 3265 530 3318 οὐδ’
562 3264 698 3327 ὅλως
730 3263 1163 3334 ἐπιτρεπόμεθα,
1198 3262 1337 3332 μετὰ
1391 3265 1650 3330 γυναικὸς
1681 3268 1814 3318 καθ-

233 3360 380 3423 ίσαι,
417 3360 450 3429 ἢ
494 3359 639 3429 ἔχειν
693 3357 1007 3428 συντυχίας,
1058 3356 1121 3409 τὸ
1157 3356 1395 3410 σύνολον.
1444 3356 1677 3427 ⁹(Ἱμοίως
1722 3360 1816 3411 καὶ

227 3451 364 3522 περὶ
394 3451 488 3503 τοῦ
516 3448 679 3502 Δαυῖδ
710 3450 770 3501 ού
806 3447 1194 3511 πεπαίδευσαι,
1222 3447 1281 3501 ὃν
1307 3448 1401 3500 καὶ
1428 3443 1588 3519 εὗρεν
1608 3448 1639 3499 ὁ
1683 3449 1814 3512 Θεὸς

226 3543 403 3614 ἄνδρα
437 3542 581 3595 κατὰ
607 3542 706 3609 τὴν
748 3539 979 3610 καρδίαν
1007 3538 1174 3591 αύτοῦ
1203 3555 1218 3603 ;
1256 3538 1379 3602 Πῶς
1413 3541 1593 3609 μορφῇ
1629 3556 1817 3606 γυναι-

225 3639 351 3701 κὸς,
385 3636 530 3705 λέγω
556 3635 613 3688 δὲ
640 3634 738 3704 τῆς
770 3630 1069 3704 Βερσαϐεὲ,
1104 3629 1475 3702 ἐπιθυμήσας,
1501 3631 1688 3694 πόσοις
1718 3648 1816 3683 κα-

224 3734 354 3794 κοῖς
407 3728 743 3798 περιέπεσε;
791 3727 1002 3797 ταύτην
1046 3723 1155 3794 γὰρ
1189 3722 1312 3777 ἰδὼν
1348 3726 1376 3776 6
1404 3723 1556 3790 ἅγιος
1601 3723 1816 3793 ἀληθῶς

220 3821 571 3893 λουομένην,
611 3819 669 3871 ἐν
701 3816 969 3886 ἐπιθυμίᾳ
1005 3814 1106 3885 τῆς
1146 3808 1361 3884 μορφῆς
1386 3812 1558 3882 αὐτῆς
1586 3814 1815 3883 γενόμε-

223 3932 347 3980 νος,
398 3913 574 3983 πόσην
624 3909 826 3965 κακίαν
853 3910 881 3960 6
911 3906 1301 3977 παμμέγιστος
1352 3905 1493 3975 ἀνὴρ
1524 3904 1816 3975 κατειργά-

223 4021 406 4070 cura;
466 4004 578 4057 Kal
627 4003 878 4073 ἥμαρτεν
928 4000 1009 4062 εἰς
1041 3997 1177 4051 Θεὸν
1214 3996 1276 4050 ού
1314 3995 1477 4066 μόνον
1515 3998 1581 4066 τῇ
1629 3996 1819 4067 μοιχία

225 4094 579 4169 περιπεσὼν,
610 4093 749 4147 ἀλλά
783 4091 876 4145 καί⁵
917 4090 1009 4143 τὸν
1046 4088 1213 4159 ἄνδρα
1243 4087 1420 4157 αὐτῆς
1461 4087 1817 4157 ἀναιρεθῆναι

224 4188 519 4250 κελεύσας·
549 4187 681 4256 ὁρᾷς
717 4184 894 4254 πόσην
922 4179 1375 4252 δραματουργίαν
1412 4178 1612 4242 κακίας
1639 4179 1819 4231 ἐτελε-

227 4280 536 4351 σιούργησε
599 4278 688 4330 διὰ
743 4276 844 4347 τὴν
902 4272 1199 4343 ἐπιθυμίαν
1255 4273 1284 4324 6
1332 4271 1550 4342 χριστὸς
1611 4269 1816 4340 Κυρίου

225 4368 437 4434 Δαυῖδ;
469 4365 851 4436 παιδευθῶμεν
890 4361 986 4415 τοῦ
1032 4361 1105 4431 μὴ
1149 4360 1457 4431 ἐπιθυμεῖν.
1494 4362 1557 4414 Εί
1590 4360 1699 4432 γὰρ
1721 4376 1820 4431 τη·-

225 4459 475 4513 λικοῦτοι
501 4460 693 4528 ἄνδρες
722 4456 813 4509 διὰ
840 4452 1115 4524 γυναικῶν
1140 4452 1407 4516 ἑάλωσαν,
1443 4456 1559 4516 πῶς
1589 4454 1747 4524 ἡμεῖς
1767 4452 1818 4505 οί

1918 3262 2099 3316 tiones
2130 3261 2298 3315 nobis
2330 3259 2686 3330 cupientibus
2719 3260 2967 3314 lumbum
2991 3260 3349 3330 praecingere.
3385 3259 3467 3314 An

1916 3370 2027 3409 non
2064 3355 2270 3409 audisti
2303 3354 2372 3408 de
2406 3354 2673 3408 Samsone
2700 3353 2958 3408 Nazarzeo
2984 3394 3002 3419 ,
3039 3366 3279 3422 quocum
3316 3351 3481 3407 inam-

1918 3447 2147 3502 bulabat
2170 3446 2414 3516 Spiritus
2440 3444 2699 3500 Domini?
2724 3444 2794 3498 Et
2816 3458 2966 3498 nunc
2998 3444 3079 3499 sic
3092 3452 3347 3500 sanctum
3377 3460 3491 3499 mu-

1916 3542 2020 3596 lier
2052 3541 2119 3594 ad
2155 3547 2458 3594 extremam
2497 3552 2671 3607 usque
2701 3537 2824 3592 vitae
2873 3536 3082 3592 cladem
3115 3536 3375 3607 perduxit
3397 3552 3498 3607 per

1917 3633 2201 3687 molestam
2237 3631 2380 3685 hanc
2404 3644 2625 3684 carnem
2671 3644 2737 3683 ac
2786 3628 3048 3682 nefariam
3101 3629 3497 3698 concupiscen—

1918 3725 2072 3779 tiam.
2098 3723 2180 3777 Ob
2206 3723 2312 3777 hoc
2345 3720 2498 3776 nullo
2520 3730 2682 3791 pacto
2708 3718 2867 3775 nobis
2911 3719 3047 3790 ipsis
3085 3720 3491 3789 permittamus,

1918 3826 1979 3872 ut
2013 3832 2138 3872 cum
2187 3815 2422 3869 muliere
2447 3814 2535 3867 vel
2582 3811 2794 3867 sedisse
2842 3811 3269 3881 comperiamur,
3302 3822 3391 3878 et,
3434 3823 3495 3867 ut

1918 3907 2249 3979 compendio
2304 3905 2617 3964 absolvam,
2666 3903 2872 3956 nullam
2915 3917 3040 3956 cum
3088 3902 3199 3957 illis
3249 3904 3497 3959 ineamus

1917 3996 2397 4055 consuetudinem.
2428 3994 2541 4048 Nec
2560 4007 2721 4045 secus
2745 3991 2812 4045 de
2837 3990 3060 4057 Davide,
3090 4006 3253 4060 quem
3286 4000 3344 4046 et
3364 4008 3495 4046 eru-

1919 4090 2059 4143 divit
2087 4096 2143 4142 et
2169 4085 2381 4140 invenit
2407 4084 2552 4140 Deus
2580 4082 2760 4136 virum
2805 4083 3112 4136 secundum
3155 4096 3252 4136 cor
3297 4097 3493 4148 suum,

1918 4179 2198 4254 quomodo
2224 4175 2571 4246 concupierit
2601 4172 2809 4243 perfrui
2842 4172 3090 4227 mulieris
3121 4172 3298 4237 illius,
3327 4172 3496 4227 Beth-

1918 4273 2097 4328 sabea:
2122 4270 2268 4332 dico,
2292 4266 2495 4320 decore
2534 4260 2867 4319 incredibili.
2904 4260 3004 4315 llic
3048 4259 3241 4314 beatus
3278 4259 3334 4313 in
3364 4267 3496 4329 quot

1920 4363 2139 4419 tandem
2189 4357 2485 4414 devolutus
2530 4363 2615 4411 est
2655 4352 2837 4408 mala?
2886 4350 3038 4407 lianc
3092 4366 3219 4406 cum
3266 4349 3498 4405 vidisset

1920 4463 2144 4511 sanctus
2199 4450 2405 4521 alioqui
2454 4464 2515 4505 se
2572 4449 2884 4508 lavantem,
2939 4452 2996 4498 et
3048 4442 3497 4513 concupiscentia

228 4551 494 4621 ἀνίσχυες
535 4550 675 4621 μετά
714 4549 815 4619 τῆς
876 4547 1084 4601 ἑαυτῶν
1129 4546 1391 4609 πτώσεως
1429 4546 1816 4617 διαπορευόμε-

1920 4545 2104 4601 carnis
2133 4544 2284 4599 illius
2310 4541 2627 4603 exarsisset,
2649 4545 2913 4607 quantam
2935 4534 3265 4604 flagitiorum
3287 4533 3498 4587 lernam

227 4658 339 4707 νοι,
368 4645 463 4695 καὶ
485 4642 542 4693 ἐν
570 4639 722 4710 μέσῳ
751 4638 978 4707 παγίδος
1000 4637 1372 4700 διαῦαίνοντες
1390 4636 1813 4707 ἐκφευξώμεθας

244 4733 486 4802 Ὁμοίως
516 4731 613 4784 καὶ
655 4729 883 4800 Ἀμμὼν
935 4730 1033 4784 καὶ
1088 4728 1180 4783 διὰ
1221 4731 1320 4799 τῆς
1367 4728 1599 4797 ἀδελφῆς
1652 4726 1815 4779 αὑτοῦ

231 4828 439 4899 Θάμαρ
492 4824 732 4897 ἀνῃρέθη
764 4823 969 4886 καλῶς.
1015 4823 1295 4886 Ὡσαύτως
1351 4821 1443 4875 καὶ
1495 4823 1523 4874 ὁ
1569 4818 1818 4889 Σολομὼν

234 4922 380 4993 ἔχων
412 4920 603 4990 σοφίαν
642 4920 734 4973 καὶ
769 4918 1056 4989 φρόνησιν,
1107 4916 1201 4969 καὶ
1248 4914 1396 4986 χύμα
1441 4912 1691 4983 καρδίας,
1726 4911 1820 4964 καὶ

236 5011 495 5076 πλοῦτον,
537 5010 631 5064 καὶ
664 5010 822 5075 δόξαν
867 5008 1067 5077 πολλὴν
1101 5007 1240 5076 ὑπὲρ
1272 5006 1498 5067 πάντας,
1546 5004 1640 5055 καὶ
1664 4996 1820 5065 οὗτος

237 5103 328 5157 διὰ
372 5101 633 5169 γυναικὸς
683 5098 952 5156 ἀπώλετο,
1000 5096 1096 5149 κοιλ⁹
1126 5094 1439 5166 ἀποστάτης
1468 5091 1688 5159 ἐγένετο
1731 5091 1821 5145 διὰ

238 5192 529 5261 γυναῖκας.
558 5190 668 5243 Καὶ
690 5188 740 5240 οἱ
769 5185 1133 5256 πρεσϐύτεροι
1157 5184 1207 5234 οἱ
1225 5180 1368 5235 κατά
1384 5181 1668 5234 Σωσάνναν
1696 5197 1821 5249 κρι·

238 5286 338 5339 ταὶ
364 5284 451 5336 διὰ
480 5283 542 5335 τὸ
585 5279 938 5349 ἐνδελεχίζειν
992 5278 1087 5330 καὶ
1140 5272 1580 5345 καταμανθάνειν
1623 5271 1821 5335 κάλλος

241 5376 558 5446 ἀλλότριον,
604 5375 683 5437 είς
721 5373 783 5425 τὸ
812 5371 1047 5436 πέλαγος
1083 5370 1181 5440 τῆς
1220 5367 1518 5436 ἐπιθυμίας
1550 5365 1821 5435 ἐμπεσόν-

240 5487 357 5533 τες,
388 5466 767 5536 ἐπανέστησαν
796 5468 862 5536 τῇ
899 5463 1147 5535 μακαρίᾳ
1193 5460 1472 5533 Σωσάννῃ.
1508 5457 1693 5511 Ταῦτα
1724 5458 1822 5527 μὲν

243 5561 377 5632 περ)⁵
414 5561 516 5630 τῆς
564 5558 885 5629 ἐπιθυμίας·
922 5555 1250 5628 θριαμϐεύει
1292 5554 1350 5606 δέ
1404 5552 1500 5606 καὶ
1557 5550 1762 5623 Ἰησοῦς
1797 5553 1825 5603 6

242 5654 345 5709 τοῦ
367 5652 571 5724 Σειρὰχ
588 5652 688 5723 τὴν
721 5650 990 5720 πονηρίαν
1012 5648 1211 5701 αὐτῶν·
1241 5645 1459 5709 (Μικρὰ
1480 5646 1632 5697 πᾶσα
1662 5642 1829 5697 κακία

1924 4639 2016 4693 hic
2042 4646 2305 4707 operatus
2340 4641 2449 4699 est,
2483 4630 2661 4686 modis
2691 4629 2822 4683 licet
2873 4625 3132 4683 omnibus
3185 4624 3501 4679 maximus?

1923 4730 2170 4800 peccavit
2202 4727 2256 4779 in
2289 4727 2485 4786 Deum,
2516 4738 2627 4777 non
2651 4737 2717 4775 eo
2743 4720 2922 4774 solum
2953 4717 3100 4787 quod
3132 4716 3185 4770 in
3209 4716 3500 4771 mmchiam

1924 4821 1997 4875 sit
2022 4818 2330 4887 prolapsus,
2368 4813 2460 4868 sed
2491 4812 2637 4881 quod
2675 4811 2853 4865 virum
2884 4808 3033 4863 illius
3051 4806 3283 4877 jusserit
3326 4806 3501 4859 inter-

1927 4906 2037 4960 ﬁci.
2074 4904 2261 4966 Vides,
2293 4910 2554 4971 quantam
2584 4900 2677 4953 hic
2714 4907 2919 4952 unctus
2949 4896 3166 4951 Domini
3192 4911 3287 4950 rex
3329 4894 3500 4950 David

1927 4996 2233 5052 confecerit
2277 4992 2620 5063 tragazdiam,
2675 4999 2737 5044 ut
2770 4990 2856 5045 vel
2890 4996 3209 5058 conceptam
3257 4987 3503 5057 expleret

1927 5083 2478 5156 concupiscentiam?
2527 5083 2837 5137 Doceamur
2884 5087 2940 5135 et
2982 5094 3085 5134 nos
3114 5078 3221 5133 hoc
3249 5078 3502 5148 exemplo

1927 5195 2041 5234 non
2103 5176 2522 5245 concupiscere.
2577 5175 2633 5229 Si
2679 5173 2825 5227 enim
2882 5172 2991 5226 viri
3052 5171 3131 5225 illi
3177 5170 3313 5225 tales
3375 5186 3498 5225 cum

1924 5281 2112 5327 essent
2131 5310 2146 5334 ,
2188 5267 2467 5324 illecebris
2496 5276 2679 5321 tamen
2705 5263 3071 5319 etlenociniis
3090 5260 3384 5316 mulierum
3409 5262 3504 5317 de-

1926 5363 2120 5418 mulcti
2141 5360 2399 5433 captique
2421 5368 2571 5424 sunt,
2598 5365 2654 5412 et
2678 5356 2947 5412 nosinter
2975 5354 3221 5426 pericula
3243 5354 3504 5408 inceden-

1927 5465 2032 5521 tes,
2063 5466 2121 5511 et
2154 5456 2209 5509 in
2238 5453 2421 5509 medio
2442 5454 2764 5523 laqueorum
2789 5448 2953 5519 positi
2976 5448 3157 5504 adhuc
3181 5446 3507 5516 elfugiamus

1928 5563 2165 5619 expassa
2194 5545 2359 5601 retia.
2385 5544 2499 5599 Nec
2520 5544 2627 5598 alia
2652 5542 2866 5599 ratione
2887 5540 3119 5596 Aiumon
3148 5538 3360 5593 sororis
3392 5551 3506 5591 sua:

1928 5641 2169 5695 Thamar
2203 5638 2484 5692 inescatus
2513 5634 2697 5705 specie
2717 5674 2733 5700 ,
2762 5633 2870 5688 vita
2908 5633 3109 5690 misere
3128 5630 3375 5703 privatus
3397 5637 3504 5684 cst.

323 5814 346 5847 ⁷
380 5812 553 5869 Eccli.
584 5825 708 5874 xxv,
730 5808 818 5863 5-1.
897 5807 917 5837 ⁸
941 5807 1077 5862 ibid.
1127 5805 1218 5859 9.8.
1296 5804 1318 5834 ’
1369 5805 1531 5859 Prov.
1567 5816 1637 5869 tv,
1668 5798 1861 5856 9.3-9.7.
1943 5798 1984 5828 ¹⁰
2022 5799 2183 5853 Prov.
2210 5813 2287 5863 vt,
2322 5794 2393 5851 25
2422 5812 2437 5861 ;
2470 5811 2564 5861 vu,
2588 5792 2784 5847 21-27.

504 5906 777 5965 Ρηιιοι..
811 5907 926 5966 CR.
964 5900 1173 5963 LXXX
1192 5898 1297 5956 IX.

3120 5879 3191 5941 47
