4052 6540
637 401 773 466 M93

630 603 764 655 tiam
822 599 1073 663 haberet,
1120 595 1498 667 prudentiam,
1552 594 1995 665 profusissimam
2030 598 2215 655 cordis

628 694 1001 753 latitudinem,
1057 691 1278 745 divitias
1332 689 1557 758 insuper
1598 696 1656 743 et
1717 689 1946 758 gloriam
1981 698 2211 753 tantam,

628 795 889 856 quantam
921 798 1085 839 nemo
1109 783 1397 836 hominum
1423 782 1584 835 alius.
1636 780 1705 835 Et
1735 780 1827 836 hic
1878 789 2064 838 tantus
2111 787 2215 853 per

629 875 898 928 mulieres
929 872 1281 942 periclitatus
1312 881 1397 927 est
1424 911 1440 936 ,
1476 885 1686 941 perque
1715 885 1906 925 earum
1933 873 2211 928 malesua-

631 967 762 1020 dum
796 980 1041 1019 amorem
1075 972 1325 1033 apostata
1356 979 1387 1017 a
1410 963 1646 1017 Domino
1676 963 1856 1017 factus
1882 972 1986 1020 est.
2013 963 2213 1019 Senio-

633 1074 722 1112 res
760 1058 839 1111 illi
875 1057 968 1126 qui
998 1056 1273 1127 judicium
1307 1062 1681 1111 exercuerunt
1710 1055 1980 1111 adversus
2002 1055 2213 1112 Susan-

631 1166 781 1214 nam,
820 1149 859 1203 ii
887 1164 987 1218 per
1011 1148 1291 1203 assiduam
1326 1146 1777 1217 congressionem
1821 1163 1947 1202 cum
1976 1148 2213 1204 alienam

629 1239 1104 1311 pulchritudinem
1129 1247 1317 1293 essent
1355 1236 1560 1301 edocti,
1600 1251 1664 1292 ac
1701 1236 1922 1292 demum
1946 1239 2218 1294 abiissent

628 1332 943 1403 praecipites
984 1331 1040 1384 in
1084 1330 1418 1385 immensum
1456 1329 1684 1398 pelagus
1717 1330 2205 1400 concupiscentiae,

629 1425 1057 1479 insurrexerunt
1110 1422 1166 1477 in
1219 1422 1437 1477 beatam
1494 1421 1646 1475 illam
1701 1420 2033 1478 Susannam.
2086 1424 2216 1481 Haec

1906 399 2056 460 ANT
2066 398 2272 459 IOCHI
2310 399 2652 461 MONACHI

641 510 891 576 Similem
910 506 967 563 in
995 505 1218 562 modum
1236 503 1526 569 Salomon,
1552 518 1679 559 cum
1702 504 1753 559 is
1766 503 1982 575 alioqui
2002 509 2221 578 sapien-

3693 410 3800 474 “Si

2247 514 2294 571 Α
2322 509 2461 578 πρὸς
2513 511 2717 563 κακίαν
2758 507 3039 577 γυναικός.
3084 525 3105 558 ο
3141 508 3247 562 Καὶ
3276 505 3423 574 αὖθις
3448 527 3463 543 ’
3494 532 3511 564 ι
3545 514 3810 592 Συνοικῆσαι

2321 600 2497 654 λέοντι
2527 600 2622 653 καὶ
2643 599 2921 670 δράκοντι,
2950 600 3194 671 ἄμεινον,
3233 602 3266 673 ἢ
3292 603 3423 672 μετὰ
3438 609 3665 673 γυναικὸς
3682 630 3812 686 πονη.

2323 692 2445 763 ρᾶς.
2486 708 2506 741 ι
2540 691 2650 744 Καὶ
2674 692 2703 742 ό
2730 690 3146 761 Παροιμιαστής
3166 706 3181 723 ·
3223 709 3241 742 ι
3278 693 3494 763 Μακρὰν
3520 697 3715 768 ποίησον
3743 704 3818 756 ἀπ’

2321 781 2493 851 αὐτῆς
2522 781 2621 852 τὴν
2650 780 2791 834 ὁδόν.
2826 779 2918 852 Μὴ
2946 781 3178 853 έγγίσης
3209 782 3340 852 πρὸς
3371 783 3547 856 θύραις
3572 789 3711 845 οἴκων
3742 794 3818 848 αύ-

2318 875 2444 945 τῆς,
2493 874 2582 928 ἴνα
2636 874 2711 946 μὴ
2765 873 3082 944 πλησθῶσιν
3118 873 3384 946 ἀλλότριοι
3417 880 3505 948 σῆς
3545 879 3719 950 ίσχύος,
3749 888 3819 939 καὶ

2322 966 2715 1038 μεταμεληθῇς
2749 968 2839 1019 ἐπ’
2861 967 3129 1038 ἐσχάτων.
3166 985 3185 1017 ι
3223 968 3400 1023 Καλὸν
3439 965 3525 1024 οὖν
3551 972 3820 1047 ἔπεσθαιτῴ

2316 1056 2553 1126 λέγοντι,
2603 1058 2829 1128 φεύγειν
2886 1058 2981 1113 τὸν
3031 1060 3238 1129 κόσμον
3296 1062 3387 1114 καὶ
3434 1063 3527 1126 τὰς
3564 1062 3725 1133 bitat;-
3758 1069 3819 1123 ὅτι

2329 1168 2347 1200 ‹
2387 1151 2505 1214 Πᾶς
2530 1152 2558 1203 ό
2580 1150 2795 1219 βλέπων
2816 1153 3053 1220 γυναῖκα
3078 1153 3216 1223 πρὸς
3250 1154 3310 1207 τὸ
3342 1153 3657 1224 ἐπιθυμῆσαι
3671 1157 3816 1229 αὐτὴν,

2321 1240 2424 1310 ἤδη
2457 1240 2781 1312 ἐμοίχευσεν
2830 1243 3006 1313 αὐτὴν
3040 1244 3098 1295 έν
3131 1246 3198 1314 τῇ
3251 1244 3445 1316 καρδίᾳ
3471 1246 3639 1301 αὑτοῦ.
3668 1249 3819 1321 »Αὐτῷ

2321 1334 2356 1403 ὴ
2382 1332 2511 1397 δόξα
2541 1334 2623 1397 είς
2651 1334 2779 1398 τοὺς
2805 1334 3028 1398 αἰῶνας.
3059 1336 3255 1407 Ἀμήν.
3493 1347 3496 1350 ’

2251 1424 2477 1495 quidem
2515 1425 2585 1480 de
2629 1427 3084 1498 concupiscentia
3144 1435 3232 1483 sat
3272 1427 3400 1483 sint.
3433 1427 3624 1498 1053
3661 1430 3747 1485 Sed
3781 1443 3822 1487 et

630 1519 849 1574 illarum
896 1516 1198 1586 nequitiam
1249 1515 1409 1571 Iesus
1465 1515 1658 1572 Sirach
1731 1515 1879 1573 ﬁlius
1916 1518 2273 1588 conspicuam
2327 1518 2555 1585 reddit,
2620 1528 2678 1575 et
2751 1519 3014 1574 omnibus
3078 1520 3572 1590 perspectissimam
3628 1522 3819 1577 dicens:

637 1630 656 1662 ι
692 1611 925 1666 Omnem
976 1610 1281 1679 nequitiam
1339 1618 1397 1664 et
1434 1625 1547 1664 non
1597 1608 1905 1679 nequitiam
1975 1611 2249 1667 mulieris.
2286 1612 2621 1667 Cohabitare
2672 1614 2818 1668 leoni
2867 1624 2923 1669 et
2973 1613 3202 1668 draconi
3262 1613 3457 1667 melius
3509 1629 3654 1682 quam
3702 1617 3820 1673 habi-

630 1713 750 1759 tare
788 1718 916 1757 cum
945 1701 1179 1755 muliere
1206 1715 1446 1769 nequam
1470 1701 1535 1756 ¹¹.
1575 1718 1594 1753 ι
1628 1702 1842 1769 Rursus
1870 1719 1885 1755 :
1929 1719 1948 1752 ‹
1983 1701 2156 1756 Parva
2177 1703 2359 1757 omnis
2387 1701 2597 1756 malitia
2627 1702 2696 1756 ad
2721 1704 2987 1758 malitiam
3019 1702 3272 1757 mulieris
3301 1704 3361 1757 ".
3405 1724 3423 1757 ι
3458 1705 3818 1763 Partemiastet:

638 1816 658 1849 ι
695 1796 895 1851 Procul
920 1795 986 1849 ab
1013 1811 1077 1849 ea
1122 1793 1291 1847 facito
1329 1793 1499 1847 viam.
1525 1791 1604 1847 Ne
1644 1794 1940 1863 appropies
1971 1792 2185 1848 foribus
2223 1792 2423 1849 domus
2450 1794 2594 1863 ejus,
2639 1809 2711 1848 ne
2741 1793 3080 1865 impleantur
3105 1792 3270 1848 alieni
3305 1794 3501 1849 robore
3531 1805 3637 1858 tuo,
3659 1805 3707 1851 et
3734 1812 3820 1867 pte-

630 1889 808 1943 nitcat
848 1896 901 1942 te
951 1888 1004 1970 in
1046 1883 1367 1940 novissimis
1401 1883 1514 1938 tuis
1541 1884 1607 1937 ¹³.
1640 1903 1658 1934 ι
1692 1883 2071 1954 Satiusigitur
2095 1887 2216 1956 ejus
2239 1886 2394 1955 sequi
2428 1886 2723 1941 consilium
2753 1926 2767 1950 ,
2803 1885 2898 1955 qui
2927 1884 3063 1940 dicit
3105 1902 3119 1939 :
3174 1905 3193 1936 ι
3231 1884 3333 1952 Qui
3367 1886 3482 1941 sine
3542 1904 3690 1942 uxore
3742 1901 3818 1951 est,

630 1982 839 2053 cogitat
861 1995 984 2050 quae
1011 1978 1233 2033 Domini
1259 1984 1410 2042 sunt,
1441 1974 1720 2045 quomodo
1742 1975 1957 2044 placeat
1991 1976 2259 2041 Domino;
2291 1975 2386 2045 qui
2420 1990 2555 2029 vero
2583 1990 2812 2029 uxorem
2840 1974 3049 2053 habet,
3075 1978 3281 2044 cogitat
3326 1990 3445 2045 quae
3494 1984 3615 2029 sunt
3654 1978 3816 2039 mundi,

631 2073 912 2145 quomodo
932 2072 1158 2142 placeat
1221 2068 1421 2134 uxori,
1455 2075 1511 2123 et
1538 2065 1751 2122 divisus
1808 2077 1895 2123 est
1928 2067 1994 2121 ".
2038 2087 2057 2120 ι
2087 2067 2576 2123 Clementissimus
2614 2083 2838 2139 quoque
2867 2047 3156 2121 hominum
3194 2076 3408 2121 amator
3445 2068 3700 2133 Dominus,
3731 2085 3818 2123 eum

631 2172 680 2227 is
733 2170 1045 2227 clarissime
1097 2175 1321 2230 nosset,
1360 2172 1620 2234 quantam
1652 2165 1993 2235 perniciem,
2022 2181 2300 2236 quamque
2358 2163 2770 2219 ineluctabilem
2819 2162 3193 2233 corruptelam
3243 2162 3471 2217 vitiosus
3513 2162 3597 2216 hic
3648 2162 3818 2218 allectus

631 2258 1103 2332 concupiscentia:
1135 2256 1427 2311 inveherct
1456 2255 1750 2309 animabus
1786 2257 2012 2322 nostris,
2044 2258 2137 2311 tali
2170 2255 2333 2311 scivit
2351 2255 2599 2320 decreto,
2631 2255 3010 2327 adversusque
3031 2256 3183 2312 hunc
3210 2254 3618 2327 pronuntiavit:
3646 2274 3661 2305 ι
3683 2253 3815 2310 Omnis

630 2357 725 2424 qui
762 2351 968 2408 viderit
1008 2350 1299 2404 mulierem
1325 2347 1393 2401 ad
1417 2346 1924 2418 concupiscendum
1960 2363 2113 2415 eam,
2148 2348 2259 2421 jam
2287 2346 2597 2401 mmchalus
2632 2353 2717 2400 est
2741 2361 2863 2401 eam
2888 2346 2943 2401 in
2967 2345 3134 2402 corde
3160 2359 3266 2401 suo
3292 2344 3356 2400 ¹⁵.
3383 2362 3401 2396 ι
3441 2344 3603 2398 Deum
3628 2352 3808 2398 nostrum

620 2450 862 2507 addecet
894 2446 1069 2519 gloria
1100 2445 1155 2499 in
1184 2444 1404 2499 sarcula.
1431 2442 1630 2497 Amen.

1160 2556 1453 2613 HOMILIA
1489 2554 1678 2610 XVIII.

631 2676 780 2743 Quod
806 2676 1020 2730 iniuime
1042 2673 1323 2728 conveniat
1349 2672 1530 2725 crebro
1560 2667 1792 2724 assidere
1820 2664 2211 2722 cantatriculis.

700 2791 914 2847 Crebro
962 2786 1211 2843 assidere
1260 2782 1683 2840 cantillantibus
1731 2779 2083 2836 mulierculis
2122 2778 2216 2832 vix

630 2899 789 2955 aeque
833 2881 995 2937 nobis
1037 2876 1451 2934 incommodum
1497 2872 1648 2930 aliud
1688 2873 1954 2929 occurrit.
1989 2870 2071 2926 Ob
2109 2871 2216 2924 hoc

632 2980 830 3033 domus
872 2976 957 3029 hac
998 2974 1161 3027 dictze
1208 2970 1543 3025 monasteria
1586 2968 1811 3023 nomine
1858 2967 1981 3036 ipso
2023 2971 2216 3018 arcent

629 3088 736 3127 nos
769 3071 839 3125 ab
873 3083 1066 3124 earum
1101 3063 1419 3134 colloquiis,
1443 3064 1569 3135 jure
1598 3059 1847 3131 quidem.
1881 3058 2007 3113 Sola
2039 3057 2217 3127 siqui-

632 3168 758 3221 dem
786 3159 1151 3233 apprchensio
1170 3158 1359 3212 vultus
1380 3155 1604 3210 feminei
1629 3153 1789 3208 initio
1812 3152 2001 3209 statim
2025 3151 2215 3205 nescio

633 3274 799 3329 quam
834 3255 1036 3326 ingerit
1065 3252 1221 3307 cordi
1258 3249 1501 3305 hominis
1532 3247 1910 3302 turbulentam
1942 3245 2215 3314 intempe-

633 3354 795 3413 riem,
824 3366 854 3404 a
889 3345 1292 3416 tranquillitate
1327 3343 1383 3396 in
1416 3341 1697 3396 diversum
1728 3346 1920 3394 avocat
1948 3346 2211 3403 mentem,

633 3460 699 3498 ac
729 3440 990 3497 transfert
1011 3439 1120 3491 alio
1148 3454 1161 3489 :
1189 3450 1312 3490 cum
1342 3435 1460 3504 ipsa
1491 3432 1636 3487 inter
1659 3431 1929 3486 orandum
1954 3429 2215 3498 deinceps

633 3535 822 3589 hiulca
866 3532 1024 3587 fauce
1070 3529 1337 3590 ohlatret,
1369 3542 1474 3580 nec
1514 3526 1764 3596 requiete
1809 3530 1969 3579 vacet
2011 3522 2216 3576 divinis

616 3624 928 3687 -laudibus,
973 3619 1109 3690 quin
1156 3618 1345 3688 potius
1394 3616 1524 3669 huic
1574 3616 1671 3669 uni
1717 3613 1987 3668 incumbit
2031 3626 2212 3674 curae,

632 3732 833 3786 nempe
865 3714 931 3768 de
963 3712 1083 3766 istis
1112 3710 1379 3780 cogitans.
1405 3708 1509 3775 Qui
1543 3722 1736 3761 earum
1773 3704 2064 3775 colloquiis
2091 3720 2215 3758 creo

630 3810 736 3862 .hcr
770 3804 1024 3860 incubuit
1057 3801 1363 3857 monachus
1401 3799 1680 3854 simillima
1714 3797 1770 3851 in
1806 3796 1975 3852 corde
2016 3796 2215 3849 tacitus

2244 2541 2289 2599 Β
2928 2553 3146 2606 ΛΟΓΟΣ
3179 2553 3287 2605 IH'.

2315 2662 2456 2733 Περὶ
2483 2663 2590 2718 τοῦ
2621 2663 2707 2733 μὴ
2738 2662 3141 2733 ὲνὸελεχίζειν
3177 2665 3562 2734 ψαλλούσαις
3587 2669 3819 2738 γυναιξίν.

2388 2779 2498 2830 Καὶ
2539 2777 2599 2830 τὸ
2632 2777 2993 2849 ὲνδελεχίξειν
3038 2777 3378 2848 ψαλλούσαις
3415 2780 3698 2853 ἀσύμφορον
3721 2786 3823 2853 ἡμῖν

2315 2870 2488 2935 ἐστιν,
2538 2868 2934 2940 βλαπτομένων
2979 2871 3137 2942 ἡμῶν
3186 2875 3312 2935 ταῖς
3361 2872 3537 2925 αὐτῶν
3582 2876 3823 2944 συντυχίαι,

2314 2959 2424 3013 τῶν
2472 2959 2786 3031 λεγομένων
2847 2962 3210 3033 μοναστριῶν.
3267 2963 3341 3015 Τὸ
3370 2962 3477 3033 γὰρ
3521 2964 3715 3033 ἰνδαλμα
3751 2965 3824 3034 τῆς

2315 3051 2490 3123 ὅψεως
2518 3052 2627 3107 τῶν
2652 3054 2953 3121 γυναικῶν,
2988 3056 3219 3124 ἄρχεται
3250 3054 3516 3119 κλονίζειν
3541 3057 3629 3126 τὴν
3650 3057 3827 3127 καρδίαν

2314 3142 2408 3196 τοῦ
2436 3141 2752 3212 ἀνθρώπου,
2782 3144 2879 3195 καὶ
2910 3144 3166 3213 ἀποσπᾷν
3204 3142 3300 3196 τὸν
3343 3142 3467 3198 νοῦν
3494 3144 3593 3199 ἀπὸ
3621 3144 3707 3214 τῆς
3725 3148 3825 3215 ἡον-

2315 3235 2461 3305 χίας,
2498 3235 2593 3287 καὶ
2622 3235 2852 3288 κατόπιν
2880 3234 3042 3287 αὐτὸν
3085 3234 3279 3304 φέρειν
3299 3251 3313 3265 ’
3348 3237 3439 3289 καὶ
3470 3235 3660 3297 λοιπὸν,
3701 3238 3747 3288 ὲν
3778 3238 3827 3305 τῇ

2315 3329 2450 3398 εὐχῇ
2483 3330 2755 3397 κεχηνότα
2781 3328 2877 3380 καὶ
2921 3326 3345 3397 ἁπασχολοῦντα
3374 3329 3462 3387 τὸν
3504 3328 3620 3381 νοῦν
3644 3328 3733 3381 ἀπὸ
3759 3327 3827 3394 τῆς

2315 3420 2626 3487 δοξολογίας
2656 3419 2748 3473 τοῦ
2785 3418 2944 3485 Θεοῦ,
2977 3421 3073 3472 καὶ
3104 3421 3441 3491 σχολάζοντα
3467 3425 3532 3493 τῇ
3560 3423 3674 3493 περὶ
3696 3421 3828 3474 αὐτῶν

2319 3512 2581 3584 μερίμνῃ.
2640 3513 2712 3565 Τὸ
2767 3512 2876 3583 γὰρ
2935 3512 3132 3576 εἰωθὸς
3185 3514 3294 3583 τῆς
3347 3515 3525 3567 αὐτῶν
3575 3514 3826 3582 συντυχίας.

2316 3604 2495 3657 ἔοικεν
2531 3606 2587 3657 έν
2622 3607 2688 3676 τῇ
2743 3604 2942 3675 καρδίᾳ
2987 3604 3082 3657 τοῦ
3132 3606 3402 3676 μοναχοῦ,
3450 3606 3629 3676 ὥσπερ
3670 3603 3829 3672 σκώληξ

2315 3696 2374 3749 ὲν
2405 3696 2545 3765 ξύλῳ
2577 3697 2674 3748 καὶ
2706 3696 2805 3765 σὴς
2840 3698 2897 3749 ἐν
2930 3696 3134 3766 ίματίῳ
3161 3698 3433 3765 γίνεσθαι.
3469 3698 3589 3752 Ἐὰν
3613 3693 3694 3751 οῦν
3716 3696 3829 3767 θέλῃς

2320 3789 2640 3857 σωφρονεῖν,
2672 3785 2842 3855 φεῦγε
2878 3786 2978 3857 τὴν
3012 3786 3194 3841 αὐτῶν
3226 3789 3534 3860 συντυχίαν,
3563 3788 3647 3843 καὶ
3667 3787 3733 3859 μὴ
3757 3786 3827 3855 δῷς

630 3898 1096 3960 comminiscitur,
1119 3904 1181 3949 ut
1209 3894 1263 3947 in
1290 3893 1438 3963 ligno
1460 3891 1689 3954 vermis,
1712 3900 1772 3945 ut
1797 3890 1946 3944 tinea
1970 3889 2025 3943 in
2051 3887 2212 3943 vesti-

2316 3878 2509 3941 αὑταῖς
2565 3878 2881 3950 παρρησίαν
2941 3877 3220 3951 Gaeéﬁm‘
3285 3897 3390 3935 σοι’
3459 3882 3545 3935 Ἑν
3594 3882 3718 3952 ἀρχῇ
3755 3878 3828 3945 γὰρ

633 4000 843 4047 mento.
878 3991 1025 4061 Fuge
1062 3988 1229 4059 igitur
1252 3986 1474 4039 illarum
1515 3984 1816 4038 familiares
1851 3996 2212 4051 congressus,

632 4099 772 4139 neve
820 4083 940 4136 illas
977 4079 1298 4151 permiseris
1336 4077 1624 4133 audaciam
1667 4090 1887 4131 sumere
1923 4073 2213 4127 adversum

630 4186 707 4231 te.
743 4174 1024 4243 Principio
1071 4170 1319 4242 quidem,
1350 4167 1678 4224 reverentiae
1720 4164 1973 4220 nonnihil
2016 4161 2215 4232 prtere-

626 4276 783 4331 runt,
812 4278 977 4336 atque
1011 4265 1085 4319 ita
1112 4279 1267 4319 suam
1296 4270 1487 4332 tegunt
1512 4258 1816 4329 nequitiam
1846 4255 2013 4327 pallio
2043 4254 2215 4325 hypo-

632 4360 872 4424 criscos;
909 4356 1175 4425 deinceps
1210 4351 1462 4408 nonnihil
1498 4349 1707 4405 audent
1739 4346 2090 4417 impudenter
2114 4345 2216 4400 im-

630 4452 886 4520 periosae.
910 4449 969 4502 In
997 4448 1118 4517 ipso
1144 4445 1291 4500 enim
1317 4443 1510 4497 auditu
1535 4442 1727 4512 primae
1749 4438 2215 4495 contabulationis

631 4544 805 4597 multa
843 4557 969 4595 cum
1004 4539 1233 4593 lenitate
1265 4538 1591 4607 loquuntur,
1623 4543 1680 4589 et
1712 4549 1886 4605 prono
1920 4532 1975 4586 in
2002 4540 2210 4586 terram

629 4638 785 4691 vultu
816 4634 1168 4689 continenter
1196 4629 1615 4699 illacrymantur
1640 4644 1655 4681 :
1681 4632 2001 4681 reverenter
2027 4623 2215 4676 admo-

628 4728 764 4782 dum
821 4724 1073 4779 habitum
1127 4729 1449 4789 motumque
1504 4717 1758 4787 corporis
1808 4714 2211 4777 ementiuntur,

629 4817 871 4889 suspiria
903 4810 1573 4871 attolluntamarulentia:
1606 4808 1789 4878 plena,
1818 4806 1885 4861 de
1920 4805 2213 4860 sanctimo-

629 4912 722 4968 nia
748 4918 843 4964 aut
866 4908 1119 4962 castitate
1147 4906 1448 4960 etiamnum
1478 4903 1838 4971 interrogant,
1865 4914 2061 4968 magna
2085 4914 2211 4952 cum

629 5002 915 5071 voluptate
968 4996 1283 5051 auscultant
1331 4993 1718 5048 disserentem.
1761 4990 1914 5066 Alter
1958 5005 1988 5043 a
2034 4988 2213 5058 primo

629 5107 966 5164 congressu,
1001 5089 1287 5158 superiora
1326 5086 1419 5141 illa
1452 5084 1656 5140 sensim
1691 5081 1911 5152 repellit
1942 5096 2006 5136 ac
2042 5097 2211 5151 repu-

629 5187 767 5239 diat.
797 5183 858 5237 in
896 5180 1060 5234 tertio
1080 5218 1094 5244 ,
1126 5177 1259 5247 quid
1298 5177 1375 5231 ita
1412 5174 1738 5230 ardentibus
1764 5171 1939 5229 oculis
1967 5187 2030 5225 ac
2058 5173 2209 5228 reni-

628 5276 795 5329 ilente
823 5272 977 5327 vultu
1006 5269 1275 5325 arrisisti?
1300 5268 1504 5322 Adhaec
1534 5267 1628 5320 illa
1651 5266 1714 5320 .in
1748 5265 1921 5320 risum
1952 5266 2207 5321 solvitur.

628 5365 769 5420 Tum
798 5364 1058 5433 deinceps
1082 5376 1367 5417 sermones
1392 5368 1607 5425 texunt,
1632 5374 1755 5428 quae
1778 5360 2043 5429 praemolli
2073 5373 2209 5428 quo-

627 5456 753 5510 dam
782 5453 1067 5508 lenoc'mio
1102 5451 1653 5518 demulceantatque
1690 5449 1924 5503 invitent
1958 5448 2205 5503 affectio-

627 5563 753 5602 nem
805 5542 1188 5615 turpitudinis.
1221 5543 1289 5596 Et
1333 5541 1450 5595 hate
1491 5541 1656 5610 plane
1696 5540 1849 5596 aliud
1890 5542 2030 5595 nihil
2077 5549 2205 5595 sunt

628 5653 793 5709 quam
828 5636 1168 5689 irritamenta
1201 5647 1323 5702 quae
1358 5638 1411 5686 te
1442 5630 1698 5685 inescent
1722 5646 1787 5685 ac
1818 5628 2111 5700 proliciant
2138 5627 2205 5683 ad

706 5850 744 5880 ¹¹
783 5843 953 5901 Eccli.
980 5858 1103 5907 xxv,
1150 5842 1230 5907 l9,
1265 5841 1351 5894 ‘25.
1436 5842 1477 5871 "
1512 5840 1642 5894 ibid.
1673 5841 1757 5895 EBG.

1839 5841 1878 5869 ’τ
1910 5840 2069 5894 Prov.
2102 5856 2133 5892 γ
2156 5881 2168 5904 ,
2199 5838 2350 5893 ε-ιο.

2315 3969 2606 4023 εὐλάϐειαν
2640 3969 2875 4039 ἔχουσιν,
2912 3971 3007 4023 καὶ
3031 3971 3205 4033 οὕτως
3238 3972 3633 4044 ὑποκρίνονται,
3660 3970 3831 4039 ὕστερον

2313 4060 2371 4114 δὲ
2421 4061 2655 4124 ἀναιδῶς
2705 4062 2886 4115 πάντα
2932 4062 3243 4133 τολμῶσιν·
3308 4065 3415 4135 πρὸ
3462 4065 3560 4133 τῆς
3606 4060 3833 4130 συντυχίας

2313 4151 2570 4206 λαλοῦσιν
2593 4152 2837 4223 πραέως,
2865 4148 2961 4207 καὶ
2991 4153 3054 4207 τὸ
3085 4152 3310 4226 βλέμμα
3337 4154 3509 4219 κάτω,
3541 4155 3626 4208 καὶ
3648 4150 3833 4222 συνεχῶς

2313 4242 2671 4315 δακρύουσαι,
2711 4242 3145 4313 σχηματίζονται
3178 4246 3421 4315 σεμνῶς,
3454 4246 3543 4298 καὶ
3572 4245 3722 4315 πικρὰ
3751 4259 3837 4294 στι-

2314 4335 2589 4399 νάζουσιν.
2660 4334 2973 4404 Ἐρωτῶσιν
3044 4336 3174 4406 περὶ
3242 4338 3509 4403 ἁγνείας,
3572 4337 3660 4389 καὶ
3705 4335 3835 4405 ἡδέως

2313 4428 2630 4482 ἀκούουσιν.
2664 4428 2906 4498 Δευτέρᾳ
2936 4426 3198 4497 συντυχίᾳ
3227 4428 3324 4480 καὶ
3372 4428 3563 4498 μικρὸν
3602 4426 3837 4478 ἀνένευσαν

2313 4521 2461 4575 ἄνω·
2513 4519 2712 4590 τρίτῃ,
2768 4522 2831 4573 σὺ
2887 4519 3250 4589 ἐμειδίασας,
3302 4519 3535 4589 κάκείνη
3581 4517 3837 4586 κεχυμένως

2313 4612 2597 4682 ἐγέλασεν.
2623 4612 2823 4667 Λοιπὸν
2852 4613 2948 4665 καὶ
2992 4612 3187 4680 λόγους
3217 4610 3475 4665 λαλοῦσιν
3525 4610 3836 4680 μαλάσσοντας

2314 4704 2375 4757 τὸ
2404 4703 2631 4774 αἰσχρὸν
2662 4704 2857 4765 πάθος.
2893 4702 3085 4756 Ὶάὖτα
3127 4704 3182 4755 δὲ
3212 4703 3462 4771 γίνονταί
3498 4719 3578 4755 σοι
3623 4702 3834 4768 ἄγκιστρα

2312 4794 2638 4859 δελεάζοντα
2662 4796 2742 4859 εἰς
2782 4795 3033 4850 θάνατον.
3087 4797 3360 4865 Κρείττον
3406 4793 3498 4849 οῦν
3540 4791 3833 4865 προσεγγίσαι

2313 4890 2449 4961 πυρὶ
2490 4891 2789 4961 καιομένῳ,
2828 4891 2860 4961 ἦ
2894 4891 3117 4957 γυναικὶ
3145 4890 3264 4961 νέᾳ,
3316 4890 3438 4955 νέος
3470 4887 3543 4942 ῶν
3573 4887 3660 4942 καὶ
3700 4884 3828 4941 αὑτός.

2314 4982 2494 5053 Πυρὺς
2522 4983 2625 5053 μὲν
2667 4983 2977 5053 ἁπτόμενος
3007 4983 3102 5037 καὶ
3140 4982 3447 5054 ὀδυνηθεὶς,
3488 4979 3749 5051 ἁποπηδᾷς
3770 4990 3829 5027 τα·

2312 5074 2454 5146 χέως
2484 5090 2499 5106 ο
2536 5076 2798 5144 γυναικὸς
2852 5076 2909 5129 δὲ
2962 5077 3173 5146 ῥήμασι
3223 5074 3561 5145 χαυνωθεὶς,
3612 5066 3823 5140 δυσχεμκ

2312 5167 2715 5238 ἀναχωρήσεις.
2735 5167 2912 5221 Καλὸν
2936 5162 3029 5221 οὖν
3055 5170 3201 5220 ἐστιν
3230 5168 3327 5220 καὶ
3350 5166 3637 5238 εὐάρεστον
3662 5163 3730 5232 τῷ
3752 5156 3828 5225 Θεῷ

2243 5258 2286 5311 D
2318 5259 2412 5312 καὶ
2462 5256 2774 5328 ἀνθρώποις
2816 5258 3239 5329 παραιτεῖσθαι,
3286 5258 3383 5310 καὶ
3421 5257 3496 5328 μὴ
3541 5251 3832 5321 ἐνδελεχίζειν

2313 5351 2531 5416 αὐταῖς,
2566 5350 2654 5404 ἵνα
2692 5349 2765 5422 μὴ
2811 5351 3191 5421 ἐμπλακέντες
3233 5352 3315 5412 εἰς
3346 5349 3416 5403 τὰ
3464 5346 3636 5401 αὐτῶν
3669 5344 3835 5397 δίκτυα.

2314 5442 2755 5514 κινδυνεύσωμεν
2798 5444 3085 5514 ρυσθῆναι,
3121 5443 3197 5505 ὡς
3234 5444 3305 5496 τὰ
3343 5443 3645 5511 ἐμπεσόντα
3671 5434 3837 5500 (uidet:

2312 5538 2370 5590 ὲν
2400 5536 2478 5607 τῷ
2526 5536 2658 5607 ἱστῷ
2702 5536 2804 5605 τῆς
2852 5538 3132 5608 ἀράχνηςο
3194 5536 3432 5607 μάλιστα
3480 5532 3630 5603 ἡμεῖς
3676 5527 3717 5580 οἱ
3754 5520 3837 5576 τῶν

2311 5628 2530 5682 οἰκείων
2557 5627 2989 5699 ἀποταξάμενοι,
3032 5629 3126 5682 καὶ
3171 5627 3402 5689 ἑαυτοὺς
3435 5623 3510 5695 τῷ
3552 5618 3659 5691 Θεῷ
3684 5611 3839 5672 duo“

2464 5836 2505 5867 "‘
2541 5839 2559 5893 l
2590 5838 2717 5893 Cor.
2748 5855 2840 5905 vn,
2874 5839 2963 5905 52,
3002 5840 3091 5896 55.
3193 5841 3235 5871 "
3258 5838 3447 5893 Matth.
3472 5852 3521 5899 ν,
3546 5830 3625 5885 ‘28.
