4052 6546
295 401 431 465 1ί85

920 411 1250 471 llUMlLlA
1288 410 1595 471 XVIII.-
1624 409 2235 471 CANTATRICULIS
2268 407 2428 469 NON
2467 407 2985 468 ASSIDENDUM.

3425 406 3561 471 1486

292 534 469 589 μενοι,
519 518 581 571 ού
636 518 830 589 χρείαν
869 520 1069 593 ἔχομεν
1124 522 1226 593 τῆς
1267 522 1510 591 ματαίας
1553 521 1733 575 αὐτῶν
1782 523 1878 575 καὶ

2005 529 2215 575 nortem
2248 534 2265 573 :
2295 533 2465 588 quare
2493 517 2815 587 praestiterit
2842 515 3061 571 ardenti
3095 514 3207 587 igni
3239 517 3469 587 propius
3502 537 3562 575 se

287 609 668 679 ψυχοϐλαϐοὗς
693 613 1005 681 συντυχίας,
1038 613 1125 666 ἴνα
1156 615 1231 684 μὴ
1268 614 1495 684 γένηται
1525 613 1690 681 ἄλγος
1721 615 1780 665 ἐν
1807 615 1873 685 τῇ

290 701 437 771 ψυχῇ
467 702 645 772 ήμῶν.
686 703 744 755 ὐ
770 704 881 774 γὰρ
927 704 1270 776 φιλάμαρτος
1310 705 1525 775 δαίμων
1565 705 1740 759 πολλὰ
1774 721 1878 775 μη-

293 795 525 865 χανᾶται
575 794 697 847 καθ’
721 796 913 865 ἡμῶν
956 795 1254 850 ὑποϐάλλει
1301 797 1496 861 αὐταῖς
1537 796 1879 867 παρακαλεῖν

300 886 442 956 μετὰ
472 886 812 956 ποτνιασμοῦ
839 887 933 940 καὶ
964 888 1241 960 δακρύων,
1279 890 1521 961 συνεχῶς
1552 890 1881 944 ἐπισκέπτε-

296 978 426 1031 σθαι
454 980 645 1043 αὐτάς,
672 980 767 1033 καὶ
794 984 1045 1051 προνοεῖν
1072 982 1159 1037 διὰ
1182 982 1274 1037 τὸν
1301 982 1396 1037 τοῦ
1426 984 1636 1055 Κυρίου
1665 982 1877 1054 μισθόν.

300 1070 620 1139 Πειθόμενοι
651 1070 707 1123 δὲ
734 1072 948 1137 αὑταῖς,
985 1074 1220 1144 αίρομεν
1253 1076 1623 1146 ἀντιμισθίαν,
1651 1075 1882 1130 δυσίατα

300 1164 437 1233 ἕλκη
477 1164 535 1216 ὲν
562 1165 629 1232 τῇ
664 1164 835 1234 ψυχῇ,
879 1165 974 1217 καὶ
1026 1165 1326 1237 λογισμοὺς
1375 1167 1689 1236 αἰσχίστους
1716 1184 1729 1197 ·
1785 1168 1884 1221 καὶ

301 1254 515 1329 λοιπὸν,
542 1256 575 1325 ἡ
601 1256 799 1325 καρδία
826 1261 1211 1330 ταρασσομένη
1249 1259 1535 1324 κολάζεται
1567 1259 1641 1323 ὡς
1672 1260 1883 1331 δημίων

301 1346 687 1400 ἐπιτεινόντων
731 1347 901 1418 αὐτὴν
942 1348 1072 1402 ἔνθα
1114 1350 1209 1403 καὶ
1253 1349 1414 1415 ἔνθα,
1458 1350 1553 1404 τοῦ
1612 1351 1732 1416 νοὸς
1788 1351 1884 1406 καὶ

299 1438 401 1493 τοῦ
453 1439 681 1502 πάθους.
742 1441 1093 1514 Ματαιοσύνη
1144 1443 1238 1497 οὖν
1287 1446 1420 1516 ἡμῖν
1474 1447 1644 1511 ἐστιν,
1698 1446 1885 1511 καθὼς

304 1533 655 1604 προείρηται,
686 1520 926 1602 ἀφέντας
965 1539 1165 1604 γονεῖς,
1201 1538 1297 1590 καὶ
1332 1537 1620 1602 ἀδελφοὺς,
1651 1539 1884 1593 κτᾶσθαι

305 1624 601 1693 συντυχίας
644 1624 725 1686 είς
760 1622 938 1694 ψυχῆς
989 1624 1292 1680 ἀπώλειαν.
1327 1626 1505 1691 Ὀλως
1552 1627 1660 1697 γὰρ
1715 1628 1887 1697 άναρ·

307 1716 494 1785 μόδιόν
532 1716 680 1769 ἐστιν
731 1717 1006 1787 ἀνθρώπῳ
1060 1718 1303 1787 ἀσκῆσαι
1357 1719 1688 1791 βουλομένῳ,
1747 1719 1888 1791 μετὰ

304 1806 569 1875 γυναικὸς
600 1805 803 1859 ἐσθίειν
852 1806 948 1860 καὶ
980 1806 1232 1879 πίνειν,ἢ
1263 1808 1369 1861 ὑπὸ
1391 1809 1647 1877 γυναικὲος
1678 1810 1889 1881 ὑπηρε-

1979 610 2299 675 admovere,
2329 625 2494 679 quam
2526 608 2744 664 mulieri
2778 628 2791 663 :
2824 608 3130 678 praesertim
3156 608 3381 677 juvenis
3410 621 3563 663 uter-

1980 718 2089 773 que
2119 704 2165 758 si
2189 710 2295 757 est.
2320 702 2539 757 Etenim
2566 716 2800 756 excusso
2829 701 2974 771 igne,
3001 700 3223 755 tametsi
3248 700 3563 757 vehementi
3658 724 3665 735 »

1982 794 2173 850 dolore
2205 794 2469 859 allectus,
2506 794 2664 847 ocius
2701 792 2754 847 in
2789 800 2992 847 terram
3024 791 3238 847 desilis.
3269 792 3338 847 At
3366 794 3563 848 mulie-

1983 889 2070 944 bri
2110 887 2587 957 blandiloquentia
2634 886 3031 955 praemollitus,
3078 904 3188 942 non
3234 887 3345 958 jam
3389 904 3560 959 parvo

1985 980 2206 1052 negotio
2246 989 2299 1035 te
2339 979 2409 1035 ab
2453 980 2547 1034 illa
2590 988 2848 1033 excutere
2889 980 3135 1049 potueris
3170 996 3233 1035 ac
3270 980 3561 1047 secedere,

1990 1071 2204 1144 1054Ι
2235 1072 2441 1127 bonum
2474 1071 2664 1142 igitur,
2693 1069 2789 1124 sed
2824 1078 2880 1125 et
2906 1070 3019 1125 Deo
3052 1082 3216 1140 atque
3247 1072 3566 1128 hominibus

1987 1181 2114 1220 cum
2146 1164 2340 1235 primis
2369 1173 2679 1234 acceptum,
2706 1171 2766 1216 ut
2790 1177 2893 1217 nos
2920 1162 2990 1216 ab
3020 1162 3235 1217 illarum
3266 1177 3566 1221 consuetu.

1988 1257 2118 1312 dine
2163 1257 2499 1312 extricemus
2551 1253 2882 1317 vitabundi,
2927 1269 3030 1308 nec
3085 1254 3167 1309 eis
3219 1257 3570 1314 continenter

1989 1347 2366 1410 assideamus,
2412 1359 2483 1400 ne
2535 1343 2758 1415 quando
2806 1358 2999 1397 earum
3052 1344 3266 1398 retibus
3314 1347 3568 1417 impliciti

1989 1438 2389 1509 periclitemur,
2415 1437 2553 1508 quin
2586 1437 2899 1493 libertatem
2926 1451 3090 1506 quam
3120 1436 3378 1494 ocissime
3412 1442 3571 1495 nobis

1989 1529 2357 1594 vindicemus,
2389 1545 2490 1585 ceu
2522 1529 2769 1583 assolent
2800 1527 3133 1582 animalcula
3161 1531 3370 1598 quaevis
3401 1534 3569 1587 semel

1991 1622 2114 1678 tela.
2164 1622 2459 1677 arachneze
2492 1622 2707 1690 illapsa.
2749 1620 2862 1676 Nos
2888 1619 3137 1675 omnium
3182 1624 3437 1689 maxime,
3478 1625 3572 1694 qui

1993 1714 2189 1769 relicto
2263 1714 2484 1785 peculio
2528 1722 2676 1769 totos
2737 1729 2839 1769 nos
2906 1714 3020 1771 Deo
3090 1716 3573 1783 consecravimus,

1993 1810 2133 1865 nihil
2177 1810 2234 1866 in
2278 1820 2559 1881 posterum
2603 1814 2832 1866 necesse
2877 1813 2949 1865 sit
2991 1826 3114 1866 cum
3163 1812 3271 1867 illis
3312 1814 3574 1885 congredi

306 1899 540 1963 τεῖσθαι,
580 1899 614 1971 ἦ
664 1901 916 1971 προνοεῖν
955 1900 1251 1969 γυναικῶν,
1301 1902 1334 1974 ἢ
1383 1902 1524 1966 ὅλως
1560 1904 1681 1972 μετ’
1711 1902 1891 1957 αὐτῶν

2005 1902 2348 1966 familiarius,
2375 1917 2614 1972 quarum
2644 1902 2870 1972 quidem
2902 1902 3300 1979 confabulatio,
3333 1915 3389 1961 et
3413 1907 3574 1976 plena

308 1990 455 2060 ἐὶειν
477 1991 701 2059 γνῶσιν.
739 1989 972 2061 Ὁμοίως
998 1991 1055 2044 δὲ
1083 1993 1179 2045 καὶ
1202 1995 1521 2056 κανονικαῖς
1546 1993 1890 2066 ἀνάρμοστόν

308 2085 431 2136 ἐστι
466 2083 783 2148 συνδυάζειν
816 2084 955 2155 μετὰ
980 2085 1211 2155 ἀνδρῶν,
1242 2086 1384 2157 πρὸς
1407 2086 1468 2140 τὸ
1488 2088 1691 2160 μηδένα
1723 2105 1892 2142 σκαν-

309 2175 628 2238 δαλίζεσθαι
676 2177 743 2230 δι’
775 2176 969 2248 ⁴ἡμῶν,
1000 2177 1115 2231 ἀλλ’
1148 2177 1235 2232 ἵνα
1277 2172 1428 2250 ὦμεν
1477 2182 1644 2234 πᾶσιν
1682 2181 1893 2252 ἀπρόσ-

310 2284 496 2322 κοποι.
533 2288 552 2321 ι
587 2270 800 2333 Είδότες
832 2272 962 2342 γὰρ,
1012 2270 1199 2341 φησὶν,
1231 2270 1323 2325 τὸν
1356 2270 1521 2340 φόϐον
1549 2270 1637 2326 τοῦ
1664 2273 1892 2344 Κυρίου,

310 2360 640 2431 ἀνθρώπους
673 2362 957 2433 πείθομεν,
989 2362 1110 2433 Θεῷ
1140 2364 1197 2417 δὲ
1228 2363 1635 2435 φανερούμεθα.
1671 2384 1690 2417 ι
1718 2365 1895 2438 Φοϐη-

313 2450 501 2520 θῶμεν
539 2452 746 2516 τοίνυν,
782 2453 859 2516 ὡς
893 2453 1138 2525 εἴρηται,
1179 2452 1275 2506 τοῦ
1326 2454 1679 2508 σκανδαλίσαι
1717 2455 1894 2523 τινὰς,

314 2543 611 2608 ἀκούοντες
649 2545 744 2598 τοῦ
795 2545 1026 2617 Κυρίου,
1069 2545 1344 2613 λέγοντος,
1374 2547 1458 2600 ὅτι
1512 2548 1784 2620 συμφέρει
1808 2547 1899 2602 ἴνα

313 2634 468 2697 λίθος
502 2635 730 2705 μυλικὸς
756 2636 1048 2705 κρεμασθῇ
1095 2636 1227 2706 περὶ
1261 2635 1355 2688 τὸν
1393 2635 1665 2707 τράχηλον
1705 2637 1897 2702 αὑτοῦ,

317 2725 414 2779 καὶ
447 2726 614 2795 ριφθῇ
651 2727 733 2789 εἰς
769 2727 869 2795 τὴν
914 2725 1213 2790 θάλασσαν,
1243 2726 1275 2798 ἢ
1313 2726 1399 2779 ἵνα
1447 2728 1778 2800 σκανδαλίσῃ
1804 2729 1903 2783 ἕνα

315 2817 429 2870 ⁶τῶν
474 2817 690 2888 μικρῶν
740 2817 967 2871 τούτων.
1014 2818 1135 2889 Χρὴ
1177 2814 1271 2872 οὖν
1308 2820 1385 2882 ὡς
1449 2820 1556 2872 ἀπὸ
1608 2821 1903 2891 προσώπου

314 2908 497 2981 ὄφεως
545 2908 639 2961 καὶ
680 2907 957 2978 ἁμαρτίας
1012 2908 1263 2979 μεγάλης
1294 2909 1521 2977 φεύγειν
1567 2910 1662 2963 ἀπ’
1694 2911 1902 2978 αὐτῶν,

314 3001 410 3055 διὰ
440 3001 502 3054 τὸ
540 3002 923 3072 θανατηφόρον
962 2998 1105 3054 εἷναι
1133 3003 1247 3065 τοῖς
1294 3002 1641 3073 βουλομένοις
1690 3006 1901 3070 ἀσκεῖν,

314 3094 383 3146 οὑ
421 3092 581 3163 μόνον
617 3092 718 3164 τὴν
748 3092 927 3145 αὐτῶν
970 3091 1207 3162 ὁμιλίαν,
1240 3093 1376 3147 ἀλλὰ
1406 3094 1498 3147 καὶ
1531 3095 1633 3166 τὴν
1663 3095 1904 3168 ἐνθύμη-

319 3201 429 3236 σιν.
460 3183 709 3237 Διδάσκει
739 3184 793 3235 δὲ
820 3185 969 3254 ἡμᾶς
998 3182 1157 3236 τοῦτο
1191 3185 1220 3237 6
1253 3184 1667 3257 Παροιμιαστὴς
1703 3185 1899 3255 λέγων’

325 3295 350 3327 ι
383 3276 474 3346 Μὴ
503 3275 608 3345 δῷς
639 3276 731 3327 σὸν
765 3274 998 3328 πλοῦτον
1032 3276 1289 3344 γυναικίο
1331 3295 1349 3329 ι
1383 3278 1481 3330 καὶ
1507 3277 1596 3330 τὸν
1629 3277 1722 3332 σὺν
1757 3277 1903 3344 νοῦν,

321 3369 408 3432 εἰς
437 3366 878 3436 ὑστεροϐουλίαν.
896 3366 1009 3419 Kal
1032 3366 1193 3429 ἄλλος
1218 3382 1232 3396 ο
1262 3385 1281 3417 ι
1307 3367 1462 3420 Μετὰ
1487 3366 1797 3438 ψαλλούσης
1832 3370 1907 3442 μὴ

320 3457 648 3529 ἐνδελέχιζε,
688 3459 761 3529 μή
792 3475 927 3512 ποτε
950 3458 1094 3528 ἁλῷς
1126 3460 1183 3511 ὲν
1213 3461 1327 3522 τοῖς
1356 3460 1780 3531 ἐπιχειρήμασιν
1811 3461 1911 3514 αὑ-

320 3553 447 3621 τῆς.
475 3570 492 3601 ι
520 3545 689 3619 Οἶμαι
717 3549 774 3602 δὲ
808 3549 904 3602 καὶ
935 3550 1027 3604 τὸν
1062 3551 1310 3615 Ἡσαΐαν,
1343 3553 1474 3622 περὶ
1500 3552 1681 3606 αὐτῶν
1707 3552 1910 3621 λέγειν,

329 3659 355 3693 α
393 3641 535 3695 Ἀνθ⁹
572 3634 648 3695 ὧν
678 3642 975 3713 ὐψώθησαν
1013 3643 1071 3695 αἱ
1116 3644 1414 3715 θυγατέρες
1447 3644 1606 3709 Σιὼν,
1658 3647 1750 3698 καὶ
1784 3648 1915 3700 ἑπο-

326 3734 605 3806 ρεύθησαν
647 3733 838 3805 ὑψηλῷ
871 3736 1129 3807 τραχήλῳ
1175 3736 1273 3790 καὶ
1312 3741 1372 3791 ὲν
1408 3737 1676 3808 νεύμασιν
1715 3739 1915 3806 ὀφθαλ-

329 3828 474 3897 μῶν,
506 3847 524 3879 ι
564 3828 660 3881 καὶ
713 3826 783 3880 τὰ
829 3827 979 3898 ἑξῆς.
1028 3830 1137 3882 Kal
1183 3830 1383 3898 ἐπάγει
1408 3846 1423 3859 ·
1460 3830 1609 3883 «Καὶ
1648 3833 1676 3884 6
1709 3831 1916 3902 Κύριος

325 3920 675 3990 ἀποκαλύψει
710 3921 772 3974 τὸ
800 3922 987 3992 σχῆμα
1020 3921 1199 3974 αὐτῶν
1231 3924 1289 3974 ἐν
1335 3925 1401 3993 τῇ
1433 3924 1616 3995 ἡμέρᾳ
1645 3924 1852 3997 ἐκείνῃ.
1889 3945 1908 3978 ι

327 4013 519 4082 ’Ὅπερ
579 4013 789 4082 ἀπέϐη,
827 4013 903 4075 ὡς
965 4013 1358 4084 ὑπολαμϐάνω,
1396 4016 1488 4068 ἐπὶ
1552 4016 1653 4084 τῆς
1709 4034 1917 4086 παρου-

328 4104 455 4167 σίας
484 4103 591 4156 τῶν
620 4106 927 4159 Χαλδαίων,
965 4104 1130 4173 Λέγει
1160 4107 1215 4159 δὲ
1240 4108 1334 4159 καὶ
1357 4107 1593 4177 ἀλλαχοῦ
1616 4124 1629 4138 °
1656 4127 1674 4160 ι
1703 4108 1916 4176 Παρθέ-

326 4213 427 4249 νον
454 4195 528 4267 μὴ
554 4197 965 4266 καταμάνθανε,
1006 4198 1079 4268 μή
1124 4214 1255 4251 ποτε
1293 4200 1691 4274 σκανδαλισθῇς
1720 4204 1778 4256 ἐν
1805 4206 1917 4268 τοῖς

328 4287 631 4354 ἐπιτιμίοις
656 4286 844 4354 αὐτῆς.
870 4305 889 4335 ι
925 4286 1032 4338 Καὶ
1059 4283 1216 4350 αὖθις
1236 4303 1280 4338 ἰ
1308 4283 1487 4349 Οἶνος,
1516 4289 1611 4342 καὶ
1632 4292 1912 4356 γυναῖκες,

327 4378 735 4447 ἀποστήσουσιν
764 4377 994 4447 καρδίας
1025 4380 1284 4433 συνετῶν.
1332 4397 1351 4431 ›
1391 4380 1499 4433 Καὶ
1537 4380 1565 4432 6
1588 4381 1916 4452 Ἐκκλησια-

329 4470 472 4538 στής
492 4484 505 4496 ·
537 4488 553 4518 ι
578 4468 914 4540 Πικρότερον
941 4469 1081 4541 ὑπὲρ
1108 4470 1338 4525 θάνατον
1371 4472 1625 4541 συζητεῖν
1656 4478 1915 4541 γυναῖκα,

1992 2000 2078 2046 est
2113 1993 2379 2047 vanitatis
2415 1999 2471 2047 et
2508 1991 2803 2046 animabus
2845 1990 2986 2046 mire
3021 1991 3441 2050 detrimentosa.
3474 1996 3581 2053 Fas

1993 2084 2162 2157 igitur
2196 2084 2561 2156 defugiamus,
2590 2100 2661 2139 ne
2692 2082 2885 2156 ﬂagitii
2921 2084 3203 2156 quidpiam
3236 2087 3577 2144 adhagreseat

1994 2178 2287 2233 animabus
2309 2177 2518 2232 nostris
2547 2194 2562 2231 :
2596 2177 2714 2247 ipse
2740 2176 2890 2232 enim
2917 2177 3131 2233 daemon
3156 2180 3368 2249 peccati
3391 2194 3579 2236 aman-

1996 2270 2265 2337 tissimus,
2283 2277 2594 2325 commenta
2622 2268 2917 2323 adversum
2942 2285 3046 2325 nos
3075 2286 3187 2326 non
3214 2287 3389 2342 pauca
3417 2287 3578 2329 exco-

1995 2362 2132 2434 gitat
2153 2378 2219 2418 ac
2240 2362 2467 2418 molitur
2491 2361 2777 2416 insidiose.
2801 2361 2929 2417 Istis
2951 2362 3292 2418 mulierculis
3315 2367 3579 2436 suggerit,

1997 2464 2162 2510 orent
2204 2469 2305 2509 nos
2349 2469 2477 2508 eum
2524 2452 2784 2524 lacrymis
2831 2463 2890 2507 et
2933 2453 3335 2521 obtestatione,
3378 2472 3472 2512 eas
3521 2467 3582 2512 ut

1998 2547 2219 2602 assidue
2261 2547 2579 2611 visitemus,
2614 2546 2834 2601 illarum
2878 2546 3043 2602 saluti
3091 2555 3153 2601 ut
3192 2550 3579 2613 consulamus,

2000 2655 2096 2710 spe
2123 2640 2394 2695 mercedis
2423 2655 2451 2693 a
2478 2638 2712 2694 Domino
2737 2637 3074 2694 obtinendae.
3098 2638 3182 2695 Ab
3210 2640 3329 2696 istis
3359 2641 3581 2697 interim

2002 2730 2254 2801 persuasi
2287 2728 2592 2784 auferimus
2624 2728 3164 2795 remunerationem,
3195 2730 3383 2785 ulcera
3417 2731 3584 2786 nimi-

2005 2839 2127 2878 rum
2156 2823 2355 2877 animae
2378 2821 2471 2875 vix
2498 2821 2627 2876 ullis
2655 2820 2899 2876 curanda
2929 2821 3215 2887 antidotis,
3242 2823 3451 2879 salaces
3481 2824 3587 2880 sci-

2004 2915 2135 2969 licet
2159 2923 2215 2968 et
2236 2913 2504 2968 obscenas
2528 2912 2912 2982 cogitationes.
2930 2911 3084 2967 Adeo
3105 2913 3368 2985 deinceps
3391 2931 3486 2970 cor
3510 2923 3589 2970 tot

2005 3004 2268 3075 agitatum
2293 3003 2639 3073 intemperiis
2668 3018 2862 3072 poenas
2889 3002 2997 3057 luit
3020 3004 3220 3058 merito
3246 3020 3348 3059 suo
3373 3005 3587 3077 dignas,

2006 3095 2136 3150 dum
2168 3110 2327 3149 mens
2356 3103 2522 3164 atque
2547 3094 2767 3149 atl‘cctio
2796 3095 3051 3163 concepti
3078 3094 3341 3151 facinoris
3367 3112 3463 3151 cor
3490 3099 3593 3151 mi-

2008 3203 2194 3242 serum
2234 3187 2578 3252 distrahunt,
2612 3185 2780 3256 inque
2825 3186 3149 3242 carniﬁcum
3191 3204 3401 3244 morem
3443 3207 3594 3246 nunc

2008 3281 2119 3336 huc
2140 3280 2255 3343 ille,
2282 3294 2431 3333 nunc
2454 3278 2585 3334 illuc
2613 3280 2754 3335 alter
2780 3279 2907 3349 plus
2928 3296 3095 3350 quam
3127 3281 3335 3351 tragice
3366 3296 3597 3337 concer-

2010 3380 2170 3444 punt.
2209 3372 2439 3427 Omnem
2484 3372 2651 3442 igitur
2692 3380 2919 3443 superat
2954 3374 3289 3439 vanitatem,
3324 3390 3428 3430 nos
3467 3391 3592 3430 cum

2012 3474 2268 3535 parentes
2310 3464 2704 3535 reliquerimus
2745 3473 2801 3520 et
2844 3465 3077 3532 fratres,
3113 3468 3413 3522 conciliare
3453 3470 3595 3523 velle

2009 3558 2284 3629 ejusmodi
2337 3559 2635 3613 mulierum
2692 3558 3192 3632 consuetudinem,
3237 3559 3294 3613 in
3345 3569 3593 3630 apertam

2011 3652 2381 3723 perditionem
2419 3651 2634 3706 animae.
2669 3651 2904 3705 Prorsus
2941 3652 3141 3707 rationi
3184 3652 3593 3708 dissentaneum

2011 3742 2253 3804 videtur,
2278 3751 2337 3795 ut
2360 3742 2526 3796 homo
2550 3742 2738 3811 cupiat
2759 3743 3210 3799 exercitationem
3236 3744 3593 3799 monasticam

2014 3831 2296 3903 proﬁteri,
2350 3840 2405 3886 et
2448 3831 2593 3885 idem
2634 3846 2758 3885 cum
2803 3831 3036 3886 muliere
3080 3833 3166 3886 vel
3215 3833 3470 3888 comedat
3508 3835 3594 3887 vel

2014 3926 2190 3987 bibat,
2225 3933 2319 3977 aut
2347 3930 2497 3978 certe
2534 3938 2565 3976 a
2601 3923 2836 3977 muliere
2873 3931 3096 3993 expetat
3127 3924 3232 3979 sibi
3269 3925 3594 3988 ministrari,

2014 4015 2131 4070 sive
2158 4015 2398 4084 ipsarum
2426 4027 2619 4084 gerere
2648 4028 2863 4078 curam,
2887 4022 3058 4084 utque
3085 4015 3367 4069 absolvam
3399 4028 3597 4070 cuncta

2015 4105 2374 4175 compendio,
2398 4104 2466 4158 ad
2491 4119 2683 4158 earum
2709 4104 3024 4175 pertingere
3049 4106 3445 4175 cognitionem.
3472 4107 3595 4161 Pari

2011 4195 2135 4266 jure
2164 4209 2465 4264 congruum
2496 4194 2598 4256 sit,
2628 4209 2723 4248 eas
2751 4209 2873 4262 quae
2906 4208 2963 4248 se
2999 4195 3296 4249 canonicas
3328 4195 3597 4265 proﬁten-

2016 4293 2128 4348 tur,
2162 4300 2508 4340 communem
2559 4299 2685 4338 cum
2732 4284 2869 4340 viris
2911 4285 3149 4355 tolerare
3192 4287 3396 4352 vitam,
3427 4296 3487 4342 ut
3531 4305 3598 4342 ne

2017 4378 2149 4448 quid
2186 4377 2425 4432 scandali
2462 4378 2745 4432 exoriatur
2778 4377 2952 4431 nostri
2986 4393 3181 4443 causa;
3212 4379 3348 4448 quin
3378 4380 3598 4434 studea-

2017 4485 2142 4523 mus
2175 4469 2360 4539 potius
2394 4469 2661 4524 exhibere
2692 4484 2794 4523 nos
2826 4469 3042 4525 czeteris
3072 4469 3331 4525 omnibus
3362 4471 3600 4540 irreprc—

324 4562 456 4631 ἥτις
504 4562 650 4614 ἐστὶν
706 4560 980 4632 θήρευμα,
1034 4564 1130 4615 καὶ
1187 4556 1400 4635 σαγήνη
1454 4566 1652 4637 καρδία
1707 4567 1902 4637 αὐτῆςε

2020 4561 2339 4617 liensibiles.
2394 4579 2412 4611 ‹
2480 4562 2766 4625 Scientes,
2816 4561 2895 4614 ait
2954 4560 3291 4631 Apostolus,
3341 4562 3595 4617 timorem

324 4650 532 4722 δεσμὸς
583 4653 665 4716 εἰς
698 4656 891 4724 χεῖρας
939 4655 1144 4724 αὑτῆς⁶
1200 4656 1407 4723 ἀγαθὸς
1462 4656 1569 4731 πρὸ
1621 4658 1918 4729 προσώπου

326 4743 431 4796 τοῦ
466 4744 602 4797 Θεοῦ
634 4745 1071 4814 ἀφαιρεθήσεται
1100 4747 1193 4800 ἀπ’
1225 4748 1415 4819 αὐτῆς,
1452 4750 1547 4802 καὶ
1588 4751 1919 4822 ἁμαρτάνων

331 4835 777 4907 συλληφθήσεται
809 4840 868 4891 ὲν
898 4839 1057 4911 αὐτῇ.
1093 4859 1112 4890 ι
1148 4841 1259 4894 Kal
1301 4843 1590 4912 ἐπιφέρει·
1627 4862 1644 4894 ι
1676 4843 1920 4914 Εὐφραί-

329 4942 451 4987 νου,
485 4927 763 4992 νεανίσκε,
785 4931 842 4983 ἐν
858 4930 1077 4999 νεότητί
1105 4948 1223 4999 σου,
1245 4933 1341 4985 καὶ
1372 4934 1666 5005 περιπάτει
1696 4936 1756 4987 ὲν
1783 4936 1920 4999 ὁδοῖς

330 5017 604 5088 ἀμῶμως,
631 5021 727 5073 καὶ
759 5020 833 5091 μὴ
861 5025 915 5074 ἐν
940 5023 1132 5092 ὁράσει
1160 5022 1453 5094 ὀφθαλμῶν
1479 5042 1591 5088 σου,
1625 5027 1717 5078 καὶ
1748 5025 1917 5094 γνῶθι

332 5111 433 5161 ἐπὶ
465 5096 630 5166 πᾶσιν
658 5111 892 5179 τούτοις,
931 5114 1012 5167 ὃτι
1046 5115 1165 5179 ἄξει
1200 5132 1259 5167 σε
1291 5118 1319 5169 6
1347 5116 1479 5181 Θεὸς
1534 5118 1614 5181 είς
1652 5116 1853 5187 κρίσιν.
1892 5137 1909 5169 ι

348 5202 628 5266 Ὡσαύτως
680 5203 773 5256 καὶ
815 5206 844 5257 6
904 5205 1261 5271 Ἀπόστολος·
1297 5226 1338 5281 ἰ
1369 5209 1506 5271 Τοὺς
1555 5210 1661 5281 γὰρ
1710 5211 1919 5275 πάντας

328 5296 488 5363 ἡμᾶς
529 5296 909 5367 φανερωθῆναι
953 5297 1035 5351 δεῖ
1068 5298 1379 5372 ἔμπροσθεν
1421 5301 1516 5354 τοῦ
1550 5303 1795 5373 βήματος
1822 5302 1918 5357 τοῦ

331 5386 617 5458 Χριστοῦ·
657 5388 745 5441 ἵνα
787 5388 1086 5460 κομίσηται
1124 5390 1357 5456 ἕκαστος
1411 5393 1478 5445 τὰ
1526 5394 1619 5445 τοῦ
1667 5393 1919 5463 σώματος

331 5480 479 5553 πρὸς
524 5481 559 5535 ἃ
598 5482 853 5552 ἔπραξεν,
899 5485 1008 5538 εἴτε
1042 5484 1243 5554 ἀγαθὰ,
1293 5486 1405 5539 εἴτε
1452 5489 1617 5542 κακά.
1662 5507 1681 5539 ι
1724 5488 1918 5559 Ἡμεῖς

329 5570 436 5627 οὖν
465 5575 512 5625 οἱ
538 5574 822 5639 δοκοῦντες
848 5576 1048 5631 ειδέναι
1078 5576 1175 5641 τὰς
1200 5578 1445 5649 Γραφάς,
1481 5580 1575 5633 καὶ
1606 5578 1681 5651 μὴ
1713 5580 1919 5649 φυλάσ-

332 5681 550 5730 σοντες,
582 5666 987 5740 περισσοτέρως
1020 5668 1219 5740 ἔχομεν
1257 5670 1591 5741 έγκληθῆναι
1625 5671 1763 5743 ὑπὲρ
1792 5671 1921 5736 τοὺς

422 5844 533 5899 '“ll
568 5843 694 5899 Cor.
736 5827 789 5913 v,
843 5846 929 5900 ll.
1025 5847 1065 5878 "
1115 5844 1307 5902 Matth.
1339 5862 1493 5909 mn,
1534 5844 1587 5900 6.

2020 4653 2259 4717 Domini,
2292 4653 2588 4707 suademus
2624 4652 2966 4717 hominibus,
2997 4654 3111 4708 Deo
3144 4663 3331 4708 autem
3370 4654 3601 4709 manife-

2021 4746 2091 4801 sti
2121 4760 2313 4800 sumus
2339 4746 2400 4800 ¹⁶.
2436 4764 2456 4796 ι
2491 4744 2845 4799 Metuendum
2881 4759 3013 4799 sane
3039 4744 3222 4809 nobis,
3256 4760 3355 4800 ceu
3391 4745 3600 4800 dictum

2021 4847 2126 4900 est,
2157 4854 2226 4893 ne
2265 4838 2357 4908 qui
2401 4854 2502 4907 per
2540 4853 2639 4892 nos
2677 4838 2733 4891 in
2773 4836 3092 4892 scandalum
3122 4838 3297 4891 ullum
3330 4837 3598 4901 incidant,

2021 4945 2148 4985 cum
2177 4928 2319 4983 dicat
2349 4928 2638 4992 Dominus,
2668 4927 2797 4997 quia
2831 4926 3032 4982 melius
3060 4934 3144 4982 est
3175 4934 3237 4980 ut
3265 4927 3404 4997 lapis
3434 4927 3604 4980 mola-

2023 5022 2099 5078 ris
2126 5019 2363 5091 pendeat
2392 5035 2422 5072 a
2454 5020 2618 5083 collo,
2644 5027 2701 5074 et
2726 5018 2772 5074 is
2801 5018 3123 5089 projiciatur
3152 5017 3207 5072 in
3240 5034 3411 5082 mare,
3436 5035 3602 5089 quatit

2022 5122 2083 5168 ut
2115 5112 2448 5167 scandalizet
2480 5128 2651 5167 unum
2690 5128 2757 5166 ex
2790 5113 2879 5166 his
2914 5112 3131 5181 pusillis
3154 5112 3217 5167 ¹⁷.
3248 5112 3439 5182 Itaque
3480 5122 3538 5167 ut
3572 5130 3602 5166 a

2022 5196 2164 5263 Tacie
2197 5207 2496 5277 serpentis,
2526 5216 2583 5261 et
2612 5224 2640 5261 a
2670 5207 2933 5277 perplexo
2962 5206 3220 5277 quopiam
3251 5216 3497 5277 peccato,
3529 5208 3603 5261 ita

2022 5311 2078 5357 et
2106 5302 2175 5356 ab
2208 5301 2330 5356 istis
2362 5315 2529 5370 porro
2563 5299 2958 5363 secedendum,
2983 5299 3131 5369 quod
3169 5308 3601 5369 praesentaneam

2022 5395 2218 5450 afferat
2261 5402 2497 5449 mortem
2545 5392 2761 5447 illarum
2805 5392 3147 5448 consuetudo
3191 5393 3259 5447 iis
3296 5393 3391 5463 qui
3432 5393 3601 5447 vitam

2024 5476 2282 5541 exercent
2303 5484 2683 5539 monasticam.
2702 5485 2813 5540 Nec
2835 5484 3057 5539 illarum
3079 5485 3403 5540 declinanda
3426 5485 3605 5540 solum

2025 5577 2334 5649 colloquia,
2375 5577 2472 5633 sed
2522 5586 2577 5633 ct
2622 5576 2690 5632 de
2736 5577 2819 5633 eis
2864 5579 3259 5650 cogitationem
3304 5578 3374 5633 ab
3422 5577 3605 5631 radice

2027 5670 2261 5725 convelli
2306 5678 2569 5742 oportere
2608 5669 2774 5726 docet
2814 5671 3206 5727 Paroemiastes
3252 5688 3265 5724 :
3321 5690 3338 5721 ι
3386 5670 3463 5726 Ne
3508 5670 3607 5726 des
