4052 6538
644 407 663 468 I
679 405 777 469 487
1879 395 2244 458 ANTIOCHI

2202 395 2245 456 [Ι
2284 394 2634 456 MONACHI
3702 398 3802 464 ltus

641 514 862 571 divitias
894 512 1113 568 mulieri
1140 511 1178 541 ’⁸
1214 527 1230 560 ι
1273 525 1285 560 :
1318 515 1560 561 mentem
1595 513 1765 567 tuam,
1789 505 1959 558 vitam
1990 505 2231 573 denique

2206 521 2231 559 e
2262 521 2306 576 Α
2338 504 2413 577 μὴ
2443 501 2675 564 εἰδότας,
2708 498 2851 577 κατὰ
2878 497 2969 551 τὸν
2999 496 3157 565 λόγον
3181 494 3274 548 τοῦ
3301 497 3513 565 Κυρίου,
3539 498 3607 551 ὅτι
3632 521 3645 553 ι
3681 506 3806 563 Ἐκεῖ.

640 618 697 664 et
722 606 1036 663 consilium.
1065 603 1223 657 Alius
1260 618 1271 653 :
1314 618 1333 650 ι
1367 598 1506 653 Cum
1539 595 1837 651 cantatrice
1871 596 2130 651 assiduus
2160 612 2228 650 ne

2210 612 2228 649 3
2334 612 2423 658 νος
2457 596 2487 647 ὁ
2508 592 2694 654 δοῦλος
2728 592 2763 644 ὁ
2787 589 2949 658 γνοὺς
2977 588 3040 642 τὸ
3073 587 3286 658 θέλημα
3317 587 3404 640 τοῦ
3457 594 3637 662 κυρίου,
3657 598 3732 649 καὶ
3758 602 3810 669 μὴ

639 708 783 762 esto,
800 695 1092 767 nequando
1111 691 1350 762 capiaris
1369 690 1423 744 in
1443 688 1654 755 argutis
1668 685 1937 756 Operibus
1954 686 2104 741 illius
2119 688 2182 740 ".
2204 705 2220 737 ι

2207 705 2220 737 ι
2330 688 2567 756 ποιήσας
2597 684 2736 754 πρὸς
2769 683 2832 735 τὸ
2859 680 3076 767 θέλημα
3106 679 3294 744 αὐτοῦ,
3322 679 3590 751 δαρήσεται
3623 685 3769 743 πολλά,
3794 712 3807 742 ι

640 790 784 856 Quin
821 766 1110 843 etrlsaiam
1149 782 1219 837 de
1260 781 1383 836 istis
1420 779 1659 834 arbitror
1697 776 1847 846 loqui
1890 793 1905 830 :
1955 794 1972 825 ι
2019 776 2126 831 Pro
2162 791 2230 830 eo

2213 791 2230 829 )
2331 777 2443 831 Καὶ⁵
2472 776 2670 843 ἐπάγει
2697 788 2715 804 ⁶
2746 793 2766 826 ι
2803 773 2974 827 Παντὶ
3016 766 3062 840 ᾧ
3102 770 3255 841 ἐδόθη
3290 770 3469 835 πολλὰ,
3504 779 3813 849 περισσότερον

640 881 790 952 quod
818 880 1071 935 exaltatre
1098 883 1226 931 sunt
1253 874 1379 928 filiae
1402 882 1530 938 tute,
1552 870 1707 931 Sion,
1725 878 1782 924 et
1805 868 2231 925 ambulaverunt

2212 877 2231 921 t
2332 869 2737 939 ἁπαιτήσουσιν
2769 866 2957 923 αὐτόν.
3001 884 3021 917 ι
3051 862 3213 934 Αὒτῷ
3246 864 3423 934 ἠδόξα
3452 867 3526 929 είς
3546 868 3651 931 τοὺς
3667 872 3812 939 αἰῶνας

639 982 869 1027 extenso
914 970 1084 1031 collo.
1124 976 1180 1022 et
1225 964 1470 1020 nictibus
1512 962 1800 1015 oculorum
1825 960 1893 1026 ὀ,
1934 978 1952 1010 ι
2006 968 2063 1012 et
2108 974 2230 1027 qua:

1366 964 1470 1018 bus
1512 962 1800 1015 oculorum
1825 960 1893 1026 ’⁰,
1934 978 1952 1010 ι
2006 968 2063 1012 et
2108 974 2230 1027 qua:
2332 960 2443 1012 τῶν
2478 958 2714 1011 αἰώνων.
2770 957 2965 1028 Ἀμήν.

639 1071 967 1137 sequuntur.
992 1063 1061 1117 Et
1086 1058 1297 1115 inducit
1323 1076 1335 1110 :
1378 1076 1395 1108 ι
1426 1058 1492 1111 Ει
1515 1054 1783 1109 Dominus
1808 1051 2078 1107 revelahit
2102 1050 2355 1106 habitum
2382 1052 2436 1107 in
2466 1051 2556 1106 die
2588 1050 2679 1105 illa
2703 1050 2773 1106 “.
2806 1068 2825 1103 ι
2854 1049 2914 1105 Id
2940 1048 3089 1119 quod
3116 1063 3266 1103 nunc
3320 1048 3569 1117 temporis
3591 1052 3816 1123 contigisse

639 1158 898 1221 arbitror,
928 1170 1028 1224 per
1063 1151 1360 1206 adventum
1393 1146 1800 1204 Chaldaeorum.
1833 1142 2045 1213 1055
2081 1143 2225 1198 Dicit
2262 1152 2445 1199 autem
2469 1142 2653 1198 etalio
2674 1142 2797 1197 loco
2839 1160 2852 1195 :
2897 1159 2915 1193 ι
2955 1141 3238 1211 Virginem
3275 1154 3345 1195 ne
3379 1142 3748 1211 comtempleris,
3772 1164 3817 1199 ne

642 1250 782 1305 forte
835 1242 1227 1303 scandalizeris
1277 1241 1334 1295 in
1381 1237 1857 1309 increpationibus
1908 1236 2055 1292 illius
2115 1237 2183 1290 ".
2226 1256 2244 1289 ι
2290 1237 2505 1291 Rursus
2549 1252 2564 1289 :
2618 1254 2637 1285 ι
2682 1235 2884 1291 Vinum
2926 1242 2985 1290 et
3023 1234 3287 1288 mulieres
3324 1241 3608 1302 apostatare
3667 1234 3818 1292 faciunt

641 1340 811 1396 corda
854 1335 1283 1408 intelligentium
1345 1330 1413 1385 ’³.
1460 1350 1478 1384 ι
1536 1328 1773 1385 Proinde
1826 1326 2189 1384 Ecclesiastes
2241 1345 2256 1381 :
2305 1346 2323 1379 ι
2354 1326 2611 1382 Amarius
2635 1336 2813 1382 morte
2838 1335 2945 1391 est,
3001 1324 3320 1381 conversari
3343 1339 3463 1379 cum
3487 1324 3709 1389 muliere;
3740 1329 3818 1397 ipsa

640 1435 790 1489 enim
833 1432 1063 1501 laqueus
1103 1425 1381 1484 venatoris
1454 1432 1573 1489 est,
1643 1430 1700 1477 et
1737 1436 1939 1492 sagena
1981 1436 2079 1476 cor
2120 1420 2297 1485 illius,
2337 1420 2621 1475 vinculum
2662 1419 2719 1474 in
2759 1434 2958 1474 manus
2993 1420 3134 1490 ejus.
3167 1418 3353 1472 Bonus
3391 1426 3511 1471 ante
3546 1417 3709 1471 faciem
3737 1420 3819 1481 Dei.

642 1524 1062 1581 submovcbitur
1095 1521 1163 1576 ab
1198 1534 1299 1584 ea;
1333 1518 1429 1588 qui
1465 1525 1689 1587 peccat,
1722 1516 2227 1586 comprehendetur
2266 1516 2321 1569 in
2351 1531 2414 1571 ea
2437 1517 2504 1570 ".
2540 1534 2560 1567 ι
2596 1514 2769 1570 Infert
2806 1532 2820 1569 :
2859 1533 2879 1566 ι
2910 1513 3145 1577 Laetare,
3173 1514 3412 1583 juvenis,
3445 1512 3496 1566 in
3532 1513 3821 1570 adolescentia

644 1624 758 1678 tua,
788 1620 844 1668 et
875 1610 1095 1666 ambula
1128 1610 1184 1664 in
1208 1608 1314 1663 viis
1348 1606 1619 1661 innocens
1676 1615 1733 1661 et
1764 1605 2171 1671 immaculatus,
2237 1615 2295 1661 et
2333 1606 2389 1659 iu
2418 1605 2667 1660 contuitu
2696 1605 2985 1659 oculorum
3016 1612 3261 1668 tuorum,
3286 1612 3345 1657 et
3372 1603 3504 1658 scito
3528 1606 3641 1673 quia
3667 1621 3747 1675 pro
3766 1609 3823 1662 his

642 1706 903 1762 omnibus
946 1704 1185 1759 adducet
1227 1709 1279 1757 te
1328 1702 1476 1756 Deus
1527 1700 1585 1754 in
1625 1700 1895 1770 judicium
1926 1701 1993 1754 ’⁵.
2044 1720 2063 1753 ι
2114 1700 2225 1755 Nec
2263 1699 2423 1759 aliter
2458 1700 2756 1769 Apostolus
2796 1716 2809 1754 :
2864 1718 2883 1750 ι
2930 1700 3132 1754 Omnes
3207 1700 3355 1754 enim
3425 1714 3523 1754 nos
3559 1702 3823 1756 manifestari

645 1806 865 1869 oportet
896 1805 1025 1851 ante
1061 1794 1297 1850 tribunal
1332 1793 1561 1861 Christi,
1629 1803 1691 1848 ut
1723 1794 1928 1849 referat
1997 1794 2376 1865 unusquisque
2410 1795 2631 1865 propria
2664 1794 2935 1865 corporis,
2964 1810 3088 1865 qua:
3152 1794 3341 1866 gessit,
3372 1794 3484 1848 sive
3546 1795 3720 1849 bonum
3746 1800 3824 1853 sire

647 1892 850 1945 malum
872 1891 937 1943 '°.
977 1909 995 1941 ι
1047 1890 1159 1944 Nos
1200 1889 1368 1960 igitur
1416 1888 1512 1958 qui
1552 1888 1765 1943 czeteris
1804 1888 2215 1959 Scripturarum
2254 1890 2628 1961 cognitionem
2698 1889 3172 1953 administramus,
3238 1904 3344 1943 nec
3379 1898 3554 1943 tamen
3585 1905 3666 1945 cas
3691 1893 3823 1961 exple-

649 1998 772 2036 mus
801 1983 989 2051 opere,
1022 1980 1194 2035 multo
1226 1996 1338 2050 pra:
1373 1979 1578 2050 ignaris
1614 1978 1745 2045 istis,
1800 1980 2046 2035 atrocius
2111 1989 2298 2035 manet
2330 1980 2636 2051 judicium,
2659 1980 2811 2050 juxta
2844 1980 3075 2034 verbum
3107 1978 3328 2033 Domini
3363 1978 3589 2033 dicentis
3628 1997 3640 2033 :
3684 1999 3699 2030 ι
3731 1981 3824 2047 Qui:

647 2090 842 2131 servus
872 2074 966 2144 qui
1009 2073 1163 2127 novit
1196 2072 1534 2127 voluntatem
1571 2072 1781 2127 domini
1819 2072 1927 2137 sui,
1962 2089 2066 2129 nec
2096 2073 2226 2129 fecit
2264 2070 2573 2129 secundum
2626 2073 2807 2139 illam,
2842 2073 3128 2143 vapulabit
3209 2072 3401 2126 multis
3456 2074 3519 2126 ’⁷.
3561 2093 3577 2125 ι
3622 2075 3822 2132 lnducit:

653 2188 671 2219 σ
709 2165 790 2220 Ab
822 2165 973 2221 omni
1004 2165 1092 2219 cui
1125 2165 1358 2219 multum
1393 2164 1657 2219 donatum
1691 2173 1796 2229 est,
1824 2165 1949 2234 plus
1974 2172 2229 2234 repetent
2264 2163 2335 2219 ab
2361 2178 2428 2220 eo
2449 2165 2514 2218 ’⁸.
2551 2182 2570 2216 ι
2606 2164 2713 2234 Ipsi
2741 2164 2916 2234 gloria
2948 2164 3003 2218 in
3036 2162 3234 2217 saecula
3264 2163 3603 2217 saeculorum.
3631 2166 3779 2222 Amen.

1207 2277 1491 2332 IIOMILIA
1528 2277 1669 2333 XIX.

1197 2368 1274 2421 De
1308 2369 1678 2439 fornicatione.

720 2459 1127 2517 Fornicationis
1149 2460 1384 2515 alfectus
1404 2461 1711 2516 multifidus
1733 2462 1956 2532 quidem
1982 2478 2049 2517 ex
2072 2461 2227 2517 fami-

650 2551 772 2609 liari
828 2551 1079 2607 cooritur
1128 2561 1184 2606 et
1234 2552 1411 2622 surgit
1462 2552 1756 2607 mulierum
1803 2555 2223 2610 consuetudine.

646 2645 809 2700 Nullo
833 2645 982 2699 enim
1007 2642 1230 2714 negotio
1257 2643 1590 2698 assentatrix
1617 2645 1709 2699 illa
1737 2653 1793 2699 et
1819 2645 1946 2699 illex
1971 2661 2229 2717 congres—

646 2741 731 2795 sio
772 2739 1090 2810 procacium
1125 2738 1441 2805 mulierum,
1472 2755 1530 2795 se
1570 2740 1811 2796 hominis
1849 2741 2042 2796 inserit
2073 2742 2225 2797 cordi

648 2833 939 2897 illccebra,
969 2832 1314 2888 veteratorie:
1347 2833 1483 2887 artis
1518 2848 1784 2903 perquam
1827 2835 2007 2904 plena.
2036 2835 2227 2905 Neque

648 2924 705 2979 id
759 2924 993 2994 simplex
1040 2923 1278 2985 malum,
1322 2938 1447 2976 cum
1495 2923 1879 2977 fornicationis
1922 2924 2225 2979 daemonem

646 3015 923 3085 duplicem
955 3029 1076 3069 esse
1114 3022 1348 3068 constet.
1380 3014 1475 3068 Est
1504 3015 1651 3069 enim
1682 3016 1777 3085 qui
1807 3016 2073 3072 adversus
2102 3018 2226 3071 ani-

648 3122 816 3171 mam,
844 3114 930 3160 est
954 3114 1008 3161 et
1036 3105 1130 3174 qui
1165 3104 1457 3159 adversum
1494 3120 1699 3176 corpus
1732 3108 2032 3177 conspiret.
2064 3109 2227 3163 Istius

650 3197 729 3251 rei
767 3196 939 3267 gratia
971 3212 1111 3267 agon
1145 3197 1345 3267 duplex
1380 3198 1543 3253 nobis
1576 3200 1934 3269 excipiendus
1963 3201 2228 3257 adversus

648 3290 927 3358 impurum
960 3288 1128 3343 hunc.
1157 3289 1346 3358 Neque
1384 3291 1533 3344 enim
1577 3291 1900 3345 sustinendo
1933 3292 2063 3347 huic
2094 3308 2226 3347 con-

647 3380 821 3434 ﬂictui
876 3379 1010 3433 satis
1056 3379 1223 3434 fuerit
1268 3382 1554 3450 corporale
1606 3381 1909 3453 jejunium,
1954 3382 2131 3437 solum
2182 3383 2228 3438 si

648 3470 826 3536 adsit,
873 3479 933 3524 ut
986 3472 1145 3526 hoste
1204 3471 1540 3541 triumphato
1597 3474 1923 3543 palmarium
1979 3483 2229 3545 reportes

646 3564 906 3634 perfecta:
933 3562 1249 3618 sobrietatis
1283 3573 1340 3617 et
1367 3564 1723 3620 castimoni:e.
1756 3566 1973 3621 Etenim
2005 3582 2228 3621 necesse

649 3655 743 3719 sit,
772 3655 956 3709 adsint
985 3654 1069 3709 hae
1096 3654 1349 3720 comites,
1379 3656 1562 3711 cordis
1600 3658 1884 3723 contritio,
1909 3659 2227 3729 deprecatio

646 3747 798 3817 jugis
818 3746 893 3800 ad
919 3747 1116 3811 Deum,
1138 3746 1331 3800 crebra
1358 3746 1646 3805 meditatio
1678 3748 2106 3819 Scripturarum.
2133 3752 2229 3805 llis

650 3837 823 3901 adde,
868 3837 1146 3901 hborem,
1191 3847 1246 3891 et
1296 3838 1636 3893 manuariam
1689 3840 2039 3896 industriam.
2084 3842 2227 3897 Sane

651 3938 883 4000 possunt
908 3929 1021 3983 haec
1052 3928 1446 3985 insolescentes
1470 3939 1636 4000 atque
1662 3931 2011 4001 importunos
2032 3934 2228 3988 animm

651 4030 834 4075 motus
885 4020 1255 4091 supprimere.
1299 4022 1418 4078 Prae
1471 4022 1558 4077 his
1614 4023 1872 4079 omnibus
1926 4024 2226 4094 plurimum

649 4111 815 4169 aﬂert
842 4113 1201 4169 emolumenti
1232 4114 1431 4169 animae
1462 4130 1589 4170 sese
1627 4115 1941 4185 dejicientis
1968 4117 2227 4172 humilia-

653 4208 731 4262 tio
764 4223 780 4262 :
813 4222 920 4277 qua
955 4207 1096 4271 sine,
1128 4220 1239 4259 non
1272 4204 1716 4271 fornicationem,
1747 4222 1855 4260 non
1890 4207 2057 4262 ullam
2092 4210 2229 4263 alia-

652 4314 775 4352 rum
808 4298 1123 4368 passionum
1158 4296 1487 4367 pervincere
1522 4297 1647 4366 quis
1680 4298 1943 4367 potuerit.
1970 4299 2228 4370 Pervigili

652 4391 839 4460 itaque
882 4388 1133 4444 custodia
1176 4388 1567 4442 asservandan
1614 4404 1735 4453 cor,
1769 4405 1838 4444 ne
1879 4390 2011 4459 quid
2052 4391 2227 4446 insin-

650 4498 797 4537 cera:
852 4479 1205 4551 cogitationis
1270 4479 1479 4548 irrepat
1532 4479 1810 4535 alicunde.
1864 4479 2023 4536 Juxta
2081 4483 2228 4537 enim

652 4574 992 4630 Dominicam
1020 4586 1210 4627 vocem
1249 4588 1262 4624 :
1300 4592 1317 4622 ι
1351 4571 1429 4625 Ex
1454 4572 1619 4627 corde
1642 4582 1847 4628 exeunt
1868 4575 2230 4644 cogitationes

652 4665 899 4721 malae".
941 4682 960 4717 ι
1008 4663 1247 4719 Tametsi
1290 4662 1346 4716 in
1392 4672 1578 4718 nostra
1621 4665 1920 4733 repositum
1961 4676 2230 4736 potestate

651 4768 767 4824 est,
798 4758 959 4828 juxta
999 4754 1249 4827 Apostoli
1298 4755 1659 4820 sententiam,
1692 4764 1756 4811 ut
1802 4772 2033 4828 agonem
2083 4759 2232 4814 hunc

651 4851 1025 4907 sustineamus
1060 4848 1307 4920 legitime
1340 4857 1397 4902 et
1429 4863 1762 4904 coronemur
1783 4849 1828 4881 ³⁸
1865 4866 1879 4903 :
1923 4850 1969 4904 si
2012 4852 2232 4920 quando

2938 2277 3159 2331 ΛΟΓΟΣ
3196 2274 3299 2330 ΙΘ’.

2879 2371 3021 2440 Περὶ
3046 2372 3352 2440 πορνείας.

2398 2463 2472 2518 Τὸ
2493 2463 2669 2528 πάθος
2690 2462 2793 2533 τῆς
2826 2464 3088 2535 πορνείας
3115 2465 3180 2517 τδ
3215 2463 3534 2534 πολυσχιδὲς
3565 2462 3622 2514 ἐκ
3646 2460 3725 2531 τῆς
3747 2479 3823 2515 συν-

2325 2557 2518 2629 τυχίας
2571 2556 2683 2609 τῶν
2741 2555 3023 2624 γυναικῶν
3086 2556 3468 2609 ἐπανίσταται.
3523 2554 3717 2625 Ῥαδίως
3756 2555 3823 2623 γὰρ

2327 2649 2707 2707 ἐναποτίθεται
2746 2648 2804 2701 ὲν
2834 2650 2899 2720 τῇ
2928 2647 3127 2718 καρδίᾳ
3168 2646 3263 2700 τοῦ
3309 2646 3589 2717 ἀνθρώπου
3616 2645 3699 2708 τὰς
3716 2647 3825 2699 κολα-

2325 2743 2589 2806 κευτικὰς
2614 2741 2829 2812 ὁμιλίας
2859 2740 2967 2794 τῶν
3012 2741 3253 2793 σοὸάδων
3297 2740 3572 2808 γυναικῶν
3619 2740 3671 2791 τὸ
3710 2739 3826 2791 δεινὸν

2326 2836 2542 2909 δέλεαρ·
2572 2838 2635 2891 οὐ
2676 2836 2839 2908 μόνον
2871 2835 2927 2888 δὲ
2961 2834 3141 2900 τοῦτο,
3197 2834 3339 2887 ἀλλὰ
3388 2834 3480 2887 καὶ
3516 2831 3708 2895 διπλοῦς
3735 2832 3829 2886 καθ-

2329 2930 2562 2999 έστηκεν
2589 2930 2618 2982 ὁ
2650 2928 2752 2999 τῆς
2798 2928 3057 2995 πορνείας
3084 2926 3322 2997 δαίμων,
3356 2927 3413 2978 ἐν
3443 2928 3508 2996 τῇ
3534 2924 3661 2995 ψυχῇ
3689 2925 3758 2978 καὶ
3777 2923 3829 2992 τῷ

2330 3018 2546 3092 σώματι
2598 3020 3010 3088 συνιστάμενος.
3065 3018 3177 3072 Καὶ
3231 3016 3434 3070 τούτου
3488 3018 3650 3088 χάριν,
3692 3016 3829 3084 διπλῆν

2329 3111 2452 3165 κατ’
2500 3109 2667 3165 αὑτοῦ
2717 3111 2824 3182 χρὴ
2872 3109 2971 3181 τὴν
3024 3109 3202 3179 πάλην
3250 3109 3627 3175 ἀναδέξασθαι.
3668 3109 3727 3160 Οὐ
3759 3108 3831 3175 γὰρ

2332 3201 2492 3273 ἱκανὴ
2541 3202 2778 3272 ὑπάρχει
2830 3201 2967 3273 μόνη
3025 3204 3120 3254 καὶ
3176 3201 3470 3271 σωματικὴ
3527 3198 3738 3271 νηστεία,
3773 3200 3832 3250 ἵνα

2330 3294 2602 3366 κτήσηται
2632 3312 2717 3360 τις
2764 3295 2978 3347 τελείαν
3030 3293 3414 3365 σωφροσύνην,
3454 3294 3547 3347 καὶ
3585 3294 3832 3360 άγνείαν,εἰ

2334 3387 2410 3460 μὴ
2435 3387 2668 3459 καρδίας
2713 3386 2942 3456 γένηται
2982 3386 3348 3456 συντριμμὸς,
3384 3385 3478 3439 καὶ
3512 3386 3634 3455 εὐχὴ
3672 3384 3832 3452 Eucti;

2331 3478 2468 3548 πρὸς
2505 3477 2661 3540 Θεὸν,
2706 3476 2802 3530 καὶ⁵
2853 3476 2961 3528 τῶν
3020 3476 3252 3547 Γραφῶν
3308 3476 3496 3548 πυκνὴ
3548 3476 3734 3547 μελέτη,
3773 3476 3836 3525 καί.

2332 3568 2578 3639 κάματος
2621 3566 2717 3621 καὶ
2764 3567 3104 3638 ὲργόχειρον,
3159 3567 3302 3637 ἆπερ
3351 3567 3597 3620 δύνανται
3642 3568 3724 3627 τὰς
3746 3565 3834 3616 ἀτά-

2336 3677 2497 3724 κτους
2553 3660 2652 3729 τῆς
2709 3657 2888 3729 ψυχῆς
2948 3660 3127 3729 ὁρμὰς
3178 3657 3643 3728 συστέλλειν.Πρό
3674 3657 3833 3724 γεπάν-

2334 3768 2442 3805 των
2516 3750 2886 3821 συμϐάλλεται
2953 3750 3283 3812 ταπείνωσις
3359 3750 3577 3820 ψυχῆς,
3622 3744 3680 3819 ἧς
3720 3748 3835 3817 χωρὶς

2333 3842 2458 3897 οὔτε
2498 3844 2779 3914 πορνείας,
2822 3840 2945 3896 οὔτε
2979 3841 3089 3895 τῶν
3126 3842 3300 3894 ἄλλων
3345 3841 3535 3895 παθῶν
3576 3840 3837 3898 δύναταίτις

2334 3935 2747 4008 περιγενέσθαι.
2776 3935 2898 4005 Χρὴ
2936 3934 2993 3988 δὲ
3022 3935 3082 3986 τὸ
3113 3934 3213 4004 τὴν
3244 3935 3478 4006 καρδίαν
3507 3936 3644 4004 πασῃ
3686 3931 3835 4001 φυλακῇ

2333 4032 2526 4101 τηρεῖν
2565 4028 2676 4083 άπὸ
2710 4025 2974 4098 ῥυπαρῶν
3022 4025 3318 4097 λογισμῶν.
3356 4046 3377 4077 ‹
3421 4027 3515 4080 Ἐκ
3560 4028 3658 4095 γὰρ
3696 4022 3839 4089 ταύτης

2335 4120 2671 4192 ἐξέρχονται,
2704 4117 2847 4172 κατὰ
2869 4118 2967 4188 τὴν
2986 4117 3080 4170 τοῦ
3105 4117 3310 4187 Κυρίου
3344 4119 3550 4186 φωνὴν.
3574 4112 3841 4182 διαλογισμοὶ

2335 4214 2583 4285 πονηροί.
2618 4230 2637 4265 ι
2670 4212 2735 4265 Εί
2763 4207 2856 4266 οὖν
2902 4210 3050 4264 ἐστιν
3098 4211 3232 4281 ἡμῖν
3275 4212 3423 4263 κατᾶ
3466 4212 3555 4264 τὸν
3592 4205 3843 4264 ’Δπόποὶον

2335 4303 2585 4373 νομίμως
2615 4300 2846 4371 ἀθλῆσαι
2890 4299 2987 4354 καὶ
3024 4299 3464 4369 στεφανωθῆναι,
3506 4300 3787 4369 νικήσαντας
3804 4295 3843 4344 τὸ

2334 4393 2649 4465 ἀκάθαρτον
2692 4390 2911 4462 πνεῦμα
2958 4391 3058 4460 τῆς
3102 4390 3384 4461 πορνείας,
3438 4391 3512 4463 μὴ
3558 4393 3617 4461 τῇ
3662 4388 3843 4459 ἡμετέρᾳ

2334 4484 2611 4556 δυνάμειῆ
2640 4484 2873 4553 ἀσκήσει
2906 4482 3292 4554 θαρρήσωμεν,
3321 4484 3463 4537 ἀλλὰ
3506 4487 3568 4553 τῇ
3597 4480 3681 4534 τοῦ
3698 4478 3845 4531 Δεσπό-

2336 4591 2429 4628 του
2467 4573 2605 4627 Θεοῦ
2634 4573 2879 4645 βοηθείᾳ.
2916 4574 2990 4627 Οὐ
3022 4574 3254 4628 παύεται
3288 4576 3401 4645 γὰρ
3428 4574 3698 4645 ἄνθρωπος
3733 4568 3841 4621 πολε·

2340 4666 2613 4735 μούμενος
2666 4664 2807 4735 ὑπὲρ
2863 4663 2959 4717 τοῦ
3014 4665 3325 4735 πνεύματος
3360 4667 3571 4731 τούτου,
3614 4666 3705 4725 ἕως
3730 4653 3776 4714 οὗ
3808 4660 3845 4708 ὲν

2336 4756 2567 4827 ἀληθείᾳ
2589 4756 2881 4827 πιστεύσῃ,
2908 4756 2992 4809 ὅτι
3014 4757 3135 4825 οὐχὶ
3161 4756 3267 4827 ίδία
3286 4756 3515 4827 σπουδῇ.
3539 4756 3629 4809 καὶ
3659 4752 3843 4823 καμάτῳ,

2338 4848 2474 4902 ἀλλὰ
2502 4851 2569 4919 τῇ
2599 4847 2695 4901 τοῦ
2739 4848 2876 4901 Θεοῦ
2919 4848 3096 4919 σκέπῃ
3131 4847 3227 4901 καὶ
3263 4848 3488 4918 βοηθείᾳ
3516 4846 3842 4901 ἀπαλλάττεται

652 4953 839 4998 tamen
872 4941 1095 4996 dabitur
1126 4940 1393 4995 adversus
1424 4941 1571 4995 hunc
1608 4940 2024 5011 spurcissimum
2058 4942 2231 4997 fomi-

2264 4968 2314 5028 ι)
2340 4941 2439 5007 τῆς
2466 4938 2621 4993 νόσου
2654 4942 2877 5011 ταύτης.
2926 4940 3107 4994 Καλὸν
3156 4940 3250 4993 οὖν
3295 4945 3445 4992 ἐστιν
3486 4942 3566 5003 είς
3601 4935 3841 5006 ἀποτροπὴν

653 5033 887 5088 cationis
919 5032 1197 5102 spiritum,
1222 5031 1509 5085 victricem
1538 5032 1776 5101 palmam
1806 5031 2083 5098 obtinere;
2118 5049 2228 5089 non

653 5142 722 5179 eo
768 5124 1081 5195 pertingere
1127 5139 1228 5177 nos
1270 5123 1514 5193 potuisse
1558 5123 1945 5178 conﬁdendum
1992 5127 2231 5203 propriis

2336 5034 2434 5089 τοῦ
2466 5034 2736 5101 ἐναντίου,
2768 5035 2863 5087 καὶ
2903 5033 3129 5101 ἁγνείαν
3161 5030 3436 5102 σώματος,
3472 5032 3576 5103 πρὸ
3610 5031 3757 5083 ὕπνου
3789 5026 3841 5078 ἐπὶ

2338 5126 2525 5197 κοίτης
2552 5125 2633 5188 τὸ,

654 5219 867 5275 viribus
915 5226 1011 5271 aut
1054 5216 1357 5270 monastica
1437 5215 1868 5281 exercitatione,
1912 5218 2008 5273 sed
2059 5220 2276 5275 Domini
2318 5219 2541 5276 auxilio.
2613 5216 2801 5286 Neque
2846 5215 2994 5270 enim
3040 5215 3247 5270 homini
3298 5215 3564 5286 contingit
3605 5212 3848 5281 requietum

652 5329 777 5372 esse
806 5312 877 5367 ab
907 5311 1321 5382 impugnationc
1356 5310 1516 5365 istius
1546 5308 1749 5380 impuri
1784 5311 2035 5382 spiritus,
2064 5314 2239 5369 donec
2276 5313 2561 5369 verissime
2632 5309 2931 5365 crediderit
3000 5325 3059 5364 se
3089 5310 3243 5363 nullo
3273 5316 3455 5380 pacto,
3480 5317 3571 5360 aut
3602 5304 3763 5358 studio
3788 5307 3850 5352 aut

655 5405 939 5463 laboribus
991 5403 1233 5475 prOpriis
1322 5403 1536 5473 1056
1629 5406 1968 5475 emancipari
2024 5421 2194 5479 posse.
2242 5406 2311 5461 ab
2349 5404 2621 5476 ejusmodi
2671 5403 2904 5469 morbo,
2945 5403 3040 5459 sed
3094 5404 3189 5458 Dei
3242 5404 3415 5459 solum
3468 5399 3778 5470 protectione
3809 5410 3852 5445 ac

658 5500 937 5571 prmsidio.
968 5498 1089 5554 Non
1124 5497 1294 5568 igitur
1322 5497 1524 5550 malum
1556 5496 1723 5552 fuerit
1753 5499 1819 5551 ad
1853 5498 2232 5568 depulsionem
2269 5499 2591 5563 adversarii,
2619 5497 2978 5567 corporisque
3014 5496 3273 5552 tuendam
3341 5496 3659 5557 castitatem,
3712 5486 3851 5557 prius-

654 5593 819 5665 quam
844 5608 941 5646 vos
971 5606 1136 5661 sopor
1162 5597 1394 5660 premat,
1424 5589 1567 5643 hanc
1595 5599 1655 5642 ut
1680 5591 1743 5645 ad
1778 5592 1949 5645 Deum
1980 5592 2279 5647 cﬂ'undatis
2308 5594 2363 5648 in
2396 5592 2565 5647 cubili
2599 5592 2907 5651 orationem
2937 5608 2950 5644 :

730 5708 772 5736 "'
796 5707 956 5760 Prov.
982 5722 1128 5765 ςςικι,
1150 5705 1204 5757 3.
1284 5704 1327 5735 ’ν
1351 5703 1521 5758 Eccli.
1547 5718 1621 5763 Ix.
1646 5705 1699 5759 4.
1730 5744 1737 5745 κ
1774 5704 1822 5735 ὀ
1845 5703 1950 5759 Isa.
1976 5722 2055 5765 ιιι,
2086 5707 2167 5759 16.
2246 5706 2327 5760 ’ίί

2249 5706 2289 5737 ιι
2314 5706 2447 5760 ibid.
2467 5705 2554 5760 Π.
2632 5707 2677 5736 η
2701 5704 2872 5759 Eccli.
2897 5718 2972 5766 lx,
2996 5702 3048 5756 5.
3123 5701 3170 5733 η
3190 5699 3355 5756 Eccli.
3390 5713 3503 5769 xix,
3654 5682 3849 5769 imir-

653 5777 860 5861 νιιρἹ.
940 5778 982 5807 ’⁵
1009 5753 1187 5829 Ιίὶορίν.
1213 5792 1285 5836 κν,
1308 5774 1359 5828 9.
1440 5776 1485 5805 "
1510 5774 1548 5827 ll
1580 5774 1705 5827 (lor.
1724 5790 1775 5839 v,
1803 5774 1885 5827 10.
1966 5780 2007 5807 ’⁷
2037 5753 2166 5829 I.uc.
2194 5793 2253 5829 χι

2252 5793 2287 5842 ι,
2314 5753 3303 5837 Χῆ.“’ῐί’ίι›ίάῗῖιέ“’ῖοίιὲιιιιιᾶἐς
3348 5768 3434 5823 ιε.
3490 5753 3552 5798 ’³ο
3578 5760 3616 5819 ιι
3653 5753 3847 5813 Timotli.

656 5864 717 5914 ιι,
740 5848 791 5900 5.
