4052 6552
203 407 344 474 “89'

1141 418 1468 477 HOMILIA
1504 417 1665 477 XIX.
1692 424 1767 450 -⁷
1790 416 1888 477 DE
1929 417 2517 481 FORNI‘CATIONE‘.

3313 418 3446 485 1490

269 543 286 575 ι
309 523 408 587 Ali;
438 526 590 594 ήμῖν,
614 528 883 592 Δέσποτα,
913 527 993 591 εις
1022 526 1188 580 ὕπνον
1216 526 1494 593 ἀπιοῦσιν,
1524 527 1770 583 ἀνάπαυ-

1951 547 1968 580 ι
2013 528 2091 583 Ad
2130 530 2373 599 quietem
2415 530 2651 600 soporis,
2682 529 2841 584 nobis
2879 527 3333 593 concedentibus,
3363 546 3450 584 IIl-

198 632 279 669 σιν
304 614 579 686 σώματος,
609 618 705 672 καὶ
731 619 1056 687 διαφύλαξόν
1085 621 1237 690 ήμᾶς
1266 621 1376 674 ἀπὸ
1404 620 1500 673 τοῦ
1531 619 1764 691 ζοφεροῦ

195 704 359 761 ὕπνου
388 709 489 779 τῆς
528 709 838 781 ἁμαρτίαςο
888 710 1049 782 ῥύσαι
1083 714 1235 781 ἡμᾶς
1281 712 1389 767 ἀπὸ
1428 712 1633 776 παντὸς
1667 729 1767 782 p.0-

195 798 398 871 λυσμοῦ
429 801 631 866 σαρκὸς
654 803 749 857 καὶ
784 803 1118 876 πνεύματος.
1147 804 1248 870 Δδς
1292 807 1424 875 ἡμῖν
1454 806 1768 874 ἁγιωσύνην

193 890 252 943 ἐν
281 891 430 963 φόϐῳ
460 909 551 946 σου
576 910 601 922 ·’
622 895 718 948 καὶ
748 894 911 965 ρύσαι
948 897 1098 967 ἡμᾶς
1123 896 1233 950 ἀπὸ
1263 897 1446 967 πάσης
1483 896 1767 965 σκοτεινῆς

196 984 288 1051 καὶ
317 985 637 1055 νυκτερινῆς
664 985 1026 1055 ἡδυπαθείας.
1072 986 1290 1040 Παῦσον
1318 987 1417 1050 τὰς
1446 987 1623 1059 ὁρμὰς
1658 986 1768 1040 τῶν

193 1073 379 1127 παθῶν
403 1092 417 1105 ·
450 1075 642 1129 σϐέσον
666 1076 766 1149 τὴν
792 1077 887 1131 τοῦ
931 1078 1183 1149 σώματος
1227 1077 1502 1151 πύρωσιν·
1536 1080 1639 1143 τὰς
1664 1082 1768 1150 τῆς

194 1167 390 1236 σαρκὸς
444 1167 849 1234 ἐπαναστάσεις
911 1171 1290 1241 κατάργησονο
1348 1172 1419 1225 τὰ
1475 1172 1768 1241 σωματικά

193 1257 361 1329 πάθη,
408 1259 509 1330 τῆς
537 1276 595 1314 τε
627 1261 833 1330 σαρκὸς
874 1262 947 1316 τὰ
976 1265 1308 1334 φρονήματα
1348 1263 1636 1334 κοίμισονηο
1666 1262 1769 1318 δὼ-

196 1366 357 1422 ρησαι
405 1352 557 1423 ἡμῖν,
585 1352 613 1405 ό
655 1353 812 1419 Θεὸς,
842 1356 1117 1425 γρήγορον
1155 1356 1299 1420 νοῦν,
1336 1355 1589 1427 σώφρονα
1620 1356 1768 1425 λογιο

192 1438 351 1509 σμὸν,
383 1440 613 1509 καρδίαν
646 1443 939 1512 νήφουσαν,
976 1442 1143 1498 ῦπνον
1171 1445 1429 1515 ἐλαφρὸν,
1463 1446 1559 1498 καὶ
1584 1446 1767 1516 πάσης

194 1528 490 1599 σατανικῆς
516 1532 823 1600 φαντασίας
860 1534 1317 1604 ἀπηλλαγμένον
1350 1536 1445 1591 καὶ
1488 1537 1766 1608 ὲξέγειρον

190 1622 334 1691 ἡμᾶς
364 1623 502 1694 πρὸς
523 1623 623 1689 τὰς
652 1625 973 1695 νυκτερινὰς
1007 1627 1100 1681 καὶ
1145 1625 1376 1691 ἑωθινὰς
1401 1627 1763 1699 λειτουργίας.

189 1712 486 1783 Παννύχιον
533 1718 668 1785 ἡμῖν
718 1716 818 1787 τὴν
868 1718 970 1788 σὴν
1021 1717 1329 1787 δοξολογίαν
1383 1720 1633 1790 χάρισαι,
1670 1719 1764 1775 τοῦ

189 1803 377 1871 ὑμνεῖν
403 1804 465 1858 τὸ
498 1806 917 1877 μεγαλοπρεπὲς
945 1809 1122 1879 ὅνομά
1144 1827 1263 1874 σου,
1278 1810 1638 1883 τοῦπατρὸς,
1666 1813 1762 1867 τοῦ

1871 620 2055 691 dulge,
2093 622 2167 674 mi
2212 622 2467 688 Domine,
2498 621 3078 692 requiem‘corporis;
3125 626 3281 674 tuere
3324 636 3448 685 nos,

1869 735 1941 773 ne
1975 719 2322 775 tenebricosa
2357 720 2568 790 peccati
2605 719 2765 773 istius
2799 718 3146 772 involva’mur
3181 715 3449 786 caligine;

1870 809 2022 879 eripe
2054 824 2155 863 nos
2182 810 2253 864 ob
2283 810 2434 863 omni
2464 808 2880 878 inquinamento
2904 807 3090 862 carnis
3115 814 3173 861 et
3197 805 3448 876 spiritus,

1870 900 2134 965 concede,
2164 900 2219 954 in
2251 901 2449 954 timore
2480 910 2574 955 tuo
2601 900 2707 953 rite
2735 908 2796 953 ut
2820 898 3071 969 corporis
3098 898 3449 970 perficiamus

1870 990 2381 1047 sanctificationem.
2426 990 2703 1045 Submove
2754 1005 2855 1045 nos
2906 990 2973 1045 ab
3025 988 3176 1044 omni
3231 986 3448 1041 demul-

1870 1092 2029 1139 cente
2058 1082 2341 1138 lenocinio
2362 1082 2701 1137 illecebrosas
2723 1081 3041 1151 voluptatis,
3066 1096 3166 1150 per
3194 1076 3447 1134 tenebras

1869 1172 2051 1229 noctis
2078 1175 2243 1243 hujus
2271 1174 2508 1243 impetus
2535 1173 2852 1242 passionum
2879 1171 3031 1237 seda,
3060 1186 3126 1226 ac
3149 1170 3283 1241 jube
3312 1184 3417 1223 con

1869 1264 2176 1334 quiescere.
2210 1264 2440 1335 lgnitam
2482 1262 2770 1333 exstingue
2806 1262 3164 1316 tentationem
3200 1257 3448 1328 corporis

1869 1356 2054 1412 istius.
2107 1356 2487 1412 Rebellionem
2548 1354 2730 1409 carnis
2785 1353 2970 1409 acrius
3023 1352 3446 1406 iusolescentem

1867 1447 2082 1518 disjice.
2123 1447 2393 1504 Vitiosam
2440 1445 2793 1502 affectionem
2839 1444 3121 1515 corporis,
3163 1452 3222 1498 et
3267 1441 3451 1498 carnis

1867 1539 2220 1610 prudentiam
2253 1539 2506 1609 consopi,
2532 1545 2589 1593 et
2617 1537 2704 1593 fac
2731 1537 2789 1591 in
2821 1535 2983 1591 nobis
3013 1534 3447 1589 obdormiscere.

1866 1632 1951 1688 Da
1984 1632 2145 1687 nobis
2183 1631 2467 1701 tranquilli
2509 1630 2726 1700 soporis
2746 1627 2950 1684 cubile.
2976 1623 3277 1698 Pervigiles
3313 1640 3444 1681 con-

1868 1723 2002 1781 cede
2026 1723 2390 1795 cogitationes
2415 1738 2491 1778 ac
2507 1729 2747 1777 mentem
2770 1719 3032 1784 sobriam,
3054 1733 3125 1773 ne
3147 1732 3249 1772 nos
3271 1717 3450 1790 gravis

1867 1816 2147 1887 opprimat
2174 1831 2360 1887 sopor,
2389 1815 2484 1871 sed
2519 1815 2614 1885 qui
2647 1829 2747 1869 nos
2777 1812 2972 1867 reddat
2998 1809 3353 1867 excitatiores
3382 1809 3446 1863 ad
3484 1881 3504 1900 ο

186 1893 455 1955 Υίοῦ.καὶ
498 1896 596 1951 τοῦ
650 1898 806 1968 ἁγίου
859 1900 1202 1972 Πνεύματος,
1233 1903 1314 1966 είς
1358 1903 1487 1966 τοὺς
1527 1879 1760 1966 αἰῶνας.

1872 1908 2242 1965 exhibendum
2300 1908 2401 1963 tibi
2458 1923 2657 1979 munus
2709 1914 2996 1961 nocturna:
3051 1920 3115 1958 ac
3168 1901 3448 1957 matutina:

197 1986 392 2058 Ἀμήν.
427 2008 446 2040 ι

1868 1998 2128 2070 liturgiaa.
2153 1997 2511 2068 Pervigilium
2543 1996 2722 2050 noctis
2757 1993 2917 2048 nobis
2947 1990 3203 2047 clementi
3239 1990 3449 2058 imper-

184 2077 287 2134 tire
330 2081 505 2150 gratia
554 2089 678 2148 tua,
713 2082 782 2138 ad
828 2085 1212 2141 illustrandam
1259 2078 1479 2158 hymnis
1527 2086 2322 2161 gloriammagnificentissimi
2356 2089 2436 2143 tui
2501 2087 2760 2153 nominis,
2786 2085 2987 2152 Patris,
3012 2082 3135 2141 Filii
3162 2092 3220 2139 et
3279 2082 3454 2153 Spiri-

186 2178 276 2224 tus
303 2173 497 2237 sancti,
526 2172 582 2227 in
609 2175 827 2230 saecula.
858 2176 1053 2232 Amen.
1089 2196 1108 2228 ι

257 2263 434 2317 Καλὸν
460 2260 553 2319 οὖν
578 2265 747 2332 ἐστιν,
787 2267 864 2329 ὡς
892 2269 1237 2339 προείρηται,
1268 2269 1367 2332 τάς
1398 2271 1642 2341 σαγήνας
1673 2272 1769 2325 καὶ

185 2353 254 2407 τὰ
284 2356 557 2429 ἄγκιστρα
603 2357 712 2411 τῶν
758 2359 1036 2427 γυναικῶν
1078 2360 1437 2430 ἀποφεύγειν,
1483 2363 1578 2416 καὶ
1613 2362 1767 2416 στέλ-

185 2448 373 2503 λεσθαι
398 2452 494 2505 ἀπ’
520 2450 719 2505 αὐτῶν.
756 2451 817 2503 '0
842 2452 952 2532 γάρ
986 2452 1297 2520 σοφώτατος
1330 2452 1582 2519 Σολομὼν
1611 2453 1770 2508 τοῦτο

189 2541 351 2613 πείρᾳ
384 2542 741 2613 παρειληφὼς
770 2546 903 2598 πᾶσι
926 2548 1183 2616 παραινεῖ
1208 2545 1410 2614 λέγων,
1431 2567 1447 2599 ι
1475 2548 1567 2618 Μὴ
1596 2548 1769 2619 πρόσ-

186 2647 275 2699 εχε
328 2631 508 2704 φαύλῃ
557 2632 803 2700 γυναικί·
849 2632 972 2702 μέλι
1014 2634 1125 2705 γὰρ
1160 2635 1466 2699 ἀποστάζει
1515 2638 1623 2690 ἀπὸ
1648 2656 1767 2708 χει»

100 2785 107 2794 ι
187 2722 323 2774 λέων
356 2723 615 2791 γυναικὸς
644 2724 873 2795 πόρνης,
907 2725 941 2796 ἢ
973 2726 1110 2798 πρὸς
1158 2728 1353 2799 καιρὸν
1394 2728 1636 2783 λιπαίνει
1679 2730 1771 2785 τὸν

189 2813 481 2881 φάρυγγα·
516 2813 744 2883 ὕστερον
787 2816 972 2885 μέντοι
1017 2817 1345 2888 πικρότερον
1394 2818 1558 2889 χολῆς
1604 2820 1770 2891 εὑρή-

189 2920 336 2967 σεις-
396 2906 472 2976 μὴ
508 2906 813 2977 ἐπιστήσῃς
865 2906 961 2959 οῦν
1014 2906 1105 2959 σὺν
1162 2907 1319 2977 ὄμμα
1370 2909 1463 2962 ἐπ’
1499 2910 1693 2980 αὗτήν.
1743 2929 1764 2963 ο

187 2999 293 3051 Κα.
323 2999 483 3053 πάλιν
516 3016 530 3029 ο
565 3018 582 3051 ι
610 3000 702 3068 Μὴ
735 3000 973 3069 πρόσεχε
1025 3000 1206 3071 φαύλῃ
1231 3018 1453 3068 γυναικι
1475 3018 1487 3031 ο
1532 3003 1633 3074 τῆς
1658 3002 1765 3073 γὰρ

185 3092 502 3164 ἀφροσύνης
565 3094 613 3145 οί
683 3092 845 3156 πόδες
905 3093 1205 3158 κατάγουσι
1265 3095 1394 3158 τοὺς
1446 3095 1766 3165 χρωμένους

185 3188 326 3256 αὐτῇ
372 3186 512 3257 μετά
542 3185 775 3241 θάνατον
815 3186 899 3249 είς
940 3186 1031 3239 τὸν
1063 3185 1218 3258 ᾅδην.
1267 3188 1505 3259 Μακρὰν
1538 3186 1770 3257 ποίησον

1938 2273 2235 2344 Egregium
2281 2273 2443 2343 plane
2485 2272 2566 2326 uti
2608 2270 2766 2342 prius
2814 2269 3026 2325 dictum
3073 2276 3187 2333 est,
3224 2283 3455 2336 sagenas

1867 2363 1990 2417 illas
2023 2370 2190 2432 atque
2228 2362 2570 2416 irritamenta
2605 2359 2905 2415 mulierum
2941 2372 3045 2412 nos
3079 2356 3148 2412 ad
3185 2373 3243 2413 se
3280 2357 3453 2427 proli-

1868 2454 2133 2509 cientium
2163 2454 2426 2517 aversari,
2450 2461 2510 2509 et
2533 2453 2601 2507 ah
2630 2467 2821 2507 earum
2850 2466 2908 2506 se
2936 2451 3263 2506 submovere
3288 2449 3455 2504 collo-

1868 2547 2037 2617 quiis.
2087 2547 2202 2602 lloc
2251 2547 2399 2602 enim
2452 2545 2897 2616 sapientissimus
2939 2542 3147 2613 alioqui
3199 2541 3455 2597 Salomon

1868 2640 2136 2696 doctrinas
2163 2640 2508 2709 experientia
2540 2653 2668 2693 cum
2698 2638 3009 2701 didicisset,
3036 2651 3231 2690 omnes
3266 2648 3367 2689 nos
3399 2634 3457 2689 in

1867 2748 2160 2787 commune
2189 2732 2471 2797 admonet,
2494 2731 2686 2786 dicens
2718 2747 2730 2783 :
2766 2747 2785 2780 ι
2817 2727 2894 2783 Ne
2918 2727 3143 2783 attende
3170 2726 3237 2780 ad
3262 2726 3458 2780 mulie-

1866 2837 1985 2877 rem
2032 2822 2265 2884 malam,
2305 2821 2410 2875 mel
2459 2821 2607 2875 enim
2653 2818 2883 2873 distillat
2924 2833 2955 2872 a
3001 2816 3165 2872 labiis
3208 2815 3458 2871 mulieris

1866 2914 2209 2979 fornicariai,
2241 2922 2299 2969 et
2333 2914 2405 2968 ad
2441 2923 2659 2983 tempus
2692 2911 3001 2983 impinguat
3033 2918 3224 2981 guttur
3256 2926 3456 2973 suum;

1870 3005 1929 3060 in
1967 3005 2271 3059 novissimo
2312 3008 2497 3059 autem
2531 3003 2657 3059 felle
2699 3003 2941 3057 amarius
2978 3000 3113 3071 quid
3155 3000 3405 3054 invenies
3441 3016 3456 3053 :

1873 3112 1943 3151 ne
1977 3096 2145 3167 igitur
2173 3096 2396 3150 oculum
2430 3102 2585 3149 tuum
2622 3094 2876 3149 intendas
2912 3094 2965 3148 in
3001 3108 3122 3147 eam
3143 3092 3211 3146 ".
3251 3110 3269 3143 ι
3312 3092 3458 3145 Rur-

1875 3203 1970 3245 sus
2008 3206 2020 3241 :
2066 3207 2083 3239 ¢
2122 3188 2202 3243 Ne
2237 3187 2456 3243 obviam
2491 3185 2758 3256 procedas
2790 3185 3010 3240 mulieri
3045 3184 3356 3248 meretrici,
3389 3199 3461 3239 ne

183 3279 281 3331 ἀπ’
311 3278 486 3348 αὐτῆς
510 3277 608 3349 σὴν
640 3278 777 3332 ὁδόν.
816 3297 835 3330 ι
874 3278 984 3331 Kal.
1011 3278 1174 3331 πάλιν
1202 3295 1218 3311 ο
1244 3296 1263 3329 ι
1309 3279 1401 3347 Μὴ
1434 3278 1648 3332 ὑπάντα
1675 3294 1770 3347 γυ-

1872 3281 2015 3336 forte
2049 3278 2263 3333 incidas
2289 3278 2345 3332 in
2376 3278 2606 3347 laqueos
2633 3275 2785 3331 illius
2802 3275 2871 3330 ³’.
2905 3294 2924 3327 ι
2962 3275 3181 3330 lnducit
3211 3292 3225 3328 :
3269 3293 3288 3326 ι
3324 3272 3460 3341 Quis

183 3369 335 3421 ναικὶ
364 3366 771 3438 ἐταιριξομένῃ,
805 3367 878 3437 μή
913 3383 1044 3420 ποτε
1070 3366 1320 3439 ὲμπέσῃς
1348 3369 1428 3431 είς
1469 3368 1569 3431 τὰς
1600 3367 1769 3435 παγί-

181 3460 284 3516 δας
327 3457 521 3529 αὐτῆς.
548 3475 573 3510 ι.
626 3458 736 3510 Kal.
780 3456 998 3524 ἐπάγει,
1044 3472 1067 3507 ι
1111 3455 1381 3527 Ἀποδήσῃ
1426 3471 1511 3518 τις
1552 3453 1663 3524 πῦρ
1711 3455 1770 3507 ὲν

185 3549 396 3619 κόλπῳ.
423 3550 493 3603 τὰ
520 3549 577 3602 δὲ
607 3548 800 3628 ἱμάτια
825 3548 887 3601 ού
927 3547 1271 3601 κατακαύσει
1294 3564 1308 3613 ;
1333 3546 1365 3616 ἢ
1393 3546 1768 3618 περιπατήσει

178 3663 273 3709 τις
298 3646 383 3698 ἐπ’
407 3643 697 3713 ἀνθράκων
730 3644 924 3713 πυρὸς,
958 3643 1084 3704 τοὺς
1110 3641 1166 3695 δὲ
1197 3641 1362 3704 πόδας
1387 3641 1449 3694 οὐ
1485 3638 1769 3695 κατακαύ-

181 3755 274 3791 σει
302 3754 317 3802 ;
351 3735 610 3799 ὡσαύτως
636 3736 741 3789 οὐκ
771 3733 1162 3804 ἀθωωθήσεται
1205 3736 1312 3797 πᾶς
1335 3732 1639 3803 ἁπτόμενος
1666 3732 1771 3785 αὑ-

175 3827 305 3899 τῆς.
344 3847 362 3879 ι
408 3827 518 3880 Καὶ
563 3828 593 3880 ό
641 3824 807 3895 νόμος
859 3823 1066 3894 φησίνο
1121 3844 1139 3876 ι
1176 3824 1249 3878 Ού
1299 3821 1657 3894 πορνεύσεις,
1706 3820 1767 3876 ού

184 3918 502 3991 μοιχεύσεις
528 3932 543 3948 ο
591 3917 648 3979 ὃς
682 3918 749 3969 ἂν
788 3914 1052 3986 μοιχεύσῃ
1088 3915 1187 3985 τὴν
1216 3916 1454 3983 γυναῖκα
1498 3911 1592 3967 τοῦ
1628 3913 1770 3983 πλη-

180 4015 309 4067 σίου
330 4008 517 4074 αὑτοῦ,
554 4009 770 4078 θανάτῳ
796 4007 1120 4062 τελευτάτω.
1158 4025 1178 4058 ›
1222 4006 1332 4061 Καὶ
1359 4005 1388 4058 ό
1411 4006 1595 4060 Δαυῒδ·
1631 4025 1650 4058 ι
1679 4004 1771 4077 Μή

180 4104 404 4175 γίνεσθε
433 4104 510 4166 ὡς
537 4103 722 4164 ἵππος,
773 4099 872 4153 καί
910 4098 1152 4170 ἡμίονος,
1190 4092 1269 4161 οἷς
1312 4098 1413 4153 οὐκ
1463 4097 1580 4152 ἐστι
1644 4096 1772 4151 σύν-

180 4214 328 4261 εσις.
362 4217 381 4249 ι
429 4196 539 4250 Kal.
581 4195 613 4248 ὁ
637 4192 924 4263 προφήτης
966 4191 1145 4262 Ὠσηὲ,
1184 4190 1484 4261 ἀχθόμενος
1515 4188 1645 4261 περὶ
1676 4186 1771 4242 τοῦ

179 4290 321 4344 λαοῦ
351 4288 503 4356 ἔλεγε
528 4304 552 4320 °~
576 4305 595 4339 ι
624 4286 901 4355 Πνεύματι
948 4282 1207 4353 πορνείας
1240 4281 1646 4352 ἐπλανήθησαν,
1676 4280 1775 4335 κα.)⁴

177 4387 209 4439 ὁ
241 4382 379 4446 λαὸς
424 4382 453 4434 ὁ
481 4378 677 4434 συνιὼν
725 4375 1088 4430 συνεπλέκετο
1152 4374 1299 4445 μετά
1338 4372 1562 4444 πόρνης.
1605 4392 1625 4426 ι
1661 4374 1775 4427 Kal.

178 4472 370 4536 αὖθις,
412 4488 431 4523 ι
470 4467 833 4542 Πορνεύοντες
876 4464 1304 4536 ὲξεπόρνευσανο
1340 4463 1637 4534 ἠγάπησαν
1664 4463 1777 4517 dm-

184 4564 352 4637 μίαν.
383 4581 402 4615 ο
454 4563 565 4617 Kal.
630 4561 833 4616 πάλιν⁸
884 4576 903 4613 ι
936 4556 1161 4627 Πνεῦμα
1208 4554 1464 4626 πορνείας
1509 4555 1659 4607 ἐστὶν
1715 4554 1775 4608 ὲν

179 4659 404 4719 αὐτοῖς,
432 4656 524 4709 τὸν
549 4655 605 4708 δὲ
633 4652 838 4725 Κύριον
864 4652 965 4707 οὐκ
989 4649 1254 4719 ἔγνωσαν.
1286 4666 1303 4697 ›
1341 4647 1398 4700 '0
1423 4646 1480 4700 δὲ
1522 4646 1776 4701 Ἀπόστορ

181 4751 285 4813 λος
308 4748 616 4804 ἐπιστέλλει
640 4747 851 4817 λέγων*
882 4763 900 4796 ι
931 4742 1168 4812 Φεύγετε
1211 4739 1312 4812 τὴν
1342 4740 1623 4811 πορνείαν,
1663 4741 1774 4794 πᾶν

180 4842 525 4912 ἁμάρτημα,
564 4839 592 4892 δ
631 4838 726 4891 ὲάν
759 4837 962 4907 ποιήσῃ
1006 4834 1310 4905 ἄνθρωπος,
1344 4830 1502 4893 ἐκτὸς
1533 4831 1628 4885 τοῦ
1666 4832 1774 4885 σώ-

182 4932 367 5003 ματός
395 4935 564 4985 ἐστιν⁸
591 4933 620 4985 ό
647 4930 704 4984 δὲ
731 4928 1035 5000 πορνεύων,
1067 4928 1145 4991 είς
1170 4925 1232 4979 τὸ
1262 4927 1395 4981 ἴδιον
1424 4926 1584 4995 σῶμα
1608 4925 1778 4996 ἁμαρ-

174 5026 369 5081 τάνει.
404 5044 423 5077 ι
462 5025 572 5079 Καὶ
598 5022 851 5093 ἐπιφέρει
874 5037 888 5050 ·
938 5040 955 5072 ι
989 5020 1102 5074 Οὐκ
1130 5019 1309 5073 οἴδατε
1341 5020 1423 5072 ὅτι
1455 5018 1525 5072 τὰ
1549 5016 1780 5087 σώματα.

178 5119 353 5191 ὑμῶν
380 5119 507 5191 ναὸς
559 5115 653 5171 τοῦ
696 5116 753 5168 ὲν
785 5115 915 5184 ὑμῖν
959 5112 1116 5181 ἁγίου
1167 5110 1489 5181 Πνεύματός
1536 5111 1707 5174 ἐστιν,
1748 5108 1777 5162 ὃ

176 5212 351 5282 ἔχετε
388 5209 497 5264 ἀπὸ
526 5207 622 5262 τοῦ
657 5204 793 5261 Θεοῦ
815 5243 831 5268 ,
864 5204 958 5258 καὶ
993 5205 1095 5259 οὐκ
1135 5204 1259 5257 ἐστὲ
1290 5202 1541 5269 ὲαυτῶν;
1568 5201 1777 5274 ἠγορά-

176 5305 365 5374 σθητε
392 5304 499 5370 γὰρ
527 5301 715 5370 τιμῆς.
749 5318 768 5351 ι
804 5298 912 5351 Kal.
947 5301 1005 5350 ἐν
1046 5299 1161 5360 τοῖς
1192 5296 1365 5359 ὅντως
1397 5298 1631 5360 πιστοῖς.
1662 5297 1777 5360 τοῖς

177 5396 425 5466 Πνεῦμα
453 5395 587 5447 Θεοῦ
616 5392 853 5463 ἔχουσιν,
887 5389 1041 5442 οὐδὲν
1065 5388 1325 5460 σαρκικὺν
1351 5389 1577 5444 δύναται
1601 5384 1743 5443 εἶναι
1766 5403 1779 5419 ⁸

173 5488 358 5547 ἅτινά
395 5490 529 5549 ἐστι,
562 5484 805 5556 πορνεία,
836 5480 1173 5553 ἀκαθαρσία,
1216 5482 1476 5549 ἀσέλγεια
1504 5521 1519 5547 ,
1575 5482 1673 5535 καὶ
1707 5479 1777 5535 τὰ

172 5581 348 5651 ἑξῆς.
399 5579 462 5634 Oi
492 5579 601 5651 γὰρ
649 5575 1002 5648 σαρκοφόροι,
1044 5572 1323 5644 βασιλείαν
1370 5574 1507 5629 Θεοῦ
1539 5575 1601 5627 οὐ
1644 5572 1775 5642 κλη-

267 5779 311 5809 ³¹
345 5778 501 5831 Prov.
528 5794 580 5835 ν,
606 5779 727 5833 (εὶ-εί.
806 5778 847 5807 ³¹
874 5777 1040 5833 Eccli.
1104 5794 1175 5837 Ix,
1203 5777 1253 5829 3.

172 5853 224 5883 ³τ
263 5850 413 5904 Osce
445 5865 517 5913 ιν,
546 5849 626 5902 il.
703 5850 748 5880 ³³⁸
773 5847 907 5905 ibid.
942 5849 1022 5903 18.
1100 5849 1142 5879 δν
1167 5849 1303 5903 Usce
1334 5862 1386 5909 γ,
1413 5846 1463 5900 ι.

1333 5774 1377 5805 ³³
1401 5776 1560 5828 Prov.
1588 5791 1659 5835 vn,
1686 5773 1863 5827 97-29.

1543 5845 1586 5877 ⁸⁰
1613 5844 1633 5898 l
1665 5843 1791 5899 Cur.
1816 5859 1886 5907 Vl,
1920 5843 1999 5898 IS.

1870 3372 2119 3443 alligabit
2145 3372 2326 3441 ignem
2362 3369 2417 3423 in
2454 3369 2603 3433 sinu,
2631 3368 2964 3423 vestimenta
2988 3381 3124 3421 vero
3156 3382 3269 3421 non
3302 3379 3457 3421 com-

1872 3463 2069 3518 buret?
2102 3469 2199 3515 aut
2227 3458 2536 3514 ambulabit
2563 3457 2766 3527 aliquis
2797 3473 2965 3527 super
2991 3456 3260 3511 carbones
3294 3455 3457 3526 ignis.

1868 3565 1927 3611 et
1966 3554 2137 3626 pedes
2174 3552 2255 3608 illi
2296 3567 2408 3606 non
2447 3550 2759 3606 ardebant?
2792 3550 2874 3605 sic
2905 3565 3019 3604 non
3053 3548 3318 3603 innocens
3349 3548 3459 3603 erit

1870 3647 2052 3703 omnis
2081 3646 2177 3716 qui
2212 3643 2386 3717 tangit
2414 3660 2538 3700 eam
2561 3643 2629 3698 ³³.
2660 3662 2679 3696 ›
2718 3642 2826 3698 Sed
2856 3650 2913 3697 et
2941 3642 3030 3696 lex
3061 3641 3200 3696 dicit
3229 3659 3243 3695 :
3284 3659 3303 3692 ι
3336 3636 3457 3695 Non

1868 3741 2235 3799 fornicaberis
2257 3739 2305 3771 ⁸⁸
2344 3756 2359 3793 :
2408 3738 2505 3809 qui
2552 3738 2862 3794 fornicatus
2904 3736 3075 3792 fuerit
3114 3751 3239 3791 cum
3287 3751 3461 3793 uxore

1869 3832 2105 3906 proximi
2151 3832 2258 3897 sui,
2289 3840 2468 3886 morte
2514 3830 2784 3885 moriatur
2809 3830 2875 3884 ³⁸.
2915 3849 2934 3882 ι
2984 3828 3157 3884 David
3200 3837 3385 3883 autem
3436 3846 3450 3882 :

1877 3945 1897 3979 ι
1931 3927 2111 3982 Nolite
2142 3925 2265 3980 ﬁeri
2293 3925 2439 3980 sicut
2468 3937 2648 3993 equus
2680 3931 2737 3977 et
2764 3923 2971 3987 mulus,
2998 3922 3204 3992 quibus
3229 3934 3341 3975 non
3375 3930 3462 3976 est

1874 4015 2279 4075 intellectus“.
2308 4035 2325 4067 ι
2357 4014 2635 4085 Propheta
2661 4012 2801 4069 Osee
2830 4013 3098 4068 adversus
3121 4012 3311 4083 populi
3336 4026 3463 4082 pec-

1871 4118 1994 4166 cata
2033 4124 2094 4165 se
2127 4106 2495 4173 discrucians,
2522 4106 2786 4163 dicebat:
2826 4124 2846 4158 ι
2886 4105 3101 4176 Spiritu
3136 4105 3461 4161 fornicatio-

1872 4202 1964 4257 nis
2008 4200 2228 4257 seducti
2271 4207 2435 4263 sunt,
2475 4206 2532 4254 et
2576 4197 2815 4269 populus
2868 4196 3183 4269 intelligens
3229 4196 3462 4253 adhaesit

1873 4292 2153 4350 meretrici
2174 4293 2242 4345 ".
2275 4311 2295 4343 ι
2344 4290 2614 4346 Rursus:
2663 4308 2682 4342 ‹
2727 4289 3086 4345 Eornicantes
3129 4289 3461 4345 exfornicati

1875 4394 2027 4453 sunt,
2056 4385 2372 4441 dilexerunt
2396 4383 2755 4455 ignominiam
2779 4383 2845 4438 ⁸⁸.
2880 4402 2899 4435 ι
2934 4384 3141 4438 lterum
3176 4400 3191 4437 :
3229 4401 3248 4435 ι
3287 4382 3463 4453 Spiri-

1876 4485 1968 4533 tus
2008 4475 2394 4532 fornicationis
2431 4482 2518 4530 est
2553 4474 2611 4529 in
2647 4474 2760 4539 eis,
2794 4473 3084 4529 Dominum
3124 4483 3307 4529 autem
3350 4489 3463 4530 non

1879 4565 2346 4639 cognoverunt".
2381 4582 2401 4617 ι
2447 4564 2747 4635 Apostolus
2783 4580 2883 4634 per
2922 4563 3225 4634 Epistolam
3264 4562 3402 4619 dicit
3444 4579 3458 4616 :

1880 4660 2074 4730 Fugite
2113 4657 2558 4714 fornicationem.
2590 4655 2764 4713 Omne
2807 4666 3095 4726 peccatum
3140 4656 3288 4727 quod
3332 4655 3464 4711 facit

1880 4750 2048 4805 homo
2084 4759 2242 4805 extra
2280 4763 2484 4819 corpus
2521 4756 2632 4814 est;
2673 4747 2770 4817 qui
2810 4753 2992 4802 autem
3036 4746 3368 4810 fornicatur,
3404 4747 3461 4802 in

1877 4858 2078 4912 corpus
2144 4840 2434 4912 proprium
2502 4849 2696 4911 peccat
2724 4840 2790 4893 "°.
2853 4839 3152 4910 r1057
3210 4838 3383 4895 Infert
3445 4858 3483 4894 ιι

1887 4954 1905 4988 ι
1939 4933 2173 4990 Nescitis
2200 4934 2329 5003 quia
2358 4948 2589 5003 corpora
2616 4941 2801 4987 vestra
2832 4931 3096 5000 templum
3128 4939 3257 4986 sunt
3282 4929 3461 5000 Spiri-

1879 5035 1968 5081 tus
1998 5025 2171 5080 sancti
2191 5023 2286 5094 qui
2307 5024 2522 5080 habitat
2549 5023 2606 5078 in
2631 5022 2791 5078 vobis
2817 5039 2831 5075 :
2867 5022 3014 5092 quod
3035 5021 3252 5077 habetis
3271 5038 3300 5077 a
3323 5023 3459 5090 Deo,

1877 5134 1989 5173 non
2018 5116 2155 5173 estis
2183 5117 2388 5173 vestri?
2418 5116 2601 5186 Empti
2634 5116 2783 5171 enim
2820 5115 2957 5171 estis
2991 5116 3169 5184 pretio
3190 5115 3257 5169 ".
3294 5135 3313 5167 ι
3353 5115 3480 5182 Qui.

1878 5208 2024 5264 enim
2064 5207 2225 5263 ﬁdem
2261 5206 2330 5263 de
2364 5208 2477 5263 Deo
2510 5206 2806 5278 genuinam
2838 5207 3045 5261 habent
3069 5219 3134 5260 ac
3160 5206 3460 5271 sinceram,

1882 5302 2073 5370 utique
2098 5310 2155 5356 et
2178 5301 2446 5371 Spiritum
2465 5301 2684 5376 habent
2708 5300 2837 5367 Dei;
2869 5308 2926 5355 et
2953 5299 3091 5354 nihil
3121 5314 3245 5355 esse
3270 5302 3325 5352 in
3352 5297 3462 5353 illis

1886 5401 2068 5461 potest
2093 5393 2338 5458 carnale;
2371 5392 2678 5464 cujusmodi
2710 5401 2859 5457 sunt,
2883 5392 3196 5458 fornicatio,
3222 5391 3463 5445 immun-

1881 5484 2046 5549 ditia,
2076 5484 2450 5555 impudicitia,
2478 5496 2534 5540 et
2560 5494 2781 5542 ca3tera.
2806 5486 2995 5556 Neque
3025 5484 3173 5539 enim
3201 5482 3295 5552 qui
3329 5496 3462 5552 pro—
3540 5512 3550 5521 -

1882 5579 2056 5648 priam
2102 5578 2329 5635 domum
2368 5588 2755 5650 corrumpunt,
2785 5576 3193 5635 haereditabunt
3230 5587 3461 5646 regnum

1966 5774 2008 5805 ³³
2030 5772 2169 5827 Osee
2199 5790 2275 5832 ιιι.
2303 5775 2355 5828 5.
2434 5773 2479 5804 ³⁸
2506 5773 2680 5831 chit.
2712 5791 2796 5837 xx,
2830 5773 2908 5829 I0.
2987 5773 3031 5805 ³⁸
3057 5774 3200 5830 l‘sal.
3233 5789 3378 5836 xxxi,
3402 5772 3458 5829 9.

2080 5844 2117 5875 '”
2147 5843 2283 5899 ibid.
2321 5843 2514 5907 19,20.
