4052 6534
643 398 771 464 1491
1902 411 2270 472 ANTIOCHI
2308 411 2652 472 MONACIII
3723 422 3831 486 illi?

634 515 736 571 Dei
768 535 780 570 :
810 516 905 586 qui
930 516 1079 572 enim
1111 517 1238 573 talia
1263 527 1454 589 agunt,
1483 522 1687 575 mortui
1708 521 1820 592 jam
1846 530 1995 576 sunt.
2023 521 2130 577 Sed
2159 530 2215 575 et

2242 527 2286 580 Α
2320 524 2745 593 ρονομήσουσιν.
2787 523 2927 595 Ἤδη
2962 523 3073 595 γὰρ
3110 524 3163 577 oi
3205 522 3275 578 τὰ
3302 525 3521 581 τοιαῦτα
3554 530 3835 603 πρᾶσσοντις

636 608 1025 665 Parcemiastes
1054 626 1067 664 :
1108 628 1126 661 ι
1154 611 1353 666 Averte
1379 613 1599 666 oculum
1626 630 1656 669 a
1686 615 1918 669 muliere
1939 614 2211 680 formosa;

2317 614 2610 673 ἀπέθανον.
2632 615 2690 668 ’0
2718 615 2774 668 δὲ
2805 617 3227 688 Παροιμιαστής
3256 634 3419 687 φησιν
3439 635 3453 651 ⁸
3481 638 3498 672 ι
3527 621 3838 697 Ἀπόστρεψον

638 697 695 752 in
724 699 905 769 specie
937 699 1088 755 enim
1122 701 1418 756 mulierum
1458 704 1617 758 multi
1654 704 2144 770 exerraverunt“;
2190 724 2208 755 ι

2317 706 2601 777 ὀφθαλμὸν
2647 707 2757 761 ἀπὸ
2810 708 3071 776 γυναικὸς
3116 708 3426 780 εὐμόρφουο
3470 712 3526 764 ὲν
3564 712 3662 785 γὰρ
3691 719 3840 773 κάλλει

637 797 695 843 et
723 806 736 842 :
769 807 789 841 ι
819 790 897 844 Ne
922 790 1060 845 velis
1087 805 1212 845 cum
1239 792 1330 845 illa
1360 793 1686 853 accumbere
1718 794 1773 847 in
1797 794 1949 858 vino,
1977 809 2047 848 ne
2077 794 2216 849 forte

2317 800 2597 868 γυναικῶν
2644 801 2831 855 πολλοὶ
2880 800 3301 873 ἐπλανήθησαν,
3342 821 3361 854 ι
3405 804 3539 856 Καί·
3578 808 3696 877 «Μὴ
3736 827 3843 879 cup.

640 881 879 939 declinet
902 884 1085 938 anima
1114 892 1205 939 tua
1232 885 1301 939 ad
1327 886 1497 952 illam,
1519 898 1577 942 et
1598 889 1827 958 spiritus
1852 899 1980 944 tuus
2001 888 2219 943 labatur

2321 892 2735 965 σουλοκοπήσῃς
2769 894 2890 963 μετ’
2924 893 3098 963 αὐτῆς
3126 895 3184 947 ἐν
3214 894 3359 965 οῐνῳ,
3395 895 3467 966 μή
3512 914 3633 950 ποτε
3661 900 3844 975 ἐκκλίνῃ

641 975 698 1029 in
735 975 1102 1045 perditionem
1126 977 1191 1030 “.
1229 996 1247 1029 ι
1288 978 1445 1034 Alius
1481 980 1610 1034 item
1642 998 1656 1033 :
1698 999 1716 1031 ‹
1753 981 2065 1036 Fornicatio
2092 997 2218 1035 mu-

2318 988 2353 1057 ἦ
2385 987 2529 1057 ψυχή
2564 1004 2657 1041 σου
2696 989 2785 1040 ἐπ’
2816 988 2976 1057 αὐτῇ,
3016 986 3200 1040 καὶτὸ
3242 987 3458 1060 πνεῦμά
3499 1007 3586 1043 σου
3624 991 3843 1067 ensem

640 1065 793 1122 lieris
822 1066 878 1121 in
901 1068 1220 1124 extollentia
1250 1071 1535 1125 oculorum
1557 1072 1623 1125 “.
1658 1092 1675 1123 ι
1710 1073 1776 1127 Ει
1809 1090 1822 1126 :
1864 1093 1882 1125 ι
1919 1073 2068 1129 Scito
2091 1074 2220 1144 quia

2321 1080 2403 1141 είς
2434 1078 2736 1133 ἀπώλειαν.
2767 1080 3015 1145 ›,“Αλλος
3049 1078 3109 1135 δέ
3141 1096 3157 1112 ·
3190 1097 3211 1131 ι
3264 1081 3493 1149 Πορνεία
3540 1082 3765 1148 γυναικὶις
3799 1065 3843 1137 ἑν

643 1160 701 1214 in
735 1160 918 1215 medio
951 1160 1278 1230 laqueorum
1316 1162 1533 1218 habitas
1556 1165 1621 1218 ⁸⁸.
1664 1186 1681 1215 ›
1724 1165 1926 1219 lterum
1965 1166 2167 1221 Paulus
2204 1185 2217 1219 :

2325 1170 2728 1239 μετεωρισμοῖς
2748 1169 3097 1240 ὀφθαλμῶν.»
3120 1199 3190 1211 -
3216 1168 3531 1237 «Ἐπίγνωθι
3550 1171 3626 1223 ὅτι
3656 1173 3705 1223 ἐν
3730 1174 3844 1242 μέσῳ

649 1268 669 1297 σ
707 1249 944 1306 Nescitis
978 1252 1108 1320 quia
1142 1268 1375 1322 corpora
1405 1265 1583 1308 vestra
1621 1256 1865 1311 membra
1898 1265 2027 1310 sunt
2055 1256 2220 1311 Chri-

2323 1260 2571 1327 παγίδων
2598 1260 2921 1323 διαδαίνεις.
2944 1279 2961 1310 ι
2991 1260 3101 1313 Καὶ
3135 1255 3294 1323 αὖθις
3320 1259 3349 1311 ὁ
3382 1260 3611 1323 Παῦλος·
3640 1280 3656 1312 ι
3678 1264 3772 1315 Ούκ
3793 1264 3845 1329 οἵ,

642 1341 749 1395 sti?
772 1341 982 1397 Tollam
1022 1358 1155 1413 ergo
1190 1346 1437 1400 membra
1471 1346 1700 1412 Christi,
1726 1356 1782 1403 et
1814 1348 2009 1402 faciam
2047 1364 2221 1403 mem-

2322 1351 2451 1405 δατε
2500 1352 2583 1406 ὅτι
2631 1352 2701 1407 τὰ
2757 1351 2990 1423 σώματα
3046 1351 3203 1422 ὑμῶν
3257 1352 3394 1423 μέλη
3441 1352 3666 1424 Χριστοῦ
3698 1358 3842 1423 iam;

643 1434 744 1487 bra
780 1435 1121 1489 meretricis?
1152 1438 1401 1506 nunquid
1433 1454 1543 1493 non
1576 1438 1729 1493 scitis
1757 1439 1886 1508 quia
1916 1440 2011 1509 qui
2037 1439 2221 1493 adhae-

2329 1445 2503 1515 Ἀρας
2525 1442 2618 1497 οῦν
2644 1444 2713 1498 τὰ
2754 1443 2894 1513 μέλη
2923 1443 3021 1496 τοῦ
3053 1444 3317 1513 Χριστοῦ,
3363 1446 3568 1514 ποιήσω
3597 1447 3717 1516 μέλη
3749 1450 3846 1516 πόρ-

644 1538 730 1580 ret
778 1527 1093 1591 meretrici,
1138 1542 1308 1581 unum
1362 1544 1563 1599 corpus
1611 1538 1695 1584 est
1720 1530 1798 1584 ⁸⁸2
1864 1550 1882 1582 ι
1941 1532 2154 1585 Rursus
2206 1548 2222 1584 :

2324 1537 2514 1607 νης;ῆ
2558 1536 2660 1589 ούκ
2706 1536 2886 1590 οίδατε
2934 1537 3019 1589 ὅτι
3055 1536 3084 1588 ὁ
3129 1534 3476 1602 κολλώμενος
3522 1538 3585 1606 τῇ
3623 1538 3773 1609 πόρνη
3805 1538 3846 1591 ἓν

652 1636 671 1668 ι
705 1616 966 1683 Nescitis,
997 1620 1127 1688 quia
1159 1622 1425 1690 templum
1458 1622 1556 1676 Dei
1585 1622 1742 1685 estis,
1773 1630 1829 1677 et
1860 1622 2097 1691 Spiritus
2127 1622 2224 1677 Dei

2328 1627 2489 1698 σῶμά
2534 1627 2691 1694 seu;
2735 1646 2753 1677 ι
2792 1628 2902 1680 Καὶ
2948 1626 3143 1681 πάλιν·
3182 1646 3200 1678 ι
3239 1627 3354 1680 Οὐκ
3403 1626 3596 1690 οἴδατε,
3641 1628 3713 1679 ὅτι
3752 1628 3848 1689 ναὸς

647 1708 862 1763 habitat
897 1709 953 1763 in
989 1711 1147 1766 vobis
1171 1712 1253 1765 ‘7?
1292 1732 1311 1763 ι
1356 1712 1462 1767 Sed
1499 1722 1556 1767 et
1591 1714 1900 1769 acrimonia
1940 1713 2225 1783 asperiore

2326 1720 2464 1773 Θεοῦ
2518 1720 2680 1785 ὲστες
2733 1718 2829 1772 καὶ
2880 1718 2943 1771 τὸ
2992 1717 3221 1788 Πνεῦμα
3269 1716 3366 1770 τοῦ
3417 1716 3551 1770 Θεοῦ
3598 1717 3771 1770 ἐνοικεῖ
3807 1720 3848 1771 ὲν

648 1813 802 1863 usus,
835 1799 1052 1854 inducit
1086 1818 1099 1855 :
1141 1820 1159 1851 ι
1202 1800 1257 1855 Si
1295 1803 1422 1871 quis
1457 1806 1724 1874 templum
1759 1806 1856 1860 Dei
1893 1805 2224 1875 corruperit,

2259 1876 2291 1881 Α
2329 1812 2489 1879 ύμίν;
2514 1830 2533 1860 ι
2571 1812 2681 1864 Καὶ
2709 1809 3135 1881 ἐμϐριθέστερον
3164 1808 3386 1877 ἐπάγεισ
3419 1827 3437 1859 ι
3469 1807 3536 1860 Εἰ
3557 1824 3635 1871 τις
3659 1809 3736 1860 τὸν
3756 1810 3848 1862 ναὸν

586 1882 605 1901 ’
645 1902 966 1961 corrumpet
990 1893 1146 1947 illum
1170 1894 1347 1959 Deus;
1382 1896 1646 1965 templum
1677 1897 1823 1951 enim
1852 1897 1948 1952 Dei
1974 1906 2186 1952 sanetur

2258 1876 2301 1932 Β
2328 1876 2423 1956 τοῦ
2475 1902 2613 1955 Θεοῦ
2653 1876 2891 1973 φθείρει,
2944 1876 3138 1971 φθερεῖ
3190 1901 3383 1954 τοῦτον
3426 1901 3456 1953 ὁ
3491 1899 3635 1963 Θεός.
3688 1899 3736 1953 '0
3769 1902 3849 1971 γὰρ

645 1992 750 2047 cst,
769 1984 916 2053 quod
940 1984 1074 2039 estis
1096 2001 1195 2040 vos
1214 1984 1280 2038 ⁸⁸.
1312 2006 1329 2038 ι
1365 1989 1566 2041 Iterum
1596 2005 1609 2041 :
1648 2008 1666 2039 ι
1699 1989 2014 2044 Fornicatio
2038 1998 2223 2045 autem

2325 1994 2452 2058 ναὸς
2496 1994 2594 2047 τοῦ
2648 1993 2782 2047 Θεοῦ
2816 1992 2970 2061 ἅγιός
3026 1994 3199 2055 ἐστιν,
3250 1992 3450 2055 οἵτινές
3498 1994 3615 2045 ἐστε
3661 1992 3844 2061 ύμείς.ι

646 2082 704 2127 et
745 2074 1099 2129 immunditia
1140 2091 1209 2131 ne
1251 2078 1573 2132 nominetur
1612 2079 1838 2148 quidem
1881 2080 1935 2134 in
1975 2080 2134 2135 vobis
2156 2081 2223 2135 ⁸⁸.

2325 2086 2438 2140 Καὶ
2478 2085 2676 2139 ’πάλιν⁹
2718 2105 2736 2137 ι
2771 2084 3008 2155 Πορνεία
3050 2084 3104 2137 δὲ
3138 2084 3235 2138 καὶ
3273 2082 3585 2156 ἀκαθαρσία
3630 2082 3848 2153 μηδὲόνο-

649 2164 773 2219 llaec
816 2166 967 2219 enim
1006 2168 1268 2221 voluntas
1314 2169 1411 2223 Dei
1456 2178 1572 2236 est,
1606 2172 1973 2228 sanctificatio
2017 2183 2223 2229 vestra.

2328 2175 2587 2245 μαζέσθω
2635 2176 2694 2227 ὲν
2731 2176 2881 2244 ὑμῖν.
2929 2174 3102 2228 Τοῦτο
3151 2174 3261 2245 γάρ
3310 2176 3428 2227 ὲστι
3467 2174 3529 2227 τὸ
3568 2174 3753 2242 θέλημα
3780 2174 3844 2225 τοῦ

645 2256 933 2311 Abstinete
962 2273 1063 2313 vos
1094 2273 1125 2312 a
1155 2258 1549 2324 fornicatione,
1580 2269 1641 2316 ut
1672 2263 1811 2318 sciat
1843 2266 2226 2335 unusquisque

2325 2262 2487 2329 Θεοῦ,
2521 2265 2550 2317 ὀ
2596 2264 2867 2333 ἁγιασμὸς
2915 2264 3092 2334 ὑμῶν,
3138 2264 3446 2334 ἀπέχεσθαι
3492 2264 3629 2334 ὑμᾶς
3666 2263 3756 2318 ἀπὸ
3776 2264 3843 2331 τῆς

648 2355 891 2401 vestrum
943 2364 1102 2404 suum
1143 2366 1239 2406 vas
1274 2353 1562 2421 possidere
1604 2355 1658 2408 in
1701 2356 2135 2413 sanctiﬁcatione
2170 2368 2227 2415 et

2328 2357 2609 2428 πορνείας,
2654 2356 2855 2411 εἰδέναι
2901 2356 3135 2410 ἰἑκαστον
3181 2357 3343 2428 ὑμῶν
3378 2358 3440 2411 τδ
3481 2356 3664 2409 ἑαυτοῦ
3706 2356 3842 2417 σκεῦος

649 2439 855 2494 honore
877 2440 945 2495 '°.
978 2461 997 2493 ι
1035 2443 1274 2498 Rursum
1303 2463 1316 2498 :
1352 2465 1369 2496 ι
1405 2446 1474 2501 Et
1500 2448 1918 2504 sanctimoniam
1952 2450 2223 2520 corporis,

2328 2450 2563 2505 κτᾶσθαι
2593 2452 2653 2503 ὲν
2687 2449 2946 2520 ἁγιασμῷ
2977 2450 3075 2503 καὶ
3101 2452 3263 2521 τιμῇ.
3295 2468 3315 2500 ι
3367 2450 3479 2503 Kal.
3513 2448 3683 2510 πάλιν,
3728 2467 3743 2498 ι
3774 2447 3842 2498 Καὶ

645 2531 766 2586 sine
816 2548 923 2601 qua
976 2548 1141 2589 nemo
1187 2536 1399 2593 videbit
1452 2540 1748 2595 Dominum
1775 2543 1841 2597 ⁵³.
1883 2563 1904 2593 ο
1964 2544 2227 2598 Dominus

2327 2546 2419 2596 τὸν
2453 2541 2728 2612 ἁγιασμὸν
2754 2541 2850 2595 τοῦ
2882 2539 3155 2612 σώματος,
3203 2535 3267 2597 οῦ
3311 2542 3481 2612 χωρὶς
3514 2541 3676 2603 οὐδεὶς
3709 2540 3843 2607 ὄψεται

647 2624 778 2677 item
816 2642 829 2678 :
875 2644 892 2676 ι
928 2624 1032 2692 Qui
1067 2628 1353 2699 reliquerit
1412 2646 1638 2687 uxorem
1674 2650 1827 2689 suam
1885 2636 1992 2690 nisi
2061 2651 2229 2690 causa

2328 2636 2421 2689 τὸν
2472 2635 2695 2706 Κύριον.
2734 2652 2753 2686 ι
2801 2634 2858 2687 ’0
2905 2635 2963 2688 δὲ
3013 2633 3254 2703 Κύριος’
3299 2654 3318 2685 ι
3357 2633 3516 2701 Λέγω
3555 2633 3691 2702 ὑμῖν,
3729 2629 3775 2692 ὃς
3802 2628 3846 2681 ἂν

647 2713 1051 2781 fornicationis,
1098 2728 1155 2773 et
1208 2719 1429 2776 duxerit
1490 2722 1676 2790 aliam,
1747 2725 2058 2781 mmchatur
2099 2727 2168 2779 ".
2203 2745 2223 2778 ι

2329 2726 2596 2781 ἀπολύσει
2626 2724 2725 2796 τὴν
2764 2728 3001 2794 γυναῖκα
3034 2724 3229 2790 αὑτοῦ,
3260 2724 3338 2794 μὴ
3378 2724 3472 2777 ἐπὶ
3520 2723 3764 2794 πορνείας,
3783 2719 3849 2772 καὶ
3896 2774 3898 2779 τ

648 2804 746 2860 Et:
772 2825 790 2857 ι
814 2805 917 2873 Qui
951 2809 1294 2878 repudiatam
1325 2811 1566 2881 duxerit,
1595 2816 1902 2871 moechatur
1923 2818 2022 2871 ⁸⁸.»
2057 2817 2230 2874 Deum

2331 2820 2575 2891 γαμήσει
2603 2817 2793 2888 ἄλλην,
2821 2818 3098 2888 μοιχᾶται.
3132 2834 3151 2868 ι
3178 2815 3271 2889 Τῷ
3304 2815 3427 2887 Θεῷ
3458 2815 3649 2887 πρέπει
3669 2812 3773 2878 δόξα
3795 2812 3852 2875 είς

648 2907 897 2955 nostrum
928 2899 1163 2958 addecet
1185 2903 1360 2974 gloria
1385 2904 1441 2959 in
1472 2907 1692 2961 saecula.
1718 2906 1916 2963 Amen.

1354 2904 1441 2959 lin
1472 2907 1692 2961 saecula.
1718 2906 1916 2963 Amen.
2330 2912 2459 2977 τοὺς
2491 2910 2717 2974 αἰῶνας.
2760 2910 2954 2979 Ἀμήν.

1219 3037 1505 3095 HOMiLlA
1542 3039 1662 3095 xx.
2548 3022 2551 3027 λ

2548 3022 2551 3027 λ
2968 3049 3187 3103 ΛΟΓΟΣ
3214 3051 3304 3104 K'.

1248 3154 1326 3209 De
1366 3158 1627 3210 castitate.
2830 3163 2848 3213 ι

2830 3159 2970 3230 Περὶ
2996 3162 3434 3231 σωφροσύνης.

2256 3232 2305 3296 C

720 3274 976 3339 Castitas,
1015 3272 1247 3328 honoris
1293 3282 1379 3327 est
1414 3271 1703 3342 praecipui,
1741 3248 1805 3328 ac
1839 3273 2005 3329 laude
2040 3274 2229 3343 digna,
2256 3248 2305 3296 υ

2256 3248 2305 3296 υ
2417 3275 2481 3329 Ἦ
2514 3274 2861 3344 σωφροσύνη,
2884 3273 3040 3345 τιμία
3072 3274 3165 3327 καὶ
3194 3275 3487 3345 ἐπαινετὴ,
3519 3274 3607 3327 καὶ
3633 3271 3856 3342 εὖπαρρΨ

648 3374 707 3419 et
736 3381 861 3435 qua:
890 3365 1037 3435 apud
1072 3366 1245 3421 Deum
1289 3375 1345 3421 et
1394 3365 1649 3420 homines
1689 3365 1987 3435 plurimum
2019 3366 2236 3422 obtinet

2372 3367 2553 3430 ίαστος
2596 3365 2748 3435 παρὰ
2795 3362 2915 3435 Θεῷ
2958 3365 3054 3419 καὶ
3099 3363 3444 3435 ἀνθρώποις,
3491 3364 3585 3417 καὶ
3626 3362 3759 3423 ἐκτὸς

651 3456 905 3526 ingenuae
939 3456 1217 3511 libertatis
1251 3471 1315 3511 ac
1344 3454 1581 3519 fiduciae,
1613 3464 1768 3510 extra
1812 3471 2035 3510 omnem
2088 3456 2233 3512 invi-

2334 3458 2563 3521 σκανίας
2594 3457 2862 3528 ὑπάρχειο
2895 3456 2946 3508 εί
2973 3455 3031 3508 δὲ
3059 3455 3153 3510 καί
3185 3473 3340 3519 τινες
3363 3455 3641 3525 δυσμενεῖς
3666 3451 3858 3512 εἰωθότες

651 3547 757 3603 dia:
782 3550 957 3604 aleam
990 3548 1303 3604 consistens
1334 3566 1347 3602 :
1389 3548 1606 3603 tametsi
1643 3547 2061 3617 comperiantur
2090 3565 2234 3604 non-

2336 3550 2697 3619 συκοφαντεῖν
2748 3548 2879 3611 τοὺς
2927 3547 2996 3601 δι’
3038 3548 3207 3617 αὐτῆς
3260 3547 3623 3620 βουλομένους
3668 3544 3735 3614 τῷ
3776 3542 3858 3609 Θεῷ

654 3641 791 3695 nulli
834 3641 930 3711 qui
970 3641 1365 3696 consueverint
1402 3639 1633 3697 infensis
1683 3640 1893 3711 linguis
1942 3641 2235 3698 traducere

2334 3638 2839 3712 προσοικειοῦσθαι,
2882 3640 2917 3709 η
2970 3637 3203 3709 ἀλήθεια
3274 3638 3583 3711 διαρρήδην
3613 3637 3855 3691 δείκνυτσιο

654 3749 719 3787 ac
753 3732 1016 3804 sugillare
1041 3748 1139 3788 eos
1166 3733 1262 3803 qui
1289 3734 1392 3787 hac
1420 3732 1624 3789 comite
1655 3732 2002 3788 contendunt
2033 3734 2237 3790 divina:

2334 3731 2519 3797 καθὼς
2542 3732 2637 3787 ἐπὶ
2665 3730 2743 3802 τῷ
2766 3730 2990 3803 Ἰωσὴφ,
3026 3732 3123 3784 καὶ
3157 3733 3223 3802 τῇ
3265 3732 3523 3803 μακαρίᾳ
3554 3730 3789 3801 Σουσάννῃ
3811 3728 3854 3795 τῇ

653 3825 844 3894 gratiae
873 3824 979 3881 sibi
1012 3825 1308 3881 conciliare
1352 3825 1617 3880 favorem.
1650 3824 1864 3880 Veritas
1894 3824 2028 3881 dicti
2077 3826 2238 3881 lucu-

2336 3826 2481 3881 κατὰ
2504 3825 2595 3880 τὸν
2625 3824 2847 3895 Δανιὴλ.
2883 3822 3032 3894 Αὕτη
3056 3822 3167 3895 γὰρ
3196 3824 3379 3879 εἵλετο
3415 3823 3613 3895 μᾶλλον
3629 3822 3711 3876 τδν
3736 3819 3852 3890 πρίει

654 3920 836 3974 lenter
864 3919 1181 3975 declaratur
1228 3918 1479 3987 exemplo
1507 3918 1711 3987 Joseph
1761 3934 1825 3973 ac
1867 3918 2041 3974 beatae
2088 3920 2238 3975 illius

2336 3932 2531 3988 καιρον
2577 3914 2835 3977 θάνατον,
2867 3915 3012 3985 ἥπερ
3059 3913 3153 3967 τὸν
3184 3914 3291 3984 τῆς
3321 3914 3669 3985 σωφροσύνης
3701 3912 3855 3980 ζημιω-

656 4011 923 4067 Susanna:
951 4010 1096 4080 apud
1126 4008 1432 4067 Danielem.
1463 4009 1655 4064 Maluit
1686 4010 1835 4065 enim
1868 4010 1985 4067 lucc
2023 4020 2238 4082 tempo-

2339 4009 2498 4081 θῆναι
2534 4008 2818 4077 στέφανον.
2849 4006 2962 4060 Καὶ
2993 4008 3027 4079 ἠ
3058 4006 3248 4078 κρίσις
3313 4007 3413 4061 τοῦ
3443 4006 3578 4061 Θεοῦ
3625 4002 3859 4076 (τουτέστιν

658 4103 818 4158 rariaa
846 4101 1045 4158 mortis
1066 4101 1365 4157 discrimen
1394 4101 1569 4167 adire,
1592 4118 1756 4172 quam
1792 4112 1854 4157 ut
1882 4118 2103 4159 corona:
2126 4119 2240 4160 sua:

2336 4103 2431 4155 τοῦ
2455 4100 2674 4172 Δανιήλ·
2707 4098 2885 4163 οὕτως
2913 4098 3023 4171 γὰρ
3046 4098 3443 4171 ἑρμηνεύεται)
3469 4099 3592 4162 τοὺς
3613 4096 3776 4168 κριτὰς
3793 4094 3861 4161 τῆς

656 4194 929 4249 castitatis
960 4194 1070 4249 ulla
1096 4209 1165 4249 ex
1188 4201 1343 4263 parte
1370 4193 1600 4249 inferret
1634 4195 2026 4250 contumeliam
2054 4204 2110 4252 et
2139 4196 2238 4251 de-

2342 4194 2641 4265 βασκανίας
2684 4192 3029 4264 κατέκρινεν,
3063 4191 3160 4245 καὶ
3189 4191 3295 4263 τὴν
3339 4190 3591 4264 σώφρονα
3634 4186 3862 4256 ἐλευθέραν

658 4286 983 4341 trimentum
1012 4302 1027 4338 :
1054 4292 1111 4339 et
1129 4284 1401 4353 judicium
1438 4284 1534 4339 Dei
1564 4284 1691 4353 (hoc
1724 4295 1809 4339 est
1868 4286 2084 4351 Daniel,
2120 4288 2240 4343 haec

2339 4286 2648 4352 ἀπέδειξεν,
2680 4285 2778 4337 καὶ
2828 4287 2893 4338 ὲκ
2948 4283 3183 4338 θανάτου
3215 4284 3518 4356 ἐρρύσατο.
3553 4282 3725 4344 Οὕτως
3756 4277 3864 4331 καὶὸ

657 4377 807 4431 enim
835 4375 1076 4431 nominis
1101 4375 1264 4431 istius
1288 4383 1374 4430 est
1400 4374 1813 4445 interpretatio)
1838 4376 2056 4446 judices
2082 4377 2239 4433 dam-

2353 4378 2552 4449 Ἰωσὴφ
2592 4376 3101 4447 συκοφαντούμενος
3136 4376 3290 4447 παρὰ
3334 4378 3440 4448 τῆς
3485 4367 3864 4445 Αίγυπτίσς,κιὶ

659 4468 812 4525 navit
852 4467 1073 4523 invidia:
1101 4486 1116 4522 :
1145 4467 1531 4523 castimoniam
1562 4483 1698 4522 vero
1740 4468 1956 4537 pudicae
1988 4471 2242 4527 mulieris

2343 4471 2401 4523 ὲν
2429 4473 2499 4541 τῇ
2526 4470 2718 4541 εἱρκτῇ
2748 4468 3179 4533 κατακλεισθεὶς,
3201 4467 3313 4541 [ού]
3336 4469 3458 4539 μετ’
3475 4469 3535 4522 ού
3565 4466 3687 4520 πολὺ
3709 4464 3864 4517 διέπειν

661 4579 719 4619 re
763 4563 879 4633 ipsa
909 4562 1101 4617 docuit
1125 4577 1247 4617 esse
1278 4561 1535 4617 intentati
1569 4560 1761 4631 ﬂagitii
1797 4561 2051 4627 liberam,
2084 4579 2238 4619 eam-

2272 4593 2316 4649 D
2342 4563 2443 4634 τὴν
2469 4561 2744 4631 Αἴγυπτον
2778 4561 2991 4631 ἔλαχεν.
3044 4560 3155 4614 Καὶ
3184 4562 3217 4631 ἡ
3260 4561 3391 4629 νίκη
3420 4562 3523 4633 τῆς
3573 4554 3864 4654 σωφροσύνης

660 4671 769 4727 que
800 4655 1066 4711 subduxit
1097 4655 1283 4710 morti.
1313 4655 1428 4711 Nec
1472 4670 1631 4710 secus
1666 4655 1899 4724 contigit
1938 4656 2102 4711 beato
2145 4658 2241 4713 Jo-

2276 4645 2301 4649 i
2343 4652 2510 4707 αὑτοῦ
2537 4653 2597 4706 ού
2634 4652 2795 4723 μόνον
2840 4651 3147 4722 κατάδηλος
3189 4654 3307 4715 τοῖς
3345 4653 3471 4706 τότε
3508 4652 3734 4720 γέγονεν,
3768 4645 3862 4699 ἀλλά

618 4747 626 4757 ’
661 4747 820 4817 seph,
846 4746 943 4818 qui
974 4746 1325 4802 intoleranda
1352 4746 1627 4801 calumnia
1655 4746 1935 4817 appetitus
1955 4764 2054 4817 per
2076 4747 2218 4819 Egya

2341 4746 2435 4799 καὶ
2474 4745 2679 4809 πάσαις
2708 4746 2833 4806 ταῖς
2881 4742 3182 4813 μετέπειτα
3226 4746 3481 4812 γενεαῖς,
3526 4742 3706 4812 ὥσπερ
3741 4735 3860 4805 στήλη

662 4842 855 4913 ptlam,
888 4853 1069 4911 eoque
1112 4839 1170 4894 in
1218 4839 1460 4895 carceris
1505 4842 1785 4911 ergastulo
1831 4841 2126 4897 conclusus
2174 4843 2240 4909 ",

2339 4834 2435 4888 καὶ
2472 4832 2841 4904 ὑπογραμμὸς
2892 4833 2953 4885 ὲν
2994 4834 3117 4896 ταῖς
3154 4833 3329 4902 ἱεραῖς
3365 4833 3584 4896 Βίϐλοις
3614 4829 3860 4896 ἀναγίγρσ·

660 4946 773 4984 non
807 4930 945 4985 adeo
978 4936 1104 5000 post
1149 4930 1386 4985 multum
1419 4930 1682 4999 temporis
1712 4930 1867 4985 velut
1913 4931 2111 4986 sortito
2149 4947 2244 4987 ac-

2342 4944 2495 4982 πται.
2526 4925 2634 4979 Καὶ
2665 4929 2698 4996 η
2734 4923 3021 4994 Σαραφθία
3064 4926 3235 4995 χήρα,
3280 4925 3374 4978 διὰ
3415 4926 3517 4996 τὴν
3550 4920 3854 4993 σωφροσύνην.

661 5023 809 5094 cepit
847 5022 1065 5093 Egypti
1106 5022 1477 5093 gubernacula
1508 5022 1576 5075 ⁸⁸.
1616 5022 1732 5076 Nec
1774 5021 1895 5077 istis
1934 5023 2111 5077 solum
2146 5023 2242 5093 qui

2343 5020 2436 5074 καὶ
2484 5016 2812 5087 φιλοξενίαν,
2867 5015 3009 5084 ἁγνὴ
3063 5011 3199 5069 οὖσα
3243 5015 3339 5070 καὶ
3386 5017 3534 5082 ὁσία,
3577 5015 3761 5087 ἠξιώθη
3800 5010 3854 5061 τὸν

660 5129 725 5169 ea
754 5122 913 5169 aetate
945 5122 1293 5184 supererant,
1329 5113 1507 5168 virtus
1548 5122 1712 5168 tantae
1755 5113 2027 5169 castitatis
2071 5114 2242 5169 lncla-

2346 5114 2520 5185 μέγαν
2546 5111 2736 5165 Ἠλίαν
2765 5108 3155 5174 ὑποδέξασθαιο
3186 5111 3279 5162 καὶ
3303 5111 3334 5161 ὁ
3365 5111 3485 5172 υἱὸς
3515 5109 3679 5178 αὐτῆς
3704 5101 3851 5160 ύπάὖ-

544 5266 547 5269 λ
663 5203 797 5266 ruit,
831 5202 927 5258 sed
973 5212 1030 5259 et
1078 5218 1142 5259 ea
1173 5204 1393 5273 prodita
1428 5204 1710 5259 memoriae
1746 5212 1853 5269 cst,
1899 5212 1956 5259 et
2005 5206 2144 5260 ascri

2341 5206 2436 5260 τοῦ
2459 5201 2885 5274 ξωοποιηθῆναι.
2912 5201 3193 5265 Ὦσαύτως
3250 5201 3349 5254 καὶ
3372 5203 3403 5254 ὁ
3432 5200 3607 5270 μέγας
3630 5196 3860 5270 Γρηγόρεες

662 5294 838 5349 sacris
866 5294 1061 5350 Bibliis
1104 5302 1362 5365 tanquam
1407 5296 1667 5372 columna
1714 5311 1780 5351 ac
1826 5308 2245 5351 monumentum

2344 5300 2372 5352 ὁ
2401 5296 2837 5365 Νεοκαισαρείας
2877 5293 3201 5357 ἐπίσκοπος,
3251 5291 3529 5362 Ἐλλήνων
3565 5292 3769 5361 γονέων,
3800 5284 3866 5337 καὶ

662 5385 730 5440 ad
764 5387 1089 5441 memoriam
1126 5386 1471 5458 posteritatis
1514 5387 1569 5440 in
1602 5403 1797 5442 omnes
1824 5387 2041 5444 futuras
2078 5404 2247 5459 gene-

2346 5390 2505 5453 αὐτὸς
2536 5388 2618 5443 ἔτι
2640 5387 2843 5456 Ἕλλην
2867 5387 3149 5456 ὑπάρχων,
3173 5386 3236 5437 ὲκ
3258 5387 3464 5457 νεαρᾶς
3487 5383 3693 5454 ἡλικίας
3719 5383 3868 5477 ἐπιμέ-

666 5477 927 5533 rationes.
964 5476 1265 5547 Sareptana
1312 5477 1406 5531 illa
1437 5477 1624 5543 vidua,
1672 5478 1871 5534 merito
1903 5479 2241 5534 castimonia:

2346 5480 2454 5543 λῶς
2492 5480 2737 5551 τηρήσας
2786 5477 2886 5549 τὴν
2946 5475 3323 5548 σωφροσύνην,
3366 5475 3573 5546 ἠξιώθη
3625 5471 3760 5543 παρὰ
3800 5471 3872 5534 τῆς

663 5566 829 5644 atque
873 5570 1285 5641 hospitalitatis,
1322 5570 1524 5641 pudica
1560 5587 1686 5627 cum
1736 5580 1885 5628 esset
1931 5589 1999 5629 ac
2031 5580 2240 5639 sancta,

2349 5572 2573 5643 Μητρὸς
2600 5571 2694 5625 τοῦ
2735 5570 2966 5645 Κυρίου,
2994 5569 3206 5625 καὶτοῦ
3234 5567 3626 5638 εὐαγγελιστοῦ
3646 5566 3872 5621 Ἰωάννου,

733 5710 969 5791 βασι-ξ.
994 5708 1221 5791 tx,A8_._9_.
1298 5712 1344 5744 ⁸³
1370 5710 1507 5791 ibid.
1662 5709 1743 5791 _‘_‘
1762 5712 1931 5766 Eccli.
1959 5727 2104 5791 x_xv_l,
2135 5712 2224 5791 ἰῆς
2254 5710 2333 5791 ﬂ“

2276 5710 2346 5791 .“i
2366 5709 2535 5765 Εεοιί·
2564 5725 2637 5791 '3‘:
2664 5708 2805 5791 ερο..
2830 5707 2919 5791 εει
2948 5707 3173 5791 Com".
3200 5705 3403 5791 15...!!3:
3478 5702 3695 5791 ‘11,?"-
3716 5696 3873 5791 ³1919·

666 5782 709 5810 ⁵⁸
735 5781 865 5835 ibid.
894 5782 973 5833 l7.
1054 5781 1095 5812 ⁸⁹
1119 5781 1316 5849 Ephes.
1342 5799 1395 5847 v,
1421 5783 1473 5837 5.
1552 5784 1595 5815 ⁵⁰
1619 5782 1635 5838 Ι
1662 5782 1854 5839 Thess.
1883 5797 1953 5847 tv,
1976 5785 2029 5846 5,
2052 5774 2104 5839 it
2185 5783 2226 5813 “
2251 5780 2266 5838 Ι

670 5853 753 5905 20.
833 5852 1029 5908 "Gen.
1069 5868 1173 5918 xu,
1207 5853 1294 5909 ιι.

2275 5779 2417 5837 lcbr.
2443 5797 2534 5846 xn,
2567 5774 2633 5835 ί(
2690 5782 2735 5813 ³¹
2756 5779 2946 5836 Matth.
2973 5796 3024 5845 v,
3051 5779 3137 5835 39..
3216 5778 3261 5810 ³³
3283 5775 3426 5833 ibid.
3504 5777 3548 5807 "
3571 5774 3695 5831 Gen.
3726 5784 3874 5827 xxxix,
