  <div class='ocr_page' id='page_1' title='image "/cluster/home/n/w/nwhite01/storage/ocr_20150623/89/hvd.32044010610574/754.png"; bbox 0 0 4052 6528; ppageno 0'>
   <div class='ocr_carea' id='block_1_1' title="bbox 240 376 378 439">
    <p class='ocr_par' dir='ltr' id='par_1_1' title="bbox 240 376 378 439">
     <span class='ocr_line' id='line_1_1' title="bbox 240 376 378 439; baseline 0 0"><span class='ocrx_word' id='word_1_1' title='bbox 240 376 263 439; x_wconf 87' lang='grc'><strong>1</strong></span> <span class='ocrx_word' id='word_1_2' title='bbox 279 377 378 439; x_wconf 66' lang='lat'><strong>£93</strong></span> 
     </span>
    </p>
   </div>
   <div class='ocr_carea' id='block_1_2' title="bbox 1269 378 2469 449">
    <p class='ocr_par' dir='ltr' id='par_1_2' title="bbox 1269 378 2469 449">
     <span class='ocr_line' id='line_1_2' title="bbox 1269 378 2469 449; baseline 0.007 -9"><span class='ocrx_word' id='word_1_3' title='bbox 1269 380 1597 441; x_wconf 69' lang='lat' dir='ltr'><strong>IIOMILIA</strong></span> <span class='ocrx_word' id='word_1_4' title='bbox 1640 378 1767 439; x_wconf 78' lang='lat' dir='ltr'><strong>XX.</strong></span> <span class='ocrx_word' id='word_1_5' title='bbox 1792 402 1863 413; x_wconf 86' lang='grc'><strong>-·</strong></span> <span class='ocrx_word' id='word_1_6' title='bbox 1898 379 1995 438; x_wconf 85' lang='lat' dir='ltr'><strong>DE</strong></span> <span class='ocrx_word' id='word_1_7' title='bbox 2036 382 2469 449; x_wconf 72' lang='lat' dir='ltr'><strong>CASTITATE.</strong></span> 
     </span>
    </p>
   </div>
   <div class='ocr_carea' id='block_1_3' title="bbox 3371 385 3509 449">
    <p class='ocr_par' dir='ltr' id='par_1_3' title="bbox 3371 385 3509 449">
     <span class='ocr_line' id='line_1_3' title="bbox 3371 385 3509 449; baseline 0.007 -2"><span class='ocrx_word' id='word_1_8' title='bbox 3371 385 3509 449; x_wconf 63' lang='lat' dir='ltr'><strong>Illi-‘n</strong></span> 
     </span>
    </p>
   </div>
   <div class='ocr_carea' id='block_1_4' title="bbox 240 483 1833 563">
    <p class='ocr_par' dir='ltr' id='par_1_4' title="bbox 240 483 1820 561">
     <span class='ocr_line' id='line_1_4' title="bbox 240 483 1820 561; baseline -0.001 -23"><span class='ocrx_word' id='word_1_9' title='bbox 240 487 433 556; x_wconf 74' lang='grc' dir='ltr'>μαθεῖν</span> <span class='ocrx_word' id='word_1_10' title='bbox 459 489 521 540; x_wconf 81' lang='grc' dir='ltr'><strong>τδ</strong></span> <span class='ocrx_word' id='word_1_11' title='bbox 545 491 643 561; x_wconf 77' lang='grc' dir='ltr'><strong>τῆς</strong></span> <span class='ocrx_word' id='word_1_12' title='bbox 674 488 909 551; x_wconf 84' lang='grc' dir='ltr'>πίστεως</span> <span class='ocrx_word' id='word_1_13' title='bbox 934 488 1258 559; x_wconf 81' lang='grc' dir='ltr'>μυστήριον,</span> <span class='ocrx_word' id='word_1_14' title='bbox 1288 488 1383 541; x_wconf 79' lang='grc' dir='ltr'>καὶ</span> <span class='ocrx_word' id='word_1_15' title='bbox 1404 483 1820 557; x_wconf 85' lang='grc' dir='ltr'>θαυματουργδς</span> 
     </span>
    </p>
   </div>
   <div class='ocr_carea' id='block_1_5' title="bbox 1934 483 3509 563">
    <p class='ocr_par' dir='ltr' id='par_1_5' title="bbox 1934 490 3509 563">
     <span class='ocr_line' id='line_1_5' title="bbox 1934 490 3509 563; baseline 0.004 -22"><span class='ocrx_word' id='word_1_16' title='bbox 1934 503 2181 558; x_wconf 82' lang='lat' dir='ltr'><strong>magnum</strong></span> <span class='ocrx_word' id='word_1_17' title='bbox 2216 490 2372 545; x_wconf 86' lang='lat' dir='ltr'><strong>illum</strong></span> <span class='ocrx_word' id='word_1_18' title='bbox 2416 491 2595 546; x_wconf 86' lang='lat' dir='ltr'><strong>Eliam</strong></span> <span class='ocrx_word' id='word_1_19' title='bbox 2644 491 2859 563; x_wconf 76' lang='lat'><strong>1058</strong></span> <span class='ocrx_word' id='word_1_20' title='bbox 2898 490 3204 562; x_wconf 87' lang='lat' dir='ltr'><strong>promeruit</strong></span> <span class='ocrx_word' id='word_1_21' title='bbox 3249 491 3509 560; x_wconf 76' lang='lat' dir='ltr'><strong>excipere</strong></span> 
     </span>
    </p>
   </div>
   <div class='ocr_carea' id='block_1_6' title="bbox 240 578 1819 652">
    <p class='ocr_par' dir='ltr' id='par_1_6' title="bbox 240 578 1819 652">
     <span class='ocr_line' id='line_1_6' title="bbox 240 578 1819 652; baseline 0 -21"><span class='ocrx_word' id='word_1_22' title='bbox 240 583 417 649; x_wconf 75' lang='grc' dir='ltr'>μέγας</span> <span class='ocrx_word' id='word_1_23' title='bbox 456 579 866 652; x_wconf 76' lang='grc' dir='ltr'><strong>ἀναδειχθῆναι.</strong></span> <span class='ocrx_word' id='word_1_24' title='bbox 908 583 972 634; x_wconf 81' lang='grc' dir='ltr'><strong>Οἱ</strong></span> <span class='ocrx_word' id='word_1_25' title='bbox 1015 580 1125 652; x_wconf 73' lang='grc' dir='ltr'><strong>γάρ</strong></span> <span class='ocrx_word' id='word_1_26' title='bbox 1166 582 1265 651; x_wconf 77' lang='grc' dir='ltr'>τῆς</span> <span class='ocrx_word' id='word_1_27' title='bbox 1303 578 1660 651; x_wconf 82' lang='grc' dir='ltr'><strong>σωφροσύνης</strong></span> <span class='ocrx_word' id='word_1_28' title='bbox 1693 580 1819 648; x_wconf 78' lang='grc' dir='ltr'>ἐρα-</span> 
     </span>
    </p>
   </div>
   <div class='ocr_carea' id='block_1_7' title="bbox 240 671 1817 744">
    <p class='ocr_par' dir='ltr' id='par_1_7' title="bbox 240 671 1817 744">
     <span class='ocr_line' id='line_1_7' title="bbox 240 671 1817 744; baseline 0 -19"><span class='ocrx_word' id='word_1_29' title='bbox 240 673 389 738; x_wconf 74' lang='grc' dir='ltr'>σταὶ,</span> <span class='ocrx_word' id='word_1_30' title='bbox 424 673 486 725; x_wconf 78' lang='grc' dir='ltr'>οὐ</span> <span class='ocrx_word' id='word_1_31' title='bbox 526 676 689 743; x_wconf 86' lang='grc' dir='ltr'>μόνον</span> <span class='ocrx_word' id='word_1_32' title='bbox 716 674 807 726; x_wconf 71' lang='grc' dir='ltr'>τὲιν</span> <span class='ocrx_word' id='word_1_33' title='bbox 839 674 1059 727; x_wconf 73' lang='grc' dir='ltr'>ἔπαινον</span> <span class='ocrx_word' id='word_1_34' title='bbox 1088 674 1146 726; x_wconf 80' lang='grc' dir='ltr'>ὲν</span> <span class='ocrx_word' id='word_1_35' title='bbox 1171 673 1307 744; x_wconf 77' lang='grc' dir='ltr'>τῷδε</span> <span class='ocrx_word' id='word_1_36' title='bbox 1334 673 1412 742; x_wconf 83' lang='grc' dir='ltr'>τῷ</span> <span class='ocrx_word' id='word_1_37' title='bbox 1444 672 1541 743; x_wconf 77' lang='grc' dir='ltr'><strong>βίῳ</strong></span> <span class='ocrx_word' id='word_1_38' title='bbox 1580 671 1817 741; x_wconf 78' lang='grc' dir='ltr'>ἔχουσιν,</span> 
     </span>
    </p>
   </div>
   <div class='ocr_carea' id='block_1_8' title="bbox 237 762 1820 836">
    <p class='ocr_par' dir='ltr' id='par_1_8' title="bbox 237 762 1820 836">
     <span class='ocr_line' id='line_1_8' title="bbox 237 762 1820 836; baseline -0.001 -20"><span class='ocrx_word' id='word_1_39' title='bbox 237 764 377 818; x_wconf 78' lang='grc' dir='ltr'><strong>ἀλλά</strong></span> <span class='ocrx_word' id='word_1_40' title='bbox 409 765 505 819; x_wconf 77' lang='grc' dir='ltr'><strong>καὶ</strong></span> <span class='ocrx_word' id='word_1_41' title='bbox 528 765 620 819; x_wconf 69' lang='grc' dir='ltr'><strong>τὸν</strong></span> <span class='ocrx_word' id='word_1_42' title='bbox 652 766 915 836; x_wconf 83' lang='grc' dir='ltr'>στέφανον</span> <span class='ocrx_word' id='word_1_43' title='bbox 946 766 1040 819; x_wconf 83' lang='grc' dir='ltr'><strong>τοῦ</strong></span> <span class='ocrx_word' id='word_1_44' title='bbox 1072 766 1325 830; x_wconf 80' lang='grc' dir='ltr'><strong>κάλλους,</strong></span> <span class='ocrx_word' id='word_1_45' title='bbox 1359 765 1453 818; x_wconf 75' lang='grc' dir='ltr'><strong>καὶ</strong></span> <span class='ocrx_word' id='word_1_46' title='bbox 1490 764 1579 816; x_wconf 84' lang='grc' dir='ltr'><strong>τὸν</strong></span> <span class='ocrx_word' id='word_1_47' title='bbox 1618 762 1820 833; x_wconf 83' lang='grc' dir='ltr'>χιτῶνα</span> 
     </span>
    </p>
   </div>
   <div class='ocr_carea' id='block_1_9' title="bbox 237 853 1821 928">
    <p class='ocr_par' dir='ltr' id='par_1_9' title="bbox 237 853 1821 928">
     <span class='ocr_line' id='line_1_9' title="bbox 237 853 1821 928; baseline -0.003 -18"><span class='ocrx_word' id='word_1_48' title='bbox 237 860 338 925; x_wconf 80' lang='grc' dir='ltr'><strong>τῆς</strong></span> <span class='ocrx_word' id='word_1_49' title='bbox 370 856 726 928; x_wconf 79' lang='grc' dir='ltr'><strong>σωφροσύνης</strong></span> <span class='ocrx_word' id='word_1_50' title='bbox 752 859 814 910; x_wconf 81' lang='grc' dir='ltr'>ὲκ</span> <span class='ocrx_word' id='word_1_51' title='bbox 856 858 1038 927; x_wconf 81' lang='grc' dir='ltr'>χειρὸς</span> <span class='ocrx_word' id='word_1_52' title='bbox 1083 856 1288 925; x_wconf 82' lang='grc' dir='ltr'>Κυρίου</span> <span class='ocrx_word' id='word_1_53' title='bbox 1336 855 1659 927; x_wconf 89' lang='grc' dir='ltr'>κομίσονται</span> <span class='ocrx_word' id='word_1_54' title='bbox 1680 870 1692 884; x_wconf 83' lang='lat'><strong>&#39;</strong></span> <span class='ocrx_word' id='word_1_55' title='bbox 1727 853 1821 907; x_wconf 72' lang='grc' dir='ltr'>καὶ</span> 
     </span>
    </p>
   </div>
   <div class='ocr_carea' id='block_1_10' title="bbox 236 942 1819 1017">
    <p class='ocr_par' dir='ltr' id='par_1_10' title="bbox 236 942 1819 1017">
     <span class='ocr_line' id='line_1_10' title="bbox 236 942 1819 1017; baseline -0.001 -21"><span class='ocrx_word' id='word_1_56' title='bbox 236 945 459 1015; x_wconf 77' lang='grc' dir='ltr'>ἐροῦσιν</span> <span class='ocrx_word' id='word_1_57' title='bbox 482 961 496 975; x_wconf 80' lang='grc'><strong><em>⁸</em></strong></span> <span class='ocrx_word' id='word_1_58' title='bbox 532 965 551 998; x_wconf 77' lang='grc' dir='ltr'><strong>ι</strong></span> <span class='ocrx_word' id='word_1_59' title='bbox 580 944 956 1015; x_wconf 80' lang='grc' dir='ltr'>’Λγαλλιάσθω</span> <span class='ocrx_word' id='word_1_60' title='bbox 994 948 1027 1016; x_wconf 84' lang='grc' dir='ltr'><strong>ή</strong></span> <span class='ocrx_word' id='word_1_61' title='bbox 1065 946 1210 1017; x_wconf 76' lang='grc' dir='ltr'>ψυχὴ</span> <span class='ocrx_word' id='word_1_62' title='bbox 1241 946 1420 1016; x_wconf 80' lang='grc' dir='ltr'>ἡμῶν,</span> <span class='ocrx_word' id='word_1_63' title='bbox 1463 946 1555 998; x_wconf 73' lang='grc' dir='ltr'><strong>ἐπὶ</strong></span> <span class='ocrx_word' id='word_1_64' title='bbox 1600 942 1679 1014; x_wconf 83' lang='grc' dir='ltr'><strong>τῷ</strong></span> <span class='ocrx_word' id='word_1_65' title='bbox 1706 945 1819 996; x_wconf 80' lang='grc' dir='ltr'><strong>Κυ-</strong></span> 
     </span>
    </p>
   </div>
   <div class='ocr_carea' id='block_1_11' title="bbox 239 1037 1820 1110">
    <p class='ocr_par' dir='ltr' id='par_1_11' title="bbox 239 1037 1820 1110">
     <span class='ocr_line' id='line_1_11' title="bbox 239 1037 1820 1110; baseline 0.002 -23"><span class='ocrx_word' id='word_1_66' title='bbox 239 1038 383 1108; x_wconf 76' lang='grc' dir='ltr'><strong>ρῖῳ·</strong></span> <span class='ocrx_word' id='word_1_67' title='bbox 417 1038 668 1092; x_wconf 76' lang='grc' dir='ltr'><strong>ἐνέδυσεν</strong></span> <span class='ocrx_word' id='word_1_68' title='bbox 701 1039 812 1110; x_wconf 85' lang='grc' dir='ltr'><strong>γάρ</strong></span> <span class='ocrx_word' id='word_1_69' title='bbox 859 1056 926 1109; x_wconf 90' lang='grc' dir='ltr'><strong>με</strong></span> <span class='ocrx_word' id='word_1_70' title='bbox 974 1040 1190 1110; x_wconf 80' lang='grc' dir='ltr'>ἱμάτιον</span> <span class='ocrx_word' id='word_1_71' title='bbox 1244 1038 1541 1108; x_wconf 76' lang='grc' dir='ltr'><strong>σωτηρίου,</strong></span> <span class='ocrx_word' id='word_1_72' title='bbox 1587 1037 1683 1091; x_wconf 64' lang='grc' dir='ltr'><strong>καλ⁸</strong></span> <span class='ocrx_word' id='word_1_73' title='bbox 1733 1055 1820 1107; x_wconf 82' lang='grc' dir='ltr'><strong>χι-</strong></span> 
     </span>
    </p>
   </div>
   <div class='ocr_carea' id='block_1_12' title="bbox 236 1125 1819 1203">
    <p class='ocr_par' dir='ltr' id='par_1_12' title="bbox 236 1125 1819 1203">
     <span class='ocr_line' id='line_1_12' title="bbox 236 1125 1819 1203; baseline 0 -20"><span class='ocrx_word' id='word_1_74' title='bbox 236 1125 384 1183; x_wconf 82' lang='grc' dir='ltr'>τῶνα</span> <span class='ocrx_word' id='word_1_75' title='bbox 410 1130 751 1201; x_wconf 79' lang='grc' dir='ltr'>εὐφροσύνης</span> <span class='ocrx_word' id='word_1_76' title='bbox 785 1130 860 1194; x_wconf 85' lang='grc' dir='ltr'>ὼς</span> <span class='ocrx_word' id='word_1_77' title='bbox 884 1132 1101 1203; x_wconf 80' lang='grc' dir='ltr'>νυμφίῳ</span> <span class='ocrx_word' id='word_1_78' title='bbox 1128 1132 1459 1203; x_wconf 85' lang='grc' dir='ltr'>περιέθηκέν</span> <span class='ocrx_word' id='word_1_79' title='bbox 1486 1149 1574 1201; x_wconf 91' lang='grc' dir='ltr'><strong>μοι</strong></span> <span class='ocrx_word' id='word_1_80' title='bbox 1599 1131 1819 1201; x_wconf 79' lang='grc' dir='ltr'>μίτραν,</span> 
     </span>
    </p>
   </div>
   <div class='ocr_carea' id='block_1_13' title="bbox 236 1218 1819 1295">
    <p class='ocr_par' dir='ltr' id='par_1_13' title="bbox 236 1218 1819 1295">
     <span class='ocr_line' id='line_1_13' title="bbox 236 1218 1819 1295; baseline 0.001 -20"><span class='ocrx_word' id='word_1_81' title='bbox 236 1225 335 1278; x_wconf 79' lang='grc' dir='ltr'><strong>καὶ</strong></span> <span class='ocrx_word' id='word_1_82' title='bbox 354 1223 431 1285; x_wconf 88' lang='grc' dir='ltr'>ὼς</span> <span class='ocrx_word' id='word_1_83' title='bbox 454 1223 674 1293; x_wconf 82' lang='grc' dir='ltr'>νύμφην</span> <span class='ocrx_word' id='word_1_84' title='bbox 695 1225 1107 1295; x_wconf 81' lang='grc' dir='ltr'>κατεκόσμησεν</span> <span class='ocrx_word' id='word_1_85' title='bbox 1130 1226 1337 1294; x_wconf 88' lang='grc' dir='ltr'>κόσμῳ.</span> <span class='ocrx_word' id='word_1_86' title='bbox 1368 1242 1385 1274; x_wconf 73' lang='grc' dir='ltr'><strong>ι</strong></span> <span class='ocrx_word' id='word_1_87' title='bbox 1420 1218 1578 1277; x_wconf 77' lang='grc' dir='ltr'>Οὗτοι</span> <span class='ocrx_word' id='word_1_88' title='bbox 1612 1224 1819 1294; x_wconf 67' lang='grc' dir='ltr'>ὲκλάμυ</span> 
     </span>
    </p>
   </div>
   <div class='ocr_carea' id='block_1_14' title="bbox 236 1316 1821 1388">
    <p class='ocr_par' dir='ltr' id='par_1_14' title="bbox 236 1316 1821 1388">
     <span class='ocr_line' id='line_1_14' title="bbox 236 1316 1821 1388; baseline 0 -19"><span class='ocrx_word' id='word_1_89' title='bbox 236 1316 437 1386; x_wconf 78' lang='grc' dir='ltr'>ψουσιν</span> <span class='ocrx_word' id='word_1_90' title='bbox 468 1318 526 1369; x_wconf 85' lang='grc' dir='ltr'>ὲν</span> <span class='ocrx_word' id='word_1_91' title='bbox 575 1318 639 1388; x_wconf 82' lang='grc' dir='ltr'>τῇ</span> <span class='ocrx_word' id='word_1_92' title='bbox 674 1316 925 1388; x_wconf 79' lang='grc' dir='ltr'>βασιλείᾳ</span> <span class='ocrx_word' id='word_1_93' title='bbox 961 1317 1055 1370; x_wconf 86' lang='grc' dir='ltr'><strong>τοῦ</strong></span> <span class='ocrx_word' id='word_1_94' title='bbox 1095 1318 1329 1388; x_wconf 66' lang='grc' dir='ltr'>Πατρός,</span> <span class='ocrx_word' id='word_1_95' title='bbox 1371 1320 1419 1370; x_wconf 78' lang='grc' dir='ltr'>εἰ</span> <span class='ocrx_word' id='word_1_96' title='bbox 1466 1316 1684 1386; x_wconf 87' lang='grc' dir='ltr'>ἀληθῶς</span> <span class='ocrx_word' id='word_1_97' title='bbox 1725 1316 1821 1369; x_wconf 76' lang='grc' dir='ltr'><strong>καὶ</strong></span> 
     </span>
    </p>
   </div>
   <div class='ocr_carea' id='block_1_15' title="bbox 235 1409 1820 1483">
    <p class='ocr_par' dir='ltr' id='par_1_15' title="bbox 235 1409 1820 1483">
     <span class='ocr_line' id='line_1_15' title="bbox 235 1409 1820 1483; baseline -0.001 -19"><span class='ocrx_word' id='word_1_98' title='bbox 235 1411 339 1475; x_wconf 69' lang='grc' dir='ltr'>τὰς</span> <span class='ocrx_word' id='word_1_99' title='bbox 372 1411 563 1475; x_wconf 78' lang='grc' dir='ltr'>λοιπάς</span> <span class='ocrx_word' id='word_1_100' title='bbox 603 1411 803 1481; x_wconf 79' lang='grc' dir='ltr'>ἀρετὰς</span> <span class='ocrx_word' id='word_1_101' title='bbox 845 1412 1174 1483; x_wconf 85' lang='grc' dir='ltr'>κέκτηνται.</span> <span class='ocrx_word' id='word_1_102' title='bbox 1221 1411 1320 1474; x_wconf 87' lang='grc' dir='ltr'><strong>τάς</strong></span> <span class='ocrx_word' id='word_1_103' title='bbox 1360 1409 1708 1481; x_wconf 77' lang='grc' dir='ltr'>ἁρμοζούσας</span> <span class='ocrx_word' id='word_1_104' title='bbox 1753 1411 1820 1480; x_wconf 84' lang='grc' dir='ltr'>τῇ</span> 
     </span>
    </p>
   </div>
   <div class='ocr_carea' id='block_1_16' title="bbox 238 1502 1821 1578">
    <p class='ocr_par' dir='ltr' id='par_1_16' title="bbox 238 1502 1821 1578">
     <span class='ocr_line' id='line_1_16' title="bbox 238 1502 1821 1578; baseline -0.003 -19"><span class='ocrx_word' id='word_1_105' title='bbox 238 1506 591 1578; x_wconf 86' lang='grc' dir='ltr'>σωφροσύνῃ.</span> <span class='ocrx_word' id='word_1_106' title='bbox 625 1507 777 1559; x_wconf 85' lang='grc' dir='ltr'>Ἐκεῖ</span> <span class='ocrx_word' id='word_1_107' title='bbox 814 1505 1000 1569; x_wconf 78' lang='grc' dir='ltr'>αὐτοῖς</span> <span class='ocrx_word' id='word_1_108' title='bbox 1046 1504 1347 1575; x_wconf 82' lang='grc' dir='ltr'>ὀφθήσεται</span> <span class='ocrx_word' id='word_1_109' title='bbox 1397 1505 1428 1573; x_wconf 76' lang='grc' dir='ltr'><strong>ἡ</strong></span> <span class='ocrx_word' id='word_1_110' title='bbox 1478 1502 1612 1573; x_wconf 81' lang='grc' dir='ltr'>ζωὴ,</span> <span class='ocrx_word' id='word_1_111' title='bbox 1654 1503 1747 1556; x_wconf 71' lang='grc' dir='ltr'><strong>καὶ</strong></span> <span class='ocrx_word' id='word_1_112' title='bbox 1788 1503 1821 1573; x_wconf 81' lang='grc' dir='ltr'><strong>ἠ</strong></span> 
     </span>
    </p>
   </div>
   <div class='ocr_carea' id='block_1_17' title="bbox 242 1594 1820 1668">
    <p class='ocr_par' dir='ltr' id='par_1_17' title="bbox 242 1594 1820 1668">
     <span class='ocr_line' id='line_1_17' title="bbox 242 1594 1820 1668; baseline -0.001 -20"><span class='ocrx_word' id='word_1_113' title='bbox 242 1596 527 1665; x_wconf 79' lang='grc' dir='ltr'>μακρότης</span> <span class='ocrx_word' id='word_1_114' title='bbox 555 1596 665 1648; x_wconf 84' lang='grc' dir='ltr'><strong>τῶν</strong></span> <span class='ocrx_word' id='word_1_115' title='bbox 708 1595 953 1668; x_wconf 81' lang='grc' dir='ltr'>ἡμερῶν,</span> <span class='ocrx_word' id='word_1_116' title='bbox 987 1597 1020 1667; x_wconf 81' lang='grc' dir='ltr'>ὴ</span> <span class='ocrx_word' id='word_1_117' title='bbox 1053 1594 1371 1665; x_wconf 90' lang='grc' dir='ltr'>γαληνιῶσα</span> <span class='ocrx_word' id='word_1_118' title='bbox 1401 1595 1495 1648; x_wconf 75' lang='grc' dir='ltr'><strong>καὶ</strong></span> <span class='ocrx_word' id='word_1_119' title='bbox 1523 1594 1820 1667; x_wconf 82' lang='grc' dir='ltr'>ἀτάραχος,</span> 
     </span>
    </p>
   </div>
   <div class='ocr_carea' id='block_1_18' title="bbox 238 1682 1823 1761">
    <p class='ocr_par' dir='ltr' id='par_1_18' title="bbox 238 1682 1823 1761">
     <span class='ocr_line' id='line_1_18' title="bbox 238 1682 1823 1761; baseline 0.001 -22"><span class='ocrx_word' id='word_1_120' title='bbox 238 1688 299 1739; x_wconf 77' lang='grc' dir='ltr'>ὲν</span> <span class='ocrx_word' id='word_1_121' title='bbox 376 1687 585 1758; x_wconf 80' lang='grc' dir='ltr'>ἀπέδρα</span> <span class='ocrx_word' id='word_1_122' title='bbox 615 1687 799 1759; x_wconf 78' lang='grc' dir='ltr'>ὀδύνη,</span> <span class='ocrx_word' id='word_1_123' title='bbox 831 1687 1001 1759; x_wconf 83' lang='grc' dir='ltr'>λύπη.</span> <span class='ocrx_word' id='word_1_124' title='bbox 1038 1687 1133 1741; x_wconf 69' lang='grc' dir='ltr'><strong>καὶ</strong></span> <span class='ocrx_word' id='word_1_125' title='bbox 1173 1686 1501 1758; x_wconf 84' lang='grc' dir='ltr'>στεναγμός.</span> <span class='ocrx_word' id='word_1_126' title='bbox 1538 1686 1595 1740; x_wconf 84' lang='lat'><strong>&#39;0</strong></span> <span class='ocrx_word' id='word_1_127' title='bbox 1617 1686 1823 1751; x_wconf 87' lang='grc' dir='ltr'>τέλειος</span> 
     </span>
    </p>
   </div>
   <div class='ocr_carea' id='block_1_19' title="bbox 240 1778 1821 1851">
    <p class='ocr_par' dir='ltr' id='par_1_19' title="bbox 240 1778 1821 1851">
     <span class='ocr_line' id='line_1_19' title="bbox 240 1778 1821 1851; baseline 0 -19"><span class='ocrx_word' id='word_1_128' title='bbox 240 1779 475 1850; x_wconf 87' lang='grc' dir='ltr'>σώφρων</span> <span class='ocrx_word' id='word_1_129' title='bbox 505 1780 842 1849; x_wconf 72' lang='grc' dir='ltr'>πανταχόθεν</span> <span class='ocrx_word' id='word_1_130' title='bbox 876 1779 1070 1833; x_wconf 81' lang='grc' dir='ltr'>ἑαυτὸν</span> <span class='ocrx_word' id='word_1_131' title='bbox 1113 1778 1392 1847; x_wconf 83' lang='grc' dir='ltr'>φυλάττει.</span> <span class='ocrx_word' id='word_1_132' title='bbox 1434 1779 1682 1832; x_wconf 83' lang='grc' dir='ltr'>Ἤκουσα</span> <span class='ocrx_word' id='word_1_133' title='bbox 1698 1778 1821 1851; x_wconf 85' lang='grc' dir='ltr'>-γὰρ</span> 
     </span>
    </p>
   </div>
   <div class='ocr_carea' id='block_1_20' title="bbox 241 1871 1822 1944">
    <p class='ocr_par' dir='ltr' id='par_1_20' title="bbox 241 1871 1822 1944">
     <span class='ocr_line' id='line_1_20' title="bbox 241 1871 1822 1944; baseline 0 -19"><span class='ocrx_word' id='word_1_134' title='bbox 241 1874 373 1944; x_wconf 82' lang='grc' dir='ltr'>περί</span> <span class='ocrx_word' id='word_1_135' title='bbox 400 1889 543 1935; x_wconf 83' lang='grc' dir='ltr'>τινος</span> <span class='ocrx_word' id='word_1_136' title='bbox 581 1873 847 1943; x_wconf 85' lang='grc' dir='ltr'>βασιλέως</span> <span class='ocrx_word' id='word_1_137' title='bbox 887 1873 998 1926; x_wconf 89' lang='grc' dir='ltr'><strong>τῶν</strong></span> <span class='ocrx_word' id='word_1_138' title='bbox 1044 1871 1169 1939; x_wconf 76' lang='grc' dir='ltr'>ἔξω,</span> <span class='ocrx_word' id='word_1_139' title='bbox 1201 1873 1283 1925; x_wconf 81' lang='grc' dir='ltr'><strong>ὅτι</strong></span> <span class='ocrx_word' id='word_1_140' title='bbox 1322 1872 1577 1940; x_wconf 79' lang='grc' dir='ltr'>Ἐφεσίαν</span> <span class='ocrx_word' id='word_1_141' title='bbox 1618 1872 1822 1942; x_wconf 74' lang='grc' dir='ltr'>ἱέρειαν</span> 
     </span>
    </p>
   </div>
   <div class='ocr_carea' id='block_1_21' title="bbox 244 1963 1823 2036">
    <p class='ocr_par' dir='ltr' id='par_1_21' title="bbox 244 1963 1823 2036">
     <span class='ocr_line' id='line_1_21' title="bbox 244 1963 1823 2036; baseline 0.001 -21"><span class='ocrx_word' id='word_1_142' title='bbox 244 1964 371 2018; x_wconf 79' lang='grc' dir='ltr'>ἰδὼν</span> <span class='ocrx_word' id='word_1_143' title='bbox 398 1966 667 2036; x_wconf 73' lang='grc' dir='ltr'>ὑπερϐολῇ</span> <span class='ocrx_word' id='word_1_144' title='bbox 705 1966 876 2035; x_wconf 81' lang='grc' dir='ltr'>καλὴν</span> <span class='ocrx_word' id='word_1_145' title='bbox 914 1969 1199 2033; x_wconf 82' lang='grc' dir='ltr'>φανεῖσαν,</span> <span class='ocrx_word' id='word_1_146' title='bbox 1242 1964 1528 2029; x_wconf 80' lang='grc' dir='ltr'>ἀνέζευξεν</span> <span class='ocrx_word' id='word_1_147' title='bbox 1567 1964 1727 2028; x_wconf 78' lang='grc' dir='ltr'>εὐθὺς</span> <span class='ocrx_word' id='word_1_148' title='bbox 1762 1963 1823 2029; x_wconf 81' lang='grc' dir='ltr'>ἐξ</span> 
     </span>
    </p>
   </div>
   <div class='ocr_carea' id='block_1_22' title="bbox 239 2056 1824 2128">
    <p class='ocr_par' dir='ltr' id='par_1_22' title="bbox 239 2056 1824 2128">
     <span class='ocr_line' id='line_1_22' title="bbox 239 2056 1824 2128; baseline 0 -18"><span class='ocrx_word' id='word_1_149' title='bbox 239 2056 496 2125; x_wconf 83' lang='grc' dir='ltr'>Ἐφέσου,</span> <span class='ocrx_word' id='word_1_150' title='bbox 524 2057 687 2126; x_wconf 74' lang='grc' dir='ltr'>φοϐού</span> <span class='ocrx_word' id='word_1_151' title='bbox 698 2076 857 2128; x_wconf 88' lang='grc' dir='ltr'>μενος</span> <span class='ocrx_word' id='word_1_152' title='bbox 877 2060 951 2127; x_wconf 82' lang='grc' dir='ltr'>μὴ</span> <span class='ocrx_word' id='word_1_153' title='bbox 988 2058 1141 2128; x_wconf 80' lang='grc' dir='ltr'><strong>παρά</strong></span> <span class='ocrx_word' id='word_1_154' title='bbox 1169 2056 1394 2127; x_wconf 82' lang='grc' dir='ltr'>γνώμην</span> <span class='ocrx_word' id='word_1_155' title='bbox 1417 2057 1703 2128; x_wconf 77' lang='grc' dir='ltr'>ἐκϐιασθῇ,</span> <span class='ocrx_word' id='word_1_156' title='bbox 1729 2057 1824 2110; x_wconf 69' lang='grc' dir='ltr'><strong>καὶ</strong></span> 
     </span>
    </p>
   </div>
   <div class='ocr_carea' id='block_1_23' title="bbox 244 2145 1823 2219">
    <p class='ocr_par' dir='ltr' id='par_1_23' title="bbox 244 2145 1823 2219">
     <span class='ocr_line' id='line_1_23' title="bbox 244 2145 1823 2219; baseline 0 -21"><span class='ocrx_word' id='word_1_157' title='bbox 244 2146 430 2219; x_wconf 80' lang='grc' dir='ltr'>πράξῃ</span> <span class='ocrx_word' id='word_1_158' title='bbox 458 2162 510 2198; x_wconf 91' lang='grc' dir='ltr'><strong>τι</strong></span> <span class='ocrx_word' id='word_1_159' title='bbox 544 2146 653 2199; x_wconf 81' lang='grc' dir='ltr'><strong>τῶν</strong></span> <span class='ocrx_word' id='word_1_160' title='bbox 679 2147 916 2200; x_wconf 78' lang='grc' dir='ltr'>ἀτόπων.</span> <span class='ocrx_word' id='word_1_161' title='bbox 943 2148 1052 2199; x_wconf 70' lang='grc' dir='ltr'><strong>Καὶ</strong></span> <span class='ocrx_word' id='word_1_162' title='bbox 1080 2146 1265 2214; x_wconf 84' lang='grc' dir='ltr'>Κῦρος</span> <span class='ocrx_word' id='word_1_163' title='bbox 1299 2146 1353 2198; x_wconf 81' lang='grc' dir='ltr'>δὲ</span> <span class='ocrx_word' id='word_1_164' title='bbox 1378 2146 1406 2198; x_wconf 83' lang='grc' dir='ltr'>ὁ</span> <span class='ocrx_word' id='word_1_165' title='bbox 1434 2145 1674 2217; x_wconf 80' lang='grc' dir='ltr'>Πέρσης,</span> <span class='ocrx_word' id='word_1_166' title='bbox 1702 2145 1823 2198; x_wconf 83' lang='grc' dir='ltr'>οὐδὲ</span> 
     </span>
    </p>
   </div>
   <div class='ocr_carea' id='block_1_24' title="bbox 246 2238 1825 2316">
    <p class='ocr_par' dir='ltr' id='par_1_24' title="bbox 246 2238 1825 2309">
     <span class='ocr_line' id='line_1_24' title="bbox 246 2238 1825 2309; baseline 0 -16"><span class='ocrx_word' id='word_1_167' title='bbox 246 2240 379 2293; x_wconf 84' lang='grc' dir='ltr'>ίδεῖν</span> <span class='ocrx_word' id='word_1_168' title='bbox 432 2242 531 2309; x_wconf 74' lang='grc' dir='ltr'>τὴν</span> <span class='ocrx_word' id='word_1_169' title='bbox 578 2240 809 2293; x_wconf 83' lang='grc' dir='ltr'>σπανίαν</span> <span class='ocrx_word' id='word_1_170' title='bbox 860 2239 1207 2304; x_wconf 76' lang='grc' dir='ltr'>κατεδέξατο,</span> <span class='ocrx_word' id='word_1_171' title='bbox 1260 2238 1575 2309; x_wconf 84' lang='grc' dir='ltr'>θαυμαστόν</span> <span class='ocrx_word' id='word_1_172' title='bbox 1628 2256 1683 2292; x_wconf 87' lang='grc' dir='ltr'><strong>τι</strong></span> <span class='ocrx_word' id='word_1_173' title='bbox 1729 2239 1825 2293; x_wconf 80' lang='grc' dir='ltr'>καὶ</span> 
     </span>
    </p>
   </div>
   <div class='ocr_carea' id='block_1_25' title="bbox 241 2329 1825 2401">
    <p class='ocr_par' dir='ltr' id='par_1_25' title="bbox 241 2329 1825 2401">
     <span class='ocr_line' id='line_1_25' title="bbox 241 2329 1825 2401; baseline -0.001 -17"><span class='ocrx_word' id='word_1_174' title='bbox 241 2332 527 2400; x_wconf 79' lang='grc' dir='ltr'>ἀμήχανον</span> <span class='ocrx_word' id='word_1_175' title='bbox 573 2331 767 2393; x_wconf 83' lang='grc' dir='ltr'>κάλλος</span> <span class='ocrx_word' id='word_1_176' title='bbox 822 2329 966 2401; x_wconf 80' lang='grc' dir='ltr'>ἔχειν</span> <span class='ocrx_word' id='word_1_177' title='bbox 1013 2329 1493 2401; x_wconf 89' lang='grc' dir='ltr'>μαρτυρουμένην.</span> <span class='ocrx_word' id='word_1_178' title='bbox 1538 2331 1601 2383; x_wconf 84' lang='lat' dir='ltr'><strong>El</strong></span> <span class='ocrx_word' id='word_1_179' title='bbox 1645 2331 1825 2384; x_wconf 86' lang='grc' dir='ltr'>τοίνυν</span> 
     </span>
    </p>
   </div>
   <div class='ocr_carea' id='block_1_26' title="bbox 242 2420 1825 2494">
    <p class='ocr_par' dir='ltr' id='par_1_26' title="bbox 242 2420 1825 2494">
     <span class='ocr_line' id='line_1_26' title="bbox 242 2420 1825 2494; baseline 0.002 -21"><span class='ocrx_word' id='word_1_180' title='bbox 242 2423 341 2475; x_wconf 74' lang='grc' dir='ltr'><strong>καὶ</strong></span> <span class='ocrx_word' id='word_1_181' title='bbox 362 2424 427 2475; x_wconf 74' lang='grc' dir='ltr'>τὰ</span> <span class='ocrx_word' id='word_1_182' title='bbox 455 2422 853 2493; x_wconf 78' lang='grc' dir='ltr'>προστάγματα</span> <span class='ocrx_word' id='word_1_183' title='bbox 876 2422 1093 2489; x_wconf 71' lang='grc' dir='ltr'>ἔξωθεν,</span> <span class='ocrx_word' id='word_1_184' title='bbox 1118 2426 1209 2475; x_wconf 77' lang='grc' dir='ltr'>καὶ</span> <span class='ocrx_word' id='word_1_185' title='bbox 1234 2423 1401 2494; x_wconf 74' lang='grc' dir='ltr'>χωρὶς</span> <span class='ocrx_word' id='word_1_186' title='bbox 1432 2420 1525 2475; x_wconf 81' lang='grc' dir='ltr'><strong>τοῦ</strong></span> <span class='ocrx_word' id='word_1_187' title='bbox 1555 2423 1825 2493; x_wconf 87' lang='grc' dir='ltr'>σωτηρίου</span> 
     </span>
    </p>
   </div>
   <div class='ocr_carea' id='block_1_27' title="bbox 242 2512 1825 2584">
    <p class='ocr_par' dir='ltr' id='par_1_27' title="bbox 242 2512 1825 2584">
     <span class='ocr_line' id='line_1_27' title="bbox 242 2512 1825 2584; baseline 0.002 -20"><span class='ocrx_word' id='word_1_188' title='bbox 242 2513 497 2583; x_wconf 77' lang='grc' dir='ltr'>χρησμοῦ</span> <span class='ocrx_word' id='word_1_189' title='bbox 535 2514 905 2584; x_wconf 86' lang='grc' dir='ltr'>μαρτυροῦσιν</span> <span class='ocrx_word' id='word_1_190' title='bbox 937 2512 1134 2577; x_wconf 87' lang='grc' dir='ltr'>ταῦτα,</span> <span class='ocrx_word' id='word_1_191' title='bbox 1165 2514 1331 2566; x_wconf 85' lang='grc' dir='ltr'>πόσον</span> <span class='ocrx_word' id='word_1_192' title='bbox 1367 2513 1564 2583; x_wconf 83' lang='grc' dir='ltr'>μᾶλλον</span> <span class='ocrx_word' id='word_1_193' title='bbox 1591 2514 1752 2583; x_wconf 76' lang='grc' dir='ltr'>ἡμεῖς</span> <span class='ocrx_word' id='word_1_194' title='bbox 1777 2515 1825 2567; x_wconf 85' lang='grc' dir='ltr'>οἱ</span> 
     </span>
    </p>
   </div>
   <div class='ocr_carea' id='block_1_28' title="bbox 243 2604 1827 2677">
    <p class='ocr_par' dir='ltr' id='par_1_28' title="bbox 243 2604 1827 2677">
     <span class='ocr_line' id='line_1_28' title="bbox 243 2604 1827 2677; baseline 0.001 -18"><span class='ocrx_word' id='word_1_195' title='bbox 243 2605 341 2659; x_wconf 77' lang='grc' dir='ltr'><strong>τοῦ</strong></span> <span class='ocrx_word' id='word_1_196' title='bbox 376 2606 615 2677; x_wconf 83' lang='grc' dir='ltr'>Χριστοῦ</span> <span class='ocrx_word' id='word_1_197' title='bbox 652 2605 901 2675; x_wconf 84' lang='grc' dir='ltr'>φοιτηταί</span> <span class='ocrx_word' id='word_1_198' title='bbox 924 2608 935 2660; x_wconf 81' lang='grc' dir='ltr'><strong>ι</strong></span> <span class='ocrx_word' id='word_1_199' title='bbox 962 2607 1287 2675; x_wconf 79' lang='grc' dir='ltr'>’Λναγκαῖον</span> <span class='ocrx_word' id='word_1_200' title='bbox 1319 2604 1412 2659; x_wconf 80' lang='grc' dir='ltr'><strong>οὖν</strong></span> <span class='ocrx_word' id='word_1_201' title='bbox 1441 2605 1591 2659; x_wconf 81' lang='grc' dir='ltr'>ἐστιν</span> <span class='ocrx_word' id='word_1_202' title='bbox 1620 2609 1827 2676; x_wconf 80' lang='grc' dir='ltr'>ἐγκρα-</span> 
     </span>
    </p>
   </div>
   <div class='ocr_carea' id='block_1_29' title="bbox 242 2696 1828 2769">
    <p class='ocr_par' dir='ltr' id='par_1_29' title="bbox 242 2696 1828 2769">
     <span class='ocr_line' id='line_1_29' title="bbox 242 2696 1828 2769; baseline 0.001 -20"><span class='ocrx_word' id='word_1_203' title='bbox 242 2696 527 2763; x_wconf 80' lang='grc' dir='ltr'>τεύεσθαι,</span> <span class='ocrx_word' id='word_1_204' title='bbox 561 2698 656 2751; x_wconf 68' lang='grc' dir='ltr'><strong>καὶ</strong></span> <span class='ocrx_word' id='word_1_205' title='bbox 704 2700 958 2769; x_wconf 83' lang='grc' dir='ltr'>κρατεῖν,</span> <span class='ocrx_word' id='word_1_206' title='bbox 995 2697 1054 2750; x_wconf 84' lang='grc' dir='ltr'><strong>οὐ</strong></span> <span class='ocrx_word' id='word_1_207' title='bbox 1108 2698 1269 2768; x_wconf 86' lang='grc' dir='ltr'>μόνον</span> <span class='ocrx_word' id='word_1_208' title='bbox 1305 2696 1523 2762; x_wconf 79' lang='grc' dir='ltr'>λαλιᾶς,</span> <span class='ocrx_word' id='word_1_209' title='bbox 1554 2697 1690 2751; x_wconf 82' lang='grc' dir='ltr'>ἀλλὰ</span> <span class='ocrx_word' id='word_1_210' title='bbox 1734 2700 1828 2751; x_wconf 72' lang='grc' dir='ltr'><strong>καὶ</strong></span> 
     </span>
    </p>
   </div>
   <div class='ocr_carea' id='block_1_30' title="bbox 242 2789 1830 2863">
    <p class='ocr_par' dir='ltr' id='par_1_30' title="bbox 242 2789 1830 2863">
     <span class='ocr_line' id='line_1_30' title="bbox 242 2789 1830 2863; baseline 0.001 -20"><span class='ocrx_word' id='word_1_211' title='bbox 242 2790 515 2860; x_wconf 81' lang='grc' dir='ltr'>ὁράσεως.</span> <span class='ocrx_word' id='word_1_212' title='bbox 563 2791 626 2844; x_wconf 82' lang='grc' dir='ltr'><strong>Ἦ</strong></span> <span class='ocrx_word' id='word_1_213' title='bbox 671 2792 779 2862; x_wconf 85' lang='grc' dir='ltr'><strong>γὰρ</strong></span> <span class='ocrx_word' id='word_1_214' title='bbox 809 2791 1041 2861; x_wconf 84' lang='grc' dir='ltr'>συνεχής</span> <span class='ocrx_word' id='word_1_215' title='bbox 1082 2808 1141 2844; x_wconf 85' lang='grc' dir='ltr'><strong>τε</strong></span> <span class='ocrx_word' id='word_1_216' title='bbox 1175 2789 1295 2855; x_wconf 88' lang='grc' dir='ltr'>θέα,</span> <span class='ocrx_word' id='word_1_217' title='bbox 1325 2790 1443 2855; x_wconf 82' lang='grc' dir='ltr'>ὁδός</span> <span class='ocrx_word' id='word_1_218' title='bbox 1481 2792 1627 2845; x_wconf 78' lang='grc' dir='ltr'>ἐστιν</span> <span class='ocrx_word' id='word_1_219' title='bbox 1661 2793 1694 2863; x_wconf 83' lang='grc' dir='ltr'><strong>ἡ</strong></span> <span class='ocrx_word' id='word_1_220' title='bbox 1736 2794 1830 2846; x_wconf 71' lang='grc' dir='ltr'><strong>ἐπὶ</strong></span> 
     </span>
    </p>
   </div>
   <div class='ocr_carea' id='block_1_31' title="bbox 242 2882 1833 2955">
    <p class='ocr_par' dir='ltr' id='par_1_31' title="bbox 242 2882 1833 2955">
     <span class='ocr_line' id='line_1_31' title="bbox 242 2882 1833 2955; baseline 0.001 -20"><span class='ocrx_word' id='word_1_221' title='bbox 242 2884 348 2951; x_wconf 81' lang='grc' dir='ltr'><strong>τὴν</strong></span> <span class='ocrx_word' id='word_1_222' title='bbox 386 2883 587 2954; x_wconf 82' lang='grc' dir='ltr'>πρᾶξιν</span> <span class='ocrx_word' id='word_1_223' title='bbox 633 2885 863 2952; x_wconf 81' lang='grc' dir='ltr'>ἄγουσα.</span> <span class='ocrx_word' id='word_1_224' title='bbox 899 2884 964 2936; x_wconf 78' lang='lat' dir='ltr'><strong>El</strong></span> <span class='ocrx_word' id='word_1_225' title='bbox 993 2883 1050 2937; x_wconf 81' lang='grc' dir='ltr'>δὲ</span> <span class='ocrx_word' id='word_1_226' title='bbox 1100 2884 1195 2937; x_wconf 76' lang='grc' dir='ltr'>καὶ</span> <span class='ocrx_word' id='word_1_227' title='bbox 1236 2884 1317 2947; x_wconf 88' lang='grc' dir='ltr'><strong>είς</strong></span> <span class='ocrx_word' id='word_1_228' title='bbox 1361 2882 1523 2955; x_wconf 78' lang='grc' dir='ltr'>ἔργον</span> <span class='ocrx_word' id='word_1_229' title='bbox 1573 2884 1647 2955; x_wconf 79' lang='grc' dir='ltr'>μὴ</span> <span class='ocrx_word' id='word_1_230' title='bbox 1697 2901 1833 2955; x_wconf 89' lang='grc' dir='ltr'>προ-</span> 
     </span>
    </p>
   </div>
   <div class='ocr_carea' id='block_1_32' title="bbox 244 2974 1832 3047">
    <p class='ocr_par' dir='ltr' id='par_1_32' title="bbox 244 2974 1832 3047">
     <span class='ocr_line' id='line_1_32' title="bbox 244 2974 1832 3047; baseline -0.001 -19"><span class='ocrx_word' id='word_1_231' title='bbox 244 2975 450 3041; x_wconf 82' lang='grc' dir='ltr'>6αίνει,</span> <span class='ocrx_word' id='word_1_232' title='bbox 474 2975 613 3039; x_wconf 81' lang='grc' dir='ltr'>τέως</span> <span class='ocrx_word' id='word_1_233' title='bbox 644 2976 737 3029; x_wconf 78' lang='grc' dir='ltr'>τὸν</span> <span class='ocrx_word' id='word_1_234' title='bbox 762 2976 1024 3047; x_wconf 84' lang='grc' dir='ltr'>λογισμὸν</span> <span class='ocrx_word' id='word_1_235' title='bbox 1065 2974 1307 3046; x_wconf 86' lang='grc' dir='ltr'>μολύνει,</span> <span class='ocrx_word' id='word_1_236' title='bbox 1351 2976 1445 3029; x_wconf 75' lang='grc' dir='ltr'><strong>καὶ</strong></span> <span class='ocrx_word' id='word_1_237' title='bbox 1485 2975 1671 3045; x_wconf 78' lang='grc' dir='ltr'>μοιχὸν</span> <span class='ocrx_word' id='word_1_238' title='bbox 1695 2977 1832 3029; x_wconf 84' lang='grc' dir='ltr'>ἀπο-</span> 
     </span>
    </p>
   </div>
   <div class='ocr_carea' id='block_1_33' title="bbox 242 3067 1831 3139">
    <p class='ocr_par' dir='ltr' id='par_1_33' title="bbox 242 3067 1831 3139">
     <span class='ocr_line' id='line_1_33' title="bbox 242 3067 1831 3139; baseline 0 -19"><span class='ocrx_word' id='word_1_239' title='bbox 242 3068 396 3121; x_wconf 78' lang='grc' dir='ltr'>τελεῖ</span> <span class='ocrx_word' id='word_1_240' title='bbox 426 3071 517 3122; x_wconf 72' lang='grc' dir='ltr'>τὸν</span> <span class='ocrx_word' id='word_1_241' title='bbox 545 3070 759 3123; x_wconf 84' lang='grc' dir='ltr'>ἁλόντα.</span> <span class='ocrx_word' id='word_1_242' title='bbox 799 3069 896 3129; x_wconf 82' lang='grc' dir='ltr'>Τίς</span> <span class='ocrx_word' id='word_1_243' title='bbox 949 3068 1204 3122; x_wconf 80' lang='grc' dir='ltr'>τοσοῦτόν</span> <span class='ocrx_word' id='word_1_244' title='bbox 1249 3070 1396 3121; x_wconf 83' lang='grc' dir='ltr'>ἐστιν</span> <span class='ocrx_word' id='word_1_245' title='bbox 1442 3068 1733 3139; x_wconf 71' lang='grc' dir='ltr'>τολμηρὸς,</span> <span class='ocrx_word' id='word_1_246' title='bbox 1772 3067 1831 3131; x_wconf 80' lang='grc' dir='ltr'>ὃς</span> 
     </span>
    </p>
   </div>
   <div class='ocr_carea' id='block_1_34' title="bbox 241 3157 1903 3253">
    <p class='ocr_par' dir='ltr' id='par_1_34' title="bbox 241 3157 1903 3253">
     <span class='ocr_line' id='line_1_34' title="bbox 241 3157 1903 3253; baseline -0.004 -37"><span class='ocrx_word' id='word_1_247' title='bbox 241 3164 363 3225; x_wconf 82' lang='grc' dir='ltr'>τοῖς</span> <span class='ocrx_word' id='word_1_248' title='bbox 384 3159 681 3230; x_wconf 79' lang='grc' dir='ltr'>ἀλλοτρίοις</span> <span class='ocrx_word' id='word_1_249' title='bbox 706 3160 943 3229; x_wconf 87' lang='grc' dir='ltr'>συνεχῶς</span> <span class='ocrx_word' id='word_1_250' title='bbox 967 3159 1321 3212; x_wconf 85' lang='grc' dir='ltr'>κατοπτεύων</span> <span class='ocrx_word' id='word_1_251' title='bbox 1349 3158 1628 3223; x_wconf 79' lang='grc' dir='ltr'>κάλλεσιν,</span> <span class='ocrx_word' id='word_1_252' title='bbox 1656 3157 1827 3225; x_wconf 84' lang='grc' dir='ltr'>λέγει,</span> <span class='ocrx_word' id='word_1_253' title='bbox 1858 3192 1903 3253; x_wconf 80' lang='lat' dir='ltr'><strong>C</strong></span> 
     </span>
    </p>
   </div>
   <div class='ocr_carea' id='block_1_35' title="bbox 248 3246 1831 3322">
    <p class='ocr_par' dir='ltr' id='par_1_35' title="bbox 248 3246 1831 3322">
     <span class='ocr_line' id='line_1_35' title="bbox 248 3246 1831 3322; baseline -0.002 -19"><span class='ocrx_word' id='word_1_254' title='bbox 248 3250 391 3322; x_wconf 78' lang='grc' dir='ltr'>μηδὲ</span> <span class='ocrx_word' id='word_1_255' title='bbox 447 3248 509 3303; x_wconf 81' lang='grc' dir='ltr'>τὸ</span> <span class='ocrx_word' id='word_1_256' title='bbox 568 3248 830 3319; x_wconf 82' lang='grc' dir='ltr'>παράπαν</span> <span class='ocrx_word' id='word_1_257' title='bbox 882 3247 1403 3319; x_wconf 75' lang='grc' dir='ltr'>παραὸλάπτεσθαις</span> <span class='ocrx_word' id='word_1_258' title='bbox 1456 3248 1518 3301; x_wconf 81' lang='grc' dir='ltr'><strong>Εἰ</strong></span> <span class='ocrx_word' id='word_1_259' title='bbox 1568 3246 1624 3300; x_wconf 78' lang='grc' dir='ltr'><strong>δὲ</strong></span> <span class='ocrx_word' id='word_1_260' title='bbox 1671 3246 1831 3300; x_wconf 86' lang='grc' dir='ltr'>τοῦτο</span> 
     </span>
    </p>
   </div>
   <div class='ocr_carea' id='block_1_36' title="bbox 244 3337 1832 3412">
    <p class='ocr_par' dir='ltr' id='par_1_36' title="bbox 244 3337 1832 3412">
     <span class='ocr_line' id='line_1_36' title="bbox 244 3337 1832 3412; baseline -0.001 -18"><span class='ocrx_word' id='word_1_261' title='bbox 244 3341 531 3406; x_wconf 80' lang='grc' dir='ltr'>δύσκολον,</span> <span class='ocrx_word' id='word_1_262' title='bbox 575 3341 681 3412; x_wconf 79' lang='grc' dir='ltr'><strong>χρὴ</strong></span> <span class='ocrx_word' id='word_1_263' title='bbox 729 3340 967 3409; x_wconf 82' lang='grc' dir='ltr'>μάλιστα</span> <span class='ocrx_word' id='word_1_264' title='bbox 1024 3340 1249 3409; x_wconf 79' lang='grc' dir='ltr'>φεύγειν</span> <span class='ocrx_word' id='word_1_265' title='bbox 1299 3339 1398 3402; x_wconf 84' lang='grc' dir='ltr'>τὰς</span> <span class='ocrx_word' id='word_1_266' title='bbox 1450 3340 1692 3409; x_wconf 84' lang='grc' dir='ltr'>συνεχεῖς</span> <span class='ocrx_word' id='word_1_267' title='bbox 1724 3337 1832 3393; x_wconf 83' lang='grc' dir='ltr'><strong>τῶν</strong></span> 
     </span>
    </p>
   </div>
   <div class='ocr_carea' id='block_1_37' title="bbox 244 3429 1835 3502">
    <p class='ocr_par' dir='ltr' id='par_1_37' title="bbox 244 3429 1835 3502">
     <span class='ocr_line' id='line_1_37' title="bbox 244 3429 1835 3502; baseline -0.004 -15"><span class='ocrx_word' id='word_1_268' title='bbox 244 3432 531 3502; x_wconf 85' lang='grc' dir='ltr'>γυναικῶν</span> <span class='ocrx_word' id='word_1_269' title='bbox 584 3432 875 3497; x_wconf 78' lang='grc' dir='ltr'>ἐντεύξεις.</span> <span class='ocrx_word' id='word_1_270' title='bbox 925 3433 987 3485; x_wconf 76' lang='lat' dir='ltr'><strong>El</strong></span> <span class='ocrx_word' id='word_1_271' title='bbox 1034 3431 1090 3484; x_wconf 79' lang='grc' dir='ltr'>δὲ</span> <span class='ocrx_word' id='word_1_272' title='bbox 1134 3431 1348 3502; x_wconf 82' lang='grc' dir='ltr'>ἀνάγκη</span> <span class='ocrx_word' id='word_1_273' title='bbox 1409 3429 1663 3501; x_wconf 87' lang='grc' dir='ltr'>χαλινοῦν</span> <span class='ocrx_word' id='word_1_274' title='bbox 1704 3430 1835 3493; x_wconf 78' lang='grc' dir='ltr'>τοὺς</span> 
     </span>
    </p>
   </div>
   <div class='ocr_carea' id='block_1_38' title="bbox 244 3519 1832 3593">
    <p class='ocr_par' dir='ltr' id='par_1_38' title="bbox 244 3519 1832 3593">
     <span class='ocr_line' id='line_1_38' title="bbox 244 3519 1832 3593; baseline -0.003 -16"><span class='ocrx_word' id='word_1_275' title='bbox 244 3524 583 3593; x_wconf 77' lang='grc' dir='ltr'>ὀφθαλμοὺς.</span> <span class='ocrx_word' id='word_1_276' title='bbox 615 3526 643 3576; x_wconf 84' lang='grc' dir='ltr'>ὁ</span> <span class='ocrx_word' id='word_1_277' title='bbox 668 3524 957 3593; x_wconf 84' lang='grc' dir='ltr'>ἄμεμπτος</span> <span class='ocrx_word' id='word_1_278' title='bbox 977 3522 1072 3575; x_wconf 79' lang='grc' dir='ltr'>καὶ</span> <span class='ocrx_word' id='word_1_279' title='bbox 1102 3521 1333 3591; x_wconf 81' lang='grc' dir='ltr'>σώφρων</span> <span class='ocrx_word' id='word_1_280' title='bbox 1361 3520 1482 3573; x_wconf 81' lang='grc' dir='ltr'><strong>Ἰὼϐ</strong></span> <span class='ocrx_word' id='word_1_281' title='bbox 1505 3522 1618 3585; x_wconf 87' lang='grc' dir='ltr'>τοῖς</span> <span class='ocrx_word' id='word_1_282' title='bbox 1640 3519 1832 3575; x_wconf 77' lang='grc' dir='ltr'>ἑαυτοῦ</span> 
     </span>
    </p>
   </div>
   <div class='ocr_carea' id='block_1_39' title="bbox 246 3609 1838 3683">
    <p class='ocr_par' dir='ltr' id='par_1_39' title="bbox 246 3609 1838 3683">
     <span class='ocr_line' id='line_1_39' title="bbox 246 3609 1838 3683; baseline -0.001 -18"><span class='ocrx_word' id='word_1_283' title='bbox 246 3612 428 3681; x_wconf 79' lang='grc' dir='ltr'>φίλοις</span> <span class='ocrx_word' id='word_1_284' title='bbox 457 3613 858 3683; x_wconf 87' lang='grc' dir='ltr'>διαλεγόμενος,</span> <span class='ocrx_word' id='word_1_285' title='bbox 891 3612 1054 3683; x_wconf 89' lang='grc' dir='ltr'>φησίν</span> <span class='ocrx_word' id='word_1_286' title='bbox 1082 3629 1096 3643; x_wconf 79' lang='grc'><em>’</em></span> <span class='ocrx_word' id='word_1_287' title='bbox 1142 3630 1160 3663; x_wconf 77' lang='grc' dir='ltr'><strong>ι</strong></span> <span class='ocrx_word' id='word_1_288' title='bbox 1201 3613 1263 3665; x_wconf 74' lang='lat' dir='ltr'><strong>El</strong></span> <span class='ocrx_word' id='word_1_289' title='bbox 1303 3611 1360 3664; x_wconf 81' lang='grc' dir='ltr'>δὲ</span> <span class='ocrx_word' id='word_1_290' title='bbox 1404 3612 1499 3665; x_wconf 70' lang='grc' dir='ltr'><strong>καὶ</strong></span> <span class='ocrx_word' id='word_1_291' title='bbox 1536 3609 1838 3682; x_wconf 77' lang='grc' dir='ltr'>ἐπηκολού-</span> 
     </span>
    </p>
   </div>
   <div class='ocr_carea' id='block_1_40' title="bbox 246 3703 1837 3777">
    <p class='ocr_par' dir='ltr' id='par_1_40' title="bbox 246 3703 1837 3777">
     <span class='ocr_line' id='line_1_40' title="bbox 246 3703 1837 3777; baseline 0 -20"><span class='ocrx_word' id='word_1_292' title='bbox 246 3705 420 3773; x_wconf 85' lang='grc' dir='ltr'>θησεν</span> <span class='ocrx_word' id='word_1_293' title='bbox 448 3706 481 3776; x_wconf 75' lang='grc' dir='ltr'>ἡ</span> <span class='ocrx_word' id='word_1_294' title='bbox 512 3706 710 3777; x_wconf 77' lang='grc' dir='ltr'>καρδία</span> <span class='ocrx_word' id='word_1_295' title='bbox 761 3723 865 3776; x_wconf 90' lang='grc' dir='ltr'><strong>μου</strong></span> <span class='ocrx_word' id='word_1_296' title='bbox 912 3705 1134 3774; x_wconf 73' lang='grc' dir='ltr'>γυναικὶ</span> <span class='ocrx_word' id='word_1_297' title='bbox 1179 3704 1371 3775; x_wconf 71' lang='grc' dir='ltr'>ἀνδρὸς</span> <span class='ocrx_word' id='word_1_298' title='bbox 1410 3703 1623 3774; x_wconf 78' lang='grc' dir='ltr'>ἐτέρου,</span> <span class='ocrx_word' id='word_1_299' title='bbox 1663 3704 1711 3755; x_wconf 84' lang='grc' dir='ltr'><strong>εί</strong></span> <span class='ocrx_word' id='word_1_300' title='bbox 1742 3703 1837 3757; x_wconf 72' lang='grc' dir='ltr'>καὶ</span> 
     </span>
    </p>
   </div>
   <div class='ocr_carea' id='block_1_41' title="bbox 245 3794 1837 3869">
    <p class='ocr_par' dir='ltr' id='par_1_41' title="bbox 245 3794 1837 3869">
     <span class='ocr_line' id='line_1_41' title="bbox 245 3794 1837 3869; baseline -0.001 -19"><span class='ocrx_word' id='word_1_301' title='bbox 245 3797 551 3866; x_wconf 80' lang='grc' dir='ltr'>ὲγκάθετος</span> <span class='ocrx_word' id='word_1_302' title='bbox 588 3798 858 3869; x_wconf 72' lang='grc' dir='ltr'>ἐγενόμην</span> <span class='ocrx_word' id='word_1_303' title='bbox 891 3798 984 3851; x_wconf 73' lang='grc' dir='ltr'><strong>ἐπὶ</strong></span> <span class='ocrx_word' id='word_1_304' title='bbox 1032 3796 1222 3867; x_wconf 77' lang='grc' dir='ltr'>θύραις</span> <span class='ocrx_word' id='word_1_305' title='bbox 1254 3795 1447 3866; x_wconf 81' lang='grc' dir='ltr'>αὐτῆς,</span> <span class='ocrx_word' id='word_1_306' title='bbox 1495 3794 1689 3866; x_wconf 80' lang='grc' dir='ltr'>ἀρέσαι</span> <span class='ocrx_word' id='word_1_307' title='bbox 1729 3795 1837 3865; x_wconf 71' lang='grc' dir='ltr'>ἄρα</span> 
     </span>
    </p>
   </div>
   <div class='ocr_carea' id='block_1_42' title="bbox 246 3887 1839 3961">
    <p class='ocr_par' dir='ltr' id='par_1_42' title="bbox 246 3887 1839 3961">
     <span class='ocr_line' id='line_1_42' title="bbox 246 3887 1839 3961; baseline -0.003 -17"><span class='ocrx_word' id='word_1_308' title='bbox 246 3891 350 3944; x_wconf 77' lang='grc' dir='ltr'>καὶ</span> <span class='ocrx_word' id='word_1_309' title='bbox 378 3891 411 3961; x_wconf 86' lang='grc' dir='ltr'><strong>ή</strong></span> <span class='ocrx_word' id='word_1_310' title='bbox 435 3890 570 3961; x_wconf 87' lang='grc' dir='ltr'>γυνή</span> <span class='ocrx_word' id='word_1_311' title='bbox 605 3908 711 3959; x_wconf 89' lang='grc' dir='ltr'><strong>μου</strong></span> <span class='ocrx_word' id='word_1_312' title='bbox 723 3890 807 3943; x_wconf 81' lang='grc' dir='ltr'><strong>ὲτέ</strong></span> <span class='ocrx_word' id='word_1_313' title='bbox 818 3908 915 3961; x_wconf 85' lang='grc' dir='ltr'>ρῳ.</span> <span class='ocrx_word' id='word_1_314' title='bbox 944 3889 1125 3961; x_wconf 84' lang='grc' dir='ltr'>Θυμδς</span> <span class='ocrx_word' id='word_1_315' title='bbox 1144 3889 1253 3960; x_wconf 77' lang='grc' dir='ltr'>γὰρ</span> <span class='ocrx_word' id='word_1_316' title='bbox 1273 3888 1445 3960; x_wconf 82' lang='grc' dir='ltr'>ὀργῆς</span> <span class='ocrx_word' id='word_1_317' title='bbox 1468 3887 1839 3958; x_wconf 84' lang='grc' dir='ltr'>ἀκατάσχετος</span> 
     </span>
    </p>
   </div>
   <div class='ocr_carea' id='block_1_43' title="bbox 245 3980 1839 4053">
    <p class='ocr_par' dir='ltr' id='par_1_43' title="bbox 245 3980 1839 4053">
     <span class='ocr_line' id='line_1_43' title="bbox 245 3980 1839 4053; baseline -0.001 -18"><span class='ocrx_word' id='word_1_318' title='bbox 245 3982 349 4035; x_wconf 81' lang='grc' dir='ltr'><strong>τοῦ</strong></span> <span class='ocrx_word' id='word_1_319' title='bbox 383 3985 569 4052; x_wconf 77' lang='grc' dir='ltr'>μιᾶναι</span> <span class='ocrx_word' id='word_1_320' title='bbox 601 3984 835 4052; x_wconf 88' lang='grc' dir='ltr'>γυναῖκα</span> <span class='ocrx_word' id='word_1_321' title='bbox 864 3982 1055 4053; x_wconf 88' lang='grc' dir='ltr'>ἀνδρός</span> <span class='ocrx_word' id='word_1_322' title='bbox 1082 3998 1097 4014; x_wconf 75' lang='grc' dir='ltr'><strong>ο</strong></span> <span class='ocrx_word' id='word_1_323' title='bbox 1125 3981 1236 4052; x_wconf 89' lang='grc' dir='ltr'><strong>πῦρ</strong></span> <span class='ocrx_word' id='word_1_324' title='bbox 1263 3982 1373 4050; x_wconf 86' lang='grc' dir='ltr'><strong>γάρ</strong></span> <span class='ocrx_word' id='word_1_325' title='bbox 1404 3980 1521 4033; x_wconf 75' lang='grc' dir='ltr'>ἐστι</span> <span class='ocrx_word' id='word_1_326' title='bbox 1548 3980 1839 4050; x_wconf 89' lang='grc' dir='ltr'>καιόμενον</span> 
     </span>
    </p>
   </div>
   <div class='ocr_carea' id='block_1_44' title="bbox 249 4066 1840 4145">
    <p class='ocr_par' dir='ltr' id='par_1_44' title="bbox 249 4066 1840 4145">
     <span class='ocr_line' id='line_1_44' title="bbox 249 4066 1840 4145; baseline 0 -19"><span class='ocrx_word' id='word_1_327' title='bbox 249 4073 352 4126; x_wconf 69' lang='grc' dir='ltr'>ἐπὶ</span> <span class='ocrx_word' id='word_1_328' title='bbox 385 4075 605 4127; x_wconf 80' lang='grc' dir='ltr'>πάντων</span> <span class='ocrx_word' id='word_1_329' title='bbox 631 4074 741 4127; x_wconf 89' lang='grc' dir='ltr'><strong>τῶν</strong></span> <span class='ocrx_word' id='word_1_330' title='bbox 772 4074 969 4144; x_wconf 84' lang='grc' dir='ltr'>,μερῶν</span> <span class='ocrx_word' id='word_1_331' title='bbox 998 4091 1012 4105; x_wconf 88' lang='grc'><strong>·</strong></span> <span class='ocrx_word' id='word_1_332' title='bbox 1049 4066 1093 4142; x_wconf 81' lang='grc' dir='ltr'><strong>ᾧ</strong></span> <span class='ocrx_word' id='word_1_333' title='bbox 1134 4072 1177 4125; x_wconf 86' lang='grc' dir='ltr'>δ’</span> <span class='ocrx_word' id='word_1_334' title='bbox 1210 4073 1276 4127; x_wconf 84' lang='grc' dir='ltr'><strong>ἂν</strong></span> <span class='ocrx_word' id='word_1_335' title='bbox 1322 4071 1545 4145; x_wconf 77' lang='grc' dir='ltr'>ἐπέλθῃ,</span> <span class='ocrx_word' id='word_1_336' title='bbox 1576 4073 1641 4126; x_wconf 78' lang='grc' dir='ltr'>ὲκ</span> <span class='ocrx_word' id='word_1_337' title='bbox 1675 4071 1840 4142; x_wconf 75' lang='grc' dir='ltr'>ῥιζῶν</span> 
     </span>
    </p>
   </div>
   <div class='ocr_carea' id='block_1_45' title="bbox 249 4163 1841 4237">
    <p class='ocr_par' dir='ltr' id='par_1_45' title="bbox 249 4163 1841 4237">
     <span class='ocr_line' id='line_1_45' title="bbox 249 4163 1841 4237; baseline -0.001 -18"><span class='ocrx_word' id='word_1_338' title='bbox 249 4163 561 4219; x_wconf 86' lang='grc' dir='ltr'>ἀπώλεσεν.</span> <span class='ocrx_word' id='word_1_339' title='bbox 596 4166 707 4219; x_wconf 76' lang='grc' dir='ltr'><strong>Καὶ</strong></span> <span class='ocrx_word' id='word_1_340' title='bbox 737 4167 765 4218; x_wconf 85' lang='grc' dir='ltr'><strong>ὀ</strong></span> <span class='ocrx_word' id='word_1_341' title='bbox 797 4166 1069 4237; x_wconf 81' lang='grc' dir='ltr'>μακάριος</span> <span class='ocrx_word' id='word_1_342' title='bbox 1115 4164 1328 4228; x_wconf 84' lang='grc' dir='ltr'>Παῦλος</span> <span class='ocrx_word' id='word_1_343' title='bbox 1360 4166 1693 4219; x_wconf 76' lang='grc' dir='ltr'>ἐπιστέλλων</span> <span class='ocrx_word' id='word_1_344' title='bbox 1718 4183 1841 4219; x_wconf 81' lang='grc' dir='ltr'>νου-</span> 
     </span>
    </p>
   </div>
   <div class='ocr_carea' id='block_1_46' title="bbox 250 4256 1842 4328">
    <p class='ocr_par' dir='ltr' id='par_1_46' title="bbox 250 4256 1842 4328">
     <span class='ocr_line' id='line_1_46' title="bbox 250 4256 1842 4328; baseline 0.001 -19"><span class='ocrx_word' id='word_1_345' title='bbox 250 4257 445 4309; x_wconf 77' lang='grc' dir='ltr'>θετεῖο</span> <span class='ocrx_word' id='word_1_346' title='bbox 478 4276 496 4308; x_wconf 79' lang='grc' dir='ltr'><strong>ι</strong></span> <span class='ocrx_word' id='word_1_347' title='bbox 532 4256 842 4328; x_wconf 78' lang='grc' dir='ltr'>Παρακαλῶ</span> <span class='ocrx_word' id='word_1_348' title='bbox 897 4256 992 4311; x_wconf 76' lang='grc' dir='ltr'><strong>οὖν</strong></span> <span class='ocrx_word' id='word_1_349' title='bbox 1050 4258 1215 4327; x_wconf 84' lang='grc' dir='ltr'>ὑμᾶς,</span> <span class='ocrx_word' id='word_1_350' title='bbox 1275 4257 1528 4326; x_wconf 73' lang='grc' dir='ltr'>ἀδελφοὶ,</span> <span class='ocrx_word' id='word_1_351' title='bbox 1585 4257 1675 4311; x_wconf 66' lang='grc' dir='ltr'><strong>διὰ</strong></span> <span class='ocrx_word' id='word_1_352' title='bbox 1734 4257 1842 4312; x_wconf 86' lang='grc' dir='ltr'><strong>τῶν</strong></span> 
     </span>
    </p>
   </div>
   <div class='ocr_carea' id='block_1_47' title="bbox 250 4344 1842 4421">
    <p class='ocr_par' dir='ltr' id='par_1_47' title="bbox 250 4344 1842 4421">
     <span class='ocr_line' id='line_1_47' title="bbox 250 4344 1842 4421; baseline 0.001 -19"><span class='ocrx_word' id='word_1_353' title='bbox 250 4349 557 4420; x_wconf 77' lang='grc' dir='ltr'>οἰκτιρμῶν</span> <span class='ocrx_word' id='word_1_354' title='bbox 589 4348 686 4403; x_wconf 79' lang='grc' dir='ltr'><strong>τοῦ</strong></span> <span class='ocrx_word' id='word_1_355' title='bbox 717 4349 877 4417; x_wconf 78' lang='grc' dir='ltr'>θεοῦ,</span> <span class='ocrx_word' id='word_1_356' title='bbox 921 4344 1277 4421; x_wconf 78' lang='grc' dir='ltr'>παραστῆσαι</span> <span class='ocrx_word' id='word_1_357' title='bbox 1313 4352 1379 4404; x_wconf 78' lang='grc' dir='ltr'>τὰ</span> <span class='ocrx_word' id='word_1_358' title='bbox 1423 4349 1653 4421; x_wconf 82' lang='grc' dir='ltr'>σώματα</span> <span class='ocrx_word' id='word_1_359' title='bbox 1685 4350 1842 4421; x_wconf 81' lang='grc' dir='ltr'>ὑμῶν</span> 
     </span>
    </p>
   </div>
   <div class='ocr_carea' id='block_1_48' title="bbox 250 4441 1841 4513">
    <p class='ocr_par' dir='ltr' id='par_1_48' title="bbox 250 4441 1841 4513">
     <span class='ocr_line' id='line_1_48' title="bbox 250 4441 1841 4513; baseline 0.002 -19"><span class='ocrx_word' id='word_1_360' title='bbox 250 4441 451 4496; x_wconf 80' lang='grc' dir='ltr'>θυσίαν</span> <span class='ocrx_word' id='word_1_361' title='bbox 476 4442 678 4509; x_wconf 78' lang='grc' dir='ltr'>ζῶσαν,</span> <span class='ocrx_word' id='word_1_362' title='bbox 713 4442 896 4512; x_wconf 76' lang='grc' dir='ltr'>ἁγίαν,</span> <span class='ocrx_word' id='word_1_363' title='bbox 931 4442 1227 4511; x_wconf 78' lang='grc' dir='ltr'>εὐάρεστον</span> <span class='ocrx_word' id='word_1_364' title='bbox 1257 4442 1335 4512; x_wconf 83' lang='grc' dir='ltr'>τῷ</span> <span class='ocrx_word' id='word_1_365' title='bbox 1361 4442 1501 4513; x_wconf 79' lang='grc' dir='ltr'>Θεῷ.</span> <span class='ocrx_word' id='word_1_366' title='bbox 1535 4461 1557 4492; x_wconf 82' lang='grc'><strong><em>›</em></strong></span> <span class='ocrx_word' id='word_1_367' title='bbox 1590 4442 1759 4512; x_wconf 70' lang='grc' dir='ltr'>Φησὶν</span> <span class='ocrx_word' id='word_1_368' title='bbox 1785 4443 1841 4497; x_wconf 80' lang='grc' dir='ltr'>δὲ</span> 
     </span>
    </p>
   </div>
   <div class='ocr_carea' id='block_1_49' title="bbox 1923 580 3510 655">
    <p class='ocr_par' dir='ltr' id='par_1_49' title="bbox 1923 580 3510 655">
     <span class='ocr_line' id='line_1_49' title="bbox 1923 580 3510 655; baseline 0.001 -20"><span class='ocrx_word' id='word_1_369' title='bbox 1923 580 2189 652; x_wconf 86' lang='lat' dir='ltr'><strong>hospitio,</strong></span> <span class='ocrx_word' id='word_1_370' title='bbox 2244 591 2412 653; x_wconf 88' lang='lat' dir='ltr'><strong>utque</strong></span> <span class='ocrx_word' id='word_1_371' title='bbox 2461 584 2605 641; x_wconf 83' lang='lat' dir='ltr'><strong>ﬁlius</strong></span> <span class='ocrx_word' id='word_1_372' title='bbox 2653 601 2789 642; x_wconf 88' lang='lat' dir='ltr'><strong>suus</strong></span> <span class='ocrx_word' id='word_1_373' title='bbox 2834 584 2902 640; x_wconf 89' lang='lat' dir='ltr'><strong>ad</strong></span> <span class='ocrx_word' id='word_1_374' title='bbox 2958 584 3127 640; x_wconf 89' lang='lat' dir='ltr'><strong>vitam</strong></span> <span class='ocrx_word' id='word_1_375' title='bbox 3164 584 3510 655; x_wconf 78' lang='lat' dir='ltr'><strong>postliminio</strong></span> 
     </span>
    </p>
   </div>
   <div class='ocr_carea' id='block_1_50' title="bbox 1921 675 3510 747">
    <p class='ocr_par' dir='ltr' id='par_1_50' title="bbox 1921 675 3510 747">
     <span class='ocr_line' id='line_1_50' title="bbox 1921 675 3510 747; baseline 0 -20"><span class='ocrx_word' id='word_1_376' title='bbox 1921 684 2280 730; x_wconf 74' lang='lat' dir='ltr'><strong>revocaretur</strong></span> <span class='ocrx_word' id='word_1_377' title='bbox 2310 676 2572 746; x_wconf 85' lang='lat' dir='ltr'><strong>precibus</strong></span> <span class='ocrx_word' id='word_1_378' title='bbox 2600 678 2883 747; x_wconf 77' lang='lat' dir='ltr'><strong>propheta:</strong></span> <span class='ocrx_word' id='word_1_379' title='bbox 2912 675 2980 731; x_wconf 80' lang='lat'><strong>&#39;°.</strong></span> <span class='ocrx_word' id='word_1_380' title='bbox 3014 676 3262 731; x_wconf 84' lang='lat' dir='ltr'><strong>Similem</strong></span> <span class='ocrx_word' id='word_1_381' title='bbox 3295 675 3349 729; x_wconf 93' lang='lat' dir='ltr'><strong>in</strong></span> <span class='ocrx_word' id='word_1_382' title='bbox 3388 690 3510 728; x_wconf 76' lang='lat' dir='ltr'><strong>mo-</strong></span> 
     </span>
    </p>
   </div>
   <div class='ocr_carea' id='block_1_51' title="bbox 1922 768 3508 840">
    <p class='ocr_par' dir='ltr' id='par_1_51' title="bbox 1922 768 3508 840">
     <span class='ocr_line' id='line_1_51' title="bbox 1922 768 3508 840; baseline -0.003 -17"><span class='ocrx_word' id='word_1_383' title='bbox 1922 768 2053 823; x_wconf 88' lang='lat' dir='ltr'><strong>dum</strong></span> <span class='ocrx_word' id='word_1_384' title='bbox 2083 784 2312 840; x_wconf 86' lang='lat' dir='ltr'><strong>magnus</strong></span> <span class='ocrx_word' id='word_1_385' title='bbox 2334 769 2634 840; x_wconf 81' lang='lat' dir='ltr'><strong>Gregorius</strong></span> <span class='ocrx_word' id='word_1_386' title='bbox 2654 770 3024 825; x_wconf 74' lang='lat' dir='ltr'><strong>Ncoczesarea:</strong></span> <span class='ocrx_word' id='word_1_387' title='bbox 3046 768 3342 838; x_wconf 82' lang='lat' dir='ltr'><strong>episcopus</strong></span> <span class='ocrx_word' id='word_1_388' title='bbox 3372 783 3508 837; x_wconf 82' lang='lat' dir='ltr'><strong>gen-</strong></span> 
     </span>
    </p>
   </div>
   <div class='ocr_carea' id='block_1_52' title="bbox 1920 859 3502 932">
    <p class='ocr_par' dir='ltr' id='par_1_52' title="bbox 1920 859 3502 932">
     <span class='ocr_line' id='line_1_52' title="bbox 1920 859 3502 932; baseline -0.002 -18"><span class='ocrx_word' id='word_1_389' title='bbox 1920 861 2047 916; x_wconf 89' lang='lat' dir='ltr'><strong>tiles</strong></span> <span class='ocrx_word' id='word_1_390' title='bbox 2077 861 2285 932; x_wconf 78' lang='lat' dir='ltr'><strong>alioqui</strong></span> <span class='ocrx_word' id='word_1_391' title='bbox 2314 870 2573 931; x_wconf 89' lang='lat' dir='ltr'><strong>parentes</strong></span> <span class='ocrx_word' id='word_1_392' title='bbox 2594 876 2721 916; x_wconf 91' lang='lat' dir='ltr'><strong>cum</strong></span> <span class='ocrx_word' id='word_1_393' title='bbox 2755 861 3003 926; x_wconf 78' lang='lat' dir='ltr'><strong>haberet,</strong></span> <span class='ocrx_word' id='word_1_394' title='bbox 3037 861 3155 930; x_wconf 90' lang='lat' dir='ltr'><strong>ipse</strong></span> <span class='ocrx_word' id='word_1_395' title='bbox 3175 860 3341 916; x_wconf 90' lang='lat' dir='ltr'><strong>etiam</strong></span> <span class='ocrx_word' id='word_1_396' title='bbox 3372 859 3502 913; x_wconf 90' lang='lat' dir='ltr'><strong>dum</strong></span> 
     </span>
    </p>
   </div>
   <div class='ocr_carea' id='block_1_53' title="bbox 1920 949 3507 1023">
    <p class='ocr_par' dir='ltr' id='par_1_53' title="bbox 1920 949 3507 1023">
     <span class='ocr_line' id='line_1_53' title="bbox 1920 949 3507 1023; baseline -0.004 -16"><span class='ocrx_word' id='word_1_397' title='bbox 1920 953 2161 1023; x_wconf 77' lang='lat' dir='ltr'><strong>gentilis,</strong></span> <span class='ocrx_word' id='word_1_398' title='bbox 2194 953 2264 1008; x_wconf 89' lang='lat' dir='ltr'><strong>ab</strong></span> <span class='ocrx_word' id='word_1_399' title='bbox 2305 952 2426 1023; x_wconf 91' lang='lat' dir='ltr'><strong>ipso</strong></span> <span class='ocrx_word' id='word_1_400' title='bbox 2450 954 2627 1007; x_wconf 79' lang='lat' dir='ltr'><strong>:etatis</strong></span> <span class='ocrx_word' id='word_1_401' title='bbox 2671 952 2824 1013; x_wconf 86' lang='lat' dir='ltr'><strong>ﬂore,</strong></span> <span class='ocrx_word' id='word_1_402' title='bbox 2859 952 3208 1006; x_wconf 63' lang='lat' dir='ltr'><strong>intemerata:</strong></span> <span class='ocrx_word' id='word_1_403' title='bbox 3236 949 3507 1003; x_wconf 82' lang='lat' dir='ltr'><strong>castitatis</strong></span> 
     </span>
    </p>
   </div>
   <div class='ocr_carea' id='block_1_54' title="bbox 1922 1041 3521 1115">
    <p class='ocr_par' dir='ltr' id='par_1_54' title="bbox 1922 1041 3521 1115">
     <span class='ocr_line' id='line_1_54' title="bbox 1922 1041 3521 1115; baseline -0.003 -17"><span class='ocrx_word' id='word_1_404' title='bbox 1922 1045 2191 1115; x_wconf 88' lang='lat' dir='ltr'><strong>pudorem</strong></span> <span class='ocrx_word' id='word_1_405' title='bbox 2240 1044 2538 1100; x_wconf 89' lang='lat' dir='ltr'><strong>custodivit</strong></span> <span class='ocrx_word' id='word_1_406' title='bbox 2569 1062 2583 1098; x_wconf 89' lang='lat'><strong>:</strong></span> <span class='ocrx_word' id='word_1_407' title='bbox 2616 1044 2775 1115; x_wconf 80' lang='lat' dir='ltr'><strong>cujus</strong></span> <span class='ocrx_word' id='word_1_408' title='bbox 2823 1045 2999 1115; x_wconf 88' lang='lat' dir='ltr'><strong>gratia</strong></span> <span class='ocrx_word' id='word_1_409' title='bbox 3048 1042 3247 1113; x_wconf 85' lang='lat' dir='ltr'><strong>dignus</strong></span> <span class='ocrx_word' id='word_1_410' title='bbox 3280 1041 3521 1097; x_wconf 86' lang='lat' dir='ltr'><strong>habitus</strong></span> 
     </span>
    </p>
   </div>
   <div class='ocr_carea' id='block_1_55' title="bbox 1920 1133 3505 1208">
    <p class='ocr_par' dir='ltr' id='par_1_55' title="bbox 1920 1133 3505 1208">
     <span class='ocr_line' id='line_1_55' title="bbox 1920 1133 3505 1208; baseline -0.004 -16"><span class='ocrx_word' id='word_1_411' title='bbox 1920 1146 2007 1192; x_wconf 89' lang='lat' dir='ltr'><strong>est</strong></span> <span class='ocrx_word' id='word_1_412' title='bbox 2055 1137 2151 1208; x_wconf 88' lang='lat' dir='ltr'><strong>qui</strong></span> <span class='ocrx_word' id='word_1_413' title='bbox 2194 1138 2439 1192; x_wconf 90' lang='lat' dir='ltr'><strong>doctrice</strong></span> <span class='ocrx_word' id='word_1_414' title='bbox 2486 1137 2657 1191; x_wconf 83' lang='lat' dir='ltr'><strong>Matre</strong></span> <span class='ocrx_word' id='word_1_415' title='bbox 2704 1136 2921 1190; x_wconf 88' lang='lat' dir='ltr'><strong>Domini</strong></span> <span class='ocrx_word' id='word_1_416' title='bbox 2969 1144 3134 1205; x_wconf 91' lang='lat' dir='ltr'><strong>atque</strong></span> <span class='ocrx_word' id='word_1_417' title='bbox 3167 1133 3505 1205; x_wconf 80' lang='lat' dir='ltr'><strong>evangelista</strong></span> 
     </span>
    </p>
   </div>
   <div class='ocr_carea' id='block_1_56' title="bbox 1920 1225 3506 1303">
    <p class='ocr_par' dir='ltr' id='par_1_56' title="bbox 1920 1225 3506 1303">
     <span class='ocr_line' id='line_1_56' title="bbox 1920 1225 3506 1303; baseline -0.005 -16"><span class='ocrx_word' id='word_1_418' title='bbox 1920 1230 2131 1287; x_wconf 81' lang='lat' dir='ltr'><strong>Joanne</strong></span> <span class='ocrx_word' id='word_1_419' title='bbox 2184 1231 2508 1303; x_wconf 88' lang='lat' dir='ltr'><strong>mysterium</strong></span> <span class='ocrx_word' id='word_1_420' title='bbox 2557 1228 2908 1285; x_wconf 83' lang='lat' dir='ltr'><strong>condisceret</strong></span> <span class='ocrx_word' id='word_1_421' title='bbox 2943 1226 3091 1290; x_wconf 81' lang='lat' dir='ltr'><strong>ﬁdei,</strong></span> <span class='ocrx_word' id='word_1_422' title='bbox 3124 1226 3367 1296; x_wconf 89' lang='lat' dir='ltr'><strong>denique</strong></span> <span class='ocrx_word' id='word_1_423' title='bbox 3413 1225 3506 1279; x_wconf 86' lang='lat' dir='ltr'><strong>hic</strong></span> 
     </span>
    </p>
   </div>
   <div class='ocr_carea' id='block_1_57' title="bbox 1921 1318 3507 1388">
    <p class='ocr_par' dir='ltr' id='par_1_57' title="bbox 1921 1318 3507 1388">
     <span class='ocr_line' id='line_1_57' title="bbox 1921 1318 3507 1388; baseline -0.005 -11"><span class='ocrx_word' id='word_1_424' title='bbox 1921 1322 2045 1378; x_wconf 86' lang='lat' dir='ltr'><strong>orbi</strong></span> <span class='ocrx_word' id='word_1_425' title='bbox 2082 1322 2343 1377; x_wconf 87' lang='lat' dir='ltr'><strong>inclaruit</strong></span> <span class='ocrx_word' id='word_1_426' title='bbox 2363 1321 2700 1376; x_wconf 87' lang='lat' dir='ltr'><strong>mirabilium</strong></span> <span class='ocrx_word' id='word_1_427' title='bbox 2730 1318 2915 1388; x_wconf 78' lang='lat' dir='ltr'><strong>opifex</strong></span> <span class='ocrx_word' id='word_1_428' title='bbox 2939 1333 3192 1388; x_wconf 89' lang='lat' dir='ltr'><strong>operum.</strong></span> <span class='ocrx_word' id='word_1_429' title='bbox 3215 1318 3507 1371; x_wconf 85' lang='lat' dir='ltr'><strong>Amatores</strong></span> 
     </span>
    </p>
   </div>
   <div class='ocr_carea' id='block_1_58' title="bbox 1922 1407 3507 1485">
    <p class='ocr_par' dir='ltr' id='par_1_58' title="bbox 1922 1407 3507 1485">
     <span class='ocr_line' id='line_1_58' title="bbox 1922 1407 3507 1485; baseline -0.006 -16"><span class='ocrx_word' id='word_1_430' title='bbox 1922 1415 2202 1485; x_wconf 83' lang='lat' dir='ltr'><strong>siquidem</strong></span> <span class='ocrx_word' id='word_1_431' title='bbox 2277 1412 2562 1484; x_wconf 70' lang='lat' dir='ltr'><strong>pudicitia:</strong></span> <span class='ocrx_word' id='word_1_432' title='bbox 2606 1421 2663 1466; x_wconf 87' lang='lat' dir='ltr'><strong>et</strong></span> <span class='ocrx_word' id='word_1_433' title='bbox 2708 1409 3079 1481; x_wconf 83' lang='lat' dir='ltr'><strong>integritatis,</strong></span> <span class='ocrx_word' id='word_1_434' title='bbox 3127 1423 3237 1461; x_wconf 91' lang='lat' dir='ltr'><strong>non</strong></span> <span class='ocrx_word' id='word_1_435' title='bbox 3292 1407 3347 1461; x_wconf 91' lang='lat' dir='ltr'><strong>in</strong></span> <span class='ocrx_word' id='word_1_436' title='bbox 3402 1407 3507 1460; x_wconf 90' lang='lat' dir='ltr'><strong>hac</strong></span> 
     </span>
    </p>
   </div>
   <div class='ocr_carea' id='block_1_59' title="bbox 1924 1498 3506 1565">
    <p class='ocr_par' dir='ltr' id='par_1_59' title="bbox 1924 1498 3506 1565">
     <span class='ocr_line' id='line_1_59' title="bbox 1924 1498 3506 1565; baseline -0.006 -4"><span class='ocrx_word' id='word_1_437' title='bbox 1924 1507 2088 1561; x_wconf 89' lang='lat' dir='ltr'><strong>modo</strong></span> <span class='ocrx_word' id='word_1_438' title='bbox 2118 1507 2227 1561; x_wconf 87' lang='lat' dir='ltr'><strong>vita</strong></span> <span class='ocrx_word' id='word_1_439' title='bbox 2272 1505 2489 1561; x_wconf 87' lang='lat' dir='ltr'><strong>laudem</strong></span> <span class='ocrx_word' id='word_1_440' title='bbox 2526 1504 2796 1565; x_wconf 79' lang='lat' dir='ltr'><strong>referunt,</strong></span> <span class='ocrx_word' id='word_1_441' title='bbox 2823 1502 2916 1556; x_wconf 91' lang='lat' dir='ltr'><strong>sed</strong></span> <span class='ocrx_word' id='word_1_442' title='bbox 2953 1511 3008 1555; x_wconf 92' lang='lat' dir='ltr'><strong>et</strong></span> <span class='ocrx_word' id='word_1_443' title='bbox 3039 1515 3299 1554; x_wconf 84' lang='lat' dir='ltr'><strong>coronam</strong></span> <span class='ocrx_word' id='word_1_444' title='bbox 3337 1498 3506 1553; x_wconf 83' lang='lat' dir='ltr'><strong>deco-</strong></span> 
     </span>
    </p>
   </div>
   <div class='ocr_carea' id='block_1_60' title="bbox 1924 1590 3504 1668">
    <p class='ocr_par' dir='ltr' id='par_1_60' title="bbox 1924 1590 3504 1668">
     <span class='ocr_line' id='line_1_60' title="bbox 1924 1590 3504 1668; baseline -0.006 -17"><span class='ocrx_word' id='word_1_445' title='bbox 1924 1599 1999 1652; x_wconf 91' lang='lat' dir='ltr'><strong>ris</strong></span> <span class='ocrx_word' id='word_1_446' title='bbox 2029 1608 2085 1652; x_wconf 91' lang='lat' dir='ltr'><strong>et</strong></span> <span class='ocrx_word' id='word_1_447' title='bbox 2118 1597 2343 1668; x_wconf 85' lang='lat' dir='ltr'><strong>pallium</strong></span> <span class='ocrx_word' id='word_1_448' title='bbox 2372 1595 2644 1650; x_wconf 82' lang='lat' dir='ltr'><strong>castitatis</strong></span> <span class='ocrx_word' id='word_1_449' title='bbox 2675 1593 3039 1663; x_wconf 88' lang='lat' dir='ltr'><strong>reportabunt</strong></span> <span class='ocrx_word' id='word_1_450' title='bbox 3081 1590 3149 1645; x_wconf 90' lang='lat' dir='ltr'><strong>de</strong></span> <span class='ocrx_word' id='word_1_451' title='bbox 3186 1607 3350 1644; x_wconf 89' lang='lat' dir='ltr'><strong>manu</strong></span> <span class='ocrx_word' id='word_1_452' title='bbox 3394 1590 3504 1643; x_wconf 86' lang='lat' dir='ltr'><strong>Do-</strong></span> 
     </span>
    </p>
   </div>
   <div class='ocr_carea' id='block_1_61' title="bbox 1925 1682 3529 1755">
    <p class='ocr_par' dir='ltr' id='par_1_61' title="bbox 1925 1682 3529 1755">
     <span class='ocr_line' id='line_1_61' title="bbox 1925 1682 3529 1755; baseline -0.004 -14"><span class='ocrx_word' id='word_1_453' title='bbox 1925 1687 2094 1753; x_wconf 89' lang='lat' dir='ltr'><strong>mini;</strong></span> <span class='ocrx_word' id='word_1_454' title='bbox 2142 1701 2441 1755; x_wconf 80' lang='lat' dir='ltr'><strong>secumque</strong></span> <span class='ocrx_word' id='word_1_455' title='bbox 2488 1685 2674 1739; x_wconf 91' lang='lat' dir='ltr'><strong>dicent</strong></span> <span class='ocrx_word' id='word_1_456' title='bbox 2719 1702 2732 1737; x_wconf 90' lang='lat'>:</span> <span class='ocrx_word' id='word_1_457' title='bbox 2790 1702 2810 1735; x_wconf 75' lang='grc' dir='ltr'><strong>ι</strong></span> <span class='ocrx_word' id='word_1_458' title='bbox 2861 1683 3086 1738; x_wconf 82' lang='lat' dir='ltr'><strong>Exsulta</strong></span> <span class='ocrx_word' id='word_1_459' title='bbox 3122 1698 3289 1745; x_wconf 90' lang='lat' dir='ltr'><strong>nunc,</strong></span> <span class='ocrx_word' id='word_1_460' title='bbox 3323 1682 3529 1734; x_wconf 84' lang='lat' dir='ltr'><strong>anima.</strong></span> 
     </span>
    </p>
   </div>
   <div class='ocr_carea' id='block_1_62' title="bbox 1928 1774 3508 1845">
    <p class='ocr_par' dir='ltr' id='par_1_62' title="bbox 1928 1774 3508 1845">
     <span class='ocr_line' id='line_1_62' title="bbox 1928 1774 3508 1845; baseline -0.005 -11"><span class='ocrx_word' id='word_1_461' title='bbox 1928 1796 2069 1844; x_wconf 87' lang='lat' dir='ltr'><strong>mea,</strong></span> <span class='ocrx_word' id='word_1_462' title='bbox 2107 1780 2162 1834; x_wconf 93' lang='lat' dir='ltr'><strong>in</strong></span> <span class='ocrx_word' id='word_1_463' title='bbox 2194 1780 2429 1833; x_wconf 86' lang='lat' dir='ltr'><strong>Domino</strong></span> <span class='ocrx_word' id='word_1_464' title='bbox 2458 1795 2471 1831; x_wconf 87' lang='lat'><strong>:</strong></span> <span class='ocrx_word' id='word_1_465' title='bbox 2501 1777 2679 1832; x_wconf 91' lang='lat' dir='ltr'><strong>induit</strong></span> <span class='ocrx_word' id='word_1_466' title='bbox 2702 1776 2849 1831; x_wconf 89' lang='lat' dir='ltr'><strong>enim</strong></span> <span class='ocrx_word' id='word_1_467' title='bbox 2876 1791 2963 1830; x_wconf 92' lang='lat' dir='ltr'><strong>me</strong></span> <span class='ocrx_word' id='word_1_468' title='bbox 2989 1774 3154 1845; x_wconf 89' lang='lat' dir='ltr'><strong>pallio</strong></span> <span class='ocrx_word' id='word_1_469' title='bbox 3181 1774 3427 1837; x_wconf 88' lang='lat' dir='ltr'><strong>salutari,</strong></span> <span class='ocrx_word' id='word_1_470' title='bbox 3450 1783 3508 1827; x_wconf 85' lang='lat' dir='ltr'><strong>et</strong></span> 
     </span>
    </p>
   </div>
   <div class='ocr_carea' id='block_1_63' title="bbox 1926 1864 3506 1938">
    <p class='ocr_par' dir='ltr' id='par_1_63' title="bbox 1926 1864 3506 1938">
     <span class='ocr_line' id='line_1_63' title="bbox 1926 1864 3506 1938; baseline -0.005 -13"><span class='ocrx_word' id='word_1_471' title='bbox 1926 1871 2248 1925; x_wconf 81' lang='lat' dir='ltr'><strong>indumento</strong></span> <span class='ocrx_word' id='word_1_472' title='bbox 2268 1870 2491 1934; x_wconf 62' lang='lat' dir='ltr'><strong>laetitiae,</strong></span> <span class='ocrx_word' id='word_1_473' title='bbox 2523 1869 2678 1938; x_wconf 90' lang='lat' dir='ltr'><strong>quasi</strong></span> <span class='ocrx_word' id='word_1_474' title='bbox 2706 1884 2908 1938; x_wconf 85' lang='lat' dir='ltr'><strong>sponso</strong></span> <span class='ocrx_word' id='word_1_475' title='bbox 2937 1866 3340 1935; x_wconf 88' lang='lat' dir='ltr'><strong>circumposuit</strong></span> <span class='ocrx_word' id='word_1_476' title='bbox 3369 1864 3506 1918; x_wconf 87' lang='lat' dir='ltr'><strong>mihi</strong></span> 
     </span>
    </p>
   </div>
   <div class='ocr_carea' id='block_1_64' title="bbox 1926 1958 3500 2032">
    <p class='ocr_par' dir='ltr' id='par_1_64' title="bbox 1926 1958 3500 2032">
     <span class='ocr_line' id='line_1_64' title="bbox 1926 1958 3500 2032; baseline -0.005 -15"><span class='ocrx_word' id='word_1_477' title='bbox 1926 1964 2169 2025; x_wconf 86' lang='lat' dir='ltr'><strong>mitram.</strong></span> <span class='ocrx_word' id='word_1_478' title='bbox 2194 1972 2249 2017; x_wconf 93' lang='lat' dir='ltr'><strong>et</strong></span> <span class='ocrx_word' id='word_1_479' title='bbox 2269 1963 2427 2032; x_wconf 90' lang='lat' dir='ltr'><strong>quasi</strong></span> <span class='ocrx_word' id='word_1_480' title='bbox 2449 1977 2705 2031; x_wconf 80' lang='lat' dir='ltr'><strong>sponsam</strong></span> <span class='ocrx_word' id='word_1_481' title='bbox 2728 1960 3020 2015; x_wconf 86' lang='lat' dir='ltr'><strong>adornavit</strong></span> <span class='ocrx_word' id='word_1_482' title='bbox 3045 1976 3127 2013; x_wconf 91' lang='lat' dir='ltr'><strong>me</strong></span> <span class='ocrx_word' id='word_1_483' title='bbox 3153 1958 3360 2013; x_wconf 89' lang='lat' dir='ltr'><strong>mundo</strong></span> <span class='ocrx_word' id='word_1_484' title='bbox 3382 1959 3449 2011; x_wconf 86' lang='grc'>⁸⁷.</span> <span class='ocrx_word' id='word_1_485' title='bbox 3481 1976 3500 2008; x_wconf 75' lang='grc' dir='ltr'><strong>ι</strong></span> 
     </span>
    </p>
   </div>
   <div class='ocr_carea' id='block_1_65' title="bbox 1927 2050 3508 2125">
    <p class='ocr_par' dir='ltr' id='par_1_65' title="bbox 1927 2050 3508 2125">
     <span class='ocr_line' id='line_1_65' title="bbox 1927 2050 3508 2125; baseline -0.005 -14"><span class='ocrx_word' id='word_1_486' title='bbox 1927 2056 1993 2111; x_wconf 85' lang='lat' dir='ltr'><strong>lli</strong></span> <span class='ocrx_word' id='word_1_487' title='bbox 2039 2055 2329 2125; x_wconf 82' lang='lat' dir='ltr'><strong>fulgebunt</strong></span> <span class='ocrx_word' id='word_1_488' title='bbox 2372 2054 2429 2108; x_wconf 91' lang='lat' dir='ltr'><strong>in</strong></span> <span class='ocrx_word' id='word_1_489' title='bbox 2462 2070 2630 2125; x_wconf 85' lang='lat' dir='ltr'><strong>regno</strong></span> <span class='ocrx_word' id='word_1_490' title='bbox 2664 2055 2864 2118; x_wconf 85' lang='lat' dir='ltr'><strong>Patris,</strong></span> <span class='ocrx_word' id='word_1_491' title='bbox 2912 2053 2957 2107; x_wconf 91' lang='lat' dir='ltr'><strong>si</strong></span> <span class='ocrx_word' id='word_1_492' title='bbox 2992 2052 3156 2106; x_wconf 87' lang='lat' dir='ltr'><strong>modo</strong></span> <span class='ocrx_word' id='word_1_493' title='bbox 3190 2051 3328 2105; x_wconf 84' lang='lat' dir='ltr'><strong>nihil</strong></span> <span class='ocrx_word' id='word_1_494' title='bbox 3384 2050 3508 2104; x_wconf 86' lang='lat' dir='ltr'><strong>ﬁcte</strong></span> 
     </span>
    </p>
   </div>
   <div class='ocr_carea' id='block_1_66' title="bbox 1928 2142 3509 2218">
    <p class='ocr_par' dir='ltr' id='par_1_66' title="bbox 1928 2142 3509 2218">
     <span class='ocr_line' id='line_1_66' title="bbox 1928 2142 3509 2218; baseline -0.003 -15"><span class='ocrx_word' id='word_1_495' title='bbox 1928 2149 2170 2218; x_wconf 85' lang='lat' dir='ltr'><strong>reliquas</strong></span> <span class='ocrx_word' id='word_1_496' title='bbox 2203 2147 2309 2202; x_wconf 89' lang='lat' dir='ltr'><strong>sibi</strong></span> <span class='ocrx_word' id='word_1_497' title='bbox 2343 2148 2694 2202; x_wconf 89' lang='lat' dir='ltr'><strong>conciliarint</strong></span> <span class='ocrx_word' id='word_1_498' title='bbox 2732 2146 2992 2208; x_wconf 83' lang='lat' dir='ltr'><strong>virtutes,</strong></span> <span class='ocrx_word' id='word_1_499' title='bbox 3043 2144 3248 2214; x_wconf 86' lang='lat' dir='ltr'><strong>quibus</strong></span> <span class='ocrx_word' id='word_1_500' title='bbox 3282 2142 3509 2212; x_wconf 82' lang='lat' dir='ltr'><strong>pulchre</strong></span> 
     </span>
    </p>
   </div>
   <div class='ocr_carea' id='block_1_67' title="bbox 1928 2216 3801 2296">
    <p class='ocr_par' dir='ltr' id='par_1_67' title="bbox 1928 2216 3801 2296">
     <span class='ocr_line' id='line_1_67' title="bbox 1928 2216 3801 2296; baseline -0.004 -2"><span class='ocrx_word' id='word_1_501' title='bbox 1928 2240 2222 2296; x_wconf 86' lang='lat' dir='ltr'><strong>conveniat</strong></span> <span class='ocrx_word' id='word_1_502' title='bbox 2257 2254 2381 2293; x_wconf 90' lang='lat' dir='ltr'><strong>cum</strong></span> <span class='ocrx_word' id='word_1_503' title='bbox 2418 2256 2525 2294; x_wconf 90' lang='lat' dir='ltr'><strong>una</strong></span> <span class='ocrx_word' id='word_1_504' title='bbox 2576 2238 2679 2294; x_wconf 89' lang='lat' dir='ltr'><strong>hac</strong></span> <span class='ocrx_word' id='word_1_505' title='bbox 2707 2237 2983 2292; x_wconf 89' lang='lat' dir='ltr'><strong>castitate.</strong></span> <span class='ocrx_word' id='word_1_506' title='bbox 3032 2237 3151 2290; x_wconf 92' lang='lat' dir='ltr'><strong>Illic</strong></span> <span class='ocrx_word' id='word_1_507' title='bbox 3187 2235 3307 2289; x_wconf 91' lang='lat' dir='ltr'><strong>istis</strong></span> <span class='ocrx_word' id='word_1_508' title='bbox 3350 2233 3507 2288; x_wconf 87' lang='lat' dir='ltr'><strong>vide-</strong></span> <span class='ocrx_word' id='word_1_509' title='bbox 3616 2226 3679 2285; x_wconf 57' lang='grc' dir='ltr'>λδ.</span> <span class='ocrx_word' id='word_1_510' title='bbox 3716 2238 3721 2243; x_wconf 76' lang='grc'><em>’</em></span> <span class='ocrx_word' id='word_1_511' title='bbox 3778 2216 3801 2265; x_wconf 52' lang='grc' dir='ltr'><strong>’ν’</strong></span> 
     </span>
    </p>
   </div>
   <div class='ocr_carea' id='block_1_68' title="bbox 1928 2329 3511 2403">
    <p class='ocr_par' dir='ltr' id='par_1_68' title="bbox 1928 2329 3511 2403">
     <span class='ocr_line' id='line_1_68' title="bbox 1928 2329 3511 2403; baseline -0.004 -16"><span class='ocrx_word' id='word_1_512' title='bbox 1928 2333 2080 2387; x_wconf 88' lang='lat' dir='ltr'><strong>bitur</strong></span> <span class='ocrx_word' id='word_1_513' title='bbox 2116 2334 2225 2387; x_wconf 84' lang='lat' dir='ltr'><strong>vita</strong></span> <span class='ocrx_word' id='word_1_514' title='bbox 2255 2342 2311 2388; x_wconf 91' lang='lat' dir='ltr'><strong>et</strong></span> <span class='ocrx_word' id='word_1_515' title='bbox 2336 2331 2726 2403; x_wconf 84' lang='lat' dir='ltr'><strong>longiturnitas</strong></span> <span class='ocrx_word' id='word_1_516' title='bbox 2767 2330 2982 2385; x_wconf 90' lang='lat' dir='ltr'><strong>dierum</strong></span> <span class='ocrx_word' id='word_1_517' title='bbox 3033 2329 3326 2398; x_wconf 86' lang='lat' dir='ltr'><strong>tranquilla</strong></span> <span class='ocrx_word' id='word_1_518' title='bbox 3354 2342 3511 2397; x_wconf 79' lang='lat' dir='ltr'><strong>pror-</strong></span> 
     </span>
    </p>
   </div>
   <div class='ocr_carea' id='block_1_69' title="bbox 1930 2421 3512 2493">
    <p class='ocr_par' dir='ltr' id='par_1_69' title="bbox 1930 2421 3512 2493">
     <span class='ocr_line' id='line_1_69' title="bbox 1930 2421 3512 2493; baseline -0.003 -14"><span class='ocrx_word' id='word_1_519' title='bbox 1930 2439 2022 2480; x_wconf 91' lang='lat' dir='ltr'><strong>sus</strong></span> <span class='ocrx_word' id='word_1_520' title='bbox 2049 2434 2103 2480; x_wconf 86' lang='lat' dir='ltr'><strong>et</strong></span> <span class='ocrx_word' id='word_1_521' title='bbox 2130 2425 2199 2479; x_wconf 88' lang='lat' dir='ltr'><strong>ab</strong></span> <span class='ocrx_word' id='word_1_522' title='bbox 2237 2426 2387 2479; x_wconf 91' lang='lat' dir='ltr'><strong>omni</strong></span> <span class='ocrx_word' id='word_1_523' title='bbox 2414 2425 2670 2479; x_wconf 88' lang='lat' dir='ltr'><strong>submota</strong></span> <span class='ocrx_word' id='word_1_524' title='bbox 2704 2423 2970 2493; x_wconf 88' lang='lat' dir='ltr'><strong>temperie</strong></span> <span class='ocrx_word' id='word_1_525' title='bbox 3004 2440 3017 2476; x_wconf 87' lang='lat'><strong>:</strong></span> <span class='ocrx_word' id='word_1_526' title='bbox 3050 2421 3118 2476; x_wconf 87' lang='lat' dir='ltr'><strong>ab</strong></span> <span class='ocrx_word' id='word_1_527' title='bbox 3150 2437 3215 2475; x_wconf 93' lang='lat' dir='ltr'><strong>eo</strong></span> <span class='ocrx_word' id='word_1_528' title='bbox 3246 2421 3394 2476; x_wconf 86' lang='lat' dir='ltr'><strong>enim</strong></span> <span class='ocrx_word' id='word_1_529' title='bbox 3426 2435 3512 2475; x_wconf 81' lang='lat' dir='ltr'><strong>re—</strong></span> 
     </span>
    </p>
   </div>
   <div class='ocr_carea' id='block_1_70' title="bbox 1928 2513 3512 2588">
    <p class='ocr_par' dir='ltr' id='par_1_70' title="bbox 1928 2513 3512 2588">
     <span class='ocr_line' id='line_1_70' title="bbox 1928 2513 3512 2588; baseline -0.003 -18"><span class='ocrx_word' id='word_1_530' title='bbox 1928 2533 2039 2588; x_wconf 88' lang='lat' dir='ltr'><strong>gno</strong></span> <span class='ocrx_word' id='word_1_531' title='bbox 2062 2518 2252 2587; x_wconf 88' lang='lat' dir='ltr'><strong>procul</strong></span> <span class='ocrx_word' id='word_1_532' title='bbox 2288 2517 2426 2587; x_wconf 81' lang='lat' dir='ltr'><strong>fugit</strong></span> <span class='ocrx_word' id='word_1_533' title='bbox 2463 2516 2653 2583; x_wconf 89' lang='lat' dir='ltr'><strong>dolor;</strong></span> <span class='ocrx_word' id='word_1_534' title='bbox 2688 2532 2891 2571; x_wconf 77' lang='lat' dir='ltr'><strong>tumror</strong></span> <span class='ocrx_word' id='word_1_535' title='bbox 2921 2532 2987 2571; x_wconf 89' lang='lat' dir='ltr'><strong>ac</strong></span> <span class='ocrx_word' id='word_1_536' title='bbox 3040 2516 3278 2587; x_wconf 80' lang='lat' dir='ltr'><strong>gemitus</strong></span> <span class='ocrx_word' id='word_1_537' title='bbox 3308 2513 3512 2583; x_wconf 83' lang='lat' dir='ltr'><strong>longis-</strong></span> 
     </span>
    </p>
   </div>
   <div class='ocr_carea' id='block_1_71' title="bbox 1930 2608 3513 2682">
    <p class='ocr_par' dir='ltr' id='par_1_71' title="bbox 1930 2608 3513 2682">
     <span class='ocr_line' id='line_1_71' title="bbox 1930 2608 3513 2682; baseline -0.004 -16"><span class='ocrx_word' id='word_1_538' title='bbox 1930 2612 2066 2666; x_wconf 88' lang='lat' dir='ltr'><strong>sime</strong></span> <span class='ocrx_word' id='word_1_539' title='bbox 2113 2613 2361 2682; x_wconf 90' lang='lat' dir='ltr'><strong>sejuncta</strong></span> <span class='ocrx_word' id='word_1_540' title='bbox 2396 2620 2545 2665; x_wconf 90' lang='lat' dir='ltr'><strong>sunt.</strong></span> <span class='ocrx_word' id='word_1_541' title='bbox 2580 2609 2827 2665; x_wconf 81' lang='lat' dir='ltr'><strong>Perfecto</strong></span> <span class='ocrx_word' id='word_1_542' title='bbox 2855 2617 3040 2663; x_wconf 86' lang='lat' dir='ltr'><strong>castus</strong></span> <span class='ocrx_word' id='word_1_543' title='bbox 3070 2608 3220 2663; x_wconf 92' lang='lat' dir='ltr'><strong>omni</strong></span> <span class='ocrx_word' id='word_1_544' title='bbox 3249 2623 3316 2664; x_wconf 80' lang='lat' dir='ltr'><strong>ex</strong></span> <span class='ocrx_word' id='word_1_545' title='bbox 3360 2614 3513 2676; x_wconf 87' lang='lat' dir='ltr'><strong>parte</strong></span> 
     </span>
    </p>
   </div>
   <div class='ocr_carea' id='block_1_72' title="bbox 1931 2700 3517 2769">
    <p class='ocr_par' dir='ltr' id='par_1_72' title="bbox 1931 2700 3517 2769">
     <span class='ocr_line' id='line_1_72' title="bbox 1931 2700 3517 2769; baseline -0.004 -10"><span class='ocrx_word' id='word_1_546' title='bbox 1931 2703 2319 2759; x_wconf 88' lang='lat' dir='ltr'><strong>communitac</strong></span> <span class='ocrx_word' id='word_1_547' title='bbox 2348 2701 2592 2758; x_wconf 86' lang='lat' dir='ltr'><strong>custodit</strong></span> <span class='ocrx_word' id='word_1_548' title='bbox 2613 2716 2691 2756; x_wconf 94' lang='lat' dir='ltr'><strong>se.</strong></span> <span class='ocrx_word' id='word_1_549' title='bbox 2717 2701 2914 2755; x_wconf 81' lang='lat' dir='ltr'><strong>Audivi</strong></span> <span class='ocrx_word' id='word_1_550' title='bbox 2944 2701 3092 2755; x_wconf 90' lang='lat' dir='ltr'><strong>enim</strong></span> <span class='ocrx_word' id='word_1_551' title='bbox 3120 2700 3187 2756; x_wconf 92' lang='lat' dir='ltr'><strong>de</strong></span> <span class='ocrx_word' id='word_1_552' title='bbox 3217 2715 3344 2769; x_wconf 86' lang='lat' dir='ltr'><strong>rege</strong></span> <span class='ocrx_word' id='word_1_553' title='bbox 3374 2713 3517 2767; x_wconf 78' lang='lat' dir='ltr'><strong>quo-</strong></span> 
     </span>
    </p>
   </div>
   <div class='ocr_carea' id='block_1_73' title="bbox 1932 2787 3511 2869">
    <p class='ocr_par' dir='ltr' id='par_1_73' title="bbox 1932 2787 3511 2869">
     <span class='ocr_line' id='line_1_73' title="bbox 1932 2787 3511 2869; baseline -0.005 -20"><span class='ocrx_word' id='word_1_554' title='bbox 1932 2797 2079 2869; x_wconf 88' lang='lat' dir='ltr'><strong>piam</strong></span> <span class='ocrx_word' id='word_1_555' title='bbox 2114 2812 2145 2850; x_wconf 92' lang='lat' dir='ltr'><strong>a</strong></span> <span class='ocrx_word' id='word_1_556' title='bbox 2180 2795 2287 2849; x_wconf 79' lang='lat' dir='ltr'><strong>[ide</strong></span> <span class='ocrx_word' id='word_1_557' title='bbox 2318 2794 2499 2849; x_wconf 87' lang='lat' dir='ltr'><strong>alieno</strong></span> <span class='ocrx_word' id='word_1_558' title='bbox 2528 2811 2543 2847; x_wconf 89' lang='lat'><strong>:</strong></span> <span class='ocrx_word' id='word_1_559' title='bbox 2581 2792 2632 2847; x_wconf 87' lang='lat' dir='ltr'><strong>Is</strong></span> <span class='ocrx_word' id='word_1_560' title='bbox 2674 2792 2880 2862; x_wconf 88' lang='lat' dir='ltr'><strong>Ephesi</strong></span> <span class='ocrx_word' id='word_1_561' title='bbox 2914 2807 3041 2847; x_wconf 82' lang='lat' dir='ltr'><strong>cunt</strong></span> <span class='ocrx_word' id='word_1_562' title='bbox 3076 2790 3313 2845; x_wconf 85' lang='lat' dir='ltr'><strong>vidisset</strong></span> <span class='ocrx_word' id='word_1_563' title='bbox 3342 2787 3511 2843; x_wconf 86' lang='lat' dir='ltr'><strong>sacri-</strong></span> 
     </span>
    </p>
   </div>
   <div class='ocr_carea' id='block_1_74' title="bbox 1934 2879 3511 2951">
    <p class='ocr_par' dir='ltr' id='par_1_74' title="bbox 1934 2879 3511 2951">
     <span class='ocr_line' id='line_1_74' title="bbox 1934 2879 3511 2951; baseline -0.004 -15"><span class='ocrx_word' id='word_1_564' title='bbox 1934 2883 2153 2937; x_wconf 89' lang='lat' dir='ltr'><strong>liculam</strong></span> <span class='ocrx_word' id='word_1_565' title='bbox 2183 2882 2477 2951; x_wconf 88' lang='lat' dir='ltr'><strong>quamdam</strong></span> <span class='ocrx_word' id='word_1_566' title='bbox 2506 2881 2707 2935; x_wconf 90' lang='lat' dir='ltr'><strong>decore</strong></span> <span class='ocrx_word' id='word_1_567' title='bbox 2735 2879 3049 2934; x_wconf 87' lang='lat' dir='ltr'><strong>admirabili</strong></span> <span class='ocrx_word' id='word_1_568' title='bbox 3083 2879 3511 2951; x_wconf 65' lang='lat' dir='ltr'><strong>praecellentem,</strong></span> 
     </span>
    </p>
   </div>
   <div class='ocr_carea' id='block_1_75' title="bbox 1933 2970 3516 3043">
    <p class='ocr_par' dir='ltr' id='par_1_75' title="bbox 1933 2970 3516 3043">
     <span class='ocr_line' id='line_1_75' title="bbox 1933 2970 3516 3043; baseline -0.004 -13"><span class='ocrx_word' id='word_1_569' title='bbox 1933 2991 1999 3030; x_wconf 81' lang='lat' dir='ltr'><strong>ex</strong></span> <span class='ocrx_word' id='word_1_570' title='bbox 2027 2974 2246 3043; x_wconf 89' lang='lat' dir='ltr'><strong>Epheso</strong></span> <span class='ocrx_word' id='word_1_571' title='bbox 2291 2990 2409 3028; x_wconf 88' lang='lat' dir='ltr'><strong>eam</strong></span> <span class='ocrx_word' id='word_1_572' title='bbox 2458 2972 2749 3027; x_wconf 78' lang='lat' dir='ltr'><strong>confestim</strong></span> <span class='ocrx_word' id='word_1_573' title='bbox 2784 2972 2992 3036; x_wconf 88' lang='lat' dir='ltr'><strong>emisit,</strong></span> <span class='ocrx_word' id='word_1_574' title='bbox 3029 2971 3241 3025; x_wconf 91' lang='lat' dir='ltr'><strong>veritus</strong></span> <span class='ocrx_word' id='word_1_575' title='bbox 3288 2986 3356 3024; x_wconf 86' lang='lat' dir='ltr'><strong>ne</strong></span> <span class='ocrx_word' id='word_1_576' title='bbox 3391 2970 3516 3040; x_wconf 85' lang='lat' dir='ltr'><strong>quis</strong></span> 
     </span>
    </p>
   </div>
   <div class='ocr_carea' id='block_1_76' title="bbox 1935 3061 3514 3136">
    <p class='ocr_par' dir='ltr' id='par_1_76' title="bbox 1935 3061 3514 3136">
     <span class='ocr_line' id='line_1_76' title="bbox 1935 3061 3514 3136; baseline -0.004 -15"><span class='ocrx_word' id='word_1_577' title='bbox 1935 3068 2083 3122; x_wconf 89' lang='lat' dir='ltr'><strong>illam</strong></span> <span class='ocrx_word' id='word_1_578' title='bbox 2133 3067 2375 3122; x_wconf 90' lang='lat' dir='ltr'><strong>violenta</strong></span> <span class='ocrx_word' id='word_1_579' title='bbox 2430 3065 2791 3136; x_wconf 88' lang='lat' dir='ltr'><strong>impressione</strong></span> <span class='ocrx_word' id='word_1_580' title='bbox 2833 3065 3135 3136; x_wconf 80' lang='lat' dir='ltr'><strong>subigeret,</strong></span> <span class='ocrx_word' id='word_1_581' title='bbox 3170 3072 3228 3119; x_wconf 90' lang='lat' dir='ltr'><strong>et</strong></span> <span class='ocrx_word' id='word_1_582' title='bbox 3266 3061 3514 3117; x_wconf 88' lang='lat' dir='ltr'><strong>indecori</strong></span> 
     </span>
    </p>
   </div>
   <div class='ocr_carea' id='block_1_77' title="bbox 1937 3154 3516 3227">
    <p class='ocr_par' dir='ltr' id='par_1_77' title="bbox 1937 3154 3516 3227">
     <span class='ocr_line' id='line_1_77' title="bbox 1937 3154 3516 3227; baseline -0.003 -15"><span class='ocrx_word' id='word_1_583' title='bbox 1937 3158 1992 3212; x_wconf 94' lang='lat' dir='ltr'><strong>in</strong></span> <span class='ocrx_word' id='word_1_584' title='bbox 2045 3159 2193 3212; x_wconf 89' lang='lat' dir='ltr'><strong>illam</strong></span> <span class='ocrx_word' id='word_1_585' title='bbox 2252 3157 2539 3227; x_wconf 86' lang='lat' dir='ltr'><strong>quidpiam</strong></span> <span class='ocrx_word' id='word_1_586' title='bbox 2593 3157 3003 3211; x_wconf 90' lang='lat' dir='ltr'><strong>admitteretur.</strong></span> <span class='ocrx_word' id='word_1_587' title='bbox 3060 3155 3236 3227; x_wconf 77' lang='lat' dir='ltr'><strong>Cyrus</strong></span> <span class='ocrx_word' id='word_1_588' title='bbox 3284 3154 3516 3225; x_wconf 91' lang='lat' dir='ltr'><strong>proinde</strong></span> 
     </span>
    </p>
   </div>
   <div class='ocr_carea' id='block_1_78' title="bbox 1935 3248 3516 3320">
    <p class='ocr_par' dir='ltr' id='par_1_78' title="bbox 1935 3248 3516 3320">
     <span class='ocr_line' id='line_1_78' title="bbox 1935 3248 3516 3320; baseline -0.004 -13"><span class='ocrx_word' id='word_1_589' title='bbox 1935 3252 2231 3307; x_wconf 88' lang='lat' dir='ltr'><strong>Persarum</strong></span> <span class='ocrx_word' id='word_1_590' title='bbox 2282 3266 2375 3304; x_wconf 79' lang='lat' dir='ltr'><strong>rex</strong></span> <span class='ocrx_word' id='word_1_591' title='bbox 2421 3250 2863 3320; x_wconf 79' lang='lat' dir='ltr'><strong>tympanistriam</strong></span> <span class='ocrx_word' id='word_1_592' title='bbox 2896 3248 3031 3319; x_wconf 89' lang='lat' dir='ltr'><strong>(cui,</strong></span> <span class='ocrx_word' id='word_1_593' title='bbox 3075 3248 3321 3304; x_wconf 88' lang='lat' dir='ltr'><strong>oumium</strong></span> <span class='ocrx_word' id='word_1_594' title='bbox 3359 3248 3516 3302; x_wconf 88' lang='lat' dir='ltr'><strong>testi-</strong></span> 
     </span>
    </p>
   </div>
   <div class='ocr_carea' id='block_1_79' title="bbox 1935 3341 3517 3411">
    <p class='ocr_par' dir='ltr' id='par_1_79' title="bbox 1935 3341 3517 3411">
     <span class='ocr_line' id='line_1_79' title="bbox 1935 3341 3517 3411; baseline -0.002 -13"><span class='ocrx_word' id='word_1_595' title='bbox 1935 3344 2144 3408; x_wconf 83' lang='lat' dir='ltr'><strong>monio,</strong></span> <span class='ocrx_word' id='word_1_596' title='bbox 2195 3341 2541 3397; x_wconf 88' lang='lat' dir='ltr'><strong>admirabilis</strong></span> <span class='ocrx_word' id='word_1_597' title='bbox 2585 3349 2640 3395; x_wconf 91' lang='lat' dir='ltr'><strong>et</strong></span> <span class='ocrx_word' id='word_1_598' title='bbox 2690 3357 2855 3411; x_wconf 91' lang='lat' dir='ltr'><strong>supra</strong></span> <span class='ocrx_word' id='word_1_599' title='bbox 2902 3356 3069 3410; x_wconf 86' lang='lat' dir='ltr'><strong>quam</strong></span> <span class='ocrx_word' id='word_1_600' title='bbox 3112 3341 3263 3395; x_wconf 91' lang='lat' dir='ltr'><strong>credi</strong></span> <span class='ocrx_word' id='word_1_601' title='bbox 3306 3348 3517 3410; x_wconf 85' lang='lat' dir='ltr'><strong>posset,</strong></span> 
     </span>
    </p>
   </div>
   <div class='ocr_carea' id='block_1_80' title="bbox 1937 3433 3521 3507">
    <p class='ocr_par' dir='ltr' id='par_1_80' title="bbox 1937 3433 3521 3507">
     <span class='ocr_line' id='line_1_80' title="bbox 1937 3433 3521 3507; baseline -0.003 -16"><span class='ocrx_word' id='word_1_602' title='bbox 1937 3437 2288 3491; x_wconf 88' lang='lat' dir='ltr'><strong>tribuebatur</strong></span> <span class='ocrx_word' id='word_1_603' title='bbox 2327 3436 2601 3507; x_wconf 89' lang='lat' dir='ltr'><strong>elegantia</strong></span> <span class='ocrx_word' id='word_1_604' title='bbox 2648 3435 2919 3506; x_wconf 89' lang='lat' dir='ltr'><strong>corporis)</strong></span> <span class='ocrx_word' id='word_1_605' title='bbox 2956 3450 3025 3490; x_wconf 91' lang='lat' dir='ltr'><strong>ne</strong></span> <span class='ocrx_word' id='word_1_606' title='bbox 3068 3433 3257 3489; x_wconf 88' lang='lat' dir='ltr'><strong>videre</strong></span> <span class='ocrx_word' id='word_1_607' title='bbox 3292 3433 3521 3503; x_wconf 86' lang='lat' dir='ltr'><strong>quidem</strong></span> 
     </span>
    </p>
   </div>
   <div class='ocr_carea' id='block_1_81' title="bbox 1937 3524 3518 3595">
    <p class='ocr_par' dir='ltr' id='par_1_81' title="bbox 1937 3524 3518 3595">
     <span class='ocr_line' id='line_1_81' title="bbox 1937 3524 3518 3595; baseline -0.004 -11"><span class='ocrx_word' id='word_1_608' title='bbox 1937 3529 2223 3584; x_wconf 88' lang='lat' dir='ltr'><strong>sustinuit.</strong></span> <span class='ocrx_word' id='word_1_609' title='bbox 2258 3528 2416 3595; x_wconf 86' lang='lat' dir='ltr'><strong>Quod</strong></span> <span class='ocrx_word' id='word_1_610' title='bbox 2452 3528 2498 3582; x_wconf 91' lang='lat' dir='ltr'><strong>si</strong></span> <span class='ocrx_word' id='word_1_611' title='bbox 2546 3527 2674 3582; x_wconf 86' lang='lat' dir='ltr'><strong>talia</strong></span> <span class='ocrx_word' id='word_1_612' title='bbox 2709 3542 2811 3582; x_wconf 91' lang='lat' dir='ltr'><strong>suo</strong></span> <span class='ocrx_word' id='word_1_613' title='bbox 2845 3535 3161 3581; x_wconf 87' lang='lat' dir='ltr'><strong>asseverant</strong></span> <span class='ocrx_word' id='word_1_614' title='bbox 3198 3524 3518 3581; x_wconf 87' lang='lat' dir='ltr'><strong>testimonio</strong></span> 
     </span>
    </p>
   </div>
   <div class='ocr_carea' id='block_1_82' title="bbox 1938 3615 3521 3686">
    <p class='ocr_par' dir='ltr' id='par_1_82' title="bbox 1938 3615 3521 3686">
     <span class='ocr_line' id='line_1_82' title="bbox 1938 3615 3521 3686; baseline -0.006 -10"><span class='ocrx_word' id='word_1_615' title='bbox 1938 3639 1969 3677; x_wconf 88' lang='lat' dir='ltr'><strong>a</strong></span> <span class='ocrx_word' id='word_1_616' title='bbox 2001 3621 2107 3676; x_wconf 84' lang='lat' dir='ltr'><strong>ﬁde</strong></span> <span class='ocrx_word' id='word_1_617' title='bbox 2136 3620 2360 3686; x_wconf 85' lang='lat' dir='ltr'><strong>exotici,</strong></span> <span class='ocrx_word' id='word_1_618' title='bbox 2405 3629 2459 3673; x_wconf 89' lang='lat' dir='ltr'><strong>et</strong></span> <span class='ocrx_word' id='word_1_619' title='bbox 2506 3635 2535 3673; x_wconf 91' lang='lat' dir='ltr'><strong>a</strong></span> <span class='ocrx_word' id='word_1_620' title='bbox 2572 3618 2801 3673; x_wconf 83' lang='lat' dir='ltr'><strong>salutari</strong></span> <span class='ocrx_word' id='word_1_621' title='bbox 2850 3618 3112 3673; x_wconf 90' lang='lat' dir='ltr'><strong>unctione</strong></span> <span class='ocrx_word' id='word_1_622' title='bbox 3163 3615 3351 3679; x_wconf 89' lang='lat' dir='ltr'><strong>alieni,</strong></span> <span class='ocrx_word' id='word_1_623' title='bbox 3384 3615 3521 3685; x_wconf 84' lang='lat' dir='ltr'><strong>quid</strong></span> 
     </span>
    </p>
   </div>
   <div class='ocr_carea' id='block_1_83' title="bbox 1938 3706 3520 3782">
    <p class='ocr_par' dir='ltr' id='par_1_83' title="bbox 1938 3706 3520 3782">
     <span class='ocr_line' id='line_1_83' title="bbox 1938 3706 3520 3782; baseline -0.006 -13"><span class='ocrx_word' id='word_1_624' title='bbox 1938 3730 2040 3769; x_wconf 89' lang='lat' dir='ltr'><strong>nos</strong></span> <span class='ocrx_word' id='word_1_625' title='bbox 2068 3730 2179 3767; x_wconf 91' lang='lat' dir='ltr'><strong>non</strong></span> <span class='ocrx_word' id='word_1_626' title='bbox 2212 3712 2506 3767; x_wconf 86' lang='lat' dir='ltr'><strong>conveniat</strong></span> <span class='ocrx_word' id='word_1_627' title='bbox 2526 3728 2639 3782; x_wconf 70' lang='lat' dir='ltr'><strong>prm</strong></span> <span class='ocrx_word' id='word_1_628' title='bbox 2666 3711 2777 3765; x_wconf 85' lang='lat' dir='ltr'><strong>illis</strong></span> <span class='ocrx_word' id='word_1_629' title='bbox 2801 3719 2951 3764; x_wconf 89' lang='lat' dir='ltr'><strong>tanto</strong></span> <span class='ocrx_word' id='word_1_630' title='bbox 2971 3709 3209 3773; x_wconf 84' lang='lat' dir='ltr'><strong>ellicere,</strong></span> <span class='ocrx_word' id='word_1_631' title='bbox 3236 3708 3331 3778; x_wconf 90' lang='lat' dir='ltr'><strong>qui</strong></span> <span class='ocrx_word' id='word_1_632' title='bbox 3355 3706 3520 3763; x_wconf 81' lang='lat' dir='ltr'><strong>Chri-</strong></span> 
     </span>
    </p>
   </div>
   <div class='ocr_carea' id='block_1_84' title="bbox 1939 3798 3523 3875">
    <p class='ocr_par' dir='ltr' id='par_1_84' title="bbox 1939 3798 3523 3875">
     <span class='ocr_line' id='line_1_84' title="bbox 1939 3798 3523 3875; baseline -0.006 -15"><span class='ocrx_word' id='word_1_633' title='bbox 1939 3805 2009 3862; x_wconf 91' lang='lat' dir='ltr'><strong>sti</strong></span> <span class='ocrx_word' id='word_1_634' title='bbox 2045 3821 2112 3859; x_wconf 75' lang='lat' dir='ltr'><strong>ex</strong></span> <span class='ocrx_word' id='word_1_635' title='bbox 2148 3804 2394 3875; x_wconf 81' lang='lat' dir='ltr'><strong>professo</strong></span> <span class='ocrx_word' id='word_1_636' title='bbox 2476 3802 2734 3872; x_wconf 91' lang='lat' dir='ltr'><strong>discipuli</strong></span> <span class='ocrx_word' id='word_1_637' title='bbox 2792 3801 3018 3856; x_wconf 88' lang='lat' dir='ltr'><strong>sumus?</strong></span> <span class='ocrx_word' id='word_1_638' title='bbox 3065 3800 3301 3855; x_wconf 85' lang='lat' dir='ltr'><strong>Necesse</strong></span> <span class='ocrx_word' id='word_1_639' title='bbox 3353 3798 3523 3868; x_wconf 88' lang='lat' dir='ltr'><strong>igitur</strong></span> 
     </span>
    </p>
   </div>
   <div class='ocr_carea' id='block_1_85' title="bbox 1940 3890 3519 3967">
    <p class='ocr_par' dir='ltr' id='par_1_85' title="bbox 1940 3890 3519 3967">
     <span class='ocr_line' id='line_1_85' title="bbox 1940 3890 3519 3967; baseline -0.008 -14"><span class='ocrx_word' id='word_1_640' title='bbox 1940 3899 2033 3961; x_wconf 88' lang='lat' dir='ltr'><strong>sit,</strong></span> <span class='ocrx_word' id='word_1_641' title='bbox 2063 3906 2436 3967; x_wconf 90' lang='lat' dir='ltr'><strong>temperemus</strong></span> <span class='ocrx_word' id='word_1_642' title='bbox 2471 3894 2633 3949; x_wconf 92' lang='lat' dir='ltr'><strong>nobis</strong></span> <span class='ocrx_word' id='word_1_643' title='bbox 2675 3909 2787 3948; x_wconf 93' lang='lat' dir='ltr'><strong>non</strong></span> <span class='ocrx_word' id='word_1_644' title='bbox 2833 3909 2866 3948; x_wconf 89' lang='lat' dir='ltr'><strong>a</strong></span> <span class='ocrx_word' id='word_1_645' title='bbox 2915 3892 3286 3947; x_wconf 90' lang='lat' dir='ltr'><strong>collocutione</strong></span> <span class='ocrx_word' id='word_1_646' title='bbox 3332 3890 3519 3947; x_wconf 86' lang='lat' dir='ltr'><strong>modo.</strong></span> 
     </span>
    </p>
   </div>
   <div class='ocr_carea' id='block_1_86' title="bbox 1942 3979 3520 4057">
    <p class='ocr_par' dir='ltr' id='par_1_86' title="bbox 1942 3979 3520 4057">
     <span class='ocr_line' id='line_1_86' title="bbox 1942 3979 3520 4057; baseline -0.008 -11"><span class='ocrx_word' id='word_1_647' title='bbox 1942 3991 2037 4047; x_wconf 88' lang='lat' dir='ltr'><strong>sed</strong></span> <span class='ocrx_word' id='word_1_648' title='bbox 2073 3999 2128 4045; x_wconf 91' lang='lat' dir='ltr'><strong>et</strong></span> <span class='ocrx_word' id='word_1_649' title='bbox 2161 3990 2230 4043; x_wconf 89' lang='lat' dir='ltr'><strong>ab</strong></span> <span class='ocrx_word' id='word_1_650' title='bbox 2261 3996 2512 4057; x_wconf 90' lang='lat' dir='ltr'><strong>aspectu,</strong></span> <span class='ocrx_word' id='word_1_651' title='bbox 2551 3985 2644 4055; x_wconf 91' lang='lat' dir='ltr'><strong>qui</strong></span> <span class='ocrx_word' id='word_1_652' title='bbox 2677 3983 2902 4054; x_wconf 89' lang='lat' dir='ltr'><strong>quidem</strong></span> <span class='ocrx_word' id='word_1_653' title='bbox 2937 3982 3024 4037; x_wconf 90' lang='lat' dir='ltr'><strong>via</strong></span> <span class='ocrx_word' id='word_1_654' title='bbox 3057 3992 3143 4037; x_wconf 90' lang='lat' dir='ltr'><strong>est</strong></span> <span class='ocrx_word' id='word_1_655' title='bbox 3170 3991 3317 4037; x_wconf 84' lang='lat' dir='ltr'><strong>recta</strong></span> <span class='ocrx_word' id='word_1_656' title='bbox 3347 3979 3520 4035; x_wconf 90' lang='lat' dir='ltr'><strong>dedu-</strong></span> 
     </span>
    </p>
   </div>
   <div class='ocr_carea' id='block_1_87' title="bbox 1943 4071 3521 4147">
    <p class='ocr_par' dir='ltr' id='par_1_87' title="bbox 1943 4071 3521 4147">
     <span class='ocr_line' id='line_1_87' title="bbox 1943 4071 3521 4147; baseline -0.006 -13"><span class='ocrx_word' id='word_1_657' title='bbox 1943 4094 2075 4135; x_wconf 90' lang='lat' dir='ltr'><strong>cens</strong></span> <span class='ocrx_word' id='word_1_658' title='bbox 2106 4078 2172 4133; x_wconf 89' lang='lat' dir='ltr'><strong>ad</strong></span> <span class='ocrx_word' id='word_1_659' title='bbox 2204 4076 2583 4147; x_wconf 89' lang='lat' dir='ltr'><strong>operationem</strong></span> <span class='ocrx_word' id='word_1_660' title='bbox 2614 4073 2827 4145; x_wconf 85' lang='lat' dir='ltr'><strong>ﬂagitii.</strong></span> <span class='ocrx_word' id='word_1_661' title='bbox 2861 4073 3016 4138; x_wconf 90' lang='lat' dir='ltr'><strong>Esto,</strong></span> <span class='ocrx_word' id='word_1_662' title='bbox 3059 4071 3128 4127; x_wconf 93' lang='lat' dir='ltr'><strong>ad</strong></span> <span class='ocrx_word' id='word_1_663' title='bbox 3172 4087 3314 4142; x_wconf 90' lang='lat' dir='ltr'><strong>opus</strong></span> <span class='ocrx_word' id='word_1_664' title='bbox 3347 4087 3521 4140; x_wconf 86' lang='lat' dir='ltr'><strong>usque</strong></span> 
     </span>
    </p>
   </div>
   <div class='ocr_carea' id='block_1_88' title="bbox 1942 4160 3520 4237">
    <p class='ocr_par' dir='ltr' id='par_1_88' title="bbox 1942 4160 3520 4237">
     <span class='ocr_line' id='line_1_88' title="bbox 1942 4160 3520 4237; baseline -0.006 -15"><span class='ocrx_word' id='word_1_665' title='bbox 1942 4184 2055 4223; x_wconf 88' lang='lat' dir='ltr'><strong>non</strong></span> <span class='ocrx_word' id='word_1_666' title='bbox 2086 4165 2489 4237; x_wconf 81' lang='lat' dir='ltr'><strong>progrediatur,</strong></span> <span class='ocrx_word' id='word_1_667' title='bbox 2521 4164 2893 4232; x_wconf 89' lang='lat' dir='ltr'><strong>aliquousque</strong></span> <span class='ocrx_word' id='word_1_668' title='bbox 2943 4170 3123 4215; x_wconf 89' lang='lat' dir='ltr'><strong>tamen</strong></span> <span class='ocrx_word' id='word_1_669' title='bbox 3154 4160 3394 4216; x_wconf 73' lang='lat' dir='ltr'><strong>dcl‘mdat</strong></span> <span class='ocrx_word' id='word_1_670' title='bbox 3425 4175 3520 4213; x_wconf 82' lang='lat' dir='ltr'><strong>co-</strong></span> 
     </span>
    </p>
   </div>
   <div class='ocr_carea' id='block_1_89' title="bbox 1944 4252 3523 4333">
    <p class='ocr_par' dir='ltr' id='par_1_89' title="bbox 1944 4252 3523 4333">
     <span class='ocr_line' id='line_1_89' title="bbox 1944 4252 3523 4333; baseline -0.007 -18"><span class='ocrx_word' id='word_1_671' title='bbox 1944 4261 2263 4333; x_wconf 87' lang='lat' dir='ltr'><strong>gitationem</strong></span> <span class='ocrx_word' id='word_1_672' title='bbox 2287 4273 2350 4313; x_wconf 90' lang='lat' dir='ltr'><strong>ac</strong></span> <span class='ocrx_word' id='word_1_673' title='bbox 2376 4258 2653 4313; x_wconf 72' lang='lat' dir='ltr'><strong>mmchum</strong></span> <span class='ocrx_word' id='word_1_674' title='bbox 2673 4255 3026 4324; x_wconf 46' lang='lat' dir='ltr'><strong>etlieitltalem</strong></span> <span class='ocrx_word' id='word_1_675' title='bbox 3048 4253 3350 4325; x_wconf 89' lang='lat' dir='ltr'><strong>captivum.</strong></span> <span class='ocrx_word' id='word_1_676' title='bbox 3367 4252 3523 4319; x_wconf 83' lang='lat' dir='ltr'><strong>Quis,</strong></span> 
     </span>
    </p>
   </div>
   <div class='ocr_carea' id='block_1_90' title="bbox 1948 4341 3527 4421">
    <p class='ocr_par' dir='ltr' id='par_1_90' title="bbox 1948 4341 3527 4421">
     <span class='ocr_line' id='line_1_90' title="bbox 1948 4341 3527 4421; baseline -0.006 -18"><span class='ocrx_word' id='word_1_677' title='bbox 1948 4366 2155 4421; x_wconf 70' lang='lat' dir='ltr'><strong>quazso,</strong></span> <span class='ocrx_word' id='word_1_678' title='bbox 2199 4362 2444 4418; x_wconf 90' lang='lat' dir='ltr'><strong>eousque</strong></span> <span class='ocrx_word' id='word_1_679' title='bbox 2472 4344 2800 4401; x_wconf 86' lang='lat' dir='ltr'><strong>temeritatis</strong></span> <span class='ocrx_word' id='word_1_680' title='bbox 2823 4352 3118 4415; x_wconf 81' lang='lat' dir='ltr'><strong>provectus</strong></span> <span class='ocrx_word' id='word_1_681' title='bbox 3144 4341 3369 4412; x_wconf 58' lang='grc' dir='ltr'>εει,ηυί</span> <span class='ocrx_word' id='word_1_682' title='bbox 3396 4357 3527 4395; x_wconf 89' lang='lat' dir='ltr'><strong>cum</strong></span> 
     </span>
    </p>
   </div>
   <div class='ocr_carea' id='block_1_91' title="bbox 1946 4430 3528 4510">
    <p class='ocr_par' dir='ltr' id='par_1_91' title="bbox 1946 4430 3528 4510">
     <span class='ocr_line' id='line_1_91' title="bbox 1946 4430 3528 4510; baseline -0.006 -14"><span class='ocrx_word' id='word_1_683' title='bbox 1946 4442 2003 4496; x_wconf 93' lang='lat' dir='ltr'><strong>in</strong></span> <span class='ocrx_word' id='word_1_684' title='bbox 2036 4440 2270 4495; x_wconf 88' lang='lat' dir='ltr'><strong>alienam</strong></span> <span class='ocrx_word' id='word_1_685' title='bbox 2310 4436 2782 4510; x_wconf 89' lang='lat' dir='ltr'><strong>pulchritudinem</strong></span> <span class='ocrx_word' id='word_1_686' title='bbox 2817 4435 3170 4489; x_wconf 87' lang='lat' dir='ltr'><strong>continenter</strong></span> <span class='ocrx_word' id='word_1_687' title='bbox 3196 4442 3253 4488; x_wconf 89' lang='lat' dir='ltr'><strong>et</strong></span> <span class='ocrx_word' id='word_1_688' title='bbox 3282 4430 3528 4503; x_wconf 88' lang='lat' dir='ltr'><strong>pressius</strong></span> 
     </span>
    </p>
   </div>
   <div class='ocr_carea' id='block_1_92' title="bbox 250 4527 1833 4605">
    <p class='ocr_par' dir='ltr' id='par_1_92' title="bbox 250 4530 1833 4605">
     <span class='ocr_line' id='line_1_92' title="bbox 250 4530 1833 4605; baseline 0.003 -20"><span class='ocrx_word' id='word_1_689' title='bbox 250 4532 428 4602; x_wconf 75' lang='grc' dir='ltr'>Τίτῳο</span> <span class='ocrx_word' id='word_1_690' title='bbox 456 4552 473 4583; x_wconf 89' lang='grc'><strong><em>‹</em></strong></span> <span class='ocrx_word' id='word_1_691' title='bbox 497 4533 911 4605; x_wconf 79' lang='grc' dir='ltr'>Πρεσὸυτέρους</span> <span class='ocrx_word' id='word_1_692' title='bbox 935 4534 1239 4605; x_wconf 81' lang='grc' dir='ltr'>νηφαλέους</span> <span class='ocrx_word' id='word_1_693' title='bbox 1270 4530 1428 4597; x_wconf 75' lang='grc' dir='ltr'>εἶναι,</span> <span class='ocrx_word' id='word_1_694' title='bbox 1454 4536 1707 4605; x_wconf 79' lang='grc' dir='ltr'>σεμνοὺς,</span> <span class='ocrx_word' id='word_1_695' title='bbox 1733 4534 1833 4590; x_wconf 84' lang='grc' dir='ltr'>σώ-</span> 
     </span>
    </p>
   </div>
   <div class='ocr_carea' id='block_1_93' title="bbox 1934 4527 3526 4605">
    <p class='ocr_par' dir='ltr' id='par_1_93' title="bbox 1949 4527 3526 4603">
     <span class='ocr_line' id='line_1_93' title="bbox 1949 4527 3526 4603; baseline -0.006 -16"><span class='ocrx_word' id='word_1_696' title='bbox 1949 4533 2149 4603; x_wconf 78' lang='lat' dir='ltr'><strong>deﬁ‘gat</strong></span> <span class='ocrx_word' id='word_1_697' title='bbox 2174 4532 2383 4597; x_wconf 89' lang='lat' dir='ltr'><strong>oculos,</strong></span> <span class='ocrx_word' id='word_1_698' title='bbox 2422 4531 2609 4586; x_wconf 91' lang='lat' dir='ltr'><strong>dicere</strong></span> <span class='ocrx_word' id='word_1_699' title='bbox 2654 4529 2799 4584; x_wconf 88' lang='lat' dir='ltr'><strong>ausit</strong></span> <span class='ocrx_word' id='word_1_700' title='bbox 2832 4528 2982 4583; x_wconf 89' lang='lat' dir='ltr'><strong>nulla</strong></span> <span class='ocrx_word' id='word_1_701' title='bbox 3016 4527 3146 4585; x_wconf 81' lang='lat' dir='ltr'><strong>hinc</strong></span> <span class='ocrx_word' id='word_1_702' title='bbox 3181 4541 3238 4581; x_wconf 91' lang='lat' dir='ltr'><strong>se</strong></span> <span class='ocrx_word' id='word_1_703' title='bbox 3270 4542 3337 4580; x_wconf 81' lang='lat' dir='ltr'><strong>ex</strong></span> <span class='ocrx_word' id='word_1_704' title='bbox 3371 4535 3526 4595; x_wconf 85' lang='lat' dir='ltr'><strong>parte</strong></span> 
     </span>
    </p>
   </div>
   <div class='ocr_carea' id='block_1_94' title="bbox 254 4617 1833 4699">
    <p class='ocr_par' dir='ltr' id='par_1_94' title="bbox 254 4626 1833 4699">
     <span class='ocr_line' id='line_1_94' title="bbox 254 4626 1833 4699; baseline 0.003 -22"><span class='ocrx_word' id='word_1_705' title='bbox 254 4642 500 4697; x_wconf 73' lang='grc' dir='ltr'>φροναςο</span> <span class='ocrx_word' id='word_1_706' title='bbox 536 4626 901 4697; x_wconf 78' lang='grc' dir='ltr'>πρεσϐύτιδας</span> <span class='ocrx_word' id='word_1_707' title='bbox 952 4627 1234 4693; x_wconf 85' lang='grc' dir='ltr'>ὡσαύτως,</span> <span class='ocrx_word' id='word_1_708' title='bbox 1281 4629 1648 4699; x_wconf 77' lang='grc' dir='ltr'>ἱεροπρεπεῖς,</span> <span class='ocrx_word' id='word_1_709' title='bbox 1681 4628 1833 4682; x_wconf 66' lang='grc' dir='ltr'>καλου</span> 
     </span>
    </p>
   </div>
   <div class='ocr_carea' id='block_1_95' title="bbox 1934 4617 3526 4699">
    <p class='ocr_par' dir='ltr' id='par_1_95' title="bbox 1947 4617 3526 4694">
     <span class='ocr_line' id='line_1_95' title="bbox 1947 4617 3526 4694; baseline -0.008 -14"><span class='ocrx_word' id='word_1_710' title='bbox 1947 4625 2111 4682; x_wconf 63' lang='lat' dir='ltr'><strong>laedi?</strong></span> <span class='ocrx_word' id='word_1_711' title='bbox 2155 4624 2269 4679; x_wconf 81' lang='lat' dir='ltr'><strong>Hoc</strong></span> <span class='ocrx_word' id='word_1_712' title='bbox 2316 4637 2585 4694; x_wconf 87' lang='lat' dir='ltr'><strong>perquam</strong></span> <span class='ocrx_word' id='word_1_713' title='bbox 2630 4620 2853 4676; x_wconf 87' lang='lat' dir='ltr'><strong>dilIicile</strong></span> <span class='ocrx_word' id='word_1_714' title='bbox 2904 4619 2994 4675; x_wconf 94' lang='lat' dir='ltr'><strong>sit.</strong></span> <span class='ocrx_word' id='word_1_715' title='bbox 3040 4618 3270 4672; x_wconf 84' lang='lat' dir='ltr'><strong>Maxime</strong></span> <span class='ocrx_word' id='word_1_716' title='bbox 3301 4617 3526 4688; x_wconf 83' lang='lat' dir='ltr'><strong>quidem</strong></span> 
     </span>
    </p>
   </div>
   <div class='ocr_carea' id='block_1_96' title="bbox 250 4708 1833 4792">
    <p class='ocr_par' dir='ltr' id='par_1_96' title="bbox 250 4719 1833 4792">
     <span class='ocr_line' id='line_1_96' title="bbox 250 4719 1833 4792; baseline 0 -18"><span class='ocrx_word' id='word_1_717' title='bbox 250 4719 636 4785; x_wconf 88' lang='grc' dir='ltr'>διδασκάλους,</span> <span class='ocrx_word' id='word_1_718' title='bbox 669 4720 757 4773; x_wconf 76' lang='grc' dir='ltr'>ἵνα</span> <span class='ocrx_word' id='word_1_719' title='bbox 788 4720 1197 4791; x_wconf 77' lang='grc' dir='ltr'>σωφρονίζωσιν</span> <span class='ocrx_word' id='word_1_720' title='bbox 1239 4722 1335 4785; x_wconf 84' lang='grc' dir='ltr'>τὰς</span> <span class='ocrx_word' id='word_1_721' title='bbox 1363 4722 1492 4784; x_wconf 86' lang='grc' dir='ltr'>νέας</span> <span class='ocrx_word' id='word_1_722' title='bbox 1526 4720 1833 4792; x_wconf 71' lang='grc' dir='ltr'>φιλάνδρους</span> 
     </span>
    </p>
   </div>
   <div class='ocr_carea' id='block_1_97' title="bbox 1934 4708 3527 4792">
    <p class='ocr_par' dir='ltr' id='par_1_97' title="bbox 1949 4708 3527 4782">
     <span class='ocr_line' id='line_1_97' title="bbox 1949 4708 3527 4782; baseline -0.008 -8"><span class='ocrx_word' id='word_1_723' title='bbox 1949 4718 2220 4782; x_wconf 90' lang='lat' dir='ltr'><strong>omnium,</strong></span> <span class='ocrx_word' id='word_1_724' title='bbox 2243 4716 2454 4772; x_wconf 87' lang='lat' dir='ltr'><strong>vitandi</strong></span> <span class='ocrx_word' id='word_1_725' title='bbox 2477 4722 2606 4770; x_wconf 90' lang='lat' dir='ltr'><strong>sunt</strong></span> <span class='ocrx_word' id='word_1_726' title='bbox 2631 4712 2925 4767; x_wconf 90' lang='lat' dir='ltr'><strong>mulierum</strong></span> <span class='ocrx_word' id='word_1_727' title='bbox 2948 4725 3274 4781; x_wconf 90' lang='lat' dir='ltr'><strong>congressus</strong></span> <span class='ocrx_word' id='word_1_728' title='bbox 3295 4708 3527 4764; x_wconf 86' lang='lat' dir='ltr'><strong>assidui.</strong></span> 
     </span>
    </p>
   </div>
   <div class='ocr_carea' id='block_1_98' title="bbox 253 4800 1833 4882">
    <p class='ocr_par' dir='ltr' id='par_1_98' title="bbox 253 4806 1825 4882">
     <span class='ocr_line' id='line_1_98' title="bbox 253 4806 1825 4882; baseline 0.003 -19"><span class='ocrx_word' id='word_1_729' title='bbox 253 4806 421 4875; x_wconf 79' lang='grc' dir='ltr'>εῖναι,</span> <span class='ocrx_word' id='word_1_730' title='bbox 453 4811 823 4880; x_wconf 86' lang='grc' dir='ltr'>φιλοτέκνους.</span> <span class='ocrx_word' id='word_1_731' title='bbox 878 4811 1187 4882; x_wconf 76' lang='grc' dir='ltr'>σώφρονας,</span> <span class='ocrx_word' id='word_1_732' title='bbox 1236 4812 1428 4881; x_wconf 81' lang='grc' dir='ltr'>ἁγνάς.</span> <span class='ocrx_word' id='word_1_733' title='bbox 1468 4831 1487 4864; x_wconf 77' lang='grc' dir='ltr'><strong>ι</strong></span> <span class='ocrx_word' id='word_1_734' title='bbox 1521 4812 1633 4867; x_wconf 76' lang='grc' dir='ltr'><strong>Καὶ</strong></span> <span class='ocrx_word' id='word_1_735' title='bbox 1669 4812 1825 4877; x_wconf 77' lang='grc' dir='ltr'>αὖθις</span> 
     </span>
    </p>
   </div>
   <div class='ocr_carea' id='block_1_99' title="bbox 1934 4800 3539 4882">
    <p class='ocr_par' dir='ltr' id='par_1_99' title="bbox 1950 4800 3539 4879">
     <span class='ocr_line' id='line_1_99' title="bbox 1950 4800 3539 4879; baseline -0.009 -13"><span class='ocrx_word' id='word_1_736' title='bbox 1950 4810 2107 4879; x_wconf 82' lang='lat' dir='ltr'><strong>Quod</strong></span> <span class='ocrx_word' id='word_1_737' title='bbox 2139 4810 2184 4863; x_wconf 89' lang='lat' dir='ltr'><strong>si</strong></span> <span class='ocrx_word' id='word_1_738' title='bbox 2217 4824 2442 4863; x_wconf 88' lang='lat' dir='ltr'><strong>necesse</strong></span> <span class='ocrx_word' id='word_1_739' title='bbox 2465 4807 2656 4872; x_wconf 83' lang='lat' dir='ltr'><strong>fuerit,</strong></span> <span class='ocrx_word' id='word_1_740' title='bbox 2684 4804 3081 4876; x_wconf 71' lang='lat' dir='ltr'><strong>oculi&#39;quoque</strong></span> <span class='ocrx_word' id='word_1_741' title='bbox 3106 4800 3444 4870; x_wconf 88' lang='lat' dir='ltr'><strong>dispalantes</strong></span> <span class='ocrx_word' id='word_1_742' title='bbox 3467 4815 3539 4853; x_wconf 88' lang='lat' dir='ltr'><strong>ac.</strong></span> 
     </span>
    </p>
   </div>
   <div class='ocr_carea' id='block_1_100' title="bbox 262 4890 1833 4976">
    <p class='ocr_par' dir='ltr' id='par_1_100' title="bbox 262 4903 1833 4976">
     <span class='ocr_line' id='line_1_100' title="bbox 262 4903 1833 4976; baseline 0.002 -22"><span class='ocrx_word' id='word_1_743' title='bbox 262 4920 283 4954; x_wconf 72' lang='grc' dir='ltr'><strong>ι</strong></span> <span class='ocrx_word' id='word_1_744' title='bbox 320 4903 441 4955; x_wconf 84' lang='grc' dir='ltr'>Ἵνα</span> <span class='ocrx_word' id='word_1_745' title='bbox 470 4904 843 4974; x_wconf 82' lang='grc' dir='ltr'>ἀρνησάμενοι</span> <span class='ocrx_word' id='word_1_746' title='bbox 873 4904 974 4973; x_wconf 81' lang='grc' dir='ltr'><strong>τὴν</strong></span> <span class='ocrx_word' id='word_1_747' title='bbox 1003 4903 1285 4966; x_wconf 78' lang='grc' dir='ltr'>ἀσέϐειαν,</span> <span class='ocrx_word' id='word_1_748' title='bbox 1314 4905 1409 4958; x_wconf 75' lang='grc' dir='ltr'><strong>καὶ</strong></span> <span class='ocrx_word' id='word_1_749' title='bbox 1439 4904 1538 4968; x_wconf 84' lang='grc' dir='ltr'>τὰς</span> <span class='ocrx_word' id='word_1_750' title='bbox 1572 4905 1833 4976; x_wconf 76' lang='grc' dir='ltr'>κοσμικὰς</span> 
     </span>
    </p>
   </div>
   <div class='ocr_carea' id='block_1_101' title="bbox 1934 4890 3530 4976">
    <p class='ocr_par' dir='ltr' id='par_1_101' title="bbox 1951 4890 3530 4973">
     <span class='ocr_line' id='line_1_101' title="bbox 1951 4890 3530 4973; baseline -0.008 -17"><span class='ocrx_word' id='word_1_751' title='bbox 1951 4902 2096 4973; x_wconf 88' lang='lat' dir='ltr'><strong>vagi,</strong></span> <span class='ocrx_word' id='word_1_752' title='bbox 2143 4900 2298 4955; x_wconf 88' lang='lat' dir='ltr'><strong>velut</strong></span> <span class='ocrx_word' id='word_1_753' title='bbox 2343 4898 2545 4970; x_wconf 85' lang='lat' dir='ltr'><strong>injecto</strong></span> <span class='ocrx_word' id='word_1_754' title='bbox 2590 4896 2746 4951; x_wconf 83' lang='lat' dir='ltr'><strong>freno</strong></span> <span class='ocrx_word' id='word_1_755' title='bbox 2791 4892 3085 4949; x_wconf 90' lang='lat' dir='ltr'><strong>coercendi</strong></span> <span class='ocrx_word' id='word_1_756' title='bbox 3125 4899 3274 4945; x_wconf 90' lang='lat' dir='ltr'><strong>sunt.</strong></span> <span class='ocrx_word' id='word_1_757' title='bbox 3307 4890 3419 4944; x_wconf 86' lang='lat' dir='ltr'><strong>Hoc</strong></span> <span class='ocrx_word' id='word_1_758' title='bbox 3472 4906 3530 4944; x_wconf 87' lang='lat' dir='ltr'><strong>se</strong></span> 
     </span>
    </p>
   </div>
   <div class='ocr_carea' id='block_1_102' title="bbox 250 4995 1849 5068">
    <p class='ocr_par' dir='ltr' id='par_1_102' title="bbox 250 4995 1849 5068">
     <span class='ocr_line' id='line_1_102' title="bbox 250 4995 1849 5068; baseline 0.001 -17"><span class='ocrx_word' id='word_1_759' title='bbox 250 4995 584 5067; x_wconf 68' lang='grc' dir='ltr'>ἐπιθυμίας,</span> <span class='ocrx_word' id='word_1_760' title='bbox 634 4997 950 5068; x_wconf 81' lang='grc' dir='ltr'>σωφρόνως,</span> <span class='ocrx_word' id='word_1_761' title='bbox 1000 4999 1095 5051; x_wconf 70' lang='lat' dir='ltr'><strong>mi.</strong></span> <span class='ocrx_word' id='word_1_762' title='bbox 1141 4997 1401 5062; x_wconf 81' lang='grc' dir='ltr'>δικαίως,</span> <span class='ocrx_word' id='word_1_763' title='bbox 1457 5000 1551 5051; x_wconf 73' lang='grc' dir='ltr'><strong>καὶ</strong></span> <span class='ocrx_word' id='word_1_764' title='bbox 1604 4999 1849 5064; x_wconf 77' lang='grc' dir='ltr'>εὐσεϐῶς</span> 
     </span>
    </p>
   </div>
   <div class='ocr_carea' id='block_1_103' title="bbox 254 5088 1851 5162">
    <p class='ocr_par' dir='ltr' id='par_1_103' title="bbox 254 5088 1851 5162">
     <span class='ocr_line' id='line_1_103' title="bbox 254 5088 1851 5162; baseline 0.003 -21"><span class='ocrx_word' id='word_1_765' title='bbox 254 5090 520 5161; x_wconf 76' lang='grc' dir='ltr'>ζήσωμεν</span> <span class='ocrx_word' id='word_1_766' title='bbox 549 5091 606 5143; x_wconf 77' lang='grc' dir='ltr'>ἐν</span> <span class='ocrx_word' id='word_1_767' title='bbox 634 5088 713 5160; x_wconf 83' lang='grc' dir='ltr'>τῷ</span> <span class='ocrx_word' id='word_1_768' title='bbox 751 5088 845 5142; x_wconf 88' lang='grc' dir='ltr'><strong>νῦν</strong></span> <span class='ocrx_word' id='word_1_769' title='bbox 877 5089 1052 5143; x_wconf 78' lang='grc' dir='ltr'>αἰῶνι.</span> <span class='ocrx_word' id='word_1_770' title='bbox 1093 5109 1111 5141; x_wconf 75' lang='grc' dir='ltr'><strong>ι</strong></span> <span class='ocrx_word' id='word_1_771' title='bbox 1163 5091 1273 5144; x_wconf 76' lang='grc' dir='ltr'><strong>Καὶ</strong></span> <span class='ocrx_word' id='word_1_772' title='bbox 1304 5089 1554 5161; x_wconf 78' lang='grc' dir='ltr'>Τιμοθέῳ</span> <span class='ocrx_word' id='word_1_773' title='bbox 1577 5107 1591 5120; x_wconf 77' lang='grc' dir='ltr'><strong>ο</strong></span> <span class='ocrx_word' id='word_1_774' title='bbox 1622 5110 1638 5142; x_wconf 82' lang='grc' dir='ltr'><strong>ι</strong></span> <span class='ocrx_word' id='word_1_775' title='bbox 1658 5092 1851 5162; x_wconf 80' lang='grc' dir='ltr'>Χήρας</span> 
     </span>
    </p>
   </div>
   <div class='ocr_carea' id='block_1_104' title="bbox 250 5182 1851 5255">
    <p class='ocr_par' dir='ltr' id='par_1_104' title="bbox 250 5182 1851 5255">
     <span class='ocr_line' id='line_1_104' title="bbox 250 5182 1851 5255; baseline 0.001 -20"><span class='ocrx_word' id='word_1_776' title='bbox 250 5182 421 5252; x_wconf 77' lang='grc' dir='ltr'>τίμα,</span> <span class='ocrx_word' id='word_1_777' title='bbox 450 5183 550 5247; x_wconf 81' lang='grc' dir='ltr'><strong>τὰς</strong></span> <span class='ocrx_word' id='word_1_778' title='bbox 579 5182 750 5247; x_wconf 77' lang='grc' dir='ltr'>ὅντως</span> <span class='ocrx_word' id='word_1_779' title='bbox 778 5184 848 5255; x_wconf 86' lang='grc' dir='ltr'><strong>χή</strong></span> <span class='ocrx_word' id='word_1_780' title='bbox 860 5201 977 5253; x_wconf 90' lang='grc' dir='ltr'>ρας.</span> <span class='ocrx_word' id='word_1_781' title='bbox 1009 5203 1027 5235; x_wconf 73' lang='grc' dir='ltr'><strong>ι</strong></span> <span class='ocrx_word' id='word_1_782' title='bbox 1058 5183 1169 5237; x_wconf 74' lang='grc' dir='ltr'>Καὶ</span> <span class='ocrx_word' id='word_1_783' title='bbox 1194 5182 1413 5250; x_wconf 68' lang='grc' dir='ltr'>ὲπάγεν</span> <span class='ocrx_word' id='word_1_784' title='bbox 1446 5200 1465 5233; x_wconf 74' lang='grc' dir='ltr'><strong>ι</strong></span> <span class='ocrx_word' id='word_1_785' title='bbox 1513 5183 1576 5235; x_wconf 85' lang='grc' dir='ltr'>Ἡ</span> <span class='ocrx_word' id='word_1_786' title='bbox 1599 5182 1653 5235; x_wconf 83' lang='grc' dir='ltr'>δὲ</span> <span class='ocrx_word' id='word_1_787' title='bbox 1681 5183 1851 5247; x_wconf 77' lang='grc' dir='ltr'>ὅντως</span> 
     </span>
    </p>
   </div>
   <div class='ocr_carea' id='block_1_105' title="bbox 254 5274 1852 5348">
    <p class='ocr_par' dir='ltr' id='par_1_105' title="bbox 254 5274 1852 5348">
     <span class='ocr_line' id='line_1_105' title="bbox 254 5274 1852 5348; baseline -0.002 -17"><span class='ocrx_word' id='word_1_788' title='bbox 254 5277 435 5348; x_wconf 80' lang='grc' dir='ltr'>χήρα,</span> <span class='ocrx_word' id='word_1_789' title='bbox 471 5277 565 5330; x_wconf 71' lang='grc' dir='ltr'><strong>καὶ</strong></span> <span class='ocrx_word' id='word_1_790' title='bbox 609 5275 995 5347; x_wconf 85' lang='grc' dir='ltr'>μεμονωμένη,</span> <span class='ocrx_word' id='word_1_791' title='bbox 1034 5276 1263 5347; x_wconf 71' lang='grc' dir='ltr'>ἠλπισεν</span> <span class='ocrx_word' id='word_1_792' title='bbox 1298 5275 1390 5328; x_wconf 76' lang='grc' dir='ltr'>ἐπὶ</span> <span class='ocrx_word' id='word_1_793' title='bbox 1436 5274 1528 5327; x_wconf 74' lang='grc' dir='ltr'>τὸν</span> <span class='ocrx_word' id='word_1_794' title='bbox 1568 5274 1723 5341; x_wconf 74' lang='grc' dir='ltr'>Θεὸν,</span> <span class='ocrx_word' id='word_1_795' title='bbox 1756 5275 1852 5328; x_wconf 76' lang='grc' dir='ltr'><strong>καὶ</strong></span> 
     </span>
    </p>
   </div>
   <div class='ocr_carea' id='block_1_106' title="bbox 253 5366 1849 5439">
    <p class='ocr_par' dir='ltr' id='par_1_106' title="bbox 253 5366 1849 5439">
     <span class='ocr_line' id='line_1_106' title="bbox 253 5366 1849 5439; baseline -0.003 -17"><span class='ocrx_word' id='word_1_796' title='bbox 253 5368 711 5439; x_wconf 72' lang='grc' dir='ltr'>προσμένειταῖς</span> <span class='ocrx_word' id='word_1_797' title='bbox 737 5367 954 5438; x_wconf 83' lang='grc' dir='ltr'>δεήσεσι</span> <span class='ocrx_word' id='word_1_798' title='bbox 980 5371 1074 5420; x_wconf 64' lang='grc' dir='ltr'><strong>κα)⁵</strong></span> <span class='ocrx_word' id='word_1_799' title='bbox 1120 5370 1242 5428; x_wconf 84' lang='grc' dir='ltr'>ταῖς</span> <span class='ocrx_word' id='word_1_800' title='bbox 1286 5368 1618 5436; x_wconf 84' lang='grc' dir='ltr'>προσευχαῖς</span> <span class='ocrx_word' id='word_1_801' title='bbox 1658 5366 1849 5430; x_wconf 83' lang='grc' dir='ltr'>νυκτὸς</span> 
     </span>
    </p>
   </div>
   <div class='ocr_carea' id='block_1_107' title="bbox 252 5454 1851 5527">
    <p class='ocr_par' dir='ltr' id='par_1_107' title="bbox 252 5454 1851 5527">
     <span class='ocr_line' id='line_1_107' title="bbox 252 5454 1851 5527; baseline -0.002 -16"><span class='ocrx_word' id='word_1_802' title='bbox 252 5455 366 5511; x_wconf 72' lang='grc' dir='ltr'>καὶ</span> <span class='ocrx_word' id='word_1_803' title='bbox 393 5455 606 5526; x_wconf 75' lang='grc' dir='ltr'>ἡμέρας</span> <span class='ocrx_word' id='word_1_804' title='bbox 630 5472 647 5488; x_wconf 78' lang='grc' dir='ltr'><strong><em>ο</em></strong></span> <span class='ocrx_word' id='word_1_805' title='bbox 688 5474 707 5507; x_wconf 76' lang='grc' dir='ltr'><strong>ι</strong></span> <span class='ocrx_word' id='word_1_806' title='bbox 743 5454 928 5519; x_wconf 85' lang='grc' dir='ltr'>καθὼς</span> <span class='ocrx_word' id='word_1_807' title='bbox 959 5457 1055 5509; x_wconf 76' lang='grc' dir='ltr'>καὶ</span> <span class='ocrx_word' id='word_1_808' title='bbox 1089 5458 1119 5526; x_wconf 76' lang='grc' dir='ltr'>ἡ</span> <span class='ocrx_word' id='word_1_809' title='bbox 1150 5456 1269 5509; x_wconf 84' lang='grc' dir='ltr'>ὁσία</span> <span class='ocrx_word' id='word_1_810' title='bbox 1309 5456 1498 5521; x_wconf 73' lang='grc' dir='ltr'>Ἅννα,</span> <span class='ocrx_word' id='word_1_811' title='bbox 1540 5457 1573 5527; x_wconf 79' lang='grc' dir='ltr'><strong>ἡ</strong></span> <span class='ocrx_word' id='word_1_812' title='bbox 1603 5456 1851 5527; x_wconf 84' lang='grc' dir='ltr'>θυγάτηρ</span> 
     </span>
    </p>
   </div>
   <div class='ocr_carea' id='block_1_108' title="bbox 250 5546 1852 5622">
    <p class='ocr_par' dir='ltr' id='par_1_108' title="bbox 250 5546 1852 5622">
     <span class='ocr_line' id='line_1_108' title="bbox 250 5546 1852 5622; baseline -0.002 -18"><span class='ocrx_word' id='word_1_813' title='bbox 250 5550 534 5620; x_wconf 73' lang='grc' dir='ltr'>Φανουὴλ,</span> <span class='ocrx_word' id='word_1_814' title='bbox 564 5546 779 5622; x_wconf 77' lang='grc' dir='ltr'>ζήσασα</span> <span class='ocrx_word' id='word_1_815' title='bbox 823 5550 961 5621; x_wconf 87' lang='grc' dir='ltr'><strong>μετά</strong></span> <span class='ocrx_word' id='word_1_816' title='bbox 994 5548 1089 5602; x_wconf 90' lang='grc' dir='ltr'><strong>τοῦ</strong></span> <span class='ocrx_word' id='word_1_817' title='bbox 1129 5547 1320 5620; x_wconf 83' lang='grc' dir='ltr'>ἀνδρὸς</span> <span class='ocrx_word' id='word_1_818' title='bbox 1352 5548 1523 5617; x_wconf 79' lang='grc' dir='ltr'>αὐτῆς</span> <span class='ocrx_word' id='word_1_819' title='bbox 1559 5546 1852 5617; x_wconf 85' lang='grc' dir='ltr'>σωφρόνως</span> 
     </span>
    </p>
   </div>
   <div class='ocr_carea' id='block_1_109' title="bbox 255 5640 1851 5713">
    <p class='ocr_par' dir='ltr' id='par_1_109' title="bbox 255 5640 1851 5713">
     <span class='ocr_line' id='line_1_109' title="bbox 255 5640 1851 5713; baseline -0.003 -16"><span class='ocrx_word' id='word_1_820' title='bbox 255 5642 367 5711; x_wconf 75' lang='grc' dir='ltr'>ἐτη</span> <span class='ocrx_word' id='word_1_821' title='bbox 440 5640 580 5695; x_wconf 80' lang='grc' dir='ltr'>ἑπτὰ</span> <span class='ocrx_word' id='word_1_822' title='bbox 636 5641 744 5695; x_wconf 72' lang='grc' dir='ltr'><strong>ἀπὸ</strong></span> <span class='ocrx_word' id='word_1_823' title='bbox 822 5642 923 5712; x_wconf 75' lang='grc' dir='ltr'>τῆς</span> <span class='ocrx_word' id='word_1_824' title='bbox 996 5641 1295 5713; x_wconf 85' lang='grc' dir='ltr'>παρθενίας</span> <span class='ocrx_word' id='word_1_825' title='bbox 1352 5640 1555 5709; x_wconf 86' lang='grc' dir='ltr'>αύτῆς,</span> <span class='ocrx_word' id='word_1_826' title='bbox 1606 5640 1749 5694; x_wconf 85' lang='grc' dir='ltr'><strong>κατά</strong></span> <span class='ocrx_word' id='word_1_827' title='bbox 1791 5640 1851 5693; x_wconf 86' lang='grc' dir='ltr'><strong>τὸ</strong></span> 
     </span>
    </p>
   </div>
   <div class='ocr_carea' id='block_1_110' title="bbox 344 5827 941 5897">
    <p class='ocr_par' dir='ltr' id='par_1_110' title="bbox 344 5827 941 5897">
     <span class='ocr_line' id='line_1_110' title="bbox 344 5827 941 5897; baseline 0 -17"><span class='ocrx_word' id='word_1_828' title='bbox 344 5828 392 5859; x_wconf 55' lang='grc' dir='ltr'>νε</span> <span class='ocrx_word' id='word_1_829' title='bbox 426 5827 489 5881; x_wconf 87' lang='grc' dir='ltr'><strong>ιιι</strong></span> <span class='ocrx_word' id='word_1_830' title='bbox 526 5828 656 5897; x_wconf 80' lang='lat' dir='ltr'><strong>llcg.</strong></span> <span class='ocrx_word' id='word_1_831' title='bbox 692 5844 817 5895; x_wconf 70' lang='lat' dir='ltr'><strong>xvu,</strong></span> <span class='ocrx_word' id='word_1_832' title='bbox 851 5827 941 5881; x_wconf 67' lang='lat'><strong>25.</strong></span> 
     </span>
    </p>
   </div>
   <div class='ocr_carea' id='block_1_111' title="bbox 1948 4983 3533 5060">
    <p class='ocr_par' dir='ltr' id='par_1_111' title="bbox 1948 4983 3533 5060">
     <span class='ocr_line' id='line_1_111' title="bbox 1948 4983 3533 5060; baseline -0.009 -11"><span class='ocrx_word' id='word_1_833' title='bbox 1948 4994 2147 5049; x_wconf 86' lang='lat' dir='ltr'><strong>fecisse</strong></span> <span class='ocrx_word' id='word_1_834' title='bbox 2176 4990 2280 5045; x_wconf 74' lang='lat' dir='ltr'><strong>Job</strong></span> <span class='ocrx_word' id='word_1_835' title='bbox 2311 4986 2816 5060; x_wconf 85' lang='lat' dir='ltr'><strong>irreprehensibilis</strong></span> <span class='ocrx_word' id='word_1_836' title='bbox 2847 4994 2904 5040; x_wconf 90' lang='lat' dir='ltr'><strong>et</strong></span> <span class='ocrx_word' id='word_1_837' title='bbox 2932 4983 3187 5055; x_wconf 88' lang='lat' dir='ltr'><strong>pudicus,</strong></span> <span class='ocrx_word' id='word_1_838' title='bbox 3224 4998 3349 5037; x_wconf 91' lang='lat' dir='ltr'><strong>cum</strong></span> <span class='ocrx_word' id='word_1_839' title='bbox 3392 4983 3500 5035; x_wconf 88' lang='lat' dir='ltr'><strong>ami</strong></span> <span class='ocrx_word' id='word_1_840' title='bbox 3521 5011 3533 5022; x_wconf 85' lang='lat'><strong>-</strong></span> 
     </span>
    </p>
   </div>
   <div class='ocr_carea' id='block_1_112' title="bbox 1951 5076 3530 5156">
    <p class='ocr_par' dir='ltr' id='par_1_112' title="bbox 1951 5076 3530 5156">
     <span class='ocr_line' id='line_1_112' title="bbox 1951 5076 3530 5156; baseline -0.009 -17"><span class='ocrx_word' id='word_1_841' title='bbox 1951 5085 2032 5139; x_wconf 91' lang='lat' dir='ltr'><strong>cis</strong></span> <span class='ocrx_word' id='word_1_842' title='bbox 2056 5083 2173 5139; x_wconf 89' lang='lat' dir='ltr'><strong>suis</strong></span> <span class='ocrx_word' id='word_1_843' title='bbox 2204 5081 2485 5156; x_wconf 85' lang='lat' dir='ltr'><strong>disserens</strong></span> <span class='ocrx_word' id='word_1_844' title='bbox 2517 5079 2596 5133; x_wconf 89' lang='lat' dir='ltr'><strong>ait</strong></span> <span class='ocrx_word' id='word_1_845' title='bbox 2623 5096 2638 5133; x_wconf 89' lang='lat'><strong>:</strong></span> <span class='ocrx_word' id='word_1_846' title='bbox 2676 5098 2692 5129; x_wconf 78' lang='grc' dir='ltr'><strong>ι</strong></span> <span class='ocrx_word' id='word_1_847' title='bbox 2726 5076 2781 5133; x_wconf 92' lang='lat' dir='ltr'><strong>Si</strong></span> <span class='ocrx_word' id='word_1_848' title='bbox 2809 5088 3059 5135; x_wconf 86' lang='lat' dir='ltr'><strong>secutum</strong></span> <span class='ocrx_word' id='word_1_849' title='bbox 3095 5082 3180 5129; x_wconf 89' lang='lat' dir='ltr'><strong>est</strong></span> <span class='ocrx_word' id='word_1_850' title='bbox 3210 5090 3307 5129; x_wconf 90' lang='lat' dir='ltr'><strong>cor</strong></span> <span class='ocrx_word' id='word_1_851' title='bbox 3345 5089 3530 5127; x_wconf 90' lang='lat' dir='ltr'><strong>meum</strong></span> 
     </span>
    </p>
   </div>
   <div class='ocr_carea' id='block_1_113' title="bbox 1954 5165 3535 5237">
    <p class='ocr_par' dir='ltr' id='par_1_113' title="bbox 1954 5165 3535 5237">
     <span class='ocr_line' id='line_1_113' title="bbox 1954 5165 3535 5237; baseline -0.005 -10"><span class='ocrx_word' id='word_1_852' title='bbox 1954 5173 2244 5228; x_wconf 90' lang='lat' dir='ltr'><strong>mulierem</strong></span> <span class='ocrx_word' id='word_1_853' title='bbox 2267 5170 2372 5225; x_wconf 90' lang='lat' dir='ltr'><strong>viri</strong></span> <span class='ocrx_word' id='word_1_854' title='bbox 2397 5171 2649 5237; x_wconf 87' lang='lat' dir='ltr'><strong>alterius,</strong></span> <span class='ocrx_word' id='word_1_855' title='bbox 2672 5177 2729 5223; x_wconf 90' lang='lat' dir='ltr'><strong>et</strong></span> <span class='ocrx_word' id='word_1_856' title='bbox 2750 5169 2794 5224; x_wconf 92' lang='lat' dir='ltr'><strong>si</strong></span> <span class='ocrx_word' id='word_1_857' title='bbox 2822 5168 3114 5223; x_wconf 84' lang='lat' dir='ltr'><strong>insidiator</strong></span> <span class='ocrx_word' id='word_1_858' title='bbox 3137 5166 3213 5219; x_wconf 78' lang='lat' dir='ltr'><strong>fui</strong></span> <span class='ocrx_word' id='word_1_859' title='bbox 3240 5165 3304 5219; x_wconf 88' lang='lat' dir='ltr'><strong>ad</strong></span> <span class='ocrx_word' id='word_1_860' title='bbox 3331 5167 3535 5236; x_wconf 85' lang='lat' dir='ltr'><strong>januas</strong></span> 
     </span>
    </p>
   </div>
   <div class='ocr_carea' id='block_1_114' title="bbox 1949 5256 3531 5336">
    <p class='ocr_par' dir='ltr' id='par_1_114' title="bbox 1949 5256 3531 5336">
     <span class='ocr_line' id='line_1_114' title="bbox 1949 5256 3531 5336; baseline -0.008 -16"><span class='ocrx_word' id='word_1_861' title='bbox 1949 5267 2091 5336; x_wconf 74' lang='lat' dir='ltr'><strong>eius,</strong></span> <span class='ocrx_word' id='word_1_862' title='bbox 2123 5265 2341 5335; x_wconf 87' lang='lat' dir='ltr'><strong>placeat</strong></span> <span class='ocrx_word' id='word_1_863' title='bbox 2384 5263 2577 5333; x_wconf 90' lang='lat' dir='ltr'><strong>utique</strong></span> <span class='ocrx_word' id='word_1_864' title='bbox 2621 5278 2763 5316; x_wconf 81' lang='lat' dir='ltr'><strong>uxor</strong></span> <span class='ocrx_word' id='word_1_865' title='bbox 2804 5276 2924 5314; x_wconf 88' lang='lat' dir='ltr'><strong>mea</strong></span> <span class='ocrx_word' id='word_1_866' title='bbox 2958 5258 3150 5324; x_wconf 89' lang='lat' dir='ltr'><strong>alteri;</strong></span> <span class='ocrx_word' id='word_1_867' title='bbox 3197 5256 3351 5311; x_wconf 83' lang='lat' dir='ltr'><strong>furor</strong></span> <span class='ocrx_word' id='word_1_868' title='bbox 3380 5256 3531 5311; x_wconf 91' lang='lat' dir='ltr'><strong>enim</strong></span> 
     </span>
    </p>
   </div>
   <div class='ocr_carea' id='block_1_115' title="bbox 1956 5348 3531 5413">
    <p class='ocr_par' dir='ltr' id='par_1_115' title="bbox 1956 5348 3531 5413">
     <span class='ocr_line' id='line_1_115' title="bbox 1956 5348 3531 5413; baseline -0.006 -2"><span class='ocrx_word' id='word_1_869' title='bbox 1956 5360 2052 5413; x_wconf 77' lang='lat' dir='ltr'><strong>ira:</strong></span> <span class='ocrx_word' id='word_1_870' title='bbox 2101 5356 2487 5413; x_wconf 89' lang='lat' dir='ltr'><strong>irretentibills</strong></span> <span class='ocrx_word' id='word_1_871' title='bbox 2537 5364 2621 5411; x_wconf 86' lang='lat' dir='ltr'><strong>est</strong></span> <span class='ocrx_word' id='word_1_872' title='bbox 2678 5352 3054 5410; x_wconf 89' lang='lat' dir='ltr'><strong>contaminare</strong></span> <span class='ocrx_word' id='word_1_873' title='bbox 3101 5366 3327 5405; x_wconf 81' lang='lat' dir='ltr'><strong>uxorem</strong></span> <span class='ocrx_word' id='word_1_874' title='bbox 3387 5348 3531 5413; x_wconf 84' lang='lat' dir='ltr'><strong>viri;</strong></span> 
     </span>
    </p>
   </div>
   <div class='ocr_carea' id='block_1_116' title="bbox 1957 5449 3532 5520">
    <p class='ocr_par' dir='ltr' id='par_1_116' title="bbox 1957 5449 3532 5520">
     <span class='ocr_line' id='line_1_116' title="bbox 1957 5449 3532 5520; baseline -0.007 -17"><span class='ocrx_word' id='word_1_875' title='bbox 1957 5450 2099 5520; x_wconf 87' lang='lat' dir='ltr'><strong>ignis</strong></span> <span class='ocrx_word' id='word_1_876' title='bbox 2132 5449 2281 5505; x_wconf 91' lang='lat' dir='ltr'><strong>enim</strong></span> <span class='ocrx_word' id='word_1_877' title='bbox 2327 5457 2412 5505; x_wconf 89' lang='lat' dir='ltr'><strong>cst</strong></span> <span class='ocrx_word' id='word_1_878' title='bbox 2444 5464 2638 5504; x_wconf 89' lang='lat' dir='ltr'><strong>omnes</strong></span> <span class='ocrx_word' id='word_1_879' title='bbox 2676 5460 3008 5501; x_wconf 90' lang='lat' dir='ltr'><strong>consumens</strong></span> <span class='ocrx_word' id='word_1_880' title='bbox 3055 5451 3241 5514; x_wconf 88' lang='lat' dir='ltr'><strong>partes</strong></span> <span class='ocrx_word' id='word_1_881' title='bbox 3284 5458 3297 5494; x_wconf 91' lang='lat'><strong>:</strong></span> <span class='ocrx_word' id='word_1_882' title='bbox 3340 5456 3532 5510; x_wconf 79' lang='lat' dir='ltr'><strong>quem-</strong></span> 
     </span>
    </p>
   </div>
   <div class='ocr_carea' id='block_1_117' title="bbox 1958 5529 3526 5614">
    <p class='ocr_par' dir='ltr' id='par_1_117' title="bbox 1958 5529 3526 5614">
     <span class='ocr_line' id='line_1_117' title="bbox 1958 5529 3526 5614; baseline -0.012 -16"><span class='ocrx_word' id='word_1_883' title='bbox 1958 5560 2178 5614; x_wconf 90' lang='lat' dir='ltr'><strong>cunque</strong></span> <span class='ocrx_word' id='word_1_884' title='bbox 2206 5541 2505 5607; x_wconf 89' lang='lat' dir='ltr'><strong>adorietur,</strong></span> <span class='ocrx_word' id='word_1_885' title='bbox 2539 5540 2608 5595; x_wconf 90' lang='lat' dir='ltr'><strong>ab</strong></span> <span class='ocrx_word' id='word_1_886' title='bbox 2641 5538 2831 5594; x_wconf 87' lang='lat' dir='ltr'><strong>radice</strong></span> <span class='ocrx_word' id='word_1_887' title='bbox 2864 5537 2979 5607; x_wconf 89' lang='lat' dir='ltr'><strong>ipsa</strong></span> <span class='ocrx_word' id='word_1_888' title='bbox 3015 5536 3164 5589; x_wconf 90' lang='lat' dir='ltr'><strong>hunc</strong></span> <span class='ocrx_word' id='word_1_889' title='bbox 3190 5530 3385 5602; x_wconf 78' lang='lat' dir='ltr'><strong>perdet</strong></span> <span class='ocrx_word' id='word_1_890' title='bbox 3409 5529 3474 5581; x_wconf 79' lang='grc'>⁸⁸.</span> <span class='ocrx_word' id='word_1_891' title='bbox 3509 5550 3526 5578; x_wconf 77' lang='grc' dir='ltr'><strong>ι</strong></span> 
     </span>
    </p>
   </div>
   <div class='ocr_carea' id='block_1_118' title="bbox 1960 5620 3535 5708">
    <p class='ocr_par' dir='ltr' id='par_1_118' title="bbox 1960 5620 3535 5708">
     <span class='ocr_line' id='line_1_118' title="bbox 1960 5620 3535 5708; baseline -0.01 -16"><span class='ocrx_word' id='word_1_892' title='bbox 1960 5638 2162 5693; x_wconf 80' lang='lat' dir='ltr'><strong>Beatus</strong></span> <span class='ocrx_word' id='word_1_893' title='bbox 2197 5638 2422 5708; x_wconf 88' lang='lat' dir='ltr'><strong>insuper</strong></span> <span class='ocrx_word' id='word_1_894' title='bbox 2453 5635 2656 5692; x_wconf 77' lang='lat' dir='ltr'><strong>Paulus</strong></span> <span class='ocrx_word' id='word_1_895' title='bbox 2690 5649 2790 5704; x_wconf 87' lang='lat' dir='ltr'><strong>per</strong></span> <span class='ocrx_word' id='word_1_896' title='bbox 2822 5628 3119 5702; x_wconf 74' lang='lat' dir='ltr'><strong>Epistulam</strong></span> <span class='ocrx_word' id='word_1_897' title='bbox 3159 5626 3417 5682; x_wconf 85' lang='lat' dir='ltr'><strong>admonet</strong></span> <span class='ocrx_word' id='word_1_898' title='bbox 3453 5620 3535 5677; x_wconf 63' lang='lat' dir='ltr'><strong>di!</strong></span> 
     </span>
    </p>
   </div>
   <div class='ocr_carea' id='block_1_119' title="bbox 1018 5822 2078 5891">
    <p class='ocr_par' dir='ltr' id='par_1_119' title="bbox 1018 5822 2078 5891">
     <span class='ocr_line' id='line_1_119' title="bbox 1018 5822 2078 5891; baseline -0.004 -11"><span class='ocrx_word' id='word_1_899' title='bbox 1018 5826 1057 5857; x_wconf 82' lang='grc'><strong>⁵⁷</strong></span> <span class='ocrx_word' id='word_1_900' title='bbox 1099 5825 1199 5879; x_wconf 83' lang='lat' dir='ltr'><strong>lsa.</strong></span> <span class='ocrx_word' id='word_1_901' title='bbox 1234 5839 1339 5887; x_wconf 74' lang='lat' dir='ltr'><strong>LM,</strong></span> <span class='ocrx_word' id='word_1_902' title='bbox 1376 5822 1455 5878; x_wconf 81' lang='grc' dir='ltr'><strong>ιο.</strong></span> <span class='ocrx_word' id='word_1_903' title='bbox 1534 5824 1577 5855; x_wconf 73' lang='grc'><strong>⁵⁸</strong></span> <span class='ocrx_word' id='word_1_904' title='bbox 1617 5824 1717 5880; x_wconf 82' lang='lat' dir='ltr'><strong>Job</strong></span> <span class='ocrx_word' id='word_1_905' title='bbox 1746 5840 1893 5891; x_wconf 69' lang='lat' dir='ltr'><strong>uxr,</strong></span> <span class='ocrx_word' id='word_1_906' title='bbox 1924 5822 2078 5880; x_wconf 73' lang='lat'><strong>9-12.</strong></span> 
     </span>
    </p>
   </div>
  </div>
