4052 6534
668 360 806 425 1495

658 482 836 525 cens:
870 488 887 522 ι
922 469 1167 527 Obsecro
1196 468 1362 542 igitur
1393 488 1513 539 vos,
1547 474 1768 546 fratres,
1804 495 1901 550 per
1929 481 2247 537 misericor-

662 562 811 617 diam
847 562 981 625 Dei,
1032 571 1096 618 ut
1141 564 1451 620 exhibeatis
1495 583 1729 639 corpora
1774 582 1958 628 vestra
2007 574 2245 629 hostiam

664 662 933 722 sanetam,
968 655 1082 711 Deo
1116 656 1259 712 bene
1291 658 1603 729 placentem
1640 664 1706 716 δ’.
1743 684 1761 714 ι
1814 664 2028 737 1059
2070 667 2143 722 Ει
2176 667 2244 722 ad

665 747 851 803 Titum
902 764 919 803 :
975 767 993 799 ι
1042 749 1441 822 Presbyteros,
1500 754 1673 809 sobrii
1725 766 1785 812 ut
1828 758 1972 824 sint,
2018 759 2242 829 pudici,

665 840 843 895 casti:
882 856 1023 895 anus
1066 842 1359 910 similiter,
1406 856 1469 901 ut
1516 848 1630 902 sint
1671 849 1726 902 in
1764 850 1957 904 habitu
2001 850 2245 919 decenti,

667 930 806 986 bene
831 930 1114 999 docentes,
1144 943 1207 989 ut
1241 937 1594 1006 prudentiam
1635 939 1872 996 doceant
1920 942 2245 999 adolescen-

666 1024 831 1089 tulas,
860 1031 921 1078 ut
944 1024 1097 1081 viros
1125 1042 1257 1083 suos
1283 1039 1490 1096 ament,
1526 1030 1667 1086 filios
1704 1032 1932 1104 diligant
1957 1051 1972 1100 ;
2002 1036 2247 1105 pruden-

666 1125 767 1177 tes,
805 1123 983 1172 castas
1006 1117 1073 1172 ⁸ο.
1111 1138 1130 1169 ι
1164 1119 1402 1176 Rursum
1431 1139 1445 1177 :
1480 1142 1497 1174 ι
1530 1124 1600 1181 Ut
1628 1125 1966 1198 abnegantes
1990 1125 2245 1198 impieta-

1930 376 2294 437 ANTIOCHI
2340 378 2684 438 MONACHI

3752 395 3851 457 1196

2280 495 2323 547 Α
2357 483 2686 552 Εὑαγγέλιον
2711 486 3041 560 διαγορεύει,
3066 489 3166 544 καὶ
3194 489 3334 562 αὐτὴ
3365 493 3501 563 χήρα
3518 489 3639 549 οὖσα
3663 498 3722 561 ὡς
3747 504 3848 555 itii»:

2354 576 2684 647 ὀγδοήκοντα
2703 582 3006 653 τεσσάρων,
3031 584 3067 656 ἢ
3092 586 3195 639 οὐκ
3214 586 3473 655 ἀφίστατο
3499 588 3599 640 ἀπὸ
3622 592 3701 643 τοῦ
3721 593 3849 663 ἱεροῦ,

2355 671 2631 738 νηστείαις
2660 673 2755 726 καὶ
2786 675 3005 743 δεήσεσι
3056 676 3398 749 λατρεύουσα
3450 678 3523 749 τῷ
3564 683 3753 754 κυρίην
3781 687 3853 740 καὶ

2348 764 2689 834 προφητείας
2718 767 3034 835 ἀξιωθεῖσα,
3062 771 3199 842 αὐτῇ
3247 774 3313 841 τῇ
3362 771 3478 843 ὥρᾳ
3504 776 3739 829 ἐπιστᾶσα
3760 780 3853 831 ἀνθ-

2347 854 2679 924 ωμολογεῖτο
2703 858 2780 928 τῷ
2811 859 3018 929 Κυρίῳ,
3046 861 3141 913 καὶ
3170 861 3347 915 ἐλάλει
3371 865 3530 916 πᾶσιν
3552 868 3652 927 τοῖς
3676 869 3850 936 προσδε-

2347 947 2599 1016 χομένοις
2624 947 2893 1021 λύτρωσιν
2921 953 2978 1003 ἐν
3012 952 3375 1025 Ἰερουσαλὴμ
3411 958 3535 1027 περὶ
3564 955 3649 1010 τοῦ
3679 960 3850 1028 Κυρεω,

2346 1039 2445 1091 καὶ
2482 1038 2617 1093 Θεοῦ
2663 1043 2759 1095 καὶ
2806 1045 3061 1116 Σωτῆρος
3107 1046 3265 1117 ἡμῶν
3304 1048 3479 1119 Ἰησοῦ
3516 1045 3853 1121 Χριστοῦ·ᾧὴ

2347 1129 2475 1197 δόξα
2504 1134 2586 1197 είς
2611 1135 2738 1197 τοὺς
2760 1135 2988 1201 αἰῶνας.
3013 1138 3068 1191 Ἀ
3081 1140 3210 1210 μήν.

667 1217 774 1263 tem
815 1215 871 1265 et
916 1213 1202 1269 saecularia
1240 1215 1534 1283 desideria,
1566 1219 1751 1275 sobrie
1776 1230 1834 1275 et
1866 1222 2014 1291 juste
2047 1231 2103 1276 et
2148 1221 2241 1291 pie
2279 1223 2531 1280 vivamus
2605 1228 2661 1282 in
2713 1228 2818 1285 hoc
2855 1232 3057 1285 saeculo
3081 1232 3124 1262 “
3156 1274 3173 1290 .
3218 1251 3237 1282 ›
3312 1232 3596 1288 Timotheo
3636 1250 3851 1305 quoque:

667 1319 685 1348 ι
720 1299 930 1358 Viduas
963 1304 1173 1361 honora
1204 1323 1326 1377 qua:
1364 1325 1493 1365 vere
1530 1312 1710 1367 vidum
1735 1322 1864 1368 sunt
1896 1315 1961 1369 ".
2002 1334 2021 1367 ›
2054 1315 2272 1372 lnducit
2304 1334 2317 1370 :
2376 1336 2395 1366 ι
2431 1318 2562 1385 Quae
2597 1329 2781 1378 autem
2826 1339 2957 1378 vere
2998 1325 3164 1380 vidua
3184 1335 3269 1381 est
3292 1334 3348 1381 et
3371 1326 3625 1391 desolata,
3652 1338 3799 1398 speret
3817 1331 3854 1385 in
3954 1368 3955 1398 γ

663 1394 857 1461 Deum,
890 1405 947 1453 et
978 1398 1145 1456 instet
1186 1402 1664 1463 obsecrationibus
1705 1418 1762 1465 et
1796 1413 2145 1473 orationibus
2180 1428 2345 1475 nocte
2390 1429 2447 1474 et
2493 1420 2584 1477 die
2607 1421 2652 1454 ⁸³
2695 1438 2710 1489 ;
2765 1442 2784 1474 ι
2823 1422 3290 1493 quemadmodum
3340 1431 3530 1479 sancta
3591 1424 3673 1478 illa
3724 1427 3854 1493 Anna,

661 1486 771 1543 lilia
804 1488 1072 1557 Phanuel,
1110 1509 1231 1563 qua:
1273 1511 1399 1552 cum
1448 1498 1567 1555 viro
1620 1514 1771 1559 caste
1815 1506 2030 1563 vixerat
2080 1512 2241 1565 annis
2311 1521 2522 1583 septem
2551 1530 2582 1569 a
2615 1514 2931 1585 virginitate
2996 1533 3095 1572 sua
3126 1517 3297 1588 (juxta
3327 1518 3684 1587 evangelicam
3710 1535 3851 1574 nam-

662 1578 913 1651 tionem).
947 1599 967 1633 ι
1002 1583 1069 1638 Ει
1106 1584 1224 1640 haec
1258 1586 1424 1643 vidua
1453 1590 1521 1644 ad
1558 1608 1732 1650 annos
1760 1612 1936 1668 usque
1995 1604 2277 1673 octoginta
2310 1578 2549 1674 quatuor
2607 1578 2894 1676 provecta,
2929 1624 3037 1663 non
3068 1578 3392 1664 discedebat
3425 1578 3499 1664 de
3529 1610 3855 1683 templo,jeju-

658 1672 768 1730 niis
794 1681 852 1728 et
874 1676 1352 1738 obsecrationibus
1368 1686 1617 1743 serviens
1639 1688 1748 1743 Deo
1770 1689 1838 1756 “,
1871 1711 1889 1743 ι
1916 1702 1974 1748 et
1992 1672 2537 1767 prophetico'spiritu
2600 1672 2699 1770 pro
2755 1701 2882 1756 vitae
2941 1701 3137 1756 merito
3162 1702 3460 1765 illustrata,
3493 1719 3511 1751 ι
3547 1699 3721 1755 eadem
3760 1702 3855 1759 hora

658 1774 1056 1840 superveniens
1165 1778 1535 1836 conﬁtebatur
1636 1785 1908 1853 Domino,

656 1863 961 1921 Jerusalem
1004 1868 1070 1932 ⁸³,
1110 1888 1129 1920 ι
1172 1870 1241 1928 de
1290 1872 1524 1931 Domino
1572 1892 1636 1932 ac
1681 1880 1794 1935 Deo
1843 1881 2235 1941 et-Salvatore

658 1954 802 2009 cula.
823 1955 1017 2012 Amen.

1216 2055 1502 2114 HOMILIA
1535 2060 1675 2116 XXI.

1225 2170 1301 2224 De
1349 2174 1673 2245 virginitate.

732 2277 1053 2349 Virginitas,
1079 2285 1393 2356 propinqua
1423 2291 1786 2358 germanitate
1812 2294 2055 2351 cohaeret
2081 2299 2246 2352 casti-

664 2370 784 2424 tati.
820 2371 918 2426 Est
941 2381 1124 2429 autem
1154 2376 1258 2432 hac
1283 2388 1339 2433 et
1366 2380 1583 2435 caeteris
1607 2384 1859 2452 partibus
1886 2387 2243 2445 continentia:

662 2460 1191 2535 superiorzquippe
1237 2483 1360 2537 quae
1407 2486 1533 2525 cum
1576 2473 1786 2544 angelis
1815 2475 1950 2545 ipsis
1993 2480 2243 2548 proxime

662 2554 1035 2624 congreditur,
1060 2572 1124 2612 ac
1153 2558 1266 2613 Deo
1295 2562 1633 2633 propinquat
1657 2581 1757 2635 per
1780 2566 2153 2638 integritatem
2179 2587 2243 2627 ac

664 2644 1011 2702 munditiam.
1049 2647 1169 2703 Non
1208 2650 1377 2720 igitur
1406 2654 1703 2711 mediocris
1733 2661 2109 2730 praerogativa:
2134 2672 2240 2728 est,

664 2737 940 2804 possessio
957 2739 1312 2809 virginitatis,
1334 2745 1596 2814 angelicae
1618 2747 1875 2816 puritatis
1896 2752 2093 2807 aemula
2115 2768 2241 2809 cum

662 2828 747 2895 sit,
786 2844 963 2901 eoque
988 2834 1249 2889 caelestis.
1280 2835 1521 2907 Hujusce
1546 2838 1682 2894 dicti
1717 2842 1825 2896 mei
1857 2854 2240 2912 argumentum

662 2928 767 2987 est,
799 2922 947 2993 quod
977 2939 1088 2979 non
1114 2941 1288 2996 usque
1318 2928 1457 2983 adeo
1491 2940 1805 3001 promptum
1836 2934 1926 2999 sit,
1958 2934 2011 2990 in
2036 2935 2243 2993 divinis

662 3011 889 3069 Litteris
919 3017 1232 3086 quempiam
1259 3018 1537 3077 invenisse
1565 3023 1659 3092 qui
1689 3025 1902 3093 perpeti
1934 3034 2123 3082 tenore
2150 3043 2240 3083 se-

663 3103 908 3159 cundum
937 3122 1058 3161 eam
1106 3109 1275 3162 vitam
1306 3110 1631 3179 instituerit,
1662 3122 1758 3168 aut
1785 3116 1958 3185 ipsam
1995 3118 2240 3176 illustra-

668 3196 738 3249 rit
761 3196 981 3254 virtutis
1006 3201 1229 3255 nomine
1252 3210 1379 3258 ante
1407 3204 1603 3275 legem.
1628 3205 1734 3261 Sed
1760 3223 1829 3263 ne
1858 3209 1995 3280 legis
2015 3212 2239 3281 quidem

668 3298 936 3358 tempore,
966 3289 1125 3345 facile
1158 3293 1282 3362 quis
1311 3294 1481 3348 ullum
1515 3308 1822 3364 enumeret,
1851 3300 1959 3355 nisi
1984 3303 2238 3373 angelum

660 3380 818 3436 illum
880 3391 1240 3450 terrestrem,
1301 3403 1365 3443 ac
1420 3389 1580 3458 plane
1619 3392 1898 3449 cmlestem
1956 3396 2238 3452 hominem

664 3471 838 3526 Eliam
887 3472 1229 3542 Thesbitem,
1274 3487 1331 3532 et
1376 3479 1540 3550 hujus
1587 3481 1919 3552 discipulum
1962 3486 2239 3543 Eliszeum.

663 3563 759 3618 llis
795 3563 937 3619 forte
986 3568 1367 3624 accensendus
1411 3571 1565 3626 venit
1595 3572 1885 3630 Jeremias.
1915 3576 2069 3632 Alios
2111 3579 2243 3635 item

662 3656 788 3724 quis
819 3656 1051 3713 fortasse
1084 3659 1432 3727 adnumeret,
1463 3663 1561 3717 sed
1596 3663 1742 3719 inter
1772 3668 2073 3737 pr0phetas
2102 3671 2244 3727 adde

663 3746 751 3802 his
779 3747 1044 3804 eximium
1083 3750 1236 3807 illum
1272 3753 1328 3808 in
1362 3754 1656 3811 mulierum
1692 3759 1859 3824 natis,
1890 3760 2103 3818 Veteris
2130 3753 2242 3819 No-

663 3840 827 3909 vique
845 3840 1183 3899 Testamenti
1208 3846 1593 3904 mediatorem.
1623 3850 1725 3905 llic
1756 3851 1970 3925 integer
1993 3871 2059 3910 ac
2077 3872 2243 3913 verus

662 3946 896 4004 corpore
931 3934 1096 3990 simul
1127 3944 1184 3991 et
1211 3939 1408 4007 spiritu
1443 3940 1597 4012 virgo
1640 3958 1767 3998 cum
1812 3957 1979 4011 esset,
2014 3947 2084 4003 ob
2118 3948 2244 4004 vita:

663 4023 1039 4081 sinceritatem
1068 4042 1134 4082 ac
1163 4028 1491 4085 munditiam
1533 4049 1645 4087 non
1678 4036 1863 4091 vocari
1905 4038 2080 4092 solum
2110 4055 2241 4109 pro-

664 4115 870 4170 meruit
896 4118 1108 4174 amicus
1139 4121 1348 4190 sponsi,
1395 4122 1491 4178 sed
1537 4132 1594 4180 et
1634 4125 1836 4197 dignus
1877 4129 2100 4185 habitus
2146 4130 2241 4201 qui

662 4207 841 4275 ipsum
882 4208 1172 4265 Dominum
1212 4212 1454 4284 lymphis
1487 4217 1722 4288 tingeret
1756 4222 1897 4276 sacri
1947 4222 2245 4293 baptisma-

664 4299 757 4354 iis.
790 4298 900 4357 Hos
932 4311 1153 4373 praeter.
1201 4321 1363 4361 nemo
1405 4310 1746 4377 argumentis
1779 4314 2033 4381 evicerit,
2069 4317 2243 4372 ullum

662 4404 762 4459 per
790 4388 1162 4462 virginitatem
1203 4397 1469 4465 probasse
1514 4415 1572 4455 se
1620 4400 1754 4469 Deo,
1799 4419 1991 4460 eorum
2030 4407 2125 4478 qui
2153 4409 2239 4463 vel

662 4481 1058 4553 legislationem
1110 4487 1459 4556 prmiverint,
1520 4493 1607 4548 vel
1657 4494 1898 4551 vixerint
1947 4499 2051 4553 sub
2098 4500 2238 4571 lege.

662 4571 898 4628 Proinde
927 4575 1073 4644 apud
1105 4578 1339 4648 gentiles
1379 4581 1540 4652 (adde
1566 4593 1622 4638 ct
1653 4601 1751 4640 eos
1780 4587 1873 4656 qui
1906 4589 1959 4643 in
1994 4590 2081 4645 his
2122 4592 2243 4660 phi-

665 4664 875 4736 losophi
940 4666 1227 4741 dicuntur)
1280 4688 1393 4727 non
1448 4675 1625 4731 solum
1686 4678 1973 4749 virginitas
2023 4681 2239 4737 sincera

661 4776 943 4831 nunquam
970 4778 1130 4819 suum
1160 4766 1409 4821 exseruit
1442 4769 1823 4838 splendorem;
1862 4772 1956 4827 sed
1983 4789 2088 4829 nec
2119 4791 2242 4831 cre-

661 4852 802 4907 dunt
832 4854 1005 4909 ullum
1038 4856 1320 4913 hominem
1357 4861 1613 4930 corporis
1655 4861 1953 4934 fragilitate
1996 4866 2241 4922 circum-

662 4945 850 5001 datum
882 4949 1125 5018 propriis
1171 4950 1320 5006 illam
1352 4954 1701 5024 perspexisse
1735 4957 1932 5012 oculis.
1966 4958 2097 5015 Jure
2127 4959 2182 5015 id
2225 4977 2238 5015 :

661 5055 772 5109 quo
799 5040 946 5096 enim
981 5049 1142 5112 pacto
1182 5042 1274 5098 isti
1319 5045 1481 5100 tidem
1527 5048 1884 5105 commodent
1908 5051 1978 5105 de
2011 5052 2243 5124 virgini-

662 5133 774 5180 tate
807 5125 1127 5196 disserenti,
1176 5131 1268 5201 qui
1310 5132 1446 5189 deos
1477 5150 1607 5191 suos
1644 5137 1812 5193 totius
1856 5140 2138 5209 spurcitia:
2186 5152 2244 5197 et

661 5218 1044 5276 obscmnitatis
1096 5223 1363 5279 tutelares
1413 5236 1678 5296 patronos
1724 5232 2104 5289 constituunt?
2148 5235 2240 5305 qui

660 5328 955 5382 porcorum
991 5314 1187 5379 instar,
1234 5333 1334 5387 per
1372 5335 1594 5376 omnem
1637 5322 2018 5393 impuritatem
2055 5326 2243 5382 tradu-

660 5413 795 5460 cunt
834 5406 1004 5461 vitam
1039 5406 1500 5479 ﬂagitiosissime?
1527 5414 1701 5470 Judmi
1735 5432 1912 5487 usque
1954 5418 2140 5485 hodie,
2177 5435 2245 5474 ne

659 5500 835 5556 salute
860 5500 1088 5571 quidem
1115 5502 1413 5574 dignantur
1438 5506 1833 5578 virginitatem,
1867 5511 2081 5581 1060
2108 5514 2245 5570 adeo

658 5588 767 5645 non
791 5599 1075 5648 exercent.
1100 5592 1267 5665 Atqui
1298 5611 1423 5651 cum
1451 5597 1597 5667 apud
1622 5614 1727 5655 nos
1751 5598 2095 5659 Christianos
2118 5619 2244 5675 per-

729 5754 773 5781 ”
808 5750 966 5805 Rom.
994 5768 1089 5814 xu,
1118 5751 1168 5805 l.
1278 5753 1327 5785 ⁸ο
1360 5753 1465 5807 Tit.
1503 5770 1558 5817 η,
1596 5755 1649 5817 9.,
1684 5757 1736 5809 5.

2003 1798 2063 1844 et
2158 1792 2490 1861 loquebatur
2589 1796 2848 1851 omnibus
2946 1796 3399 1866 exspectantibus
3492 1795 3853 1867 redemptionem

2274 1895 2465 1943 nostro
2521 1886 2651 1944 Jesu
2682 1886 2935 1957 Christo;
2967 1890 3057 1943 cui
3088 1888 3263 1960 gloria
3291 1901 3347 1943 et
3402 1885 3683 1958 imperium
3713 1888 3757 1944 in
3782 1904 3849 1945 sa-

2274 2070 2320 2128 B
2942 2072 3159 2126 ΛΟΓΟΣ
3198 2072 3329 2126 KA'.

2876 2188 3014 2255 Περὶ
3042 2188 3395 2256 παρθενίας.

2431 2294 2494 2349 Ἡ
2523 2295 2799 2368 παρθενία
2831 2278 3125 2369 πλησιάζει
3161 2299 3261 2367 μὲν
3294 2301 3363 2369 τῇ
3412 2300 3740 2373 σωφροσύνῃ,
3763 2302 3855 2355 ἀνω-

2342 2385 2479 2459 τέρα
2509 2386 2567 2441 δὲ
2598 2387 2696 2441 καὶ
2728 2389 2904 2460 αὐτῆς
2933 2391 3028 2444 καὶ
3066 2390 3175 2443 τῶν
3212 2390 3421 2443 λοιπῶν
3466 2391 3670 2460 ἀρετῶν
3704 2393 3853 2460 tuui-

2345 2496 2532 2543 νουσα,
2572 2483 2687 2542 τοῖς
2720 2480 2977 2550 ἀγγέλοις
3020 2482 3446 2553 συναμιλλᾶται,
3496 2484 3589 2536 καὶ
3630 2483 3734 2553 Θεῷ
3761 2485 3853 2554 πλη-

2347 2571 2522 2634 σιάζει
2553 2571 2644 2624 διὰ
2677 2571 2776 2643 τὴν
2802 2572 3170 2644 καθαρότητα.
3203 2575 3363 2643 Μέγα
3393 2571 3490 2628 οὗν
3521 2575 3596 2638 ὡς
3626 2575 3855 2645 ἀληθῶςτὺ

2344 2664 2531 2734 κτῆμα
2560 2665 2659 2734 τῆς
2683 2664 3004 2737 παρθενίας,
3038 2667 3133 2719 καὶ
3171 2666 3501 2735 ἀγγελικδν,
3538 2668 3628 2720 καὶ
3650 2666 3854 2739 οὐράνιον.

2345 2756 2658 2827 Τεκμήριον
2690 2755 2769 2823 δὲ,
2791 2757 2875 2810 ὅτι
2899 2757 2961 2810 οὐ
2990 2757 3203 2828 ταχέως
3234 2761 3292 2812 ἐν
3325 2761 3450 2822 ταῖς
3483 2759 3651 2822 θείαις
3676 2760 3857 2829 Γραφαίς

2344 2846 2675 2917 εὑρίσκομεν
2712 2845 2885 2919 ταύτῃ
2932 2850 2997 2919 τῇ
3046 2851 3216 2920 ἀρετῇ
3256 2850 3637 2923 διαπρέψαντα
3678 2852 3764 2923 πρὸ
3792 2850 3858 2904 τοῦ

2344 2940 2534 3011 νόμου.
2567 2940 2679 2994 Καὶ
2733 2942 2792 2993 ὲν
2841 2939 2920 3011 τῷ
2967 2941 3119 3011 νόμῳ
3166 2941 3225 2995 δὲ
3263 2943 3369 2995 οὐκ
3408 2943 3477 2996 ἂν
3514 2944 3608 3014 ἔχῃ
3634 2961 3707 3006 τις
3734 2945 3859 2996 εἰπεῖν

2342 3051 2486 3098 τινα,
2536 3035 2586 3087 εί
2638 3034 2712 3103 μὴ
2768 3034 2862 3088 τὸν
2912 3034 3158 3103 ἐπίγειον
3214 3036 3479 3105 ἄγγελον,
3535 3038 3625 3091 καὶ
3668 3038 3859 3109 οὐράνιον

2342 3126 2631 3198 ἄνθρωπον
2676 3126 2867 3180 Ἠλίαν
2890 3127 2984 3181 τὸν
3014 3127 3303 3198 Θεσϐίτην,
3332 3131 3434 3182 καὶ
3466 3131 3557 3185 τὸν
3590 3130 3755 3184 τούτου
3779 3147 3860 3198 φοι-

2341 3220 2511 3289 τητὴν
2551 3218 2858 3273 Ἐλισσαῖον
2886 3232 2900 3247 ⁸
2956 3220 3098 3290 τάχα
3138 3221 3198 3274 δὲ
3233 3223 3329 3276 καὶ
3368 3222 3660 3293 Ἱερεμίαν,
3698 3221 3774 3277 καὶ
3796 3222 3861 3277 ἆλ-

2342 3309 2469 3373 λους
2505 3310 2657 3374 τινας
2688 3310 3091 3383 εὐαριθμήτους
3118 3313 3175 3366 ὲν
3204 3316 3319 3376 τοῖς
3351 3316 3683 3385 προφήταις,
3709 3314 3859 3367 καὶτὸν

2268 3439 2312 3498 c
2349 3402 2523 3472 μέγαν
2554 3401 2611 3454 ἑν
2634 3404 2917 3470 γεννητοῖς
2940 3403 3218 3472 γυναικῶν
3239 3404 3657 3498 γενόμενον,τὸν
3679 3405 3859 3498 (luisti;
3954 3401 3955 3433 ἶ

2345 3492 2441 3546 καὶ
2476 3493 2686 3563 Καινῆς
2710 3492 2996 3564 Διαθήκης
3031 3494 3279 3567 μεσίτην.
3317 3489 3497 3559 Οὗτος
3529 3496 3635 3566 γὰρ
3670 3496 3860 3567 ἀληθινὸς

2346 3583 2640 3654 παρθένος,
2692 3583 2909 3655 σώματι
2963 3585 3058 3639 καὶ
3108 3586 3428 3656 πνεύματι·
3478 3588 3538 3650 ὃς
3579 3588 3736 3641 διὰτὸ
3771 3585 3860 3638 εἰλι-

2347 3675 2551 3745 κρινὲς,
2596 3676 2692 3729 καὶ
2730 3675 2791 3729 τὸ
2826 3675 3073 3748 καθαρὸν
3115 3676 3213 3730 τοῦ
3269 3677 3417 3747 βίου,
3462 3680 3525 3733 οὐ
3577 3681 3721 3749 μόνον
3755 3678 3860 3747 φίλος

2342 3764 2439 3818 τοῦ
2492 3764 2732 3835 νυμφίου
2779 3764 3009 3837 ἐκλήθη,
3054 3765 3195 3820 ἀλλὰ
3245 3768 3340 3820 καὶ
3396 3768 3564 3821 αὐτὸν
3610 3764 3858 3836 κατηξιώθη

2346 3854 2607 3925 βαπτίσαι
2655 3854 2747 3909 τὸν
2795 3854 3025 3927 Κύριον.
3078 3856 3190 3910 Καὶ
3239 3857 3416 3912 πλείω
3462 3861 3680 3923 τούτων,
3721 3856 3861 3909 ούκᾶν

2343 3964 2427 4011 τις
2452 3946 2628 4017 δείξῃ,
2654 3950 2713 4001 ὲν
2740 3949 2854 4011 τοῖς
2876 3947 2983 4017 πρὸ
3010 3948 3179 4014 νόμου
3208 3950 3304 4001 καὶ
3329 3949 3487 4021 νόμῳ
3516 3952 3680 4012 τινας,
3703 3949 3774 4000 διὰ
3794 3946 3862 4013 τῆς

2344 4038 2650 4109 παρθενίας
2691 4037 2770 4108 τῷ
2812 4037 2932 4110 Θεῷ
2979 4038 3484 4111 εύαρεστήσαντας.
3528 4037 3861 4112 ΠαρὰδὲἮλ-

2344 4129 2502 4201 λησιν
2539 4130 2634 4184 καὶ
2678 4130 2865 4193 αὐτοῖς
2911 4129 3229 4201 λεγομένοις
3277 4132 3465 4186 αὐτῶν
3500 4128 3862 4202 φιλοσόφοις,ού

2348 4222 2507 4291 μόνον
2535 4220 2592 4274 δὲ
2620 4222 2705 4276 ὅτι
2750 4220 2964 4275 οὐδέπω
3006 4222 3179 4292 ἐφάνη
3218 4222 3519 4293 παρθενία,
3549 4222 3658 4276 ἀλλ’
3681 4220 3783 4276 οὐδὲ
3802 4237 3863 4271 πι-

2346 4310 2628 4365 στεύουσιν
2653 4330 2774 4366 τινα
2800 4311 3093 4384 ἄνθρωπον
3126 4312 3289 4385 σῶμα
3313 4315 3715 4385 περικείμενον,
3739 4309 3863 4379 ταύτῃ

2343 4404 2794 4475 ἀντοφθώμῆσαι
2821 4422 2835 4437 ο
2866 4406 2961 4460 καὶ
2981 4405 3241 4471 δικαίωςο
3274 4408 3394 4471 πῶς
3420 4408 3532 4478 γὰρ
3566 4405 3864 4461 πιστεύσωσιν

2344 4494 2474 4565 περὶ
2499 4494 2826 4566 παρθενίας,
2867 4494 2918 4546 oi
2956 4494 3026 4547 τὰ
3058 4495 3261 4566 αἰσχρὰ
3297 4495 3450 4566 πάθη
3483 4497 3861 4565 θεοποιήσαντεςν

2345 4586 2439 4639 καὶ
2490 4585 2648 4653 δίκην
2693 4585 2893 4657 χοίρων
2930 4587 3420 4659 ὲμπολιτευόμενοι
3474 4590 3625 4662 πάσῃ
3666 4583 3863 4652 ἀσελγεᾏ

2344 4677 2439 4731 καὶ
2492 4677 2787 4749 ἀκολασίᾳ;
2855 4679 3098 4733 Ἰουδαῖοι
3152 4679 3209 4732 δὲ
3268 4680 3436 4751 μέχρι
3488 4682 3589 4750 τῆς
3643 4681 3859 4748 σήμερον.

2277 4773 2317 4826 ι)
2349 4770 2649 4839 παρθενίαν
2680 4772 2779 4842 μὲν
2810 4770 2934 4824 οὔτε
2975 4772 3334 4839 ἀσπάζονται,
3384 4774 3513 4826 οὔτε
3548 4772 3858 4842 μετέρχονται.

2348 4863 2487 4933 Παρ⁴
2526 4865 2660 4934 ἡμῖν
2705 4864 2763 4918 δὲ
2796 4866 2914 4927 τοῖς
2964 4864 3312 4934 Χριστιανοῖς
3370 4865 3611 4937 ὁρῶντες
3659 4860 3858 4916 ἀνθοῦσαν

2342 4954 2483 5008 κατὰ
2516 4957 2699 5009 πᾶσαν
2745 4955 2847 5028 τὴν
2890 4956 3240 5026 οἰκουμένην,
3291 4963 3387 5010 καὶ
3426 4952 3856 5027 ἐμπολιτευομένων

2340 5048 2430 5102 διὰ
2464 5050 2647 5120 πάσης
2691 5048 2927 5120 ἡλικίας,
2975 5053 3258 5123 τήκονται,
3309 5051 3455 5105 κατὰ
3501 5051 3564 5103 τὸ
3611 5046 3853 5120 εἰρημένον.

2349 5159 2366 5192 ⁸
2408 5140 2761 5213 Ἀμαρτωλὸς
2786 5143 3001 5211 ὄψεται,
3031 5145 3128 5199 καὶ
3165 5145 3555 5215 ὀργισθήσεται
3581 5158 3597 5173 ⁸
3628 5141 3743 5202 τοὺς
3765 5135 3858 5189 WH-

2343 5251 2441 5296 τας
2480 5233 2646 5288 αὐτοῦ
2697 5234 2903 5305 βρύξει,
2953 5238 3047 5290 καὶ
3081 5237 3400 5307 τακήσεται.
3435 5254 3453 5286 ι
3501 5235 3623 5304 Ἀφ’
3667 5226 3722 5285 οὗ
3750 5228 3862 5298 τάρο

2342 5324 2549 5397 Κύριος
2604 5327 3002 5399 ἡμῶνΊησοῦς
3051 5328 3311 5400 Χριστὸς,
3368 5330 3395 5381 ὁ
3448 5326 3546 5380 τοῦ
3603 5323 3728 5379 Θεοῦ
3778 5319 3863 5377 liii;

2339 5419 2647 5489 ηὐδόκησεν
2695 5421 2760 5475 ὲκ
2808 5420 2909 5491 τῆς
2957 5421 3120 5491 ἁγίας
3160 5422 3427 5491 ἀχράντου
3485 5420 3759 5513 Beardaneu,

2340 5512 2705 5585 ἁειπαρθένου
2755 5514 2977 5583 Μαρίας
3025 5513 3104 5584 τῷ
3153 5515 3347 5585 κόσμῳ
3412 5510 3757 5604 ἐπιφανῆναι,
3797 5510 3865 5604 καὶ

2343 5604 2543 5660 ἔδωκεν
2570 5608 2706 5677 ἡμῖν
2746 5605 2997 5673 ἐξουσίαν
3042 5607 3185 5660 κατὰ
3224 5605 3318 5659 τοῦ
3364 5604 3627 5664 διαϐόλου,
3671 5601 3866 5667 εὐχερῶς

1842 5758 1885 5789 ⁶¹
1926 5758 2058 5812 ibid.
2096 5760 2177 5818 1'2,
2209 5760 2314 5819 vel.
2347 5770 2397 5812 ut
2431 5761 2689 5833 abnrgata
2716 5764 2984 5833 impietate
3022 5772 3075 5833 et
3108 5756 3749 5833 swathribus‘dc‘sidgriii.
3780 5758 3862 5805 Cic-

662 5819 891 5877 thetur
932 5822 1021 5878 hic
1049 5822 1217 5877 sobrie
1250 5839 1369 5895 pro,
1392 5835 1529 5879 castc
1553 5835 1602 5880 et
1630 5826 1831 5896 pudice,
1865 5829 2024 5884 sumi.
2085 5831 2126 5862 ⁵³
2164 5831 2182 5885 l
2217 5830 2357 5887 Tim.
2385 5848 2436 5898 ν,
2466 5833 2519 5887 5.

2629 5834 2672 5866 ⁸³
2702 5822 2834 5887 ibid.
2868 5834 2920 5887 ὕ.
2998 5832 3187 5887 “Luc.
3214 5850 3269 5898 ιι,
3293 5831 3380 5886 57.
3441 5830 3488 5862 ⁸³
3524 5827 3649 5884 ibid.
3675 5822 3752 5879 58.
