4052 6576
402 345 537 408 1497

1364 360 1692 420 IIOMILIA
1732 361 1891 421 XXI.
1927 386 1995 394 -
2032 359 2128 420 DE
2166 355 2695 419 VIRGINITATE.

3536 348 3672 412 1498

398 457 688 523 ἕξανύεται
716 461 881 515 παντὶ
923 462 1001 533 τῷ
1035 464 1381 537 βουλομένῳ·
1432 470 1654 540 τοιαύτη
1689 472 1789 540 τῆς
1835 487 1979 541 παρ-

2095 466 2324 538 ιρὶοἱοιιι
2358 475 2472 521 ιοιο
2508 473 2782 519 terrarum
2826 463 2963 517 orbe
3004 478 3125 516 eam
3168 478 3338 516 suave
3371 464 3679 531 fragrantes

400 550 581 615 θενίας
613 552 646 623 ἡ
674 553 867 625 ἀρετή.
913 555 1051 609 Ἀλλ’
1075 558 1155 611 ὅτι
1195 558 1296 627 μὲν
1329 560 1474 630 μέγα
1517 562 1579 615 τὸ
1625 562 1979 632 κατόρθωμα,

400 642 495 694 καὶ
530 643 752 713 μείζονα
782 646 851 699 τά
881 647 939 699 ὲν
987 648 1344 717 ἐπαγγελίαις
1389 653 1730 724 ἀποκείμενα
1780 654 1983 723 ἀγαθὰ,

399 738 514 800 τοῖς
544 736 806 805 ἀγαπῶσι
852 739 944 792 τὸν
976 740 1109 794 Θεὸν
1148 744 1317 796 πᾶσιν
1349 744 1639 815 πρόδηλον.
1673 747 1986 816 Ἀμήχανον

401 830 456 882 δὲ
483 831 656 901 χωρὶς
680 832 906 904 ἀγάπης
942 834 1077 889 Θεοῦ
1101 838 1197 891 καὶ
1221 840 1754 910 ταπεινοφροσύνης,
1784 841 1985 909 φθάσαι

402 920 524 973 τινὰ
557 923 640 985 είς
666 922 728 975 τὸ
754 921 889 993 ὕψος
922 926 1023 995 τῆς
1051 926 1311 1000 τοιαύτης
1348 929 1571 1000 ἀρετῆς,
1606 930 1682 993 ὡς
1718 934 1990 1003 μαρτυρεί

403 1012 540 1084 αὐτὴ
564 1016 596 1085 ἡ
620 1016 986 1088 πανάμωμος,
1019 1019 1115 1071 καὶ
1144 1020 1514 1091 πανύμνητος,
1550 1023 1643 1076 καὶ
1670 1024 1990 1090 πανένδοξος

403 1102 666 1167 Θεοτόκος
694 1105 898 1178 ᾅδουσα
926 1126 938 1139 ο
971 1127 989 1160 ι
1025 1110 1335 1178 Μεγαλύνει
1363 1114 1395 1183 ἡ
1436 1106 1578 1184 ψυχή
1612 1132 1715 1184 μου
1741 1115 1831 1169 τὸν
1875 1116 1991 1170 Κύ-

408 1210 544 1264 ριον,
584 1196 683 1248 καὶ
711 1196 1010 1265 ἡγαλλίασε
1040 1200 1102 1253 τὸ
1132 1200 1351 1271 πνεῦμά
1384 1220 1488 1271 μου
1532 1204 1624 1257 ἐπὶ
1666 1204 1743 1274 τῷ
1769 1204 1888 1276 Θεῷ
1915 1206 1992 1275 τῷ

405 1286 621 1358 Σωτῆρί
670 1305 809 1358 μουο
852 1310 872 1343 ι
907 1291 1002 1362 τὴν
1033 1293 1181 1346 θείαν
1224 1295 1448 1365 ἀγάπην
1495 1297 1858 1366 ἐμφαίνουσα.
1886 1300 1995 1352 Καὶ

405 1377 608 1443 εὐθέως
634 1394 649 1409 ’
694 1399 713 1433 ι
736 1381 857 1434 ’Ὁτι
909 1383 1212 1454 ἐπέὸλεψεν
1250 1387 1345 1439 ἐπὶ
1374 1388 1474 1457 τὴν
1526 1388 1859 1443 ταπείνωσιν
1895 1391 1995 1460 τῆς

402 1471 597 1544 δούλης
627 1474 819 1531 αὐτοῦ.
853 1495 871 1528 ι
900 1478 1011 1531 Καὶ
1041 1477 1197 1542 αὖθις
1218 1496 1232 1509 ·
1259 1499 1276 1532 ι
1304 1479 1570 1534 Καθεῖλεν
1590 1482 1861 1546 δυνάστας
1888 1483 1996 1536 ἀπὸ

406 1563 634 1634 θρόνων,
669 1567 763 1618 καὶ
806 1566 1023 1642 ὕψωσεν
1047 1569 1361 1634 ταπεινοὺς,
1399 1589 1417 1622 ι
1466 1570 1562 1623 καὶ
1594 1571 1664 1624 τά
1703 1571 1850 1641 ἑξῆς.
1886 1572 1996 1626 Καὶ

404 1657 544 1729 πρὸς
570 1660 664 1711 τὸν
689 1659 931 1731 Γαϐριὴλ
961 1660 1227 1732 πρότερον
1247 1677 1263 1693 ο
1294 1679 1313 1712 ι
1337 1662 1468 1715 ’ἰδοὺ
1502 1665 1534 1734 ἡ
1567 1663 1730 1735 δούλη
1764 1664 1994 1735 Κυρίου,

405 1749 622 1817 γένοιτό
653 1767 746 1818 μοι
780 1751 921 1805 κατὰ
948 1752 1012 1806 τὸ
1043 1753 1197 1823 ῥῆμά
1228 1770 1345 1807 σου.
1378 1773 1397 1805 ι

2084 571 2141 614 et
2175 574 2521 628 peramoenos
2567 557 2733 610 ﬂores
2761 571 3010 619 exerere,
3058 571 3125 608 ac
3157 571 3255 624 per
3286 569 3507 608 onmem
3543 562 3676 607 a-ta-

2089 664 2197 708 tem
2234 651 2465 721 pulchre
2498 650 2612 719 regi
2642 658 2699 703 et
2730 647 2911 702 otﬁcio
2938 647 3115 716 fungi,
3152 646 3241 700 isti
3283 662 3384 716 per
3415 645 3677 699 invidiam

2087 746 2407 814 eliquantur
2442 727 2644 797 misere
2686 750 2742 796 et
2771 741 3195 802 contabescunt,
3213 741 3366 809 juxta
3393 738 3679 807 Propheta:

2089 836 2467 892 sententiam:
2506 855 2525 886 ι
2566 836 2833 890 Peccator
2864 834 3077 889 videbit
3115 841 3173 887 et
3215 833 3507 895 irascetur,
3539 831 3680 885 den-

2091 930 2239 984 tibus
2273 930 2387 984 suis
2425 929 2627 983 fremet
2659 938 2717 983 et
2750 928 2998 983 tabescet
3028 930 3095 981 ⁶⁶.
3130 946 3147 978 ι
3177 927 3257 980 Ex
3287 939 3397 994 quo
3434 933 3681 993 tempore

2092 1022 2360 1076 Dominus
2392 1031 2586 1076 noster
2610 1020 2773 1075 Jesus
2813 1018 3069 1075 Christus
3103 1019 3199 1072 Dei
3239 1017 3409 1071 Filius
3444 1030 3541 1071 sua
3588 1029 3681 1069 so-

2092 1114 2199 1168 lius
2234 1129 2359 1183 erga
2392 1128 2494 1167 nos
2519 1111 2861 1182 benignitate
2892 1126 2961 1165 ex
3000 1119 3159 1163 utero
3192 1108 3367 1162 voluit
3396 1115 3601 1161 sancta
3626 1112 3685 1161 et

2094 1207 2435 1261 intemerata:
2463 1204 2713 1274 Deiparae
2739 1218 2961 1273 semper
2990 1201 3224 1272 virginis
3254 1200 3457 1265 Mariae,
3484 1216 3585 1255 suo
3613 1198 3683 1253 ad

2094 1316 2196 1355 nos
2243 1298 2484 1354 adventu
2523 1298 2890 1352 inclarescere
2943 1296 3173 1358 mundo,
3220 1295 3496 1362 simulque
3535 1292 3685 1346 vires

2096 1391 2369 1462 suggessit
2398 1389 2603 1460 quibus
2647 1389 3000 1444 obluctemur
3037 1387 3259 1442 diabolo
3288 1405 3301 1439 :
3332 1385 3490 1440 facile
3522 1385 3684 1439 dein-

2096 1498 2227 1552 ceps
2258 1483 2329 1537 sit
2358 1484 2623 1538 virtutem
2654 1481 2927 1552 perlicere
2952 1480 3307 1551 virginitatis,
3347 1478 3511 1533 modo
3540 1478 3588 1531 is
3616 1493 3686 1532 ex

2096 1574 2281 1628 animo
2328 1575 2483 1637 velit.
2534 1583 2593 1629 nt
2637 1575 2812 1629 ardua
2861 1574 2934 1628 sit
2982 1573 3193 1627 functio
3227 1572 3454 1626 virtutis
3487 1570 3686 1625 istius..

2097 1666 2193 1721 sed
2238 1675 2293 1723 et
2322 1683 2443 1737 qum
2487 1668 2652 1722 bonis
2702 1676 2815 1722 toto
2863 1676 3088 1736 pectore
3117 1667 3291 1719 Deum
3327 1663 3686 1733 diligentibus

2098 1775 2199 1829 per
2231 1760 2726 1830 repromissionem
2760 1759 3001 1829 reposita
3026 1766 3178 1825 sunt,
3212 1757 3350 1812 nulli
3381 1756 3683 1810 obscurum

404 1844 564 1915 longe
600 1859 722 1900 esse
772 1847 1178 1915 praestantiora.
1228 1848 1377 1902 Nulli
1414 1858 1592 1904 tamen
1623 1850 1889 1919 possibile
1959 1851 2026 1906 ad
2070 1862 2235 1909 tanta:
2276 1855 2502 1909 virtutis
2573 1856 2887 1925 pertingere
2935 1854 3237 1924 fastigium,
3282 1852 3387 1906 nisi
3427 1849 3685 1921 praesidio

399 1939 626 2003 juvetur
668 1948 725 1995 et
758 1956 889 2012 erga
959 1942 1134 1995 Deum
1180 1942 1504 2007 charitatis,
1575 1955 1631 1999 et
1679 1945 1849 1998 animi
1888 1945 1957 2000 de
2002 1962 2061 2001 se
2099 1964 2264 2016 quam
2314 1947 2720 2002 modestissime
2770 1946 3094 2008 sentientis,
3143 1946 3301 2015 juxta
3351 1942 3682 1998 tesmonium

403 2030 653 2101 Deipara:
699 2033 851 2086 omni
886 2032 1111 2086 laudum
1160 2049 1365 2103 genere
1410 2034 1809 2102 celeberrimae,
1855 2037 1993 2091 nulli
2035 2038 2288 2093 obnoxiae
2317 2040 2475 2101 vitio,
2537 2039 2632 2094 sed
2698 2039 2873 2110 gloria
2896 2038 3423 2109 omnidignissimae,
3454 2036 3507 2089 in
3536 2036 3684 2090 hunc

401 2123 626 2215 modum
657 2126 1029 2182 emodulantis
1061 2145 1074 2181 :
1115 2147 1133 2181 ι
1172 2128 1483 2199 Magniﬁcat
1541 2131 1722 2186 anima
1765 2146 1884 2186 mea
1946 2133 2261 2198 Dominum,
2291 2142 2347 2188 et
2380 2134 2679 2189 exsultavit
2744 2134 2976 2205 spiritus
3014 2150 3168 2188 mens
3200 2134 3255 2187 in
3313 2134 3425 2187 Deo
3456 2132 3683 2186 salutari

404 2231 527 2270 meo
560 2217 641 2283 ‘7;
680 2238 698 2271 ›
734 2234 863 2275 cum
916 2221 1063 2275 enim
1114 2236 1215 2291 per
1262 2222 1408 2277 banc
1460 2222 1777 2278 subindicet
1827 2238 1983 2277 suam
2024 2239 2153 2293 erga
2211 2224 2384 2278 Deum
2451 2224 2801 2287 charitatem,
2832 2240 2957 2278 mox
2987 2224 3184 2279 addit:
3219 2244 3237 2275 ι
3270 2225 3410 2292 Quia
3439 2224 3684 2294 respexit

402 2314 773 2371 humilitatem
816 2319 1032 2374 ancilhe
1073 2335 1186 2375 suae
1220 2317 1289 2374 ⁸⁸.
1324 2338 1342 2369 ι
1410 2319 1626 2375 Rursus
1654 2337 1666 2373 :
1736 2339 1755 2370 ι
1789 2320 2053 2388 Deposuit
2092 2328 2348 2389 potentes
2382 2320 2451 2375 de
2476 2320 2629 2382 sede,
2661 2331 2718 2376 et
2755 2322 3021 2376 exaltavit
3052 2322 3294 2376 humiles
3322 2323 3391 2385 “,
3428 2340 3445 2371 ι
3476 2330 3531 2375 ct
3560 2338 3683 2391 qum

402 2407 595 2464 ordine
625 2419 958 2480 sequuntur.
994 2410 1101 2466 Sed
1136 2420 1192 2466 et
1235 2411 1516 2482 aliquanto
1545 2412 1701 2482 prius
1731 2411 1971 2467 Gabrieli
2012 2412 2378 2483 responderat
2410 2432 2423 2469 :
2459 2432 2477 2464 ι
2522 2414 2664 2468 Ecce
2703 2413 2903 2467 ancilla
2967 2413 3205 2476 Domini,
3268 2414 3362 2467 ﬁat
3409 2414 3543 2468 ιιιῑιιί
3590 2430 3680 2469 se-

404 2503 654 2558 cundum
683 2504 917 2559 verbum
950 2515 1109 2559 tuum
1140 2506 1210 2558 7'.
1248 2524 1267 2556 ι

474 2597 671 2666 Σαφῶς
697 2592 791 2651 οὖν
823 2597 912 2651 διὰ
942 2597 1151 2651 τούτων
1177 2596 1580 2661 ἀποδέδεικται,
1610 2597 1693 2651 ὅτι
1722 2595 1781 2661 ἐξ
1810 2596 1986 2667 ἄκρας

2166 2597 2265 2652 llis
2309 2596 2479 2667 igitur
2511 2596 2817 2652 clarissime
2862 2597 3193 2666 explicatum
3232 2615 3378 2663 reor,
3410 2601 3539 2669 quia
3570 2618 3670 2672 per

406 2691 796 2755 ταπεινώσεως
824 2691 920 2745 καὶ
953 2692 1053 2761 τῆς
1095 2691 1236 2762 πρὸς
1286 2691 1421 2742 Θεὸν
1472 2690 1716 2758 ἀγάπης,
1760 2689 1854 2742 τὸν
1900 2689 1998 2759 τῆς

406 2783 713 2854 παρθενίας
745 2782 981 2851 ἄμωμον
1029 2781 1238 2851 χιτῶνα
1283 2782 1453 2852 ἑαυτῇ
1498 2783 1530 2851 ἡ
1582 2780 1997 2850 κεχαριτωμένη

406 2875 690 2943 ὲξύφανεν.
722 2873 864 2927 Ἀλλ’
899 2875 981 2927 ὃτι
1023 2873 1122 2943 μὲν
1173 2872 1383 2942 μεγάλη
1415 2875 1448 2942 ἡ
1501 2872 1671 2943 ἀρετὴ
1716 2874 1815 2942 τῆς
1851 2888 1997 2940 παρ-

407 2966 608 3029 θενίας,
650 2964 1056 3019 ἀποδέδεικται.
1089 2964 1213 3036 Χρὴ
1253 2963 1312 3016 δὲ
1352 2963 1443 3016 τὸν
1479 2964 1555 3025 εἰς
1582 2961 1742 3015 τοῦτο
1769 2961 1831 3015 τὸ
1866 2961 1996 3015 στά-

405 3055 518 3109 διον
551 3055 919 3125 ἀποδυόμενον
964 3055 1213 3126 νομίμως
1246 3054 1500 3123 άθλῆσαι,
1538 3053 1682 3107 κατὰ
1711 3052 1802 3107 τὸν
1834 3051 1997 3104 Ἀπό-

408 3148 619 3202 στολον.
676 3148 751 3201 Οὐ
790 3148 901 3218 γάρ
935 3149 1085 3202 ἐστιν
1118 3148 1300 3202 αὐτῶν
1334 3149 1367 3217 ἡ
1405 3146 1550 3216 πάλη
1581 3164 1600 3199 ι
1635 3146 1775 3218 πρὸς
1800 3141 1941 3216 αἷμα
1971 3163 1989 3195 ι

406 3244 505 3297 καὶ
535 3262 554 3295 ι
586 3243 765 3313 σάρκα
799 3240 980 3311 μόνον,
1018 3260 1036 3293 ι
1069 3241 1207 3296 ἀλλὰ
1244 3259 1261 3293 ι
1292 3240 1432 3311 πρὸς
1479 3241 1579 3303 τὰς
1618 3240 1882 3311 άοράτους
1905 3240 1996 3293 δυ-

407 3332 622 3401 νάμεις.
662 3351 680 3384 ι
723 3331 785 3384 Ὀ
823 3332 1110 3396 νεανίσκος
1159 3331 1370 3394 τοίνυν,
1422 3331 1701 3385 τουτέστιν
1740 3332 1768 3383 ὁ
1804 3331 1996 3386 ἑαυτὸν

408 3423 732 3495 εὐνουχίσας
761 3424 850 3477 διὰ
875 3423 978 3494 τὴν
1010 3423 1316 3494 βασιλείαν,
1362 3423 1456 3477 καὶ
1494 3424 1528 3490 ἡ
1581 3422 1869 3492 παρθένος,
1899 3422 1995 3477 ἐὰν

413 3516 490 3588 μὴ
518 3519 662 3570 κατά
707 3516 889 3570 πάντα
916 3517 1151 3570 τοιοῦτοι
1200 3510 1357 3579 ὦσιν,
1413 3515 1602 3584 ὥσπερ
1651 3516 1699 3567 οἱ
1750 3515 1996 3583 ἀληθινοὶ

414 3610 652 3680 μιμηταὶ
682 3609 776 3663 τοῦ
802 3608 1066 3679 Χριστοῦ,
1100 3610 1163 3663 οὐ
1206 3609 1463 3663 δύνανται
1500 3608 1760 3677 σωθῆναι.
1792 3608 1865 3660 Τὸ
1888 3607 1996 3677 γὰρ

409 3700 667 3768 λέγεσθαι
697 3701 987 3771 παρθένον,
1013 3702 1232 3765 καὶτὰς
1257 3703 1464 3771 ἀρετὰς
1499 3701 1575 3772 μὴ
1615 3701 1761 3772 ἔχειν
1798 3699 1995 3754 ἀναλό-

411 3808 561 3860 γους,
594 3792 688 3845 καὶ
716 3792 949 3856 οἰκείους
976 3794 1071 3846 καὶ
1097 3792 1445 3864 ἁρμοζούσας
1474 3796 1540 3863 τῇ
1579 3793 1855 3865 παρθένῳ,
1883 3809 1996 3860 μω-

414 3883 514 3954 ράν
533 3884 634 3954 τὴν
655 3884 911 3954 τοιαύτην
932 3883 1203 3956 παρθένον
1228 3886 1394 3954 φησὶν
1418 3886 1446 3938 ὀ
1469 3884 1695 3955 Κύριος.
1720 3881 1996 3953 Ἀφεγγὴς

410 3975 520 4046 γὰρ
545 3970 681 4029 οὖσα
707 3976 805 4029 καὶ
828 3954 1100 4039 άνέλαιος,
1131 3974 1237 4041 ἔξω
1258 3974 1353 4044 τῆς
1387 3954 1666 4044 βασιλείας
1684 3972 1796 4026 τῶν
1825 3972 1991 4040 οὐρα·
2016 3954 2059 4011 C

410 4065 521 4119 νῶν
570 4066 901 4132 ὲγκλείεται,
953 4065 1189 4137 νυμφίου
1239 4067 1414 4137 χαρᾶς
1472 4065 1834 4135 στερηθεῖσα,
1898 4063 1992 4117 καὶ

415 4156 555 4228 μετὰ
608 4156 719 4211 τῶν
777 4157 1084 4228 μισούντων
1136 4157 1228 4211 τὸν
1287 4156 1521 4227 νυμφίον
1581 4156 1988 4227 λογισθήσεται.

412 4250 571 4302 Δοκεῖ
593 4248 698 4321 γὰρ
726 4243 865 4302 εἶναί
885 4266 937 4303 τι
954 4251 987 4320 ἡ
1006 4249 1294 4320 ἄπρακτος
1327 4249 1496 4319 μηδὲν
1522 4248 1676 4313 οὖσα,
1705 4250 1801 4302 καὶ
1825 4264 1991 4318 φρεν-

413 4339 600 4409 απατᾷ
672 4339 892 4409 ἑαυτήν.
947 4338 1302 4408 Δοκιμαζέτω
1334 4338 1393 4392 δὲ
1440 4339 1675 4401 ἕκαστος
1725 4337 1786 4391 τὸ
1831 4336 1991 4408 ἔργον

413 4428 603 4496 αὐτοῦ,
635 4429 728 4483 καὶ
752 4430 945 4482 ἑαυτὸν
977 4430 1410 4499 ἐπιγινωσκέτω,
1437 4430 1520 4482 ὅτι
1549 4428 1818 4500 θρησκεία
1845 4429 1994 4481 ἐστὶν

417 4520 667 4591 μάταιος,
722 4521 1021 4593 παρθενίαν
1064 4522 1160 4575 καὶ
1207 4523 1540 4592 ἐγκράτειαν
1597 4520 1995 4592 ὁμολογοῦντες

414 4613 579 4684 ἔχειν,
610 4614 712 4685 τὴν
740 4613 798 4666 δὲ
836 4613 1069 4684 δύναμιν
1113 4614 1283 4685 αὐτῆς
1316 4615 1637 4685 ἠρνημένοι.
1678 4612 1742 4667 Ἦ
1775 4614 1883 4685 γάρ
1910 4614 1997 4666 δν-

412 4724 522 4769 τως
551 4706 827 4777 εύνουχία,
859 4707 953 4761 καὶ
985 4709 1018 4778 ή
1047 4706 1218 4771 ὅντως
1242 4707 1509 4778 παρθενία
1534 4709 1593 4760 ὲν
1624 4707 1833 4779 Κυρίῳ,
1861 4707 1996 4776 ἁγία

414 4800 562 4853 ἐστὶν
588 4799 666 4871 τῷ
704 4798 916 4869 σώματι
960 4801 1057 4855 καὶ
1098 4799 1177 4870 τῷ
1224 4800 1522 4869 πνεύματι,
1564 4802 1994 4873 ἀπερισπάστως

413 4894 509 4948 καὶ
547 4894 901 4965 εὐπαρέδρως
927 4893 1005 4965 τῷ
1042 4895 1230 4965 Κυρίῳ
1260 4893 1599 4966 λατρεύουσα
1629 4896 1687 4948 ἐν
1718 4894 1995 4965 Πνεύματι

413 4985 570 5051 Θεοῦ,
607 4985 865 5057 καθαρῶς
888 4987 983 5039 καὶ
1021 4986 1305 5054 άμιάντως
1347 4986 1660 5057 ἀρέσκουσα
1683 4987 1760 5055 τῷ
1784 4986 1995 5055 Κυρίῳ,

416 5080 510 5134 καὶ
539 5078 626 5132 ἀεὶ
658 5078 980 5150 μεριμνῶσα
1008 5078 1123 5141 πῶς
1144 5079 1332 5148 ἅρέσει
1364 5078 1533 5147 αὐτῷ,
1563 5078 1657 5131 καὶ
1684 5078 1741 5132 ἒν
1773 5077 1999 5149 Πνεῦμά

415 5176 563 5229 ἐστιν
588 5172 726 5244 πρὸς
746 5170 1168 5242 Κύριον,καθὼς
1188 5171 1519 5241 γέγραπται’
1544 5192 1561 5223 ι
1584 5172 1762 5240 ’Ἀγιοι
1787 5171 1995 5238 ἔσεσθε,

2098 2706 2367 2746 summam
2412 2689 2779 2744 humilitatem
2824 2696 2881 2744 et
2931 2704 3059 2759 erga
3106 2690 3276 2743 Deum
3327 2691 3673 2756 charitatem,

2101 2783 2258 2852 plena
2288 2798 2413 2838 cum
2440 2790 2589 2836 esset
2611 2783 2820 2850 gratiae,
2846 2783 3156 2850 promeruit
3180 2782 3288 2836 sibi
3320 2793 3525 2837 vestem
3557 2801 3683 2854 per-

2104 2882 2288 2928 texere
2342 2872 2702 2942 virginitatis,
2757 2872 2907 2926 nulla
2958 2888 3092 2943 ruga
3143 2873 3492 2939 decolorem,
3544 2877 3685 2931 nulli

2097 2964 2394 3019 obnoxiam
2427 2965 2625 3019 reatui.
2652 2963 2758 3030 Qui
2791 2974 2978 3019 autem
3022 2965 3088 3018 ad
3118 2967 3530 3021 excurrendum
3573 2976 3686 3022 sta-

2098 3056 2250 3110 dium
2278 3057 2573 3127 ejusmodi,
2610 3057 2869 3112 omnibus
2900 3073 2961 3112 se
2996 3057 3289 3112 extricavit
3318 3061 3570 3124 remoris,
3601 3075 3687 3116 se—

2098 3148 2343 3203 cundum
2373 3149 2735 3219 apostolicam
2774 3149 3130 3214 sententiam,
3167 3166 3397 3205 necesse
3429 3160 3513 3206 est
3545 3153 3685 3223 legi-

2100 3241 2231 3296 time
2262 3250 2321 3295 ut
2362 3250 2539 3296 certet
2583 3252 2641 3297 et
2671 3241 2739 3295 ad
2770 3241 3008 3310 palmam
3043 3257 3218 3311 usque
3249 3258 3410 3297 suum
3462 3260 3687 3313 promo-

2096 3342 2220 3388 veat
2254 3348 2508 3403 agonem.
2535 3332 2727 3401 Neque
2761 3331 2909 3386 enim
2948 3332 3036 3386 isti
3089 3350 3108 3381 ι
3162 3333 3430 3388 adversus
3460 3336 3688 3405 sangui-

2096 3439 2221 3479 nem
2254 3444 2271 3475 ι
2304 3424 2470 3478 modo
2501 3442 2520 3473 ι
2556 3431 2613 3478 et
2642 3439 2866 3478 carnem
2905 3442 2924 3474 ι
2955 3422 3261 3479 adornatur
3291 3443 3308 3476 ι
3343 3426 3685 3492 colluctatio,

2096 3514 2193 3570 sed
2234 3534 2254 3563 ι
2290 3523 2348 3569 et
2383 3534 2400 3565 ι
2441 3514 2707 3568 adversus
2750 3534 2768 3565 ι
2804 3514 3119 3569 invisibiles
3166 3534 3183 3565 ι
3228 3525 3532 3585 potestates
3555 3517 3624 3571 τί.
3662 3537 3681 3570 ι

2095 3608 2318 3677 Itaque,
2369 3607 2818 3662 adolescentulus
2876 3608 2971 3677 qui
3030 3624 3089 3662 se
3142 3618 3368 3678 propter
3417 3611 3687 3665 caelorum

2097 3715 2326 3769 regnum
2364 3698 2647 3761 castravit,
2676 3698 2936 3753 similiter
2957 3707 3014 3753 et
3042 3700 3200 3770 virgo
3228 3699 3502 3769 qnaapiam
3538 3719 3550 3755 :
3581 3703 3687 3756 nisi

2097 3808 2196 3861 per
2223 3791 2407 3847 omnia
2435 3806 2557 3846 sese
2589 3791 2952 3860 praestiterint
2977 3808 3078 3847 ceu
3103 3791 3348 3847 addecet
3374 3808 3537 3848 veros
3565 3793 3690 3847 imi-

2098 3891 2307 3938 tatores
2333 3882 2565 3948 Christi,
2599 3883 2929 3953 neutiquam
2959 3885 3027 3938 ad
3061 3894 3281 3954 portum
3309 3885 3688 3954 provehentur

2094 3976 2308 4032 salutis.
2342 3975 2415 4031 Ut
2445 3976 2593 4030 enim
2622 3976 2780 4046 virgo
2815 3992 2923 4031 una
2956 3978 3141 4047 aliqua
3190 3978 3428 4042 dicatur,
3473 3995 3576 4034 nec
3605 3979 3689 4033 in-

2095 4067 2255 4121 terim
2310 4075 2538 4121 casteras
2600 4076 2758 4122 curet
2799 4067 3058 4137 indipisci
3108 4068 3340 4123 virtutes
3406 4084 3530 4138 qua:
3572 4069 3687 4123 vir-

2092 4156 2311 4226 ginitati
2344 4157 2591 4226 proxime
2628 4156 3020 4225 respondeant,
3055 4171 3177 4225 quae
3208 4155 3430 4210 tuenda:
3452 4155 3687 4226 virgini-

2095 4249 2193 4303 tati
2235 4249 2439 4303 faciant
2468 4248 2772 4318 plurimum
2817 4257 2875 4302 et
2914 4246 3195 4317 quadrent
3229 4248 3542 4317 :ejusmodi
3572 4248 3686 4301 vir-

2092 4339 2273 4409 ginem
2307 4338 2529 4393 stultam
2566 4337 2710 4392 dixit
2738 4338 3030 4401 Dominus,
3067 4336 3275 4406 quippe
3318 4353 3440 4407 quze
3471 4337 3685 4391 nullum

2093 4445 2207 4499 prae
2254 4444 2312 4484 se
2369 4428 2510 4483 ferat
2551 4428 2767 4483 illustre
2813 4427 3026 4489 lumen,
3078 4425 3219 4480 nihil
3270 4441 3457 4481 secum
3509 4434 3686 4496 gestet

2094 4522 2201 4577 olei
2233 4523 2301 4575 ".
2330 4520 2481 4575 Talis
2505 4537 2626 4591 qua:
2654 4529 2759 4584 est,
2798 4520 2952 4574 aditu
2989 4520 3307 4574 excluditur
3336 4520 3487 4590 regni
3512 4520 3685 4574 cmlo-

2096 4630 2255 4678 rum,
2305 4614 2625 4683 neutiquam
2676 4612 2953 4675 admissa,
3006 4610 3209 4680 gaudio
3263 4620 3323 4665 ut
3368 4610 3687 4679 perfruatur

2096 4708 2306 4778 sponsi,
2342 4707 2438 4761 sed
2485 4707 2541 4759 in
2576 4720 2769 4759 earum
2817 4703 3178 4773 deputabitur
3226 4702 3519 4771 collegium
3564 4716 3685 4770 qua:

2096 4815 2361 4870 sponsum
2391 4798 2636 4852 oderint.
2672 4796 2806 4862 Qua:
2846 4797 2997 4851 enim
3029 4805 3115 4850 est
3160 4793 3305 4856 talis,
3340 4808 3593 4862 peraeque
3625 4807 3684 4846 sc

2098 4893 2267 4948 habet
2309 4907 2373 4945 ac
2417 4892 2461 4945 si
2494 4890 2634 4944 nihil
2686 4889 2817 4944 boni
2868 4887 3171 4943 confecerit
3205 4886 3408 4955 operis,
3452 4885 3548 4940 sed
3583 4884 3682 4938 im-

2099 4985 2403 5056 prudenter
2430 4984 2666 5051 seipsam
2695 4982 2936 5036 seduxit.
2972 4980 3123 5049 Opus
3153 4980 3341 5039 itaque
3372 4993 3530 5032 suum
3560 4993 3687 5046 pro-

2099 5076 2194 5131 bet
2221 5075 2597 5144 unusquisque
2624 5082 2681 5128 et
2704 5074 2977 5142 exploret,
3010 5086 3179 5141 seque
3208 5080 3503 5140 agnoscat;
3544 5068 3685 5122 alio-

2101 5170 2194 5239 qui
2225 5167 2538 5223 obscrvatio
2579 5166 2760 5220 omnis
2787 5167 2915 5220 vitae
2948 5164 3256 5235 quamlibet
3288 5162 3576 5232 religiose,
3605 5160 3689 5214 in—

414 5266 495 5321 ὄτι
521 5264 631 5335 ἐγὼ
658 5264 815 5334 ἅγιός
843 5265 981 5333 εἰμι,
1022 5282 1041 5315 ›
1077 5263 1227 5332 λέγει
1259 5263 1484 5332 Κύριος.
1512 5261 1588 5317 υύ
1624 5264 1732 5349 γὰρ
1772 5263 1994 5333 ὀνόματι

2103 5262 2242 5333 frugi
2277 5262 2463 5316 futura
2491 5268 2653 5315 estet
2689 5260 2872 5315 inanis
2901 5276 2914 5312 :
2946 5274 3137 5314 eorum
3166 5273 3362 5326 nempe
3389 5253 3482 5325 qui
3518 5267 3690 5324 penes

417 5358 580 5429 μόνον
606 5357 747 5428 ψιλῷ
796 5357 825 5411 ὁ
860 5356 1038 5426 ἅγιος,
1083 5356 1237 5424 ἆγιὸς
1288 5357 1457 5418 ἐστιν,
1506 5355 1622 5408 ἀλλ’
1652 5346 1715 5410 ’ἐν
1771 5358 1931 5410 παντὶ
1966 5360 1994 5410 ὁ

2099 5372 2158 5410 se
2188 5370 2308 5409 esse
2341 5352 2669 5423 proﬁtentur
2705 5352 3104 5423 virginitatem,
3136 5367 3199 5405 ac
3236 5358 3548 5418 temperare
3580 5346 3689 5402 sibi

416 5450 592 5518 ἆγιος,
623 5448 702 5520 τῷ
752 5448 965 5518 σώματι
1016 5449 1113 5503 κα)⁸
1154 5448 1231 5517 τῷ
1280 5447 1572 5517 πνεύματι.
1630 5449 1693 5501 El
1738 5449 1994 5515 άπετάξω

412 5537 508 5594 οῦν
558 5543 672 5604 τοῖς
714 5540 815 5611 τῆς
850 5540 1057 5611 σαρκὸς
1102 5540 1355 5604 πάθεσιν,
1398 5539 1633 5610 πρόσεχε
1678 5539 1769 5592 τὸν
1802 5540 1993 5608 ἀγῶνα

2100 5465 2129 5502 a
2165 5448 2348 5502 carnis
2379 5447 2678 5511 illecebris,
2715 5462 2840 5501 cum
2874 5461 2932 5499 re
2974 5446 3090 5515 ipsa
3126 5443 3391 5497 virtutem
3437 5443 3558 5512 ejus
3591 5455 3686 5494 ne-

2099 5548 2250 5611 gent.
2277 5539 2413 5593 Nam
2442 5554 2564 5608 qua:
2597 5546 2882 5608 tantopere
2916 5535 3335 5592 commendatur
3363 5532 3623 5589 castratio
3649 5547 3683 5586 a

524 5722 567 5750 ⁶⁶
595 5722 733 5778 Psal.
761 5740 864 5785 cxi,
898 5722 977 5775 l0.
1058 5723 1099 5752 ⁸⁷
1127 5722 1260 5776 Luc.
1292 5738 1326 5784 ι,
1360 5720 1444 5786 lli,
1477 5720 1564 5775 47.
1642 5720 1685 5750 ⁶¹³
1711 5720 1843 5776 ibid.
1890 5721 1964 5775 £8.

2115 5719 2248 5775 ibid.
2284 5719 2372 5774 5‘2.
2451 5721 2494 5750 ⁷⁰
2528 5719 2660 5774 ibid.
2689 5718 2775 5773 38.
2855 5718 2893 5747 ⁷¹
2929 5717 3129 5787 Ephcs.
3154 5731 3221 5779 ιι,
3266 5713 3345 5767 l2.
3420 5714 3464 5744 "
3491 5710 3681 5766 Matth.

421 5807 542 5849 ιμ’.
582 5810 632 5845 ι).
