4052 6592
490 336 628 401 “99
1753 361 2116 425 ANTIOCHI
2158 363 2502 427 MONACHI
3591 356 3704 421 1500

484 447 776 509 lenociniis
804 456 1008 519 carnis,
1039 475 1103 515 ac
1149 476 1274 515 vera
1328 464 1488 533 plane
1532 465 1585 520 in
1619 469 1854 525 Domino
1901 472 2066 543 virgi-

2169 477 2265 547 τῆς
2295 477 2534 546 ἀληθοῦς
2568 475 2886 546 παρθενίας.
2922 474 2983 528 Ei
3036 470 3343 543 εὐνουχίσαι
3373 469 3565 522 ιέαυτδν
3596 470 3704 536 ὴθέ-

485 542 650 605 nitas,
686 557 873 602 sancta
919 558 1003 604 est
1046 560 1102 605 et
1145 568 1378 624 corpore
1423 567 1479 612 et
1523 560 1749 629 spiritu,
1795 542 2066 620 indivulse

2169 542 2338 640 λησας
2366 542 2457 623 διὰ
2481 569 2580 639 τὴν
2611 542 2828 623 αίώνιον
2859 567 3135 638 βασιλείαν
3163 576 3209 630 ⁸,
3239 560 3514 633 ἐπιμελῶς
3536 562 3707 629 κάτεχε

490 635 697 707 106],
727 650 782 694 et
809 644 1023 711 perpeti
1059 652 1249 701 tenore
1279 648 1517 706 Domino
1560 656 1810 733 serviens
1846 657 1900 711 in
1942 658 2064 727 Spi-

2169 635 2255 714 τδν
2284 663 2382 733 τῆς
2426 635 2720 732 ἀσκῆσεως
2765 635 2974 729 ἀγῶνα,
3006 659 3100 712 καὶ
3157 656 3391 728 πρόσεχε
3426 652 3519 715 τάς
3562 668 3709 722 προσ-

485 729 599 784 ritu
651 733 770 797 Dei,
817 736 1116 794 sinceriter
1163 756 1227 794 ac
1264 744 1455 811 procul
1506 723 1661 800 οηῖιιί
1712 749 1975 816 spurcitia
2010 766 2066 805 se

2169 723 2465 815 ϐολάς-’τοῦ
2534 723 2853 814 ἀντιπάλου,
2903 723 3093 821 ῶσπερ
3155 723 3490 817 κυϐερνήτης
3526 745 3589 797 τά
3625 742 3708 796 κύ-

484 823 727 892 probans
755 827 1008 894 Domino,
1054 847 1242 887 secum
1288 850 1591 892 conserens
1620 839 1825 908 jugiter
1863 841 2066 909 quibm

2169 861 2315 911 ματα
2350 843 2677 897 διαϐαίνωνσ
2722 842 2884 912 γενοῦ
2931 840 3315 912 ὴνιοχοὺμενος
3354 836 3459 889 ὑπὸ
3498 836 3589 903 τῆς
3626 837 3713 905 χά-

483 917 682 977 studiis
730 921 903 989 possit
937 923 988 977 ei
1017 926 1271 993 gratiosa.
1300 944 1422 983 esse
1466 939 1522 984 et
1567 932 1861 986 amabilis:
1888 948 2066 1002 eoque

2169 951 2336 1004 ριτος,
2367 936 2441 1005 μὴ
2477 935 2860 1006 παρατραπεὶς
2897 933 2997 1003 τῆς
3037 930 3247 993 εὐθείας
3277 927 3434 981 ὁδοῦ·
3475 925 3713 995 ἀγώνισαι

482 1026 625 1064 unus
650 1028 774 1067 cum
802 1016 1032 1072 Domino
1062 1019 1298 1074 ellieitur
1334 1023 1585 1092 spiritus,
1619 1025 1763 1079 sicut
1797 1027 2064 1096 scriptum

2169 1029 2618 1098 ἀπερισπάστως,
2667 1028 2761 1082 καὶ
2798 1026 2896 1098 ὅλῃ
2935 1024 3134 1095 καρδία
3170 1019 3445 1075 δουλεύειν
3471 1017 3603 1088 θεῷ,
3634 1020 3715 1071 καὶ

478 1110 563 1156 est
590 1120 603 1155 :
644 1122 662 1154 ι
690 1103 873 1161 Sancti
905 1109 1060 1164 eritis
1084 1112 1213 1180 quia
1237 1128 1338 1182 ego
1369 1124 1593 1170 sanctus
1624 1133 1767 1183 sum,
1800 1119 1935 1174 dicit
1964 1122 2066 1174 Do-

2169 1120 2314 1190 αὑτῴ
2359 1120 2619 1190 ἀρέσκειν
2674 1121 2732 1172 ἐν
2771 1118 2911 1188 ἁγίῳ
2945 1115 3156 1186 σώματι
3197 1113 3294 1167 καὶ
3332 1108 3617 1180 πνεύματι,
3642 1111 3716 1164 ίνα

477 1195 680 1251 minus.
717 1216 735 1248 ι
769 1200 958 1270 Neque
1006 1204 1154 1259 enim
1204 1206 1252 1261 is
1294 1208 1519 1264 nomine
1571 1222 1752 1274 tenus,
1806 1222 2065 1282 tanquam

476 1291 836 1359 przerogativa
872 1294 1205 1366 insigniatur
1237 1301 1583 1358 sublimioris
1607 1306 2063 1371 nomenclaturze,

474 1389 701 1437 sanctus
729 1383 964 1453 dicitur;
991 1388 1086 1442 sed
1126 1406 1222 1459 per
1251 1393 1435 1447 omnia
1466 1405 1693 1451 sanctus
1716 1406 1823 1461 est,
1860 1409 1914 1452 et
1940 1416 2067 1453 cor-

472 1487 606 1541 pore
637 1483 693 1528 et
726 1477 949 1546 spiritu.
998 1480 1053 1533 Si
1103 1481 1273 1552 igitur
1305 1485 1697 1541 affectionibus
1733 1489 2064 1544 renuntiasti

471 1569 676 1633 carnis,
717 1573 913 1627 sedulo
955 1583 1134 1629 tecum
1174 1589 1390 1647 reputa,
1423 1597 1590 1650 quem
1639 1584 1878 1639 subieris
1924 1602 2066 1640 vera:

471 1660 810 1729 virginitatis
853 1682 1107 1731 agonem.
1141 1670 1278 1724 Cum
1330 1683 1383 1726 te
1422 1674 1492 1727 ab
1540 1674 1661 1729 istis
1713 1678 1905 1729 mundi
1951 1679 2067 1731 ille-

470 1750 654 1806 cebris
699 1755 973 1821 castrasti,
1012 1757 1056 1811 si
1101 1758 1325 1827 quidem
1362 1759 1417 1813 id
1469 1760 1667 1816 feceris
1702 1770 1931 1831 propter
1976 1778 2060 1817 re-

2167 1210 2481 1281 καταλάϐῃς
2502 1209 2605 1280 τῆς
2633 1208 2889 1279 ἐναρέτου
2929 1204 3203 1267 πολιτείας
3229 1204 3332 1272 τὴν
3361 1200 3540 1267 δόξαν.
3568 1198 3715 1266 Ἀγώ-

2165 1322 2308 1358 νισαι
2338 1304 2587 1374 νομίμως
2626 1302 2882 1371 ἁθλῆσαι,
2929 1299 3016 1352 ἴνα
3059 1299 3153 1350 τὸν
3200 1296 3485 1362 στέφανον,
3516 1292 3573 1345 δν
3608 1294 3717 1362 ᾑρε-

2162 1398 2321 1457 τίσω,
2354 1394 2653 1465 ἁπολαόῃς,
2682 1393 2776 1445 καὶ
2810 1390 3222 1460 στεφανηφόρος
3263 1385 3508 1455 ἀπέλθῃς
3537 1398 3561 1424 ε
3602 1386 3720 1453 πρὸς

2165 1488 2261 1558 τὴν
2289 1488 2401 1541 ἄνω
2448 1485 2832 1555 Ἰερουσαλήμ.
2881 1484 2962 1537 Δι’
3012 1483 3080 1553 ἣν
3109 1482 3203 1535 καὶ
3232 1476 3496 1541 ἁπετάξω
3531 1475 3604 1546 τῷ
3636 1476 3721 1543 τῆς

2167 1579 2371 1651 σαρκὸς
2416 1578 2768 1646 φρονήματι,
2796 1575 2995 1637 ἀνάθες
3026 1574 3126 1646 τὴν
3170 1572 3333 1645 χάριν
3381 1573 3483 1640 τῆς
3526 1569 3721 1634 ἁγνείας

2167 1684 2261 1719 σου
2291 1665 2367 1734 τῷ
2403 1664 2540 1735 Θεῷ,
2570 1666 2651 1718 ὅτι
2695 1666 2756 1718 οὐ
2798 1663 3145 1718 συνέκλεισεν
3190 1679 3250 1715 σε
3292 1663 3374 1722 εἰς
3409 1659 3506 1722 τὰς
3556 1660 3723 1729 χεῖρας

2166 1759 2273 1813 τῶν
2302 1758 2622 1830 θελημάτων
2676 1757 2775 1827 τῆς
2824 1756 3027 1827 σαρκὸς
3063 1755 3161 1808 καὶ
3205 1752 3302 1807 τοῦ
3346 1752 3597 1822 αἵματος,
3644 1754 3724 1804 καὶ

2094 1820 2135 1876 Β

470 1856 635 1910 gnum
671 1845 961 1911 cmlorum,
994 1864 1188 1919 magna
1220 1866 1344 1905 cum
1384 1853 1640 1908 cautione
1689 1854 1773 1908 fac
1819 1857 2059 1909 retineas

471 1947 537 1987 ac
563 1934 768 1989 tuearis
800 1948 1125 2008 susceptum
1153 1944 1322 1997 semel
1350 1960 1581 2013 agonem
1611 1946 1758 1999 hune
1790 1947 2058 2015 propositi

473 2024 784 2079 monastici.
831 2026 1029 2083 Animo
1074 2032 1330 2099 prmseuti
1377 2042 1433 2087 et
1481 2044 1699 2088 arrecto
1734 2035 1819 2089 fac
1869 2036 2061 2106 vigiles

472 2114 738 2171 adversus
760 2134 952 2173 omnes
990 2122 1370 2179 colluctatoris
1397 2126 1474 2178 tui
1497 2124 1771 2181 violentos
1794 2129 2057 2192 assultus,

473 2207 720 2263 imitatus
755 2210 1045 2279 prudentis
1090 2216 1339 2270 naucleri
1386 2217 1690 2282 solertiam,
1741 2220 1835 2288 qui
1868 2230 2062 2275 contra

473 2301 826 2365 ﬂuetivomos
853 2307 1123 2363 undarum
1160 2311 1401 2367 vortices
1426 2313 1654 2381 perdius
1693 2323 1802 2369 stat
1845 2324 1901 2369 et
1942 2332 2062 2385 per-

474 2412 602 2451 nox.
641 2397 903 2453 Przeduce
932 2401 1027 2455 Dei
1056 2403 1251 2479 gratia,
1280 2404 1449 2461 animi
1484 2404 1561 2459 tui
1595 2406 1833 2475 impetus
1858 2409 2064 2477 auriga:

476 2487 532 2542 in
580 2505 788 2544 morem
826 2492 979 2547 frena
1015 2511 1080 2550 ac
1131 2496 1440 2562 moderare,
1492 2498 1789 2568 nequando
1835 2516 1864 2553 a
1913 2510 2064 2555 recto

474 2584 613 2639 calle
652 2600 877 2642 exerres
915 2588 1134 2645 devius.
1172 2590 1509 2647 lndivulsam
1559 2591 1627 2647 da
1660 2609 1909 2662 operam,
1952 2595 2065 2648 Deo

477 2686 538 2732 ut
566 2678 775 2734 servias
805 2688 862 2735 et
898 2680 1130 2750 proinde
1159 2684 1434 2753 gratiosus
1464 2684 1546 2738 illi
1578 2685 1902 2749 inveniaris,
1932 2686 2064 2740 dum

478 2780 531 2825 te
563 2771 636 2825 illi
666 2776 867 2842 probas
888 2774 945 2829 in
973 2776 1344 2831 sanctimonia
1374 2778 1624 2847 corporis
1647 2785 1703 2831 et
1729 2778 1978 2848 spiritus.
2007 2790 2068 2835 ut

478 2874 716 2920 strenuae
763 2868 1207 2923 conversationis
1252 2884 1317 2924 ac
1361 2869 1487 2924 vitae
1526 2870 1865 2923 ornamentis
1893 2871 2071 2925 virtu.

480 2965 596 3011 tum
632 2959 917 3029 perpolita:
950 2962 1264 3030 assequaris
1289 2962 1543 3031 gloriam.
1579 2963 1835 3018 Eluctare
1859 2979 1961 3033 pro
1989 2964 2069 3018 vi-

481 3051 570 3105 rili
614 3053 889 3108 adversus
940 3055 1155 3109 hostem
1208 3071 1382 3126 agone
1433 3056 1712 3125 legitimo,
1766 3064 1827 3109 ut
1865 3073 2069 3112 corona

2162 1852 2269 1904 τῶν
2344 1848 2907 1919 προσασχολουμὲνων
2961 1848 3172 1910 τούτοις
3234 1844 3580 1916 φθοροποιῶν
3644 1846 3724 1897 καὶ

2162 1945 2493 2014 ἀκαθάρτων
2566 1943 2911 2014 ἀνθρώπων
2976 1941 3115 1994 ἀλλὰ
3173 1938 3617 2008 κατησφαλίσατο
3666 1941 3722 2008 τῇ

2163 2037 2359 2092 ἐαυτοῦ
2387 2037 2554 2105 δεξιᾷ.
2594 2035 2755 2103 Μέγα
2784 2030 2881 2088 οῦν
2918 2035 3066 2086 ἐστιν
3108 2034 3167 2086 ἐν
3210 2031 3412 2101 ἁγνείᾳ
3449 2029 3626 2099 μένειν
3657 2030 3723 2093 είς
3800 2046 3815 2053 ε

2162 2130 2260 2200 τὴν
2300 2129 2467 2199 τιμὴν
2516 2127 2617 2196 τῆς
2674 2125 2880 2197 σαρκὸς
2924 2124 3017 2177 τοῦ
3059 2122 3271 2193 Κυρίου
3310 2123 3368 2174 ἐν
3412 2120 3721 2188 ἀκαυχησία.

2177 2220 2305 2273 Ἐὰν
2347 2220 2454 2290 γάρ
2513 2219 2880 2289 καυχήσηται,
2930 2215 3200 2268 ἀπώλετο.
3256 2213 3381 2284 Χρὴ
3420 2213 3477 2265 δέ
3520 2212 3725 2275 καὶτὰς

2162 2311 2355 2374 λοιπὰς
2398 2310 2622 2381 ἀρετὰς,
2664 2306 2849 2371 καθὼς
2894 2308 3135 2377 εἴρηται,
3175 2305 3463 2373 ἀναλόγως
3503 2304 3641 2374 ἔχειν
3668 2308 3721 2375 τῇ

2165 2404 2454 2477 παρθενίᾳ.
2486 2403 2610 2456 Ὅτι
2654 2403 2689 2472 ἠ
2730 2400 3003 2473 παρθενία
3038 2399 3290 2468 άνωτὲρα
3324 2400 3546 2452 πάντων
3576 2396 3722 2449 ἐστίν.

2167 2498 2442 2569 Παρθένος
2483 2496 2593 2568 γὰρ
2649 2497 2833 2567 μήτρα
2874 2494 3076 2563 ἐκύησε
3110 2493 3205 2546 τὸν
3249 2492 3387 2546 Θεὸν
3421 2491 3607 2559 Λόγον.
3645 2491 3723 2543 Ἐκ

2166 2589 2355 2644 τούτου
2384 2588 2553 2657 γνῶθι
2587 2588 2684 2659 τὴν
2737 2587 2894 2652 δόξαν
2925 2587 2953 2627 δ
3000 2586 3100 2655 τῆς
3145 2584 3476 2655 παρθενίας.
3524 2581 3586 2637 Oi
3633 2582 3724 2651 γὰρ

2166 2679 2397 2751 ἀφιερού
2407 2698 2558 2750 μενοι
2587 2678 2664 2749 τῷ
2683 2678 2822 2749 Θεῷ,
2845 2678 3081 2748 μιμηταὶ
3104 2675 3197 2729 τοῦ
3218 2674 3461 2747 Χριστοῦ
3485 2673 3718 2742 γίνονται·

2169 2773 2337 2843 φησὶν
2386 2772 2531 2842 γάρ’
2568 2790 2587 2823 ι
2625 2771 2880 2840 Μιμηταί
2931 2787 3032 2838 μου
3071 2769 3324 2838 γίνεσθε,
3368 2766 3552 2829 καθὼς
3593 2764 3725 2833 κάγὼ

2168 2864 2429 2935 Χριστοῦ.
2454 2883 2472 2916 ι
2503 2864 2596 2917 Ἐν
2627 2862 2737 2932 γὰρ
2761 2864 2878 2926 τοῖς
2917 2860 3181 2925 τοιούτοις
3219 2860 3584 2930 φρονήμασιν,
3615 2856 3723 2926 φρό-

2170 2976 2320 3029 νημα
2353 2959 2554 3028 σαρκός
2599 2956 2697 3027 οὐχ
2748 2956 3007 3026 ὑπάρχει.
3045 2955 3166 3027 Χρὴ
3210 2952 3307 3007 οῦν
3340 2953 3492 3025 πάσῃ
3534 2950 3723 3019 φυλακῇ

2169 3052 2361 3122 τηρεῖν
2389 3050 2487 3119 τὴν
2503 3048 2699 3102 ἑαυτοῦ
2719 3047 2968 3118 καρδίαν.
2993 3046 3089 3100 καὶ
3114 3046 3238 3117 μηδ’
3259 3047 3405 3109 ὅλως
3436 3041 3724 3105 συνδυάζειν

480 3157 645 3211 quam
684 3143 1015 3200 ardentibus
1057 3145 1202 3200 votis
1242 3144 1501 3214 expetisti
1550 3154 1607 3199 et
1647 3145 1939 3210 adamasti,
1965 3147 2066 3201 ali-

2173 3144 2443 3215 παρθὲνον
2486 3144 2626 3213 μετὰ
2674 3142 2959 3195 νεανίσκου
3014 3140 3075 3194 τὸ
3126 3139 3396 3210 παράπαν
3425 3154 3440 3170 ο
3480 3140 3528 3191 εί
3565 3137 3617 3189 δὲ
3650 3135 3727 3189 καὶ

481 3233 703 3301 quando
738 3234 988 3303 potiaris,
1023 3251 1087 3290 ac
1131 3236 1361 3305 palmari
1397 3236 1690 3291 redimitus
1735 3252 1964 3303 corona,
2008 3237 2063 3292 in

483 3326 631 3379 illam
665 3327 942 3382 caelestem
968 3327 1272 3383 Jerusalem
1325 3328 1532 3383 celebri
1554 3345 1680 3383 cum
1705 3344 1906 3399 pompa
1936 3330 2069 3385 sub-

483 3417 703 3473 veharis
754 3419 950 3483 victor,
970 3420 1129 3490 cujus
1162 3420 1478 3476 obtinenda:
1497 3422 1692 3492 gratia,
1712 3421 2066 3492 prudentiam

486 3511 625 3566 hanc
666 3513 853 3568 carnis
901 3530 932 3568 a
981 3523 1033 3568 te
1079 3514 1399 3569 excussisti.
1431 3514 1599 3584 Atqui
1640 3515 1790 3580 vide,
1832 3519 2067 3585 gratiam

485 3611 591 3658 tum
628 3604 790 3659 istius
819 3607 1197 3661 sanetimonize
1236 3615 1298 3661 ut
1339 3606 1407 3660 ad
1438 3606 1535 3661 Dei
1570 3607 1802 3677 gloriam
1842 3609 2070 3673 referas,

480 3695 575 3763 qui
607 3695 834 3751 minime
875 3697 1004 3753 sivit
1046 3707 1099 3752 te
1143 3698 1197 3772 in
1233 3712 1425 3752 eorum
1475 3696 1693 3751 devolvi
1728 3706 1784 3753 et
1817 3700 2073 3754 concludi

482 3804 702 3853 manus,
728 3790 823 3859 qui
854 3790 1197 3844 voluntatem
1224 3790 1453 3859 explent
1481 3790 1665 3845 carnis
1687 3801 1745 3846 et
1767 3792 2069 3863 sanguinis,

481 3892 539 3937 et
584 3884 649 3937 ad
699 3883 815 3938 haec
854 3883 1185 3952 corruptelae
1216 3890 1383 3953 atque
1424 3881 1679 3937 obscenae
1713 3883 2074 3954 turpitudinis

481 3990 651 4044 opera
680 3976 777 4030 toti
813 3976 1190 4046 propendent;
1223 3976 1321 4031 sed
1364 3984 1417 4031 te
1452 3991 1551 4030 sua
1581 3976 1805 4031 dextera
1836 3992 2074 4046 prazmu-

483 4062 640 4116 uivit.
676 4063 928 4135 Magnum
962 4065 1123 4133 plane
1152 4064 1343 4129 fuerit,
1376 4065 1420 4119 si
1450 4065 1587 4121 citra
1627 4066 1973 4136 iactantiam,
2002 4066 2071 4121 ad

483 4154 750 4210 honorem
781 4156 959 4211 solum
992 4157 1294 4213 Dominicze
1324 4158 1529 4225 carnis,
1553 4166 1823 4230 perpetuo
1855 4167 1906 4213 te
1938 4174 2073 4214 con-

484 4248 715 4303 tinueris
744 4248 800 4302 in
845 4250 1214 4305 sanctimonia
1244 4266 1308 4305 ac
1336 4251 1599 4321 puritate.
1629 4250 1894 4321 Quisquis
1929 4251 2073 4306 inte-

483 4340 587 4394 rim
635 4341 706 4395 ob
750 4357 871 4396 eam
912 4342 1177 4413 gloriatus
1204 4344 1297 4399 hic
1328 4343 1518 4409 fuerit,
1556 4344 1647 4400 isti
1684 4344 2074 4413 intercipietur

2175 3236 2473 3307 εὑρεθῶσιν
2508 3235 2867 3306 πρεσϐύτιδες
2904 3234 3274 3305 ἱεροπρεπεῖς,
3327 3231 3423 3285 καὶ
3456 3228 3608 3300 χρεία
3637 3244 3726 3280 πα-

2177 3330 2474 3404 ραθέσεως.
2528 3328 2742 3398 είλῆσαι
2788 3328 2889 3389 τὰς
2940 3327 3148 3380 ἑαυτῶν
3191 3329 3386 3396 χεῖρας
3424 3323 3501 3392 τῷ
3548 3320 3727 3374 ἑαυτῶν

2179 3423 2399 3495 ίματίῳ.
2430 3422 2664 3493 Ὁμοίως
2690 3421 2748 3474 δέ
2782 3422 2877 3475 καὶ
2900 3421 2948 3473 οἱ
2976 3420 3188 3488 ἄνδρες,
3210 3418 3353 3488 μετὰ
3381 3414 3557 3477 αἰδοῦς
3581 3411 3728 3484 ὀρθῶς

2180 3514 2469 3585 βλέποντες
2500 3511 2795 3583 σωφρόνως
2823 3528 2883 3564 τε
2925 3512 3021 3563 καὶ
3065 3508 3278 3580 σεμνῶς
3321 3509 3384 3561 ἐν
3418 3505 3617 3574 Κυρίῳ.
3645 3504 3729 3565 τὰς

2172 3608 2380 3661 ἐαυτῶν
2401 3605 2582 3670 δεξιὰς
2613 3603 3175 3674 περικεκαλυμμὲνας
3202 3601 3420 3670 ἔχοντες
3443 3597 3520 3668 τῷ
3548 3594 3729 3649 ἑαυτῶν

2174 3698 2395 3771 ίματίῳ,
2442 3697 2920 3769 ἁποχωρισθῶσιν.
2977 3695 3088 3767 Πρὸ
3134 3695 3191 3747 δὲ
3247 3693 3472 3747 πάντων
3514 3689 3613 3760 χρὴ
3648 3687 3729 3756 τὴν

2172 3790 2447 3862 παρθένον
2478 3788 2556 3859 τῷ
2585 3788 2751 3858 ἐλαίῳ
2784 3788 2881 3858 τῆς
2914 3786 3162 3848 εὐποιίας
3205 3783 3619 3851 κατακοσμῆσαι
3646 3776 3728 3845 τὴν

2173 3882 2376 3951 ἐαυτῆς
2405 3880 2685 3952 λαμπάδα,
2742 3879 2829 3933 ἴνα
2887 3879 2959 3948 μὴ
3003 3876 3239 3947 στερηθῇ
3292 3876 3472 3945 χαρᾶς
3503 3869 3725 3939 νυμφίου,

2170 3974 2265 4028 καὶ
2307 3973 2671 4044 εὐφροσύνης,
2715 3970 2861 4026 κατὰ
2898 3970 2998 4041 τὴν
3040 3968 3363 4040 παραϐολὴν
3399 3966 3493 4020 τοῦ
3531 3962 3724 4034 Κυρίου,

2176 4086 2195 4119 ι
2234 4067 2358 4119 "Ott
2389 4066 2447 4118 αί
2491 4064 2747 4136 φρόνιμοι
2794 4063 2986 4118 ἔλαϐον
3028 4062 3204 4115 ἔλαιον
3250 4063 3309 4113 ἐν
3357 4061 3468 4123 τοῖς
3514 4054 3725 4125 ἀγγείοις

2170 4156 2375 4219 αὐτῶν,
2407 4175 2424 4207 ι
2466 4156 2562 4209 καὶ
2598 4155 2950 4226 συνεισῆλθον
2983 4154 3059 4225 τῷ
3101 4153 3470 4222 πολυποθήτῳ
3502 4148 3723 4220 νυμφίῳο

2177 4269 2196 4303 ι
2233 4251 2344 4304 Καὶ
2373 4249 2740 4321 ἐκλείσθησαν
2771 4250 2828 4302 αἱ
2882 4248 3066 4320 θύραι.
3099 4267 3117 4297 ι
3162 4248 3271 4301 Καὶ
3301 4247 3622 4317 ἀπήλαυσαν
3642 4241 3726 4310 τῆς

2170 4345 2345 4415 χαρᾶς
2379 4342 2544 4396 αὐτοῦ
2576 4342 2836 4407 αίωνίως.
2869 4341 3042 4413 Ἀυτῷ
3064 4342 3097 4414 ἢ
3119 4340 3247 4408 δόξα
3270 4341 3352 4404 είς
3378 4340 3503 4402 τοὺς
3531 4336 3723 4397 αἰῶνας.

484 4432 698 4488 fructus
727 4435 909 4490 omnis
940 4450 1006 4490 ac
1035 4435 1303 4505 deperiet.
1332 4436 1591 4499 Proinde.
1626 4444 1686 4491 ut
1707 4436 1820 4506 jam
1865 4434 2073 4489 dictum
2107 4416 2154 4475 ί)
2193 4432 2366 4504 Ἀμήν

484 4536 590 4592 est,
639 4544 863 4584 necesse
891 4531 982 4594 sit,
1017 4530 1115 4585 tibi
1162 4538 1223 4585 ut
1252 4530 1515 4588 concilies
1547 4531 1784 4586 virtutes
1824 4531 2066 4601 reliquas
2104 4546 2227 4601 qua:
2291 4545 2391 4584 sua
2456 4529 2814 4599 proportione
2852 4529 3083 4585 comites
3127 4527 3374 4583 assident
3414 4525 3506 4581 uni
3533 4520 3727 4594 virgini-

487 4623 615 4688 tati;
649 4624 765 4693 ipsa
794 4625 942 4679 enim
984 4625 1309 4681 sublimiore
1375 4628 1548 4699 gradu
1613 4634 1841 4682 czeteras
1883 4627 2288 4697 antegreditur.
2324 4627 2382 4680 lu
2436 4634 2598 4681 utero
2640 4627 2915 4697 siquidem
2958 4626 3202 4697 Virginis
3247 4625 3343 4679 Dei
3375 4624 3600 4680 Verbum
3638 4620 3724 4675 sibi

485 4718 824 4773 domicilium
852 4719 1073 4790 delegit,
1107 4736 1171 4776 ac
1211 4721 1569 4776 mansitavit:
1602 4737 1709 4791 qua
1749 4738 1855 4775 una
1884 4737 1951 4775 ex
2014 4737 2073 4776 re
2135 4736 2371 4792 agnosce
2441 4731 2647 4791 quanta
2695 4721 3015 4791 przepolleat
3043 4721 3213 4792 gloria
3256 4720 3557 4793 virginitas.
3583 4716 3727 4783 Quot-

485 4825 623 4882 quot
664 4824 845 4869 autem
890 4832 948 4871 se
984 4831 1309 4873 consecrant
1379 4819 1511 4882 Deo,
1557 4816 1840 4873 Christum
1907 4832 2136 4873 necesse
2172 4824 2260 4873 est
2304 4814 2614 4871 imitentur.
2639 4815 2728 4871 Ait
2768 4816 2914 4871 enim
2959 4817 3204 4873 Paulus:
3242 4835 3259 4867 ι
3300 4818 3601 4871 imitatores
3637 4809 3725 4865 mei
3780 4806 3788 4813 ’

486 4917 684 4974 estote,
716 4908 859 4963 sicut
887 4919 941 4963 et
972 4925 1074 4981 ego
1101 4910 1307 4966 Christi
1333 4912 1399 4965 ⁷³.
1445 4911 1543 4965 »1η
1578 4912 1778 4966 talibus
1808 4911 2062 4981 proinde,
2105 4925 2174 4965 ne
2196 4909 2489 4980 vestigium
2514 4908 2739 4979 quidem
2772 4909 3022 4965 invenire
3068 4912 3142 4965 sit
3206 4908 3513 4980 prudentia:
3549 4902 3724 4960 carnis.

489 5003 633 5056 Sane
664 5005 811 5057 omni
842 5006 1340 5075 circumspectione
1378 5007 1785 5077 providendum
1816 5016 1901 5061 est
1923 5006 2133 5077 proprii
2187 5005 2373 5061 cordis
2420 5005 2705 5069 custodite,
2768 5022 2870 5061 nec
2941 5006 3047 5061 sibi
3093 5007 3204 5060 ulla
3262 5020 3485 5075 prorsus
3542 5001 3725 5056 ratione

490 5097 772 5166 permittat
808 5098 981 5167 virgo,
1014 5114 1137 5153 cum
1168 5100 1579 5154 adolescentulo
1644 5102 1861 5171 quovis,
1935 5108 1996 5154 ut
2034 5099 2243 5170 aliquid
2271 5099 2644 5155 communicet
2671 5106 2726 5155 et
2751 5100 3033 5170 conspiret
3090 5100 3300 5154 arcani.
3324 5098 3565 5169 Virgines
3616 5106 3725 5147 vero

490 5198 908 5252 consecratione
936 5199 1032 5254 Dei
1063 5200 1428 5264 venerabiles,
1489 5199 1582 5254 sed
1617 5206 1672 5253 et
1734 5206 1893 5253 aetate
1939 5196 2338 5267 provectiores,
2419 5195 2472 5248 in
2518 5210 2687 5249 unum
2731 5195 2775 5249 si
2839 5196 3253 5264 comperientur
3287 5191 3615 5252 convenisse,
3644 5202 3724 5241 ne-

492 5290 721 5345 cessitas
748 5292 972 5363 insuper
994 5304 1216 5365 appetat
1254 5294 1677 5350 administrandi
1748 5293 1973 5357 ferculi;
2043 5307 2142 5346 vos
2175 5291 2533 5361 virgunculaa.
2585 5307 2779 5345 manus
2824 5298 3031 5344 vestras
3076 5304 3179 5344 suo
3211 5304 3439 5360 qumque
3483 5283 3723 5343 obvolvite

494 5386 736 5452 palliolo.
768 5385 924 5439 llaud
971 5402 1130 5443 secus
1176 5389 1311 5442 viris
1353 5387 1594 5443 arbitror
1642 5387 1973 5451 faciendum,
2015 5395 2075 5441 ut
2110 5401 2238 5442 cum
2297 5385 2507 5455 pudore
2574 5395 2724 5441 recta
2760 5393 3107 5448 contuentes,
3142 5395 3292 5439 caste
3337 5390 3392 5439 et
3431 5381 3650 5436 modeste
3674 5376 3719 5435 in

495 5477 729 5532 Dniuino
748 5494 875 5533 suas
900 5479 1145 5549 ipsorum
1171 5498 1365 5536 manus
1385 5482 1771 5536 circumteetas
1829 5488 1951 5550 toga
1995 5494 2120 5534 eum
2161 5478 2483 5544 habuerint,
2511 5476 2625 5534 illic
2651 5477 2934 5535 secedant.
2968 5476 3179 5549 1062
3205 5474 3314 5532 Sed
3342 5484 3397 5532 et
3422 5482 3539 5530 ante
3565 5468 3717 5527 omnia

570 5634 615 5663 ⁷³
647 5634 663 5688 Ι
700 5634 825 5689 Cor.
860 5651 934 5689 XI.
979 5637 1026 5688 Ι.

647 5634 663 5688 l
700 5634 825 5689 Cor.
860 5651 934 5701 xu,
979 5637 1026 5688 l.

1790 5726 2022 5785 γΑιιιΑε
2065 5723 2473 5783 LECTIONES.

1399 5820 1423 5859 δ
1448 5820 1690 5890 ἁγνείαν.

578 5829 599 5856 ³
634 5819 847 5876 ἐλπίδα.
927 5836 949 5860 α
988 5819 1326 5891 πομπεύσῃς.
