4052 6588
412 353 536 426 1501

1119 366 1447 429 ΗΟΜΙΙᾸᾹ
1485 367 1680 432 XXII.
1715 396 1784 408 --
1834 373 1931 432 DE
1974 369 2577 434 INCONTINENTIA
2618 374 2955 438 LlNGUAE.

3522 377 3656 444 1502

407 467 674 563 virginem
707 470 959 542 addecet,
990 491 1061 534 ne
1092 480 1340 549 privetur
1378 485 1566 554 sponsi
1605 485 1808 556 gaudio
1857 499 1923 540 ac
1973 485 2184 551 laetitia,
2215 501 2374 540 suam
2419 496 2482 542 ut
2539 488 2837 545 concinnet
2894 491 3224 563 lampadem,
3259 508 3324 548 ac
3362 494 3543 548 oleum
3576 496 3657 548 in-

406 561 620 626 fundat,
650 565 832 622 oleum
877 569 1037 638 plane
1084 573 1368 646 morigerae
1409 579 1741 634 obedientia:
1767 597 1781 633 :
1811 579 1978 650 idque
2009 581 2165 651 juxta
2230 581 2570 637 Dominicam
2637 586 2954 653 parabolam
2987 561 3095 656 qua
3137 586 3343 641 dicitur
3385 606 3398 643 :
3452 608 3470 639 ι
3524 590 3659 644 Pru-

407 657 603 753 de_ntes
625 678 957 734 acceperunt
989 670 1172 726 oleum
1200 673 1258 728 in
1283 677 1427 730 vasis
1465 676 1582 732 suis
1615 677 1682 742 “,
1714 695 1733 729 ι
1780 676 2057 747 simulque
2093 691 2479 736 convenerunt
2504 695 2629 735 cum
2676 698 2902 752 Sponso,
2943 698 3206 753 saneque,
3250 684 3598 740 desiderabili
3638 700 3655 740 :

413 767 436 851 ι
461 749 530 804 Ει
556 753 744 812 clausa
766 765 852 815 est
872 761 1062 832 janua.
1096 783 1116 816 ι
1148 765 1221 821 At
1279 767 1366 823 ha:
1425 768 1650 826 interim
1683 770 1899 842 perpeti
1963 771 2164 842 gaudio
2193 773 2564 843 perfruuntur
2606 749 2950 848 sui—sponsi.
3001 749 3111 850 Ipsi
3138 780 3309 851 gloria
3349 781 3402 835 in
3437 781 3655 838 saecula.

408 840 603 899 Amen.

1005 994 1225 1048 ΛΟΓΟΣ
1257 993 1388 1051 KB'.

925 1108 1065 1178 Περὶ
1091 1115 1470 1183 προπετείας.

480 1213 648 1289 Φησὶν
693 1221 722 1274 6
773 1222 976 1294 νόμοςο
1011 1247 1030 1280 ι
1072 1228 1200 1284 Ἐὰν
1248 1224 1382 1287 ὦσιν
1409 1235 1988 1308 διαμεμαρτυρημένα

411 1308 583 1381 αὐτῷ,
623 1313 822 1387 καὶμὴ
865 1317 1109 1394 ἀφανίσῃ
1161 1323 1347 1390 αὑτὸν,
1405 1326 1678 1382 ἀποτίσει.
1719 1347 1738 1379 ι
1798 1329 1988 1384 Ἔστιν

353 1475 365 1487 ⁸
418 1401 509 1455 ὅτε
550 1407 610 1458 ὲν
652 1409 944 1480 συμποσίῳ
995 1416 1288 1487 προσπηδᾷ
1323 1418 1352 1470 6
1405 1419 1685 1484 κενόδοξος
1726 1419 1990 1492 λογισμὸς

415 1495 646 1569 λαλῆσαι
676 1499 1005 1572 βουλόμενος
1033 1508 1186 1579 παρὰ
1213 1509 1306 1564 τὸν
1337 1510 1551 1582 καιρόν.
1576 1513 1988 1586 Διαμαρτύρον-

411 1589 502 1643 ταί
525 1607 586 1644 σε
615 1593 668 1645 oi
699 1594 893 1662 ἁγαθοὶ
923 1597 1200 1669 λογισμοὶ,
1226 1601 1492 1671 ἀφανίσαι
1513 1603 1605 1657 τὸν
1626 1604 1990 1677 φιλοφλύαρον

411 1680 695 1754 λογισμόν.
734 1686 862 1742 Ἐὰν
881 1689 1064 1744 τοίνυν
1093 1692 1169 1764 μὴ
1195 1693 1480 1762 ἀφανίσεις
1505 1697 1669 1750 αὑτὸν
1690 1700 1756 1766 τῇ
1785 1699 1986 1770 σιωπῇ,

411 1771 550 1827 ἀλλά
578 1783 934 1849 παραχωρεῖς
959 1781 1125 1834 αὐτὸν
1152 1783 1458 1853 προελθεῖν,
1493 1786 1614 1840 τότε
1635 1787 1822 1840 λοιπὸν
1851 1789 1990 1842 ἀπο-

411 1863 585 1929 τίσεις
606 1867 670 1921 τὸ
702 1868 947 1941 ὄφλημα,
984 1871 1016 1943 ἢ
1043 1874 1291 1948 ἁμαρτίᾳ
1323 1878 1536 1950 μεγάλῃ
1572 1880 1676 1934 ὑπὸ
1699 1880 1804 1950 τῆς
1835 1881 1989 1953 δίκης

409 1960 757 2031 παραδοθείς.
775 1963 834 2018 Ὀ
844 1965 956 2034 γὰρ
972 1967 1250 2039 προπετὴς
1268 1970 1326 2022 ἐν
1342 1970 1486 2041 λόγῳ
1506 1971 1540 2043 ἢ
1559 1972 1618 2025 ἐν
1643 1973 1987 2044 πράγμασιν,

408 2053 522 2124 ἔχει
552 2053 648 2108 καὶ
674 2055 736 2108 τὸ
750 2055 992 2128 θολερὸν,
1022 2058 1218 2129 ἥδιστα
1235 2061 1293 2113 δὲ
1322 2063 1416 2115 καὶ
1440 2061 1789 2129 θεσμοθετεῖν
1821 2063 1984 2118 θέλει·

409 2143 568 2215 ζητεῖ
617 2144 728 2217 γὰρ
785 2147 874 2201 ἀεὶ
921 2150 1417 2220 καταγωνίζεσθαι.
1457 2156 1672 2209 καὶτὸν
1699 2156 1857 2224 λόγον
1889 2160 1991 2212 αῦ-

407 2235 505 2290 τοῦ
536 2238 810 2308 κυρῶσαι.
855 2238 912 2293 Ὀ
947 2240 1005 2294 δὲ
1033 2243 1274 2306 τοιοῦτος
1304 2245 1524 2316 ἰσχυρὸς
1549 2247 1762 2318 ἄφρων,
1799 2250 1988 2303 ἀκούει

408 2327 520 2399 γὰρ
576 2331 730 2400 παρὰ
755 2331 852 2384 τοῦ
886 2333 1321 2406 Παροιμιαστοῦ,
1363 2356 1382 2390 ι
1426 2340 1524 2403 Ὃς
1573 2341 1837 2395 πέποιθεν
1893 2343 1988 2397 ἐπὶ

411 2423 607 2495 θράσει
663 2426 913 2495 καρδίας,
949 2428 1184 2500 ἄφρωνο
1223 2432 1380 2500 σοφοὶ
1435 2432 1492 2486 δὲ
1545 2434 1847 2506 κρύψουσιν
1901 2435 1991 2490 αῖ·-

413 2514 630 2585 σθησιν.
685 2535 706 2571 ι
748 2518 896 2572 Καί’
955 2521 1185 2593 ιζΣτόμα
1237 2524 1549 2595 προπετοῦς
1598 2527 1808 2597 ἐγγίζει
1859 2546 1988 2583 συνο

410 2607 574 2679 τριϐῇ
597 2623 612 2639 ⁶
635 2609 958 2680 φειδόμενος
993 2612 1050 2666 δὲ
1077 2613 1326 2681 χειλέων,
1357 2617 1578 2688 νοήμων
1620 2617 1790 2674 ἔσται.
1829 2641 1848 2674 ι
1885 2623 1993 2678 Kal.

415 2699 580 2752 πάλιν
607 2716 622 2731 ’
665 2718 684 2752 ι
719 2703 817 2766 ⁸ος
867 2703 1136 2772 φυλάσσει
1165 2706 1228 2760 τὸ
1269 2708 1444 2776 στόμα
1469 2710 1665 2776 αὐτοῦ,
1701 2715 1861 2784 τηρεῖ
1894 2713 1992 2784 τὴν

415 2791 612 2847 ἑαυτοῦ
637 2793 834 2866 ψυχήν·
866 2796 896 2848 6
918 2795 978 2849 δὲ
1006 2797 1288 2869 προπετὴς
1313 2800 1569 2870 χείλεσιν,
1608 2804 1836 2873 πτοήσει
1865 2804 1994 2858 ἑαυ-

415 2882 528 2938 τόν.
567 2902 587 2936 ι
628 2885 742 2938 Καὶ
770 2886 934 2942 πάλιν
968 2904 984 2922 ο
1037 2907 1059 2941 ι
1105 2890 1204 2954 Ὃς
1239 2892 1599 2963 ἀποκρίνεται
1657 2893 1817 2963 λόγον
1865 2897 1994 2966 πρὶν

415 2975 668 3042 ἀκοῦσαι,
709 2978 995 3052 ἀφροσύνη
1039 2980 1189 3052 αὐτῷ
1225 2983 1377 3036 ἐστιν
1415 2985 1509 3037 καὶ
1564 2984 1786 3050 ὄνειδος.
1828 3006 1847 3038 ι
1884 2987 1995 3041 Kal.

417 3063 574 3132 αὖθις
603 3084 618 3098 ο
655 3086 676 3121 ι
727 3069 856 3124 Ἐὰν
892 3071 1011 3142 ίδῃς
1039 3072 1206 3144 ἄνδρα
1235 3073 1404 3144 ταχὺν
1433 3076 1492 3127 ὲν
1518 3074 1722 3144 λόγοις,
1758 3079 1995 3144 γίνωσκε

417 3159 501 3213 ὅτι
525 3159 718 3222 ἐλπίδα
743 3161 858 3232 ἔχει
877 3163 1078 3234 μᾶλλον
1103 3166 1131 3217 6
1157 3164 1366 3236 ἄφρων,
1400 3166 1590 3222 αὐτοῦ.
1627 3186 1646 3219 ι
1675 3169 1784 3222 Καί
1813 3186 1827 3201 ·
1865 3188 1884 3222 ι
1937 3169 1996 3223 ⁸0

418 3253 702 3326 προπετὴς
730 3255 788 3308 ὲν
825 3255 990 3326 λόγῳ,
1035 3256 1420 3327 μισηθήσεται.
1462 3277 1481 3311 ι
1532 3258 1589 3312 Ὀ
1619 3259 1676 3312 δὲ
1721 3259 1994 3324 Ἰάκωϐος·

421 3364 444 3399 ι
477 3347 544 3401 Εἴ
569 3365 653 3411 τις
703 3349 762 3400 ἐν
811 3348 957 3420 λόγῳ
1005 3350 1066 3402 οὐ
1121 3350 1329 3416 πταίει,
1388 3343 1546 3414 οὗτος
1604 3351 1811 3416 τέλειος
1860 3352 1998 3424 ἀνὴρ

416 3435 642 3503 δυνατὸς
687 3439 1138 3510 χαλιναγωγῆσαι
1173 3441 1269 3494 καὶ
1319 3441 1440 3494 ὅλον
1490 3443 1552 3495 τδ
1600 3443 1782 3514 σῶμα.
1815 3464 1833 3496 ι
1892 3446 2001 3498 Kal.

421 3531 585 3586 πάλιν
610 3547 624 3560 ·
672 3550 691 3584 ι
733 3533 916 3586 Ἔστω
941 3535 1049 3597 πᾶς
1089 3533 1401 3599 άνθρωποις
1431 3535 1602 3605 ταχὺς
1642 3538 1722 3601 είς
1746 3537 1808 3590 τὸ
1836 3538 2000 3591 ἀκοῦ-

2012 957 2062 1014 Α

2626 1003 2911 1062 IIOMILIA
2961 1006 3129 1064 XXII.

2402 1115 2480 1172 De
2511 1118 2688 1188 eﬁ'ren-i
2728 1119 3103 1174 incontinentia
3134 1120 3342 1192 linguaz.

2162 1230 2276 1285 Lex
2296 1230 2470 1286 dicit:
2509 1250 2527 1283 ι
2565 1232 2620 1287 Si
2683 1232 3056 1287 testimonium
3117 1235 3344 1288 tulerint
3393 1234 3663 1292 adversus

2091 1319 2270 1386 illum,
2308 1329 2365 1374 et
2402 1320 2520 1390 ipse
2552 1336 2662 1374 non
2686 1321 2954 1376 occiderit
2981 1337 3128 1386 eum,
3167 1337 3383 1392 pcenam
3417 1321 3532 1376 luet
3557 1323 3657 1376 ⁷⁵.»

2088 1413 2371 1484 Contingit
2415 1429 2810 1484 nonnunquam
2868 1423 2928 1468 ut
2968 1414 3113 1468 inter
3158 1415 3489 1484 epulandum
3523 1415 3663 1468 hila-

2090 1507 2246 1571 riter,
2301 1507 2562 1576 cogitatio
2613 1507 2862 1576 quaedam
2925 1507 3206 1560 exoriatur
3271 1523 3336 1562 ac
3393 1507 3664 1562 subsultet

2089 1598 2276 1670 gloria:
2321 1599 2520 1662 inanis,
2555 1600 2746 1654 volens
2772 1598 3231 1668 intempestiviter
3261 1599 3315 1652 in
3353 1614 3662 1654 sermonem

2089 1706 2400 1761 erumpere.
2430 1693 2712 1746 Adversus
2748 1692 2892 1746 hanc
2939 1692 3098 1746 bonae
3129 1690 3271 1745 valiae
3321 1707 3423 1746 suo
3479 1707 3537 1745 se
3566 1690 3667 1746 ob-

2085 1783 2289 1854 jiciunt
2322 1785 2636 1840 testimonio
2687 1785 3067 1855 cogitationes,
3100 1798 3223 1854 qua:
3257 1783 3556 1838 reclamant
3602 1799 3666 1837 ac

2089 1884 2468 1947 protestantur
2505 1894 2615 1933 non
2645 1878 2850 1933 debere
2886 1886 2936 1932 le
2960 1876 3344 1948 cogitationem
3386 1876 3535 1930 illam
3579 1875 3667 1929 ni-

2090 1967 2196 2022 mis
2227 1983 2391 2037 quam
2425 1984 2690 2039 nugacem
2731 1969 2787 2022 in
2815 1967 3095 2038 publicum
3139 1967 3481 2037 depromere.
3514 1967 3666 2020 lianc

2091 2060 2260 2130 igitur
2301 2059 2407 2115 nisi
2429 2060 2588 2116 freno
2614 2061 2818 2116 silentii
2848 2061 2904 2114 in
2938 2075 3002 2114 os
3026 2060 3228 2130 injecto
3266 2059 3662 2130 suppresseris,

2091 2155 2188 2210 sed
2215 2154 2503 2209 ell‘reniter
2533 2163 2589 2208 et
2620 2154 3008 2224 intempestive
3043 2152 3240 2208 siveris
3269 2153 3415 2206 illam
3443 2151 3666 2222 prodire

2093 2247 2150 2300 in
2176 2246 2423 2316 apricum
2446 2264 2459 2300 :
2484 2245 2746 2315 deinceps
2763 2246 2882 2300 lues
2897 2261 3060 2315 quam
3080 2243 3408 2314 promereris
3427 2259 3664 2314 pmnam,

2091 2347 2186 2395 aut
2217 2350 2365 2394 certe
2402 2340 2656 2409 exigente
2675 2337 2888 2409 justitia
2914 2338 2967 2391 in
2992 2345 3150 2391 atrox
3178 2335 3398 2406 aliquod
3425 2344 3481 2390 et
3503 2351 3666 2406 grave

2089 2442 2374 2506 peccatum
2400 2432 2710 2501 prolabere.
2741 2429 3008 2498 Sermone
3040 2429 3187 2484 enim
3218 2438 3315 2484 aut
3337 2429 3501 2482 rebus
3536 2427 3669 2497 ipsis

2093 2529 2417 2585 temerarius
2456 2528 2550 2592 qui
2603 2533 2725 2590 est,
2763 2524 2904 2578 mire
2955 2524 3002 2578 is
3050 2529 3135 2578 est
3185 2521 3554 2585 turbulentus,
3615 2529 3672 2574 et

2092 2619 2330 2692 agitatur
2369 2616 2733 2686 intemperiis.
2781 2615 2948 2684 Atqui
2983 2615 3126 2668 idem
3151 2629 3346 2684 magna
3366 2627 3491 2667 cum
3517 2613 3673 2667 volu-

2093 2722 2242 2785 ptate
2281 2711 2470 2767 studet
2499 2709 2713 2765 caeteris
2751 2709 2967 2763 sancire
2993 2707 3162 2777 leges,
3207 2722 3272 2760 ac
3314 2705 3437 2775 jura
3471 2704 3672 2772 cuique

2095 2802 2502 2876 prmscribere;
2557 2801 2681 2856 aliis
2726 2798 3129 2854 contentiosius
3163 2797 3433 2852 adnititur
3470 2795 3675 2865 palma-

2095 2899 2238 2952 rium
2282 2895 2580 2966 praeripere
2624 2902 2680 2946 et
2710 2892 3012 2947 evincere:
3047 2904 3325 2960 quemque
3365 2901 3674 2942 sermonem

2097 2987 2266 3043 semel
2301 3002 2397 3041 ore
2421 2982 2731 3055 protulerit,
2769 2991 2948 3036 ratum
2980 2981 3112 3036 facit
3136 2982 3289 3050 priva
3324 2979 3672 3044 auctoritate,

2099 3082 2279 3134 tirmat
2309 3087 2366 3132 et
2397 3077 2593 3133 sancit.
2626 3076 2731 3143 Qui
2759 3075 3032 3147 ejusmodi
3077 3083 3180 3139 est,
3225 3073 3583 3128 vehementer
3617 3087 3676 3127 se

2098 3171 2419 3242 comprobat
2451 3169 2880 3239 imprudentem.
2915 3167 3056 3221 Audi
3093 3166 3241 3220 enim
3283 3174 3362 3230 tu,
3396 3163 3489 3220 sed
3518 3180 3548 3218 a
3579 3165 3681 3220 Pa-

2099 3266 2378 3322 rmmiaste
2407 3281 2421 3319 :
2453 3283 2471 3315 ι
2499 3262 2601 3329 Qui
2625 3261 2856 3317 conﬁdit
2894 3260 2949 3314 in
2975 3259 3202 3314 audacia
3229 3258 3434 3323 cordis,
3466 3258 3642 3329 impru
3664 3286 3677 3298 -

2100 3359 2237 3413 dens
2267 3366 2352 3414 est
2379 3375 2394 3424 ;
2434 3357 2711 3427 sapientes
2733 3364 2915 3409 autem
2948 3352 3288 3409 abscondent
3315 3367 3535 3407 sensum
3575 3351 3672 3406 ⁷⁸.»

2100 3451 2201 3506 Et:
2239 3470 2257 3503 ι
2295 3450 2369 3506 Os
2403 3450 2656 3520 procacis
2677 3449 3010 3519 propinquat
3040 3445 3356 3501 contritioni
3389 3462 3402 3510 ;
3429 3446 3523 3514 qui
3548 3460 3678 3498 vero

2102 3541 2278 3613 parcit
2302 3542 2483 3605 labiis,
2517 3541 2831 3611 intelligens
2877 3541 2987 3594 erit
3018 3539 3086 3592 ⁷⁷.
3133 3558 3150 3589 ι
3216 3539 3470 3592 Rursus:
3530 3555 3548 3586 ι
3573 3534 3676 3602 Qui

421 3639 532 3690 σαι,
559 3625 655 3678 καὶ
685 3624 887 3695 βραδὺς
915 3628 995 3689 εἰς
1030 3626 1092 3680 τὸ
1120 3625 1371 3699 λαλῆσαι.
1409 3648 1428 3682 ι
1463 3630 1575 3682 Kal.
1603 3629 1799 3698 ἐπάγει
1832 3646 1847 3662 ο
1880 3650 1899 3683 ι
1936 3633 1995 3685 Εἰ

2101 3633 2343 3690 custodit
2375 3649 2438 3687 os
2467 3648 2650 3697 suum,
2680 3641 2864 3687 servat
2887 3631 3125 3685 animam
3157 3645 3310 3683 suam
3335 3631 3382 3662 ⁷⁸
3412 3645 3427 3694 ς
3461 3628 3555 3698 qui
3585 3643 3679 3681 au-

418 3715 476 3772 δέ
497 3735 582 3781 τις
604 3719 752 3773 δοκεῖ
776 3717 1016 3789 θρῆσκος
1066 3716 1229 3786 εἶναι,
1268 3721 1343 3793 μὴ
1374 3721 1767 3792 χαλιναγωγῶν
1817 3723 1998 3792 γλῶσ-

423 3826 522 3863 σαν
567 3811 761 3876 αὑτοῦ,
814 3811 953 3866 ἀλλὰ
1005 3813 1232 3867 ἀπατῶν
1282 3814 1512 3884 καρδίαν
1558 3814 1746 3882 αὑτοῦ,
1805 3817 1998 3871 τούτου

428 3903 658 3972 μάταιος
685 3904 718 3976 ἡ
749 3903 1037 3974 θρησκεία.
1071 3922 1090 3955 ι
1121 3905 1231 3958 Καὶ
1261 3905 1425 3960 πάλιν
1453 3922 1466 3937 ·
1501 3923 1520 3957 ι
1557 3907 1648 3978 Μὴ
1677 3908 1866 3962 πολλοὶ
1921 3909 2002 3961 δι-

419 3995 677 4051 δάσκαλοι
706 3996 942 4066 γίνεσθε,
965 3997 1187 4066 ἀδελφοί
1221 4014 1346 4068 μου,
1385 3999 1590 4063 εἰδότες
1611 3999 1695 4053 ὅτι
1723 3998 1783 4053 τὸ
1815 4001 2001 4071 μεῖζον

421 4089 596 4158 κρῖμα
640 4085 944 4158 ληψόμεθα.
997 4087 1174 4142 Πολλὰ
1222 4087 1331 4159 γὰρ
1376 4088 1643 4160 πταίομεν
1676 4090 1937 4154 ἅπαντες.
1975 4109 1996 4142 ι

423 4180 532 4233 Kal.
553 4181 582 4234 6
607 4178 812 4245 Παῦλος
845 4196 860 4210 σ
901 4200 919 4232 ι
951 4180 1072 4234 Ἵνα
1094 4183 1152 4234 ὲν
1177 4182 1308 4253 ἡμῖν
1337 4181 1546 4253 μάθητε
1576 4183 1659 4246 τὸ,
1697 4183 1770 4254 μὴ
1804 4183 1944 4254 ὑπὲρ
1972 4182 2001 4237 ὃ

421 4273 755 4342 γέγραπται,
814 4276 1051 4346 φρονεῖν,
1104 4273 1190 4328 ἵνα
1242 4275 1317 4347 μὴ
1356 4269 1437 4338 εἷς
1464 4275 1603 4346 ὑπὲρ
1626 4275 1721 4329 τοῦ
1749 4277 1867 4341 ἐνὸς
1901 4295 2002 4348 φυ-

424 4365 642 4419 σιοῦσθε
687 4367 830 4420 κατὰ
868 4366 964 4420 τοῦ
1007 4366 1220 4439 ἑτέρου.
1258 4386 1277 4418 ι
1321 4368 1432 4421 Καὶ
1464 4367 1528 4421 τό
1552 4385 1567 4399 ’
1625 4386 1644 4420 ι
1685 4368 1752 4422 Ἦ
1809 4369 2000 4441 ἀγάπη

420 4457 485 4513 οὐ
512 4459 937 4531 περπερεύεται,
979 4459 1040 4514 οὐ
1094 4459 1405 4529 φυσιοῦται,
1466 4459 1567 4514 οὐκ
1618 4461 1941 4531 ἀσχημονεῖ.
1976 4480 1996 4513 ο

423 4553 534 4606 Kal
567 4551 860 4624 ἐπιφέρει·
903 4570 922 4604 ι
955 4552 1109 4606 Δοκῶ
1139 4554 1247 4624 γὰρ
1278 4553 1360 4606 ὃτι
1417 4554 1448 4606 6
1491 4553 1625 4616 Θεὸς
1681 4554 1831 4624 ἡμᾶς
1875 4553 2002 4618 τοὺς

423 4644 757 4708 ἀποστόλους
786 4648 1049 4716 ἐσχάτους
1082 4645 1364 4713 ἀπέδειξεν
1403 4645 1480 4710 ὡς
1528 4645 1934 4707 ἐπιθανατίους.
1976 4665 1996 4699 ι

424 4741 536 4793 Kal.
563 4737 654 4792 τόο
692 4758 710 4791 ι
751 4738 942 4810 Ἡμεῖς
969 4738 1144 4810 μωροὶ
1175 4739 1263 4792 διὰ
1290 4738 1546 4810 Χριστόν.
1578 4757 1596 4790 ι
1620 4739 1878 4808 Ἀμεινον
1907 4733 2003 4792 οὖν

424 4831 574 4884 ἔστιν
609 4832 839 4900 σιωπᾷν,
883 4830 979 4883 καὶ
1010 4824 1172 4892 εἶναι,
1199 4830 1232 4902 ἢ
1263 4829 1564 4893 λαλοῦντας
1595 4828 1669 4900 μὴ
1690 4824 1850 4882 εἶναι.
1883 4829 2001 4881 Ka-

425 4921 516 4975 λὺν
551 4921 616 4975 τὸ
635 4922 930 4986 διδάσκειν,
964 4922 1062 4976 ἐὰν
1094 4924 1121 4976 ὀ
1145 4922 1320 4990 λέγων
1351 4925 1503 4994 ποιῇ.
1531 4917 1625 4986 Εἷς
1645 4917 1738 4976 οὖν
1776 4925 1805 4976 6
1858 4923 2000 4976 διδά-

2103 3734 2212 3782 tem
2239 3725 2570 3780 temerarius
2605 3734 2691 3779 est
2743 3724 2926 3789 labiis,
2985 3721 3183 3792 perdet
3242 3721 3486 3790 seipsum
3539 3721 3606 3772 τ’.
3657 3738 3672 3770 ι

2101 3819 2390 3888 Itemque:
2449 3836 2467 3868 ι
2495 3816 2598 3883 Qui
2649 3815 2946 3886 respondet
2991 3827 3325 3878 sermonem,
3359 3811 3677 3881 priusquam

2101 3911 2306 3978 audiat,
2349 3909 2722 3980 imprudentia
2751 3910 2856 3964 erit
2902 3907 2982 3962 illi
3035 3915 3090 3962 et
3143 3905 3502 3976 opprobrium
3547 3902 3614 3958 ⁸⁸.
3656 3922 3671 3955 ι

2101 4001 2306 4056 lterum
2334 4017 2347 4053 :
2382 4019 2400 4050 ι
2429 4000 2486 4054 Si
2520 3997 2725 4053 videris
2753 3998 2935 4051 virum
2965 3996 3208 4050 velocem
3235 3995 3302 4048 ad
3319 3993 3676 4063 loquendum,

2099 4095 2239 4151 scito
2272 4094 2402 4164 quia
2451 4109 2562 4164 pra:
2611 4092 2704 4146 illo
2733 4105 2886 4160 spem
2928 4089 3094 4143 habet
3145 4088 3348 4142 stultus
3393 4087 3461 4139 ⁸¹.
3494 4105 3511 4137 ι
3572 4085 3675 4140 Et:

2109 4207 2127 4238 ι
2155 4185 2420 4241 Sermone
2449 4199 2651 4255 procax
2679 4190 2736 4238 et
2771 4180 3120 4244 temerarius,
3157 4178 3380 4232 odibilis
3411 4177 3520 4232 erit
3549 4175 3616 4228 ⁸³.
3655 4195 3673 4226 ι

2099 4277 2337 4334 Jacobus
2369 4294 2382 4330 :
2422 4293 2441 4327 ι
2473 4275 2530 4331 Si
2563 4274 2690 4345 quis
2726 4273 2898 4328 verbo
2932 4288 3041 4326 non
3079 4270 3330 4334 offendit,
3364 4268 3456 4323 hic
3503 4271 3683 4338 perfe-

2103 4379 2225 4426 ctus
2253 4377 2337 4425 est
2365 4369 2469 4434 vir,
2498 4376 2692 4438 potens
2717 4367 2934 4421 frenare
2957 4365 3122 4419 etiam
3157 4372 3330 4417 totmn
3349 4375 3550 4430 corpus
3574 4360 3640 4412 ⁸³.
3658 4379 3676 4410 ι

2104 4463 2359 4517 Rursus:
2403 4479 2420 4512 ι
2459 4459 2544 4514 Sit
2589 4458 2772 4513 omnis
2808 4458 2978 4512 homo
3019 4457 3176 4510 velox
3213 4453 3282 4508 ad
3319 4453 3680 4515 audiendum,

2104 4554 2294 4608 tardus
2328 4552 2397 4606 ad
2438 4551 2778 4621 loquendum
2815 4550 2883 4603 ⁸⁵.
2921 4568 2939 4603 ι
2979 4547 3198 4602 lnducit
3233 4564 3246 4601 :
3296 4564 3314 4596 ι
3349 4543 3404 4600 Si
3435 4543 3560 4613 quis
3587 4560 3687 4596 an.

2102 4656 2214 4701 tem
2259 4643 2479 4699 videtur
2505 4643 2795 4712 religiosus
2822 4656 2964 4707 esse,
2990 4656 3101 4694 non
3131 4638 3416 4693 refrenans
3441 4637 3683 4707 linguam

2103 4753 2280 4802 suam,
2300 4736 2467 4808 hujus
2494 4751 2632 4789 vana
2657 4742 2743 4788 est
2767 4733 2964 4803 religio
2993 4732 3065 4787 ⁸⁸.
3107 4752 3126 4784 ›
3162 4731 3367 4786 lterum
3402 4748 3416 4784 :
3452 4748 3469 4780 ι
3503 4728 3683 4783 Nolite

2103 4829 2261 4885 multi
2297 4843 2418 4885 esse
2449 4825 2716 4896 magistri,
2742 4824 2938 4879 fratres
2960 4823 3088 4888 mei,
3103 4823 3340 4878 scientes
3360 4821 3487 4891 quia
3510 4820 3684 4889 majus

2099 4921 2368 4995 judicium
2391 4934 2692 4974 sumemus.
2717 4917 2775 4971 In
2806 4917 2992 4971 multis
3021 4917 3168 4971 enim
3205 4915 3541 4970 olfendimus
3568 4930 3682 4968 om-

425 5013 625 5077 σκαλος
651 5030 666 5045 ο
719 5015 794 5077 ὡς
847 5010 1021 5080 εἶπεν,
1082 5015 1177 5068 καὶ
1238 5015 1476 5083 ἐγένετο.
1529 5016 1639 5068 Kal.
1665 5015 1702 5069 ἃ.
1741 5015 1906 5083 σιγῶν
1943 5015 1995 5069 δὲ

2107 5031 2207 5072 nes
2226 5015 2294 5068 ⁸⁸.
2327 5034 2345 5065 ι
2381 5013 2582 5068 Paulus
2615 5013 2746 5066 item
2780 5028 2794 5064 :
2838 5029 2856 5061 ι
2885 5010 2956 5066 Ut
3005 5010 3060 5063 in
3103 5009 3264 5064 nobis
3301 5008 3526 5063 discatis
3574 5022 3682 5060 non

424 5108 749 5177 πεποίηκεν,
787 5109 916 5174 άξια
957 5109 1054 5163 τοῦ
1083 5109 1295 5181 Πατρός
1328 5111 1493 5164 ἐστιν.
1540 5109 1601 5164 ’0
1629 5110 1786 5178 λόγον
1827 5109 2002 5180 Ἰησοῦ

423 5200 662 5273 Χριστοῦ
693 5201 1066 5272 ζκεκτημένος,
1117 5201 1336 5272 ἀληθῶς
1360 5200 1584 5256 δύναται
1612 5202 1708 5254 καὶ
1741 5204 1838 5273 τῆς
1868 5203 2004 5272 ἡσυ-

425 5295 549 5366 χίας
581 5293 750 5348 αὐτοῦ
775 5292 1019 5358 ἀκούειν,
1055 5290 1196 5366 ἵναῇ
1225 5294 1431 5359 τέλειος
1467 5309 1481 5323 ⁶
1513 5293 1600 5348 ἴνα
1624 5293 1692 5347 δι’
1727 5286 1802 5347 ὧν
1831 5292 2002 5358 λαλεῖ,

427 5387 672 5458 πράσση,
702 5386 798 5440 xal.
829 5385 898 5439 δι’
943 5379 1018 5441 ὧν
1069 5387 1216 5457 σιγᾷ,
1262 5387 1619 5459 γινώσκηται.
1674 5385 1839 5440 οὐδὲν
1895 5386 2004 5458 γὰρ

425 5477 677 5531 λανθάνει
700 5477 793 5530 τὸν
831 5475 1057 5546 Κύριον,
1117 5476 1255 5532 ἀλλὰ
1316 5479 1412 5532 καὶ
1452 5480 1522 5533 τὰ
1575 5477 1794 5552 κρυπτὰ
1822 5478 2002 5551 ήμῶν,

501 5660 545 5691 ⁷⁵
579 5659 768 5713 Matth.
807 5673 929 5723 xxv,
959 5659 1012 5712 4.
1087 5658 1133 5690 ⁷⁸
1159 5658 1319 5712 Deut.
1354 5674 1463 5724 xIx,
1499 5660 1585 5714 11.
1650 5661 1698 5693 ’⁸
1727 5659 1888 5716 Prov.
1923 5677 1995 5714 xx

2097 5703 2104 5724 ,
2133 5659 2223 5716 26.
2301 5659 2347 5691 ⁷⁷
2379 5659 2538 5714 Prov.
2559 5673 2688 5720 xvii,
2720 5655 2814 5711 28.
2886 5655 2933 5686 ⁷⁸
2960 5655 3116 5724 Prov.
3141 5669 3252 5724 xxr,
3279 5651 3371 5708 25.

2103 5124 2271 5180 supra
2297 5121 2361 5160 ea
2390 5119 2513 5175 qua:
2537 5103 2745 5172 scripta
2776 5109 2907 5156 sunt
2927 5116 3142 5172 sapere,
3174 5108 3236 5154 ut
3282 5115 3352 5154 ne
3393 5113 3536 5153 unus
3583 5112 3708 5167 pro-

2103 5218 2214 5259 uno
2245 5199 2470 5256 inﬂetur
2494 5197 2760 5252 adversus
2793 5196 3028 5250 alterum
3052 5195 3119 5246 ⁸⁷.
3154 5214 3172 5246 ι
3200 5195 3267 5248 Et
3288 5193 3421 5248 illud
3449 5209 3461 5246 :
3493 5211 3512 5242 ι
3538 5189 3683 5246 Cha-

2103 5297 2241 5350 ritas
2283 5308 2396 5348 non
2431 5290 2544 5362 agit
2572 5304 2884 5360 perperam,
2914 5304 3024 5342 non
3052 5287 3291 5351 inﬂatur,
3316 5302 3426 5340 non
3457 5293 3541 5340 est
3565 5301 3684 5338 am-

2101 5383 2400 5442 bitiosa".
2440 5402 2459 5436 ι
2498 5383 2567 5439 Et
2617 5381 2824 5436 infert:
2885 5399 2903 5432 ι
2940 5381 3080 5435 Puto
3136 5380 3285 5434 enim
3339 5378 3487 5447 quod
3537 5378 3684 5430 Deus

2101 5496 2205 5537 nos
2245 5476 2524 5550 apostolos
2558 5474 2888 5556 novissimos
2921 5473 3190 5539 ostendit,
3227 5481 3485 5540 tanquam
3516 5469 3677 5523 morti

3449 5650 3492 5682 "’
3511 5648 3655 5703 Ecrli
3667 5689 3680 5702 .

433 5747 505 5793 ix,
529 5730 620 5785 25.
687 5719 926 5785 "Prov.
949 5745 1096 5792 xvm,
1130 5728 1212 5782 15.
1285 5729 1330 5760 ⁸¹
1366 5719 1528 5786 Prov.
1561 5747 1705 5796 xxix,
1728 5730 1819 5784 20.
1891 5719 2126 5785 "Eccli.
2153 5747 2226 5796 rx,
2267 5729 2358 5784 25.
2425 5729 2470 5761 ”
2506 5729 2620 5784 Jac.
2655 5719 2732 5792 in,
2764 5727 2820 5780 2.
2896 5725 2940 5759 ⁸⁵
2970 5723 3086 5781 Jac.
3125 5741 3162 5792 ι,
3200 5723 3284 5778 19.
3361 5719 3557 5776 l"’lbid.
3588 5719 3678 5774 26.

438 5801 479 5832 ’δ
518 5799 629 5856 Jac.
666 5816 745 5866 ιιι,
785 5801 836 5865 1,
867 5800 921 5854 2.
997 5801 1040 5831 ⁸⁷
1074 5799 1091 5853 l
1121 5800 1247 5855 Cor.
1288 5816 1361 5867 tv,
1392 5801 1444 5856 6.
1515 5801 1559 5835 ⁸⁸
1595 5800 1766 5858 ICor.
1800 5817 1914 5871 xm,
1964 5802 2015 5858 4.
