4052 6572
505 359 524 421 1
538 359 641 422 503

1776 360 2141 421 ANTIOCHI
2182 363 2526 424 MONACHI

3598 377 3708 445 1504

500 468 804 524 destinatos
836 469 882 502 ⁸⁹
915 509 930 522 .
967 488 986 521 ι
1054 470 1123 525 Ει
1174 468 1352 523 illud:
1406 486 1426 520 ι
1462 467 1575 524 Nos
1632 469 1786 525 stulti
1851 481 2078 541 propter

2179 475 2346 540 ἐγγὺς
2369 474 2535 528 αὐτοῦ
2567 476 2729 530 εἰσιν.
2780 475 3115 547 Φοδηθῶμεν
3163 471 3255 531 οὖν
3311 480 3373 532 τὸ
3420 484 3580 551 κρῖμα
3625 490 3713 541 τῶν

497 558 778 612 Christum
808 559 878 611 ⁸ο.
923 577 943 610 ι
983 558 1169 613 Satius
1202 557 1392 626 igitur,
1414 564 1474 609 ut
1496 555 1659 611 sileas
1690 564 1747 610 et
1774 556 1886 621 sis;
1914 572 2081 625 quam

501 660 560 703 ut
587 648 852 720 loquaris,
878 664 981 703 nec
1015 649 1237 703 interim
1266 648 1363 702 sis.
1401 648 1721 718 Egregium.
1761 647 1955 713 fateor,
1997 657 2083 703 est

499 740 719 805 docere,
752 740 915 795 modo
943 755 1064 809 quae
1089 739 1214 809 quis
1247 740 1403 804 dicit,
1437 739 1617 793 faciat.
1672 740 1883 810 1063
1936 738 2079 796 Sane

503 849 644 887 unus
676 832 780 887 fuit
823 833 1101 901 magister,
1141 831 1258 901 qui,
1286 848 1407 901 quae
1442 832 1601 894 dixit,
1634 831 1766 887 fecit
1796 850 1808 886 :
1845 849 1967 886 nam
1992 834 2079 888 vel

502 934 707 983 tacens.
740 925 900 995 digna
922 925 1092 995 gessit
1124 925 1283 978 Patre
1334 940 1454 978 suo.
1509 924 1614 990 Qui
1670 925 1903 978 verbum
1948 926 2079 980 Iesu

498 1016 701 1071 Christi
739 1032 908 1086 penes
934 1032 992 1070 se
1026 1025 1179 1071 tenet
1203 1032 1267 1070 ac
1291 1016 1542 1071 recondit
1570 1016 1864 1086 (siquidem
1895 1018 2080 1086 perfe-

499 1116 623 1161 ctus
648 1108 759 1176 jam
788 1106 919 1175 est),
941 1121 1070 1160 vere
1100 1107 1145 1160 is
1180 1113 1362 1176 potest
1411 1108 1495 1161 vel
1551 1107 1833 1161 silentium
1871 1107 2079 1161 Christi

500 1198 827 1266 intelligere,
862 1214 1033 1268 usque
1060 1199 1199 1254 adeo
1231 1208 1292 1253 ut
1328 1215 1425 1268 per
1454 1214 1519 1253 ea
1550 1216 1670 1269 qua:
1699 1200 1921 1269 silentio
1951 1216 2078 1268 pre-

502 1291 599 1343 mit
636 1289 910 1354 Christus,
942 1307 1002 1345 se
1036 1299 1220 1346 tamen
1251 1290 1447 1361 prodat
1469 1300 1525 1345 et
1552 1301 1900 1360 agnoscatur.
1926 1292 2077 1347 Nihil

502 1382 712 1450 uspiam
737 1383 991 1452 estquod
1031 1383 1247 1438 Domini
1289 1383 1463 1453 fugiat
1500 1384 1893 1453 cognitionem,
1943 1384 2079 1453 quin

500 1488 699 1529 arcana
759 1477 1001 1544 pectoris
1044 1478 1214 1531 vestri
1260 1478 1315 1531 in
1345 1478 1647 1547 conspicuo
1682 1477 1762 1532 illi
1793 1488 1920 1532 sunt
1953 1494 2083 1548 pro-

501 1564 665 1618 xime.
732 1566 1009 1622 Iudicium
1050 1568 1236 1639 itaque
1260 1570 1407 1640 quod
1436 1578 1620 1624 manet
1644 1571 1898 1626 doctores
1930 1573 2079 1641 ejus-

500 1657 672 1722 modi,
703 1666 973 1714 terrorem
992 1661 1152 1715 nobis
1180 1662 1431 1715 incutiat.
1458 1662 1845 1717 Abundantius
1872 1664 2078 1717 etenim

495 1744 767 1815 judicium
816 1748 885 1802 iis
909 1750 1163 1806 imminet
1184 1751 1277 1821 qui
1313 1767 1435 1821 qua:
1454 1752 1668 1817 dicunt,
1704 1770 1813 1807 non
1845 1753 2076 1818 faciunt,

2181 564 2535 621 διδασκάλων.
2560 566 2957 639 Περισσότερον
2985 568 3094 637 γάρ
3135 569 3253 623 ἐστι
3309 570 3416 625 τῶν
3466 573 3716 648 λεγόντων,

2182 656 2276 707 καὶ
2331 656 2407 728 μὴ
2462 656 2783 722 ποιούντων,
2815 658 2876 711 τὸ
2911 662 3089 731 κρῖμα
3120 676 3136 692 ·
3171 659 3517 734 ψευδώνυμον
3546 666 3720 733 γνῶσιν

2180 747 2562 813 διδασκόντων,
2594 752 2690 805 καὶ
2725 751 3143 821 ὲμδατευόντων
3162 754 3309 824 εικῆ,
3336 754 3428 808 καὶ
3456 763 3722 830 φυσιουμέ-

2181 855 2289 890 νων
2316 839 2423 892 ἀπὸ
2459 841 2557 893 τοῦ
2598 841 2718 904 νοὸς
2743 843 2844 910 τῆς
2888 844 3091 913 σαρκὸς
3110 885 3127 908 ,
3171 844 3386 913 τυφλῶν
3411 848 3627 917 τυφλοὺς
3654 854 3726 906 ὀδ-

2179 930 2480 997 ηγούντων,
2517 934 2613 987 καὶ
2664 935 2993 1005 ἀμφοτέρων
3052 939 3132 1000 είς
3178 937 3401 1006 βόθυνον
3431 942 3724 1000 πιπτόντων.

2194 1023 2288 1110 :Ex
2317 1025 2426 1095 γάρ
2456 1025 2639 1090 ἐξόδου
2659 1026 2819 1095 λόγου
2850 1028 3001 1098 αὐτῷ
3030 1031 3405 1100 γνωσθήσεται
3435 1035 3583 1106 ἀνήρ.
3612 1039 3728 1110 Περὶ

2181 1106 2257 1166 ὧν
2289 1115 2383 1168 καὶ
2405 1118 2433 1169 ὁ
2467 1117 2786 1181 Ἀπόστολός
2818 1135 2984 1189 φησιν
3011 1136 3025 1151 ⁸
3069 1139 3087 1171 ι
3121 1115 3276 1174 Οὗτοί
3321 1124 3456 1176 εἰσιν
3479 1106 3726 1195 ἀκρατεῖς,

2181 1206 2472 1279 ἀνήμεροι,
2508 1208 2862 1279 ἀφιλάγαθοι,
2913 1211 3191 1282 προδόται,
3245 1218 3552 1284 προπετεῖς,
3595 1234 3728 1272 τετυ.

2182 1299 2442 1367 φωμένοι,
2472 1301 2747 1372 φιλήδονοι
2783 1303 2990 1373 μᾶλλον
3034 1304 3066 1374 ἢ
3108 1305 3366 1372 φιλόθεοι.
3404 1327 3425 1359 ι
3454 1308 3601 1362 Καὶὸ
3620 1329 3730 1380 προ-

2182 1391 2350 1462 πετὴς
2392 1393 2592 1457 Ἰούδας
2628 1397 2657 1448 ὁ
2697 1396 3057 1466 Ἰσκαριώτης
3093 1397 3278 1467 ἔλεγεν
3304 1416 3321 1431 ο
3356 1419 3376 1452 ι
3400 1400 3497 1454 Διά
3521 1402 3571 1455 τί
3599 1402 3753 1469 τοῦτο,

2179 1482 2242 1535 τὸ
2295 1483 2466 1554 μύρον
2511 1488 2611 1540 οὐκ
2670 1487 2886 1558 ἐπράθη
2944 1490 3274 1559 τριακοσίων
3322 1493 3606 1563 δηναρίων,
3654 1495 3733 1549 καὶ

2181 1571 2338 1642 ἐδόθη
2371 1577 2650 1644 πτωχοῖςς
2693 1572 2830 1629 Εἷπε
2890 1576 2948 1629 δὲ
2992 1578 3151 1631 τοῦτο
3200 1579 3301 1650 οὐχ
3355 1581 3439 1634 ὅτι
3482 1584 3605 1653 περὶ
3643 1586 3734 1637 τῶν

2181 1663 2414 1733 πτωχῶν
2445 1665 2650 1735 ήμελεν
2683 1666 2855 1737 αὐτῷ,
2878 1667 2994 1721 ἀλλ’
3029 1669 3114 1723 ὅτι
3144 1670 3388 1741 κλέπτης
3415 1667 3484 1742 ἦν
3508 1689 3525 1705 θ
3553 1670 3661 1745 [καὶ
3682 1675 3735 1729 τὸ

2180 1758 2569 1828 γλωσσόκομον
2583 1755 2748 1830 εἶχεν,
2762 1762 2857 1815 καὶ
2871 1762 2939 1815 τὰ
2960 1763 3343 1833 ὲμϐαλλόμενα
3362 1763 3691 1840 ἐϐάσταζεν]
3714 1786 3730 1821 ι

500 1836 764 1894 docentes
791 1841 910 1897 falsi
945 1844 1185 1899 nominis
1208 1845 1517 1911 scientiam,
1546 1847 1698 1900 nullo
1727 1846 1905 1902 fructu
1926 1862 2079 1902 suam

2184 1850 2400 1904 Μᾶλλον
2422 1850 2480 1905 δὲ
2508 1851 2774 1917 ἄσπονδος
2799 1853 2895 1921 ὢν,
2918 1855 3154 1926 ἀθέμιτα
3180 1856 3363 1911 ἐλάλει
3394 1858 3658 1929 πρέποντα

500 1930 808 1988 doctrinam
830 1935 1088 2002 ferentes,
1112 1946 1169 1991 at
1202 1939 1420 1993 interim
1452 1954 1613 1994 sensu
1643 1939 1824 1994 carnis
1872 1939 2079 1995 exube-

2183 1940 2347 1994 αὑτοῦ
2394 1941 2609 2014 γνώμῃ.
2675 1942 2736 1995 '0
2798 1944 2856 1997 δὲ
2902 1946 3257 2017 μακρόθυμος
3288 1947 3493 2017 Κύριος
3528 1948 3557 2000 ό
3585 1930 3736 2003 πάντα

503 2035 687 2079 rantes
717 2042 781 2081 ac
804 2029 1141 2099 przeturgidi.
1198 2029 1339 2085 Caeci
1397 2047 1523 2086 cum
1573 2030 1704 2095 sint,
1756 2031 1901 2085 viam
1945 2046 2079 2100 pra:-

2183 2029 2386 2099 φέρων,
2420 2029 2634 2098 ἔλεγεν·
2667 2050 2687 2084 ι
2728 2033 2930 2099 Ἀφετε
2961 2035 3152 2106 αὐτὴν,
3189 2038 3270 2100 είς
3297 2035 3399 2107 τὴν
3428 2036 3633 2107 ἡμέραν
3658 2040 3736 2094 τοῦ

501 2122 723 2171 struunt
748 2118 926 2182 caecis,
965 2130 1023 2173 ut
1051 2122 1270 2190 utrique
1316 2121 1371 2175 in
1422 2120 1634 2176 foveam
1696 2122 1893 2176 abeant
1945 2136 2079 2190 prae-

2184 2122 2557 2192 ὲνταφιασμοῦ
2591 2138 2693 2193 μου
2739 2125 3043 2196 τετήρηκεν
3086 2127 3237 2181 αὐτό.
3282 2145 3302 2179 ι
3344 2128 3505 2198 Αὐτῷ
3554 2130 3585 2199 ή
3630 2130 3737 2197 δόξα

500 2208 695 2277 cipites
723 2211 767 2243 “
799 2229 813 2278 ;
838 2212 907 2266 ab
939 2212 1089 2266 exitu
1118 2212 1265 2266 enim
1294 2215 1569 2268 sermonis
1592 2213 1677 2267 sui
1716 2222 2079 2283 coguoscctur

2181 2217 2262 2278 εἰς
2289 2217 2416 2277 τοὺς
2447 2214 2671 2278 αἰῶνας.
2718 2215 2913 2286 ’Δμήν.

500 2301 606 2356 vir.
667 2305 775 2360 Eos
830 2307 925 2377 qui
976 2308 1112 2361 tales
1160 2315 1309 2370 sunt,
1366 2308 1684 2378 perstringit
1733 2307 2070 2376 Apostolus:
2118 2326 2136 2359 ι
2172 2308 2237 2362 Ili
2268 2316 2398 2363 sunt
2464 2309 2891 2373 incontinentes,
2954 2307 3213 2373 immites,
3245 2309 3370 2365 sine
3408 2309 3734 2379 benignitate,

497 2394 827 2463 proditores,
887 2397 1154 2465 protervi,
1217 2396 1412 2462 inﬂati,
1466 2400 1814 2468 voluptatum
1868 2409 2142 2454 amatores
2180 2400 2354 2469 magis
2380 2416 2546 2469 quam
2570 2400 2665 2454 Dei
2690 2401 2757 2451 ".
2795 2418 2814 2449 ι
2847 2399 2954 2456 Sed
2986 2410 3043 2454 et
3071 2401 3299 2455 etl'renis
3334 2402 3427 2456 ille
3470 2403 3646 2472 lingua
3685 2418 3737 2459 ac

497 2497 882 2553 przeprOperus
898 2486 1086 2547 Iudas,
1109 2499 1476 2557 cognomento
1524 2488 1835 2553 Iscariotes,
1860 2489 2080 2543 dicebat
2121 2507 2133 2542 :
2181 2507 2199 2539 ι
2237 2490 2441 2559 thuid
2502 2501 2845 2560 unguentum
2874 2492 2980 2548 hoc
3014 2508 3124 2547 non
3150 2492 3328 2546 veniit
3377 2494 3627 2547 trecentis
3665 2493 3738 2549 de-

498 2574 690 2638 nariis,
744 2582 799 2629 et
845 2575 1032 2630 datum
1056 2586 1140 2633 est
1175 2580 1552 2649 pauperibus?
1582 2579 1720 2635 dixit
1785 2592 1969 2634 autem
2037 2579 2143 2633 boc
2180 2595 2291 2634 non
2326 2583 2472 2650 quod
2525 2597 2796 2651 pauperes
2846 2584 3079 2639 haberet
3125 2601 3292 2649 curae,
3354 2587 3449 2641 sed
3498 2587 3618 2656 quia
3666 2585 3737 2640 fur

496 2674 617 2721 erat
646 2668 731 2722 "z
771 2687 789 2720 ι
831 2670 1014 2738 potius
1066 2687 1223 2738 vero,
1260 2674 1625 2744 implacabilis
1663 2691 1788 2729 cum
1841 2682 2007 2739 esset,
2051 2691 2163 2729 sum.
2204 2676 2449 2745 tegendae
2513 2677 2808 2741 voluntati,
2850 2679 3097 2749 quaedam
3161 2680 3217 2734 in
3272 2681 3517 2751 speciem
3568 2681 3738 2735 decen-

499 2763 575 2816 tia
622 2765 954 2832 praztexebat
999 2767 1167 2823 homo
1211 2770 1577 2824 nefarius.At
1640 2770 1907 2825 Dominus
1971 2770 2361 2840 longanimiter
2423 2780 2620 2825 cuncta
2673 2772 2790 2827 haec
2856 2773 3160 2843 perferens,
3208 2776 3501 2844 respondit
3544 2772 3739 2828 mitissi-

498 2871 621 2913 mus
648 2875 662 2913 :
692 2877 711 2910 ι
751 2859 926 2916 Sinite
954 2877 1097 2928 eam,
1124 2864 1339 2918 indiem
1360 2867 1811 2933 sepulturaainea:
1831 2865 2072 2919 servavit
2110 2865 2215 2919 sibi
2246 2865 2315 2918 “.
2354 2884 2371 2915 ι
2411 2864 2519 2935 Ipsi
2554 2865 2729 2936 gloria
2751 2866 2806 2920 in
2831 2868 3050 2922 saecula.
3078 2868 3277 2923 Amen.

1026 2973 1307 3029 IlOlllUA
1352 2977 1548 3033 XXIII.

1167 3087 1243 3141 De
1301 3091 1405 3145 ira.

566 3198 803 3253 Necesse
854 3201 924 3254 sit
994 3217 1101 3253 non
1155 3203 1489 3257 mediocrem
1550 3205 1658 3257 vim
1713 3204 1815 3260 sibi
1883 3205 2083 3261 inferat

501 3290 664 3345 homo
720 3303 777 3346 et
829 3294 1123 3356 cluetctur,
1181 3294 1557 3349 turbulentam
1613 3296 1756 3353 hanc
1798 3306 1857 3352 ut
1904 3298 2082 3354 frenet

497 3386 843 3441 affectionem
899 3388 1013 3451 irae,
1067 3388 1287 3456 vimque
1339 3390 1534 3444 animae
1572 3391 1639 3444 ad
1667 3392 1802 3445 iram
1838 3409 2078 3462 propen-

499 3476 722 3532 dentem
776 3487 836 3532 ut
885 3480 1168 3533 contineat
1220 3480 1274 3533 in
1322 3480 1500 3536 oilicio
1571 3498 1669 3551 per
1711 3483 2079 3554 longaniniem

502 3570 865 3637 tolerantiam,
885 3587 983 3641 per
1002 3573 1328 3637 orationem,
1349 3590 1411 3628 ac
1429 3575 1513 3629 sui
1528 3591 1691 3644 quam
1716 3576 2080 3632 humillimam

499 3661 886 3733 dejectionem,
941 3665 1078 3719 adeo
1130 3675 1191 3719 ut
1219 3682 1277 3721 se
1316 3682 1417 3721 nec
1441 3666 1622 3721 fucate
1644 3668 1874 3737 judicet,
1900 3671 1992 3738 qui
2025 3671 2080 3725 in

498 3755 733 3810 aliorum
764 3771 931 3817 censu
984 3766 1330 3822 numeretur,
1386 3774 1507 3813 esse
1556 3759 1861 3829 indignum.
1915 3762 2082 3816 Innu-

502 3846 666 3901 tneris
696 3847 967 3916 siquidem
1002 3849 1181 3904 modis
1216 3851 1309 3905 ira:
1350 3852 1603 3904 incentor
1631 3851 1721 3905 hic
1749 3851 1984 3918 daemon,
2018 3869 2082 3907 ac

500 3935 825 3991 multiformi
853 3937 1109 3991 conﬂictu
1141 3937 1419 3992 hominem
1443 3936 1694 3991 adoritur
1709 3946 2077 4008 etoppuguat,

498 4044 596 4084 eos
638 4028 980 4099 potissimum
1020 4031 1113 4099 qui
1155 4030 1223 4085 ad
1255 4032 1637 4087 sustinendum
1673 4046 1904 4101 agonem
1934 4031 2080 4086 hunc

499 4119 558 4175 in
596 4121 882 4190 procinctu
909 4122 1020 4190 jam
1045 4130 1173 4176 sunt
1206 4139 1220 4175 :
1254 4130 1315 4176 ut
1369 4139 1507 4191 quos
1564 4124 1772 4193 ingenti
1826 4136 1952 4175 cum
2006 4122 2082 4176 la—

499 4211 632 4267 bore
666 4214 918 4282 congeris
948 4213 1181 4280 fructus,
1220 4215 1337 4269 sive
1364 4214 1596 4283 jejunio,
1628 4215 1743 4269 sive
1790 4213 2079 4285 pervigilio

498 4307 699 4370 noctis,
729 4308 977 4362 oratione
1023 4318 1077 4363 et
1127 4308 1511 4363 dccantatione
1567 4308 1922 4377 psalmorum,
1986 4315 2079 4361 aut

497 4407 649 4455 certe
710 4400 1129 4454 administrandi
1181 4400 1401 4465 oﬂicio,
1455 4399 1522 4453 ad
1578 4415 1746 4452 unum
1799 4398 2077 4468 dispergat

2783 2982 3003 3035 ΛΟΓΟΣ
3034 2984 3162 3038 KF'.

2105 3116 2154 3177 ο
2777 3092 2918 3160 Περὶ
2968 3093 3175 3163 ὀργῆς.

2253 3204 2526 3272 Μεγάλως
2558 3206 2700 3259 θέλει
2732 3205 3025 3275 βιάσασθαι
3052 3207 3347 3276 ἄνθρωπος
3377 3209 3472 3263 τοῦ
3498 3213 3738 3281 κρατῆσαι

2180 3295 2275 3348 τοῦ
2314 3297 2524 3359 πάθους
2553 3298 2653 3365 τῆς
2682 3298 2876 3367 ὀργῆς,
2911 3296 3006 3351 καὶ
3054 3299 3418 3353 καταστεῖλαι
3458 3301 3547 3353 τὸν
3595 3300 3740 3368 θυμὸν

2180 3384 2283 3454 τῆς
2311 3386 2488 3457 ψυχῆς
2510 3387 2597 3441 διὰ
2629 3387 3032 3458 μακροθυμίας,
3052 3387 3118 3440 δι’
3139 3389 3471 3454 ἐπιεικείας,
3489 3387 3572 3441 διὰ
3594 3403 3739 3458 προσ-

2180 3478 2346 3546 ευχῆς
2393 3480 2487 3532 καὶ
2536 3478 2922 3542 ταπεινώσεως
2946 3495 2963 3510 θ
3015 3480 3110 3532 καὶ
3143 3481 3201 3533 ἐν
3255 3482 3425 3534 παντὶ
3457 3480 3594 3549 ἔχειν
3622 3480 3736 3532 ἑαυ-

2179 3568 2271 3621 τὸν
2305 3568 2632 3639 ἀψήφιστον.
2668 3568 2810 3624 Πολὺ
2844 3571 2953 3641 γὰρ
3008 3571 3239 3640 πολεμεῖ
3285 3574 3313 3625 ό
3361 3572 3565 3642 δαίμων
3607 3564 3739 3634 οὗτος

2180 3663 2277 3732 τῆς
2302 3663 2473 3733 ὀργῆς
2494 3664 2587 3716 τὸν
2611 3663 2918 3735 ἄνθρωπον,
2945 3664 3087 3719 κατά
3108 3664 3339 3728 πολλοὺς
3361 3666 3487 3729 τοὺς
3507 3665 3736 3733 τρόπους.

2183 3754 2420 3822 μάλιστα
2473 3755 2601 3818 τοὺς
2644 3753 3005 3825 βουλομένους
3060 3756 3453 3824 ἀγωνίζεσθαι.
3509 3758 3619 3809 ἰνα
3661 3750 3739 3808 οὖν

2183 3846 2388 3917 συνάγῃ
2418 3846 2667 3918 καρποὺς
2694 3846 2832 3915 μετά
2862 3847 3057 3900 πολλοῦ
3094 3849 3368 3915 καμάτου,
3396 3847 3506 3901 εἴτε
3543 3847 3626 3900 διὰ
3668 3863 3739 3917 νη·

2183 3936 2372 3989 στειῶν
2406 3937 2498 3990 καὶ
2545 3936 2882 4008 ἀγρυπνιῶν,
2914 3937 2947 4005 ἢ
2978 3937 3067 3991 διὰ
3096 3937 3421 4007 προσευχῶν
3462 3938 3553 3990 καὶ
3579 3936 3738 4005 ψαλμ·

2178 4026 2372 4096 ῳδιῶν,
2424 4025 2572 4097 ἣδιά
2613 4025 2923 4089 διακονιῶν,
2961 4027 3051 4094 ὑφ’
3100 4026 3159 4079 ἒν
3213 4026 3501 4096 σκο“ρπίσει
3549 4027 3735 4089 αὐτοὺς,

2184 4117 2421 4187 μάλιστα
2476 4118 2570 4172 ὲάν
2600 4117 2684 4189 ἴδῃ
2718 4117 2841 4172 τινά
2878 4117 3075 4189 μικρὸν
3100 4118 3535 4187 παρατραπέντα
3552 4119 3642 4188 τῆς
3661 4117 3737 4169 εύ-

2180 4209 2301 4279 κῆςο
2368 4209 2721 4283 Ἐπιρῤίπτει
2774 4209 2884 4280 γὰρ
2931 4212 2958 4262 ὁ
2993 4211 3356 4280 παμπόνηρος
3388 4209 3587 4279 δαίμων
3609 4201 3737 4269 οὗτος

2178 4299 2255 4370 τῷ
2283 4300 2576 4372 ἀνθρώπῳ,
2618 4301 2714 4353 καὶ
2746 4298 2841 4362 οὓς
2876 4302 3185 4372 συνήγαγεν
3225 4300 3282 4353 ἐν
3349 4301 3537 4371 πολλῷ
3588 4300 3738 4369 χρόνῳ

2180 4392 2443 4460 καρποὺς,
2477 4392 2535 4445 ὲν
2568 4391 2665 4461 μιᾷ
2696 4392 2837 4462 ῥοπῇ
2870 4389 3017 4461 ὥρας
3054 4391 3358 4461 σκορπίζει.
3419 4392 3527 4445 Καὶ
3580 4389 3738 4443 λοιπὸν

497 4508 690 4546 omnes
716 4508 781 4546 ae
804 4491 1052 4562 dissipet,
1076 4492 1320 4545 omnium
1348 4492 1603 4555 maxime,
1629 4491 1674 4544 si
1696 4506 1860 4559 quem
1874 4489 2075 4542 viderit

2180 4480 2496 4551 εὑρίσκεται
2524 4484 2552 4535 ὁ
2583 4482 2679 4537 ἄνθ
2691 4500 2871 4554 ρωπος
2900 4482 3117 4553 μεθύων
3146 4484 3317 4555 χωρὶς
3346 4479 3515 4545 οἴνου,
3543 4481 3629 4544 οὓς
3659 4479 3737 4533 καὶ

499 4599 689 4653 parum
746 4582 982 4637 orationi
1038 4590 1307 4637 attentum
1341 4590 1504 4651 atque
1536 4589 1904 4636 exerrantcm.
1934 4579 2077 4649 Sug-

497 4676 639 4746 gerit
661 4675 809 4730 enim
829 4675 1071 4730 hominis
1096 4676 1266 4730 menti
1294 4675 1509 4729 daemon
1543 4675 1633 4727 hic
1688 4671 1854 4726 totius
1916 4672 2077 4725 mali-

497 4766 721 4836 gnitatis
773 4766 991 4825 artifex,
1053 4771 1189 4835 quot
1233 4764 1444 4819 fructus
1507 4772 1738 4817 eatenus
1794 4760 2077 4830 coegerit;

501 4865 650 4911 tanto
688 4856 954 4911 nimirum
982 4866 1248 4926 tempore,
1274 4872 1371 4911 eos
1412 4864 1470 4909 ut
1494 4855 1575 4908 vel
1604 4862 1882 4908 momento
1906 4851 2078 4905 inter-

498 4948 664 5019 cipiat
707 4959 763 5005 et
797 4948 1100 5019 disperdat.
1134 4949 1298 5017 Atqui
1334 4949 1497 5002 homo
1534 4947 1657 5000 talis
1688 4945 1952 5013 deinceps
1994 4943 2079 4996 in-

500 5040 721 5094 venitur
755 5040 964 5105 ebrius,
993 5057 1103 5095 non
1138 5041 1268 5095 item
1325 5056 1355 5094 a
1412 5040 1559 5092 vino.
1613 5037 1749 5091 lluic
1810 5035 2081 5091 assimiles

500 5130 749 5198 deplorat
780 5131 981 5185 misere
1010 5132 1277 5200 prephcta
1306 5148 1319 5182 :
1358 5150 1373 5180 ι
1416 5130 1507 5186 Va:
1530 5127 1621 5198 qui
1648 5127 1787 5181 ebrii
1810 5128 1943 5181 estis
1963 5126 2081 5181 sine

499 5222 630 5274 vino
670 5222 735 5274 ⁸⁵.
782 5242 799 5272 ›
838 5220 1054 5277 IIomini
1080 5223 1245 5294 igitur
1272 5221 1441 5276 semel
1470 5222 1678 5275 insesso
1701 5220 1953 5290 passione
1980 5219 2082 5273 hac

502 5314 617 5375 ine,
670 5328 808 5382 Opus
846 5313 1140 5367 admodum
1178 5314 1259 5377 fit,
1294 5314 1524 5368 multum
1577 5313 1853 5366 eluclctur
1896 5308 2079 5379 praesi-

501 5405 593 5459 dio
615 5415 852 5460 extensae
882 5407 1167 5468 orationis,
1194 5422 1313 5460 eam
1342 5422 1371 5459 a
1404 5422 1461 5459 se
1498 5414 1559 5459 ut
1591 5404 1801 5473 ablegct
1849 5412 1904 5457 et
1954 5412 2078 5472 agat

502 5497 555 5550 iu
591 5498 863 5553 exsilium.
891 5498 1035 5553 Sane
1058 5498 1147 5553 cui
1175 5508 1259 5552 est
1288 5497 1438 5553 cordi
1471 5496 1822 5566 perfectionis
1857 5510 2076 5564 seopus,

500 5587 590 5640 cui
628 5604 956 5660 magnopere
985 5590 1163 5659 placet
1204 5606 1345 5659 agon
1394 5587 1741 5658 Spiritualis;
1798 5586 1867 5640 ab
1924 5584 2075 5639 omni

568 5726 611 5755 ”
649 5727 662 5778 Ι
696 5730 821 5780 Cor.
854 5744 965 5786 xm,
996 5728 1049 5779 9.
1131 5727 1176 5757 9°
1218 5726 1349 5778 ibid.
1387 5726 1465 5780 l0.
1546 5726 1586 5757 ⁹¹
1610 5724 1797 5780 Matth.
1834 5742 1917 5787 xv,
1958 5724 2035 5777 Il.

503 5793 550 5826 ³³
614 5794 747 5849 ibid.
786 5799 835 5851 7.
925 5802 966 5830 νδ
1001 5798 1100 5851 lsa.
1136 5813 1278 5859 nix,
1310 5799 1359 5850 9.

2175 4572 2455 4636 ταλανίζει
2480 4575 2508 4627 ὁ
2540 4576 2846 4646 προφήτης,
2881 4576 3059 4643 λέγων
3088 4594 3101 4607 ·
3139 4595 3157 4627 ι
3194 4576 3332 4629 Οὐαὶ
3364 4577 3418 4629 οἱ
3479 4573 3737 4646 μεθύοντες

2180 4663 2307 4716 ἄνευ
2331 4664 2502 4719 οίνου.
2534 4683 2552 4716 ι
2581 4664 2785 4717 Πολλοῦ
2818 4661 2911 4719 οὖν
2937 4666 3151 4734 ἀγῶνος
3189 4665 3360 4718 δεῖται
3407 4667 3436 4718 ό
3482 4664 3737 4734 ἄνθρωπος

2178 4760 2271 4814 τοῦ
2294 4760 2539 4831 ἐξορίσαι
2561 4760 2623 4814 τὸ
2653 4761 2826 4824 πάθος
2852 4761 2950 4829 τῆς
2981 4761 3151 4831 ὀργῆς
3188 4763 3247 4813 ὲν
3299 4761 3551 4831 ἐκτενείᾳ
3592 4774 3737 4829 προσ-

2178 4855 2366 4925 ευχῆς.
2413 4853 2470 4907 Ὁ
2499 4854 2678 4906 τοίνυν
2702 4852 3025 4923 βουλόμενος
3056 4854 3191 4925 πρὸς
3235 4854 3514 4907 τελείωσιν
3564 4853 3734 4916 ἐλθεῖν,

2179 4943 2276 4995 κοιλ⁵
2320 4941 2603 5012 ἐπιθυμῶν
2631 4942 2721 4995 τὸν
2756 4943 3126 5012 πνευματικὸν
3153 4944 3341 5012 ἀγῶνα
3366 4941 3732 5012 ἀγωνίσασθαι,

2181 5034 2286 5088 ἀπὸ
2337 5034 2541 5098 παντὸς
2592 5034 2981 5105 ἐλαττώματος
3036 5036 3206 5107 ὀργῆς
3263 5037 3541 5108 ἀλλότριος
3592 5037 3733 5089 ἔστω.

2178 5125 2252 5177 Τὸ
2278 5123 2386 5195 γὰρ
2419 5123 2641 5195 πνεῦμα
2660 5127 2759 5196 τῆς
2804 5125 2995 5195 ὀργῆς,
3050 5127 3109 5179 ἐν
3152 5130 3218 5197 τῇ
3272 5129 3514 5198 ἡμετέρα
3561 5124 3733 5195 καρδίᾳ

2180 5216 2512 5288 καθήμενον,
2566 5217 2660 5270 τὸν
2703 5218 2803 5287 μὲν
2857 5217 3135 5288 ὀφθαλμὸν
3164 5220 3265 5289 τῆς
3289 5219 3524 5278 διανοίας
3552 5231 3731 5269 σκοτει-

2181 5311 2299 5372 ναῖς
2358 5311 2628 5379 ταραχαῖς
2695 5309 2995 5379 ὲκτυφλοῖο
3051 5310 3257 5373 λοιπὸν,
3314 5310 3438 5364 οὗτε
3487 5310 3730 5377 διάκρισιν

2177 5402 2287 5454 τῶν
2315 5403 2704 5471 συμφερόντων
2728 5401 3003 5472 δυνάμεθα
3050 5402 3377 5473 κτήσασθαι,
3430 5401 3545 5454 οὔτε
3585 5414 3729 5451 πνευ-

2184 5492 2422 5563 ματικῆς
2444 5492 2701 5561 γνώσεως
2730 5495 2911 5564 εὑρεῖν
2944 5493 3271 5564 κατάληψιν,
3311 5493 3433 5547 οὔτε
3462 5488 3729 5563 βουλεύμα-

2180 5601 2271 5648 τος
2314 5585 2520 5653 ἀγαθοῦ
2574 5586 2832 5657 κατέχειν
2890 5587 3227 5656 τελειότητα,
3275 5586 3399 5639 ούτε
3454 5585 3546 5653 τῆς
3581 5580 3725 5638 ὅπως

2149 5723 2532 5780 ³³11Τίιιιοι1ι.
2569 5741 2648 5791 ιιι,
2704 5727 2758 5779 ‘2.
2838 5726 2883 5759 ’³
2915 5727 3045 5781 Luc.
3086 5724 3464 5791 x1v,5;Joziu.
3502 5708 3715 5781 xu,5,C‘-
