4052 6576
350 425 485 492 1505

1343 429 1672 490 nouum
1712 429 1922 492 XXIV.
1960 456 2027 466 —
2057 430 2156 491 DE
2198 406 2648 495 lRACUNDIA.

3472 433 3612 501 15.06

346 542 493 611 ζωῆς
513 539 767 607 γενέσθαι
799 541 1032 613 μέτοχοι.
1065 540 1198 595 Οῦτε
1234 542 1331 612 τῆς
1362 542 1595 609 θεωρίας
1630 542 1724 597 τοῦ
1774 542 1915 596 θείου

2030 542 2349 599 turbulento
2383 544 2602 599 defectu
2633 545 2727 598 ira:
2754 558 2813 600 se
2856 544 3051 599 reddat
3081 530 3293 617 1064
3311 553 3610 605 extorrem.

344 634 523 703 φωτὸς
573 631 820 696 δεκτικὸς
880 636 908 685 ὁ
962 634 1236 706 ἡμέτερος
1285 632 1408 698 νοῦς
1437 635 1727 705 γενήσεται
1759 652 1775 668 ·
1803 633 1925 686 ούτε

344 725 538 791 σοφίας
562 726 800 796 μέτοχοι,
834 713 949 781 ἀλλ’
971 726 1091 780 οὐδὲ
1128 726 1228 790 τὰς
1259 727 1626 799 σωτηριώδεις
1673 728 1776 797 τῆς
1816 726 1928 780 δια-

344 818 580 889 κρίσεως
612 819 809 889 βουλὰς
837 820 1141 890 κτήσασθαι
1195 820 1493 891 δυνάμεθα,
1534 820 1659 873 οὔτε
1696 820 1797 883 τὰς
1830 824 1928 891 τῆς

342 909 694 980 δικαιοσύνης
740 911 1099 983 κυϐερνήσεις
1153 912 1397 983 νηφαλέα
1457 911 1654 983 καρδία
1711 911 1928 982 ἐπέχειν

346 1002 660 1074 ἰσχύσομεν.
704 1004 778 1056 Ού
806 1004 910 1075 χρὴ
952 999 1045 1058 οὖν
1099 1004 1158 1069 ἐξ
1203 1006 1525 1076 οἰασδήποτε
1574 1004 1753 1067 αἰτίας
1809 1004 1925 1073 μετ’

342 1096 516 1166 ὀργῆς
539 1095 807 1149 κινεῖσθαι
840 1096 982 1150 κατά
1014 1097 1107 1150 τοῦ
1133 1098 1452 1168 ὀμοπίστου,
1510 1096 1627 1150 ἀλλ’
1682 1096 1716 1164 ἢ
1767 1096 1927 1165 μόνον

342 1186 487 1241 κατά
505 1186 612 1239 τῶν
641 1187 786 1240 ἰδίων
808 1187 1016 1255 παθῶν,
1045 1190 1137 1242 καὶ
1170 1188 1282 1241 τῶν
1331 1188 1587 1259 πονηρῶν
1624 1186 1922 1257 λογισμῶν,

340 1282 538 1344 οἵτινες
610 1279 932 1333 σπεύδουσιν
982 1281 1263 1350 ἀπατῆσαι
1319 1282 1467 1351 ἡμᾶς
1506 1280 1607 1348 τῆς
1667 1277 1926 1349 ἀληθινῆς

341 1372 486 1427 ὀδοῦ.
512 1372 611 1426 Διά
636 1370 795 1424 τοῦτο
825 1370 935 1444 γὰρ
968 1374 1062 1425 xal
1089 1373 1117 1425 ὁ
1164 1372 1579 1443 Παροιμιαστὴς
1620 1369 1924 1423 ἐντέλλεται

340 1465 517 1533 λέγων
544 1481 558 1496 ο
594 1483 611 1515 ι
665 1463 1001 1529 Ἀπόστησον
1027 1462 1404 1533 παροργισμίιν
1430 1462 1540 1515 ἀπὸ
1593 1461 1709 1522 σοῦ,
1763 1460 1844 1513 ὅτι
1889 1461 1922 1531 ἡ

342 1558 529 1628 νεότης
557 1558 701 1628 καὶὴ
729 1557 883 1611 ἄνοια
919 1556 1275 1629 ματαιότης.ι
1313 1555 1442 1608 Καίο
1473 1572 1491 1605 ι
1522 1554 1805 1625 Μνήσθητι
1829 1552 1922 1606 τοῦ

340 1647 631 1710 κτίσαντός
666 1664 747 1710 σε,
778 1651 835 1700 ὲν
864 1648 1051 1719 ἡμέρα
1084 1646 1337 1716 νεότητός
1361 1663 1477 1699 σου.
1513 1664 1532 1697 ›
1570 1644 1681 1697 Kal
1706 1643 1869 1697 πάλιν
1905 1660 1920 1675 ο

348 1760 367 1794 ι
412 1741 580 1813 Ὀργὴ
619 1742 912 1795 ἀπόλλυσιν
950 1740 1045 1827 δαὶ
1071 1740 1392 1811 φρονίμους,
1418 1738 1579 1806 λόγος
1607 1738 1664 1791 δὲ
1689 1737 1923 1811 σκληρὸς

340 1835 542 1905 ἐγείρει
581 1834 768 1905 ὀργάς.
813 1853 829 1884 ι
870 1834 1017 1886 Καί·
1065 1853 1083 1884 ι
1124 1831 1293 1902 Ὀργὴ
1318 1832 1545 1900 πατρὸς,
1568 1830 1680 1892 υίὸς
1707 1832 1918 1899 ἄφρωνο

2030 634 2312 689 lnterdum
2345 636 2495 690 enim
2520 636 2749 706 spiritus
2777 636 2869 691 hic
2906 638 3002 692 irae
3030 638 3182 691 cordi
3226 639 3495 705 assidens,
3533 652 3614 698 le-

2029 726 2338 783 nebricosis
2376 727 2491 782 suis
2519 728 2866 798 intemperiis
2887 729 3110 783 oculum
3142 731 3346 785 mentis
3374 743 3611 787 excaecat

2028 818 2188 887 adeo,
2216 829 2275 873 ut
2294 820 2349 873 in
2376 821 2649 890 reliquum
2673 837 2794 890 qua:
2811 821 2971 875 saluti
2989 822 3246 891 parandae
3260 823 3611 879 commodent

2028 920 2084 967 et
2122 913 2431 978 conferant,
2482 930 2824 983 nequeamus
2877 915 3239 971 discernere:
3273 933 3381 971 non
3444 918 3609 972 ullam

2029 1005 2449 1075 deprehendere
2496 1006 2917 1077 intelligentiam
2967 1010 3213 1065 scientia:
3260 1010 3608 1080 spiritualis:

2028 1113 2139 1153 non
2176 1099 2345 1154 ullius
2376 1100 2631 1157 obtinere
2666 1100 2924 1155 salutaris
2948 1102 3165 1157 consilii
3192 1104 3607 1172 perfectionem:

2028 1198 2278 1244 extorres
2306 1207 2534 1260 prorsus
2562 1191 2830 1247 efficimur
2861 1195 2985 1249 vitm
3009 1195 3269 1251 felicioris
3303 1213 3318 1262 ;
3349 1212 3459 1250 non
3498 1198 3609 1268 jam

2027 1296 2198 1350 capax
2236 1292 2331 1335 aut
2365 1283 2561 1336 idonea
2593 1282 2762 1337 fuerit
2785 1285 3161 1340 mensdivinae
3184 1286 3325 1341 lucis
3360 1297 3612 1343 contem-

2026 1369 2311 1439 plationis,
2349 1386 2462 1426 non
2500 1371 2738 1441 denique
2764 1372 3046 1441 sapientia:
3074 1374 3359 1429 reddimur
3387 1376 3611 1446 partici-

2026 1475 2144 1530 pes,
2174 1461 2271 1515 sed
2301 1476 2405 1516 nec
2438 1478 2608 1517 unum
2645 1462 2999 1519 admittimus
3043 1465 3281 1520 salutare
3316 1468 3606 1523 consilium

2024 1550 2293 1606 adversus
2319 1553 2641 1622 perplexam
2686 1554 2857 1607 animi
2906 1555 3328 1622 btesitationem,
3367 1572 3476 1612 non
3514 1560 3608 1630 ju-

2025 1642 2173 1698 stitia
2208 1644 2581 1700 moderatrice
2606 1646 2716 1717 jam
2745 1647 3023 1716 possimus
3048 1647 3103 1701 in
3144 1648 3445 1703 sobrietate
3479 1665 3607 1719 pre-

2024 1752 2175 1793 mere
2213 1737 2400 1794 cordis
2439 1739 2845 1810 intemperiem.
2898 1740 3061 1795 Nulla
3115 1740 3284 1812 igitur
3328 1756 3395 1795 ex
3443 1756 3608 1797 causa

2024 1846 2122 1900 par
2151 1838 2235 1885 est
2262 1831 2470 1886 conciri
2500 1847 2604 1886 nos
2629 1846 2727 1902 per
2754 1832 2888 1886 iram
2925 1832 3193 1887 adversus
3223 1833 3349 1887 fidei
3383 1849 3607 1903 compa-

338 1926 511 1997 θυμὸν
543 1926 599 1980 δὲ
632 1926 825 1995 ἀνδρὸς
866 1923 1100 1996 πραΰνει
1135 1923 1390 1996 θεράπων
1429 1926 1712 1993 φρόνιμος.
1754 1943 1771 1972 ι
1813 1920 1915 1975 Ka‘l

2024 1922 2099 1976 ris
2119 1921 2319 1986 virum,
2348 1932 2715 1994 praeterquam
2747 1924 3012 1979 adversus
3042 1926 3296 1995 proprias
3356 1925 3607 1980 affectio-

336 2019 499 2072 πάλιν
531 2035 545 2049 ·
593 2035 611 2067 ι
649 2018 830 2088 Βαρῦς
867 2016 1037 2081 λίθος,
1081 2017 1176 2068 καὶ
1230 2015 1642 2077 δυσόάπακτος
1685 2012 1869 2084 ἄμμος
1902 2029 1916 2042 ·

335 2111 476 2182 ὀργὴ
513 2110 569 2163 δὲ
601 2109 835 2180 ἄφρονος
884 2108 1158 2179 βαρυτέρα
1188 2107 1539 2178 ἀμφοτέρων,
1572 2125 1591 2159 ι
1649 2107 1761 2159 Kal
1812 2106 1919 2158 πά-

336 2203 419 2256 λιν
450 2218 465 2233 ·
502 2221 521 2253 ι
564 2202 655 2272 Μὴ
685 2202 985 2271 ἀποκρίνου
1015 2201 1212 2271 ἄφρονι
1261 2200 1402 2251 κατά
1449 2199 1546 2267 τὴν
1606 2197 1919 2270 ἀφροσύνην

334 2290 527 2357 αὑτοῦ,
561 2292 648 2345 ἴνα
683 2291 759 2362 μὴ
804 2292 989 2361 ὅμοιος
1023 2291 1157 2363 γένῃ
1187 2289 1352 2343 αὐτοῦ
1389 2305 1403 2319 ο
1449 2310 1467 2341 ›
1503 2288 1659 2355 ἀλλὰ,
1702 2308 1721 2341 ι
1759 2289 1920 2343 Ἀπο-

335 2388 524 2456 κρίνου
572 2385 768 2456 ἄφρονι
824 2384 965 2438 κατὰ
1016 2384 1116 2455 τὴν
1163 2385 1479 2454 ἀφροσύνην
1509 2383 1694 2449 αὐτοῦ,
1721 2383 1807 2437 ἵνα
1842 2384 1916 2455 μὴ

333 2477 461 2548 δόξῃ
487 2478 616 2546 παρ’
646 2473 826 2544 ἑαυτῷ
853 2473 1116 2546 φρόνιμος
1146 2469 1305 2526 εἶναι.
1334 2493 1351 2524 ι
1392 2474 1498 2526 Kal
1524 2472 1690 2526 πάλιν
1721 2489 1736 2503 ο
1769 2492 1787 2525 ι
1818 2474 1917 2525 Ἀη

335 2585 488 2639 φρων
519 2568 829 2638 αύθήμερον
858 2565 1173 2634 ἐξαγγέλλει
1196 2565 1367 2636 ὀργήν
1390 2581 1405 2596 ο
1441 2567 1469 2617 ὁ
1497 2565 1552 2618 δὲ
1589 2565 1914 2637 πανοῦργος,

334 2658 676 2728 ταμιεύεται.
720 2678 736 2708 ι
780 2658 889 2710 Καί
923 2673 936 2685 ’
974 2676 991 2708 ι
1030 2655 1266 2726 Φοὸερὸς
1307 2655 1465 2725 λόγος
1488 2658 1753 2725 ταράσσει
1778 2674 1917 2729 καρ-

335 2747 454 2799 δίαν
491 2748 701 2818 ἀνδρός.
735 2765 752 2797 ι
786 2746 894 2799 Καί
921 2762 935 2777 ·
983 2764 1002 2797 ι
1045 2746 1258 2816 Ὥσπερ
1286 2745 1348 2797 τὸ
1375 2745 1517 2816 ὕδωρ
1550 2748 1782 2799 κινεῖται
1814 2747 1918 2800 ὑπὸ

338 2839 456 2911 βίας
487 2838 724 2909 ἀνέμων,
758 2836 931 2902 οὕτως
954 2836 1210 2909 θυμώδης
1241 2838 1576 2908 ταράσσεται
1606 2839 1712 2891 ὑπὸ
1767 2839 1916 2909 λογι-

336 2930 489 3000 σμῶν
514 2930 768 2998 ὀργίλων.
785 2948 803 2980 ι
830 2930 1082 2999 Μοναχὸς
1108 2929 1346 3000 ὀργίλος,
1379 2928 1612 3001 σύαγρος
1630 2931 1913 3003 ὲρημικὸς.

334 3024 475 3077 Ἴδεν
498 3024 670 3087 τινὰς,
698 3022 795 3076 καὶ
825 3024 953 3085 τοὺς
978 3021 1199 3086 ὀδόντας
1236 3022 1587 3093 παρέτρισεν.
1632 3023 1691 3076 Ὀ
1718 3024 1774 3077 δὲ
1817 3026 1918 3079 Ἰά-

334 3114 512 3175 κωεος
539 3115 779 3168 διδάσκει
801 3116 968 3184 ἡμᾶς,
1010 3114 1183 3183 λέγων
1209 3131 1222 3145 ο
1248 3115 1462 3167 «Ἔστω
1486 3117 1593 3177 πᾶς
1626 3116 1917 3185 ἄνθρωπος

2021 2030 2141 2079 nes,
2168 2023 2362 2069 contra
2400 2016 2764 2085 cogitationes
2803 2016 3104 2085 improbas,
3151 2032 3273 2085 quia:
3302 2032 3369 2070 eo
3412 2017 3607 2071 dever—

2022 2113 2157 2176 gunt
2183 2120 2359 2175 prono
2392 2121 2582 2166 cursu,
2613 2113 2676 2159 ut
2731 2121 2833 2160 nos
2883 2122 2914 2160 a
2973 2106 3307 2161 rectitudine
3373 2114 3606 2161 avocent

2022 2215 2166 2254 vera:
2195 2198 2318 2254 vite.
2342 2198 2423 2254 0b
2455 2199 2560 2253 hoc
2584 2199 2745 2269 jubet
2774 2198 3170 2253 Ecclesiastes:
3222 2217 3239 2248 ι
3270 2201 3471 2253 Averte
3520 2200 3606 2254 in-

2020 2291 2393 2362 dignationem
2439 2306 2469 2345 a
2524 2300 2600 2356 te,
2660 2288 2791 2360 quia
2845 2290 3108 2360 juventus
3161 2296 3219 2342 et
3270 2289 3600 2359 ignorantia,
3677 2332 3690 2344 .

2021 2383 2232 2437 vanitas
2258 2384 2326 2436 ⁹⁶.
2368 2402 2387 2433 ι
2423 2383 2491 2437 Et
2519 2399 2532 2435 :
2577 2401 2594 2432 ι
2626 2382 2833 2436 Memor
2858 2390 2979 2435 esto
3005 2379 3284 2436 Creatoris
3307 2381 3407 2445 tui,
3434 2380 3489 2434 in
3511 2380 3603 2437 die

2012 2475 2323 2546 juventutis
2349 2482 2456 2529 tua:
2487 2475 2631 2526 "°".
2672 2493 2691 2525 ι
2720 2474 2979 2528 Rursus:
3042 2491 3059 2522 ι
3090 2472 3172 2526 Ira
3211 2472 3394 2541 perdit
3435 2475 3600 2527 etiam

2016 2564 2341 2636 prudentes,
2368 2578 2551 2619 Sermo
2575 2564 2749 2618 durus
2776 2564 3009 2618 suscitat
3032 2563 3143 2617 iras
3166 2564 3231 2616 ⁹⁹.
3271 2582 3289 2613 ι
3324 2563 3394 2616 Et
3421 2581 3433 2616 :
3476 2582 3493 2613 ι
3520 2565 3602 2617 Ira

2016 2659 2192 2728 patris
2254 2658 2402 2713 filius
2458 2658 2814 2729 imprudens,
2867 2655 3210 2711 iracundiam
3260 2664 3443 2710 autem
3496 2657 3599 2711 viri

2017 2749 2494 2820 mitigatfamuius
2554 2750 2773 2820 sapiens
2813 2751 2852 2802 ⁸.
2890 2769 2908 2801 ι
2973 2750 3256 2803 Rursum:
3326 2767 3344 2800 ι
3409 2748 3603 2803 Gravis

2015 2841 2239 2911 quidem
2268 2842 2425 2911 lapis,
2455 2839 2636 2910 gravis
2691 2840 2822 2893 item
2868 2846 3087 2909 portatu
3138 2855 3327 2904 arena,
3379 2840 3474 2895 sed
3519 2840 3601 2894 ira

2016 2931 2173 2986 stulti
2208 2939 2446 3002 utroque
2478 2930 2699 3001 gravior
2730 2934 2771 2988 ².
2812 2950 2831 2981 ι
2865 2931 3000 2985 ltem
3039 2948 3050 2983 :
3088 2951 3105 2984 ι
3152 2931 3231 2986 Ne
3264 2933 3604 3001 respondeas

2016 3024 2186 3078 stulto
2208 3025 2364 3094 juxta
2396 3022 2695 3077 stultitiam
2734 3023 2877 3092 ejus,
2905 3037 2976 3075 ne
3019 3021 3124 3076 sibi
3180 3022 3435 3077 videatur
3479 3038 3605 3078 esse

2014 3116 2259 3186 prudens
2291 3117 2363 3170 ⁸.»
2414 3116 2618 3169 Iterum
2649 3133 2663 3169 :
2708 3133 2724 3164 ‹
2761 3114 2975 3169 Stultus
3004 3115 3190 3169 statim
3224 3116 3409 3184 prodit
3438 3116 3600 3179 iram,

331 3209 505 3277 ταχὺς
529 3209 608 3269 εἰς
629 3208 690 3259 τὸ
713 3206 966 3271 ἀκοῦσαι,
1016 3207 1111 3260 καὶ
1143 3207 1343 3276 βραδὺς
1390 3210 1470 3269 εἰς
1521 3207 1582 3259 τὸ
1633 3208 1865 3277 λαλῆσαι
1896 3226 1910 3238 ·

2019 3209 2113 3279 qui
2139 3214 2324 3263 autem
2377 3216 2594 3262 astutus
2652 3216 2758 3273 est,
2814 3216 3110 3262 conservat
3167 3223 3287 3261 eam
3346 3208 3385 3261 δ.
3420 3227 3438 3257 ι
3492 3209 3599 3263 Et:

334 3270 537 3367 βραδὺς
580 3296 635 3348 δὲ
659 3297 737 3359 είς
762 3295 953 3366 ὀργήν.
998 3270 1295 3366 Ὀργῆνγάρ
1326 3294 1537 3365 ἀνδρὸς,
1568 3270 1915 3368 δικαιοσύνην

2024 3319 2042 3351 ι
2075 3300 2346 3355 Terribile
2390 3300 2622 3354 verbum
2657 3300 2954 3355 conturbat
3006 3278 3102 3355 cor
3162 3300 3267 3354 viri
3326 3301 3367 3353 ⁸.
3408 3321 3426 3353 ι
3480 3301 3596 3356 Et:

333 3389 467 3441 Θεοῦ
491 3389 550 3440 οὐ
574 3386 1001 3457 κατεργάζεται.
1040 3405 1056 3436 ι
1078 3388 1187 3438 Καὶ
1214 3382 1369 3447 αὖθις
1391 3402 1404 3417 ⁸
1430 3405 1448 3437 ι
1474 3387 1647 3439 Πόθεν
1665 3388 1911 3456 πόλεμοι,

314 3483 429 3553 ,καὶ
448 3481 613 3534 πόθεν
644 3480 812 3551 μάχαι
841 3481 899 3531 ἐν
930 3479 1058 3549 ύμῖν
1084 3496 1099 3544 ;
1128 3480 1230 3532 οὐκ
1262 3479 1532 3542 ἐντεῦθεν,
1563 3481 1628 3532 ὲκ
1657 3480 1765 3532 τῶν
1796 3482 1914 3551 ἡδοο

332 3577 442 3629 νῶν
489 3576 684 3647 (quin;
729 3596 748 3627 ι
793 3576 902 3628 Kal
968 3576 996 3627 ὁ
1060 3575 1273 3636 Παῦλος
1305 3591 1318 3603 ’
1366 3594 1383 3625 ‹
1421 3574 1513 3645 Μὴ
1551 3576 1776 3637 ἑαυτοὺς
1823 3579 1914 3628 ἐκ·

329 3667 630 3732 δικοῦντες,
667 3668 964 3738 ἀγαπητοὶ,
1016 3666 1153 3720 ἀλλά
1210 3667 1328 3719 δότε
1372 3666 1541 3718 τόπον
1578 3668 1644 3737 τῇ
1697 3666 1855 3738 ὀργῇ.
1886 3686 1905 3718 ι

331 3761 444 3814 Kal
466 3760 627 3814 πάλιν
652 3776 667 3792 ο
699 3778 717 3810 ι
758 3761 818 3812 '0
855 3759 1008 3829 ἥλιος
1039 3759 1112 3828 μὴ
1145 3758 1411 3811 ἐπιδυέτω
1446 3758 1538 3810 ἐπὶ
1594 3757 1672 3831 τῷ
1701 3774 1911 3829 παρορ-

328 3851 514 3922 γισμῷ
540 3852 694 3922 ὑμῶν
723 3866 735 3881 ⁸
769 3851 920 3922 Μηδὲ
947 3851 1117 3905 δίδοτε
1142 3852 1306 3904 τόπον
1336 3850 1414 3920 τῷ
1443 3850 1692 3919 διαϐόλῳ.
1738 3870 1756 3904 ι
1800 3851 1911 3904 Kal

329 3944 495 3997 πάλιν
526 3961 540 3975 ·
577 3962 597 3995 ‹
634 3945 794 3998 Πᾶσα
820 3944 1036 4014 πικρία,
1069 3944 1241 4015 θυμὸς
1261 3945 1355 3997 καί
1378 3944 1594 4014 κραυγὴ
1624 3944 1718 3997 καί
1746 3943 1909 4015 βλασ-

327 4037 530 4106 φημία,
549 4035 773 4107 ἀρθήτω
800 4037 893 4104 ἀφ’
917 4036 1071 4107 ὑμῶν
1100 4038 1195 4090 σὺν
1222 4037 1367 4108 πάσῃ
1396 4036 1582 4107 κακίᾳ.
1620 4054 1638 4086 ι
1676 4033 1909 4105 Ὁμοίως

325 4136 424 4187 καὶ
450 4136 477 4186 ὁ
510 4132 676 4185 Δαϐἰδ
706 4149 719 4163 ο
761 4151 780 4183 ι
814 4132 1028 4186 Παῦσαι
1067 4133 1174 4185 ἀπὸ
1210 4133 1401 4204 ὀργῆς,
1446 4131 1540 4184 καὶ
1574 4132 1906 4199 ἐγκατάλιπε

326 4227 523 4296 θυμόν.
565 4247 583 4279 ι
624 4227 763 4280 Kal:
803 4246 821 4278 ι
865 4228 1199 4301 Ὀργίζεσθε,
1236 4227 1332 4279 καὶ
1367 4227 1441 4297 μὴ
1472 4225 1838 4297 ἁμαρτάνετε.
1883 4245 1900 4278 ι

340 4318 400 4372 ’0
425 4318 483 4371 δὲ
512 4318 764 4388 κηδεμὼν
791 4318 901 4371 τῶν
931 4319 1117 4390 ψυχῶν
1138 4318 1295 4389 ἡμῶν
1328 4319 1534 4389 Κύριος
1565 4318 1903 4388 ἀπεφήνατο,

324 4411 539 4480 λέγων·
574 4429 593 4462 ι
644 4412 705 4464 '0
747 4411 1100 4482 ὀργιζόμενος
1150 4411 1229 4476 τῷ
1278 4411 1491 4483 ἀδελφῷ
1545 4410 1710 4464 αὐτοῦ
1761 4412 1904 4481 εικῆ,

325 4503 508 4573 ἔνοχος
534 4502 686 4556 ἔσται
724 4505 790 4573 τῇ
827 4503 1007 4574 κρίσει
1039 4519 1054 4535 °
1092 4503 1151 4567 ὃς
1172 4503 1217 4557 δ’
1253 4506 1320 4557 ἂν
1357 4503 1510 4576 εἴπῃ,
1565 4501 1747 4572 Μωρὲ,
1793 4500 1907 4553 ἕνο-

2023 3409 2041 3441 ι
2078 3390 2232 3447 Sicut
2262 3407 2402 3462 aqua
2427 3401 2679 3446 movetur
2703 3392 2756 3446 vi
2783 3400 3096 3457 ventorum,
3129 3391 3200 3446 ita
3253 3392 3338 3445 vir
3380 3392 3599 3449 iracun-

2016 3483 2120 3537 dus
2150 3484 2404 3537 turbatur
2436 3482 2865 3553 cogitationibus
2914 3484 3009 3537 ira:
3042 3483 3222 3553 plenis
3268 3483 3309 3536 ⁸.
3348 3502 3366 3535 ›
3415 3483 3602 3540 Mona-

2016 3574 2155 3629 chus
2208 3574 2509 3628 iracundus
2561 3590 2694 3644 aper
2754 3584 2839 3629 est
2885 3575 3256 3630 eremiticus:
3308 3577 3601 3644 quosdam,

2014 3683 2140 3722 mox
2179 3676 2241 3723 ut
2269 3668 2493 3733 viderit,
2526 3666 2867 3733 infrendens,
2892 3667 3152 3723 dentibus
3196 3672 3431 3725 exsertis
3473 3673 3600 3726 vulo

2014 3775 2122 3814 nus
2149 3758 2338 3830 aliigit.
2365 3760 2607 3815 Jacobus
2632 3761 2763 3814 item
2789 3760 3023 3829 pu'ichre
3054 3777 3155 3815 nos
3208 3762 3370 3817 docet
3397 3782 3409 3816 :
3465 3783 3482 3815 ι
3516 3765 3601 3819 Sit

2012 3852 2195 3905 omnis
2218 3851 2383 3905 homo
2408 3852 2570 3905 velox
2590 3851 2655 3904 ad
2685 3850 3044 3917 audiendum,
3076 3853 3266 3908 tardus
3282 3856 3349 3908 ad
3368 3856 3601 3926 loquen-

2013 3942 2178 4006 dum,
2212 3951 2269 3997 et
2305 3943 2493 3997 tardus
2519 3944 2587 3996 ad
2623 3943 2802 4007 iram;
2849 3944 2931 3997 ira
2975 3946 3122 3999 enim
3170 3945 3275 3999 viri
3324 3948 3597 4017 justitiam

2011 4035 2106 4090 Dei
2153 4050 2265 4089 non
2296 4044 2558 4105 operatur
2604 4037 2646 4089 '.
2682 4056 2701 4087 ι
2746 4036 2881 4090 Item
2917 4055 2930 4090 :
2977 4056 2995 4087 (
3034 4037 3190 4093 Unde
3236 4039 3399 4100 bella.
3452 4043 3597 4095 unde

2010 4139 2208 4195 pugnae
2237 4125 2383 4179 inter
2409 4126 2547 4179 vos?
2575 4140 2761 4180 nonne
2802 4126 2951 4191 hinc,
2988 4142 3057 4181 ex
3090 4128 3465 4198 voluptatibus
3496 4146 3595 4186 ve-

2010 4217 2141 4270 stris
2165 4216 2226 4268 “?
2261 4236 2279 4268 ι
2312 4215 2515 4270 Paulus
2544 4217 2675 4270 item
2702 4235 2743 4269 τι
2776 4216 2897 4271 Νοιι
2926 4234 3023 4272 vos
3046 4219 3195 4288 ipsos
3219 4220 3589 4289 vindicantes,

2009 4308 2342 4370 eharissimi,
2392 4307 2489 4361 sed
2543 4307 2669 4362 date
2703 4308 2885 4362 locum
2937 4309 3031 4364 ira:
3058 4313 3100 4362 ν.
3135 4331 3152 4361 ι
3220 4312 3291 4365 Ει
3354 4329 3589 4368 rursus:

2014 4419 2033 4452 ι
2067 4402 2157 4457 Sol
2189 4417 2299 4456 non
2325 4401 2541 4455 occidat
2567 4417 2734 4471 super
2768 4403 3110 4458 iracundiam
3157 4414 3394 4461 vestram
3424 4424 3438 4472 ;
3487 4424 3590 4461 no-

2006 4495 2103 4549 lite
2135 4494 2265 4549 dare
2323 4492 2503 4547 locum
2558 4493 2779 4548 diabolo
2828 4495 2889 4549 θ’.
2931 4515 2949 4547 ι
3012 4496 3291 4551 Rursum:
3344 4518 3361 4549 ι
3401 4498 3592 4553 Omnis

325 4614 420 4667 χος
445 4597 597 4650 ἔσται
621 4599 697 4660 είς
720 4599 818 4667 τὴν
842 4598 1067 4664 γέενναν
1099 4596 1193 4650 τοῦ
1230 4597 1419 4668 πυρός.
1455 4613 1473 4648 ι
1522 4595 1682 4666 Αὐτῷ
1710 4596 1742 4666 ἡ
1780 4593 1906 4659 δόξα

2018 4586 2345 4652 amaritudo,
2389 4595 2445 4641 et
2488 4587 2795 4648 iracundia,
2819 4595 2877 4642 et
2907 4589 3133 4654 clamor,
3163 4598 3218 4644 et
3250 4589 3589 4661 blasphemia

323 4685 405 4745 εἰς
426 4684 553 4748 τοὺς
582 4684 804 4747 αἰῶνας.
845 4685 896 4735 Ἀ
909 4685 1035 4755 μήν.

2014 4680 2238 4735 tollatur
2270 4678 2482 4733 avobis
2530 4696 2655 4735 cum
2705 4682 2853 4735 omni
2902 4681 3109 4737 malitia
3156 4684 3220 4740 '°.
3259 4702 3278 4734 ι
3337 4682 3588 4740 Concinit

324 4771 496 4826 David
526 4792 537 4827 :
568 4793 586 4824 ι
616 4774 813 4828 Desine
838 4773 907 4827 ab
945 4774 1045 4839 ira,
1076 4782 1131 4829 et
1158 4774 1479 4843 derelinque
1544 4774 1786 4829 furorem
1851 4774 1914 4827 ¹¹.
1949 4793 1967 4824 ι
2014 4772 2080 4826 Ει
2116 4788 2129 4825 :
2171 4789 2188 4821 ‹
2225 4769 2533 4825 lrascimini
2560 4779 2615 4825 et
2642 4772 2812 4827 nolite
2837 4788 3064 4841 peccare
3089 4776 3149 4825 ".
3181 4794 3200 4826 ι
3249 4774 3357 4830 Sed
3393 4784 3447 4830 et
3476 4776 3587 4830 Do-

323 4866 527 4932 minus,
594 4876 909 4923 nostrarum
975 4867 1240 4938 providus
1302 4878 1526 4922 curator
1570 4868 1901 4931 animarum,
1942 4863 2270 4920 sententiam
2337 4862 2482 4917 hanc
2524 4864 2715 4919 tulit:
2757 4884 2773 4915 ι
2802 4863 2992 4919 Omnis
3021 4865 3114 4934 qui
3145 4868 3401 4921 irascitur
3428 4867 3583 4922 fratri

323 4970 426 5010 suo
452 4957 570 5011 sine
597 4973 780 5024 causa,
810 4973 937 5014 reus
959 4959 1066 5014 erit
1106 4957 1319 5029 judicio
1350 4975 1364 5025 ;
1400 4958 1494 5028 qui
1530 4967 1711 5013 autem
1768 4957 1992 5024 dixerit,
2033 4956 2202 5020 fatue,
2248 4969 2376 5009 reus
2404 4956 2510 5010 erit
2547 4956 2813 5027 gehenna:
2854 4956 2997 5027 ignis
3026 4958 3089 5012 ”.
3126 4976 3142 5009 ι
3167 4958 3275 5028 lpsi
3332 4958 3498 5029 gloria
3525 4960 3584 5016 in

321 5050 543 5106 Baecula.
575 5051 770 5104 Amen.

916 5165 1134 5218 ΛΟΓΟΣ
1184 5166 1310 5218 ΚΔ¹.

885 5275 1026 5342 Περί
1080 5275 1297 5344 θυμοῦ.

393 5388 502 5441 Kal
527 5353 768 5459 περὶτοῦ
801 5387 974 5457 θυμοῦ
1006 5387 1168 5457 ήνίκα
1200 5387 1419 5460 εἰσέλθῃ
1458 5405 1539 5441 σοι
1575 5388 1902 5458 πείρασμδς,

319 5477 353 5549 ἢ
390 5479 689 5546 ἀντιλογία,
728 5479 760 5549 ἢ
794 5479 1089 5548 ὲρεθισμὸς
1118 5479 1256 5549 πρός
1298 5497 1421 5532 τινα
1462 5479 1681 5548 κινῆσαι
1711 5479 1902 5546 θυμὸν,

324 5570 594 5641 μνήσθητι
633 5570 732 5640 τῆς
765 5568 1096 5639 προσευχῆς,
1136 5569 1347 5623 καὶτοῦ
1380 5569 1585 5641 ταύτης
1615 5570 1901 5641 κρίματος,

392 5730 438 5763 9‘
462 5730 627 5781 Prov.
656 5742 744 5788 xv,
774 5727 827 5780 4.
942 5725 1060 5757 ’τσθδ
1089 5725 1233 5779 Eccl.
1268 5742 1364 5783 xu.
1400 5727 1448 5779 1.

321 5800 343 5831 ⁸
379 5801 537 5854 Prov.
576 5815 695 5853 xm.
752 5797 837 5851 16.
912 5797 933 5826 ⁸
972 5796 1129 5849 Prov.
1176 5812 1269 5851 xit.
1307 5797 1396 5850 ‘25.

1554 5726 1598 5757 9°
1626 5726 1787 5778 Prov.
1820 5742 1909 5784 xv,
1947 5727 1997 5779 1.

1472 5798 1491 5827 ⁶
1522 5795 1689 5849 Eccli.
1716 5812 1846 5855 xxn,
1874 5796 1942 5848 Εζῦ

2420 5159 2630 5231 1065
2665 5160 2806 5216 11οΜ
2814 5160 2950 5215 11.1Α
2986 5160 3175 5217 XXIV.

2076 5273 2149 5327 De
2183 5274 2489 5337 iracundia,
2528 5275 2634 5327 sive
2668 5273 3031 5351 indignatione
3064 5281 3114 5327 et
3160 5275 3519 5330 animositate.

2070 5386 2188 5441 Jam
2221 5386 2289 5441 de
2322 5386 2536 5441 acriore
2559 5387 2651 5441 illo
2682 5386 2890 5457 impetu
2917 5386 3085 5443 animi
3114 5387 3578 5455 incandeseentis,

2001 5479 2047 5533 si
2092 5477 2316 5547 quando
2365 5488 2417 5532 Ie
2474 5476 2762 5532 adorietur
2812 5479 3044 5534 tentatio
3094 5480 3396 5549 qumpiam,
3454 5489 3580 5550 puta

2000 5570 2371 5626 contradictio
2396 5577 2493 5624 aut
2533 5570 2793 5635 irritatio,
2832 5586 2954 5641 qtae
2982 5572 3081 5626 tibi
3119 5572 3384 5626 adversus
3415 5585 3581 5623 unum

3129 5726 3327 5780 ῬΙ-ογ.
3360 5743 3448 5782 xv.
3487 5727 3574 5779 9|.

3069 5796 3275 5851 ’Rom.
3334 5813 3428 5862 xu,
3488 5798 3575 5852 19.

2112 5728 2128 5757 ¹
2156 5726 2312 5779 Prov.
2360 5741 2526 5789 xxvn,
2557 5724 2646 5779 33.
2752 5727 2771 5756 ²
2796 5724 2936 5778 Ibid.
2967 5725 3021 5779 5.

2038 5798 2057 5827 ⁷
2087 5797 2202 5849 Jac.
2235 5812 2272 5857 ι,
2302 5796 2386 5859 19,
2417 5796 2506 5850 20.
2620 5797 2640 5825 "
2671 5795 2783 5849 Jac.
2814 5812 2885 5857 Iv,
2920 5797 2970 5848 1.

320 5873 360 5902 ⁹⁹
388 5870 588 5940 Ephcs.
624 5866 795 5933 H326,
826 5866 914 5919 ‘27.
986 5868 1026 5896 ‘°
1058 5865 1193 5919 Ibid.
1227 5867 1313 5919 51.
1400 5869 1435 5898 ”
1469 5866 1609 5921 Psal.
1640 5882 1819 5930 xxxvi,
1859 5868 1908 5919 8.

2018 5866 2194 5923 'Psal.
2218 5882 2286 5931 tv,
2323 5867 2373 5919 ὕ.
2454 5865 2707 5919 H’Matth.
2739 5883 2791 5929 v,
2824 5865 2913 5919 ‘22.
