  <div class='ocr_page' id='page_1' title='image "/cluster/home/n/w/nwhite01/storage/ocr_20150623/89/hvd.32044010610574/761.png"; bbox 0 0 4052 6534; ppageno 0'>
   <div class='ocr_carea' id='block_1_1' title="bbox 511 357 650 425">
    <p class='ocr_par' dir='ltr' id='par_1_1' title="bbox 511 357 650 425">
     <span class='ocr_line' id='line_1_1' title="bbox 511 357 650 425; baseline 0 -1"><span class='ocrx_word' id='word_1_1' title='bbox 511 357 650 425; x_wconf 82' lang='grc'>1507</span> 
     </span>
    </p>
   </div>
   <div class='ocr_carea' id='block_1_2' title="bbox 1777 358 2539 424">
    <p class='ocr_par' dir='ltr' id='par_1_2' title="bbox 1777 358 2539 424">
     <span class='ocr_line' id='line_1_2' title="bbox 1777 358 2539 424; baseline 0.004 -4"><span class='ocrx_word' id='word_1_2' title='bbox 1777 358 2150 422; x_wconf 77' lang='lat' dir='ltr'><strong>ANTIOCHI</strong></span> <span class='ocrx_word' id='word_1_3' title='bbox 2187 359 2539 424; x_wconf 75' lang='lat' dir='ltr'><strong>MONACHI</strong></span> 
     </span>
    </p>
   </div>
   <div class='ocr_carea' id='block_1_3' title="bbox 3618 381 3732 450">
    <p class='ocr_par' dir='ltr' id='par_1_3' title="bbox 3618 381 3732 450">
     <span class='ocr_line' id='line_1_3' title="bbox 3618 381 3732 450; baseline 0.061 -7"><span class='ocrx_word' id='word_1_4' title='bbox 3618 381 3732 450; x_wconf 68' lang='lat'><strong>1508</strong></span> 
     </span>
    </p>
   </div>
   <div class='ocr_carea' id='block_1_4' title="bbox 508 472 2098 564">
    <p class='ocr_par' dir='ltr' id='par_1_4' title="bbox 508 472 2098 550">
     <span class='ocr_line' id='line_1_4' title="bbox 508 472 2098 550; baseline -0.003 -14"><span class='ocrx_word' id='word_1_5' title='bbox 508 480 750 550; x_wconf 79' lang='lat' dir='ltr'><strong>aliquem</strong></span> <span class='ocrx_word' id='word_1_6' title='bbox 796 474 984 532; x_wconf 87' lang='lat' dir='ltr'><strong>concit</strong></span> <span class='ocrx_word' id='word_1_7' title='bbox 1014 473 1232 530; x_wconf 90' lang='lat' dir='ltr'><strong>animos</strong></span> <span class='ocrx_word' id='word_1_8' title='bbox 1275 489 1288 528; x_wconf 93' lang='lat'>:</span> <span class='ocrx_word' id='word_1_9' title='bbox 1328 472 1416 530; x_wconf 88' lang='lat' dir='ltr'><strong>fac</strong></span> <span class='ocrx_word' id='word_1_10' title='bbox 1461 472 1787 530; x_wconf 89' lang='lat' dir='ltr'><strong>memineris</strong></span> <span class='ocrx_word' id='word_1_11' title='bbox 1832 476 2098 533; x_wconf 88' lang='lat' dir='ltr'><strong>orationis</strong></span> 
     </span>
    </p>
   </div>
   <div class='ocr_carea' id='block_1_5' title="bbox 2201 472 3734 564">
    <p class='ocr_par' dir='ltr' id='par_1_5' title="bbox 2203 478 3734 564">
     <span class='ocr_line' id='line_1_5' title="bbox 2203 478 3734 564; baseline 0.001 -32"><span class='ocrx_word' id='word_1_12' title='bbox 2203 478 2301 532; x_wconf 81' lang='grc' dir='ltr'>καὶ</span> <span class='ocrx_word' id='word_1_13' title='bbox 2333 478 2538 544; x_wconf 81' lang='grc' dir='ltr'>εὐθέως</span> <span class='ocrx_word' id='word_1_14' title='bbox 2579 479 2614 550; x_wconf 80' lang='grc' dir='ltr'>ἡ</span> <span class='ocrx_word' id='word_1_15' title='bbox 2667 479 2906 545; x_wconf 84' lang='grc' dir='ltr'>ἄτακτος</span> <span class='ocrx_word' id='word_1_16' title='bbox 2939 481 2999 535; x_wconf 83' lang='grc' dir='ltr'><strong>ἐν</strong></span> <span class='ocrx_word' id='word_1_17' title='bbox 3036 481 3122 536; x_wconf 79' lang='grc' dir='ltr'>σοὶ</span> <span class='ocrx_word' id='word_1_18' title='bbox 3147 483 3359 556; x_wconf 76' lang='grc' dir='ltr'>κίνησις</span> <span class='ocrx_word' id='word_1_19' title='bbox 3388 487 3650 564; x_wconf 55' lang='grc' dir='ltr'>ἠρεμήσῃ,</span> <span class='ocrx_word' id='word_1_20' title='bbox 3687 501 3734 554; x_wconf 76' lang='grc' dir='ltr'>ιο</span> 
     </span>
    </p>
   </div>
   <div class='ocr_carea' id='block_1_6' title="bbox 511 566 2102 639">
    <p class='ocr_par' dir='ltr' id='par_1_6' title="bbox 511 566 2102 639">
     <span class='ocr_line' id='line_1_6' title="bbox 511 566 2102 639; baseline -0.001 -13"><span class='ocrx_word' id='word_1_21' title='bbox 511 568 812 627; x_wconf 71' lang='lat' dir='ltr'><strong>Dominicaa</strong></span> <span class='ocrx_word' id='word_1_22' title='bbox 843 577 1012 639; x_wconf 89' lang='lat' dir='ltr'><strong>atque</strong></span> <span class='ocrx_word' id='word_1_23' title='bbox 1038 567 1214 638; x_wconf 84' lang='lat' dir='ltr'><strong>ipsius</strong></span> <span class='ocrx_word' id='word_1_24' title='bbox 1234 566 1458 638; x_wconf 84' lang='lat' dir='ltr'><strong>judicii,</strong></span> <span class='ocrx_word' id='word_1_25' title='bbox 1485 576 1543 622; x_wconf 92' lang='lat' dir='ltr'><strong>et</strong></span> <span class='ocrx_word' id='word_1_26' title='bbox 1565 567 1860 623; x_wconf 77' lang='lat' dir='ltr'><strong>confestim</strong></span> <span class='ocrx_word' id='word_1_27' title='bbox 1891 569 2102 625; x_wconf 87' lang='lat' dir='ltr'><strong>inordi-</strong></span> 
     </span>
    </p>
   </div>
   <div class='ocr_carea' id='block_1_7' title="bbox 509 659 2102 718">
    <p class='ocr_par' dir='ltr' id='par_1_7' title="bbox 509 659 2102 718">
     <span class='ocr_line' id='line_1_7' title="bbox 509 659 2102 718; baseline -0.001 -1"><span class='ocrx_word' id='word_1_28' title='bbox 509 669 674 718; x_wconf 81' lang='lat' dir='ltr'><strong>natus</strong></span> <span class='ocrx_word' id='word_1_29' title='bbox 703 660 1120 716; x_wconf 80' lang='lat' dir='ltr'><strong>efl‘ervescentis</strong></span> <span class='ocrx_word' id='word_1_30' title='bbox 1151 659 1323 712; x_wconf 90' lang='lat' dir='ltr'><strong>animi</strong></span> <span class='ocrx_word' id='word_1_31' title='bbox 1368 667 1554 714; x_wconf 88' lang='lat' dir='ltr'><strong>motus</strong></span> <span class='ocrx_word' id='word_1_32' title='bbox 1589 659 1857 716; x_wconf 90' lang='lat' dir='ltr'><strong>residebit</strong></span> <span class='ocrx_word' id='word_1_33' title='bbox 1881 669 1938 716; x_wconf 86' lang='lat' dir='ltr'><strong>et</strong></span> <span class='ocrx_word' id='word_1_34' title='bbox 1965 677 2102 717; x_wconf 91' lang='lat' dir='ltr'><strong>con-</strong></span> 
     </span>
    </p>
   </div>
   <div class='ocr_carea' id='block_1_8' title="bbox 508 749 2101 823">
    <p class='ocr_par' dir='ltr' id='par_1_8' title="bbox 508 749 2101 823">
     <span class='ocr_line' id='line_1_8' title="bbox 508 749 2101 823; baseline -0.001 -14"><span class='ocrx_word' id='word_1_35' title='bbox 508 754 776 823; x_wconf 81' lang='lat' dir='ltr'><strong>quiescet.</strong></span> <span class='ocrx_word' id='word_1_36' title='bbox 816 752 1011 807; x_wconf 71' lang='lat' dir='ltr'><strong>lsthaac</strong></span> <span class='ocrx_word' id='word_1_37' title='bbox 1047 749 1194 806; x_wconf 88' lang='lat' dir='ltr'><strong>enim</strong></span> <span class='ocrx_word' id='word_1_38' title='bbox 1233 750 1558 820; x_wconf 74' lang='lat' dir='ltr'><strong>prazfcrvida</strong></span> <span class='ocrx_word' id='word_1_39' title='bbox 1588 752 1949 823; x_wconf 81' lang='lat' dir='ltr'><strong>intemperies</strong></span> <span class='ocrx_word' id='word_1_40' title='bbox 1979 753 2101 808; x_wconf 91' lang='lat' dir='ltr'><strong>ani-</strong></span> 
     </span>
    </p>
   </div>
   <div class='ocr_carea' id='block_1_9' title="bbox 508 844 2104 918">
    <p class='ocr_par' dir='ltr' id='par_1_9' title="bbox 508 844 2104 918">
     <span class='ocr_line' id='line_1_9' title="bbox 508 844 2104 918; baseline -0.001 -14"><span class='ocrx_word' id='word_1_41' title='bbox 508 848 608 913; x_wconf 93' lang='lat' dir='ltr'><strong>mi,</strong></span> <span class='ocrx_word' id='word_1_42' title='bbox 632 856 834 918; x_wconf 76' lang='lat' dir='ltr'><strong>przeter</strong></span> <span class='ocrx_word' id='word_1_43' title='bbox 867 853 1099 900; x_wconf 55' lang='lat' dir='ltr'><strong>ceteras</strong></span> <span class='ocrx_word' id='word_1_44' title='bbox 1132 844 1360 900; x_wconf 89' lang='lat' dir='ltr'><strong>vitiosas</strong></span> <span class='ocrx_word' id='word_1_45' title='bbox 1391 845 1734 913; x_wconf 71' lang='lat' dir='ltr'><strong>affectiones,</strong></span> <span class='ocrx_word' id='word_1_46' title='bbox 1768 848 1892 917; x_wconf 87' lang='lat' dir='ltr'><strong>plus</strong></span> <span class='ocrx_word' id='word_1_47' title='bbox 1919 846 2104 902; x_wconf 90' lang='lat' dir='ltr'><strong>concit</strong></span> 
     </span>
    </p>
   </div>
   <div class='ocr_carea' id='block_1_10' title="bbox 510 931 2104 1007">
    <p class='ocr_par' dir='ltr' id='par_1_10' title="bbox 510 931 2104 1007">
     <span class='ocr_line' id='line_1_10' title="bbox 510 931 2104 1007; baseline 0.003 -20"><span class='ocrx_word' id='word_1_48' title='bbox 510 934 822 988; x_wconf 86' lang='lat' dir='ltr'><strong>turbarum.</strong></span> <span class='ocrx_word' id='word_1_49' title='bbox 880 933 994 987; x_wconf 89' lang='lat' dir='ltr'><strong>Nec</strong></span> <span class='ocrx_word' id='word_1_50' title='bbox 1053 931 1162 988; x_wconf 88' lang='lat' dir='ltr'><strong>hoc</strong></span> <span class='ocrx_word' id='word_1_51' title='bbox 1208 933 1410 998; x_wconf 85' lang='lat' dir='ltr'><strong>solum,</strong></span> <span class='ocrx_word' id='word_1_52' title='bbox 1462 935 1556 990; x_wconf 90' lang='lat' dir='ltr'><strong>sed</strong></span> <span class='ocrx_word' id='word_1_53' title='bbox 1613 935 1854 990; x_wconf 89' lang='lat' dir='ltr'><strong>animam</strong></span> <span class='ocrx_word' id='word_1_54' title='bbox 1901 937 2104 1007; x_wconf 80' lang='lat' dir='ltr'><strong>premit</strong></span> 
     </span>
    </p>
   </div>
   <div class='ocr_carea' id='block_1_11' title="bbox 509 1025 2100 1094">
    <p class='ocr_par' dir='ltr' id='par_1_11' title="bbox 509 1025 2100 1094">
     <span class='ocr_line' id='line_1_11' title="bbox 509 1025 2100 1094; baseline 0.004 -14"><span class='ocrx_word' id='word_1_55' title='bbox 509 1027 712 1081; x_wconf 87' lang='lat' dir='ltr'><strong>misere</strong></span> <span class='ocrx_word' id='word_1_56' title='bbox 757 1033 816 1080; x_wconf 87' lang='lat' dir='ltr'><strong>et</strong></span> <span class='ocrx_word' id='word_1_57' title='bbox 847 1025 1073 1079; x_wconf 86' lang='lat' dir='ltr'><strong>ailliclat</strong></span> <span class='ocrx_word' id='word_1_58' title='bbox 1119 1025 1493 1081; x_wconf 82' lang='lat' dir='ltr'><strong>continenter.</strong></span> <span class='ocrx_word' id='word_1_59' title='bbox 1547 1028 1667 1082; x_wconf 91' lang='lat' dir='ltr'><strong>Duo</strong></span> <span class='ocrx_word' id='word_1_60' title='bbox 1697 1027 1791 1084; x_wconf 90' lang='lat' dir='ltr'><strong>isti</strong></span> <span class='ocrx_word' id='word_1_61' title='bbox 1844 1028 2100 1094; x_wconf 68' lang='lat' dir='ltr'><strong>allectus,</strong></span> 
     </span>
    </p>
   </div>
   <div class='ocr_carea' id='block_1_12' title="bbox 509 1107 2105 1191">
    <p class='ocr_par' dir='ltr' id='par_1_12' title="bbox 509 1107 2105 1191">
     <span class='ocr_line' id='line_1_12' title="bbox 509 1107 2105 1191; baseline 0.004 -19"><span class='ocrx_word' id='word_1_62' title='bbox 509 1132 709 1187; x_wconf 90' lang='lat' dir='ltr'><strong>nempe</strong></span> <span class='ocrx_word' id='word_1_63' title='bbox 740 1116 821 1171; x_wconf 91' lang='lat' dir='ltr'><strong>ira</strong></span> <span class='ocrx_word' id='word_1_64' title='bbox 846 1125 903 1171; x_wconf 92' lang='lat' dir='ltr'><strong>et</strong></span> <span class='ocrx_word' id='word_1_65' title='bbox 927 1116 1262 1187; x_wconf 82' lang='lat' dir='ltr'><strong>indignatio,</strong></span> <span class='ocrx_word' id='word_1_66' title='bbox 1288 1127 1520 1188; x_wconf 75' lang='lat' dir='ltr'><strong>nepotes</strong></span> <span class='ocrx_word' id='word_1_67' title='bbox 1543 1107 1735 1191; x_wconf 85' lang='lat' dir='ltr'><strong>utique</strong></span> <span class='ocrx_word' id='word_1_68' title='bbox 1758 1131 1888 1176; x_wconf 90' lang='lat' dir='ltr'><strong>sunt</strong></span> <span class='ocrx_word' id='word_1_69' title='bbox 1909 1122 2105 1179; x_wconf 82' lang='lat' dir='ltr'><strong>matris</strong></span> 
     </span>
    </p>
   </div>
   <div class='ocr_carea' id='block_1_13' title="bbox 509 1210 2102 1286">
    <p class='ocr_par' dir='ltr' id='par_1_13' title="bbox 509 1210 2102 1286">
     <span class='ocr_line' id='line_1_13' title="bbox 509 1210 2102 1286; baseline 0.004 -21"><span class='ocrx_word' id='word_1_70' title='bbox 509 1211 696 1275; x_wconf 88' lang='lat' dir='ltr'><strong>unius,</strong></span> <span class='ocrx_word' id='word_1_71' title='bbox 725 1212 846 1280; x_wconf 81' lang='lat' dir='ltr'><strong>ejus</strong></span> <span class='ocrx_word' id='word_1_72' title='bbox 871 1226 994 1281; x_wconf 65' lang='lat' dir='ltr'><strong>quae</strong></span> <span class='ocrx_word' id='word_1_73' title='bbox 1019 1210 1260 1265; x_wconf 79' lang='lat' dir='ltr'><strong>stultitia</strong></span> <span class='ocrx_word' id='word_1_74' title='bbox 1291 1221 1526 1266; x_wconf 79' lang='lat' dir='ltr'><strong>vocatur</strong></span> <span class='ocrx_word' id='word_1_75' title='bbox 1556 1213 1673 1268; x_wconf 86' lang='lat' dir='ltr'><strong>sive</strong></span> <span class='ocrx_word' id='word_1_76' title='bbox 1705 1214 2102 1286; x_wconf 82' lang='lat' dir='ltr'><strong>imprudentia.</strong></span> 
     </span>
    </p>
   </div>
   <div class='ocr_carea' id='block_1_14' title="bbox 509 1303 2104 1377">
    <p class='ocr_par' dir='ltr' id='par_1_14' title="bbox 509 1303 2104 1377">
     <span class='ocr_line' id='line_1_14' title="bbox 509 1303 2104 1377; baseline 0.001 -17"><span class='ocrx_word' id='word_1_77' title='bbox 509 1305 603 1360; x_wconf 84' lang='lat' dir='ltr'><strong>Ait</strong></span> <span class='ocrx_word' id='word_1_78' title='bbox 635 1305 783 1359; x_wconf 88' lang='lat' dir='ltr'><strong>enim</strong></span> <span class='ocrx_word' id='word_1_79' title='bbox 824 1321 837 1357; x_wconf 92' lang='lat'><strong>:</strong></span> <span class='ocrx_word' id='word_1_80' title='bbox 878 1321 896 1355; x_wconf 81' lang='grc' dir='ltr'><strong>ι</strong></span> <span class='ocrx_word' id='word_1_81' title='bbox 937 1303 1139 1358; x_wconf 79' lang='lat' dir='ltr'><strong>Totum</strong></span> <span class='ocrx_word' id='word_1_82' title='bbox 1182 1303 1431 1357; x_wconf 91' lang='lat' dir='ltr'><strong>animum</strong></span> <span class='ocrx_word' id='word_1_83' title='bbox 1485 1320 1650 1360; x_wconf 87' lang='lat' dir='ltr'><strong>suum</strong></span> <span class='ocrx_word' id='word_1_84' title='bbox 1694 1307 1907 1377; x_wconf 79' lang='lat' dir='ltr'><strong>profert</strong></span> <span class='ocrx_word' id='word_1_85' title='bbox 1962 1307 2104 1363; x_wconf 83' lang='lat' dir='ltr'><strong>stul-</strong></span> 
     </span>
    </p>
   </div>
   <div class='ocr_carea' id='block_1_15' title="bbox 513 1395 2099 1469">
    <p class='ocr_par' dir='ltr' id='par_1_15' title="bbox 513 1395 2099 1469">
     <span class='ocr_line' id='line_1_15' title="bbox 513 1395 2099 1469; baseline 0.003 -17"><span class='ocrx_word' id='word_1_86' title='bbox 513 1406 604 1452; x_wconf 91' lang='lat' dir='ltr'><strong>tus</strong></span> <span class='ocrx_word' id='word_1_87' title='bbox 634 1397 697 1452; x_wconf 75' lang='lat'><strong>“.</strong></span> <span class='ocrx_word' id='word_1_88' title='bbox 736 1416 756 1450; x_wconf 72' lang='grc' dir='ltr'><strong>ι</strong></span> <span class='ocrx_word' id='word_1_89' title='bbox 802 1397 871 1452; x_wconf 84' lang='lat' dir='ltr'><strong>Et</strong></span> <span class='ocrx_word' id='word_1_90' title='bbox 905 1415 919 1452; x_wconf 88' lang='lat'><strong>:</strong></span> <span class='ocrx_word' id='word_1_91' title='bbox 954 1415 973 1447; x_wconf 79' lang='grc' dir='ltr'><strong>ι</strong></span> <span class='ocrx_word' id='word_1_92' title='bbox 1026 1395 1241 1451; x_wconf 89' lang='lat' dir='ltr'><strong>Stultus</strong></span> <span class='ocrx_word' id='word_1_93' title='bbox 1272 1397 1392 1467; x_wconf 93' lang='lat' dir='ltr'><strong>ipso</strong></span> <span class='ocrx_word' id='word_1_94' title='bbox 1437 1397 1528 1453; x_wconf 90' lang='lat' dir='ltr'><strong>die</strong></span> <span class='ocrx_word' id='word_1_95' title='bbox 1563 1399 1752 1469; x_wconf 87' lang='lat' dir='ltr'><strong>prodit</strong></span> <span class='ocrx_word' id='word_1_96' title='bbox 1796 1400 1934 1455; x_wconf 87' lang='lat' dir='ltr'><strong>iram</strong></span> <span class='ocrx_word' id='word_1_97' title='bbox 1973 1402 2038 1457; x_wconf 80' lang='lat'><strong>&quot;.</strong></span> <span class='ocrx_word' id='word_1_98' title='bbox 2075 1421 2099 1457; x_wconf 75' lang='grc' dir='ltr'><strong>ι</strong></span> 
     </span>
    </p>
   </div>
   <div class='ocr_carea' id='block_1_16' title="bbox 509 1489 2105 1564">
    <p class='ocr_par' dir='ltr' id='par_1_16' title="bbox 509 1489 2105 1564">
     <span class='ocr_line' id='line_1_16' title="bbox 509 1489 2105 1564; baseline 0.004 -20"><span class='ocrx_word' id='word_1_99' title='bbox 509 1490 615 1557; x_wconf 84' lang='lat' dir='ltr'><strong>Qui</strong></span> <span class='ocrx_word' id='word_1_100' title='bbox 661 1490 830 1561; x_wconf 75' lang='lat' dir='ltr'><strong>igitur</strong></span> <span class='ocrx_word' id='word_1_101' title='bbox 873 1489 942 1544; x_wconf 88' lang='lat' dir='ltr'><strong>ab</strong></span> <span class='ocrx_word' id='word_1_102' title='bbox 987 1490 1091 1544; x_wconf 78' lang='lat' dir='ltr'><strong>liae</strong></span> <span class='ocrx_word' id='word_1_103' title='bbox 1135 1489 1314 1544; x_wconf 82' lang='lat' dir='ltr'><strong>invisa</strong></span> <span class='ocrx_word' id='word_1_104' title='bbox 1358 1499 1416 1544; x_wconf 91' lang='lat' dir='ltr'><strong>et</strong></span> <span class='ocrx_word' id='word_1_105' title='bbox 1461 1490 1650 1546; x_wconf 86' lang='lat' dir='ltr'><strong>hostili</strong></span> <span class='ocrx_word' id='word_1_106' title='bbox 1691 1500 1941 1562; x_wconf 88' lang='lat' dir='ltr'><strong>parente,</strong></span> <span class='ocrx_word' id='word_1_107' title='bbox 1981 1510 2105 1564; x_wconf 68' lang='lat' dir='ltr'><strong>quae</strong></span> 
     </span>
    </p>
   </div>
   <div class='ocr_carea' id='block_1_17' title="bbox 511 1577 2106 1659">
    <p class='ocr_par' dir='ltr' id='par_1_17' title="bbox 511 1577 2106 1659">
     <span class='ocr_line' id='line_1_17' title="bbox 511 1577 2106 1659; baseline 0.003 -21"><span class='ocrx_word' id='word_1_108' title='bbox 511 1584 651 1638; x_wconf 83' lang='lat' dir='ltr'><strong>istos</strong></span> <span class='ocrx_word' id='word_1_109' title='bbox 703 1582 1004 1654; x_wconf 77' lang='lat' dir='ltr'><strong>progenuit</strong></span> <span class='ocrx_word' id='word_1_110' title='bbox 1061 1581 1230 1646; x_wconf 87' lang='lat' dir='ltr'><strong>fetus,</strong></span> <span class='ocrx_word' id='word_1_111' title='bbox 1264 1581 1539 1653; x_wconf 86' lang='lat' dir='ltr'><strong>disparari</strong></span> <span class='ocrx_word' id='word_1_112' title='bbox 1588 1584 1710 1640; x_wconf 90' lang='lat' dir='ltr'><strong>vult</strong></span> <span class='ocrx_word' id='word_1_113' title='bbox 1751 1601 1818 1641; x_wconf 90' lang='lat' dir='ltr'><strong>ac</strong></span> <span class='ocrx_word' id='word_1_114' title='bbox 1862 1577 2106 1659; x_wconf 59' lang='lat' dir='ltr'><strong>sejungi,‘</strong></span> 
     </span>
    </p>
   </div>
   <div class='ocr_carea' id='block_1_18' title="bbox 507 1672 2103 1748">
    <p class='ocr_par' dir='ltr' id='par_1_18' title="bbox 507 1672 2103 1748">
     <span class='ocr_line' id='line_1_18' title="bbox 507 1672 2103 1748; baseline 0.003 -20"><span class='ocrx_word' id='word_1_115' title='bbox 507 1673 754 1744; x_wconf 87' lang='lat' dir='ltr'><strong>seipsum</strong></span> <span class='ocrx_word' id='word_1_116' title='bbox 804 1683 864 1727; x_wconf 88' lang='lat' dir='ltr'><strong>ut</strong></span> <span class='ocrx_word' id='word_1_117' title='bbox 895 1673 1080 1727; x_wconf 77' lang='lat' dir='ltr'><strong>vincat</strong></span> <span class='ocrx_word' id='word_1_118' title='bbox 1127 1687 1358 1728; x_wconf 89' lang='lat' dir='ltr'><strong>necesse</strong></span> <span class='ocrx_word' id='word_1_119' title='bbox 1390 1682 1498 1738; x_wconf 92' lang='lat' dir='ltr'><strong>est,</strong></span> <span class='ocrx_word' id='word_1_120' title='bbox 1536 1672 1592 1728; x_wconf 87' lang='lat' dir='ltr'><strong>in</strong></span> <span class='ocrx_word' id='word_1_121' title='bbox 1625 1676 1796 1730; x_wconf 90' lang='lat' dir='ltr'><strong>multa</strong></span> <span class='ocrx_word' id='word_1_122' title='bbox 1839 1677 2103 1748; x_wconf 88' lang='lat' dir='ltr'><strong>patientia</strong></span> 
     </span>
    </p>
   </div>
   <div class='ocr_carea' id='block_1_19' title="bbox 2205 567 3736 650">
    <p class='ocr_par' dir='ltr' id='par_1_19' title="bbox 2205 567 3736 650">
     <span class='ocr_line' id='line_1_19' title="bbox 2205 567 3736 650; baseline 0.022 -37"><span class='ocrx_word' id='word_1_123' title='bbox 2205 567 2318 639; x_wconf 70' lang='grc' dir='ltr'><strong>γὰρ</strong></span> <span class='ocrx_word' id='word_1_124' title='bbox 2341 567 2513 640; x_wconf 72' lang='grc' dir='ltr'>θυμὸς</span> <span class='ocrx_word' id='word_1_125' title='bbox 2543 567 2730 623; x_wconf 86' lang='grc' dir='ltr'>πλεῖον</span> <span class='ocrx_word' id='word_1_126' title='bbox 2751 569 2858 623; x_wconf 80' lang='grc' dir='ltr'><strong>τῶν</strong></span> <span class='ocrx_word' id='word_1_127' title='bbox 2877 570 3056 626; x_wconf 84' lang='grc' dir='ltr'>ἀλλων</span> <span class='ocrx_word' id='word_1_128' title='bbox 3079 572 3270 628; x_wconf 84' lang='grc' dir='ltr'>παθῶν</span> <span class='ocrx_word' id='word_1_129' title='bbox 3289 581 3562 650; x_wconf 82' lang='grc' dir='ltr'><strong>ταράττειν</strong></span> <span class='ocrx_word' id='word_1_130' title='bbox 3605 589 3736 647; x_wconf 80' lang='grc' dir='ltr'>είωοι</span> 
     </span>
    </p>
   </div>
   <div class='ocr_carea' id='block_1_20' title="bbox 2206 661 3740 748">
    <p class='ocr_par' dir='ltr' id='par_1_20' title="bbox 2206 661 3740 748">
     <span class='ocr_line' id='line_1_20' title="bbox 2206 661 3740 748; baseline 0.007 -32"><span class='ocrx_word' id='word_1_131' title='bbox 2206 661 2303 748; x_wconf 75' lang='grc' dir='ltr'>καὶ</span> <span class='ocrx_word' id='word_1_132' title='bbox 2329 664 2556 734; x_wconf 82' lang='grc' dir='ltr'><strong>συγχεῖν</strong></span> <span class='ocrx_word' id='word_1_133' title='bbox 2587 662 2688 734; x_wconf 74' lang='grc' dir='ltr'>τὴν</span> <span class='ocrx_word' id='word_1_134' title='bbox 2716 662 2919 736; x_wconf 77' lang='grc' dir='ltr'>ψυχήν.</span> <span class='ocrx_word' id='word_1_135' title='bbox 2957 665 3017 719; x_wconf 85' lang='lat'><strong>&#39;0</strong></span> <span class='ocrx_word' id='word_1_136' title='bbox 3050 667 3221 738; x_wconf 73' lang='grc' dir='ltr'>θυμὸς</span> <span class='ocrx_word' id='word_1_137' title='bbox 3253 677 3346 724; x_wconf 79' lang='grc' dir='ltr'>καὶ</span> <span class='ocrx_word' id='word_1_138' title='bbox 3366 676 3400 743; x_wconf 79' lang='grc' dir='ltr'>ὴ</span> <span class='ocrx_word' id='word_1_139' title='bbox 3425 675 3570 748; x_wconf 79' lang='grc' dir='ltr'>ὀργὴ,</span> <span class='ocrx_word' id='word_1_140' title='bbox 3602 683 3740 739; x_wconf 69' lang='grc' dir='ltr'><strong>οιδύο</strong></span> 
     </span>
    </p>
   </div>
   <div class='ocr_carea' id='block_1_21' title="bbox 2202 745 3742 849">
    <p class='ocr_par' dir='ltr' id='par_1_21' title="bbox 2202 745 3742 849">
     <span class='ocr_line' id='line_1_21' title="bbox 2202 745 3742 849; baseline 0.014 -44"><span class='ocrx_word' id='word_1_141' title='bbox 2202 745 2352 807; x_wconf 73' lang='grc' dir='ltr'>οὗτοι</span> <span class='ocrx_word' id='word_1_142' title='bbox 2376 755 2509 824; x_wconf 79' lang='grc' dir='ltr'>μιᾶς</span> <span class='ocrx_word' id='word_1_143' title='bbox 2532 755 2741 825; x_wconf 80' lang='grc' dir='ltr'>μητρὸς</span> <span class='ocrx_word' id='word_1_144' title='bbox 2759 756 2964 826; x_wconf 78' lang='grc' dir='ltr'><strong>ἥττονα</strong></span> <span class='ocrx_word' id='word_1_145' title='bbox 2984 761 3312 830; x_wconf 86' lang='grc' dir='ltr'>τυγχάνουσι</span> <span class='ocrx_word' id='word_1_146' title='bbox 3333 766 3428 834; x_wconf 81' lang='grc' dir='ltr'><strong>τῆς</strong></span> <span class='ocrx_word' id='word_1_147' title='bbox 3446 745 3742 849; x_wconf 74' lang='grc' dir='ltr'>καλουμένης</span> 
     </span>
    </p>
   </div>
   <div class='ocr_carea' id='block_1_22' title="bbox 2203 846 3743 931">
    <p class='ocr_par' dir='ltr' id='par_1_22' title="bbox 2203 846 3743 931">
     <span class='ocr_line' id='line_1_22' title="bbox 2203 846 3743 931; baseline 0.013 -31"><span class='ocrx_word' id='word_1_148' title='bbox 2203 846 2547 918; x_wconf 80' lang='grc' dir='ltr'><strong>ἀφροσύνης.</strong></span> <span class='ocrx_word' id='word_1_149' title='bbox 2610 849 2751 920; x_wconf 81' lang='grc' dir='ltr'>Φησὶ</span> <span class='ocrx_word' id='word_1_150' title='bbox 2813 851 2956 923; x_wconf 76' lang='grc' dir='ltr'>γάρ’</span> <span class='ocrx_word' id='word_1_151' title='bbox 2993 872 3014 904; x_wconf 73' lang='grc' dir='ltr'><strong>ι</strong></span> <span class='ocrx_word' id='word_1_152' title='bbox 3065 853 3231 910; x_wconf 82' lang='grc' dir='ltr'>Ὅλον</span> <span class='ocrx_word' id='word_1_153' title='bbox 3286 857 3376 911; x_wconf 78' lang='grc' dir='ltr'>τὸν</span> <span class='ocrx_word' id='word_1_154' title='bbox 3414 860 3573 931; x_wconf 73' lang='grc' dir='ltr'>θυμὸν</span> <span class='ocrx_word' id='word_1_155' title='bbox 3603 846 3743 922; x_wconf 73' lang='grc' dir='ltr'>αὐτοῦ</span> 
     </span>
    </p>
   </div>
   <div class='ocr_carea' id='block_1_23' title="bbox 2203 939 3747 1030">
    <p class='ocr_par' dir='ltr' id='par_1_23' title="bbox 2203 939 3747 1030">
     <span class='ocr_line' id='line_1_23' title="bbox 2203 939 3747 1030; baseline 0.009 -38"><span class='ocrx_word' id='word_1_156' title='bbox 2203 939 2434 1030; x_wconf 77' lang='grc' dir='ltr'>ἐκφέρει</span> <span class='ocrx_word' id='word_1_157' title='bbox 2479 939 2696 1010; x_wconf 84' lang='grc' dir='ltr'>ἄφρων.</span> <span class='ocrx_word' id='word_1_158' title='bbox 2727 961 2746 992; x_wconf 76' lang='grc' dir='ltr'><strong>ι</strong></span> <span class='ocrx_word' id='word_1_159' title='bbox 2782 942 2891 996; x_wconf 86' lang='grc' dir='ltr'>Καί</span> <span class='ocrx_word' id='word_1_160' title='bbox 2918 959 2933 973; x_wconf 79' lang='grc' dir='ltr'><strong><em>ο</em></strong></span> <span class='ocrx_word' id='word_1_161' title='bbox 2965 963 2985 995; x_wconf 89' lang='grc'><strong><em>‹</em></strong></span> <span class='ocrx_word' id='word_1_162' title='bbox 3024 946 3251 1018; x_wconf 78' lang='grc' dir='ltr'>’Ἄφρων</span> <span class='ocrx_word' id='word_1_163' title='bbox 3288 951 3584 1026; x_wconf 76' lang='grc' dir='ltr'>αὑθήμερον</span> <span class='ocrx_word' id='word_1_164' title='bbox 3610 959 3747 1030; x_wconf 79' lang='grc' dir='ltr'>ὲξαγ.</span> 
     </span>
    </p>
   </div>
   <div class='ocr_carea' id='block_1_24' title="bbox 2203 1029 3747 1125">
    <p class='ocr_par' dir='ltr' id='par_1_24' title="bbox 2203 1029 3747 1125">
     <span class='ocr_line' id='line_1_24' title="bbox 2203 1029 3747 1125; baseline 0.011 -43"><span class='ocrx_word' id='word_1_165' title='bbox 2203 1029 2392 1098; x_wconf 82' lang='grc' dir='ltr'><strong>γέλλει</strong></span> <span class='ocrx_word' id='word_1_166' title='bbox 2429 1029 2625 1101; x_wconf 79' lang='grc' dir='ltr'>ὀργήν.</span> <span class='ocrx_word' id='word_1_167' title='bbox 2667 1049 2686 1083; x_wconf 76' lang='grc' dir='ltr'><strong>ι</strong></span> <span class='ocrx_word' id='word_1_168' title='bbox 2736 1031 2794 1086; x_wconf 84' lang='grc' dir='ltr'>Ὀ</span> <span class='ocrx_word' id='word_1_169' title='bbox 2835 1030 2930 1087; x_wconf 80' lang='grc' dir='ltr'><strong>οὖν</strong></span> <span class='ocrx_word' id='word_1_170' title='bbox 2959 1034 3130 1090; x_wconf 82' lang='grc' dir='ltr'><strong>θέλων</strong></span> <span class='ocrx_word' id='word_1_171' title='bbox 3174 1041 3507 1114; x_wconf 80' lang='grc' dir='ltr'><strong>χωρισθῆναι</strong></span> <span class='ocrx_word' id='word_1_172' title='bbox 3546 1048 3644 1104; x_wconf 75' lang='grc' dir='ltr'><strong>ἀπὸ</strong></span> <span class='ocrx_word' id='word_1_173' title='bbox 3665 1054 3747 1125; x_wconf 78' lang='grc' dir='ltr'>τῆς</span> 
     </span>
    </p>
   </div>
   <div class='ocr_carea' id='block_1_25' title="bbox 2204 1122 3748 1203">
    <p class='ocr_par' dir='ltr' id='par_1_25' title="bbox 2204 1122 3748 1203">
     <span class='ocr_line' id='line_1_25' title="bbox 2204 1122 3748 1203; baseline 0.016 -28"><span class='ocrx_word' id='word_1_174' title='bbox 2204 1122 2508 1194; x_wconf 79' lang='grc' dir='ltr'><strong>δυσμενοῦς</strong></span> <span class='ocrx_word' id='word_1_175' title='bbox 2535 1127 2808 1196; x_wconf 73' lang='grc' dir='ltr'><strong>τεκούσης</strong></span> <span class='ocrx_word' id='word_1_176' title='bbox 2863 1128 3092 1194; x_wconf 79' lang='grc' dir='ltr'>αὐτοὺς,</span> <span class='ocrx_word' id='word_1_177' title='bbox 3135 1135 3466 1203; x_wconf 88' lang='grc' dir='ltr'>κρατησάτω</span> <span class='ocrx_word' id='word_1_178' title='bbox 3499 1141 3672 1196; x_wconf 76' lang='grc' dir='ltr'>ἑαυτὸν</span> <span class='ocrx_word' id='word_1_179' title='bbox 3700 1122 3748 1201; x_wconf 73' lang='grc' dir='ltr'><strong>ἐν</strong></span> 
     </span>
    </p>
   </div>
   <div class='ocr_carea' id='block_1_26' title="bbox 2205 1216 3751 1308">
    <p class='ocr_par' dir='ltr' id='par_1_26' title="bbox 2205 1216 3751 1308">
     <span class='ocr_line' id='line_1_26' title="bbox 2205 1216 3751 1308; baseline 0.01 -40"><span class='ocrx_word' id='word_1_180' title='bbox 2205 1216 2460 1288; x_wconf 79' lang='grc' dir='ltr'><strong>ὑπομονῇ</strong></span> <span class='ocrx_word' id='word_1_181' title='bbox 2514 1218 2710 1290; x_wconf 82' lang='grc' dir='ltr'>πολλῇ.</span> <span class='ocrx_word' id='word_1_182' title='bbox 2762 1220 2859 1273; x_wconf 77' lang='grc' dir='ltr'>καὶ</span> <span class='ocrx_word' id='word_1_183' title='bbox 2909 1223 3115 1295; x_wconf 79' lang='grc' dir='ltr'>πραείᾳ</span> <span class='ocrx_word' id='word_1_184' title='bbox 3176 1226 3370 1299; x_wconf 79' lang='grc' dir='ltr'>καρδίᾳ</span> <span class='ocrx_word' id='word_1_185' title='bbox 3411 1231 3500 1283; x_wconf 75' lang='grc' dir='ltr'>καὶ</span> <span class='ocrx_word' id='word_1_186' title='bbox 3545 1237 3603 1304; x_wconf 76' lang='grc' dir='ltr'>τῇ</span> <span class='ocrx_word' id='word_1_187' title='bbox 3635 1239 3751 1308; x_wconf 61' lang='grc' dir='ltr'>πρδς</span> 
     </span>
    </p>
   </div>
   <div class='ocr_carea' id='block_1_27' title="bbox 2205 1311 3750 1392">
    <p class='ocr_par' dir='ltr' id='par_1_27' title="bbox 2205 1311 3750 1392">
     <span class='ocr_line' id='line_1_27' title="bbox 2205 1311 3750 1392; baseline 0.014 -27"><span class='ocrx_word' id='word_1_188' title='bbox 2205 1311 2338 1367; x_wconf 85' lang='grc' dir='ltr'><strong>Θεὸν</strong></span> <span class='ocrx_word' id='word_1_189' title='bbox 2395 1314 2596 1386; x_wconf 82' lang='grc' dir='ltr'><strong>ἱκεσίᾳ,</strong></span> <span class='ocrx_word' id='word_1_190' title='bbox 2636 1315 2731 1369; x_wconf 75' lang='grc' dir='ltr'>καὶ</span> <span class='ocrx_word' id='word_1_191' title='bbox 2776 1315 2865 1370; x_wconf 80' lang='grc' dir='ltr'><strong>διὰ</strong></span> <span class='ocrx_word' id='word_1_192' title='bbox 2903 1316 2997 1371; x_wconf 81' lang='grc' dir='ltr'><strong>τοῦ</strong></span> <span class='ocrx_word' id='word_1_193' title='bbox 3047 1319 3390 1392; x_wconf 80' lang='grc' dir='ltr'><strong>ἀρνήσασθαι</strong></span> <span class='ocrx_word' id='word_1_194' title='bbox 3437 1324 3644 1382; x_wconf 73' lang='grc' dir='ltr'>ἑαυτόν·</span> <span class='ocrx_word' id='word_1_195' title='bbox 3670 1334 3750 1387; x_wconf 84' lang='grc' dir='ltr'>καὶ</span> 
     </span>
    </p>
   </div>
   <div class='ocr_carea' id='block_1_28' title="bbox 2205 1405 3752 1491">
    <p class='ocr_par' dir='ltr' id='par_1_28' title="bbox 2205 1405 3752 1491">
     <span class='ocr_line' id='line_1_28' title="bbox 2205 1405 3752 1491; baseline 0.012 -32"><span class='ocrx_word' id='word_1_196' title='bbox 2205 1405 2418 1476; x_wconf 83' lang='grc' dir='ltr'>ταχέως</span> <span class='ocrx_word' id='word_1_197' title='bbox 2473 1405 2855 1478; x_wconf 73' lang='grc' dir='ltr'><strong>ἐλευθεροῦται</strong></span> <span class='ocrx_word' id='word_1_198' title='bbox 2891 1411 2952 1478; x_wconf 78' lang='grc' dir='ltr'>ἐξ</span> <span class='ocrx_word' id='word_1_199' title='bbox 2994 1412 3191 1483; x_wconf 81' lang='grc' dir='ltr'>αὐτῆς.</span> <span class='ocrx_word' id='word_1_200' title='bbox 3229 1415 3343 1470; x_wconf 81' lang='grc' dir='ltr'><strong>Καὶ</strong></span> <span class='ocrx_word' id='word_1_201' title='bbox 3374 1417 3575 1486; x_wconf 87' lang='grc' dir='ltr'>γίνεται</span> <span class='ocrx_word' id='word_1_202' title='bbox 3606 1425 3632 1476; x_wconf 81' lang='grc' dir='ltr'>ό</span> <span class='ocrx_word' id='word_1_203' title='bbox 3657 1426 3752 1491; x_wconf 85' lang='grc' dir='ltr'>υίδς</span> 
     </span>
    </p>
   </div>
   <div class='ocr_carea' id='block_1_29' title="bbox 2203 1495 3750 1589">
    <p class='ocr_par' dir='ltr' id='par_1_29' title="bbox 2203 1495 3750 1589">
     <span class='ocr_line' id='line_1_29' title="bbox 2203 1495 3750 1589; baseline 0.013 -39"><span class='ocrx_word' id='word_1_204' title='bbox 2203 1495 2306 1567; x_wconf 80' lang='grc' dir='ltr'>τῆς</span> <span class='ocrx_word' id='word_1_205' title='bbox 2337 1496 2532 1567; x_wconf 81' lang='grc' dir='ltr'>σοφίας</span> <span class='ocrx_word' id='word_1_206' title='bbox 2557 1499 2820 1570; x_wconf 82' lang='grc' dir='ltr'>θεόφοὸος</span> <span class='ocrx_word' id='word_1_207' title='bbox 2843 1504 2941 1556; x_wconf 81' lang='grc' dir='ltr'>καὶ</span> <span class='ocrx_word' id='word_1_208' title='bbox 2971 1504 3241 1576; x_wconf 86' lang='grc' dir='ltr'>θεόφιλος.</span> <span class='ocrx_word' id='word_1_209' title='bbox 3280 1527 3300 1560; x_wconf 76' lang='grc' dir='ltr'><strong>ι</strong></span> <span class='ocrx_word' id='word_1_210' title='bbox 3351 1510 3518 1583; x_wconf 80' lang='grc' dir='ltr'>Ἀρχὴ</span> <span class='ocrx_word' id='word_1_211' title='bbox 3559 1515 3656 1589; x_wconf 78' lang='grc' dir='ltr'>γὰρ</span> <span class='ocrx_word' id='word_1_212' title='bbox 3677 1535 3750 1573; x_wconf 88' lang='grc' dir='ltr'><strong>σο-</strong></span> 
     </span>
    </p>
   </div>
   <div class='ocr_carea' id='block_1_30' title="bbox 2206 1589 3755 1670">
    <p class='ocr_par' dir='ltr' id='par_1_30' title="bbox 2206 1589 3755 1670">
     <span class='ocr_line' id='line_1_30' title="bbox 2206 1589 3755 1670; baseline 0.015 -29"><span class='ocrx_word' id='word_1_213' title='bbox 2206 1589 2359 1659; x_wconf 87' lang='grc' dir='ltr'>φίας,</span> <span class='ocrx_word' id='word_1_214' title='bbox 2399 1591 2563 1660; x_wconf 72' lang='grc' dir='ltr'>φόϐος</span> <span class='ocrx_word' id='word_1_215' title='bbox 2587 1592 2820 1664; x_wconf 83' lang='grc' dir='ltr'>Κυρίου.</span> <span class='ocrx_word' id='word_1_216' title='bbox 2849 1614 2868 1648; x_wconf 77' lang='grc' dir='ltr'><strong>ι</strong></span> <span class='ocrx_word' id='word_1_217' title='bbox 2903 1597 3049 1652; x_wconf 80' lang='grc' dir='ltr'>Καί·</span> <span class='ocrx_word' id='word_1_218' title='bbox 3081 1617 3101 1649; x_wconf 78' lang='grc' dir='ltr'><strong>ι</strong></span> <span class='ocrx_word' id='word_1_219' title='bbox 3136 1601 3197 1653; x_wconf 80' lang='lat' dir='ltr'><strong>Ol</strong></span> <span class='ocrx_word' id='word_1_220' title='bbox 3223 1601 3544 1670; x_wconf 82' lang='grc' dir='ltr'><strong>ἀγαπῶντες</strong></span> <span class='ocrx_word' id='word_1_221' title='bbox 3561 1611 3643 1660; x_wconf 73' lang='grc' dir='ltr'>τὸν</span> <span class='ocrx_word' id='word_1_222' title='bbox 3663 1611 3755 1664; x_wconf 79' lang='grc' dir='ltr'><strong>Κύ-</strong></span> 
     </span>
    </p>
   </div>
   <div class='ocr_carea' id='block_1_31' title="bbox 2210 1684 3754 1773">
    <p class='ocr_par' dir='ltr' id='par_1_31' title="bbox 2210 1684 3754 1773">
     <span class='ocr_line' id='line_1_31' title="bbox 2210 1684 3754 1773; baseline 0.016 -41"><span class='ocrx_word' id='word_1_223' title='bbox 2210 1697 2346 1773; x_wconf 85' lang='grc' dir='ltr'>ριον,</span> <span class='ocrx_word' id='word_1_224' title='bbox 2392 1684 2605 1752; x_wconf 84' lang='grc' dir='ltr'><strong>μισεῖτε</strong></span> <span class='ocrx_word' id='word_1_225' title='bbox 2638 1686 2872 1757; x_wconf 83' lang='grc' dir='ltr'>πονηρά.</span> <span class='ocrx_word' id='word_1_226' title='bbox 2905 1705 2925 1738; x_wconf 72' lang='grc' dir='ltr'><strong>ι</strong></span> <span class='ocrx_word' id='word_1_227' title='bbox 2970 1689 3066 1743; x_wconf 87' lang='grc' dir='ltr'>Ἐκ</span> <span class='ocrx_word' id='word_1_228' title='bbox 3096 1690 3190 1773; x_wconf 56' lang='grc' dir='ltr'><strong>τού</strong></span> <span class='ocrx_word' id='word_1_229' title='bbox 3228 1694 3338 1765; x_wconf 78' lang='grc' dir='ltr'><strong>γὰρ</strong></span> <span class='ocrx_word' id='word_1_230' title='bbox 3371 1695 3536 1764; x_wconf 76' lang='grc' dir='ltr'>φόϐου</span> <span class='ocrx_word' id='word_1_231' title='bbox 3577 1701 3650 1765; x_wconf 84' lang='grc' dir='ltr'><strong>είς</strong></span> <span class='ocrx_word' id='word_1_232' title='bbox 3671 1704 3754 1773; x_wconf 77' lang='grc' dir='ltr'>τὴν</span> 
     </span>
    </p>
   </div>
   <div class='ocr_carea' id='block_1_32' title="bbox 508 1764 2098 1864">
    <p class='ocr_par' dir='ltr' id='par_1_32' title="bbox 508 1764 2098 1840">
     <span class='ocr_line' id='line_1_32' title="bbox 508 1764 2098 1840; baseline 0.003 -20"><span class='ocrx_word' id='word_1_233' title='bbox 508 1775 567 1820; x_wconf 92' lang='lat' dir='ltr'><strong>et</strong></span> <span class='ocrx_word' id='word_1_234' title='bbox 595 1764 782 1821; x_wconf 90' lang='lat' dir='ltr'><strong>cordis</strong></span> <span class='ocrx_word' id='word_1_235' title='bbox 813 1764 1067 1828; x_wconf 90' lang='lat' dir='ltr'><strong>lenitate,</strong></span> <span class='ocrx_word' id='word_1_236' title='bbox 1097 1764 1335 1836; x_wconf 91' lang='lat' dir='ltr'><strong>supplici</strong></span> <span class='ocrx_word' id='word_1_237' title='bbox 1369 1781 1534 1836; x_wconf 91' lang='lat' dir='ltr'><strong>prece</strong></span> <span class='ocrx_word' id='word_1_238' title='bbox 1569 1766 1638 1820; x_wconf 88' lang='lat' dir='ltr'><strong>ad</strong></span> <span class='ocrx_word' id='word_1_239' title='bbox 1665 1768 1877 1834; x_wconf 80' lang='lat' dir='ltr'><strong>Deum,</strong></span> <span class='ocrx_word' id='word_1_240' title='bbox 1902 1769 2098 1840; x_wconf 89' lang='lat' dir='ltr'><strong>suique</strong></span> 
     </span>
    </p>
   </div>
   <div class='ocr_carea' id='block_1_33' title="bbox 2201 1764 3754 1864">
    <p class='ocr_par' dir='ltr' id='par_1_33' title="bbox 2204 1764 3754 1864">
     <span class='ocr_line' id='line_1_33' title="bbox 2204 1764 3754 1864; baseline 0.01 -34"><span class='ocrx_word' id='word_1_241' title='bbox 2204 1771 2427 1844; x_wconf 83' lang='grc' dir='ltr'><strong>ἀγάπην</strong></span> <span class='ocrx_word' id='word_1_242' title='bbox 2466 1774 2756 1844; x_wconf 78' lang='grc' dir='ltr'>προϐαίνει</span> <span class='ocrx_word' id='word_1_243' title='bbox 2789 1777 2884 1832; x_wconf 85' lang='grc' dir='ltr'>τοῦ</span> <span class='ocrx_word' id='word_1_244' title='bbox 2923 1779 3086 1837; x_wconf 81' lang='grc' dir='ltr'>Θεοῦ.</span> <span class='ocrx_word' id='word_1_245' title='bbox 3118 1769 3228 1837; x_wconf 53' lang='lat' dir='ltr'><strong>laxi.</strong></span> <span class='ocrx_word' id='word_1_246' title='bbox 3277 1764 3314 1837; x_wconf 79' lang='grc' dir='ltr'><strong><em>ὁ</em></strong></span> <span class='ocrx_word' id='word_1_247' title='bbox 3355 1764 3754 1864; x_wconf 62' lang='grc' dir='ltr'>Ἐκκλησιαστης</span> 
     </span>
    </p>
   </div>
   <div class='ocr_carea' id='block_1_34' title="bbox 509 1855 2098 1956">
    <p class='ocr_par' dir='ltr' id='par_1_34' title="bbox 509 1855 2098 1931">
     <span class='ocr_line' id='line_1_34' title="bbox 509 1855 2098 1931; baseline 0.003 -19"><span class='ocrx_word' id='word_1_248' title='bbox 509 1858 688 1928; x_wconf 86' lang='lat' dir='ltr'><strong>ipsius</strong></span> <span class='ocrx_word' id='word_1_249' title='bbox 717 1855 1120 1926; x_wconf 82' lang='lat' dir='ltr'><strong>abnegatione;</strong></span> <span class='ocrx_word' id='word_1_250' title='bbox 1154 1867 1212 1912; x_wconf 88' lang='lat' dir='ltr'><strong>et</strong></span> <span class='ocrx_word' id='word_1_251' title='bbox 1257 1856 1304 1913; x_wconf 89' lang='lat' dir='ltr'><strong>is</strong></span> <span class='ocrx_word' id='word_1_252' title='bbox 1341 1858 1475 1928; x_wconf 82' lang='lat' dir='ltr'><strong>jugo</strong></span> <span class='ocrx_word' id='word_1_253' title='bbox 1500 1858 1594 1914; x_wconf 93' lang='lat' dir='ltr'><strong>illo</strong></span> <span class='ocrx_word' id='word_1_254' title='bbox 1632 1875 1762 1914; x_wconf 82' lang='lat' dir='ltr'><strong>mox</strong></span> <span class='ocrx_word' id='word_1_255' title='bbox 1785 1862 2098 1931; x_wconf 87' lang='lat' dir='ltr'><strong>emancipa-</strong></span> 
     </span>
    </p>
   </div>
   <div class='ocr_carea' id='block_1_35' title="bbox 2201 1855 3753 1956">
    <p class='ocr_par' dir='ltr' id='par_1_35' title="bbox 2208 1855 3753 1956">
     <span class='ocr_line' id='line_1_35' title="bbox 2208 1855 3753 1956; baseline 0.009 -38"><span class='ocrx_word' id='word_1_256' title='bbox 2208 1881 2376 1934; x_wconf 83' lang='grc' dir='ltr'>φησιν</span> <span class='ocrx_word' id='word_1_257' title='bbox 2403 1881 2416 1895; x_wconf 77' lang='grc'><strong><em>⁸</em></strong></span> <span class='ocrx_word' id='word_1_258' title='bbox 2459 1885 2479 1918; x_wconf 77' lang='grc' dir='ltr'><strong>ι</strong></span> <span class='ocrx_word' id='word_1_259' title='bbox 2523 1868 2864 1943; x_wconf 78' lang='grc' dir='ltr'>’Δπὸστησον</span> <span class='ocrx_word' id='word_1_260' title='bbox 2898 1871 3074 1944; x_wconf 83' lang='grc' dir='ltr'>θυμόν</span> <span class='ocrx_word' id='word_1_261' title='bbox 3116 1893 3211 1930; x_wconf 92' lang='grc' dir='ltr'><strong>σου</strong></span> <span class='ocrx_word' id='word_1_262' title='bbox 3244 1879 3356 1934; x_wconf 80' lang='grc' dir='ltr'>ἀπὸ</span> <span class='ocrx_word' id='word_1_263' title='bbox 3404 1855 3618 1956; x_wconf 75' lang='grc' dir='ltr'>καρδίας</span> <span class='ocrx_word' id='word_1_264' title='bbox 3657 1855 3753 1942; x_wconf 38' lang='lat' dir='ltr'><strong>me;</strong></span> 
     </span>
    </p>
   </div>
   <div class='ocr_carea' id='block_1_36' title="bbox 508 1948 2101 2019">
    <p class='ocr_par' dir='ltr' id='par_1_36' title="bbox 508 1948 2101 2019">
     <span class='ocr_line' id='line_1_36' title="bbox 508 1948 2101 2019; baseline 0.003 -15"><span class='ocrx_word' id='word_1_265' title='bbox 508 1957 622 2015; x_wconf 88' lang='lat' dir='ltr'><strong>tur,</strong></span> <span class='ocrx_word' id='word_1_266' title='bbox 662 1949 833 2019; x_wconf 83' lang='lat' dir='ltr'><strong>fitque</strong></span> <span class='ocrx_word' id='word_1_267' title='bbox 858 1948 1006 2003; x_wconf 87' lang='lat' dir='ltr'><strong>ﬁlius</strong></span> <span class='ocrx_word' id='word_1_268' title='bbox 1030 1948 1338 2019; x_wconf 71' lang='lat' dir='ltr'><strong>sapientiae.</strong></span> <span class='ocrx_word' id='word_1_269' title='bbox 1373 1949 1517 2016; x_wconf 88' lang='lat' dir='ltr'><strong>Quid</strong></span> <span class='ocrx_word' id='word_1_270' title='bbox 1541 1951 1733 2006; x_wconf 88' lang='lat' dir='ltr'><strong>enim?</strong></span> <span class='ocrx_word' id='word_1_271' title='bbox 1766 1953 1862 2007; x_wconf 89' lang='lat' dir='ltr'><strong>Dei</strong></span> <span class='ocrx_word' id='word_1_272' title='bbox 1887 1954 2101 2010; x_wconf 89' lang='lat' dir='ltr'><strong>consti-</strong></span> 
     </span>
    </p>
   </div>
   <div class='ocr_carea' id='block_1_37' title="bbox 509 2041 2098 2107">
    <p class='ocr_par' dir='ltr' id='par_1_37' title="bbox 509 2041 2098 2107">
     <span class='ocr_line' id='line_1_37' title="bbox 509 2041 2098 2107; baseline 0.003 -9"><span class='ocrx_word' id='word_1_273' title='bbox 509 2043 686 2098; x_wconf 92' lang='lat' dir='ltr'><strong>tuitur</strong></span> <span class='ocrx_word' id='word_1_274' title='bbox 743 2041 997 2107; x_wconf 87' lang='lat' dir='ltr'><strong>amicus,</strong></span> <span class='ocrx_word' id='word_1_275' title='bbox 1060 2042 1236 2096; x_wconf 90' lang='lat' dir='ltr'><strong>Deum</strong></span> <span class='ocrx_word' id='word_1_276' title='bbox 1297 2043 1557 2098; x_wconf 88' lang='lat' dir='ltr'><strong>observat</strong></span> <span class='ocrx_word' id='word_1_277' title='bbox 1607 2045 1916 2101; x_wconf 84' lang='lat' dir='ltr'><strong>venerabili</strong></span> <span class='ocrx_word' id='word_1_278' title='bbox 1971 2063 2098 2103; x_wconf 92' lang='lat' dir='ltr'><strong>cum</strong></span> 
     </span>
    </p>
   </div>
   <div class='ocr_carea' id='block_1_38' title="bbox 511 2132 2101 2206">
    <p class='ocr_par' dir='ltr' id='par_1_38' title="bbox 511 2132 2101 2206">
     <span class='ocr_line' id='line_1_38' title="bbox 511 2132 2101 2206; baseline 0.004 -18"><span class='ocrx_word' id='word_1_279' title='bbox 511 2135 709 2188; x_wconf 88' lang='lat' dir='ltr'><strong>timore</strong></span> <span class='ocrx_word' id='word_1_280' title='bbox 742 2150 756 2187; x_wconf 89' lang='lat'>:</span> <span class='ocrx_word' id='word_1_281' title='bbox 793 2152 813 2186; x_wconf 75' lang='grc' dir='ltr'><strong>ι</strong></span> <span class='ocrx_word' id='word_1_282' title='bbox 860 2132 1085 2187; x_wconf 86' lang='lat' dir='ltr'><strong>Initium</strong></span> <span class='ocrx_word' id='word_1_283' title='bbox 1129 2132 1404 2204; x_wconf 90' lang='lat' dir='ltr'><strong>siquidem</strong></span> <span class='ocrx_word' id='word_1_284' title='bbox 1440 2136 1746 2206; x_wconf 80' lang='lat' dir='ltr'><strong>sapientiae,</strong></span> <span class='ocrx_word' id='word_1_285' title='bbox 1786 2137 1952 2192; x_wconf 89' lang='lat' dir='ltr'><strong>timor</strong></span> <span class='ocrx_word' id='word_1_286' title='bbox 1989 2139 2101 2194; x_wconf 86' lang='lat' dir='ltr'><strong>Do-</strong></span> 
     </span>
    </p>
   </div>
   <div class='ocr_carea' id='block_1_39' title="bbox 507 2225 2103 2299">
    <p class='ocr_par' dir='ltr' id='par_1_39' title="bbox 507 2225 2103 2299">
     <span class='ocr_line' id='line_1_39' title="bbox 507 2225 2103 2299; baseline 0.004 -18"><span class='ocrx_word' id='word_1_287' title='bbox 507 2226 643 2281; x_wconf 91' lang='lat' dir='ltr'><strong>mini</strong></span> <span class='ocrx_word' id='word_1_288' title='bbox 671 2227 732 2281; x_wconf 79' lang='grc'><strong>⁸⁸.</strong></span> <span class='ocrx_word' id='word_1_289' title='bbox 790 2245 812 2279; x_wconf 74' lang='grc' dir='ltr'><strong>ι</strong></span> <span class='ocrx_word' id='word_1_290' title='bbox 859 2226 930 2280; x_wconf 85' lang='grc' dir='ltr'><strong>Ει</strong></span> <span class='ocrx_word' id='word_1_291' title='bbox 977 2242 992 2279; x_wconf 90' lang='lat'><strong>:</strong></span> <span class='ocrx_word' id='word_1_292' title='bbox 1044 2244 1063 2276; x_wconf 76' lang='grc' dir='ltr'><strong>ι</strong></span> <span class='ocrx_word' id='word_1_293' title='bbox 1115 2225 1221 2293; x_wconf 92' lang='lat' dir='ltr'><strong>Qui</strong></span> <span class='ocrx_word' id='word_1_294' title='bbox 1267 2226 1499 2299; x_wconf 84' lang='lat' dir='ltr'><strong>diligitis</strong></span> <span class='ocrx_word' id='word_1_295' title='bbox 1549 2229 1886 2297; x_wconf 89' lang='lat' dir='ltr'><strong>Dominum,</strong></span> <span class='ocrx_word' id='word_1_296' title='bbox 1947 2231 2103 2288; x_wconf 87' lang='lat' dir='ltr'><strong>odite</strong></span> 
     </span>
    </p>
   </div>
   <div class='ocr_carea' id='block_1_40' title="bbox 508 2314 2098 2390">
    <p class='ocr_par' dir='ltr' id='par_1_40' title="bbox 508 2314 2098 2390">
     <span class='ocr_line' id='line_1_40' title="bbox 508 2314 2098 2390; baseline 0.003 -19"><span class='ocrx_word' id='word_1_297' title='bbox 508 2318 654 2372; x_wconf 88' lang='lat' dir='ltr'><strong>mala</strong></span> <span class='ocrx_word' id='word_1_298' title='bbox 687 2316 750 2369; x_wconf 85' lang='lat'><strong>&quot;.</strong></span> <span class='ocrx_word' id='word_1_299' title='bbox 788 2334 806 2366; x_wconf 77' lang='grc' dir='ltr'><strong>ι</strong></span> <span class='ocrx_word' id='word_1_300' title='bbox 843 2318 889 2371; x_wconf 82' lang='grc' dir='ltr'><strong>Α</strong></span> <span class='ocrx_word' id='word_1_301' title='bbox 920 2314 1120 2371; x_wconf 87' lang='lat' dir='ltr'><strong>timore</strong></span> <span class='ocrx_word' id='word_1_302' title='bbox 1146 2315 1294 2370; x_wconf 89' lang='lat' dir='ltr'><strong>enim</strong></span> <span class='ocrx_word' id='word_1_303' title='bbox 1336 2317 1434 2372; x_wconf 85' lang='lat' dir='ltr'><strong>Dei</strong></span> <span class='ocrx_word' id='word_1_304' title='bbox 1469 2317 1538 2372; x_wconf 87' lang='lat' dir='ltr'><strong>ad</strong></span> <span class='ocrx_word' id='word_1_305' title='bbox 1569 2319 1691 2390; x_wconf 88' lang='lat' dir='ltr'><strong>ejus</strong></span> <span class='ocrx_word' id='word_1_306' title='bbox 1717 2319 2098 2387; x_wconf 89' lang='lat' dir='ltr'><strong>dilectionem,</strong></span> 
     </span>
    </p>
   </div>
   <div class='ocr_carea' id='block_1_41' title="bbox 507 2409 2100 2482">
    <p class='ocr_par' dir='ltr' id='par_1_41' title="bbox 507 2409 2100 2482">
     <span class='ocr_line' id='line_1_41' title="bbox 507 2409 2100 2482; baseline -0.001 -12"><span class='ocrx_word' id='word_1_307' title='bbox 507 2412 646 2470; x_wconf 91' lang='lat' dir='ltr'><strong>ordo</strong></span> <span class='ocrx_word' id='word_1_308' title='bbox 680 2421 766 2468; x_wconf 92' lang='lat' dir='ltr'><strong>est</strong></span> <span class='ocrx_word' id='word_1_309' title='bbox 809 2426 1157 2482; x_wconf 82' lang='lat' dir='ltr'><strong>progressus.</strong></span> <span class='ocrx_word' id='word_1_310' title='bbox 1197 2409 1307 2466; x_wconf 85' lang='lat' dir='ltr'><strong>Sed</strong></span> <span class='ocrx_word' id='word_1_311' title='bbox 1345 2419 1400 2465; x_wconf 89' lang='lat' dir='ltr'><strong>et</strong></span> <span class='ocrx_word' id='word_1_312' title='bbox 1430 2411 1835 2468; x_wconf 76' lang='lat' dir='ltr'><strong>Ecclesiastes:</strong></span> <span class='ocrx_word' id='word_1_313' title='bbox 1871 2431 1890 2464; x_wconf 77' lang='grc' dir='ltr'><strong>ι</strong></span> <span class='ocrx_word' id='word_1_314' title='bbox 1926 2413 2100 2469; x_wconf 80' lang='lat' dir='ltr'><strong>Aufer</strong></span> 
     </span>
    </p>
   </div>
   <div class='ocr_carea' id='block_1_42' title="bbox 508 2503 2102 2568">
    <p class='ocr_par' dir='ltr' id='par_1_42' title="bbox 508 2503 2102 2568">
     <span class='ocr_line' id='line_1_42' title="bbox 508 2503 2102 2568; baseline 0.001 -8"><span class='ocrx_word' id='word_1_315' title='bbox 508 2505 848 2560; x_wconf 87' lang='lat' dir='ltr'><strong>iracundiam</strong></span> <span class='ocrx_word' id='word_1_316' title='bbox 872 2519 900 2559; x_wconf 90' lang='lat' dir='ltr'><strong>a</strong></span> <span class='ocrx_word' id='word_1_317' title='bbox 923 2503 1090 2559; x_wconf 82' lang='lat' dir='ltr'><strong>corde</strong></span> <span class='ocrx_word' id='word_1_318' title='bbox 1113 2515 1229 2568; x_wconf 86' lang='lat' dir='ltr'><strong>tuo,</strong></span> <span class='ocrx_word' id='word_1_319' title='bbox 1255 2511 1312 2558; x_wconf 90' lang='lat' dir='ltr'><strong>et</strong></span> <span class='ocrx_word' id='word_1_320' title='bbox 1335 2519 1558 2560; x_wconf 85' lang='lat' dir='ltr'><strong>remove</strong></span> <span class='ocrx_word' id='word_1_321' title='bbox 1589 2505 1856 2560; x_wconf 83' lang='lat' dir='ltr'><strong>malitiam</strong></span> <span class='ocrx_word' id='word_1_322' title='bbox 1881 2522 1912 2561; x_wconf 89' lang='lat' dir='ltr'><strong>a</strong></span> <span class='ocrx_word' id='word_1_323' title='bbox 1935 2523 2102 2562; x_wconf 86' lang='lat' dir='ltr'><strong>carne</strong></span> 
     </span>
    </p>
   </div>
   <div class='ocr_carea' id='block_1_43' title="bbox 507 2595 2102 2666">
    <p class='ocr_par' dir='ltr' id='par_1_43' title="bbox 507 2595 2102 2666">
     <span class='ocr_line' id='line_1_43' title="bbox 507 2595 2102 2666; baseline 0.004 -16"><span class='ocrx_word' id='word_1_324' title='bbox 507 2605 601 2651; x_wconf 90' lang='lat' dir='ltr'><strong>tua</strong></span> <span class='ocrx_word' id='word_1_325' title='bbox 636 2596 700 2650; x_wconf 80' lang='grc'><strong>⁸⁸.</strong></span> <span class='ocrx_word' id='word_1_326' title='bbox 741 2613 760 2647; x_wconf 71' lang='grc' dir='ltr'><strong>ι</strong></span> <span class='ocrx_word' id='word_1_327' title='bbox 799 2595 860 2650; x_wconf 88' lang='lat' dir='ltr'><strong>In</strong></span> <span class='ocrx_word' id='word_1_328' title='bbox 887 2595 1174 2652; x_wconf 85' lang='lat' dir='ltr'><strong>Parabolis</strong></span> <span class='ocrx_word' id='word_1_329' title='bbox 1219 2611 1442 2666; x_wconf 86' lang='lat' dir='ltr'><strong>quoque</strong></span> <span class='ocrx_word' id='word_1_330' title='bbox 1474 2614 1487 2650; x_wconf 90' lang='lat'>:</span> <span class='ocrx_word' id='word_1_331' title='bbox 1518 2596 1792 2654; x_wconf 79' lang='lat' dir='ltr'><strong>Mansueti</strong></span> <span class='ocrx_word' id='word_1_332' title='bbox 1839 2600 2011 2655; x_wconf 87' lang='lat' dir='ltr'><strong>animi</strong></span> <span class='ocrx_word' id='word_1_333' title='bbox 2045 2612 2102 2656; x_wconf 90' lang='lat' dir='ltr'><strong>et</strong></span> 
     </span>
    </p>
   </div>
   <div class='ocr_carea' id='block_1_44' title="bbox 507 2685 2101 2759">
    <p class='ocr_par' dir='ltr' id='par_1_44' title="bbox 507 2685 2101 2759">
     <span class='ocr_line' id='line_1_44' title="bbox 507 2685 2101 2759; baseline 0.004 -17"><span class='ocrx_word' id='word_1_334' title='bbox 507 2688 798 2759; x_wconf 84' lang='lat' dir='ltr'><strong>placabilis</strong></span> <span class='ocrx_word' id='word_1_335' title='bbox 831 2686 920 2741; x_wconf 89' lang='lat' dir='ltr'><strong>vir</strong></span> <span class='ocrx_word' id='word_1_336' title='bbox 951 2685 1140 2742; x_wconf 86' lang='lat' dir='ltr'><strong>cordis</strong></span> <span class='ocrx_word' id='word_1_337' title='bbox 1177 2697 1265 2742; x_wconf 86' lang='lat' dir='ltr'><strong>est</strong></span> <span class='ocrx_word' id='word_1_338' title='bbox 1294 2687 1566 2751; x_wconf 90' lang='lat' dir='ltr'><strong>medicus,</strong></span> <span class='ocrx_word' id='word_1_339' title='bbox 1606 2689 1757 2744; x_wconf 86' lang='lat' dir='ltr'><strong>tinea</strong></span> <span class='ocrx_word' id='word_1_340' title='bbox 1783 2701 1968 2747; x_wconf 88' lang='lat' dir='ltr'><strong>autem</strong></span> <span class='ocrx_word' id='word_1_341' title='bbox 2007 2708 2101 2748; x_wconf 83' lang='lat' dir='ltr'><strong>os-</strong></span> 
     </span>
    </p>
   </div>
   <div class='ocr_carea' id='block_1_45' title="bbox 507 2779 2103 2852">
    <p class='ocr_par' dir='ltr' id='par_1_45' title="bbox 507 2779 2103 2852">
     <span class='ocr_line' id='line_1_45' title="bbox 507 2779 2103 2852; baseline 0.003 -16"><span class='ocrx_word' id='word_1_342' title='bbox 507 2782 673 2846; x_wconf 89' lang='lat' dir='ltr'><strong>sium,</strong></span> <span class='ocrx_word' id='word_1_343' title='bbox 699 2797 797 2834; x_wconf 89' lang='lat' dir='ltr'><strong>cor</strong></span> <span class='ocrx_word' id='word_1_344' title='bbox 828 2780 1182 2834; x_wconf 86' lang='lat' dir='ltr'><strong>sensitivum.</strong></span> <span class='ocrx_word' id='word_1_345' title='bbox 1204 2779 1445 2834; x_wconf 80' lang='lat' dir='ltr'><strong>Rursum</strong></span> <span class='ocrx_word' id='word_1_346' title='bbox 1479 2798 1492 2834; x_wconf 92' lang='lat'>:</span> <span class='ocrx_word' id='word_1_347' title='bbox 1526 2800 1545 2831; x_wconf 75' lang='grc' dir='ltr'><strong>ι</strong></span> <span class='ocrx_word' id='word_1_348' title='bbox 1579 2781 1886 2852; x_wconf 82' lang='lat' dir='ltr'><strong>Responsio</strong></span> <span class='ocrx_word' id='word_1_349' title='bbox 1919 2784 2103 2840; x_wconf 89' lang='lat' dir='ltr'><strong>mollis</strong></span> 
     </span>
    </p>
   </div>
   <div class='ocr_carea' id='block_1_46' title="bbox 507 2868 2101 2944">
    <p class='ocr_par' dir='ltr' id='par_1_46' title="bbox 507 2868 2101 2944">
     <span class='ocr_line' id='line_1_46' title="bbox 507 2868 2101 2944; baseline 0.002 -18"><span class='ocrx_word' id='word_1_350' title='bbox 507 2870 706 2926; x_wconf 77' lang='lat' dir='ltr'><strong>avertit</strong></span> <span class='ocrx_word' id='word_1_351' title='bbox 733 2870 867 2924; x_wconf 90' lang='lat' dir='ltr'><strong>iram</strong></span> <span class='ocrx_word' id='word_1_352' title='bbox 899 2869 974 2935; x_wconf 84' lang='lat'><strong>&quot;;</strong></span> <span class='ocrx_word' id='word_1_353' title='bbox 1003 2868 1101 2938; x_wconf 86' lang='lat' dir='ltr'><strong>qui</strong></span> <span class='ocrx_word' id='word_1_354' title='bbox 1136 2885 1384 2940; x_wconf 65' lang='lat' dir='ltr'><strong>prreceps</strong></span> <span class='ocrx_word' id='word_1_355' title='bbox 1423 2879 1507 2925; x_wconf 90' lang='lat' dir='ltr'><strong>est</strong></span> <span class='ocrx_word' id='word_1_356' title='bbox 1537 2871 1604 2926; x_wconf 85' lang='lat' dir='ltr'><strong>ad</strong></span> <span class='ocrx_word' id='word_1_357' title='bbox 1638 2871 1801 2940; x_wconf 90' lang='lat' dir='ltr'><strong>iram,</strong></span> <span class='ocrx_word' id='word_1_358' title='bbox 1839 2883 2101 2944; x_wconf 89' lang='lat' dir='ltr'><strong>operatur</strong></span> 
     </span>
    </p>
   </div>
   <div class='ocr_carea' id='block_1_47' title="bbox 508 2961 2101 3034">
    <p class='ocr_par' dir='ltr' id='par_1_47' title="bbox 508 2961 2101 3034">
     <span class='ocr_line' id='line_1_47' title="bbox 508 2961 2101 3034; baseline 0.003 -15"><span class='ocrx_word' id='word_1_359' title='bbox 508 2963 630 3019; x_wconf 88' lang='lat' dir='ltr'><strong>sine</strong></span> <span class='ocrx_word' id='word_1_360' title='bbox 661 2961 896 3016; x_wconf 88' lang='lat' dir='ltr'><strong>consilio</strong></span> <span class='ocrx_word' id='word_1_361' title='bbox 925 2962 993 3016; x_wconf 79' lang='lat'><strong>”.</strong></span> <span class='ocrx_word' id='word_1_362' title='bbox 1043 2981 1060 3012; x_wconf 80' lang='grc' dir='ltr'><strong>ι</strong></span> <span class='ocrx_word' id='word_1_363' title='bbox 1110 2962 1353 3016; x_wconf 81' lang='lat' dir='ltr'><strong>Rursum</strong></span> <span class='ocrx_word' id='word_1_364' title='bbox 1392 2980 1405 3016; x_wconf 91' lang='lat'><strong>:</strong></span> <span class='ocrx_word' id='word_1_365' title='bbox 1449 2982 1468 3014; x_wconf 80' lang='grc' dir='ltr'><strong>ι</strong></span> <span class='ocrx_word' id='word_1_366' title='bbox 1516 2964 1609 3019; x_wconf 88' lang='lat' dir='ltr'><strong>Vir</strong></span> <span class='ocrx_word' id='word_1_367' title='bbox 1637 2965 1882 3034; x_wconf 83' lang='lat' dir='ltr'><strong>prudens</strong></span> <span class='ocrx_word' id='word_1_368' title='bbox 1923 2967 2101 3023; x_wconf 85' lang='lat' dir='ltr'><strong>multa</strong></span> 
     </span>
    </p>
   </div>
   <div class='ocr_carea' id='block_1_48' title="bbox 507 3055 2096 3130">
    <p class='ocr_par' dir='ltr' id='par_1_48' title="bbox 507 3055 2096 3130">
     <span class='ocr_line' id='line_1_48' title="bbox 507 3055 2096 3130; baseline 0.002 -18"><span class='ocrx_word' id='word_1_369' title='bbox 507 3056 705 3112; x_wconf 76' lang='lat' dir='ltr'><strong>suffert</strong></span> <span class='ocrx_word' id='word_1_370' title='bbox 732 3059 799 3110; x_wconf 77' lang='grc'><strong>³⁸.</strong></span> <span class='ocrx_word' id='word_1_371' title='bbox 836 3075 854 3106; x_wconf 78' lang='grc' dir='ltr'><strong>ι</strong></span> <span class='ocrx_word' id='word_1_372' title='bbox 887 3056 956 3110; x_wconf 87' lang='grc' dir='ltr'>Ει</span> <span class='ocrx_word' id='word_1_373' title='bbox 989 3072 1002 3108; x_wconf 89' lang='lat'><strong>:</strong></span> <span class='ocrx_word' id='word_1_374' title='bbox 1043 3074 1062 3106; x_wconf 86' lang='grc'><strong><em>‹</em></strong></span> <span class='ocrx_word' id='word_1_375' title='bbox 1103 3055 1461 3126; x_wconf 82' lang='lat' dir='ltr'><strong>Longanimis</strong></span> <span class='ocrx_word' id='word_1_376' title='bbox 1505 3057 1592 3110; x_wconf 88' lang='lat' dir='ltr'><strong>vir</strong></span> <span class='ocrx_word' id='word_1_377' title='bbox 1620 3058 1808 3114; x_wconf 69' lang='lat' dir='ltr'><strong>multa:</strong></span> <span class='ocrx_word' id='word_1_378' title='bbox 1844 3069 1930 3114; x_wconf 89' lang='lat' dir='ltr'><strong>est</strong></span> <span class='ocrx_word' id='word_1_379' title='bbox 1958 3075 2096 3130; x_wconf 91' lang='lat' dir='ltr'><strong>pru-</strong></span> 
     </span>
    </p>
   </div>
   <div class='ocr_carea' id='block_1_49' title="bbox 513 3147 2086 3218">
    <p class='ocr_par' dir='ltr' id='par_1_49' title="bbox 513 3147 2086 3218">
     <span class='ocr_line' id='line_1_49' title="bbox 513 3147 2086 3218; baseline 0.001 -15"><span class='ocrx_word' id='word_1_380' title='bbox 513 3148 735 3211; x_wconf 65' lang='lat' dir='ltr'><strong>dentiae,</strong></span> <span class='ocrx_word' id='word_1_381' title='bbox 762 3147 1136 3218; x_wconf 89' lang='lat' dir='ltr'><strong>pusillanimis</strong></span> <span class='ocrx_word' id='word_1_382' title='bbox 1157 3157 1364 3212; x_wconf 89' lang='lat' dir='ltr'><strong>autem,</strong></span> <span class='ocrx_word' id='word_1_383' title='bbox 1399 3147 1560 3204; x_wconf 87' lang='lat' dir='ltr'><strong>fortis</strong></span> <span class='ocrx_word' id='word_1_384' title='bbox 1587 3157 1674 3203; x_wconf 89' lang='lat' dir='ltr'><strong>est</strong></span> <span class='ocrx_word' id='word_1_385' title='bbox 1703 3149 1941 3206; x_wconf 90' lang='lat' dir='ltr'><strong>stultitia</strong></span> <span class='ocrx_word' id='word_1_386' title='bbox 1965 3153 2034 3208; x_wconf 81' lang='lat'><strong>“.</strong></span> <span class='ocrx_word' id='word_1_387' title='bbox 2067 3171 2086 3205; x_wconf 77' lang='grc' dir='ltr'><strong>ι</strong></span> 
     </span>
    </p>
   </div>
   <div class='ocr_carea' id='block_1_50' title="bbox 509 3239 2093 3310">
    <p class='ocr_par' dir='ltr' id='par_1_50' title="bbox 509 3239 2093 3310">
     <span class='ocr_line' id='line_1_50' title="bbox 509 3239 2093 3310; baseline 0.004 -17"><span class='ocrx_word' id='word_1_388' title='bbox 509 3239 616 3293; x_wconf 82' lang='lat' dir='ltr'><strong>Et:</strong></span> <span class='ocrx_word' id='word_1_389' title='bbox 659 3258 676 3289; x_wconf 82' lang='grc' dir='ltr'><strong>ι</strong></span> <span class='ocrx_word' id='word_1_390' title='bbox 712 3239 808 3293; x_wconf 78' lang='lat' dir='ltr'><strong>V’ir</strong></span> <span class='ocrx_word' id='word_1_391' title='bbox 853 3239 1156 3294; x_wconf 88' lang='lat' dir='ltr'><strong>iracundus</strong></span> <span class='ocrx_word' id='word_1_392' title='bbox 1189 3239 1515 3309; x_wconf 86' lang='lat' dir='ltr'><strong>neutiquam</strong></span> <span class='ocrx_word' id='word_1_393' title='bbox 1547 3241 1780 3310; x_wconf 84' lang='lat' dir='ltr'><strong>pulcher</strong></span> <span class='ocrx_word' id='word_1_394' title='bbox 1812 3242 1879 3299; x_wconf 80' lang='lat'><strong>”.</strong></span> <span class='ocrx_word' id='word_1_395' title='bbox 1924 3262 1944 3296; x_wconf 70' lang='grc' dir='ltr'><strong>ι</strong></span> <span class='ocrx_word' id='word_1_396' title='bbox 1976 3244 2046 3299; x_wconf 85' lang='grc' dir='ltr'>Ει</span> <span class='ocrx_word' id='word_1_397' title='bbox 2079 3261 2093 3300; x_wconf 89' lang='lat'><strong>:</strong></span> 
     </span>
    </p>
   </div>
   <div class='ocr_carea' id='block_1_51' title="bbox 509 3330 2097 3404">
    <p class='ocr_par' dir='ltr' id='par_1_51' title="bbox 509 3330 2097 3404">
     <span class='ocr_line' id='line_1_51' title="bbox 509 3330 2097 3404; baseline 0.003 -20"><span class='ocrx_word' id='word_1_398' title='bbox 509 3331 711 3385; x_wconf 85' lang='lat' dir='ltr'><strong>Totum</strong></span> <span class='ocrx_word' id='word_1_399' title='bbox 754 3330 1001 3384; x_wconf 88' lang='lat' dir='ltr'><strong>animum</strong></span> <span class='ocrx_word' id='word_1_400' title='bbox 1035 3345 1200 3385; x_wconf 90' lang='lat' dir='ltr'><strong>suum</strong></span> <span class='ocrx_word' id='word_1_401' title='bbox 1232 3330 1448 3401; x_wconf 83' lang='lat' dir='ltr'><strong>profert</strong></span> <span class='ocrx_word' id='word_1_402' title='bbox 1485 3331 1715 3398; x_wconf 87' lang='lat' dir='ltr'><strong>stultus,</strong></span> <span class='ocrx_word' id='word_1_403' title='bbox 1747 3334 1970 3404; x_wconf 86' lang='lat' dir='ltr'><strong>sapiens</strong></span> <span class='ocrx_word' id='word_1_404' title='bbox 1992 3349 2097 3389; x_wconf 83' lang='lat' dir='ltr'><strong>au-</strong></span> 
     </span>
    </p>
   </div>
   <div class='ocr_carea' id='block_1_52' title="bbox 510 3423 2100 3494">
    <p class='ocr_par' dir='ltr' id='par_1_52' title="bbox 510 3423 2100 3494">
     <span class='ocr_line' id='line_1_52' title="bbox 510 3423 2100 3494; baseline 0.005 -18"><span class='ocrx_word' id='word_1_405' title='bbox 510 3431 620 3477; x_wconf 89' lang='lat' dir='ltr'><strong>tem</strong></span> <span class='ocrx_word' id='word_1_406' title='bbox 677 3432 924 3478; x_wconf 83' lang='lat' dir='ltr'><strong>reservat</strong></span> <span class='ocrx_word' id='word_1_407' title='bbox 973 3439 1072 3494; x_wconf 85' lang='lat' dir='ltr'><strong>per</strong></span> <span class='ocrx_word' id='word_1_408' title='bbox 1125 3431 1340 3492; x_wconf 88' lang='lat' dir='ltr'><strong>partem</strong></span> <span class='ocrx_word' id='word_1_409' title='bbox 1383 3423 1451 3478; x_wconf 73' lang='lat'><strong>&quot;.</strong></span> <span class='ocrx_word' id='word_1_410' title='bbox 1496 3442 1514 3474; x_wconf 78' lang='grc' dir='ltr'><strong>ι</strong></span> <span class='ocrx_word' id='word_1_411' title='bbox 1550 3424 1760 3480; x_wconf 90' lang='lat' dir='ltr'><strong>lterum</strong></span> <span class='ocrx_word' id='word_1_412' title='bbox 1794 3442 1811 3480; x_wconf 88' lang='lat'><strong>:</strong></span> <span class='ocrx_word' id='word_1_413' title='bbox 1840 3445 1858 3479; x_wconf 81' lang='grc' dir='ltr'><strong>ι</strong></span> <span class='ocrx_word' id='word_1_414' title='bbox 1895 3426 1974 3482; x_wconf 86' lang='lat' dir='ltr'><strong>Ne</strong></span> <span class='ocrx_word' id='word_1_415' title='bbox 2021 3427 2100 3485; x_wconf 90' lang='lat' dir='ltr'><strong>sis</strong></span> 
     </span>
    </p>
   </div>
   <div class='ocr_carea' id='block_1_53' title="bbox 508 3513 2099 3585">
    <p class='ocr_par' dir='ltr' id='par_1_53' title="bbox 508 3513 2099 3585">
     <span class='ocr_line' id='line_1_53' title="bbox 508 3513 2099 3585; baseline 0.003 -15"><span class='ocrx_word' id='word_1_416' title='bbox 508 3515 670 3570; x_wconf 75' lang='lat' dir='ltr'><strong>velox</strong></span> <span class='ocrx_word' id='word_1_417' title='bbox 703 3513 900 3584; x_wconf 90' lang='lat' dir='ltr'><strong>spiritu</strong></span> <span class='ocrx_word' id='word_1_418' title='bbox 930 3513 998 3568; x_wconf 89' lang='lat' dir='ltr'><strong>ad</strong></span> <span class='ocrx_word' id='word_1_419' title='bbox 1028 3513 1406 3579; x_wconf 89' lang='lat' dir='ltr'><strong>irascendum,</strong></span> <span class='ocrx_word' id='word_1_420' title='bbox 1435 3515 1565 3585; x_wconf 89' lang='lat' dir='ltr'><strong>quia</strong></span> <span class='ocrx_word' id='word_1_421' title='bbox 1602 3517 1678 3570; x_wconf 86' lang='lat' dir='ltr'><strong>ira</strong></span> <span class='ocrx_word' id='word_1_422' title='bbox 1706 3517 1762 3571; x_wconf 93' lang='lat' dir='ltr'><strong>in</strong></span> <span class='ocrx_word' id='word_1_423' title='bbox 1799 3517 1924 3573; x_wconf 88' lang='lat' dir='ltr'><strong>sinu</strong></span> <span class='ocrx_word' id='word_1_424' title='bbox 1955 3520 2099 3574; x_wconf 86' lang='lat' dir='ltr'><strong>stul-</strong></span> 
     </span>
    </p>
   </div>
   <div class='ocr_carea' id='block_1_54' title="bbox 510 3604 2096 3675">
    <p class='ocr_par' dir='ltr' id='par_1_54' title="bbox 510 3604 2096 3675">
     <span class='ocr_line' id='line_1_54' title="bbox 510 3604 2096 3675; baseline 0.003 -16"><span class='ocrx_word' id='word_1_425' title='bbox 510 3614 691 3660; x_wconf 89' lang='lat' dir='ltr'><strong>torum</strong></span> <span class='ocrx_word' id='word_1_426' title='bbox 731 3604 1033 3675; x_wconf 89' lang='lat' dir='ltr'><strong>requiescit</strong></span> <span class='ocrx_word' id='word_1_427' title='bbox 1057 3605 1124 3656; x_wconf 80' lang='grc'><strong>⁸⁸.</strong></span> <span class='ocrx_word' id='word_1_428' title='bbox 1157 3624 1175 3656; x_wconf 73' lang='grc' dir='ltr'><strong>ι</strong></span> <span class='ocrx_word' id='word_1_429' title='bbox 1199 3636 1268 3644; x_wconf 92' lang='grc'><strong>-</strong></span> <span class='ocrx_word' id='word_1_430' title='bbox 1290 3623 1308 3656; x_wconf 83' lang='grc' dir='ltr'><strong>ι</strong></span> <span class='ocrx_word' id='word_1_431' title='bbox 1340 3605 1516 3661; x_wconf 87' lang='lat' dir='ltr'><strong>Homo</strong></span> <span class='ocrx_word' id='word_1_432' title='bbox 1555 3607 1862 3662; x_wconf 88' lang='lat' dir='ltr'><strong>iracundus</strong></span> <span class='ocrx_word' id='word_1_433' title='bbox 1901 3608 2096 3664; x_wconf 83' lang='lat' dir='ltr'><strong>incen-</strong></span> 
     </span>
    </p>
   </div>
   <div class='ocr_carea' id='block_1_55' title="bbox 508 3698 2096 3772">
    <p class='ocr_par' dir='ltr' id='par_1_55' title="bbox 508 3698 2096 3772">
     <span class='ocr_line' id='line_1_55' title="bbox 508 3698 2096 3772; baseline 0.002 -19"><span class='ocrx_word' id='word_1_434' title='bbox 508 3699 592 3754; x_wconf 91' lang='lat' dir='ltr'><strong>dit</strong></span> <span class='ocrx_word' id='word_1_435' title='bbox 631 3713 894 3769; x_wconf 80' lang='lat' dir='ltr'><strong>pugnam,</strong></span> <span class='ocrx_word' id='word_1_436' title='bbox 932 3713 1045 3752; x_wconf 89' lang='lat' dir='ltr'><strong>non</strong></span> <span class='ocrx_word' id='word_1_437' title='bbox 1092 3698 1242 3752; x_wconf 91' lang='lat' dir='ltr'><strong>enim</strong></span> <span class='ocrx_word' id='word_1_438' title='bbox 1293 3700 1501 3768; x_wconf 90' lang='lat' dir='ltr'><strong>poterit</strong></span> <span class='ocrx_word' id='word_1_439' title='bbox 1546 3700 1848 3756; x_wconf 82' lang='lat' dir='ltr'><strong>iracundus</strong></span> <span class='ocrx_word' id='word_1_440' title='bbox 1889 3701 2096 3772; x_wconf 79' lang='lat' dir='ltr'><strong>justiﬁ-</strong></span> 
     </span>
    </p>
   </div>
   <div class='ocr_carea' id='block_1_56' title="bbox 509 3788 2095 3858">
    <p class='ocr_par' dir='ltr' id='par_1_56' title="bbox 509 3788 2095 3858">
     <span class='ocr_line' id='line_1_56' title="bbox 509 3788 2095 3858; baseline 0.003 -15"><span class='ocrx_word' id='word_1_441' title='bbox 509 3789 648 3844; x_wconf 89' lang='lat' dir='ltr'><strong>eari.</strong></span> <span class='ocrx_word' id='word_1_442' title='bbox 678 3789 777 3843; x_wconf 82' lang='lat' dir='ltr'><strong>Vir</strong></span> <span class='ocrx_word' id='word_1_443' title='bbox 802 3797 1061 3858; x_wconf 89' lang='lat' dir='ltr'><strong>peccator</strong></span> <span class='ocrx_word' id='word_1_444' title='bbox 1095 3788 1344 3844; x_wconf 89' lang='lat' dir='ltr'><strong>turbabit</strong></span> <span class='ocrx_word' id='word_1_445' title='bbox 1379 3790 1610 3857; x_wconf 90' lang='lat' dir='ltr'><strong>amicos,</strong></span> <span class='ocrx_word' id='word_1_446' title='bbox 1643 3800 1699 3846; x_wconf 89' lang='lat' dir='ltr'><strong>et</strong></span> <span class='ocrx_word' id='word_1_447' title='bbox 1745 3791 1801 3846; x_wconf 90' lang='lat' dir='ltr'><strong>in</strong></span> <span class='ocrx_word' id='word_1_448' title='bbox 1848 3793 2095 3849; x_wconf 86' lang='lat' dir='ltr'><strong>medium</strong></span> 
     </span>
    </p>
   </div>
   <div class='ocr_carea' id='block_1_57' title="bbox 509 3879 2096 3952">
    <p class='ocr_par' dir='ltr' id='par_1_57' title="bbox 509 3879 2096 3952">
     <span class='ocr_line' id='line_1_57' title="bbox 509 3879 2096 3952; baseline 0.003 -18"><span class='ocrx_word' id='word_1_449' title='bbox 509 3895 703 3952; x_wconf 89' lang='lat' dir='ltr'><strong>pacem</strong></span> <span class='ocrx_word' id='word_1_450' title='bbox 751 3879 1076 3934; x_wconf 87' lang='lat' dir='ltr'><strong>habentium</strong></span> <span class='ocrx_word' id='word_1_451' title='bbox 1117 3879 1380 3936; x_wconf 89' lang='lat' dir='ltr'><strong>immittet</strong></span> <span class='ocrx_word' id='word_1_452' title='bbox 1415 3882 1749 3936; x_wconf 87' lang='lat' dir='ltr'><strong>calumniam</strong></span> <span class='ocrx_word' id='word_1_453' title='bbox 1772 3884 1838 3938; x_wconf 78' lang='lat'><strong>&quot;.</strong></span> <span class='ocrx_word' id='word_1_454' title='bbox 1876 3904 1895 3936; x_wconf 73' lang='grc' dir='ltr'><strong>ι</strong></span> <span class='ocrx_word' id='word_1_455' title='bbox 1926 3885 2096 3940; x_wconf 88' lang='lat' dir='ltr'><strong>Indu-</strong></span> 
     </span>
    </p>
   </div>
   <div class='ocr_carea' id='block_1_58' title="bbox 509 3972 2095 4049">
    <p class='ocr_par' dir='ltr' id='par_1_58' title="bbox 509 3972 2095 4049">
     <span class='ocr_line' id='line_1_58' title="bbox 509 3972 2095 4049; baseline 0.003 -21"><span class='ocrx_word' id='word_1_456' title='bbox 509 3974 588 4028; x_wconf 92' lang='lat' dir='ltr'><strong>cit</strong></span> <span class='ocrx_word' id='word_1_457' title='bbox 620 3991 634 4026; x_wconf 90' lang='lat'><strong>:</strong></span> <span class='ocrx_word' id='word_1_458' title='bbox 674 3992 692 4024; x_wconf 78' lang='grc' dir='ltr'><strong>ι</strong></span> <span class='ocrx_word' id='word_1_459' title='bbox 719 3973 798 4029; x_wconf 85' lang='lat' dir='ltr'><strong>Ne</strong></span> <span class='ocrx_word' id='word_1_460' title='bbox 823 3972 994 4028; x_wconf 88' lang='lat' dir='ltr'><strong>fueris</strong></span> <span class='ocrx_word' id='word_1_461' title='bbox 1014 3974 1202 4028; x_wconf 91' lang='lat' dir='ltr'><strong>socius</strong></span> <span class='ocrx_word' id='word_1_462' title='bbox 1217 3973 1338 4029; x_wconf 88' lang='lat' dir='ltr'><strong>viro</strong></span> <span class='ocrx_word' id='word_1_463' title='bbox 1360 3974 1648 4041; x_wconf 87' lang='lat' dir='ltr'><strong>iracundo,</strong></span> <span class='ocrx_word' id='word_1_464' title='bbox 1670 3977 1849 4032; x_wconf 90' lang='lat' dir='ltr'><strong>amico</strong></span> <span class='ocrx_word' id='word_1_465' title='bbox 1872 3994 2095 4049; x_wconf 88' lang='lat' dir='ltr'><strong>quoque</strong></span> 
     </span>
    </p>
   </div>
   <div class='ocr_carea' id='block_1_59' title="bbox 509 4066 2088 4142">
    <p class='ocr_par' dir='ltr' id='par_1_59' title="bbox 509 4066 2088 4142">
     <span class='ocr_line' id='line_1_59' title="bbox 509 4066 2088 4142; baseline 0.003 -22"><span class='ocrx_word' id='word_1_466' title='bbox 509 4066 722 4122; x_wconf 83' lang='lat' dir='ltr'><strong>furiose</strong></span> <span class='ocrx_word' id='word_1_467' title='bbox 747 4082 816 4121; x_wconf 90' lang='lat' dir='ltr'><strong>ne</strong></span> <span class='ocrx_word' id='word_1_468' title='bbox 839 4066 1146 4131; x_wconf 88' lang='lat' dir='ltr'><strong>cobabites,</strong></span> <span class='ocrx_word' id='word_1_469' title='bbox 1172 4082 1242 4122; x_wconf 90' lang='lat' dir='ltr'><strong>ne</strong></span> <span class='ocrx_word' id='word_1_470' title='bbox 1276 4067 1425 4123; x_wconf 84' lang='lat' dir='ltr'><strong>forte</strong></span> <span class='ocrx_word' id='word_1_471' title='bbox 1448 4068 1631 4124; x_wconf 83' lang='lat' dir='ltr'><strong>discas</strong></span> <span class='ocrx_word' id='word_1_472' title='bbox 1659 4069 1804 4124; x_wconf 89' lang='lat' dir='ltr'><strong>viam</strong></span> <span class='ocrx_word' id='word_1_473' title='bbox 1832 4071 1957 4142; x_wconf 84' lang='lat' dir='ltr'><strong>ejus</strong></span> <span class='ocrx_word' id='word_1_474' title='bbox 1979 4072 2045 4126; x_wconf 80' lang='grc'><strong>’⁷.</strong></span> <span class='ocrx_word' id='word_1_475' title='bbox 2068 4091 2088 4124; x_wconf 75' lang='grc' dir='ltr'><strong>ι</strong></span> 
     </span>
    </p>
   </div>
   <div class='ocr_carea' id='block_1_60' title="bbox 508 4160 2094 4226">
    <p class='ocr_par' dir='ltr' id='par_1_60' title="bbox 508 4160 2094 4226">
     <span class='ocr_line' id='line_1_60' title="bbox 508 4160 2094 4226; baseline 0.002 -11"><span class='ocrx_word' id='word_1_476' title='bbox 508 4161 587 4215; x_wconf 91' lang='lat' dir='ltr'><strong>De</strong></span> <span class='ocrx_word' id='word_1_477' title='bbox 623 4160 894 4226; x_wconf 84' lang='lat' dir='ltr'><strong>ejusmodi</strong></span> <span class='ocrx_word' id='word_1_478' title='bbox 933 4160 1098 4215; x_wconf 89' lang='lat' dir='ltr'><strong>etiam</strong></span> <span class='ocrx_word' id='word_1_479' title='bbox 1132 4160 1302 4215; x_wconf 82' lang='lat' dir='ltr'><strong>David</strong></span> <span class='ocrx_word' id='word_1_480' title='bbox 1332 4178 1348 4215; x_wconf 90' lang='lat'><strong>:</strong></span> <span class='ocrx_word' id='word_1_481' title='bbox 1379 4180 1398 4212; x_wconf 74' lang='grc' dir='ltr'><strong>ι</strong></span> <span class='ocrx_word' id='word_1_482' title='bbox 1430 4161 1608 4216; x_wconf 86' lang='lat' dir='ltr'><strong>Furor</strong></span> <span class='ocrx_word' id='word_1_483' title='bbox 1649 4161 1760 4217; x_wconf 91' lang='lat' dir='ltr'><strong>illis</strong></span> <span class='ocrx_word' id='word_1_484' title='bbox 1789 4163 2094 4219; x_wconf 87' lang='lat' dir='ltr'><strong>secundum</strong></span> 
     </span>
    </p>
   </div>
   <div class='ocr_carea' id='block_1_61' title="bbox 509 4249 2098 4322">
    <p class='ocr_par' dir='ltr' id='par_1_61' title="bbox 509 4249 2098 4322">
     <span class='ocr_line' id='line_1_61' title="bbox 509 4249 2098 4322; baseline 0.004 -17"><span class='ocrx_word' id='word_1_485' title='bbox 509 4249 935 4306; x_wconf 90' lang='lat' dir='ltr'><strong>similitudinem</strong></span> <span class='ocrx_word' id='word_1_486' title='bbox 983 4251 1298 4322; x_wconf 90' lang='lat' dir='ltr'><strong>serpentis,</strong></span> <span class='ocrx_word' id='word_1_487' title='bbox 1355 4251 1502 4307; x_wconf 92' lang='lat' dir='ltr'><strong>sicut</strong></span> <span class='ocrx_word' id='word_1_488' title='bbox 1552 4253 1761 4322; x_wconf 79' lang='lat' dir='ltr'><strong>aspidis</strong></span> <span class='ocrx_word' id='word_1_489' title='bbox 1809 4254 1990 4310; x_wconf 67' lang='lat' dir='ltr'><strong>surda:</strong></span> <span class='ocrx_word' id='word_1_490' title='bbox 2038 4265 2098 4312; x_wconf 89' lang='lat' dir='ltr'><strong>et</strong></span> 
     </span>
    </p>
   </div>
   <div class='ocr_carea' id='block_1_62' title="bbox 508 4341 2092 4410">
    <p class='ocr_par' dir='ltr' id='par_1_62' title="bbox 508 4341 2092 4410">
     <span class='ocr_line' id='line_1_62' title="bbox 508 4341 2092 4410; baseline 0.004 -15"><span class='ocrx_word' id='word_1_491' title='bbox 508 4341 824 4396; x_wconf 88' lang='lat' dir='ltr'><strong>obturantis</strong></span> <span class='ocrx_word' id='word_1_492' title='bbox 864 4356 1030 4397; x_wconf 87' lang='lat' dir='ltr'><strong>aures</strong></span> <span class='ocrx_word' id='word_1_493' title='bbox 1078 4358 1209 4397; x_wconf 90' lang='lat' dir='ltr'><strong>suas</strong></span> <span class='ocrx_word' id='word_1_494' title='bbox 1240 4343 1308 4398; x_wconf 80' lang='grc'><strong>⁸³.</strong></span> <span class='ocrx_word' id='word_1_495' title='bbox 1353 4362 1372 4395; x_wconf 70' lang='grc' dir='ltr'><strong>ι</strong></span> <span class='ocrx_word' id='word_1_496' title='bbox 1415 4343 1892 4410; x_wconf 89' lang='lat' dir='ltr'><strong>Quemadmodum</strong></span> <span class='ocrx_word' id='word_1_497' title='bbox 1943 4346 2092 4401; x_wconf 89' lang='lat' dir='ltr'><strong>enim</strong></span> 
     </span>
    </p>
   </div>
   <div class='ocr_carea' id='block_1_63' title="bbox 422 4434 2094 4506">
    <p class='ocr_par' dir='ltr' id='par_1_63' title="bbox 422 4434 2094 4506">
     <span class='ocr_line' id='line_1_63' title="bbox 422 4434 2094 4506; baseline 0.004 -16"><span class='ocrx_word' id='word_1_498' title='bbox 422 4485 426 4490; x_wconf 89' lang='lat'><strong>.</strong></span> <span class='ocrx_word' id='word_1_499' title='bbox 510 4435 713 4506; x_wconf 82' lang='lat' dir='ltr'><strong>viper:e</strong></span> <span class='ocrx_word' id='word_1_500' title='bbox 743 4435 894 4491; x_wconf 91' lang='lat' dir='ltr'><strong>fetus</strong></span> <span class='ocrx_word' id='word_1_501' title='bbox 922 4443 1154 4489; x_wconf 89' lang='lat' dir='ltr'><strong>matrem</strong></span> <span class='ocrx_word' id='word_1_502' title='bbox 1185 4434 1458 4490; x_wconf 89' lang='lat' dir='ltr'><strong>arrodunt</strong></span> <span class='ocrx_word' id='word_1_503' title='bbox 1497 4453 1677 4499; x_wconf 86' lang='lat' dir='ltr'><strong>suam,</strong></span> <span class='ocrx_word' id='word_1_504' title='bbox 1710 4437 1793 4493; x_wconf 91' lang='lat' dir='ltr'><strong>sic</strong></span> <span class='ocrx_word' id='word_1_505' title='bbox 1837 4439 2094 4496; x_wconf 90' lang='lat' dir='ltr'><strong>iracundi</strong></span> 
     </span>
    </p>
   </div>
   <div class='ocr_carea' id='block_1_64' title="bbox 2205 1955 3755 2042">
    <p class='ocr_par' dir='ltr' id='par_1_64' title="bbox 2205 1955 3755 2042">
     <span class='ocr_line' id='line_1_64' title="bbox 2205 1955 3755 2042; baseline 0.02 -35"><span class='ocrx_word' id='word_1_506' title='bbox 2205 1955 2302 2008; x_wconf 77' lang='grc' dir='ltr'>καὶ</span> <span class='ocrx_word' id='word_1_507' title='bbox 2334 1957 2628 2028; x_wconf 80' lang='grc' dir='ltr'>παράγαγε</span> <span class='ocrx_word' id='word_1_508' title='bbox 2679 1963 2950 2034; x_wconf 77' lang='grc' dir='ltr'>πονηρίαν</span> <span class='ocrx_word' id='word_1_509' title='bbox 2977 1967 3087 2022; x_wconf 73' lang='grc' dir='ltr'>ἀπὸ</span> <span class='ocrx_word' id='word_1_510' title='bbox 3129 1972 3334 2042; x_wconf 79' lang='grc' dir='ltr'>σαρκός</span> <span class='ocrx_word' id='word_1_511' title='bbox 3370 1955 3486 2032; x_wconf 87' lang='grc' dir='ltr'>σου.</span> <span class='ocrx_word' id='word_1_512' title='bbox 3529 1998 3548 2032; x_wconf 73' lang='grc' dir='ltr'><strong>ι</strong></span> <span class='ocrx_word' id='word_1_513' title='bbox 3588 1980 3686 2036; x_wconf 81' lang='lat' dir='ltr'><strong>Kal</strong></span> <span class='ocrx_word' id='word_1_514' title='bbox 3707 1985 3755 2037; x_wconf 79' lang='grc' dir='ltr'>ἐν</span> 
     </span>
    </p>
   </div>
   <div class='ocr_carea' id='block_1_65' title="bbox 2202 2051 3755 2146">
    <p class='ocr_par' dir='ltr' id='par_1_65' title="bbox 2202 2051 3755 2146">
     <span class='ocr_line' id='line_1_65' title="bbox 2202 2051 3755 2146; baseline 0.005 -44"><span class='ocrx_word' id='word_1_515' title='bbox 2202 2051 2323 2146; x_wconf 79' lang='grc' dir='ltr'>ταῖς</span> <span class='ocrx_word' id='word_1_516' title='bbox 2338 2051 2711 2146; x_wconf 25' lang='grc' dir='ltr'>ᾳῖῐαροιμίαις,</span> <span class='ocrx_word' id='word_1_517' title='bbox 2767 2057 3092 2130; x_wconf 83' lang='grc' dir='ltr'>πραΰθυμος</span> <span class='ocrx_word' id='word_1_518' title='bbox 3126 2062 3266 2134; x_wconf 85' lang='grc' dir='ltr'>ἀνὴρ</span> <span class='ocrx_word' id='word_1_519' title='bbox 3301 2069 3530 2139; x_wconf 80' lang='grc' dir='ltr'>καρδίας</span> <span class='ocrx_word' id='word_1_520' title='bbox 3568 2072 3755 2146; x_wconf 59' lang='grc' dir='ltr'>ἱατρός.</span> 
     </span>
    </p>
   </div>
   <div class='ocr_carea' id='block_1_66' title="bbox 2205 2139 3760 2223">
    <p class='ocr_par' dir='ltr' id='par_1_66' title="bbox 2205 2139 3760 2223">
     <span class='ocr_line' id='line_1_66' title="bbox 2205 2139 3760 2223; baseline 0.019 -32"><span class='ocrx_word' id='word_1_521' title='bbox 2205 2139 2305 2211; x_wconf 81' lang='grc' dir='ltr'><strong>σὴς</strong></span> <span class='ocrx_word' id='word_1_522' title='bbox 2332 2139 2389 2194; x_wconf 83' lang='grc' dir='ltr'>δὲ</span> <span class='ocrx_word' id='word_1_523' title='bbox 2419 2141 2624 2197; x_wconf 79' lang='grc' dir='ltr'>ὀστέων</span> <span class='ocrx_word' id='word_1_524' title='bbox 2647 2145 2846 2217; x_wconf 79' lang='grc' dir='ltr'>καρδία</span> <span class='ocrx_word' id='word_1_525' title='bbox 2876 2149 3195 2223; x_wconf 73' lang='grc' dir='ltr'>αἰσθητικὴ.</span> <span class='ocrx_word' id='word_1_526' title='bbox 3225 2156 3334 2209; x_wconf 86' lang='lat' dir='ltr'><strong>Kal</strong></span> <span class='ocrx_word' id='word_1_527' title='bbox 3363 2159 3541 2214; x_wconf 87' lang='grc' dir='ltr'>πάλιν·</span> <span class='ocrx_word' id='word_1_528' title='bbox 3571 2182 3590 2214; x_wconf 75' lang='grc' dir='ltr'><strong>ι</strong></span> 
     </span>
    </p>
   </div>
   <div class='ocr_carea' id='block_1_67' title="bbox 2203 2235 3762 2322">
    <p class='ocr_par' dir='ltr' id='par_1_67' title="bbox 2203 2235 3762 2322">
     <span class='ocr_line' id='line_1_67' title="bbox 2203 2235 3762 2322; baseline 0.018 -37"><span class='ocrx_word' id='word_1_529' title='bbox 2203 2249 2388 2303; x_wconf 90' lang='grc' dir='ltr'>κρισις</span> <span class='ocrx_word' id='word_1_530' title='bbox 2417 2235 2804 2291; x_wconf 87' lang='grc' dir='ltr'>ὑποπίπτουσα</span> <span class='ocrx_word' id='word_1_531' title='bbox 2846 2241 3184 2315; x_wconf 79' lang='grc' dir='ltr'>ἀποστρέφει</span> <span class='ocrx_word' id='word_1_532' title='bbox 3221 2247 3415 2316; x_wconf 84' lang='grc' dir='ltr'>θυμόν·</span> <span class='ocrx_word' id='word_1_533' title='bbox 3450 2252 3479 2305; x_wconf 84' lang='grc' dir='ltr'><strong>δ</strong></span> <span class='ocrx_word' id='word_1_534' title='bbox 3511 2254 3564 2307; x_wconf 89' lang='grc' dir='ltr'><strong>δέ</strong></span> <span class='ocrx_word' id='word_1_535' title='bbox 3593 2255 3762 2322; x_wconf 80' lang='grc' dir='ltr'>ὀξύθυ-</span> 
     </span>
    </p>
   </div>
   <div class='ocr_carea' id='block_1_68' title="bbox 2205 2328 3760 2421">
    <p class='ocr_par' dir='ltr' id='par_1_68' title="bbox 2205 2328 3760 2421">
     <span class='ocr_line' id='line_1_68' title="bbox 2205 2328 3760 2421; baseline 0.016 -43"><span class='ocrx_word' id='word_1_536' title='bbox 2205 2342 2306 2396; x_wconf 85' lang='grc' dir='ltr'><strong>μος</strong></span> <span class='ocrx_word' id='word_1_537' title='bbox 2351 2328 2592 2399; x_wconf 86' lang='grc' dir='ltr'>πράσσει</span> <span class='ocrx_word' id='word_1_538' title='bbox 2629 2331 2770 2401; x_wconf 77' lang='grc' dir='ltr'>μετὰ</span> <span class='ocrx_word' id='word_1_539' title='bbox 2804 2333 3118 2396; x_wconf 77' lang='grc' dir='ltr'>ἀϐουλίας.)</span> <span class='ocrx_word' id='word_1_540' title='bbox 3157 2339 3268 2392; x_wconf 84' lang='lat' dir='ltr'><strong>Kal</strong></span> <span class='ocrx_word' id='word_1_541' title='bbox 3299 2341 3465 2396; x_wconf 88' lang='grc' dir='ltr'>πάλιν</span> <span class='ocrx_word' id='word_1_542' title='bbox 3502 2361 3517 2378; x_wconf 91' lang='grc'><strong>·</strong></span> <span class='ocrx_word' id='word_1_543' title='bbox 3555 2366 3573 2398; x_wconf 80' lang='grc' dir='ltr'><strong>ι</strong></span> <span class='ocrx_word' id='word_1_544' title='bbox 3622 2348 3760 2421; x_wconf 74' lang='grc' dir='ltr'>Ἀνὴρ</span> 
     </span>
    </p>
   </div>
   <div class='ocr_carea' id='block_1_69' title="bbox 2203 2417 3760 2512">
    <p class='ocr_par' dir='ltr' id='par_1_69' title="bbox 2203 2417 3760 2512">
     <span class='ocr_line' id='line_1_69' title="bbox 2203 2417 3760 2512; baseline -0.004 1"><span class='ocrx_word' id='word_1_545' title='bbox 2203 2417 2676 2512; x_wconf 54' lang='grc' dir='ltr'>φρόνιμοῖπολλά</span> <span class='ocrx_word' id='word_1_546' title='bbox 2706 2423 2993 2496; x_wconf 67' lang='grc' dir='ltr'><strong>ὑποφέρει·</strong></span> <span class='ocrx_word' id='word_1_547' title='bbox 3038 2447 3057 2478; x_wconf 79' lang='grc'><strong><em>³</em></strong></span> <span class='ocrx_word' id='word_1_548' title='bbox 3115 2430 3249 2493; x_wconf 73' lang='grc' dir='ltr'>Καὶ,</span> <span class='ocrx_word' id='word_1_549' title='bbox 3284 2451 3304 2484; x_wconf 83' lang='grc'><strong><em>‹</em></strong></span> <span class='ocrx_word' id='word_1_550' title='bbox 3347 2434 3406 2486; x_wconf 86' lang='grc'>’0</span> <span class='ocrx_word' id='word_1_551' title='bbox 3443 2417 3760 2512; x_wconf 58' lang='grc' dir='ltr'>μακρόθυμοξ</span> 
     </span>
    </p>
   </div>
   <div class='ocr_carea' id='block_1_70' title="bbox 2201 2508 3758 2602">
    <p class='ocr_par' dir='ltr' id='par_1_70' title="bbox 2201 2508 3758 2602">
     <span class='ocr_line' id='line_1_70' title="bbox 2201 2508 3758 2602; baseline 0.01 -40"><span class='ocrx_word' id='word_1_552' title='bbox 2201 2508 2341 2602; x_wconf 80' lang='grc' dir='ltr'>ἀνὴρ</span> <span class='ocrx_word' id='word_1_553' title='bbox 2371 2511 2540 2575; x_wconf 80' lang='grc' dir='ltr'>πολὺς</span> <span class='ocrx_word' id='word_1_554' title='bbox 2573 2512 2632 2566; x_wconf 82' lang='grc' dir='ltr'><strong>ἐν</strong></span> <span class='ocrx_word' id='word_1_555' title='bbox 2678 2516 2963 2586; x_wconf 85' lang='grc' dir='ltr'>φρονήσει.</span> <span class='ocrx_word' id='word_1_556' title='bbox 3003 2517 3061 2570; x_wconf 86' lang='lat'><strong>&#39;0</strong></span> <span class='ocrx_word' id='word_1_557' title='bbox 3090 2519 3145 2572; x_wconf 71' lang='grc' dir='ltr'>δὲ</span> <span class='ocrx_word' id='word_1_558' title='bbox 3190 2520 3523 2596; x_wconf 68' lang='grc' dir='ltr'>ὀλιγόψυχος</span> <span class='ocrx_word' id='word_1_559' title='bbox 3566 2508 3758 2602; x_wconf 60' lang='grc' dir='ltr'>ἰσχυρὸς</span> 
     </span>
    </p>
   </div>
   <div class='ocr_carea' id='block_1_71' title="bbox 2203 2601 3755 2691">
    <p class='ocr_par' dir='ltr' id='par_1_71' title="bbox 2203 2601 3755 2691">
     <span class='ocr_line' id='line_1_71' title="bbox 2203 2601 3755 2691; baseline 0.013 -37"><span class='ocrx_word' id='word_1_560' title='bbox 2203 2601 2414 2691; x_wconf 82' lang='grc' dir='ltr'>ἄφρων.</span> <span class='ocrx_word' id='word_1_561' title='bbox 2455 2622 2475 2656; x_wconf 71' lang='grc' dir='ltr'><strong>ι</strong></span> <span class='ocrx_word' id='word_1_562' title='bbox 2515 2604 2660 2657; x_wconf 81' lang='grc' dir='ltr'>Καί·</span> <span class='ocrx_word' id='word_1_563' title='bbox 2693 2624 2712 2656; x_wconf 76' lang='grc' dir='ltr'><strong>ι</strong></span> <span class='ocrx_word' id='word_1_564' title='bbox 2754 2606 2919 2678; x_wconf 81' lang='grc' dir='ltr'>Ἀνὴρ</span> <span class='ocrx_word' id='word_1_565' title='bbox 2969 2607 3224 2684; x_wconf 80' lang='grc' dir='ltr'>θυμώδης</span> <span class='ocrx_word' id='word_1_566' title='bbox 3268 2616 3373 2670; x_wconf 82' lang='grc' dir='ltr'><strong>οὐκ</strong></span> <span class='ocrx_word' id='word_1_567' title='bbox 3419 2618 3755 2691; x_wconf 74' lang='grc' dir='ltr'><strong>εὐσχήμων.»</strong></span> 
     </span>
    </p>
   </div>
   <div class='ocr_carea' id='block_1_72' title="bbox 2201 2689 3758 2783">
    <p class='ocr_par' dir='ltr' id='par_1_72' title="bbox 2201 2689 3758 2783">
     <span class='ocr_line' id='line_1_72' title="bbox 2201 2689 3758 2783; baseline 0.013 -37"><span class='ocrx_word' id='word_1_568' title='bbox 2201 2693 2313 2746; x_wconf 89' lang='lat' dir='ltr'><strong>Kal</strong></span> <span class='ocrx_word' id='word_1_569' title='bbox 2330 2689 2486 2760; x_wconf 83' lang='grc' dir='ltr'>αὖθις</span> <span class='ocrx_word' id='word_1_570' title='bbox 2512 2711 2528 2727; x_wconf 78' lang='grc' dir='ltr'><strong>ο</strong></span> <span class='ocrx_word' id='word_1_571' title='bbox 2558 2714 2577 2748; x_wconf 79' lang='grc' dir='ltr'><strong>ι</strong></span> <span class='ocrx_word' id='word_1_572' title='bbox 2605 2697 2771 2753; x_wconf 84' lang='grc' dir='ltr'>Ὃλον</span> <span class='ocrx_word' id='word_1_573' title='bbox 2796 2700 2891 2754; x_wconf 82' lang='grc' dir='ltr'>τὸν</span> <span class='ocrx_word' id='word_1_574' title='bbox 2927 2701 3096 2773; x_wconf 85' lang='grc' dir='ltr'>Θυμὸν</span> <span class='ocrx_word' id='word_1_575' title='bbox 3133 2705 3302 2760; x_wconf 78' lang='grc' dir='ltr'>αὑτοῦ</span> <span class='ocrx_word' id='word_1_576' title='bbox 3326 2689 3550 2782; x_wconf 78' lang='grc' dir='ltr'>ἐκφέρει</span> <span class='ocrx_word' id='word_1_577' title='bbox 3571 2689 3758 2783; x_wconf 18' lang='grc' dir='ltr'>νάφρων,</span> 
     </span>
    </p>
   </div>
   <div class='ocr_carea' id='block_1_73' title="bbox 2203 2786 3760 2879">
    <p class='ocr_par' dir='ltr' id='par_1_73' title="bbox 2203 2786 3760 2879">
     <span class='ocr_line' id='line_1_73' title="bbox 2203 2786 3760 2879; baseline 0.015 -42"><span class='ocrx_word' id='word_1_578' title='bbox 2203 2786 2366 2854; x_wconf 80' lang='grc' dir='ltr'>σοφὸς</span> <span class='ocrx_word' id='word_1_579' title='bbox 2391 2786 2446 2840; x_wconf 84' lang='grc' dir='ltr'>δὲ</span> <span class='ocrx_word' id='word_1_580' title='bbox 2477 2789 2807 2860; x_wconf 81' lang='grc' dir='ltr'>ταμιεύεται</span> <span class='ocrx_word' id='word_1_581' title='bbox 2839 2793 2982 2848; x_wconf 85' lang='grc' dir='ltr'><strong>κατά</strong></span> <span class='ocrx_word' id='word_1_582' title='bbox 3013 2797 3202 2868; x_wconf 83' lang='grc' dir='ltr'>μέρος.</span> <span class='ocrx_word' id='word_1_583' title='bbox 3234 2817 3252 2850; x_wconf 76' lang='grc' dir='ltr'><strong>ι</strong></span> <span class='ocrx_word' id='word_1_584' title='bbox 3287 2801 3407 2854; x_wconf 89' lang='lat' dir='ltr'><strong>Kal</strong></span> <span class='ocrx_word' id='word_1_585' title='bbox 3437 2804 3611 2868; x_wconf 83' lang='grc' dir='ltr'>πάλιν,</span> <span class='ocrx_word' id='word_1_586' title='bbox 3649 2827 3664 2855; x_wconf 79' lang='grc' dir='ltr'><strong><em>ο</em></strong></span> <span class='ocrx_word' id='word_1_587' title='bbox 3686 2809 3760 2879; x_wconf 80' lang='grc' dir='ltr'><strong>Μὴ</strong></span> 
     </span>
    </p>
   </div>
   <div class='ocr_carea' id='block_1_74' title="bbox 2204 2879 3763 2971">
    <p class='ocr_par' dir='ltr' id='par_1_74' title="bbox 2204 2879 3763 2971">
     <span class='ocr_line' id='line_1_74' title="bbox 2204 2879 3763 2971; baseline 0.015 -40"><span class='ocrx_word' id='word_1_588' title='bbox 2204 2879 2450 2952; x_wconf 76' lang='grc' dir='ltr'>σπεύσῃς</span> <span class='ocrx_word' id='word_1_589' title='bbox 2505 2883 2564 2936; x_wconf 79' lang='grc' dir='ltr'><strong>ἐν</strong></span> <span class='ocrx_word' id='word_1_590' title='bbox 2619 2884 2893 2957; x_wconf 87' lang='grc' dir='ltr'>πνεύματί</span> <span class='ocrx_word' id='word_1_591' title='bbox 2963 2905 3060 2942; x_wconf 89' lang='grc' dir='ltr'><strong>σου</strong></span> <span class='ocrx_word' id='word_1_592' title='bbox 3117 2890 3458 2962; x_wconf 80' lang='grc' dir='ltr'>θυμοῦσθαι,</span> <span class='ocrx_word' id='word_1_593' title='bbox 3513 2899 3591 2951; x_wconf 77' lang='grc' dir='ltr'><strong>ὅτι</strong></span> <span class='ocrx_word' id='word_1_594' title='bbox 3619 2901 3763 2971; x_wconf 78' lang='grc' dir='ltr'>θυμὸς</span> 
     </span>
    </p>
   </div>
   <div class='ocr_carea' id='block_1_75' title="bbox 2202 2972 3762 3055">
    <p class='ocr_par' dir='ltr' id='par_1_75' title="bbox 2202 2972 3762 3055">
     <span class='ocr_line' id='line_1_75' title="bbox 2202 2972 3762 3055; baseline 0.013 -32"><span class='ocrx_word' id='word_1_595' title='bbox 2202 2972 2260 3025; x_wconf 84' lang='grc' dir='ltr'>ὲν</span> <span class='ocrx_word' id='word_1_596' title='bbox 2291 2972 2478 3045; x_wconf 87' lang='grc' dir='ltr'>κόλπῳ</span> <span class='ocrx_word' id='word_1_597' title='bbox 2531 2976 2786 3046; x_wconf 84' lang='grc' dir='ltr'>ἀφρόνων</span> <span class='ocrx_word' id='word_1_598' title='bbox 2807 2980 3203 3038; x_wconf 77' lang='grc' dir='ltr'>ἀναπαύεται.»</span> <span class='ocrx_word' id='word_1_599' title='bbox 3241 2986 3356 3040; x_wconf 89' lang='lat' dir='ltr'><strong>Kal</strong></span> <span class='ocrx_word' id='word_1_600' title='bbox 3392 2988 3569 3055; x_wconf 80' lang='grc' dir='ltr'>πάλιν,</span> <span class='ocrx_word' id='word_1_601' title='bbox 3605 3010 3623 3042; x_wconf 76' lang='grc' dir='ltr'><strong>ι</strong></span> <span class='ocrx_word' id='word_1_602' title='bbox 3658 2993 3762 3046; x_wconf 72' lang='grc' dir='ltr'>Ἀνε-</span> 
     </span>
    </p>
   </div>
   <div class='ocr_carea' id='block_1_76' title="bbox 2202 3065 3760 3156">
    <p class='ocr_par' dir='ltr' id='par_1_76' title="bbox 2202 3065 3760 3156">
     <span class='ocr_line' id='line_1_76' title="bbox 2202 3065 3760 3156; baseline 0.013 -38"><span class='ocrx_word' id='word_1_603' title='bbox 2202 3065 2422 3136; x_wconf 87' lang='grc' dir='ltr'>θρωπος</span> <span class='ocrx_word' id='word_1_604' title='bbox 2480 3067 2736 3142; x_wconf 82' lang='grc' dir='ltr'>θυμώδης</span> <span class='ocrx_word' id='word_1_605' title='bbox 2795 3075 3011 3128; x_wconf 87' lang='grc' dir='ltr'>ἐκκαίει</span> <span class='ocrx_word' id='word_1_606' title='bbox 3071 3078 3276 3149; x_wconf 82' lang='grc' dir='ltr'>μάχην.</span> <span class='ocrx_word' id='word_1_607' title='bbox 3337 3081 3415 3135; x_wconf 85' lang='grc' dir='ltr'><strong>Οὐ</strong></span> <span class='ocrx_word' id='word_1_608' title='bbox 3466 3082 3572 3154; x_wconf 80' lang='grc' dir='ltr'><strong>γὰρ</strong></span> <span class='ocrx_word' id='word_1_609' title='bbox 3622 3084 3760 3156; x_wconf 79' lang='grc' dir='ltr'>δυνή-</span> 
     </span>
    </p>
   </div>
   <div class='ocr_carea' id='block_1_77' title="bbox 2204 3160 3760 3243">
    <p class='ocr_par' dir='ltr' id='par_1_77' title="bbox 2204 3160 3760 3243">
     <span class='ocr_line' id='line_1_77' title="bbox 2204 3160 3760 3243; baseline 0.013 -32"><span class='ocrx_word' id='word_1_610' title='bbox 2204 3175 2360 3214; x_wconf 83' lang='grc' dir='ltr'>σεται</span> <span class='ocrx_word' id='word_1_611' title='bbox 2399 3160 2689 3234; x_wconf 82' lang='grc' dir='ltr'>ἄνθρωπος</span> <span class='ocrx_word' id='word_1_612' title='bbox 2718 3165 2978 3239; x_wconf 83' lang='grc' dir='ltr'>θυμώδης</span> <span class='ocrx_word' id='word_1_613' title='bbox 3001 3167 3392 3243; x_wconf 83' lang='grc' dir='ltr'>δικαιωθῆναι.</span> <span class='ocrx_word' id='word_1_614' title='bbox 3424 3195 3443 3226; x_wconf 72' lang='grc' dir='ltr'><strong>ι</strong></span> <span class='ocrx_word' id='word_1_615' title='bbox 3471 3177 3576 3229; x_wconf 86' lang='lat' dir='ltr'><strong>Kal</strong></span> <span class='ocrx_word' id='word_1_616' title='bbox 3606 3173 3760 3242; x_wconf 78' lang='grc' dir='ltr'>αὖθις,</span> 
     </span>
    </p>
   </div>
   <div class='ocr_carea' id='block_1_78' title="bbox 2207 3252 3762 3338">
    <p class='ocr_par' dir='ltr' id='par_1_78' title="bbox 2207 3252 3762 3338">
     <span class='ocr_line' id='line_1_78' title="bbox 2207 3252 3762 3338; baseline 0.014 -36"><span class='ocrx_word' id='word_1_617' title='bbox 2207 3269 2227 3302; x_wconf 73' lang='grc' dir='ltr'><strong>ι</strong></span> <span class='ocrx_word' id='word_1_618' title='bbox 2277 3252 2444 3324; x_wconf 78' lang='grc' dir='ltr'>Ἀνὴρ</span> <span class='ocrx_word' id='word_1_619' title='bbox 2475 3254 2804 3325; x_wconf 82' lang='grc' dir='ltr'>ἁμαρτωλὸς</span> <span class='ocrx_word' id='word_1_620' title='bbox 2847 3262 3078 3330; x_wconf 79' lang='grc' dir='ltr'>ταράξει</span> <span class='ocrx_word' id='word_1_621' title='bbox 3119 3265 3334 3332; x_wconf 86' lang='grc' dir='ltr'>φίλους,</span> <span class='ocrx_word' id='word_1_622' title='bbox 3366 3268 3461 3320; x_wconf 78' lang='grc' dir='ltr'>καὶ</span> <span class='ocrx_word' id='word_1_623' title='bbox 3489 3269 3591 3322; x_wconf 69' lang='grc' dir='ltr'><strong>δινά</strong></span> <span class='ocrx_word' id='word_1_624' title='bbox 3620 3270 3762 3338; x_wconf 82' lang='grc' dir='ltr'>μέσον</span> 
     </span>
    </p>
   </div>
   <div class='ocr_carea' id='block_1_79' title="bbox 2200 3342 3760 3433">
    <p class='ocr_par' dir='ltr' id='par_1_79' title="bbox 2200 3342 3760 3433">
     <span class='ocr_line' id='line_1_79' title="bbox 2200 3342 3760 3433; baseline 0.015 -39"><span class='ocrx_word' id='word_1_625' title='bbox 2200 3342 2594 3433; x_wconf 79' lang='grc' dir='ltr'>εἰρηνευὸντων</span> <span class='ocrx_word' id='word_1_626' title='bbox 2627 3349 2858 3419; x_wconf 75' lang='grc' dir='ltr'>ἐμϐαλεί</span> <span class='ocrx_word' id='word_1_627' title='bbox 2885 3351 3194 3426; x_wconf 77' lang='grc' dir='ltr'>διαϐολήν.»</span> <span class='ocrx_word' id='word_1_628' title='bbox 3229 3359 3347 3412; x_wconf 87' lang='lat' dir='ltr'><strong>Kal</strong></span> <span class='ocrx_word' id='word_1_629' title='bbox 3378 3361 3575 3429; x_wconf 78' lang='grc' dir='ltr'>ἐπάγει</span> <span class='ocrx_word' id='word_1_630' title='bbox 3606 3377 3619 3390; x_wconf 90' lang='grc'><strong>·</strong></span> <span class='ocrx_word' id='word_1_631' title='bbox 3647 3363 3760 3433; x_wconf 75' lang='grc' dir='ltr'><strong>«Μὴ</strong></span> 
     </span>
    </p>
   </div>
   <div class='ocr_carea' id='block_1_80' title="bbox 2202 3431 3760 3524">
    <p class='ocr_par' dir='ltr' id='par_1_80' title="bbox 2202 3431 3760 3524">
     <span class='ocr_line' id='line_1_80' title="bbox 2202 3431 3760 3524; baseline 0.014 -39"><span class='ocrx_word' id='word_1_632' title='bbox 2202 3431 2310 3487; x_wconf 75' lang='grc' dir='ltr'>ἴσθι</span> <span class='ocrx_word' id='word_1_633' title='bbox 2343 3437 2559 3507; x_wconf 80' lang='grc' dir='ltr'>ἑταῖρος</span> <span class='ocrx_word' id='word_1_634' title='bbox 2609 3448 2632 3476; x_wconf 77' lang='grc' dir='ltr'><strong>ο</strong></span> <span class='ocrx_word' id='word_1_635' title='bbox 2676 3440 2832 3512; x_wconf 85' lang='grc' dir='ltr'>ἀνδρὶ</span> <span class='ocrx_word' id='word_1_636' title='bbox 2865 3440 3126 3512; x_wconf 84' lang='grc' dir='ltr'>θυμώδει.</span> <span class='ocrx_word' id='word_1_637' title='bbox 3174 3446 3321 3518; x_wconf 79' lang='grc' dir='ltr'>Φίλῳ</span> <span class='ocrx_word' id='word_1_638' title='bbox 3369 3449 3429 3502; x_wconf 85' lang='grc' dir='ltr'>δὲ</span> <span class='ocrx_word' id='word_1_639' title='bbox 3471 3450 3663 3524; x_wconf 80' lang='grc' dir='ltr'>ὀργίλῳ</span> <span class='ocrx_word' id='word_1_640' title='bbox 3697 3431 3760 3523; x_wconf 69' lang='grc' dir='ltr'><strong>μη</strong></span> 
     </span>
    </p>
   </div>
   <div class='ocr_carea' id='block_1_81' title="bbox 2201 3526 3762 3606">
    <p class='ocr_par' dir='ltr' id='par_1_81' title="bbox 2201 3526 3762 3606">
     <span class='ocr_line' id='line_1_81' title="bbox 2201 3526 3762 3606; baseline 0.011 -28"><span class='ocrx_word' id='word_1_641' title='bbox 2201 3526 2547 3594; x_wconf 78' lang='grc' dir='ltr'>συναυλίζου,</span> <span class='ocrx_word' id='word_1_642' title='bbox 2583 3530 2658 3602; x_wconf 83' lang='grc' dir='ltr'>μή</span> <span class='ocrx_word' id='word_1_643' title='bbox 2699 3547 2833 3584; x_wconf 89' lang='grc' dir='ltr'>ποτε</span> <span class='ocrx_word' id='word_1_644' title='bbox 2869 3532 3050 3606; x_wconf 80' lang='grc' dir='ltr'>μάθῃς</span> <span class='ocrx_word' id='word_1_645' title='bbox 3080 3536 3179 3606; x_wconf 77' lang='grc' dir='ltr'>τὴν</span> <span class='ocrx_word' id='word_1_646' title='bbox 3206 3538 3337 3592; x_wconf 80' lang='grc' dir='ltr'>ὁδὸν</span> <span class='ocrx_word' id='word_1_647' title='bbox 3383 3541 3570 3598; x_wconf 83' lang='grc' dir='ltr'>αὑτοῦ.</span> <span class='ocrx_word' id='word_1_648' title='bbox 3611 3561 3630 3595; x_wconf 76' lang='grc' dir='ltr'><strong>ι</strong></span> <span class='ocrx_word' id='word_1_649' title='bbox 3671 3544 3762 3596; x_wconf 83' lang='lat' dir='ltr'><strong>Kal</strong></span> 
     </span>
    </p>
   </div>
   <div class='ocr_carea' id='block_1_82' title="bbox 2198 3619 3763 3709">
    <p class='ocr_par' dir='ltr' id='par_1_82' title="bbox 2198 3619 3763 3709">
     <span class='ocr_line' id='line_1_82' title="bbox 2198 3619 3763 3709; baseline 0.013 -37"><span class='ocrx_word' id='word_1_650' title='bbox 2198 3620 2228 3672; x_wconf 84' lang='grc' dir='ltr'><strong>ὁ</strong></span> <span class='ocrx_word' id='word_1_651' title='bbox 2253 3619 2419 3674; x_wconf 74' lang='grc' dir='ltr'>Δαϐὶδ</span> <span class='ocrx_word' id='word_1_652' title='bbox 2448 3623 2582 3694; x_wconf 82' lang='grc' dir='ltr'>περὶ</span> <span class='ocrx_word' id='word_1_653' title='bbox 2598 3623 2810 3679; x_wconf 83' lang='grc' dir='ltr'>τούτων</span> <span class='ocrx_word' id='word_1_654' title='bbox 2839 3627 2995 3696; x_wconf 83' lang='grc' dir='ltr'>φησὶ,</span> <span class='ocrx_word' id='word_1_655' title='bbox 3037 3648 3057 3680; x_wconf 74' lang='grc' dir='ltr'><strong>ι</strong></span> <span class='ocrx_word' id='word_1_656' title='bbox 3080 3630 3266 3701; x_wconf 81' lang='grc' dir='ltr'>Θυμὸς</span> <span class='ocrx_word' id='word_1_657' title='bbox 3307 3635 3494 3700; x_wconf 70' lang='grc' dir='ltr'>αὐτοῖς</span> <span class='ocrx_word' id='word_1_658' title='bbox 3523 3637 3655 3692; x_wconf 71' lang='grc' dir='ltr'>κατὰ</span> <span class='ocrx_word' id='word_1_659' title='bbox 3679 3639 3763 3709; x_wconf 73' lang='grc' dir='ltr'>τὴν</span> 
     </span>
    </p>
   </div>
   <div class='ocr_carea' id='block_1_83' title="bbox 2197 3709 3762 3801">
    <p class='ocr_par' dir='ltr' id='par_1_83' title="bbox 2197 3709 3762 3801">
     <span class='ocr_line' id='line_1_83' title="bbox 2197 3709 3762 3801; baseline 0.015 -40"><span class='ocrx_word' id='word_1_660' title='bbox 2197 3709 2580 3801; x_wconf 27' lang='grc' dir='ltr'>ὁμοίωσινῴτοῦ</span> <span class='ocrx_word' id='word_1_661' title='bbox 2615 3713 2814 3784; x_wconf 76' lang='grc' dir='ltr'>ὄφεως,</span> <span class='ocrx_word' id='word_1_662' title='bbox 2847 3718 2984 3773; x_wconf 76' lang='grc' dir='ltr'>ὡσεὶ</span> <span class='ocrx_word' id='word_1_663' title='bbox 3011 3722 3239 3788; x_wconf 87' lang='grc' dir='ltr'>ἀσπίδος</span> <span class='ocrx_word' id='word_1_664' title='bbox 3279 3727 3479 3796; x_wconf 83' lang='grc' dir='ltr'>κωφῆς</span> <span class='ocrx_word' id='word_1_665' title='bbox 3508 3731 3597 3784; x_wconf 71' lang='grc' dir='ltr'><strong>καὶ</strong></span> <span class='ocrx_word' id='word_1_666' title='bbox 3627 3730 3762 3801; x_wconf 81' lang='grc' dir='ltr'>βυού-</span> 
     </span>
    </p>
   </div>
   <div class='ocr_carea' id='block_1_84' title="bbox 2201 3798 3764 3894">
    <p class='ocr_par' dir='ltr' id='par_1_84' title="bbox 2201 3798 3764 3894">
     <span class='ocr_line' id='line_1_84' title="bbox 2201 3798 3764 3894; baseline 0.015 -40"><span class='ocrx_word' id='word_1_667' title='bbox 2201 3817 2300 3873; x_wconf 88' lang='grc' dir='ltr'><strong>σης</strong></span> <span class='ocrx_word' id='word_1_668' title='bbox 2333 3803 2402 3856; x_wconf 75' lang='grc' dir='ltr'>τὰ</span> <span class='ocrx_word' id='word_1_669' title='bbox 2449 3798 2565 3860; x_wconf 77' lang='grc' dir='ltr'>ὦτα</span> <span class='ocrx_word' id='word_1_670' title='bbox 2609 3807 2799 3879; x_wconf 78' lang='grc' dir='ltr'>αὐτῆς.</span> <span class='ocrx_word' id='word_1_671' title='bbox 2841 3829 2862 3864; x_wconf 75' lang='grc' dir='ltr'><strong>ι</strong></span> <span class='ocrx_word' id='word_1_672' title='bbox 2897 3813 3110 3884; x_wconf 84' lang='grc' dir='ltr'>Ὥσπερ</span> <span class='ocrx_word' id='word_1_673' title='bbox 3151 3818 3266 3888; x_wconf 81' lang='grc' dir='ltr'>γὰρ</span> <span class='ocrx_word' id='word_1_674' title='bbox 3323 3820 3394 3874; x_wconf 80' lang='grc' dir='ltr'><strong>τά</strong></span> <span class='ocrx_word' id='word_1_675' title='bbox 3441 3821 3539 3892; x_wconf 84' lang='grc' dir='ltr'>τῆς</span> <span class='ocrx_word' id='word_1_676' title='bbox 3573 3798 3764 3894; x_wconf 77' lang='grc' dir='ltr'>ἐχίδνης</span> 
     </span>
    </p>
   </div>
   <div class='ocr_carea' id='block_1_85' title="bbox 2197 3896 3762 3984">
    <p class='ocr_par' dir='ltr' id='par_1_85' title="bbox 2197 3896 3762 3984">
     <span class='ocr_line' id='line_1_85' title="bbox 2197 3896 3762 3984; baseline 0.016 -38"><span class='ocrx_word' id='word_1_677' title='bbox 2197 3896 2518 3967; x_wconf 81' lang='grc' dir='ltr'>γεννήματα</span> <span class='ocrx_word' id='word_1_678' title='bbox 2565 3901 2914 3956; x_wconf 83' lang='grc' dir='ltr'>κατεσθίουσι</span> <span class='ocrx_word' id='word_1_679' title='bbox 2953 3907 3222 3962; x_wconf 82' lang='grc' dir='ltr'>τεκοῦσαν</span> <span class='ocrx_word' id='word_1_680' title='bbox 3255 3913 3496 3984; x_wconf 81' lang='grc' dir='ltr'>μητέρα,</span> <span class='ocrx_word' id='word_1_681' title='bbox 3525 3915 3660 3969; x_wconf 77' lang='grc' dir='ltr'>οὕτω</span> <span class='ocrx_word' id='word_1_682' title='bbox 3687 3916 3762 3968; x_wconf 84' lang='grc' dir='ltr'>λο-</span> 
     </span>
    </p>
   </div>
   <div class='ocr_carea' id='block_1_86' title="bbox 2197 3989 3763 4078">
    <p class='ocr_par' dir='ltr' id='par_1_86' title="bbox 2197 3989 3763 4078">
     <span class='ocr_line' id='line_1_86' title="bbox 2197 3989 3763 4078; baseline 0.017 -38"><span class='ocrx_word' id='word_1_683' title='bbox 2197 3989 2396 4060; x_wconf 78' lang='grc' dir='ltr'>γισμὸς</span> <span class='ocrx_word' id='word_1_684' title='bbox 2439 3990 2714 4064; x_wconf 88' lang='grc' dir='ltr'>θυμώδης.</span> <span class='ocrx_word' id='word_1_685' title='bbox 2760 3996 2822 4048; x_wconf 85' lang='grc' dir='ltr'><strong>Ἦ</strong></span> <span class='ocrx_word' id='word_1_686' title='bbox 2871 4001 3153 4072; x_wconf 82' lang='grc' dir='ltr'>προσευχὴ</span> <span class='ocrx_word' id='word_1_687' title='bbox 3211 4003 3310 4058; x_wconf 84' lang='grc' dir='ltr'><strong>τοῦ</strong></span> <span class='ocrx_word' id='word_1_688' title='bbox 3361 4007 3659 4078; x_wconf 81' lang='grc' dir='ltr'>θυμώδους,</span> <span class='ocrx_word' id='word_1_689' title='bbox 3700 4009 3763 4072; x_wconf 81' lang='grc' dir='ltr'><strong>ὡς</strong></span> 
     </span>
    </p>
   </div>
   <div class='ocr_carea' id='block_1_87' title="bbox 2199 4080 3763 4168">
    <p class='ocr_par' dir='ltr' id='par_1_87' title="bbox 2199 4080 3763 4168">
     <span class='ocr_line' id='line_1_87' title="bbox 2199 4080 3763 4168; baseline 0.013 -34"><span class='ocrx_word' id='word_1_690' title='bbox 2199 4080 2454 4154; x_wconf 73' lang='grc' dir='ltr'>θυμίαμα</span> <span class='ocrx_word' id='word_1_691' title='bbox 2507 4085 2928 4156; x_wconf 75' lang='grc' dir='ltr'>ἐϐδελυγμένον,</span> <span class='ocrx_word' id='word_1_692' title='bbox 2963 4092 3058 4145; x_wconf 72' lang='grc' dir='ltr'>καὶ</span> <span class='ocrx_word' id='word_1_693' title='bbox 3109 4094 3142 4164; x_wconf 81' lang='grc' dir='ltr'>ἡ</span> <span class='ocrx_word' id='word_1_694' title='bbox 3192 4095 3495 4168; x_wconf 75' lang='grc' dir='ltr'>ψαλμῳδία</span> <span class='ocrx_word' id='word_1_695' title='bbox 3526 4099 3763 4164; x_wconf 81' lang='grc' dir='ltr'>αὐτοῦὡς</span> 
     </span>
    </p>
   </div>
   <div class='ocr_carea' id='block_1_88' title="bbox 2197 4170 3764 4261">
    <p class='ocr_par' dir='ltr' id='par_1_88' title="bbox 2197 4170 3764 4261">
     <span class='ocr_line' id='line_1_88' title="bbox 2197 4170 3764 4261; baseline 0.01 -32"><span class='ocrx_word' id='word_1_696' title='bbox 2197 4170 2332 4245; x_wconf 83' lang='grc' dir='ltr'>ἦχος</span> <span class='ocrx_word' id='word_1_697' title='bbox 2363 4177 2553 4249; x_wconf 82' lang='grc' dir='ltr'>ἀηδής.</span> <span class='ocrx_word' id='word_1_698' title='bbox 2587 4180 2698 4232; x_wconf 86' lang='lat' dir='ltr'><strong>Kal</strong></span> <span class='ocrx_word' id='word_1_699' title='bbox 2731 4179 2923 4253; x_wconf 84' lang='grc' dir='ltr'>ὥσπερ</span> <span class='ocrx_word' id='word_1_700' title='bbox 2957 4181 3095 4237; x_wconf 87' lang='grc' dir='ltr'>λέων</span> <span class='ocrx_word' id='word_1_701' title='bbox 3122 4187 3182 4239; x_wconf 87' lang='grc' dir='ltr'><strong>ἐν</strong></span> <span class='ocrx_word' id='word_1_702' title='bbox 3217 4186 3423 4261; x_wconf 73' lang='grc' dir='ltr'>ζώγρῳ</span> <span class='ocrx_word' id='word_1_703' title='bbox 3474 4195 3614 4246; x_wconf 83' lang='grc' dir='ltr'>κινεῖ</span> <span class='ocrx_word' id='word_1_704' title='bbox 3654 4193 3764 4256; x_wconf 77' lang='grc' dir='ltr'>τοὺς</span> 
     </span>
    </p>
   </div>
   <div class='ocr_carea' id='block_1_89' title="bbox 2200 4270 3762 4352">
    <p class='ocr_par' dir='ltr' id='par_1_89' title="bbox 2200 4270 3762 4352">
     <span class='ocr_line' id='line_1_89' title="bbox 2200 4270 3762 4352; baseline 0.012 -32"><span class='ocrx_word' id='word_1_705' title='bbox 2200 4270 2539 4339; x_wconf 82' lang='grc' dir='ltr'>στρόφιγγας</span> <span class='ocrx_word' id='word_1_706' title='bbox 2570 4273 2834 4344; x_wconf 88' lang='grc' dir='ltr'>συνεχῶς,</span> <span class='ocrx_word' id='word_1_707' title='bbox 2858 4274 3004 4328; x_wconf 72' lang='grc' dir='ltr'>οὕτω</span> <span class='ocrx_word' id='word_1_708' title='bbox 3033 4278 3128 4331; x_wconf 75' lang='grc' dir='ltr'>καὶ</span> <span class='ocrx_word' id='word_1_709' title='bbox 3161 4277 3424 4352; x_wconf 87' lang='grc' dir='ltr'>θυμώδης</span> <span class='ocrx_word' id='word_1_710' title='bbox 3448 4286 3657 4339; x_wconf 79' lang='grc' dir='ltr'>ἐκκαίει</span> <span class='ocrx_word' id='word_1_711' title='bbox 3687 4286 3762 4338; x_wconf 81' lang='grc' dir='ltr'>λο-</span> 
     </span>
    </p>
   </div>
   <div class='ocr_carea' id='block_1_90' title="bbox 2196 4362 3765 4448">
    <p class='ocr_par' dir='ltr' id='par_1_90' title="bbox 2196 4362 3765 4448">
     <span class='ocr_line' id='line_1_90' title="bbox 2196 4362 3765 4448; baseline 0.011 -36"><span class='ocrx_word' id='word_1_712' title='bbox 2196 4362 2431 4430; x_wconf 81' lang='grc' dir='ltr'>γισμοὺς</span> <span class='ocrx_word' id='word_1_713' title='bbox 2460 4363 2652 4434; x_wconf 80' lang='grc' dir='ltr'>ὀργῆς.</span> <span class='ocrx_word' id='word_1_714' title='bbox 2683 4367 2791 4420; x_wconf 88' lang='lat' dir='ltr'><strong>Kal</strong></span> <span class='ocrx_word' id='word_1_715' title='bbox 2826 4366 3016 4440; x_wconf 82' lang='grc' dir='ltr'>ὥσπερ</span> <span class='ocrx_word' id='word_1_716' title='bbox 3057 4371 3260 4441; x_wconf 79' lang='grc' dir='ltr'>ἄνεμος</span> <span class='ocrx_word' id='word_1_717' title='bbox 3295 4376 3529 4448; x_wconf 71' lang='grc' dir='ltr'>σφοδρὸς</span> <span class='ocrx_word' id='word_1_718' title='bbox 3550 4377 3610 4430; x_wconf 84' lang='grc' dir='ltr'><strong>ού</strong></span> <span class='ocrx_word' id='word_1_719' title='bbox 3645 4379 3765 4431; x_wconf 84' lang='grc' dir='ltr'>κινεῖ</span> 
     </span>
    </p>
   </div>
   <div class='ocr_carea' id='block_1_91' title="bbox 2198 4453 3762 4541">
    <p class='ocr_par' dir='ltr' id='par_1_91' title="bbox 2198 4453 3762 4541">
     <span class='ocr_line' id='line_1_91' title="bbox 2198 4453 3762 4541; baseline 0.012 -35"><span class='ocrx_word' id='word_1_720' title='bbox 2198 4453 2412 4525; x_wconf 81' lang='grc' dir='ltr'>πῦργον</span> <span class='ocrx_word' id='word_1_721' title='bbox 2444 4457 2640 4527; x_wconf 83' lang='grc' dir='ltr'>ὀχυρὸν</span> <span class='ocrx_word' id='word_1_722' title='bbox 2662 4499 2678 4520; x_wconf 81' lang='grc'><strong>,</strong></span> <span class='ocrx_word' id='word_1_723' title='bbox 2709 4459 2854 4514; x_wconf 77' lang='grc' dir='ltr'>οὕτω</span> <span class='ocrx_word' id='word_1_724' title='bbox 2879 4459 3061 4533; x_wconf 71' lang='grc' dir='ltr'>ψυχὴν</span> <span class='ocrx_word' id='word_1_725' title='bbox 3101 4465 3378 4538; x_wconf 76' lang='grc' dir='ltr'>ἀόργητον</span> <span class='ocrx_word' id='word_1_726' title='bbox 3409 4471 3470 4522; x_wconf 72' lang='grc' dir='ltr'>οὐ</span> <span class='ocrx_word' id='word_1_727' title='bbox 3511 4470 3762 4541; x_wconf 80' lang='grc' dir='ltr'>συναρπά-</span> 
     </span>
    </p>
   </div>
   <div class='ocr_carea' id='block_1_92' title="bbox 508 4527 2098 4632">
    <p class='ocr_par' dir='ltr' id='par_1_92' title="bbox 508 4527 2094 4603">
     <span class='ocr_line' id='line_1_92' title="bbox 508 4527 2094 4603; baseline 0.004 -21"><span class='ocrx_word' id='word_1_728' title='bbox 508 4527 751 4582; x_wconf 87' lang='lat' dir='ltr'><strong>hominis</strong></span> <span class='ocrx_word' id='word_1_729' title='bbox 800 4527 1165 4598; x_wconf 79' lang='lat' dir='ltr'><strong>cogitationes</strong></span> <span class='ocrx_word' id='word_1_730' title='bbox 1211 4541 1312 4582; x_wconf 91' lang='lat' dir='ltr'><strong>cor</strong></span> <span class='ocrx_word' id='word_1_731' title='bbox 1352 4528 1620 4584; x_wconf 81' lang='lat' dir='ltr'><strong>exedunt.</strong></span> <span class='ocrx_word' id='word_1_732' title='bbox 1671 4529 1743 4586; x_wconf 88' lang='lat' dir='ltr'><strong>Ut</strong></span> <span class='ocrx_word' id='word_1_733' title='bbox 1795 4531 2094 4603; x_wconf 81' lang='lat' dir='ltr'><strong>thymiama</strong></span> 
     </span>
    </p>
   </div>
   <div class='ocr_carea' id='block_1_93' title="bbox 2201 4527 3763 4632">
    <p class='ocr_par' dir='ltr' id='par_1_93' title="bbox 2201 4527 3763 4632">
     <span class='ocr_line' id='line_1_93' title="bbox 2201 4527 3763 4632; baseline 0.012 -34"><span class='ocrx_word' id='word_1_734' title='bbox 2201 4545 2283 4610; x_wconf 79' lang='grc' dir='ltr'><strong>ζει</strong></span> <span class='ocrx_word' id='word_1_735' title='bbox 2312 4547 2504 4618; x_wconf 78' lang='grc' dir='ltr'>θυμός.</span> <span class='ocrx_word' id='word_1_736' title='bbox 2536 4548 2594 4603; x_wconf 82' lang='grc' dir='ltr'>Ὀ</span> <span class='ocrx_word' id='word_1_737' title='bbox 2619 4550 2675 4603; x_wconf 79' lang='grc' dir='ltr'>δὲ</span> <span class='ocrx_word' id='word_1_738' title='bbox 2723 4527 3042 4619; x_wconf 73' lang='grc' dir='ltr'>Ἀπόστολος</span> <span class='ocrx_word' id='word_1_739' title='bbox 3065 4527 3340 4612; x_wconf 69' lang='grc' dir='ltr'>νουθετίῖιν</span> <span class='ocrx_word' id='word_1_740' title='bbox 3365 4579 3535 4632; x_wconf 81' lang='grc' dir='ltr'>φησιν</span> <span class='ocrx_word' id='word_1_741' title='bbox 3561 4579 3603 4615; x_wconf 80' lang='grc' dir='ltr'><strong>ἰ</strong></span> <span class='ocrx_word' id='word_1_742' title='bbox 3625 4527 3763 4616; x_wconf 68' lang='lat' dir='ltr'><strong>&quot;Aud-</strong></span> 
     </span>
    </p>
   </div>
   <div class='ocr_carea' id='block_1_94' title="bbox 509 4618 2094 4694">
    <p class='ocr_par' dir='ltr' id='par_1_94' title="bbox 509 4618 2094 4694">
     <span class='ocr_line' id='line_1_94' title="bbox 509 4618 2094 4694; baseline 0.003 -19"><span class='ocrx_word' id='word_1_743' title='bbox 509 4619 846 4676; x_wconf 69' lang='lat' dir='ltr'><strong>inammnum</strong></span> <span class='ocrx_word' id='word_1_744' title='bbox 870 4629 924 4674; x_wconf 92' lang='lat' dir='ltr'><strong>et</strong></span> <span class='ocrx_word' id='word_1_745' title='bbox 944 4618 1310 4684; x_wconf 85' lang='lat' dir='ltr'><strong>exsecrabile,</strong></span> <span class='ocrx_word' id='word_1_746' title='bbox 1334 4619 1408 4676; x_wconf 90' lang='lat' dir='ltr'><strong>ita</strong></span> <span class='ocrx_word' id='word_1_747' title='bbox 1435 4620 1598 4676; x_wconf 92' lang='lat' dir='ltr'><strong>istius</strong></span> <span class='ocrx_word' id='word_1_748' title='bbox 1622 4632 1926 4678; x_wconf 87' lang='lat' dir='ltr'><strong>concentus</strong></span> <span class='ocrx_word' id='word_1_749' title='bbox 1944 4628 2094 4694; x_wconf 88' lang='lat' dir='ltr'><strong>psal-</strong></span> 
     </span>
    </p>
   </div>
   <div class='ocr_carea' id='block_1_95' title="bbox 507 4733 2090 4800">
    <p class='ocr_par' dir='ltr' id='par_1_95' title="bbox 507 4733 2090 4800">
     <span class='ocr_line' id='line_1_95' title="bbox 507 4733 2090 4800; baseline 0.001 -10"><span class='ocrx_word' id='word_1_750' title='bbox 507 4752 757 4800; x_wconf 91' lang='lat' dir='ltr'><strong>morum,</strong></span> <span class='ocrx_word' id='word_1_751' title='bbox 813 4749 984 4790; x_wconf 92' lang='lat' dir='ltr'><strong>sonus</strong></span> <span class='ocrx_word' id='word_1_752' title='bbox 1036 4733 1305 4789; x_wconf 83' lang='lat' dir='ltr'><strong>insuavis.</strong></span> <span class='ocrx_word' id='word_1_753' title='bbox 1357 4733 1834 4800; x_wconf 90' lang='lat' dir='ltr'><strong>Quemadmodum</strong></span> <span class='ocrx_word' id='word_1_754' title='bbox 1889 4735 1978 4791; x_wconf 89' lang='lat' dir='ltr'><strong>leo</strong></span> <span class='ocrx_word' id='word_1_755' title='bbox 2035 4737 2090 4792; x_wconf 93' lang='lat' dir='ltr'><strong>in</strong></span> 
     </span>
    </p>
   </div>
   <div class='ocr_carea' id='block_1_96' title="bbox 506 4826 2091 4896">
    <p class='ocr_par' dir='ltr' id='par_1_96' title="bbox 506 4826 2091 4896">
     <span class='ocr_line' id='line_1_96' title="bbox 506 4826 2091 4896; baseline 0.002 -13"><span class='ocrx_word' id='word_1_756' title='bbox 506 4830 721 4884; x_wconf 91' lang='lat' dir='ltr'><strong>vivario</strong></span> <span class='ocrx_word' id='word_1_757' title='bbox 773 4828 1036 4882; x_wconf 89' lang='lat' dir='ltr'><strong>continue</strong></span> <span class='ocrx_word' id='word_1_758' title='bbox 1095 4835 1350 4882; x_wconf 91' lang='lat' dir='ltr'><strong>movetur</strong></span> <span class='ocrx_word' id='word_1_759' title='bbox 1385 4826 1626 4896; x_wconf 87' lang='lat' dir='ltr'><strong>obliquis</strong></span> <span class='ocrx_word' id='word_1_760' title='bbox 1683 4826 1955 4894; x_wconf 81' lang='lat' dir='ltr'><strong>ﬂexibus,</strong></span> <span class='ocrx_word' id='word_1_761' title='bbox 2011 4829 2091 4886; x_wconf 87' lang='lat' dir='ltr'><strong>ita</strong></span> 
     </span>
    </p>
   </div>
   <div class='ocr_carea' id='block_1_97' title="bbox 506 4919 2091 4995">
    <p class='ocr_par' dir='ltr' id='par_1_97' title="bbox 506 4919 2091 4995">
     <span class='ocr_line' id='line_1_97' title="bbox 506 4919 2091 4995; baseline 0.002 -17"><span class='ocrx_word' id='word_1_762' title='bbox 506 4919 810 4979; x_wconf 86' lang='lat' dir='ltr'><strong>iracundus</strong></span> <span class='ocrx_word' id='word_1_763' title='bbox 861 4939 1049 4980; x_wconf 89' lang='lat' dir='ltr'><strong>secum</strong></span> <span class='ocrx_word' id='word_1_764' title='bbox 1105 4931 1294 4979; x_wconf 89' lang='lat' dir='ltr'><strong>versat</strong></span> <span class='ocrx_word' id='word_1_765' title='bbox 1347 4923 1712 4995; x_wconf 83' lang='lat' dir='ltr'><strong>cogitationes</strong></span> <span class='ocrx_word' id='word_1_766' title='bbox 1765 4925 1882 4980; x_wconf 73' lang='lat' dir='ltr'><strong>irze.</strong></span> <span class='ocrx_word' id='word_1_767' title='bbox 1934 4925 2091 4981; x_wconf 86' lang='lat' dir='ltr'><strong>Sicut</strong></span> 
     </span>
    </p>
   </div>
   <div class='ocr_carea' id='block_1_98' title="bbox 505 5015 2097 5079">
    <p class='ocr_par' dir='ltr' id='par_1_98' title="bbox 505 5015 2097 5079">
     <span class='ocr_line' id='line_1_98' title="bbox 505 5015 2097 5079; baseline 0.001 -9"><span class='ocrx_word' id='word_1_768' title='bbox 505 5030 705 5070; x_wconf 85' lang='lat' dir='ltr'><strong>currus</strong></span> <span class='ocrx_word' id='word_1_769' title='bbox 765 5017 964 5070; x_wconf 91' lang='lat' dir='ltr'><strong>turrim</strong></span> <span class='ocrx_word' id='word_1_770' title='bbox 1009 5016 1280 5070; x_wconf 88' lang='lat' dir='ltr'><strong>munitam</strong></span> <span class='ocrx_word' id='word_1_771' title='bbox 1314 5030 1427 5069; x_wconf 92' lang='lat' dir='ltr'><strong>non</strong></span> <span class='ocrx_word' id='word_1_772' title='bbox 1462 5025 1648 5071; x_wconf 88' lang='lat' dir='ltr'><strong>movet</strong></span> <span class='ocrx_word' id='word_1_773' title='bbox 1687 5015 1830 5079; x_wconf 88' lang='lat' dir='ltr'><strong>loco,</strong></span> <span class='ocrx_word' id='word_1_774' title='bbox 1862 5017 1942 5072; x_wconf 90' lang='lat' dir='ltr'><strong>sic</strong></span> <span class='ocrx_word' id='word_1_775' title='bbox 1973 5017 2097 5072; x_wconf 90' lang='lat' dir='ltr'><strong>ani-</strong></span> 
     </span>
    </p>
   </div>
   <div class='ocr_carea' id='block_1_99' title="bbox 506 5108 2102 5180">
    <p class='ocr_par' dir='ltr' id='par_1_99' title="bbox 506 5108 2102 5180">
     <span class='ocr_line' id='line_1_99' title="bbox 506 5108 2102 5180; baseline 0.001 -16"><span class='ocrx_word' id='word_1_776' title='bbox 506 5125 657 5164; x_wconf 89' lang='lat' dir='ltr'><strong>mum</strong></span> <span class='ocrx_word' id='word_1_777' title='bbox 691 5109 1087 5166; x_wconf 82' lang='lat' dir='ltr'><strong>inirascibilem</strong></span> <span class='ocrx_word' id='word_1_778' title='bbox 1131 5125 1244 5165; x_wconf 92' lang='lat' dir='ltr'><strong>non</strong></span> <span class='ocrx_word' id='word_1_779' title='bbox 1275 5108 1480 5179; x_wconf 90' lang='lat' dir='ltr'><strong>abripit</strong></span> <span class='ocrx_word' id='word_1_780' title='bbox 1523 5108 1834 5164; x_wconf 87' lang='lat' dir='ltr'><strong>iracundia.</strong></span> <span class='ocrx_word' id='word_1_781' title='bbox 1867 5109 2102 5180; x_wconf 84' lang='lat' dir='ltr'><strong>Aposto—</strong></span> 
     </span>
    </p>
   </div>
   <div class='ocr_carea' id='block_1_100' title="bbox 504 5201 2095 5274">
    <p class='ocr_par' dir='ltr' id='par_1_100' title="bbox 504 5201 2095 5274">
     <span class='ocr_line' id='line_1_100' title="bbox 504 5201 2095 5274; baseline 0 -18"><span class='ocrx_word' id='word_1_782' title='bbox 504 5203 594 5257; x_wconf 93' lang='lat' dir='ltr'><strong>lus</strong></span> <span class='ocrx_word' id='word_1_783' title='bbox 625 5201 932 5258; x_wconf 91' lang='lat' dir='ltr'><strong>admonens</strong></span> <span class='ocrx_word' id='word_1_784' title='bbox 960 5203 1039 5259; x_wconf 87' lang='lat' dir='ltr'><strong>ait</strong></span> <span class='ocrx_word' id='word_1_785' title='bbox 1070 5220 1083 5258; x_wconf 92' lang='lat'><strong>:</strong></span> <span class='ocrx_word' id='word_1_786' title='bbox 1117 5223 1136 5254; x_wconf 88' lang='grc'><strong><em>‹</em></strong></span> <span class='ocrx_word' id='word_1_787' title='bbox 1169 5204 1438 5274; x_wconf 90' lang='lat' dir='ltr'><strong>Deponite</strong></span> <span class='ocrx_word' id='word_1_788' title='bbox 1467 5210 1524 5258; x_wconf 94' lang='lat' dir='ltr'><strong>et</strong></span> <span class='ocrx_word' id='word_1_789' title='bbox 1553 5218 1651 5258; x_wconf 91' lang='lat' dir='ltr'><strong>vos</strong></span> <span class='ocrx_word' id='word_1_790' title='bbox 1680 5202 1890 5268; x_wconf 85' lang='lat' dir='ltr'><strong>omnia,</strong></span> <span class='ocrx_word' id='word_1_791' title='bbox 1933 5203 2095 5269; x_wconf 85' lang='lat' dir='ltr'><strong>iram,</strong></span> 
     </span>
    </p>
   </div>
   <div class='ocr_carea' id='block_1_101' title="bbox 511 5293 2095 5366">
    <p class='ocr_par' dir='ltr' id='par_1_101' title="bbox 511 5293 2095 5366">
     <span class='ocr_line' id='line_1_101' title="bbox 511 5293 2095 5366; baseline -0.001 -18"><span class='ocrx_word' id='word_1_792' title='bbox 511 5294 728 5365; x_wconf 79' lang='lat'><strong>1066</strong></span> <span class='ocrx_word' id='word_1_793' title='bbox 772 5294 1245 5366; x_wconf 81' lang='lat' dir='ltr'><strong>indignationem,</strong></span> <span class='ocrx_word' id='word_1_794' title='bbox 1308 5295 1605 5360; x_wconf 87' lang='lat' dir='ltr'><strong>malitiam,</strong></span> <span class='ocrx_word' id='word_1_795' title='bbox 1656 5293 2095 5365; x_wconf 87' lang='lat' dir='ltr'><strong>blasphemiam,</strong></span> 
     </span>
    </p>
   </div>
   <div class='ocr_carea' id='block_1_102' title="bbox 507 5386 2097 5459">
    <p class='ocr_par' dir='ltr' id='par_1_102' title="bbox 507 5386 2097 5459">
     <span class='ocr_line' id='line_1_102' title="bbox 507 5386 2097 5459; baseline 0.001 -18"><span class='ocrx_word' id='word_1_796' title='bbox 507 5395 724 5459; x_wconf 87' lang='lat' dir='ltr'><strong>turpem</strong></span> <span class='ocrx_word' id='word_1_797' title='bbox 741 5403 1054 5443; x_wconf 86' lang='lat' dir='ltr'><strong>sermonem</strong></span> <span class='ocrx_word' id='word_1_798' title='bbox 1069 5388 1136 5444; x_wconf 94' lang='lat' dir='ltr'><strong>de</strong></span> <span class='ocrx_word' id='word_1_799' title='bbox 1155 5403 1250 5444; x_wconf 90' lang='lat' dir='ltr'><strong>ore</strong></span> <span class='ocrx_word' id='word_1_800' title='bbox 1270 5387 1538 5443; x_wconf 82' lang='lat' dir='ltr'><strong>vestro&quot;.</strong></span> <span class='ocrx_word' id='word_1_801' title='bbox 1562 5406 1580 5438; x_wconf 72' lang='grc' dir='ltr'><strong>ι</strong></span> <span class='ocrx_word' id='word_1_802' title='bbox 1600 5386 1773 5441; x_wconf 86' lang='lat' dir='ltr'><strong>infert</strong></span> <span class='ocrx_word' id='word_1_803' title='bbox 1789 5403 1801 5440; x_wconf 92' lang='lat'>:</span> <span class='ocrx_word' id='word_1_804' title='bbox 1816 5386 1915 5457; x_wconf 50' lang='lat' dir='ltr'><strong>gln</strong></span> <span class='ocrx_word' id='word_1_805' title='bbox 1934 5401 2097 5456; x_wconf 89' lang='lat' dir='ltr'><strong>prece</strong></span> 
     </span>
    </p>
   </div>
   <div class='ocr_carea' id='block_1_103' title="bbox 579 5526 2456 5653">
    <p class='ocr_par' dir='ltr' id='par_1_103' title="bbox 579 5526 2456 5653">
     <span class='ocr_line' id='line_1_103' title="bbox 579 5526 2456 5594; baseline -0.001 -11"><span class='ocrx_word' id='word_1_806' title='bbox 579 5527 626 5559; x_wconf 73' lang='lat'><em>“</em></span> <span class='ocrx_word' id='word_1_807' title='bbox 665 5529 828 5584; x_wconf 84' lang='lat' dir='ltr'><strong>Prov.</strong></span> <span class='ocrx_word' id='word_1_808' title='bbox 859 5544 1005 5594; x_wconf 71' lang='lat' dir='ltr'><strong>XXIX,</strong></span> <span class='ocrx_word' id='word_1_809' title='bbox 1041 5528 1128 5582; x_wconf 84' lang='grc'><strong>11.</strong></span> <span class='ocrx_word' id='word_1_810' title='bbox 1204 5528 1246 5560; x_wconf 78' lang='grc'><strong>⁸⁵</strong></span> <span class='ocrx_word' id='word_1_811' title='bbox 1278 5528 1442 5582; x_wconf 81' lang='lat' dir='ltr'><strong>Prov.</strong></span> <span class='ocrx_word' id='word_1_812' title='bbox 1473 5542 1568 5591; x_wconf 78' lang='lat' dir='ltr'><strong>xu.</strong></span> <span class='ocrx_word' id='word_1_813' title='bbox 1609 5526 1695 5582; x_wconf 81' lang='grc'><strong>16.</strong></span> <span class='ocrx_word' id='word_1_814' title='bbox 1775 5527 1818 5560; x_wconf 75' lang='grc'><strong>’⁸</strong></span> <span class='ocrx_word' id='word_1_815' title='bbox 1857 5527 2002 5584; x_wconf 91' lang='lat' dir='ltr'><strong>Psal.</strong></span> <span class='ocrx_word' id='word_1_816' title='bbox 2044 5544 2097 5592; x_wconf 90' lang='lat' dir='ltr'><strong>c,</strong></span> <span class='ocrx_word' id='word_1_817' title='bbox 2136 5527 2226 5584; x_wconf 81' lang='grc'><strong>10.</strong></span> <span class='ocrx_word' id='word_1_818' title='bbox 2341 5528 2384 5558; x_wconf 88' lang='grc'><strong>¹⁷</strong></span> <span class='ocrx_word' id='word_1_819' title='bbox 2427 5527 2456 5581; x_wconf 76' lang='grc' dir='ltr'><strong>Γ</strong></span> 
     </span>
     <span class='ocr_line' id='line_1_104' title="bbox 582 5598 2456 5653; baseline -0.001 0"><span class='ocrx_word' id='word_1_820' title='bbox 582 5642 594 5653; x_wconf 92' lang='grc'><strong>.</strong></span> <span class='ocrx_word' id='word_1_821' title='bbox 635 5602 685 5653; x_wconf 97' lang='grc'><strong>1.</strong></span> <span class='ocrx_word' id='word_1_822' title='bbox 758 5603 807 5632; x_wconf 71' lang='grc'><strong>²⁰</strong></span> <span class='ocrx_word' id='word_1_823' title='bbox 845 5600 1005 5653; x_wconf 85' lang='lat' dir='ltr'><strong>Prov.</strong></span> <span class='ocrx_word' id='word_1_824' title='bbox 1039 5617 1145 5653; x_wconf 76' lang='lat' dir='ltr'><strong>xw.</strong></span> <span class='ocrx_word' id='word_1_825' title='bbox 1181 5599 1267 5653; x_wconf 83' lang='grc'><strong>17.</strong></span> <span class='ocrx_word' id='word_1_826' title='bbox 1345 5599 1386 5630; x_wconf 76' lang='grc'>⁸⁸</span> <span class='ocrx_word' id='word_1_827' title='bbox 1418 5598 1580 5651; x_wconf 89' lang='lat' dir='ltr'><strong>Prov.</strong></span> <span class='ocrx_word' id='word_1_828' title='bbox 1613 5615 1685 5653; x_wconf 67' lang='grc' dir='ltr'>χι.</span> <span class='ocrx_word' id='word_1_829' title='bbox 1719 5599 1805 5652; x_wconf 69' lang='grc'>12.</span> <span class='ocrx_word' id='word_1_830' title='bbox 1921 5600 1966 5630; x_wconf 84' lang='grc'><strong>²¹</strong></span> <span class='ocrx_word' id='word_1_831' title='bbox 2005 5599 2168 5653; x_wconf 84' lang='lat' dir='ltr'><strong>Prov.</strong></span> <span class='ocrx_word' id='word_1_832' title='bbox 2220 5615 2338 5653; x_wconf 78' lang='lat' dir='ltr'><strong>ml.</strong></span> <span class='ocrx_word' id='word_1_833' title='bbox 2390 5598 2456 5652; x_wconf 86' lang='grc'>16</span> 
     </span>
    </p>
   </div>
   <div class='ocr_carea' id='block_1_104' title="bbox 504 5668 2304 5737">
    <p class='ocr_par' dir='ltr' id='par_1_104' title="bbox 504 5668 2304 5737">
     <span class='ocr_line' id='line_1_105' title="bbox 504 5668 2304 5737; baseline -0.001 -12"><span class='ocrx_word' id='word_1_834' title='bbox 504 5672 550 5702; x_wconf 78' lang='grc'><strong>’³</strong></span> <span class='ocrx_word' id='word_1_835' title='bbox 584 5671 766 5728; x_wconf 87' lang='lat' dir='ltr'><strong>Ecclc.</strong></span> <span class='ocrx_word' id='word_1_836' title='bbox 800 5687 914 5737; x_wconf 88' lang='lat' dir='ltr'><strong>vn,</strong></span> <span class='ocrx_word' id='word_1_837' title='bbox 955 5671 1040 5728; x_wconf 76' lang='lat' dir='ltr'><strong>lC.</strong></span> <span class='ocrx_word' id='word_1_838' title='bbox 1115 5671 1160 5703; x_wconf 80' lang='lat'>“</span> <span class='ocrx_word' id='word_1_839' title='bbox 1194 5668 1365 5726; x_wconf 85' lang='lat' dir='ltr'><strong>Eccli.</strong></span> <span class='ocrx_word' id='word_1_840' title='bbox 1403 5684 1588 5735; x_wconf 76' lang='lat' dir='ltr'><strong>xxvm,</strong></span> <span class='ocrx_word' id='word_1_841' title='bbox 1625 5670 1711 5724; x_wconf 82' lang='grc'><strong>11.</strong></span> <span class='ocrx_word' id='word_1_842' title='bbox 1790 5672 1832 5702; x_wconf 77' lang='grc'><strong>³⁷</strong></span> <span class='ocrx_word' id='word_1_843' title='bbox 1865 5670 2036 5725; x_wconf 87' lang='lat' dir='ltr'><strong>Eccl-i.</strong></span> <span class='ocrx_word' id='word_1_844' title='bbox 2068 5685 2177 5734; x_wconf 79' lang='lat' dir='ltr'><strong>xu,</strong></span> <span class='ocrx_word' id='word_1_845' title='bbox 2212 5669 2304 5724; x_wconf 76' lang='grc'><strong>25.</strong></span> 
     </span>
    </p>
   </div>
   <div class='ocr_carea' id='block_1_105' title="bbox 504 5598 1805 5660">
    <p class='ocr_par' dir='ltr' id='par_1_105' title="bbox 504 5598 1805 5660">
     <span class='ocr_line' id='line_1_106' title="bbox 504 5598 1805 5660; baseline -0.003 -6"><span class='ocrx_word' id='word_1_846' title='bbox 504 5615 594 5658; x_wconf 73' lang='lat' dir='ltr'><strong>xv.</strong></span> <span class='ocrx_word' id='word_1_847' title='bbox 635 5602 685 5654; x_wconf 94' lang='grc'><strong>1.</strong></span> <span class='ocrx_word' id='word_1_848' title='bbox 758 5603 807 5632; x_wconf 71' lang='grc'><strong>²⁰</strong></span> <span class='ocrx_word' id='word_1_849' title='bbox 845 5600 1005 5654; x_wconf 84' lang='lat' dir='ltr'><strong>Prov.</strong></span> <span class='ocrx_word' id='word_1_850' title='bbox 1039 5617 1145 5660; x_wconf 77' lang='lat' dir='ltr'><strong>xw,</strong></span> <span class='ocrx_word' id='word_1_851' title='bbox 1181 5599 1267 5653; x_wconf 83' lang='grc'><strong>17.</strong></span> <span class='ocrx_word' id='word_1_852' title='bbox 1345 5599 1386 5630; x_wconf 76' lang='grc'>⁸⁸</span> <span class='ocrx_word' id='word_1_853' title='bbox 1418 5598 1580 5651; x_wconf 89' lang='lat' dir='ltr'><strong>Prov.</strong></span> <span class='ocrx_word' id='word_1_854' title='bbox 1613 5615 1685 5658; x_wconf 77' lang='lat' dir='ltr'><strong>xl,</strong></span> <span class='ocrx_word' id='word_1_855' title='bbox 1719 5599 1805 5652; x_wconf 68' lang='grc'>12.</span> 
     </span>
    </p>
   </div>
   <div class='ocr_carea' id='block_1_106' title="bbox 2201 4637 3760 4722">
    <p class='ocr_par' dir='ltr' id='par_1_106' title="bbox 2201 4637 3760 4722">
     <span class='ocr_line' id='line_1_107' title="bbox 2201 4637 3760 4722; baseline 0.01 -32"><span class='ocrx_word' id='word_1_856' title='bbox 2201 4637 2360 4692; x_wconf 86' lang='grc' dir='ltr'>θεσθε</span> <span class='ocrx_word' id='word_1_857' title='bbox 2414 4641 2509 4694; x_wconf 73' lang='grc' dir='ltr'>καὶ</span> <span class='ocrx_word' id='word_1_858' title='bbox 2550 4641 2710 4712; x_wconf 85' lang='grc' dir='ltr'>ὑμεῖς</span> <span class='ocrx_word' id='word_1_859' title='bbox 2745 4642 2816 4697; x_wconf 82' lang='grc' dir='ltr'><strong>τὰ</strong></span> <span class='ocrx_word' id='word_1_860' title='bbox 2845 4645 3045 4712; x_wconf 89' lang='grc' dir='ltr'>πάντα,</span> <span class='ocrx_word' id='word_1_861' title='bbox 3092 4648 3286 4720; x_wconf 78' lang='grc' dir='ltr'>ὀργὴν,</span> <span class='ocrx_word' id='word_1_862' title='bbox 3329 4651 3524 4722; x_wconf 83' lang='grc' dir='ltr'>θυμὸν,</span> <span class='ocrx_word' id='word_1_863' title='bbox 3561 4654 3760 4717; x_wconf 83' lang='grc' dir='ltr'>κακίαν,</span> 
     </span>
    </p>
   </div>
   <div class='ocr_carea' id='block_1_107' title="bbox 2201 4730 3758 4818">
    <p class='ocr_par' dir='ltr' id='par_1_107' title="bbox 2201 4730 3758 4818">
     <span class='ocr_line' id='line_1_108' title="bbox 2201 4730 3758 4818; baseline 0.009 -35"><span class='ocrx_word' id='word_1_864' title='bbox 2201 4730 2577 4802; x_wconf 79' lang='grc' dir='ltr'>βλασφημίαν,</span> <span class='ocrx_word' id='word_1_865' title='bbox 2609 4737 3016 4808; x_wconf 83' lang='grc' dir='ltr'>αἰσχρολογίαν,</span> <span class='ocrx_word' id='word_1_866' title='bbox 3039 4741 3105 4794; x_wconf 83' lang='grc' dir='ltr'><strong>ἐκ</strong></span> <span class='ocrx_word' id='word_1_867' title='bbox 3132 4741 3229 4795; x_wconf 81' lang='grc' dir='ltr'>τοῦ</span> <span class='ocrx_word' id='word_1_868' title='bbox 3267 4745 3540 4815; x_wconf 86' lang='grc' dir='ltr'>στόματος</span> <span class='ocrx_word' id='word_1_869' title='bbox 3572 4745 3758 4818; x_wconf 75' lang='grc' dir='ltr'>ὑμῶν.)</span> 
     </span>
    </p>
   </div>
   <div class='ocr_carea' id='block_1_108' title="bbox 2198 4826 3765 4909">
    <p class='ocr_par' dir='ltr' id='par_1_108' title="bbox 2198 4826 3765 4909">
     <span class='ocr_line' id='line_1_109' title="bbox 2198 4826 3765 4909; baseline 0.008 -31"><span class='ocrx_word' id='word_1_870' title='bbox 2198 4826 2310 4879; x_wconf 87' lang='lat' dir='ltr'><strong>Kal</strong></span> <span class='ocrx_word' id='word_1_871' title='bbox 2349 4827 2601 4897; x_wconf 77' lang='grc' dir='ltr'>ἐπιφέρει</span> <span class='ocrx_word' id='word_1_872' title='bbox 2637 4845 2653 4860; x_wconf 75' lang='grc' dir='ltr'><strong>ο</strong></span> <span class='ocrx_word' id='word_1_873' title='bbox 2689 4848 2708 4880; x_wconf 80' lang='grc' dir='ltr'><strong>ι</strong></span> <span class='ocrx_word' id='word_1_874' title='bbox 2763 4830 2851 4884; x_wconf 82' lang='lat' dir='ltr'><strong>‘Ev</strong></span> <span class='ocrx_word' id='word_1_875' title='bbox 2887 4832 2998 4904; x_wconf 79' lang='grc' dir='ltr'><strong>γὰρ</strong></span> <span class='ocrx_word' id='word_1_876' title='bbox 3031 4835 3226 4908; x_wconf 75' lang='grc' dir='ltr'>εἰρήνῃ</span> <span class='ocrx_word' id='word_1_877' title='bbox 3252 4837 3528 4908; x_wconf 78' lang='grc' dir='ltr'>κέκληκεν</span> <span class='ocrx_word' id='word_1_878' title='bbox 3572 4840 3708 4909; x_wconf 80' lang='grc' dir='ltr'>ἡμᾶς</span> <span class='ocrx_word' id='word_1_879' title='bbox 3739 4839 3765 4890; x_wconf 82' lang='grc' dir='ltr'>ὁ</span> 
     </span>
    </p>
   </div>
   <div class='ocr_carea' id='block_1_109' title="bbox 2197 4916 3764 5001">
    <p class='ocr_par' dir='ltr' id='par_1_109' title="bbox 2197 4916 3764 5001">
     <span class='ocr_line' id='line_1_110' title="bbox 2197 4916 3764 5001; baseline 0.011 -33"><span class='ocrx_word' id='word_1_880' title='bbox 2197 4916 2351 4980; x_wconf 80' lang='grc' dir='ltr'>Θεός.</span> <span class='ocrx_word' id='word_1_881' title='bbox 2390 4937 2410 4970; x_wconf 69' lang='grc' dir='ltr'><strong>ι</strong></span> <span class='ocrx_word' id='word_1_882' title='bbox 2445 4919 2510 4972; x_wconf 85' lang='grc' dir='ltr'>Οἱ</span> <span class='ocrx_word' id='word_1_883' title='bbox 2540 4919 2651 4990; x_wconf 86' lang='grc' dir='ltr'><strong>γὰρ</strong></span> <span class='ocrx_word' id='word_1_884' title='bbox 2681 4920 2950 4992; x_wconf 87' lang='grc' dir='ltr'>θυμώδεις</span> <span class='ocrx_word' id='word_1_885' title='bbox 2979 4926 3062 4990; x_wconf 86' lang='grc' dir='ltr'><strong>είς</strong></span> <span class='ocrx_word' id='word_1_886' title='bbox 3102 4927 3232 4991; x_wconf 80' lang='grc' dir='ltr'>τοὺς</span> <span class='ocrx_word' id='word_1_887' title='bbox 3264 4929 3501 5000; x_wconf 80' lang='grc' dir='ltr'>ἐχθροὺς</span> <span class='ocrx_word' id='word_1_888' title='bbox 3523 4931 3617 4984; x_wconf 81' lang='grc' dir='ltr'>τοῦ</span> <span class='ocrx_word' id='word_1_889' title='bbox 3646 4932 3764 5001; x_wconf 82' lang='grc' dir='ltr'>Χρι·</span> 
     </span>
    </p>
   </div>
   <div class='ocr_carea' id='block_1_110' title="bbox 2198 5007 3767 5093">
    <p class='ocr_par' dir='ltr' id='par_1_110' title="bbox 2198 5007 3767 5093">
     <span class='ocr_line' id='line_1_111' title="bbox 2198 5007 3767 5093; baseline 0.01 -32"><span class='ocrx_word' id='word_1_890' title='bbox 2198 5007 2326 5062; x_wconf 87' lang='grc' dir='ltr'><strong>στοῦ</strong></span> <span class='ocrx_word' id='word_1_891' title='bbox 2354 5009 2680 5078; x_wconf 81' lang='grc' dir='ltr'>λογίζονται·</span> <span class='ocrx_word' id='word_1_892' title='bbox 2722 5014 2798 5076; x_wconf 85' lang='grc' dir='ltr'>ὼς</span> <span class='ocrx_word' id='word_1_893' title='bbox 2823 5017 2921 5068; x_wconf 81' lang='grc' dir='ltr'>καὶ</span> <span class='ocrx_word' id='word_1_894' title='bbox 2943 5015 3088 5087; x_wconf 84' lang='grc' dir='ltr'>ἄλλῳ</span> <span class='ocrx_word' id='word_1_895' title='bbox 3110 5018 3348 5090; x_wconf 83' lang='grc' dir='ltr'>εἴρηται,</span> <span class='ocrx_word' id='word_1_896' title='bbox 3383 5040 3403 5072; x_wconf 75' lang='grc' dir='ltr'><strong>ι</strong></span> <span class='ocrx_word' id='word_1_897' title='bbox 3436 5017 3508 5075; x_wconf 83' lang='grc' dir='ltr'><strong>Ἦ</strong></span> <span class='ocrx_word' id='word_1_898' title='bbox 3520 5022 3647 5093; x_wconf 82' lang='grc' dir='ltr'>ρξαν</span> <span class='ocrx_word' id='word_1_899' title='bbox 3682 5023 3767 5075; x_wconf 83' lang='grc' dir='ltr'>θυ-</span> 
     </span>
    </p>
   </div>
   <div class='ocr_carea' id='block_1_111' title="bbox 2200 5099 3766 5182">
    <p class='ocr_par' dir='ltr' id='par_1_111' title="bbox 2200 5099 3766 5182">
     <span class='ocr_line' id='line_1_112' title="bbox 2200 5099 3766 5182; baseline 0.01 -30"><span class='ocrx_word' id='word_1_900' title='bbox 2200 5099 2436 5170; x_wconf 82' lang='grc' dir='ltr'>μοῦσθαι</span> <span class='ocrx_word' id='word_1_901' title='bbox 2497 5103 2778 5174; x_wconf 79' lang='grc' dir='ltr'>ἄρχοντες.</span> <span class='ocrx_word' id='word_1_902' title='bbox 2818 5125 2836 5156; x_wconf 78' lang='grc' dir='ltr'><strong>ι</strong></span> <span class='ocrx_word' id='word_1_903' title='bbox 2875 5109 2986 5161; x_wconf 87' lang='lat' dir='ltr'><strong>Kal</strong></span> <span class='ocrx_word' id='word_1_904' title='bbox 3017 5109 3047 5160; x_wconf 85' lang='grc' dir='ltr'><strong>ὁ</strong></span> <span class='ocrx_word' id='word_1_905' title='bbox 3092 5109 3343 5182; x_wconf 80' lang='grc' dir='ltr'>Ἡρώδης</span> <span class='ocrx_word' id='word_1_906' title='bbox 3382 5113 3529 5175; x_wconf 86' lang='grc' dir='ltr'>ίδὼν.</span> <span class='ocrx_word' id='word_1_907' title='bbox 3567 5114 3646 5167; x_wconf 84' lang='grc' dir='ltr'>ὅτι</span> <span class='ocrx_word' id='word_1_908' title='bbox 3689 5115 3766 5166; x_wconf 81' lang='grc' dir='ltr'><strong>ὲν-</strong></span> 
     </span>
    </p>
   </div>
   <div class='ocr_carea' id='block_1_112' title="bbox 2195 5194 3767 5278">
    <p class='ocr_par' dir='ltr' id='par_1_112' title="bbox 2195 5194 3767 5278">
     <span class='ocr_line' id='line_1_113' title="bbox 2195 5194 3767 5278; baseline 0.007 -31"><span class='ocrx_word' id='word_1_909' title='bbox 2195 5194 2438 5266; x_wconf 84' lang='grc' dir='ltr'>επαίχθη</span> <span class='ocrx_word' id='word_1_910' title='bbox 2468 5197 2574 5250; x_wconf 78' lang='grc' dir='ltr'><strong>ὑπὸ</strong></span> <span class='ocrx_word' id='word_1_911' title='bbox 2603 5197 2712 5250; x_wconf 78' lang='grc' dir='ltr'><strong>τῶν</strong></span> <span class='ocrx_word' id='word_1_912' title='bbox 2738 5199 2950 5268; x_wconf 80' lang='grc' dir='ltr'>μάγων,</span> <span class='ocrx_word' id='word_1_913' title='bbox 2971 5201 3230 5274; x_wconf 79' lang='grc' dir='ltr'>ἐθυμώθη</span> <span class='ocrx_word' id='word_1_914' title='bbox 3261 5203 3407 5260; x_wconf 88' lang='grc' dir='ltr'>λίαν.</span> <span class='ocrx_word' id='word_1_915' title='bbox 3425 5207 3534 5261; x_wconf 86' lang='lat' dir='ltr'><strong>Kal</strong></span> <span class='ocrx_word' id='word_1_916' title='bbox 3559 5205 3767 5278; x_wconf 74' lang='grc' dir='ltr'>πέμψας</span> 
     </span>
    </p>
   </div>
   <div class='ocr_carea' id='block_1_113' title="bbox 2197 5289 3766 5370">
    <p class='ocr_par' dir='ltr' id='par_1_113' title="bbox 2197 5289 3766 5370">
     <span class='ocr_line' id='line_1_114' title="bbox 2197 5289 3766 5370; baseline 0.004 -28"><span class='ocrx_word' id='word_1_917' title='bbox 2197 5289 2410 5343; x_wconf 86' lang='grc' dir='ltr'>ἀνεῖλεν</span> <span class='ocrx_word' id='word_1_918' title='bbox 2438 5290 2648 5355; x_wconf 87' lang='grc' dir='ltr'>πάντας</span> <span class='ocrx_word' id='word_1_919' title='bbox 2677 5294 2804 5356; x_wconf 84' lang='grc' dir='ltr'>τοὺς</span> <span class='ocrx_word' id='word_1_920' title='bbox 2837 5295 3037 5359; x_wconf 81' lang='grc' dir='ltr'>παῖδας</span> <span class='ocrx_word' id='word_1_921' title='bbox 3056 5295 3184 5360; x_wconf 76' lang='grc' dir='ltr'>τοὺς</span> <span class='ocrx_word' id='word_1_922' title='bbox 3209 5300 3268 5351; x_wconf 84' lang='grc' dir='ltr'><strong>ἐν</strong></span> <span class='ocrx_word' id='word_1_923' title='bbox 3298 5298 3572 5370; x_wconf 78' lang='grc' dir='ltr'>Βηθλεέμ,</span> <span class='ocrx_word' id='word_1_924' title='bbox 3605 5300 3693 5353; x_wconf 74' lang='grc' dir='ltr'>καὶ</span> <span class='ocrx_word' id='word_1_925' title='bbox 3715 5300 3766 5350; x_wconf 77' lang='grc' dir='ltr'><strong>ἐν</strong></span> 
     </span>
    </p>
   </div>
   <div class='ocr_carea' id='block_1_114' title="bbox 2198 5383 3764 5463">
    <p class='ocr_par' dir='ltr' id='par_1_114' title="bbox 2198 5383 3764 5463">
     <span class='ocr_line' id='line_1_115' title="bbox 2198 5383 3764 5463; baseline 0.004 -29"><span class='ocrx_word' id='word_1_926' title='bbox 2198 5383 2334 5436; x_wconf 82' lang='grc' dir='ltr'>πᾶσι</span> <span class='ocrx_word' id='word_1_927' title='bbox 2385 5385 2500 5440; x_wconf 83' lang='grc' dir='ltr'>τοῖς</span> <span class='ocrx_word' id='word_1_928' title='bbox 2544 5384 2715 5455; x_wconf 77' lang='grc' dir='ltr'>ὁρίοις</span> <span class='ocrx_word' id='word_1_929' title='bbox 2752 5385 2948 5453; x_wconf 81' lang='grc' dir='ltr'>αὐτῆς,</span> <span class='ocrx_word' id='word_1_930' title='bbox 2988 5387 3078 5440; x_wconf 83' lang='grc' dir='ltr'>διὰ</span> <span class='ocrx_word' id='word_1_931' title='bbox 3127 5389 3220 5443; x_wconf 77' lang='grc' dir='ltr'><strong>τὸν</strong></span> <span class='ocrx_word' id='word_1_932' title='bbox 3276 5391 3639 5463; x_wconf 82' lang='grc' dir='ltr'>φθονούμενον</span> <span class='ocrx_word' id='word_1_933' title='bbox 3681 5388 3764 5441; x_wconf 77' lang='grc' dir='ltr'><strong>καὶ</strong></span> 
     </span>
    </p>
   </div>
   <div class='ocr_carea' id='block_1_115' title="bbox 2341 5527 3754 5596">
    <p class='ocr_par' dir='ltr' id='par_1_115' title="bbox 2341 5527 3754 5596">
     <span class='ocr_line' id='line_1_116' title="bbox 2341 5527 3754 5596; baseline -0.004 -15"><span class='ocrx_word' id='word_1_934' title='bbox 2341 5528 2384 5558; x_wconf 88' lang='grc'><strong>¹⁷</strong></span> <span class='ocrx_word' id='word_1_935' title='bbox 2427 5527 2569 5582; x_wconf 87' lang='lat' dir='ltr'><strong>Psal.</strong></span> <span class='ocrx_word' id='word_1_936' title='bbox 2601 5544 2742 5589; x_wconf 76' lang='lat' dir='ltr'><strong>xcvi,</strong></span> <span class='ocrx_word' id='word_1_937' title='bbox 2775 5527 2860 5582; x_wconf 83' lang='grc'><strong>10.</strong></span> <span class='ocrx_word' id='word_1_938' title='bbox 2973 5532 3016 5561; x_wconf 73' lang='grc'><strong>¹⁸</strong></span> <span class='ocrx_word' id='word_1_939' title='bbox 3047 5531 3233 5596; x_wconf 71' lang='lat' dir='ltr'><strong>Eecle,</strong></span> <span class='ocrx_word' id='word_1_940' title='bbox 3264 5551 3335 5594; x_wconf 75' lang='lat' dir='ltr'><strong>xi,</strong></span> <span class='ocrx_word' id='word_1_941' title='bbox 3364 5533 3452 5588; x_wconf 86' lang='grc'><strong>10.</strong></span> <span class='ocrx_word' id='word_1_942' title='bbox 3530 5533 3570 5562; x_wconf 74' lang='grc'><strong>’⁸³</strong></span> <span class='ocrx_word' id='word_1_943' title='bbox 3609 5530 3754 5585; x_wconf 84' lang='lat' dir='ltr'><strong>Prov.</strong></span> 
     </span>
    </p>
   </div>
   <div class='ocr_carea' id='block_1_116' title="bbox 2578 5598 3754 5675">
    <p class='ocr_par' dir='ltr' id='par_1_116' title="bbox 2578 5598 3754 5675">
     <span class='ocr_line' id='line_1_117' title="bbox 2578 5598 3754 5675; baseline 0.005 -24"><span class='ocrx_word' id='word_1_944' title='bbox 2578 5599 2623 5630; x_wconf 79' lang='lat'><strong>&quot;</strong></span> <span class='ocrx_word' id='word_1_945' title='bbox 2656 5599 2814 5675; x_wconf 73' lang='lat' dir='ltr'><strong>Prov.</strong></span> <span class='ocrx_word' id='word_1_946' title='bbox 2868 5617 2956 5675; x_wconf 78' lang='lat' dir='ltr'><strong>xv,</strong></span> <span class='ocrx_word' id='word_1_947' title='bbox 3007 5602 3095 5675; x_wconf 75' lang='grc'><strong>¹18.</strong></span> <span class='ocrx_word' id='word_1_948' title='bbox 3195 5606 3238 5634; x_wconf 77' lang='grc'><strong><em>³⁵</em></strong></span> <span class='ocrx_word' id='word_1_949' title='bbox 3270 5605 3434 5659; x_wconf 89' lang='lat' dir='ltr'><strong>Prov.</strong></span> <span class='ocrx_word' id='word_1_950' title='bbox 3493 5618 3629 5664; x_wconf 67' lang='grc' dir='ltr'>χχιιι,</span> <span class='ocrx_word' id='word_1_951' title='bbox 3680 5598 3754 5652; x_wconf 77' lang='lat' dir='ltr'><strong>ll-</strong></span> 
     </span>
    </p>
   </div>
   <div class='ocr_carea' id='block_1_117' title="bbox 2381 5669 3403 5739">
    <p class='ocr_par' dir='ltr' id='par_1_117' title="bbox 2381 5669 3403 5739">
     <span class='ocr_line' id='line_1_118' title="bbox 2381 5669 3403 5739; baseline 0.007 -18"><span class='ocrx_word' id='word_1_952' title='bbox 2381 5671 2426 5699; x_wconf 85' lang='grc'><strong>²¹¹</strong></span> <span class='ocrx_word' id='word_1_953' title='bbox 2451 5669 2571 5722; x_wconf 88' lang='lat' dir='ltr'><strong>Psal</strong></span> <span class='ocrx_word' id='word_1_954' title='bbox 2622 5685 2747 5734; x_wconf 74' lang='lat' dir='ltr'><strong>LVII,</strong></span> <span class='ocrx_word' id='word_1_955' title='bbox 2781 5671 2834 5724; x_wconf 87' lang='lat'><strong>5.</strong></span> <span class='ocrx_word' id='word_1_956' title='bbox 2912 5673 2957 5702; x_wconf 56' lang='grc' dir='ltr'><strong>’θ</strong></span> <span class='ocrx_word' id='word_1_957' title='bbox 2987 5673 3200 5731; x_wconf 81' lang='lat' dir='ltr'><strong>Coloss.</strong></span> <span class='ocrx_word' id='word_1_958' title='bbox 3241 5691 3319 5739; x_wconf 87' lang='grc' dir='ltr'>ιιι,</span> <span class='ocrx_word' id='word_1_959' title='bbox 3351 5676 3403 5729; x_wconf 92' lang='grc'>8.</span> 
     </span>
    </p>
   </div>
   <div class='ocr_carea' id='block_1_118' title="bbox 1843 5763 2521 5822">
    <p class='ocr_par' dir='ltr' id='par_1_118' title="bbox 1843 5763 2521 5822">
     <span class='ocr_line' id='line_1_119' title="bbox 1843 5763 2521 5822; baseline -0.001 -1"><span class='ocrx_word' id='word_1_960' title='bbox 1843 5764 2078 5821; x_wconf 73' lang='grc' dir='ltr'><strong>νΛΙΠΑΞ</strong></span> <span class='ocrx_word' id='word_1_961' title='bbox 2113 5763 2521 5822; x_wconf 71' lang='lat' dir='ltr'><strong>LECTIONES.</strong></span> 
     </span>
    </p>
   </div>
   <div class='ocr_carea' id='block_1_119' title="bbox 577 5838 808 5906">
    <p class='ocr_par' dir='ltr' id='par_1_119' title="bbox 577 5838 808 5906">
     <span class='ocr_line' id='line_1_120' title="bbox 577 5838 808 5906; baseline 0.004 -14"><span class='ocrx_word' id='word_1_962' title='bbox 577 5849 599 5877; x_wconf 75' lang='grc' dir='ltr'><strong><em>ο</em></strong></span> <span class='ocrx_word' id='word_1_963' title='bbox 634 5838 808 5906; x_wconf 80' lang='grc' dir='ltr'>φίλος.</span> 
     </span>
    </p>
   </div>
  </div>
