4052 6524
331 395 465 460 1509
1360 388 1686 449 IIOMILIA
1731 385 1908 446 XXV.
1937 407 2006 419 -
2029 382 2128 442 DE
2169 379 2588 442 TRISTITIA.
2843 382 2852 390 ’
3452 372 3590 438 1510

327 511 624 582 πολύτιμον
679 508 1022 584 μαργαρίτην
1072 503 1166 558 τὸν
1236 502 1443 572 Κύριον
1486 501 1642 573 ἡμῶν
1697 498 1904 570 Ἰησοῦν

2027 495 2156 548 enim
2202 494 2421 549 vocavit
2476 508 2578 549 nos
2630 492 2780 547 Deus
2809 491 2876 545 ³ο.
2914 509 2934 544 ›
2971 489 3226 546 lracundi
3265 488 3451 554 enim,
3494 505 3600 557 pro

326 600 562 670 Χριστὸν
599 599 689 652 τὸν
721 597 854 651 Θεὸν
883 595 1061 668 ἡμῶν.
1097 588 1256 660 Αὐτῷ
1281 592 1315 659 ἡ
1347 589 1475 653 δόξα
1505 589 1584 650 είς
1609 588 1738 651 τοὺς
1774 586 1906 640 αἰῶ-

2027 585 2221 642 Christi
2248 585 2492 640 inimicis
2515 585 2812 651 habentur,
2843 600 2944 639 ceu
2979 583 3035 638 in
3069 583 3179 638 alio
3209 583 3415 638 dictum
3439 583 3596 648 loco:

325 711 443 756 νας.
496 693 688 763 Ἀμήν.

2027 697 2042 730 ι
2080 678 2386 749 Coeperunt
2424 677 2611 732 animo
2644 671 2857 732 moveri
2894 677 3177 748 principes
3208 677 3275 730 ³¹.
3332 695 3351 726 ›
3399 674 3506 729 Sed
3543 686 3600 728 et

326 787 808 849 llerodes.videns
850 781 998 854 quod
1045 779 1244 835 illusus
1293 784 1440 832 esset
1505 791 1535 829 a
1571 772 1774 843 Magis,
1825 771 2001 826 iratus
2039 782 2126 826 est
2166 773 2349 836 valde,
2391 781 2447 825 et
2487 769 2672 825 missis
2744 771 3076 825 satellitibus
3142 768 3343 824 occidit
3407 782 3600 820 omnes

325 896 532 952 pueros
589 878 682 948 qui
743 885 905 931 erant
959 875 1015 929 in
1077 873 1362 928 Bethleem
1419 877 1476 924 et
1537 867 1592 920 in
1653 864 1912 919 omnibus
1950 864 2154 919 ﬁnibus
2232 865 2383 935 ejus,
2427 870 2657 934 propter
2732 863 2896 934 longe
2938 861 3400 942 pretiosissimum
3451 873 3600 910 mar-

326 978 561 1048 garitum
596 973 686 1028 cui
721 971 888 1025 vitam
934 968 1219 1024 invidebat
1259 982 1274 1020 :
1331 978 1533 1034 nempe
1578 961 1872 1016 Dominum
1916 974 1979 1014 ac
2018 959 2190 1014 Deum
2230 965 2481 1012 nostrum
2516 957 2702 1011 Jesum
2741 953 3046 1021 Christum,
3077 955 3166 1010 cui
3201 935 3461 1024 gloria‘in
3497 968 3600 1007 sae-

326 1071 471 1124 cula.
503 1068 701 1123 Amen.

937 1195 1158 1252 ΛΟΓΟΣ
1188 1195 1230 1246 κ
1242 1193 1317 1245 E'.

925 1307 1064 1374 Περὶ
1091 1309 1317 1373 λύπης.

398 1428 476 1480 Τὸ
514 1423 761 1495 ἀκαίρως
797 1418 1111 1480 λυπεῖσθαι.
1144 1417 1210 1470 ἐκ
1233 1413 1328 1469 τοῦ
1361 1410 1626 1484 φθονεροῦ
1655 1407 1912 1480 δαίμονός

327 1523 503 1575 ἐστιν.
539 1519 656 1570 Ἰνα
699 1519 809 1585 γὰρ
843 1528 960 1575 πως
1004 1508 1301 1580 ἀποσπάσῃ
1353 1509 1420 1560 ἐκ
1449 1506 1547 1576 τῆς
1598 1501 1912 1574 προθέσεως

324 1616 428 1687 τῆς
457 1613 626 1682 εὐχῆς
648 1607 739 1663 τὸν
766 1605 914 1668 νοῦν,
940 1603 1035 1659 καὶ
1073 1604 1325 1673 ἄκαρπον
1351 1601 1556 1671 ποιήσῃ
1577 1597 1668 1651 τὸν
1696 1594 1909 1666 ἄνθρω-

325 1726 450 1772 πον,
481 1705 570 1758 διὰ
603 1700 763 1755 τοῦτο
793 1696 1101 1767 ἐπιπέμπει
1133 1692 1285 1766 αὐτῷ
1315 1692 1414 1763 τὴν
1442 1691 1676 1762 ἄκαιρον
1707 1688 1908 1756 λύπην.

2567 1183 2854 1241 IIOMILIA
2890 1183 3056 1238 XXV.

2635 1297 2713 1351 De
2747 1299 2990 1352 tristitia.

2090 1413 2248 1480 Quod
2297 1414 2424 1484 quis
2474 1413 2863 1483 intempestivo
2899 1412 3195 1468 conﬁcitur
3235 1429 3498 1478 moerere,
3533 1415 3602 1469 ab

2017 1506 2137 1577 ipso
2171 1514 2375 1561 nostrxe
2423 1506 2620 1560 salutis
2649 1506 2849 1560 :emulo
2901 1506 3153 1560 dremone
3203 1506 3599 1576 proﬁciscitur.

2016 1597 2078 1653 In
2112 1597 2219 1652 hoc
2248 1598 2396 1651 enim
2444 1596 2680 1651 instillat
2715 1597 2869 1651 cordi
2893 1597 3264 1667 importunam
3293 1597 3600 1660 tristitiam,

2017 1699 2080 1747 ut
2108 1699 2348 1745 mentem
2371 1706 2399 1743 a
2425 1689 2714 1760 proposito
2741 1698 2937 1744 avocet
2960 1689 3346 1755 etamoliatur,
3372 1689 3600 1755 orandi;

326 1801 404 1854 Οὐ
439 1796 546 1870 χρὴ
573 1795 752 1851 τοίνυν
809 1789 1214 1864 παραδέχεσθαι
1261 1785 1454 1857 αὐτὴν,
1509 1785 1604 1838 καὶ
1651 1781 1916 1854 ἄχθεσθαι

2027 1797 2082 1838 ac
2118 1783 2354 1853 proinde
2389 1782 2671 1837 hominem
2723 1783 2903 1853 ipsum
2949 1781 3152 1852 infrugi
3203 1782 3398 1836 reddat
3437 1794 3604 1851 atque

326 1892 598 1963 ἀκαίρως,
627 1888 722 1942 καὶ
761 1882 1005 1956 πληροῦν
1036 1882 1134 1953 τὴν
1164 1879 1343 1951 χαρὰν
1369 1877 1464 1932 τοῦ
1490 1874 1741 1946 Ἐχθροῦ,
1773 1873 1913 1927 ἀλλά

332 1980 533 2053 μᾶλλον
561 1975 870 2047 ἀνασφῆλαι
907 1975 973 2026 ἐκ
1013 1975 1113 2043 τῆς
1155 1967 1450 2038 ἐπιδουλῆς
1487 1966 1580 2020 τοῦ
1613 1965 1915 2034 ἀλάστορος

326 2071 422 2126 τοῦ
445 2073 542 2139 τῆς
564 2068 744 2140 λύπης
771 2066 1048 2138 δαίμονος.
1073 2063 1245 2115 Ὅταν
1274 2059 1385 2131 γὰρ
1404 2060 1467 2114 τὸ
1495 2057 1733 2129 πονηρὸν
1755 2055 1916 2108 τοῦτο

328 2165 555 2235 πνεῦμα
585 2161 983 2232 περιδράξηται
1013 2156 1114 2227 τῆς
1161 2154 1364 2225 ψυχῆς,
1412 2152 1507 2206 καὶ
1569 2151 1701 2224 ὃλην
1745 2149 1915 2220 αὐτὴν

331 2257 586 2329 σκοτίσῃ,
621 2256 723 2308 οὐκ
767 2241 934 2323 εῦχάς
991 2248 1234 2302 ἐκτελεῖν
1281 2245 1426 2316 μετὰ
1477 2243 1786 2316 προθυμίας
1817 2259 1914 2294 συ-

328 2353 557 2422 γχωρεῖ,
577 2348 700 2402 οὕτε
736 2345 896 2418 ἱερῶν
916 2341 1362 2412 ἀναγνωσμάτων
1377 2342 1445 2411 τῇ
1465 2337 1702 2409 ὠφελείᾳ
1720 2340 1918 2408 ἐγκαρ-

329 2447 532 2514 τερεῖν.
589 2439 730 2495 υῦτε
781 2439 958 2509 πρᾶον
1016 2434 1110 2487 καὶ
1155 2431 1566 2502 εύκατάμικτον
1610 2430 1746 2499 πρὸς
1789 2430 1919 2491 τοὺς

331 2535 598 2603 ἀδελφοὺς
631 2532 877 2602 ἀφίησιν·
902 2527 998 2582 καὶ
1022 2525 1162 2598 πρὸς
1177 2525 1348 2596 αὐτὴν
1365 2523 1462 2578 τοῦ
1486 2523 1600 2595 βίου
1621 2523 1721 2594 τὴν
1747 2522 1921 2589 ἐπαγ-

331 2628 524 2696 γελίαν
565 2626 720 2696 μῖσος
756 2622 996 2692 ἐμποιεῖ,
1029 2619 1123 2672 καὶ
1170 2617 1350 2672 πάντα
1401 2614 1588 2678 ἁπλῶς
1623 2614 1692 2668 τά
1742 2629 1922 2682 σωτηο

338 2717 505 2790 ριὼδη
535 2714 880 2788 βουλεύματα
917 2711 1020 2780 τῆς
1051 2710 1232 2781 ψυχῆς
1272 2711 1307 2780 ἡ
1331 2708 1480 2779 λύπη
1512 2706 1815 2775 συγχέασα,
1845 2702 1921 2765 ὡς

334 2812 547 2882 ἄφρονα
591 2806 799 2878 ταύτην
855 2807 949 2860 καὶ
990 2804 1332 2877 παραπλῆγα
1379 2799 1778 2871 ἀπεργάζεται,
1809 2813 1921 2848 κω-

333 2903 538 2956 λύουσα
587 2901 772 2954 πᾶσαν
823 2898 1036 2968 ἀγαθὴν
1088 2895 1400 2965 συντυχίαν.
1446 2893 1555 2944 Καὶ
1602 2888 1724 2942 οῦδὲ
1770 2885 1923 2956 παρά

337 2995 446 3049 τῶν
476 2991 718 3062 γνησίων
737 2991 906 3060 φίλων
932 2987 1296 3061 συγχωροῦσα
1316 2983 1569 3056 δέχεσθαι
1592 2982 1752 3049 λόγον
1786 2995 1924 3048 συμ-

342 3087 583 3147 ϐουλίας.
615 3083 738 3136 οῦδὲ
781 3084 1067 3154 εἰρηνικὴν
1115 3080 1411 3149 ἀπόκρισιν
1453 3079 1678 3145 ἀφιεῖσα
1713 3070 1924 3132 τούτοις

2013 1876 2288 1931 inutilem.
2321 1875 2653 1946 Nentiqnam
2677 1875 2846 1947 igitUr
2876 1875 3220 1930 admittenda
3243 1885 3328 1930 est
3353 1875 3602 1939 tristitia,

2014 1983 2119 2023 nec
2139 1967 2411 2038 ejusmodi
2438 1967 2790 2038 suscipienda
2834 1967 3150 2038 importuna
3179 1968 3448 2038 aegritudo
3483 1969 3604 2023 ani-

2015 2059 2124 2125 mi,
2157 2069 2217 2114 ut
2249 2076 2317 2115 ne
2350 2060 2638 2114 inimicum
2689 2059 2922 2129 impleas
2966 2058 3168 2129 gaudio
3196 2077 3209 2113 :
3241 2059 3374 2129 quin
3423 2059 3607 2129 potius

2016 2154 2198 2209 calces
2219 2152 2546 2223 objiciendi,
2569 2161 2624 2207 et
2661 2151 3045 2206 reluctandum
3073 2150 3345 2206 adversus
3374 2152 3605 2207 insidias

2015 2245 2175 2301 furia:
2202 2244 2367 2300 istius
2391 2243 2696 2300 inecntoris
2721 2243 2962 2298 tristitia:
2992 2244 3278 2298 dtemonis.
3303 2242 3359 2298 Si
3384 2243 3606 2313 quando

2018 2339 2168 2394 enim
2215 2339 2492 2410 malignus
2543 2338 2637 2392 hic
2697 2337 2929 2408 spiritus
2977 2336 3319 2392 clanculario
3368 2336 3606 2406 quodam

2019 2432 2230 2488 ambitu
2261 2432 2432 2486 menti
2464 2441 2572 2486 tua!
2593 2445 2651 2484 se
2681 2429 3071 2493 insinuaverit,
3108 2437 3277 2484 totam
3312 2445 3435 2482 eam
3465 2438 3606 2482 tetra

2019 2524 2258 2596 caligine
2287 2522 2630 2588 obseurahit,
2656 2538 2761 2577 nec
2782 2523 2893 2592 jant
2921 2520 3064 2576 sinet
3091 2536 3286 2591 preces
3319 2521 3607 2576 absolvere

2023 2625 2078 2674 te
2111 2633 2234 2672 cum
2260 2616 2545 2671 alacritate
2585 2615 2851 2685 spiritus:
2879 2631 2989 2670 non
3017 2631 3188 2670 sacra:
3219 2613 3445 2668 lectioni
3478 2629 3607 2684 per-

2020 2709 2209 2763 mittet
2240 2708 2401 2762 ﬁxius
2435 2715 2496 2760 ut
2531 2706 2797 2771 assidcas,
2825 2707 2993 2776 idque
3033 2722 3230 2777 magno
3269 2714 3365 2762 tuo
3395 2707 3611 2760 incom-

2021 2800 2209 2856 modo.
2245 2798 2338 2854 Sic
2369 2813 2787 2870 aegrescentem,
2825 2785 2943 2852 non.
2966 2797 3100 2853 sinit
3134 2814 3257 2851 cum
3293 2809 3613 2852 mansuetu-

2024 2894 2154 2948 dine
2201 2892 2448 2948 inserere
2503 2907 2562 2948 se
2607 2891 2843 2946 fratrum
2891 2890 3185 2956 sodalitio;
3239 2891 3374 2959 quin
3421 2890 3610 2944 odium

2024 2987 2214 3042 verius
2235 2986 2409 3040 menti
2443 2985 2524 3040 sic
2547 2985 2757 3040 vitiata:
2789 2984 3047 3047 instillat,
3072 2991 3129 3039 et
3159 2983 3396 3054 ingignit
3417 2983 3615 3037 adver-

2025 3095 2121 3135 sus
2162 3079 2432 3150 prepositi
2476 3077 2645 3134 semel
2693 3077 2896 3147 arrepti
2947 3076 3371 3146 professionem.
3417 3073 3611 3129 Omnia

344 3175 708 3250 μεταδιδόναι·
735 3175 869 3227 ἀλλά
890 3171 1262 3245 περιλαϐοῦσα
1283 3171 1464 3224 πᾶσαν
1485 3170 1586 3239 τὴν
1608 3165 1808 3236 ψυχὴν,
1836 3177 1924 3213 πι-

2030 3171 2272 3241 denique
2319 3169 2574 3233 consilia,
2612 3167 2920 3238 quamlibet
2969 3183 3033 3222 ea
3085 3165 3197 3221 sint
3245 3174 3612 3221 consentanea

341 3269 506 3340 κρίσις
545 3267 642 3322 καὶ
673 3267 865 3338 ἀηδίας
906 3267 1079 3337 αὐτὴν
1123 3265 1342 3333 πληροῖ,
1398 3262 1490 3315 καὶ
1536 3258 1716 3312 πείθει
1753 3252 1924 3322 αὐτὴν

342 3361 564 3431 φεύγειν
593 3359 722 3423 τοῦς
751 3357 1096 3429 ἀνθρώπους,
1125 3355 1200 3419 ὡς
1233 3355 1442 3416 αἰτίους
1465 3353 1602 3423 αὐτῇ
1627 3349 1726 3418 τῆς
1754 3362 1927 3418 ταρα-

340 3455 448 3525 κῆς
480 3453 833 3522 γενομένους.
863 3451 936 3504 Οὐ
970 3449 1078 3520 γὰρ
1114 3447 1393 3518 συγχωρεῖ
1431 3444 1570 3515 αὑτὴ
1601 3441 1924 3511 ἐπιγνῶναι,

338 3548 425 3600 ὃτι
455 3547 554 3598 οὐκ
585 3544 808 3609 ἔξωθεν,
837 3543 955 3596 ἀλλ’
982 3539 1196 3595 ἔνδοθεν
1228 3539 1343 3608 ἔχει
1386 3536 1486 3607 τὴν
1519 3536 1673 3588 νόσον
1699 3534 1928 3587 ἀποκει-

347 3638 538 3708 μένην.
571 3637 706 3690 Τότε
729 3636 786 3690 δὲ
817 3633 1169 3706 φανεροῦται,
1199 3633 1326 3685 ὅταν
1357 3630 1408 3683 οἱ
1436 3627 1738 3698 πειρασμυὶ
1768 3625 1930 3678 ἐπελ-

343 3730 551 3795 θόντες,
597 3729 688 3782 διὰ
741 3726 845 3798 τῆς
887 3724 1194 3797 γυμνασίας
1226 3724 1307 3786 είς
1348 3721 1410 3774 τὸ
1455 3720 1695 3790 ἐμφανὲς
1724 3717 1929 3788 ταύτην

344 3817 977 3892 προσαγάγωσιν.ςΛύπη
1013 3813 1105 3871 οὖν
1129 3817 1278 3869 ἐστιν
1304 3816 1578 3884 κατήφεια
1603 3810 1703 3883 μὲν
1725 3811 1924 3882 ψυχῆς,

344 3913 525 3982 στόμα
557 3911 614 3964 δὲ
651 3911 865 3974 λέοντος
913 3908 1214 3962 καταπίνον
1252 3905 1496 3976 εὐχερῶς
1528 3906 1620 3958 τὸν
1653 3903 1929 3972 λυπούμεα

342 4021 454 4058 νον.
509 4003 672 4074 Λύπη
731 4004 884 4058 ἐστὶν
933 4001 1152 4071 σκώληξ
1201 3999 1453 4071 καρδίας,
1495 3995 1800 4051 κατεσθίων
1828 3995 1930 4064 τὴν

342 4101 616 4158 τεκοῦσαν
669 4095 904 4168 μητέρα.
945 4095 1060 4147 Οῦκ
1091 4088 1233 4146 οἶδεν
1280 4089 1494 4161 μέλιτος
1532 4089 1720 4156 γεῦσιν
1764 4088 1794 4140 ό
1838 4085 1931 4138 λυ-

345 4194 620 4265 πούμενος
648 4188 899 4261 μοναχὺς,
932 4186 1008 4248 ὡς
1037 4185 1065 4237 ὁ
1104 4171 1393 4252 πυρέσσων
1423 4179 1686 4250 σφοδρῶς,
1711 4175 1930 4232 Λυπού-

348 4304 510 4358 μενος
553 4281 809 4357 μοναχδς,
862 4280 924 4332 οὐ
979 4280 1122 4331 κινεῖ
1170 4275 1261 4329 τὸν
1311 4273 1436 4327 νοῦν
1481 4271 1618 4343 πρὸς
1669 4270 1928 4341 θεωρίαν,

343 4379 466 4432 οῦδέ
503 4374 819 4450 προσευχὴν
858 4369 1109 4442 καθαρὰν
1160 4368 1476 4438 ἀναπέμπει
1512 4364 1642 4417 ποτὲ
1674 4363 1751 4433 τῷ
1787 4360 1929 4432 Θεῷ,

2029 3262 2289 3332 parandae
2324 3261 2487 3317 saluti
2515 3270 2571 3315 et
2608 3258 3042 3321 accommodata,
3073 3258 3243 3312 semel
3281 3256 3374 3310 ubi
3409 3257 3614 3324 permi-

2030 3355 2241 3409 scuerit
2270 3370 2329 3409 se
2359 3353 2669 3409 mmrorhic
2695 3352 2932 3408 animam
2949 3347 3616 3409 circumfundens,bomi-

2032 3463 2160 3502 nem
2202 3447 2388 3501 reddit
2418 3446 2649 3516 perinde
2682 3461 2745 3500 ac
2778 3444 3180 3504 vesanientem,
3214 3451 3510 3510 menteque
3551 3454 3616 3494 ac

2030 3547 2257 3608 stupore
2285 3547 2531 3607 captum,
2559 3537 2639 3590 illi
2672 3535 3013 3591 interdicens
3037 3534 3180 3587 bona
3211 3531 3359 3585 omni
3389 3545 3617 3585 consuc-

2030 3631 2224 3686 tudine
2262 3647 2326 3685 ac
2359 3631 2590 3684 fratrum
2622 3643 2960 3698 congressu;
3004 3625 3144 3680 adeo
3176 3631 3236 3677 ut
3268 3638 3372 3676 nec
3414 3639 3444 3677 a
3486 3639 3615 3694 ger-

2029 3738 2190 3776 mane
2230 3721 2424 3775 amicis
2453 3719 2684 3774 rxhihiti
2721 3717 2939 3773 consilii
2984 3716 3242 3770 salutaris
3281 3715 3425 3768 sinat
3461 3715 3611 3769 exci-

2028 3831 2161 3884 pere
2187 3829 2474 3870 sermoncs
2502 3812 2647 3875 illos,
2671 3811 2764 3866 sed
2789 3826 2857 3865 ne
2887 3810 3054 3865 etiam
3092 3822 3358 3877 responso
3385 3808 3614 3876 paciﬁco

2030 3922 2094 3962 ac
2125 3906 2376 3961 niodesto
2415 3904 2702 3975 dignatur;
2745 3902 2878 3972 quin
2905 3901 2986 3955 sic
3017 3914 3210 3953 omnes
3248 3899 3443 3952 animae
3467 3899 3615 3954 vires

2031 3997 2404 4067 circumplexa
2467 3994 2638 4049 semel
2699 3991 2960 4055 tristitia,
3021 3998 3189 4042 totam
3251 3988 3613 4042 amarulentia

2031 4090 2271 4158 complet
2288 4097 2452 4156 atque
2469 4085 2680 4139 insuavi
2703 4085 2942 4152 intempe
2952 4082 3050 4134 rie.
3068 4080 3368 4135 Persuadet
3386 4079 3616 4149 proinde

2031 4183 2287 4238 homines
2318 4188 2380 4234 ut
2398 4177 2740 4232 vitabundus
2765 4174 3011 4244 defugiat
3040 4173 3196 4242 quasi
3226 4181 3482 4226 auctores
3503 4187 3617 4226 sua)

2031 4275 2195 4331 istius
2219 4273 2594 4329 turbulentiae.
2638 4270 2828 4339 Neque
2856 4269 3002 4322 enim
3030 4265 3302 4336 permittit
3345 4273 3406 4318 ut
3442 4280 3615 4334 agno-

2034 4377 2154 4424 scat
2174 4365 2561 4438 aegritudinem
2591 4379 2713 4434 quae
2737 4377 2794 4416 se
2823 4368 3002 4430 urget,
3038 4357 3108 4413 ab
3135 4357 3332 4411 intimo
3357 4356 3613 4427 prosilire

357 4475 417 4528 Ὀ
438 4473 717 4544 κρατήσας
742 4466 951 4528 παθῶν,
987 4463 1303 4531 ἐκράτησεν·
1320 4460 1419 4529 τῆς
1451 4458 1649 4528 λύπης⁹
1685 4454 1924 4526 ἡττημέ-

2034 4459 2202 4514 animi
2233 4472 2477 4520 recessu,
2501 4455 2596 4510 sed
2623 4462 2872 4510 externe.
2905 4450 3060 4505 Tunc
3087 4447 3352 4503 elucescit
3373 4448 3612 4517 primmn

343 4583 435 4628 vo;
469 4565 526 4617 δὲ
554 4560 768 4634 ἡδονῆς,
803 4559 901 4612 οῦκ
942 4553 1264 4624 ἐκφεύξεται
1296 4552 1423 4614 τοῦς
1468 4550 1702 4618 δεσμοὺς
1733 4547 1925 4618 αὐτῆς.

361 4658 421 4710 '0
459 4652 800 4723 λυπούμενος
847 4648 1109 4718 συνεχῶς,
1147 4645 1244 4697 καὶ
1276 4640 1745 4715 προσποιούμενος
1787 4636 1930 4691 ἀπάο

345 4749 522 4809 θειαν,
555 4743 740 4816 ὅμοιός
786 4745 936 4795 ἐστιν
975 4737 1242 4801 νοσοῦντι,
1277 4735 1370 4789 καὶ
1413 4733 1605 4803 ὑγείαν
1637 4733 1928 4800 ὑποκρινο-

349 4845 519 4917 μένῳ.
550 4844 764 4911 ’Ὠσπερ
793 4839 903 4909 γὰρ
933 4838 961 4890 ό
986 4834 1158 4888 νοσῶν
1189 4830 1446 4900 δηλοῦται
1477 4827 1581 4880 ὑπὸ
1613 4825 1713 4896 τῆς
1739 4822 1928 4894 χρόας,

345 4914 524 5001 οὕτως
558 4929 812 5001 ἐμπαθὴς
842 4927 1124 4996 ἐλέγχεται
1163 4922 1272 4976 ὑπὸ
1316 4921 1416 4991 τῆς
1457 4917 1660 4986 λύπης.
1703 4916 1761 4966 ὐ
1792 4914 1929 4981 ἀγα-

347 5025 468 5079 πῶν
502 5022 594 5077 τὸν
620 5021 848 5091 κόσμον,
879 5016 1259 5087 λυπηθήσεται
1288 5009 1478 5065 πολλά·
1505 5009 1533 5061 ό
1565 5000 1930 5074 καταφρονῶν

343 5116 457 5170 τῶν
487 5117 546 5169 ἐν
581 5113 753 5184 αὐτῷ,
776 5109 1210 5182 εὐφρανθήσεται
1238 5105 1324 5159 διὰ
1356 5101 1575 5164 παντός.
1605 5099 1714 5152 Καὶ
1742 5095 1932 5166 ὥσπερ

280 5198 290 5206 ”
349 5207 719 5280 χωνευτήριον
757 5202 1014 5273 καθαίρει
1062 5199 1325 5266 ἀδόκιμον
1378 5191 1664 5263 ἀργύριον,
1692 5186 1866 5249 οὕτως
1895 5187 1930 5256 ἡ

346 5301 491 5356 κατά
512 5297 650 5351 Θεὸν
680 5295 826 5367 λύπη
854 5293 1082 5364 καρδίαν
1109 5289 1417 5359 ἐνάμαρτον
1447 5283 1726 5353 καθαίρει.
1756 5280 1938 5334 Καλὸν

345 5391 438 5448 οὖν
475 5393 618 5460 ἄγαν
650 5389 748 5445 καὶ
777 5387 1058 5458 συμφέρον
1104 5387 1171 5454 τῇ
1212 5383 1382 5452 ψυχῇ.
1413 5378 1473 5432 τὸ
1522 5376 1796 5447 στιϐαρῶς
1843 5373 1938 5443 βα·

349 5482 568 5546 στάζειν
609 5482 794 5534 πᾶσαν
837 5477 1040 5546 θλίψιν,
1094 5476 1205 5527 εἴτε
1263 5470 1414 5542 παρά
1453 5467 1781 5540 ἀνθρώπων,
1823 5466 1935 5519 εἴτε

351 5575 504 5643 παρὰ
536 5573 810 5642 δαιμόνων
842 5567 1198 5636 ἐπαγομένην
1221 5606 1235 5627 ,
1291 5563 1388 5617 καὶ
1434 5560 1633 5614 εἰδέναι
1668 5557 1934 5629 ἀκριϐῶς,

350 5671 545 5736 ὅτιπερ
571 5665 844 5736 χρεῶσται
869 5654 1192 5732 ὑπάρχομεν
1218 5658 1317 5725 τῆς
1341 5657 1786 5723 καταπονήσεωε.
1814 5651 1936 5724 Χρὴ

431 5824 473 5854 ³⁰
505 5820 523 5875 ι
558 5821 702 5873 Pctr.
735 5833 789 5876 v,
832 5813 915 5869 '10.
1000 5812 1038 5842 ³⁵
1070 5809 1257 5865 Matth.
1289 5823 1347 5871 tl,
1375 5807 1426 5860 εὶ.

2033 4551 2259 4615 veritas,
2290 4566 2414 4604 eum
2463 4547 2796 4604 tentationes
2827 4560 2950 4615 qua:
2983 4543 3245 4598 miserum
3279 4542 3614 4601 invaserant,

2037 4645 2091 4699 in
2115 4651 2360 4714 apertam
2391 4658 2449 4697 se
2481 4641 2770 4712 proferunt
2797 4639 2974 4692 lucem
3001 4654 3014 4690 :
3040 4636 3187 4707 quod
3217 4636 3330 4690 sola
3349 4635 3618 4703 contingit

2035 4736 2458 4792 exercitatione.
2496 4733 2747 4788 Tristitia
2790 4731 2961 4800 igitur
2995 4729 3192 4783 animae
3219 4738 3301 4783 est
3331 4728 3621 4782 mcerentis

2037 4829 2308 4898 dejectio;
2366 4842 2430 4881 os
2483 4835 2670 4881 autem
2736 4823 2947 4889 leonis,
2995 4821 3276 4876 helluonis
3330 4819 3463 4882 ritu,
3507 4834 3617 4871 non

2036 4933 2236 4987 magno
2283 4914 2509 4986 negotio
2557 4911 2817 4968 absorbet
2863 4923 3102 4965 mcerore
3143 4907 3235 4962 tali
3283 4906 3616 4962 confectum.

2039 5009 2290 5065 Tristitia
2349 5007 2560 5063 vermis
2619 5013 2705 5060 est
2762 5004 2984 5067 cordis,
3057 5009 3328 5056 suammet
3381 4998 3622 5054 exedens

2039 5112 2295 5158 matrem.
2331 5101 2666 5170 Neutiquam
2695 5099 2812 5153 haec
2842 5095 3222 5164 experimento
3247 5093 3463 5156 didicit,
3488 5108 3619 5146 sua-

2040 5195 2127 5249 vis
2146 5209 2310 5264 quam
2344 5193 2418 5248 sit
2442 5200 2639 5262 gustus
2664 5189 2866 5244 mellis.
2888 5186 3185 5242 Monachus
3210 5198 3445 5240 mmrore
3481 5181 3622 5235 inta-

2034 5285 2292 5346 bescens,
2316 5283 2578 5338 assimilis
2613 5292 2698 5337 est
2726 5283 2776 5339 ei
2812 5280 2906 5351 qui
2936 5277 3260 5334 exaestuanti
3291 5275 3445 5331 febre
3469 5274 3622 5328 labo-

2037 5381 2145 5428 rat.
2173 5371 2278 5438 Qui
2296 5370 2604 5425 continenti
2633 5369 2857 5424 tristitia
2880 5367 3096 5422 laborat
3127 5363 3449 5426 monachus,
3469 5361 3621 5414 nullo

2037 5465 2129 5520 hic
2184 5473 2346 5536 pacto
2399 5472 2644 5519 mentem
2705 5461 2771 5516 ad
2828 5457 3319 5529 contemplationis
3371 5452 3622 5523 subrigct

2035 5557 2313 5621 studium,
2369 5555 2581 5626 1067
2629 5569 2810 5624 neque
2863 5551 2932 5606 ad
2993 5551 3297 5606 orationem
3348 5547 3619 5602 sinceram

2035 5663 2158 5720 quae
2188 5646 2255 5702 ad
2285 5647 2454 5701 Deum
2478 5645 2813 5710 destinetur,
2845 5651 3087 5698 mentem
3136 5637 3403 5693 reﬁeetet.
3435 5633 3624 5690 Victor
