4052 6550
506 378 641 446 1511

1775 365 2143 428 ANTIOCHI
2185 365 2532 427 MONACHI

3609 372 3718 439 1:312

503 486 824 562 passionum
860 483 1052 553 utique
1098 481 1278 534 victor
1327 477 1567 534 tristitia:
1604 483 1709 531 est.
1761 475 1935 542 Quem
1966 473 2102 529 vicit

2223 475 2297 530 ιῦν
2343 477 2402 529 ὲν
2432 476 2706 546 προσευχῇ
2745 475 2840 528 καὶ
2882 474 3131 546 ὑπομονῇ
3185 475 3486 547 ἀντιστῆναι
3531 481 3601 551 τῷ
3626 484 3720 538 δαί-

504 583 782 648 voluptas,
835 577 883 631 is
929 590 1040 629 non
1090 572 1252 627 facile
1292 570 1551 640 eﬂugerit
1585 567 1823 622 tristitia:
1852 566 2094 620 vincula.

505 671 610 739 Qui
668 665 981 723 continenti
1049 662 1277 718 tristitia
1329 660 1648 725 coniicitur,
1702 673 1940 726 cumque
1996 657 2100 711 bac

507 761 754 833 perfecta
790 759 988 814 anima:
1021 753 1482 825 tranquillitatem
1523 752 1630 806 sibi
1683 761 1744 805 ut
1791 757 2096 819 comparet,

508 851 806 914 adnititur,
847 848 1109 904 assimilis
1161 855 1248 901 est
1303 845 1354 900 ei
1409 845 1506 915 qui
1549 842 1802 914 azgrescit
1851 841 2097 910 quidem,

510 943 610 999 sed
665 941 1022 997 simulatione
1075 937 1382 992 ementitur
1431 935 1638 989 habere
1686 949 1746 988 se
1781 932 2097 988 sanitatem.

509 1031 988 1101 Quemadmodum
1037 1031 1123 1083 vel
1160 1029 1348 1082 colore
1395 1027 1520 1096 quis
1565 1042 1622 1080 se
1670 1024 1876 1096 prodit,
1905 1023 2102 1077 morbo

509 1127 554 1179 si
591 1124 886 1194 premitur,
931 1122 1007 1175 ita
1042 1120 1137 1190 qui
1175 1118 1599 1191 perturbatione
1631 1116 1800 1170 animi
1840 1115 2101 1185 quapiam

511 1213 788 1282 agitatur,
854 1210 1094 1264 tristitia:
1153 1208 1508 1263 convincitur
1577 1213 1922 1275 argumento.
1997 1203 2103 1270 Qui

512 1305 787 1362 mundum
831 1303 1036 1373 diligit,
1078 1303 1125 1356 is
1155 1315 1384 1356 necesse
1419 1300 1494 1354 sit
1527 1309 1588 1354 ut
1626 1298 1864 1354 subinde
1899 1298 2106 1352 contri-

514 1404 697 1452 stetur
723 1403 781 1449 et
805 1400 1075 1457 maereat;
1109 1391 1205 1460 qui
1245 1398 1431 1443 autem
1464 1403 1587 1457 quae
1619 1386 1675 1440 in
1716 1385 1925 1440 mundo
1976 1392 2108 1440 sunt

514 1490 692 1553 bona,
736 1502 808 1541 ne
857 1484 1056 1540 tantilli
1108 1482 1336 1553 quidem
1373 1481 1548 1545 ducit,
1594 1479 1710 1550 jugi
1761 1477 1950 1533 laetitia
1982 1493 2110 1547 per-

514 1580 756 1634 fruetur.
794 1575 1280 1644 Quemadmodum
1312 1571 1631 1627 conﬂatoria
1668 1586 1758 1624 ars
1795 1585 1863 1625 ex
1897 1567 2110 1640 plumbi

516 1671 757 1725 materia
805 1666 1186 1738 detrahitjugi
1225 1665 1556 1720 eontlatione
1602 1673 1660 1718 et
1703 1662 2005 1727 imminuit,
2034 1661 2110 1714 ita

515 1773 575 1818 et
603 1762 832 1817 tristitia
862 1759 1055 1814 mundi
1086 1759 1248 1812 istius
1282 1765 1525 1811 mentem
1561 1755 1770 1810 atterit.
1800 1755 1870 1810 Ut
1910 1769 2111 1824 argen-

521 1866 638 1912 tum
679 1853 890 1924 alioqui
941 1853 1244 1922 reprobum
1294 1851 1584 1906 collustrat
1627 1846 2008 1902 conﬂatorium
2053 1853 2110 1899 et
2139 1839 2181 1894 Β

517 1947 717 2018 purius
741 1946 948 2008 reddit,
967 1944 1049 1998 sic
1069 1943 1294 1998 tristitia
1315 1957 1438 2011 quae
1463 1939 1770 1996 secundum
1800 1938 1974 1992 Deum
2001 1945 2108 2001 est,

519 2053 619 2094 cor
653 2038 864 2108 expiat,
900 2038 1033 2091 licet
1081 2035 1404 2091 occallucrit
1452 2033 1664 2104 peccati
1712 2031 1916 2087 scoria.
1967 2028 2112 2084 Sane

519 2133 806 2204 egregium
835 2138 923 2184 est
955 2138 1013 2184 et
1055 2129 1256 2182 anima:
1293 2126 1557 2181 conducit
1590 2141 1700 2178 non
1729 2121 2110 2186 mediocriter,

523 2237 748 2279 omnem
779 2221 1057 2274 invectam
1081 2218 1434 2272 alllictionem
1469 2217 1596 2270 forti
1621 2215 1870 2286 perferre
1906 2213 2111 2278 animo,

524 2313 642 2369 sive
679 2311 1035 2382 improbitate
1072 2309 1360 2363 hominum
1391 2323 1456 2362 ea
1486 2307 1763 2377 intligatur
1797 2305 2114 2376 impressio,

526 2404 643 2458 sive
697 2402 940 2456 assultus
1001 2400 1093 2454 hic
1158 2400 1446 2454 incentore
1510 2399 1756 2453 daemone
1816 2398 2111 2467 irrogetur,

528 2495 627 2552 sed
664 2502 721 2550 et
772 2508 935 2549 nosse
974 2503 1024 2547 te
1056 2493 1306 2547 exactius
1335 2493 1596 2546 convenit
1629 2506 1731 2546 nos
1770 2490 1928 2545 istius
1956 2488 2115 2543 debi-

529 2598 681 2644 tores
707 2601 831 2640 esse
869 2600 1131 2640 aerumnae
1161 2593 1217 2639 et
1245 2584 1577 2638 aﬂlictionis.
1607 2581 1758 2652 Opus
1787 2583 1954 2653 igitur
1985 2581 2116 2634 huic

531 2693 595 2739 ut
630 2683 982 2738 obluctemur
1017 2697 1162 2736 saevo
1193 2679 1451 2745 dazmoni,
1505 2677 1761 2749 praesidio
1808 2675 2029 2730 subnixi
2062 2683 2118 2729 et

529 2774 800 2831 orationis
825 2781 881 2826 et
909 2772 1189 2842 patientia:
1215 2788 1230 2826 :
1264 2787 1390 2825 nam
1421 2771 1514 2840 qui
1549 2771 1912 2824 tentationum
1934 2766 2118 2838 jacula

531 2884 563 2922 a
612 2884 672 2924 se
726 2866 1010 2937 depellere
1043 2866 1270 2936 quidem
1303 2866 1452 2928 vult,
1488 2881 1590 2919 nec
1639 2865 1795 2918 fulcit
1845 2878 1904 2917 se
1947 2862 2118 2915 armis

534 2957 805 3014 orationis
831 2967 886 3012 et
927 2957 1229 3028 patientiae,
1272 2957 1411 3012 adeo
1439 2973 1466 3010 a
1497 2972 1555 3010 se
1587 2972 1693 3009 non
1724 2953 1975 3025 proﬂigat
2003 2967 2117 3017 eas,

533 3062 597 3108 ut
617 3052 786 3106 etiam
821 3051 931 3104 illis
958 3049 1276 3120 perplexius
1307 3048 1636 3102 involvatnr.
1667 3036 1777 3102 Nos
1803 3047 1969 3117 igitur
1994 3059 2120 3099 cum

530 3145 698 3200 beato
750 3141 924 3196 David
989 3141 1290 3195 tolerantes
1343 3139 1720 3203 aﬂlietionem,
1755 3139 2056 3209 psallamus
2102 3152 2115 3188 :

542 3251 562 3284 ι
599 3230 804 3301 thuid
832 3230 1004 3284 tristis
1056 3245 1139 3295 es,
1169 3230 1350 3283 anima
1378 3245 1518 3294 mea,
1545 3239 1602 3283 et
1624 3244 1796 3298 quare
1821 3227 2120 3282 conturbas

534 3324 665 3379 me?
689 3323 862 3393 Spera
889 3321 942 3375 in
977 3323 1111 3384 Deo,
1144 3321 1404 3390 quoniam
1434 3320 1742 3375 conﬁtebor
1767 3320 1852 3384 ei;
1879 3321 2119 3373 salutare

533 3416 726 3472 vultus
757 3414 866 3468 mei
899 3425 955 3469 et
984 3413 1130 3467 Deus
1157 3428 1312 3468 meus
1335 3414 1399 3466 3'.
1436 3433 1453 3464 ι
1482 3411 1671 3482 Neque
1697 3413 1844 3466 enim
1875 3413 1970 3481 qui
2004 3423 2122 3465 ten-

539 3507 813 3562 tationum
854 3505 1218 3559 vibramentis
1249 3505 1525 3569 eruditur,
1573 3503 1837 3574 possibile
1885 3505 1958 3558 sit
1985 3503 2120 3573 quin

541 3606 778 3653 intereat
806 3611 871 3650 ac
904 3598 1176 3650 trietetur.
1210 3597 1388 3664 Atque
1434 3596 1706 3666 patienter
1730 3595 1960 3649 tolerato
1990 3609 2122 3664 ago-

539 3705 648 3755 ne,
713 3689 850 3743 tales
906 3703 1019 3742 non
1076 3688 1341 3742 mediocri
1401 3688 1812 3758 perlunduntur
1882 3686 2119 3757 gaudio;

542 3781 779 3836 maxime
812 3781 857 3834 si
908 3779 1120 3850 seipsos
1153 3780 1322 3834 armis
1365 3779 1794 3834 communierint
1832 3778 2121 3842 orationis,

544 3869 846 3940 patientim,
882 3881 938 3925 et
967 3871 1214 3926 dulcium
1255 3871 1644 3941 lacrymarum,
1670 3885 1888 3924 necnon
1917 3869 2124 3923 intelli-

544 3963 730 4034 gentia
760 3963 961 4018 divina:
999 3963 1320 4034 Scripturaz.
1357 3963 1784 4034 Quanticunque
1811 3962 1960 4018 enim
1996 3970 2127 4018 sunt

544 4069 687 4124 quos
716 4054 874 4108 labor
904 4062 960 4109 et
1000 4054 1224 4109 alllictio
1253 4070 1556 4110 exercuere
1588 4055 1641 4108 in
1683 4055 1945 4109 cordibus
1974 4055 2127 4109 sus?

541 4144 677 4200 Jure
702 4144 962 4214 quideml
995 4143 1226 4199 Corona:
1259 4145 1408 4200 cnim
1433 4160 1666 4216 agonem
1705 4144 1927 4199 fortiter
1960 4146 2128 4200 susti-

546 4237 810 4291 nentibus
840 4236 1264 4291 concinnantur.
1288 4237 1448 4304 Quod
1477 4239 1522 4292 si
1551 4254 1706 4293 mens
1737 4239 1934 4294 inertia
1958 4241 2128 4295 animi

544 4337 866 4395 enervetur,
913 4345 1039 4382 mox
1080 4329 1304 4384 tristitia
1358 4329 1621 4384 arrodere
1667 4332 1863 4401 incipit
1890 4332 2132 4388 hominis

549 4435 670 4481 cor,
722 4421 878 4490 juxta
939 4421 1269 4474 sententiam
1339 4423 1712 4490 superiorem,
1765 4440 1866 4479 ceu
1927 4427 2132 4480 assolet

2204 584 2326 640 μονι
2356 566 2551 638 τούτῳ.
2592 565 2651 620 Ὀ
2679 565 2790 638 γάρ
2817 565 2975 629 tm;
3021 569 3328 639 προσευχῆς
3366 570 3457 623 καὶ
3491 571 3725 646 ὑπομονῆς

2200 660 2548 730 πειρασμοὺς
2603 660 2825 729 νικῆσαι
2882 658 3077 723 θέλων,
3105 661 3207 713 οὐκ
3250 661 3518 716 ἀπώσεται
3544 666 3728 732 αὑτοὺς,

2199 752 2338 807 ἀλλά
2378 753 2542 806 πλέον
2573 752 2988 824 ὲμπλακήσετσι
3014 753 3218 817 αὑτοῖς.
3257 756 3459 808 Οὑκοῦν
3488 757 3572 810 καὶ
3599 759 3730 829 ἡμεῖς

2199 843 2269 897 δι’
2310 844 2593 914 ὑπομονῆς
2616 844 2712 896 σὺν
2743 845 2820 913 τῷ
2847 843 3010 896 Δαυῒδ
3044 843 3336 914 ψάλλομενο
3367 864 3386 896 ι
3404 845 3513 900 Ἱνα
3530 849 3578 900 τί
3603 851 3732 919 περίο

2200 933 2372 998 λυπος
2419 930 2490 999 εἴ,
2519 936 2552 1005 ή
2585 934 2733 1004 ψυχή
2775 952 2900 1004 μου,
2931 932 3025 986 καὶ
3057 934 3143 986 ἵνα
3166 934 3218 988 τί
3248 939 3615 1006 συνταράσσεις
3647 958 3734 1008 ps;

2201 1022 2427 1076 ἐλπισον
2459 1023 2555 1076 ἐπὶ
2609 1023 2702 1076 τὸν
2747 1023 2900 1088 Θεὸν,
2955 1023 3040 1076 ὅτι
3094 1022 3552 1095 ἐξομολογησομαι
3595 1029 3736 1098 αὐτῷ,

2205 1115 2476 1187 σωτήριον
2531 1114 2626 1168 τοῦ
2691 1115 2985 1182 προσώπου
3047 1132 3187 1185 μου,
3234 1116 3328 1168 καὶ
3356 1118 3384 1169 ό
3420 1116 3543 1181 Θεός
3585 1137 3689 1189 μου.
3719 1142 3735 1174 ι

2217 1207 2527 1277 Ἀμήχανον
2556 1207 2668 1276 γάρ
2721 1208 2869 1260 ἐστιν
2921 1206 3093 1276 χωρὶς
3144 1206 3321 1278 λύπης
3373 1208 3645 1280 παρελθεῖν
3669 1213 3741 1263 τὴν

2206 1299 2680 1369 ὲμπαιδευόμενον
2705 1300 2818 1362 τοῖς
2846 1299 3196 1368 πειρασμοῖς.
3229 1298 3391 1351 Ἀλλά
3423 1302 3552 1370 μετὰ
3581 1302 3740 1371 ταῦτα,

2209 1391 2416 1458 πολλῆς
2462 1393 2640 1462 χαρᾶς
2693 1390 3030 1462 πληροῦνται
3063 1393 3112 1444 οἱ
3142 1392 3372 1444 τοιοῦτοι
3406 1393 3647 1462 (μάλιστα
3668 1398 3744 1452 ἐὰν

2208 1483 2276 1537 δι’
2309 1483 2474 1554 εὐχῆς
2513 1486 2609 1536 καὶ
2653 1483 2936 1553 ὑπομονῆς
2968 1483 3197 1546 ἑαυτοὺς
3237 1482 3646 1558 καθοπλίσωσιν)
3671 1491 3747 1542 καὶ

2210 1573 2466 1644 δακρύων
2492 1573 2762 1643 γλυκέων,
2785 1573 2883 1628 καὶ
2904 1573 3197 1642 νοημάτων
3229 1573 3413 1639 θείων,
3442 1575 3553 1629 ὅσοι
3580 1578 3749 1650 ἐγεώρ-

2210 1681 2389 1734 γησαν
2427 1665 2518 1717 τὸν
2564 1664 2728 1718 πόνον
2777 1664 2875 1718 καὶ
2921 1663 3021 1734 τὴν
3061 1663 3241 1734 θλίψιν
3277 1666 3334 1718 ἐν
3386 1669 3503 1730 ταῖς
3537 1669 3751 1740 καρδίαις

2213 1757 2420 1811 αὑτῶν.
2452 1757 2540 1810 Ἐν
2569 1756 2677 1828 γὰρ
2715 1758 2837 1820 ταῖς
2868 1755 3138 1826 θλίψεσιν,
3172 1760 3288 1821 τοῖς
3329 1756 3572 1812 ἀθλοῦσιν
3589 1761 3635 1814 οἱ
3656 1765 3751 1815 στέ-

2212 1867 2392 1920 φανοι.
2433 1850 2589 1902 Ἐπεὶ
2618 1851 2714 1903 ἐὰν
2749 1849 3004 1920 χαυνωθῇ
3033 1851 3060 1902 ό
3087 1849 3350 1920 λογισμὸς
3381 1851 3446 1904 ἐκ
3474 1850 3568 1916 τῆς
3594 1855 3752 1924 εὐχῆς,

2211 1941 2441 2012 ἄρχεται
2477 1942 2510 2011 ἡ
2550 1940 2698 2011 λύπη
2737 1939 3048 1994 κατεσθίειν
3077 1941 3179 2013 τὴν
3211 1941 3442 2012 καρδίαν
3464 1942 3553 1996 τοῦ
3574 1944 3753 2015 ἀνθρώ-

2213 2051 2340 2098 που,
2387 2032 2461 2096 ὡς
2506 2033 2748 2103 εἰρηται,
2793 2031 2982 2102 ὥσπερ
3030 2031 3130 2102 σὴς
3181 2032 3419 2102 ἱμάτιον,
3452 2034 3545 2086 καὶ
3573 2033 3754 2104 σκώληξ

2214 2124 2393 2192 ξύλον,
2426 2125 2483 2177 ὲν
2512 2126 2626 2186 τοῖς
2650 2121 2859 2184 ὀστέοις
2891 2108 3054 2175 αὑτοῦ
3083 2123 3372 2192 γινομένη.
3403 2124 3512 2178 Καὶ
3537 2125 3754 2196 εὑρίσκε-

2212 2235 2305 2272 ται
2346 2220 2374 2271 ὁ
2410 2216 2698 2289 ἄνθρωπος
2739 2215 3064 2285 σκυθρωπὸς
3107 2217 3166 2268 ὲν
3201 2216 3462 2271 σκοτώσει
3495 2218 3753 2290 λογισμῶν.

2213 2309 2313 2364 Διὰ
2343 2309 2504 2363 τοῦτο
2549 2309 2646 2361 κα¹ι
2672 2309 2706 2379 η
2747 2307 2938 2378 Γραφὴ
2975 2311 3235 2378 παραινεῖ
3262 2308 3319 2360 λέ
3332 2325 3516 2377 γουσα,
3549 2328 3567 2362 ι
3597 2311 3756 2382 Δύπην

2218 2401 2436 2476 μακράν
2463 2401 2774 2471 άπόστησον
2810 2400 2917 2454 ἀπὸ
2947 2399 3064 2452 σοῦ·
3099 2383 3331 2465 πολλοὺς
3351 2404 3459 2474 γὰρ
3475 2403 3757 2455 ἀπέκτεινεν

2215 2495 2445 2568 ηλύπη,
2511 2495 2604 2547 καὶ
2661 2493 2762 2546 οὑκ
2812 2492 2960 2544 ἔστιν
3014 2492 3256 2561 ὠφέλεια
3313 2495 3372 2548 ὲν
3406 2495 3562 2565 αὑτῇ.
3602 2496 3755 2548 »Καίσ

2222 2606 2242 2640 ι
2292 2587 2424 2640 Ἀπὸ
2464 2585 2643 2654 λύπης
2677 2584 2923 2637 ἐκϐαίνει
2955 2583 3237 2648 θάνατος.)
3264 2586 3374 2638 Καί
3399 2603 3414 2617 ·
3448 2605 3464 2634 ι
3485 2586 3634 2654 Λύπη
3653 2603 3759 2657 καρ·

2215 2679 2353 2744 δίας,
2381 2677 2591 2748 κάμψει
2619 2677 2800 2747 ἰσχύν.
2839 2697 2856 2726 ι
2891 2676 3000 2728 Καὶ
3028 2678 3224 2746 ἐπάγει
3247 2693 3260 2705 ·
3313 2697 3332 2728 ι
3361 2679 3456 2748 Μὴ
3488 2677 3664 2742 δώσεις
3687 2677 3760 2730 λύο

2220 2789 2328 2842 πην
2377 2773 2442 2843 τῇ
2480 2770 2684 2842 καρδίᾳ
2724 2787 2843 2832 σου,
2893 2767 3030 2822 ἀλλά
3076 2769 3391 2839 ἁπόστησον
3435 2770 3618 2841 αὑτὴν,
3661 2773 3760 2839 μνη.

2221 2864 2378 2934 σθητι
2408 2864 2477 2916 τὰ
2521 2863 2726 2933 ἔσχατα
2761 2861 2951 2930 αὑτῆς.
2996 2880 3015 2913 ι
3056 2855 3228 2932 Ἀρον
3267 2861 3365 2914 οὖν
3401 2861 3506 2915 ἀπὸ
3533 2861 3618 2915 σοῦ
3652 2857 3760 2914 ταύ-

2218 2975 2319 3028 την
2350 2957 2448 3018 τὴν
2491 2953 2692 3023 λύπην,
2723 2954 2819 3006 καὶ
2869 2953 2942 3024 μὴ
2987 2952 3149 3006 λύπει
3178 2954 3238 3006 τὸ
3277 2953 3505 3025 Πνεῦμα
3532 2954 3586 3006 τὸ
3614 2955 3759 3020 ἅγιον,

2219 3047 2280 3100 τὸ
2305 3043 2596 3100 κατοικοῦν
2627 3045 2686 3096 ὲν
2714 3044 2817 3097 σοίο
2848 3047 3058 3114 μήποτε
3083 3042 3405 3114 ἐντεύξηται
3438 3044 3514 3115 τῷ
3540 3044 3662 3115 Θεῷ,
3690 3046 3762 3098 καὶ

2222 3141 2432 3210 ἀποστῇ
2465 3138 2572 3190 ἀπὸ
2603 3137 2716 3190 σοῦ.
2755 3138 2830 3190 Τὸ
2866 3139 2973 3210 γάρ
3001 3127 3226 3208 Πνεῦμα
3253 3137 3350 3191 τοῦ
3381 3137 3534 3200 Θεοῦ,
3565 3138 3620 3191 τὸ
3642 3137 3762 3190 δοθὲν

2227 3232 2308 3294 εἰς
2334 3230 2431 3300 τὴν
2479 3229 2660 3299 σάρκα
2714 3227 2939 3298 ταύτην,
2974 3226 3154 3298 λύπην
3200 3227 3304 3281 οὑκ
3359 3229 3631 3299 ὑποφέρει,
3669 3227 3763 3281 οὑδὲ

2231 3321 2609 3391 στενοχωρίαν.
2641 3321 2898 3374 Ἔνδυσαι
2932 3315 3024 3373 οῦν
3057 3319 3157 3391 τὴν
3189 3306 3514 3391 ἱλαρότητα,
3537 3320 3626 3391 τὴν
3662 3319 3764 3373 πάνυ

2227 3433 2351 3469 τοτε
2389 3416 2624 3485 ἔχουσαν
2659 3413 2819 3484 χάριν
2865 3413 3017 3485 παρά
3056 3413 3133 3484 τῷ
3163 3413 3304 3484 Θεῷ,
3351 3415 3446 3468 καὶ
3476 3415 3694 3485 ἑντρύφα
3721 3415 3765 3466 ἐν

2230 3508 2390 3579 αὑτῇ.
2444 3506 2501 3558 'U
2551 3505 2660 3576 γάρ
2699 3504 2885 3575 ἱλαρὸς
2921 3504 3062 3574 ἀνὴρ
3107 3505 3292 3573 ἀγαθά
3349 3505 3649 3577 ἐργάζεται,
3693 3507 3767 3559 καὶ

2231 3601 2564 3670 καταφρονεῖ
2589 3598 2689 3667 τῆς
2712 3596 2911 3667 λύπης.
2947 3597 3004 3650 '0
3034 3597 3092 3650 δὲ
3117 3596 3364 3669 λυπηρὸς
3390 3599 3547 3669 ἀνὴρ,
3576 3599 3765 3653 πάντοτε

2231 3693 2618 3764 ποηρεὺεται.
2653 3692 2878 3763 Πρῶτον
2913 3691 3010 3761 μὲν
3037 3692 3429 3763 πονηρεύεται,
3463 3694 3701 3747 ὅτιλυπεί
3722 3693 3768 3744 τὸ

2231 3785 2460 3855 Πνεῦμα
2487 3786 2549 3839 τὸ
2578 3785 2760 3853 ἅγιον,
2783 3785 2846 3839 τὸ
2871 3785 3022 3839 δοθὲν
3047 3785 3123 3854 τῷ
3147 3786 3426 3858 ἀνθρώπῳ
3456 3787 3645 3857 ἱλαρόν.
3664 3783 3768 3837 Δεύ-

2231 3895 2391 3950 τερον
2423 3878 2481 3930 δὲ
2515 3878 2700 3930 λοιπὸν
2740 3877 2973 3946 ἀνομίαν
2998 3875 3312 3947 ἐργάζεται,
3351 3879 3428 3949 μὴ
3460 3875 3768 3948 ἐξομολογού-

2235 3987 2398 4042 μενον
2423 3969 2500 4040 τῷ
2537 3969 2752 4039 Κυρίῳ.
2788 3967 2899 4021 Τοῦ
2929 3969 3038 4039 γὰρ
3065 3969 3313 4039 λυπηροῦ
3343 3970 3532 4040 ἀνδρδς
3559 3970 3590 4040 ἡ
3622 3968 3768 4021 ἐντευ-

2237 4060 2319 4125 ξις
2352 4059 2452 4112 οὑκ
2502 4059 2615 4130 ἔχει
2643 4059 2874 4129 δύναμιν
2907 4060 3169 4130 ἀναϐῆναι
3203 4061 3298 4112 ἐπὶ
3339 4060 3401 4114 τὸ
3431 4061 3768 4130 θυσιαστήριον

2233 4151 2330 4206 τοῦ
2369 4150 2524 4206 Θεοῦ.
2569 4151 2902 4222 Ἐγκάθηται
2949 4149 3060 4220 γὰρ
3090 4153 3124 4222 ἡ
3151 4150 3297 4222 λύπη
3332 4155 3414 4215 εἰς
3452 4151 3546 4222 τὴν
3585 4150 3768 4220 καρδίαν

2236 4243 2424 4296 αὑτοῦ.
2480 4243 2815 4314 Μεμιγμένη
2862 4239 2956 4296 οὖν
2994 4243 3139 4312 λύπη
3181 4243 3322 4312 μετά
3375 4245 3475 4313 τῆς
3521 4243 3770 4308 ἐντεύξεως

2237 4333 2338 4386 οὑκ
2367 4331 2596 4402 ἀφίησιν
2630 4331 2727 4405 τὴν
2762 4333 3000 4398 ἔντευξιν
3029 4333 3294 4404 ἀναϐῆναι
3327 4333 3569 4404 καθαράν
3590 4332 3707 4400 πρὸς
3726 4331 3770 4381 τὸ

2240 4425 2656 4496 θυσιαστήριον.
2686 4425 2899 4495 ’Ὥσπερ
2922 4425 3032 4494 γάρ
3080 4424 3199 4490 ὅξος
3239 4424 3334 4477 καὶ
3367 4421 3504 4488 οἶνος
3537 4419 3771 4494 μεμιγμέ-

551 4506 780 4580 pallium
835 4509 1071 4564 exedere
1133 4509 1308 4574 tinea,
1368 4511 1574 4564 vermis
1621 4512 1829 4581 lignum
1889 4513 1943 4566 in
1999 4513 2120 4584 ligni

2240 4539 2329 4585 νος
2364 4521 2456 4574 ἐπὶ
2483 4521 2543 4574 τὸ
2577 4520 2709 4573 αὑτὸ
2743 4521 2842 4590 τὴν
2885 4519 3054 4589 αὑτὴν
3093 4517 3287 4589 ἡδονὴν
3316 4521 3420 4572 οὑκ
3466 4517 3683 4586 ἔχουσιν,
3703 4512 3772 4566 οῦδ

552 4602 772 4656 ossibus
820 4610 1140 4672 prognatus.
1200 4602 1642 4671 Deprelienditur
1689 4607 1851 4660 homo
1893 4615 2022 4660 tunc
2079 4607 2120 4661 it

2238 4631 2347 4677 τως
2375 4614 2470 4667 καὶ
2502 4616 2534 4685 ἡ
2570 4612 2715 4684 λύπη
2751 4613 3065 4683 μεμιγμένη
3100 4614 3237 4682 μετὰ
3265 4612 3360 4665 τοῦ
3383 4610 3519 4666 Πνεύ
3529 4625 3680 4680 ματος
3699 4604 3771 4658 τοῦ

552 4693 882 4748 densissima
927 4695 1139 4748 versari
1188 4695 1418 4764 caligine
1463 4697 1880 4766 cogitationum.
1923 4701 2003 4752 Ob
2033 4699 2140 4755 hoc

555 4801 728 4841 unum
783 4785 1047 4839 admonet
1093 4785 1410 4856 Scriptura,
1461 4787 1652 4842 dicens
1697 4807 1710 4843 ς
1768 4809 1785 4839 ‹
1835 4789 2136 4844 Tristitiam

556 4876 720 4948 longe
755 4887 942 4932 averte
973 4892 1002 4930 a
1039 4885 1127 4944 te;
1167 4879 1369 4933 multos
1388 4879 1535 4932 enim
1571 4880 1775 4934 occidit
1807 4881 2048 4948 tristitia,
2084 4889 2141 4937 et

556 4986 669 5025 non
699 4980 786 5025 est
811 4971 1023 5024 utilitas
1061 4970 1114 5024 in
1145 4985 1210 5025 ea
1235 4971 1298 5024 ³³.
1337 4990 1354 5022 ι
1387 4971 1453 5025 Et
1480 4989 1494 5025 :
1529 4992 1547 5022 ι
1577 4973 1656 5027 Ex
1687 4974 1906 5029 tristitia
1942 4991 2141 5045 prove-

559 5063 644 5116 nit
688 5077 840 5117 mors
878 5062 943 5115 “.
978 5081 996 5113 ι
1031 5063 1099 5117 Et
1134 5080 1148 5117 :
1187 5081 1204 5114 ι
1250 5063 1498 5118 Tristitia
1541 5066 1724 5119 cordis
1764 5066 2052 5120 inclinabit
2085 5073 2143 5120 et

560 5154 805 5210 emolliet
840 5155 1096 5211 robur”.
1134 5175 1151 5206 ι
1183 5156 1401 5212 lndueit
1431 5175 1444 5210 :
1479 5177 1496 5208 ι
1537 5157 1614 5212 Ne
1641 5158 1738 5212 des
1769 5159 1823 5212 in
1861 5159 2141 5213 tristitiam

561 5264 658 5301 eor
694 5256 870 5314 tuum,
908 5249 1002 5303 sed
1033 5249 1189 5304 aufer
1221 5266 1340 5304 eam
1375 5251 1474 5305 abs
1501 5261 1575 5313 te,
1605 5261 1883 5306 memento
1911 5251 2148 5306 novissi-

562 5354 780 5393 morum
827 5341 951 5410 ejus
977 5341 1042 5393 ³⁶.
1092 5361 1110 5393 ι
1148 5341 1351 5396 Averte
1403 5342 1569 5413 igitur
1618 5344 1716 5398 abs
1760 5354 1811 5400 te
1852 5345 2134 5399 tristitiam

562 5428 736 5494 hanc,
766 5439 820 5484 et
845 5448 914 5485 ne
945 5432 1237 5488 contristes
1278 5433 1543 5503 Spiritum
1579 5448 1830 5491 sanctum
1861 5438 1953 5508 qui
1989 5437 2046 5491 in
2085 5446 2138 5493 te

564 5522 802 5586 habitat.
841 5539 909 5578 ne
936 5525 1076 5579 forte
1119 5526 1429 5595 interpellet
1456 5527 1627 5582 Deum
1656 5539 1712 5584 et
1750 5531 1973 5586 recedat
2001 5548 2031 5586 a
2067 5539 2141 5588 te.

566 5606 806 5688 Spiritus
849 5617 998 5672 enim
1048 5618 1145 5672 Dei
1186 5618 1279 5688 qui
1322 5619 1379 5673 in
1416 5619 1557 5674 hanc
1599 5622 1763 5676 etiam
1811 5639 2035 5680 carnem
2082 5640 2143 5681 se

640 5802 686 5832 ⁸²
717 5801 858 5856 Psal.
886 5817 1011 5868 xui,
1057 5802 1108 5870 6,
1155 5804 1208 5857 7.
1314 5805 1357 5837 ³³
1401 5806 1570 5862 Eccli.
1616 5823 1739 5874 xxx,
1787 5808 1876 5873 2-5,
1908 5809 1998 5865 2’5.

2105 5808 2344 5866 3"Eccli.
2389 5823 2590 5864 xxxviii
2645 5809 2732 5864 19.
2804 5809 2848 5842 ³⁸
2899 5807 3035 5864 ibid.

2240 4709 2422 4776 ἁγίου,
2446 4707 2548 4776 τὴν
2571 4705 2742 4776 αὑτὴν
2770 4705 3012 4770 ἔντευξιν
3039 4706 3138 4759 οὑκ
3172 4706 3307 4777 ἔχει.
3342 4704 3520 4758 Καλὸν
3549 4699 3634 4755 οῦν
3657 4705 3774 4753 ἐστιν

2241 4799 2539 4853 ἀποϐαλεῖν
2583 4798 2678 4867 ἀφ’
2713 4798 2921 4851 ἑαυτῶν
2952 4797 3052 4871 τὴν
3103 4797 3280 4868 λύπην
3301 4839 3315 4863 ,
3367 4797 3460 4852 καὶ
3489 4792 3775 4849 ἐνδύσασθαι

2245 4894 2429 4946 πᾶσαν
2455 4891 2772 4961 ἱλαρότητα.
2796 4889 3013 4961 Ταύτης
3037 4885 3130 4943 οὖν
3159 4891 3258 4960 τῆς
3281 4889 3460 4960 λύπης
3486 4889 3626 4960 πάσῃ
3650 4901 3776 4938 σπον-

2243 4983 2307 5054 δῇ
2351 4981 2509 5045 ἐκτὸς
2549 4979 2861 5050 γενώμεθα,
2892 4979 2973 5033 ὅτι
3006 4981 3147 5033 κατὰ
3176 4981 3384 5050 κόσμον
3406 4980 3566 5032 ἐστίν’
3598 4997 3615 5029 ι
3661 4976 3715 5028 Ἦ
3733 4973 3776 5025 δὲ

2245 5075 2388 5130 κατά
2421 5074 2554 5128 Θεὸν
2597 5073 2767 5143 λύπη,
2805 5092 2824 5125 ι
2867 5073 2943 5137 ὡς
2986 5069 3141 5127 εἶπεν
3186 5076 3214 5127 ό
3245 5073 3540 5136 ἀπόστολος
3569 5069 3774 5130 Παῦλος.

2251 5186 2270 5219 ι
2307 5167 2597 5238 μετάνοιαν
2628 5167 2708 5229 εἰς
2737 5167 3014 5238 σωτηρίαν
3041 5165 3454 5242 ἀμεταμέλητον
3487 5160 3775 5235 κατεργάζε-

2247 5272 2355 5311 ται’
2385 5275 2405 5308 ›
2444 5259 2478 5328 ή
2507 5257 2564 5310 δὲ
2591 5256 2686 5310 τοῦ
2718 5257 2927 5328 κόσμου
2965 5257 3114 5328 λύπη
3146 5258 3374 5312 θάνατον
3401 5253 3772 5328 κατεργάζεται.

2249 5351 2362 5405 Καὶ
2395 5352 2422 5404 ὁ
2456 5351 2900 5422 Παροιμιαστής·
2946 5370 2963 5401 ι
3003 5350 3240 5418 Εὑλογία
3278 5350 3479 5421 Κυρίου
3518 5346 3604 5400 ἐπὶ
3635 5357 3775 5410 κεφα-

2251 5441 2348 5514 λὴν
2378 5442 2611 5503 δικαίου,
2650 5439 2814 5512 [αῦτη
2861 5439 3183 5512 πλουτίζει,]
3227 5441 3321 5494 καὶ
3352 5441 3411 5494 οὑ
3447 5439 3518 5510 μὴ
3545 5431 3773 5507 προστεθῇ

2249 5535 2387 5604 αὑτῇ
2415 5533 2561 5603 λύπη
2593 5535 2651 5586 ὲν
2694 5533 2913 5604 καρδία.
2952 5552 2971 5585 ι
3014 5533 3124 5586 Καὶ
3167 5533 3366 5586 π-άλινο
3403 5551 3420 5583 ι
3458 5529 3678 5600 Καρδίαν
3702 5521 3775 5574 εὖ-

2251 5626 2622 5698 φραινομένην
2656 5625 2884 5700 εὐεκτὴν
2921 5627 3098 5678 ποιεῖ’
3127 5625 3318 5694 ἀνδρὸς
3357 5625 3411 5676 δὲ
3449 5617 3666 5692 λυπηροῦ
3695 5615 3771 5682 ξι·

3114 5807 3158 5840 ³⁸
3187 5806 3322 5862 ibid.
3369 5807 3455 5860 2L
