4052 6532
278 287 415 360 155.8

1342 302 1672 373 IIOMILIA
1715 312 1926 378 XXVI.
1959 345 2028 354 —
2064 313 2162 380 DE
2203 318 2500 390 ACEDIA.

3419 336 3553 408 15M

250 405 611 477 ,ραίνεταιτὰ
637 409 788 480 ὀστᾷ.
829 427 846 462 ι
884 411 995 465 Καὶ
1025 414 1052 466 6
1079 413 1314 480 Παῦλοςο
1350 437 1368 470 ι
1403 420 1476 474 Οὑ
1510 422 1618 495 γὰρ
1641 423 1855 497 ὃέλομει

273 498 421 529 .¹...2..
461 500 678 529 lusu--15.
734 501 949 529 Ll-\_-\
1018 523 1082 529 _-
1099 508 1141 529 _\
1182 509 1240 529 ,τ
1265 527 1276 529 -
1312 511 1360 529 ιιι
1383 513 1425 529 ιι
1586 519 1598 529 .
1666 519 1692 529 ι..
1796 520 1824 529 -

1971 429 2205 496 effudit,
2259 436 2541 493 tristitiam
2590 456 2702 497 non
2760 443 2886 509 fert,
2923 462 3102 518 neque
3157 449 3324 506 animi
3376 472 3553 529 angu-

273 498 421 568 ὑμᾶς
457 500 699 569 ἀγνοεῖν,
729 501 974 574 ἀδελφοὶ,
1015 508 1147 578 περὶ
1177 509 1279 580 τῆς
1311 511 1543 583 θλίψεως
1575 519 1734 589 ἡμῶν
1761 520 1865 592 τῆς

273 591 578 664 γενομένης
633 595 766 664 ἡμῖν
819 596 880 651 ἐν
924 599 992 669 τῇ
1058 599 1243 674 ’Δσιᾳῤ
1277 605 1361 659 ὅτι
1393 607 1516 660 κατ’
1551 591 1861 685 ὑπερϐολὴν

273 683 661 757 ἐϐαρύνθημεν
719 689 863 762 ὑπὲρ
929 690 1190 766 δύναμιν,
1252 696 1396 753 ὥστε
1452 683 1863 776 ἐξαπορηθῆναι

273 773 424 846 ἡμᾶς
453 776 549 830 καὶ
599 778 697 832 τοῦ
727 778 851 853 ζῇν.
901 782 1049 838 Ἀλλ’
1077 787 1106 841 6
1155 790 1492 857 παρακαλῶν
1519 773 1646 858 τοὺς
1673 773 1865 852 satiust-

270 869 400 932 νοὺς
447 871 829 942 παρεκάλεσεν
889 877 1036 948 ἡμᾶς
1076 881 1106 934 ὁ
1147 880 1300 948 Θεός.
1342 903 1362 938 ι
1411 888 1521 940 Καὶ
1558 890 1723 962 ἡμεῖς
1768 890 1862 948 οὖν

270 963 371 1016 σὺν
413 961 495 1034 τῷ
538 964 701 1021 Δαυῖδ
750 970 994 1042 εἴπωμεν
1024 986 1040 1003 °
1093 993 1113 1026 ι
1158 977 1416 1049 Ἐλέησόν
1474 961 1609 1052 pta,
1642 983 1816 1056 Κύριε
1842 1028 1856 1053 ,

267 1055 352 1109 ὅτι
412 1054 713 1128 θλίϐομαιο
766 1061 1046 1137 ἐταράχθη
1098 1067 1208 1122 ἀπὸ
1274 1069 1448 1144 θυμοῦ
1493 1075 1522 1128 6
1581 1054 1861 1151 ὀφθαλμός

269 1163 396 1217 μου,
448 1147 533 1202 ὅτι
595 1150 923 1223 ἐκακώθην,
977 1158 1073 1212 καὶ
1119 1159 1499 1238 ἑταπεινὼθην
1563 1167 1670 1233 ἕως
1728 1147 1860 1243 σιρόο

265 1241 406 1313 δραο
433 1243 697 1316 ὼρυόμην
749 1248 857 1301 ἀπὸ
891 1254 1197 1324 στεναγμοῦ
1244 1257 1343 1328 τῆς
1396 1261 1628 1334 καρδίας
1663 1241 1786 1337 μου.
1837 1288 1855 1322 ι

266 1333 380 1389 Καί
427 1352 444 1367 ο
487 1353 508 1388 ι
578 1337 890 1413 Ἐλυπήθην
951 1347 1010 1398 ὲν
1062 1350 1130 1420 τῇ
1197 1333 1484 1426 ἀδολεσχία
1557 1333 1701 1427 pou,
1765 1364 1860 1416 καὶ

265 1429 583 1502 ἐταράχθην
643 1433 754 1486 ἀπὸ
815 1437 1001 1508 φωνῆς
1061 1439 1278 1514 ἐχθροῦ,
1322 1446 1416 1500 καὶ
1463 1448 1572 1502 ἀπὸ
1626 1449 1858 1524 θλίψεως

266 1521 618 1594 ἀμαρτωλοῦ.
650 1544 669 1578 ι
717 1528 894 1595 Ἀλλὰ,
941 1550 961 1585 ι
995 1532 1181 1588 Σῶσόν
1212 1552 1303 1608 με,
1334 1539 1364 1592 6
1392 1539 1544 1609 Θεὸς,
1577 1544 1659 1598 ὅτι
1685 1521 1858 1600 sicel.

266 1614 433 1670 θοσαν
463 1614 634 1709 ὕδατα
664 1618 768 1685 ἕως
793 1620 974 1695 ψυχῆς
1012 1641 1136 1698 μου⁸
1173 1631 1455 1704 ὲνεπάγην
1488 1636 1566 1698 εἰς
1597 1636 1730 1709 ὓλην
1757 1638 1854 1709 βυ-

265 1707 384 1772 θοῦ,
416 1710 513 1763 καὶ
537 1704 638 1765 οὑκ
663 1713 811 1771 ἔστιν
837 1718 1156 1786 ὑπόστασις.
1188 1742 1207 1774 ι
1241 1727 1352 1780 Καί
1375 1743 1389 1759 ⁸
1421 1748 1440 1781 ι
1473 1727 1565 1800 Μὴ
1589 1704 1858 1804 ἀποστρέ-

262 1800 376 1876 ψῃς
414 1803 478 1858 τὸ
510 1807 808 1878 πρόσωπόν
839 1828 934 1866 σου
977 1813 1087 1868 ἀπὸ
1115 1816 1210 1871 τοῦ
1245 1819 1437 1885 παιδός
1477 1839 1596 1876 σου*
1628 1823 1711 1878 ὅτι
1741 1800 1855 1879 θλί-

262 1897 455 1972 ϐομαι,
484 1901 624 1973 ταχὺ
673 1904 982 1963 ἐπάκουσον
1036 1925 1160 1984 μου.
1199 1912 1272 1967 Σὺ
1313 1915 1425 1987 γάρ
1461 1932 1563 1986 μου
1602 1912 1655 1970 εἴ
1689 1933 1858 1972 κατα-

263 1991 414 2064 φυγὴ
445 1994 556 2048 ἀπὸ
585 1993 820 2066 θλίψεως
862 1998 966 2070 τῆς
1015 2001 1382 2074 περιεχούσης
1429 2022 1516 2076 με.
1554 2007 1858 2063 Εἱσελθὲτω

263 2083 496 2140 ἐνώπιόν
541 2103 636 2141 σου
671 2089 704 2161 ἡ
752 2094 1031 2165 προσευχή
1063 2110 1189 2166 μου·
1217 2095 1403 2151 κλίνον
1428 2099 1488 2151 τὸ
1517 2091 1611 2164 οὖς
1649 2117 1742 2154 σου
1776 2103 1856 2165 εἰς

262 2177 363 2249 τὴν
391 2178 579 2250 δέησίν
611 2198 739 2253 μου.
776 2203 794 2236 ι
829 2185 942 2238 Καὶ
989 2187 1077 2240 ὅτε
1121 2187 1352 2260 ἀνέλθῃς
1381 2189 1491 2244 ἀπὸ
1523 2192 1622 2262 τῆς
1652 2193 1854 2266 λύπης,

261 2272 606 2344 εὐχαριστῶν
625 2273 754 2346 λέγε
810 2296 828 2329 ι
853 2278 1066 2350 Κύριος
1090 2280 1150 2348 ἐξ
1178 2281 1409 2354 οὐρανοῦ
1429 2283 1731 2356 ἐπέϐλεψεν
1760 2286 1854 2340 τοῦ

260 2361 498 2418 ἀκοῦσαι
527 2363 620 2418 τοῦ
663 2368 974 2439 στεναγμοῦ
1003 2369 1110 2424 τῶν
1134 2372 1342 2445 πεπεδη
1353 2373 1549 2443 μένων,
1573 2373 1668 2428 τοῦ
1692 2374 1856 2431 λύσαι

259 2457 388 2522 τοὺς
421 2457 570 2523 υἱοὺς
595 2459 705 2514 τῶν
743 2462 1233 2535 τεθανατωμένων.
1276 2486 1294 2519 ι
1345 2467 1454 2520 Καί
1481 2483 1494 2499 ο
1530 2486 1549 2520 ι
1590 2469 1633 2522 Τ
1642 2469 1657 2522 ί
1687 2470 1852 2524 ἀντα-

259 2550 491 2605 ποδώσω
530 2553 610 2624 τῷ
656 2554 855 2627 Κυρίῳ
899 2557 1028 2624 περὶ
1075 2558 1295 2614 πάντων
1340 2550 1416 2615 ὧν
1469 2562 1854 2618 ἀνταπέδωκεν

260 2659 440 2714 μοις»
485 2645 610 2699 Ὀτι
666 2663 684 2698 ι
729 2645 827 2702 Ἐκ
885 2646 1123 2719 θλίψεως
1181 2652 1610 2727 ὲπεκαλεσάμὴν
1670 2655 1852 2723 αὑτὸν,

257 2740 356 2794 καὶ
388 2741 698 2814 ἐπήκουσεν
734 2761 841 2817 μου
888 2745 1352 2821 εἰς-πλατυσμόν.
1392 2769 1410 2804 ι
1446 2751 1557 2806 Καὶ
1591 2752 1619 2806 6
1648 2752 1855 2826 Κύριος

255 2835 374 2898 τοῖς
403 2835 681 2910 μαθηταῖς
709 2839 876 2895 αὑτοῦ
899 2841 1089 2912 ἔλεγεν
1111 2856 1124 2874 δ
1165 2863 1183 2898 ι
1221 2845 1394 2919 Ἀμὴν
1422 2846 1568 2917 λέγω
1597 2849 1747 2920 ὑμῖν,
1771 2848 1854 2903 ὄτι

256 2925 527 2982 κλαύσετε
561 2932 656 2985 καὶ
690 2931 992 3005 θρηνήσετε
1038 2936 1218 3007 ὑμεῖς,
1253 2941 1281 2993 6
1328 2937 1383 2992 δὲ
1441 2938 1643 3010 κόσμος
1683 2942 1853 3013 χαρή-

257 3035 435 3076 σεται.
478 3040 498 3075 ι
537 3023 649 3077 Καὶ
676 3025 1072 3098 παραϐολικῶς
1107 3032 1239 3102 περὶ
1283 3031 1384 3104 τῆς
1421 3032 1738 3103 τικτούσης,
1771 3035 1854 3089 ὅτι

1968 521 2152 577 stiam.
2212 525 2430 598 1033
2476 527 2774 589 Circumda
2827 535 2998 608 igitur
3047 537 3146 594 tibi
3193 521 3551 618 hilaritatem,

1965 629 2090 685 qua:
2120 619 2272 673 omni
2307 628 2553 692 tempore
2599 639 2954 695 promeretur
2993 631 3221 702 gratiam
3261 636 3408 706 apud
3442 638 3553 696 Do-

1967 710 2201 779 minum,
2232 721 2287 768 et
2322 714 2598 773 delectare
2632 719 2688 775 in
2722 736 2808 776 ea.
2853 722 3056 780 Hilaris
3096 726 3245 782 enim
3277 729 3366 784 vir
3408 731 3553 788 bona

1965 803 2189 875 quidem
2224 817 2510 877 operatur,
2540 820 2596 868 et
2625 812 2784 870 nihili
2811 816 2962 872 ducit
2999 819 3314 891 tristitiam;
3344 825 3428 879 vir
3455 841 3555 882 au-

1966 903 2075 950 tem
2128 897 2485 957 turbulentus
2531 918 2598 958 ac
2646 906 2842 973 tristis,
2873 910 3110 982 maligne
3154 915 3266 986 agit
3309 931 3549 989 semper.

1963 990 2033 1045 Et
2053 989 2275 1061 quidem
2295 995 2559 1064 primum,
2580 999 2816 1071 maligne
2840 1001 2973 1075 agit,
3003 1003 3270 1075 Spiritum
3298 1021 3552 1068 sanetum

1965 1084 2301 1152 moestiﬂcat,
2327 1089 2423 1157 qui
2457 1089 2667 1146 homini
2702 1092 2864 1150 datus
2893 1106 2978 1152 est
3007 1098 3217 1156 hilaris.
3251 1101 3369 1158 Huc
3392 1119 3552 1160 accc-

1963 1176 2066 1242 dit,
2099 1179 2231 1248 quia
2277 1190 2481 1251 praeter
2523 1183 2630 1240 hoc
2659 1185 3011 1258 iniquitatem
3045 1191 3093 1248 is
3121 1203 3387 1265 cperatur
3415 1197 3548 1253 dum

1963 1271 2196 1328 Domino
2229 1274 2554 1344 confitetur;
2589 1293 2770 1349 neque
2800 1281 2946 1336 enim
2979 1284 3084 1340 viri
3128 1287 3290 1343 istius
3320 1289 3400 1345 sic
3428 1301 3548 1346 tur-

1963 1363 2178 1419 bulenti
2211 1365 2590 1437 interpellatio
2613 1370 2725 1424 vim
2757 1371 2925 1426 ullam
2953 1374 3168 1432 obtinet
3193 1378 3404 1437 diutius
3425 1399 3550 1454 per-

1961 1456 2195 1513 sistendi
2239 1468 2367 1516 ante
2418 1461 2590 1517 altare
2637 1463 2757 1520 Dei.
2787 1466 3011 1523 Assidet
3045 1472 3193 1525 enim
3225 1471 3546 1544 interpella‘

1963 1547 2100 1604 tioni
2130 1551 2252 1622 ejus
2278 1552 2508 1622 spiritus
2541 1553 2803 1622 tristitiae,
2839 1573 2950 1613 non
2979 1559 3166 1617 sinens
3205 1579 3398 1633 puram
3423 1583 3546 1624 esse

1960 1641 2173 1698 diutius
2221 1645 2344 1715 ejus
2392 1647 2894 1719 interpellationem
2932 1663 3059 1709 ante
3102 1655 3274 1711 altare
3314 1656 3434 1714 Dei.
3474 1661 3546 1718 Ut

1960 1736 2110 1789 enim
2138 1745 2354 1793 acetum
2394 1739 2526 1796 vino
2569 1758 2677 1798 una
2705 1745 2752 1799 si
2778 1744 3175 1817 immisceatur,
3218 1750 3357 1806 nihil
3386 1751 3550 1809 aﬂ‘ert

1955 1826 2189 1898 jucundi
2268 1840 2482 1901 gustus,
2532 1833 2602 1888 ad
2681 1835 2936 1892 eumdem
3001 1841 3258 1909 modum,
3322 1845 3545 1902 tristitia

1959 1919 2168 1976 mistim
2215 1922 2422 1980 inserta
2465 1923 2709 1996 Spiritus
2739 1930 2918 1985 sancti
2963 1931 3269 2003 domicilio,
3298 1937 3545 1995 collocu~

1960 2015 2167 2070 tionem
2188 2015 2369 2071 reddit
2390 2017 2748 2074 inamrenam.
2772 2020 3048 2080 Profuerit
3073 2024 3242 2096 igitur
3263 2028 3546 2087 tristitiam

1956 2103 2231 2174 ejusmodi
2261 2119 2290 2158 a
2326 2119 2385 2160 se
2416 2113 2698 2172 excutere,
2723 2123 2892 2178 seque
2920 2113 3149 2170 aruieire
3182 2117 3351 2174 totius
3382 2119 3546 2177 indue

1957 2204 2150 2252 mento
2174 2196 2491 2254 hilaritatis.
2516 2199 2708 2270 Itaque
2733 2202 2802 2256 ab
2829 2203 2933 2260 hac
2959 2206 3204 2276 tristitia,
3234 2227 3335 2266 nos
3361 2214 3547 2270 studio

1956 2290 2105 2344 omni
2167 2291 2606 2359 constituamus,
2654 2309 2777 2366 quae
2845 2296 3071 2354 tristitia
3143 2309 3230 2357 est
3303 2306 3542 2361 mundi:

1964 2402 1980 2433 ι
2018 2381 2152 2449 Quae
2198 2392 2383 2439 autem
2425 2385 2731 2441 secundum
2770 2387 2944 2444 Deum
2976 2400 3060 2446 est
3095 2393 3343 2462 tristitia,
3389 2399 3546 2470 juxta

1955 2477 2192 2548 apostoli
2241 2479 2397 2533 Pauli
2449 2481 2808 2549 sententiam,
2852 2485 3237 2554 paenitentiam
3282 2498 3546 2561 operatur

1954 2570 2023 2625 ad
2052 2571 2287 2627 salutem
2324 2573 2391 2639 ³⁷,
2438 2592 2456 2624 ι
2491 2589 2595 2630 nec
2625 2590 2756 2631 sane
2802 2578 3178 2647 paenitentiam
3215 2591 3313 2638 aut
3352 2599 3543 2656 asper:

1955 2663 2200 2719 habilem
2226 2705 2241 2730 ,
2280 2666 2507 2721 tristitia
2555 2667 2750 2723 mundi
2782 2685 2813 2725 e
2852 2669 3071 2728 diverso
3100 2684 3366 2744 operatur
3391 2693 3542 2732 mor-

1957 2762 2090 2810 tem.
2145 2755 2533 2813 Parosmiastes
2582 2777 2593 2812 :
2648 2777 2667 2811 ι
2721 2761 3045 2819 Benedictio
3096 2763 3316 2821 Domini
3373 2783 3544 2838 super

1956 2855 2121 2918 caput
2141 2849 2298 2919 justi,
2335 2865 2437 2903 nec
2466 2861 2778 2920 apponetur
2806 2853 2856 2908 ei
2892 2854 3115 2910 tristitia
3149 2859 3205 2911 in
3233 2859 3401 2914 corde
3421 2859 3485 2914 ³⁸.
3514 2881 3533 2913 ι

1959 2937 2217 2995 Rursus:
2276 2959 2293 2990 ι
2339 2939 2448 2995 Cor
2501 2942 2748 3012 gaudens
2797 2952 2852 2998 et
2911 2946 3088 3002 hilare
3137 2949 3340 3005 bonam
3395 2953 3542 3023 parit

1957 3032 2352 3098 valetudinem,
2373 3034 2549 3090 tristis
2568 3045 2754 3091 autem
2781 3036 2886 3093 viri
2911 3041 3261 3098 exsiccantur
3283 3061 3407 3100 ossa
3425 3046 3489 3102 ³³.
3521 3067 3536 3099 ο

253 3111 433 3186 λύπην
466 3115 604 3188 ἔχει.
646 3120 755 3174 Καὶ
787 3121 988 3187 ἐπάγει
1014 3139 1026 3152 ’
1060 3144 1077 3177 ι
1120 3123 1307 3190 υὺτως
1335 3128 1426 3180 καὶ
1445 3127 1603 3200 ὑμεῖς
1634 3129 1733 3199 μὲν
1759 3127 1853 3182 λύ-

1959 3124 2160 3180 Paulus
2203 3123 2335 3180 item
2368 3142 2380 3178 :
2413 3144 2430 3176 ι
2464 3125 2584 3180 Non
2615 3127 2766 3183 enim
2809 3144 2908 3185 vos
2957 3132 3211 3190 volumus
3259 3135 3538 3206 ignorare,

253 3223 370 3279 πην
411 3207 586 3280 ἕξετε,
630 3214 795 3270 πάλιν
845 3215 904 3269 δὲ
942 3217 1148 3290 ὅψομαι
1192 3217 1360 3292 ὑμᾶς,
1407 3220 1500 3274 καὶ
1548 3221 1848 3294 χαρήσεται

253 3298 413 3371 ὑμῶν
446 3301 479 3375 ἡ
517 3305 734 3375 καρδία,
770 3308 867 3362 καὶ
907 3308 1007 3380 τὴν
1057 3311 1234 3383 χαρὰν
1283 3311 1436 3384 ὑμῶν
1473 3313 1650 3376 οὐδεὶς
1703 3313 1847 3384 αἴρει

252 3393 352 3463 ἀφ’
379 3394 556 3466 ὑμῶν.
589 3419 608 3452 ι
634 3399 794 3472 Αὐτῷ
827 3403 861 3473 ἡ
911 3401 1040 3468 δόξα
1090 3403 1168 3475 τῷ
1213 3407 1341 3469 τοὺς
1375 3406 1432 3459 ἐν
1472 3404 1650 3476 θλίψει
1687 3424 1852 3478 χαρο-

253 3487 501 3544 ποιοῦντι
537 3493 618 3557 εἰς
649 3493 779 3559 τοὺς
803 3494 1032 3560 αἰῶνας.
1070 3498 1267 3568 Ἀμήν.

1957 3219 2175 3287 fratres,
2205 3219 2272 3276 de
2307 3220 2665 3279 tribulatione
2709 3237 2896 3282 nostra
2927 3244 3048 3297 quae
3077 3228 3218 3286 facta
3251 3241 3336 3288 est
3380 3233 3542 3290 nobis

1956 3309 2013 3364 in
2049 3311 2209 3376 Asia,
2252 3311 2380 3382 quia
2417 3329 2586 3384 supra
2625 3315 2848 3372 modum
2889 3321 3097 3390 gravati
3132 3338 3325 3380 sumus
3374 3340 3540 3397 supra

1961 3403 2250 3472 virtutem,
2289 3405 2365 3459 ita
2389 3415 2450 3460 ut
2475 3405 2703 3464 taederet
2724 3425 2826 3466 nos
2859 3413 3028 3467 etiam
3048 3415 3314 3482 vivere“,
3333 3416 3428 3474 sed
3445 3419 3543 3488 qui

1959 3499 2284 3555 consolatur
2325 3498 2584 3567 humiles,
2636 3504 2956 3561 consolatus
2983 3517 3071 3563 est
3113 3525 3218 3564 nos
3250 3509 3395 3566 Deus
3421 3513 3486 3566 δ’.
3517 3532 3532 3564 ι

251 3581 395 3640 Cum
443 3583 608 3643 beato
639 3588 810 3661 igitur
839 3592 1012 3648 David
1083 3595 1381 3652 dicendum
1430 3597 1630 3653 nobis:
1707 3617 1725 3650 ι
1760 3596 2023 3653 Miserere
2057 3599 2188 3664 mei,
2231 3597 2485 3666 Domine,
2529 3601 2789 3671 quoniam
2859 3603 3116 3672 tribulor,
3178 3609 3544 3666 conturbatus

250 3690 342 3738 est
373 3681 428 3738 in
454 3683 534 3739 ira
569 3687 767 3742 oculus
806 3704 965 3745 meus
988 3691 1056 3755 δ’,
1087 3691 1352 3762 quoniam
1385 3693 1620 3749 atllictus
1652 3709 1773 3748 sum
1834 3701 1891 3747 et
1926 3693 2252 3748 humiliatus
2289 3709 2411 3749 sum
2482 3696 2667 3763 nimis,
2711 3699 2995 3771 rugiebam
3041 3718 3071 3757 a
3114 3703 3322 3772 gemitu
3359 3706 3546 3763 cordis

255 3778 367 3836 mei
400 3780 467 3836 ⁸³.
514 3800 534 3835 ι
581 3784 651 3840 Et
697 3802 711 3838 :
761 3803 779 3836 ι
840 3784 1220 3843 Contristatus
1280 3804 1402 3842 sum
1459 3788 1515 3843 in
1573 3789 1971 3845 exercitatione
2016 3805 2170 3855 mea,
2220 3799 2276 3844 et
2312 3792 2677 3849 conturbatus
2746 3811 2868 3850 sum
2938 3813 2968 3852 a
3012 3813 3147 3856 voce
3214 3801 3428 3860 inimici
3486 3814 3545 3860 et

251 3895 284 3935 a
328 3875 1049 3954 tribulatione'peccatoris
1131 3886 1196 3940 “.
1235 3905 1253 3938 ι
1322 3886 1430 3942 Sed
1473 3903 1489 3942 :
1527 3907 1544 3940 ι
1582 3887 1805 3943 Salvum
1840 3903 1928 3944 me
1966 3888 2082 3955 fac,
2134 3888 2316 3953 Deus,
2355 3889 2617 3959 quoniam
2669 3892 3019 3950 intraverunt
3063 3912 3220 3968 aquae
3259 3914 3432 3971 usque
3471 3901 3541 3957 ad

251 3975 495 4031 animam
533 3995 742 4035 meam.
787 3980 994 4038 lnﬁxus
1043 3996 1165 4038 sum
1219 3983 1275 4038 in
1316 3982 1450 4040 limo
1481 3983 1766 4055 profundi,
1802 3995 1860 4040 et
1898 4001 2008 4040 non
2063 3993 2150 4041 est
2186 3985 2498 4041 substantia
2523 3986 2588 4041 ⁸⁵.
2626 4005 2645 4039 ι
2713 3989 2781 4043 Et
2819 4007 2832 4042 :
2867 4009 2886 4042 ι
2931 3989 3011 4046 Ne
3081 4003 3298 4048 avertas
3343 3993 3540 4050 faciem

253 4077 408 4124 tuam
463 4087 494 4126 a
549 4088 727 4143 puero
775 4083 893 4142 tuo,
951 4076 1216 4147 quoniam
1275 4075 1534 4142 tribrilor,
1587 4078 1854 4134 velociter
1889 4077 2090 4134 exaudi
2122 4093 2211 4134 me
2272 4078 2337 4133 ⁸⁸.
2380 4077 2461 4134 Tu
2488 4080 2636 4135 enim
2697 4081 2969 4154 refugium
3004 4098 3189 4140 meum
3209 4101 3268 4141 es
3306 4102 3338 4142 a
3367 4089 3542 4144 tribu-

253 4167 465 4222 latione
496 4184 620 4240 quae
662 4169 1032 4228 circumdedit
1057 4189 1146 4229 me
1183 4174 1251 4230 δ’.
1279 4174 1526 4230 introeat
1565 4174 1622 4230 in
1690 4182 1992 4246 conspectu
2035 4182 2130 4230 tuo
2160 4174 2342 4231 oratio
2379 4190 2534 4243 mea,
2586 4177 2790 4234 inclina
2859 4195 3048 4236 aurem
3110 4189 3258 4238 tuam
3304 4184 3371 4239 ad
3409 4203 3540 4257 pre-

249 4277 374 4319 cem
421 4279 602 4322 meam
668 4268 734 4322 ³⁸.
797 4286 816 4321 ι
865 4268 917 4324 ls
987 4267 1229 4326 tristitiae
1273 4269 1406 4342 jugo
1453 4277 1746 4340 exemptus
1799 4284 1924 4324 cum
1959 4278 2137 4336 esset,
2180 4269 2354 4324 multa
2401 4284 2526 4326 cum
2572 4269 2860 4328 alacritate
2904 4273 3122 4332 dicebat
3167 4293 3179 4329 :
3223 4295 3240 4328 ι
3274 4279 3540 4338 Dominus

251 4354 325 4412 de
375 4355 521 4410 emlo
575 4355 634 4412 in
686 4363 892 4412 terram
936 4359 1174 4428 aspexit,
1223 4368 1286 4416 ut
1337 4359 1559 4415 audiret
1613 4359 1852 4432 gemitus
1887 4359 2351 4430 compeditorum,
2385 4369 2448 4417 ut
2501 4362 2741 4420 solveret
2805 4362 2948 4422 filios
2969 4366 3257 4424 hominum
3283 4371 3347 4427 “.
3379 4392 3396 4427 ι
3426 4374 3535 4430 Et:

257 4469 276 4501 ι
312 4447 458 4516 Quid
505 4448 813 4504 retribuam
883 4449 1118 4504 Domino
1183 4463 1285 4521 pro
1329 4450 1590 4506 omnibus
1654 4465 1776 4522 qua:
1821 4450 2084 4507 retribuit
2133 4449 2270 4506 mibi
2321 4453 2404 4507 ὀἳ
2447 4472 2464 4505 ι
2506 4453 2637 4524 quia
2689 4474 2707 4508 ι
2753 4455 2824 4514 de
2875 4457 3234 4518 tribulatione
3285 4464 3536 4522 invocavi

226 4529 405 4604 'eum,
434 4551 490 4596 et
514 4539 804 4596 exaudivit
831 4555 918 4595 me
953 4540 1009 4595 in
1044 4540 1337 4597 latitudine
1361 4544 1429 4595 δ’.
1462 4561 1481 4593 ι
1512 4540 1620 4596 Sed
1647 4550 1703 4598 et
1731 4541 2000 4599 Dominus
2060 4542 2348 4615 discipulis
2377 4545 2494 4602 suis
2535 4546 2757 4604 dicebat
2789 4567 2802 4603 :
2873 4569 2893 4602 ι
2928 4551 3102 4608 Amen
3167 4553 3293 4612 dico
3355 4558 3532 4624 vobis,

249 4635 380 4706 quia
433 4633 727 4705 plorabitis
783 4644 843 4691 et
893 4635 1157 4707 lugebitis
1192 4652 1325 4700 vos,
1376 4636 1619 4692 mundus
1701 4646 1886 4692 autem
1954 4639 2218 4710 gaudebit
2267 4640 2332 4694 ⁵⁸.
2391 4661 2409 4692 ι
2463 4640 2607 4708 Quin
2661 4650 2718 4697 et
2765 4644 3080 4714 parabolice
3138 4646 3206 4702 de
3263 4665 3533 4721 puerpera

248 4725 401 4798 quod
452 4727 738 4783 tristitiam
789 4728 1013 4794 habeat,
1048 4729 1264 4802 1069
1296 4729 1550 4785 inducit:
1597 4749 1615 4782 ι
1664 4729 1755 4786 Sic
1788 4741 1846 4786 et
1885 4748 1984 4787 vos
2014 4749 2164 4788 nunc
2194 4733 2420 4803 quidem
2496 4733 2774 4791 tristitiam
2818 4737 3123 4805 habebitis;
3165 4739 3368 4796 iterum
3431 4758 3532 4796 au—

251 4833 364 4880 tem
399 4823 606 4880 videbo
643 4839 766 4893 vos,
806 4834 864 4882 et
899 4825 1164 4897 gaudebit
1194 4842 1291 4880 cor
1321 4836 1590 4891 vestrum,
1629 4835 1684 4879 et
1713 4827 1973 4896 gaudium
2010 4841 2256 4884 vestrum
2321 4845 2488 4886 nemo
2555 4831 2707 4885 tollet
2776 4849 2806 4886 a
2870 4833 3025 4888 vobis
3053 4833 3114 4886 ⁸³.
3163 4853 3181 4885 ι
3213 4834 3317 4904 Ipsi
3356 4835 3530 4906 gloria

248 4920 310 4977 in
337 4921 561 4978 secula.
585 4922 783 4977 Amen.

833 5060 1054 5115 ΛυῐῸΣ
1106 5062 1247 5128 κςν.

2481 5063 2767 5121 llOMllJA
2801 5063 2986 5123 XXVI.

817 5175 956 5244 Περὶ
990 5175 1263 5242 ἀκηδιάς.

319 5286 505 5351 Δεινὸς
529 5286 626 5341 καὶ
655 5279 813 5350 οὗτος
835 5286 863 5338 6
896 5286 997 5355 τῆς
1032 5287 1262 5357 ἀκηδέας
1292 5286 1525 5360 δαίμων,
1559 5287 1651 5341 καὶ
1681 5279 1835 5352 οὗτος

247 5378 514 5450 συνεργὸς
555 5379 651 5434 καὶ
693 5378 926 5447 σὺζυγος
964 5379 1200 5449 ὑπάρχει
1245 5380 1341 5432 τοῦ
1383 5378 1695 5451 πνεύματος
1736 5380 1839 5450 τῆς

320 5534 364 5568 ’ν
392 5533 438 5591 ll
472 5532 599 5593 Cor.
628 5552 725 5599 vn,
760 5535 846 5588 10.
961 5533 1007 5568 ³⁸
1035 5532 1197 5590 Prov.
1242 5551 1295 5600 χ,
1329 5534 1382 5590 6.

245 5623 377 5670 xxx,
407 5607 494 5664 10.
571 5607 616 5638 ’⁸³
656 5606 800 5661 Psal.
831 5621 1034 5665 xxxvn.
1067 5603 1122 5658 ’5.
1233 5605 1278 5636 ⁸⁸
1310 5605 1450 5661 Psal.
1486 5622 1590 5670 uv,
1622 5607 1676 5673 5,
1709 5609 1762 5661 4.

246 5682 294 5713 ⁸⁸
322 5679 466 5732 Psal.
526 5691 760 5742 tssxvn,
795 5679 845 5731 5.
997 5675 1208 5730 "Psal.
1263 5692 1333 5740 cr,
1385 5677 1476 5742 20,
1527 5677 1614 5730 21.

245 5751 292 5782 ⁵³
322 5747 456 5802 ibid.
499 5749 587 5804 22.

569 5844 844 5904 ΡΑτιιοι..
879 5840 998 5904 GR.
1034 5840 1366 5902 LXXXlX.

1496 5536 1539 5568 ³³
1572 5535 1732 5590 Prov.
1771 5550 1900 5590 xvn.
1939 5535 2027 5590 ‘22.

1943 5575 2027 5590 ..-.
2221 5575 2257 5590 ..
2297 5575 2420 5592 υυ..
2460 5575 2486 5601 ις

1878 5575 1922 5637 ζ’
1958 5607 2097 5662 l’sal.
2134 5623 2314 5673 Lm",
2347 5609 2402 5662 2.
2433 5610 2486 5662 '5.

1730 5680 1774 5709 ³ο
1805 5678 1948 5733 Psal.
2007 5693 2128 5743 cxv,
2178 5677 2264 5732 '19..

2570 5175 2642 5228 De
2670 5177 2708 5230 Α
2718 5177 2827 5231 cedi
2833 5196 2885 5232 α.

2018 5282 2117 5339 llic
2149 5286 2456 5342 etiamnum
2483 5284 2698 5340 dazmon
2726 5289 2914 5344 acedia
2939 5291 3101 5360 plane
3120 5292 3519 5362 intolerandus,

1949 5380 2313 5450 cooperarius
2345 5396 2470 5436 cum
2497 5379 2570 5435 sit
2610 5389 2665 5436 et
2695 5382 2872 5437 nihilo
2921 5384 3110 5455 dispar
3149 5387 3373 5458 spiritui
3427 5389 3521 5444 tri-

2144 5534 2186 5566 ‘°
2218 5536 2257 5590 11
2294 5536 2420 5592 Cor.
2459 5554 2496 5602 ι,
2538 5538 2591 5592 8.
2705 5540 2744 5570 δ’
2786 5541 2825 5596 ll
2853 5539 2980 5597 Cor.
3026 5561 3112 5607 vn,
3145 5544 3197 5599 6.
3303 5544 3347 5578 δ’
3381 5545 3520 5600 Psal.

2601 5610 2646 5641 “
2674 5611 2808 5666 ibid.
2848 5613 2930 5668 18.
3046 5616 3088 5646 ’⁸⁷
3115 5616 3255 5670 Psal.
3289 5630 3434 5680 xxxr,
3472 5619 3523 5670 7.

2378 5680 2421 5711 ⁵¹
2451 5681 2595 5746 Psal,
2662 5699 2822 5748 cxvn,
2865 5685 2913 5739 5.
3021 5687 3066 5717 ⁵⁸⁸
3096 5685 3252 5750 Joan,
3290 5703 3397 5752 xvr,
3435 5687 3522 5742 20.

3113 5850 3182 5911 »18
