4052 6538
593 290 730 357 1515

1864 291 2169 352 ANTIOCI

2272 292 2612 353 MONACHI
3658 307 3765 374 1515

589 408 754 464 stitia
783 423 797 462 :
831 415 915 462 est
942 402 1146 475 alioqui
1182 417 1248 456 ea
1271 414 1369 456 sua
1402 399 1671 469 gravitate
1718 405 2006 459 molestior
2033 445 2048 468 ,
2100 412 2161 460 ut

2272 405 2465 477 λύπης,
2501 406 2598 459 καὶ
2627 406 2833 477 σφόδρα
2864 407 3165 479 βαρύτατος
3192 409 3335 473 ὅστις
3355 412 3472 483 περὶ
3484 414 3614 487 ὥραν
3636 419 3769 493 ἕκτην

590 516 715 555 cum
741 501 889 555 circa
921 499 1113 553 horam
1160 502 1392 558 sextam,
1442 492 1593 547 velut
1623 509 1689 548 ex
1722 495 1944 551 insidiis
1985 498 2164 552 assilit

592 594 885 658 monacho,
917 591 1198 647 taediosam
1233 603 1296 643 ac
1335 587 1744 643 formidabilem
1796 591 2048 659 agoniam
2082 590 2162 644 illi

592 686 892 749 incutiens,
928 697 1105 753 usque
1131 681 1268 736 adeo
1312 689 1371 735 ut
1398 682 1483 735 vel
1520 682 1701 734 locum
1738 681 1941 747 oderit,
1974 683 2164 737 verius

592 785 776 832 autem
830 777 1035 830 fratres
1075 773 1284 827 invisos
1359 773 1594 827 habeat.
1637 773 1970 841 quibuscum
2024 775 2163 829 vivit

592 869 989 926 communiter.
1024 867 1168 933 Quid
1194 867 1215 919 ?
1242 866 1309 921 ad
1341 882 1481 937 Opus
1508 866 1815 935 quodlibet,
1859 866 1926 921 ad
1962 866 2165 921 divina:

596 964 901 1031 Scriptura:
931 960 1231 1015 lectionem
1261 1001 1274 1023 ,
1318 960 1507 1014 nescio
1530 974 1695 1028 quam
1734 958 1813 1013 illi
1845 959 2046 1029 ingerit
2077 959 2163 1013 in-

590 1070 815 1112 suavem
842 1053 1153 1109 ethiulcam
1175 1051 1585 1107 oscitationem.
1622 1050 1718 1105 llis
1741 1051 2162 1116 adde,esuriem

589 1148 857 1220 suggerit,
889 1156 1136 1216 tempore
1158 1145 1461 1215 prolixiore
1485 1143 1894 1198 sustinendam.
1926 1142 2009 1197 Ad
2035 1158 2163 1197 eum

590 1241 816 1296 modum
848 1238 1085 1308 supinus
1121 1237 1215 1291 ille
1247 1252 1309 1290 ac
1337 1250 1590 1300 securus,
1630 1236 1761 1289 boni
1817 1235 2005 1304 operis
2044 1250 2165 1289 sco-

590 1350 719 1405 pum
755 1332 983 1387 unicum
1015 1338 1248 1400 spectat,
1300 1343 1499 1397 nempe
1528 1328 1718 1383 horam
1752 1326 2032 1381 sumendae
2065 1324 2167 1380 ali-

592 1423 1049 1482 moniannterim
1086 1431 1269 1476 tamen
1301 1430 1521 1491 sumpto
1562 1420 1617 1474 in
1637 1436 1831 1473 manus
1860 1419 2007 1473 libro
2033 1418 2165 1488 legit

591 1516 872 1581 nonnihil,
899 1530 1065 1585 quem
1093 1522 1149 1568 et
1174 1513 1374 1567 ordine
1401 1528 1501 1568 suo
1528 1513 1672 1565 locat
1698 1530 1710 1564 :
1736 1527 1863 1566 mox
1876 1511 2163 1566 oculorum

589 1610 766 1665 aciem
802 1606 1094 1662 intendere
1141 1605 1382 1674 incipit,
1433 1606 1601 1674 inque
1642 1604 1911 1659 fenestras
1938 1602 2166 1674 propius

589 1702 799 1773 deﬁgit.
817 1698 1089 1767 Quiddam
1113 1714 1309 1753 rursus
1324 1698 1457 1769 legit
1474 1715 1489 1764 ;
1508 1697 1709 1752 deinde
1726 1713 1855 1751 suos
1868 1696 2166 1752 admetitur

585 1801 647 1848 et
679 1762 971 1847 enumerat
998 1788 1427 1858 quaterniones;
1464 1787 1670 1857 plicato
1719 1803 1848 1841 mox
1881 1786 2028 1841 libro
2064 1787 2165 1841 ob-
2197 1762 2241 1816 Β

589 1880 911 1946 dormiscit;
935 1878 1113 1934 sonmi
1145 1878 1493 1948 aliquantum
1522 1879 1617 1933 ubi
1641 1878 1941 1949 decerpsit,
1975 1896 2168 1934 rursus

2264 498 2535 568 ἐμπίπτει
2567 497 2646 569 τῷ
2683 498 2925 570 μοναχῷ,
2972 499 3216 568 ἀγωνίαν
3245 501 3389 572 αύτῷ
3434 506 3676 574 ἐμποιῶν,
3699 519 3775 571 καὶ

2265 588 2521 658 ἀπεχθῶς
2560 588 2704 659 ἔχειν
2744 592 2881 662 πρὸς
2910 591 3004 644 τὸν
3031 592 3218 655 τόπον,
3263 594 3452 663 μᾶλλον
3479 597 3530 650 δὲ
3569 605 3779 676 καὶπρὸς

2267 680 2394 743 τοὺς
2423 680 2904 751 συνδιατρίϐοντας
2932 682 3219 750 ἀδελφοὺς,
3245 685 3336 736 καὶ
3363 686 3490 755 πρὸς
3517 691 3611 742 πᾶν
3630 691 3780 763 ἔργον,

2268 774 2520 844 καὶπρὸς
2548 774 2647 844 τὴν
2681 774 2831 828 θείαν
2861 776 3109 847 Γραφὴν,
3144 776 3336 848 ἀηδίαν
3363 779 3453 832 καί
3485 781 3676 853 χάσμην
3696 802 3785 840 πυ-

2274 865 2546 934 κνοτάτην
2576 867 2813 936 ἐμποιεῖ.
2846 867 2990 937 Πρὸς
3033 866 3264 933 τούτοις,
3295 870 3386 922 καὶ
3424 873 3595 925 πεῖναν
3617 874 3788 948 πολλὴν

2273 956 2531 1028 παρέχεισ
2566 957 2662 1010 καὶ
2694 954 2798 1012 ὦδε
2829 959 3052 1013 κάκεῖσε
3092 961 3451 1031 στρεφόμενον
3477 964 3790 1033 καραδοκοῦν.

2267 1065 2336 1100 τα
2361 1046 2461 1118 τὴν
2484 1047 2636 1118 ὤραν
2663 1048 2763 1119 τῆς
2796 1050 3116 1114 ἑστιάσεως.
3149 1052 3259 1104 Kal
3280 1050 3451 1106 λαϐὼν
3480 1053 3660 1123 βιϐλίον
3680 1060 3791 1113 ἀνα-

2266 1138 2526 1207 γινώσκει
2561 1142 2758 1212 μικρόν
2788 1158 2801 1172 ·
2837 1142 2937 1195 καὶ
2984 1142 3147 1197 πάλιν
3190 1143 3399 1215 τίθησιν
3429 1145 3572 1210 αὐτὸ,
3599 1149 3684 1203 καὶ
3706 1149 3791 1221 άρ-

2268 1248 2423 1302 χεται
2451 1231 2665 1303 τρίϐειν
2706 1233 2807 1303 τὴν
2839 1233 2985 1304 ἥψιν,
3027 1235 3124 1289 καὶ
3166 1237 3289 1298 ταῖς
3318 1234 3516 1304 θυρίσιν
3543 1239 3790 1304 ἀτενίζεινο

2270 1328 2363 1377 καὶ
2393 1321 2549 1389 αὖθις
2573 1324 2755 1395 ὀλίγον
2775 1327 3193 1396 ἀναγινώσκειν,
3223 1322 3337 1380 εἶτα
3372 1331 3579 1399 μετρεῖν
3607 1332 3693 1397 τὰς
3720 1352 3795 1389 τε-

2267 1412 2493 1483 τράδας,
2523 1415 2617 1467 καὶ
2643 1414 2743 1479 τὰς
2773 1416 2949 1486 ἀρχάς
2975 1416 3256 1488 ἐπιζητεῖν
3280 1417 3388 1470 τῶν
3412 1418 3695 1486 κεφαλαίων
3714 1425 3795 1495 τῆς

2271 1506 2479 1576 βίϐλου.
2505 1507 2671 1572 Τέλος
2693 1508 2900 1574 πτύξας
2932 1509 2994 1563 τὸ
3026 1508 3230 1581 βιϐλίον
3254 1513 3525 1582 κοιμᾶται’
3556 1515 3729 1586 μικροῦ
3750 1517 3795 1571 δὲ

2272 1598 2442 1655 ὕπνου
2467 1600 2836 1665 διαλαϐόντος,
2874 1602 3038 1657 πάλιν
3064 1604 3365 1657 ἀνίσταται·
3394 1603 3560 1658 ταῦτα
3587 1605 3639 1659 δέ
3662 1611 3794 1673 ποιεῖ,

2277 1693 2601 1763 βουλόμενος
2649 1693 2965 1748 ἀναλίσκειν
3006 1694 3106 1758 τάς
3147 1693 3328 1765 ὥρας’
3373 1694 3500 1749 πότε
3540 1696 3591 1751 δὲ
3625 1699 3798 1773 ἀκούσῃ

2271 1785 2364 1839 τοῦ
2399 1786 2749 1857 σημαντῆρος
2790 1786 2883 1839 τοῦ
2936 1786 3185 1859 ἀρίστου,
3232 1787 3470 1853 ἀκούσας
3496 1789 3549 1843 δὲ
3576 1790 3797 1862 εύπρόθνς

2276 1893 2375 1946 μος
2408 1876 2639 1944 γίνεται,
2668 1876 2985 1948 εὑρίσκεται
3031 1877 3090 1930 δέ
3134 1878 3228 1933 καὶ
3269 1880 3351 1942 είς
3392 1880 3651 1935 διακονίαν
3678 1881 3796 1947 ὀξὺς,

589 1974 830 2044 assurgit
858 1977 1247 2041 experrectus.
1277 1969 1403 2024 Haec
1433 1986 1501 2025 eo
1532 1968 1664 2026 facit
1685 1971 1927 2027 uthoras
1955 1972 2171 2027 deterat

589 2082 654 2123 ac
694 2064 960 2135 temporis
1006 2064 1161 2119 fallat
1214 2063 1695 2133 prolixitudinem.
1751 2064 1919 2135 Atqui
1980 2064 2170 2119 audito

578 2158 827 2229 primum
865 2156 1134 2226 signifero
1167 2164 1223 2209 et
1250 2156 1432 2210 indice
1470 2155 1712 2225 prandii,
1757 2172 1920 2226 quam
1964 2158 2169 2222 alacer,

589 2267 753 2323 quam
780 2257 1146 2319 expromptus
1180 2264 1247 2303 eo
1283 2250 1535 2318 provolat
1568 2251 1580 2303 l
1620 2250 1908 2304 Invenitur
1937 2250 2171 2320 proinde

588 2356 644 2402 et
675 2348 723 2400 is
754 2344 823 2399 ad
851 2342 1281 2398 ministrandum
1309 2342 1457 2396 haud
1487 2343 1694 2413 segnis,
1726 2350 1881 2397 certo
1910 2343 2014 2398 sibi
2044 2358 2170 2412 pro-

589 2439 832 2501 mittens,
847 2433 1115 2506 ejusmodi
1133 2433 1464 2489 munusloco
1481 2433 1722 2487 mandati
1739 2433 2067 2504 imputatum
2082 2434 2171 2490 iri.

589 2526 836 2585 Subinde
855 2525 946 2580 tali
965 2525 1210 2597 suggerit
1225 2524 1437 2579 daemon
1461 2524 1549 2579 hic
1563 2525 1766 2581 acediaa
1778 2525 2170 2597 cogitationum

591 2617 973 2689 intemperiem
991 2636 1003 2670 :
1023 2630 1221 2685 nempe
1246 2616 1354 2671 alio
1373 2626 1435 2671 ut
1456 2617 1711 2687 emigret,
1736 2626 1792 2672 et
1808 2618 1933 2687 quia
1957 2627 2174 2689 tempus

590 2724 755 2766 omne
786 2718 843 2763 et
882 2708 1041 2762 labor
1078 2707 1260 2761 omnis
1289 2722 1464 2761 vacua
1492 2708 1597 2762 sibi
1623 2717 1789 2762 erunt
1812 2708 1987 2779 frugis
2013 2708 2173 2765 bona:

574 2810 647 2857 et
681 2800 889 2864 inania,
919 2798 975 2852 ni
1010 2813 1068 2852 se
1096 2797 1163 2850 ad
1202 2798 1310 2851 alia
1371 2798 1629 2854 conferat
1680 2799 1821 2853 loca.
1866 2798 2171 2855 Consilium

591 2908 785 2949 rursus
800 2900 965 2946 novat
984 2891 1188 2945 misero
1213 2891 1332 2954 isti,
1358 2892 1488 2960 quia
1514 2891 1622 2945 alio
1638 2892 1790 2946 nullo
1803 2902 1964 2962 pacto
1990 2903 2169 2965 potest

2275 2885 2369 2937 καὶ
2399 2886 2561 2940 πάλιν
2610 2887 2718 2941 ὑπὸ
2745 2888 2952 2961 ἀνέμου
2982 2890 3287 2947 ἐλαύνεται.
3328 2893 3439 2949 Kal
3467 2893 3643 2967 ὥσπερ
3673 2896 3802 2966 φυτὸν

591 2984 771 3042 morbi
810 2984 890 3039 sic
921 2983 1222 3054 perniciosi
1253 2983 1482 3055 defungi
1513 2982 1864 3054 intemperie,
1900 2986 2008 3040 nisi
2035 3001 2169 3042 con-

2278 2976 2423 3046 μέγα
2459 2979 2886 3051 ἀφαιρούμενον,
2918 2982 3060 3037 οὕτω
3086 2984 3181 3039 καὶ
3204 2985 3442 3057 μοναχὺς
3468 2988 3713 3058 τορευτὴς
3727 2987 3802 3041 οὐκ

595 3080 842 3135 tinenter
865 3084 1134 3147 evagetur
1168 3084 1224 3130 et
1260 3084 1555 3142 commeet,
1619 3091 1790 3146 seque
1823 3078 2054 3148 recipiat
2102 3079 2169 3133 ad

2274 3070 2413 3125 οῖσει
2468 3072 2684 3139 καρπὸν
2731 3074 2957 3144 ἀρετῆςο
2996 3076 3091 3131 καὶ
3137 3076 3333 3151 ὥσπερ
3378 3079 3572 3151 νεφέλη
3621 3077 3804 3150 ἄνυδρος

595 3171 813 3236 fratres,
850 3170 1011 3240 quasi
1054 3184 1187 3222 vero
1224 3165 1316 3221 fiat
1342 3168 1395 3222 id
1437 3168 1508 3223 ob
1560 3168 1836 3238 publicam
1874 3169 2168 3225 utilitatem

2278 3160 2385 3214 ὑπὸ
2425 3161 2628 3232 ἀνέμου
2656 3163 2934 3230 διώκεται,
2964 3166 3107 3221 οὕτω
3157 3170 3396 3239 μοναχὺς
3438 3170 3511 3242 μὴ
3549 3172 3673 3241 ἔχων
3699 3171 3801 3223 ὐπο-

580 3262 1021 3334 τρτοσιιιίιιιόοῐη,
1056 3268 1152 3315 aut
1182 3270 1334 3315 certe
1364 3258 1620 3316 infirmos
1664 3270 1724 3314 ut
1762 3262 2073 3317 intervisat.
2125 3263 2169 3318 Is

2279 3254 2450 3324 μονήν
2486 3254 2593 3307 ὑπὸ
2622 3256 2932 3326 πνεύματος
2961 3259 3211 3331 ἀκηδίας.
3245 3261 3362 3316 Καὶ
3390 3262 3517 3317 ὃταν
3556 3263 3609 3316 δέ
3642 3264 3723 3316 καὶ
3746 3262 3805 3335 μὴ

595 3356 812 3412 tandem
839 3354 977 3409 nihil
999 3352 1288 3407 dissimilis
1312 3353 1657 3423 comperitur
1682 3353 1927 3423 virgulto
1942 3354 2169 3421 deserti,

2274 3345 2475 3416 δυνηθῇ
2506 3346 2737 3400 ἐκϐάλαι
2763 3348 2926 3402 αὐτὸν
2950 3350 3013 3404 ἐκ
3046 3351 3145 3423 τῆς
3178 3352 3404 3423 κέλλης,
3436 3354 3651 3425 ἄρχεται
3677 3354 3805 3409 αὑτὸν

592 3449 740 3519 quod
773 3448 863 3502 ubi
888 3445 1239 3515 aliquantum
1265 3444 1649 3514 interquievit,
1686 3462 1879 3502 rursus
1905 3446 2016 3502 huc
2044 3447 2169 3503 illuc

2275 3439 2333 3490 ἐν
2349 3438 2488 3510 αὐτῇ
2514 3442 2791 3512 περισπᾷν
2813 3443 2870 3495 ἐν
2883 3445 2948 3514 τῇ
2967 3442 3085 3516 ὥρᾳ
3110 3448 3211 3516 τῆς
3234 3447 3803 3518 συνάξεωςοτοῦτο,φη-

592 3539 931 3611 aSpiralione
951 3546 1241 3592 ventorum
1268 3537 1742 3606 perpellitur.Aut
1772 3548 1947 3603 certe,
1976 3556 2169 3609 quem-

2276 3528 2382 3593 σὶν,
2413 3529 2802 3600 ἀνεπιτηδείως
2823 3536 3000 3588 κεῖται
3015 3535 3093 3605 τῷ
3110 3536 3254 3608 ἄλλῳ
3270 3556 3282 3568 ·
3314 3539 3376 3591 οὺ
3398 3539 3551 3611 χρεία
3569 3534 3661 3608 ᾦδε
3677 3534 3803 3603 εἶναι,

591 3631 886 3686 admodum
940 3631 1124 3700 planta
1143 3627 1414 3698 quazpiam
1438 3628 1726 3698 procerior
1773 3640 1831 3685 et
1852 3632 2169 3688 exolescens

2273 3621 2420 3685 ὅπως
2450 3622 2542 3675 τὸν
2573 3624 2697 3676 νοῦν
2726 3625 2894 3679 αὑτοῦ
2924 3628 3093 3697 ἀργὸν
3121 3630 3217 3682 καὶ
3246 3630 3506 3703 ἄκαρπον
3537 3635 3807 3705 καταστήσῃ

590 3721 817 3793 genitali
851 3721 974 3775 loco
1014 3730 1220 3785 emota,
1261 3729 1318 3775 et
1365 3721 1673 3776 monachus
1725 3738 2051 3794 gyrovagus,
2102 3740 2169 3780 ne

2272 3717 2338 3769 ὲκ
2363 3719 2461 3787 τῆς
2496 3717 2806 3785 δοξολογίας
2848 3718 2943 3771 τοῦ
2974 3720 3131 3775 Θεοῦ.
3173 3722 3363 3776 Ταῦτα
3395 3724 3453 3777 δὲ
3484 3726 3649 3780 πάντα
3674 3726 3703 3796 ἡ
3730 3727 3805 3795 ἁρ-

578 3814 760 3871 'unius
787 3813 1012 3884 quidem
1037 3812 1261 3868 virtutis
1292 3812 1507 3882 frugem
1536 3812 1765 3868 referet.
1807 3812 2169 3880 Quemadmo-

2272 3807 2369 3875 γία
2391 3808 2486 3860 καὶ
2517 3810 2549 3879 ή
2578 3808 2820 3880 ῥᾳθυμία
2848 3811 3267 3881 κατεργάζεται.
3287 3813 3429 3868 Οὐδὲ
3456 3814 3562 3887 γάρ
3582 3814 3807 3885 στοιχὴσει

584 3894 725 3960 ’dum
752 3905 886 3960 item
916 3904 1098 3960 nubes
1157 3905 1316 3959 nullo
1366 3921 1524 3974 aqum
1576 3905 1808 3961 humore
1860 3914 2122 3962 concreta
2155 3948 2169 3974 ,

2272 3898 2609 3971 ἀκηδιαστὴς
2659 3901 2893 3971 μοναχὸς
2939 3902 3087 3972 ἔργῳ
3129 3904 3209 3956 ἐνί
3254 3922 3417 3959 ποτε.
3455 3904 3610 3958 Ἀλλά
3636 3905 3718 3959 καὶ
3748 3904 3807 3965 είς

582 3998 746 4055 venti
785 3996 1091 4068 agitatione
1120 3997 1469 4066 percellitur,
1514 3998 1587 4051 ita
1637 3999 1944 4054 monachus
1973 3999 2169 4070 spiritu

2273 3992 2582 4063 προσευχὴν
2623 3993 2874 4065 ὀκνηρὸς,
2906 3996 2986 4059 είς
3025 3994 3083 4047 δὲ
3124 3997 3459 4067 ἀργολογίαν
3487 3996 3804 4069 εὐπρόθυμος.

592 4090 832 4160 agitatus
872 4088 1080 4143 acedize
1107 4128 1120 4152 ,
1168 4088 1381 4141 nullam
1429 4088 1597 4142 habet
1622 4088 1858 4144 solidam
1895 4090 2169 4160 requiem.

2286 4084 2343 4136 '0
2392 4084 2563 4137 θέλων
2608 4082 2701 4139 οὖν
2748 4087 3130 4159 περιγενέσθαι
3178 4088 3273 4143 τοῦ
3340 4090 3591 4161 δαίμονος
3634 4089 3803 4146 τούτου.

592 4180 650 4237 Si
678 4179 901 4249 quando
931 4180 1147 4233 daemon
1212 4179 1305 4234 hic
1357 4195 1423 4233 ex
1453 4180 1603 4233 adito
1637 4179 1788 4233 cella:
1844 4179 1999 4234 illum
2060 4196 2169 4237 non

2272 4173 2421 4239 τάξει
2455 4176 2633 4247 ἑαυτῷ
2677 4177 2877 4249 μέτρον
2933 4180 2992 4233 ἐν
3026 4180 3189 4234 παντὶ
3227 4180 3404 4253 ἔργῳ.
3449 4183 3557 4237 Kal
3592 4180 3662 4253 μὴ
3700 4180 3805 4249 πρὸ·

591 4273 840 4345 quiverit
875 4271 1202 4337 extrudere,
1233 4280 1365 4326 tunc
1396 4271 1531 4325 hora
1561 4271 1797 4326 maxime
1829 4273 2169 4328 communio-

2272 4286 2325 4321 τε
2339 4285 2428 4339 ρον
2469 4271 2679 4341 ἀποστῇ
2712 4273 2843 4342 πρὶν
2866 4271 3085 4327 τελέσαι
3110 4273 3292 4329 τοῦτο.
3326 4277 3437 4329 Kal
3463 4274 3805 4347 προσευχέσθω

593 4366 681 4420 nis
716 4365 893 4435 ipsum
924 4363 1201 4429 adoritur,
1244 4373 1305 4417 ut
1328 4363 1451 4434 ejus
1484 4370 1725 4416 mentem
1759 4362 1992 4433 dissipet
2023 4371 2080 4418 et
2112 4363 2169 4418 in

2272 4364 2512 4431 συνεχῶς
2546 4365 2641 4416 καὶ
2675 4365 2976 4435 συντόμως,
3017 4368 3110 4420 xal
3140 4367 3199 4421 τὸ
3230 4368 3457 4440 πνεῦμα
3494 4369 3591 4439 τῆς
3617 4367 3805 4438 ante;

591 4456 811 4511 diversa
842 4456 1102 4525 abripiat.
1168 4454 1384 4525 1070
1431 4452 1629 4508 Secum
1670 4454 1896 4509 interim
1935 4455 2167 4511 admur-

2274 4453 2532 4524 φεύξεται
2562 4455 2657 4508 ἀπ’
2692 4456 2880 4512 αὐτοῦ.
2914 4458 2987 4510 Τὸ
3023 4460 3132 4530 γὰρ
3176 4460 3351 4526 πάθος
3385 4461 3543 4515 τοῦτο
3568 4459 3649 4514 διά
3676 4474 3806 4531 προσ-

590 4558 794 4613 murat,
829 4549 935 4603 hoc
958 4546 1307 4602 incommode
1337 4561 1441 4599 nec
1471 4561 1573 4600 suo
1600 4546 1721 4601 loco
1753 4546 1997 4617 positum
2033 4556 2119 4604 est
2147 4566 2161 4616 ;

2273 4548 2437 4618 ευχῆς
2466 4548 2856 4620 ἀνατρέπεται,
2889 4551 2982 4603 καὶ
3014 4551 3229 4622 ἀποχῆς
3259 4553 3606 4626 ἀργολογίας,
3626 4554 3707 4607 καὶ
3731 4548 3803 4603 τοῦ

591 4642 727 4695 illud
753 4642 885 4696 item
914 4650 1081 4710 atque
1108 4638 1282 4705 aliud,
1308 4638 1449 4693 nihil
1472 4646 1556 4693 est
1586 4654 1813 4695 necesse
1838 4650 1897 4694 ut
1924 4640 2016 4697 hic
2047 4641 2115 4696 sit
2141 4658 2155 4694 :

2272 4639 2417 4693 κατά
2465 4639 2696 4710 δύναμιν
2744 4641 3083 4713 ἐργοχείρου,
3118 4644 3210 4699 καὶ
3246 4646 3481 4715 μελέτης
3529 4646 3636 4699 τῶν
3680 4641 3805 4696 θείων

589 4733 1132 4805 ιιυιηίιυειιιιίεετυιη
1174 4741 1422 4787 avocata
1459 4729 1723 4786 laudibus
1770 4730 2012 4797 divinis,
2056 4749 2167 4802 quo

2272 4733 2467 4801 λογίων
2502 4733 2593 4787 καὶ
2622 4734 2723 4804 τῆς
2752 4736 2811 4787 ἐν
2838 4738 2947 4797 τοῖς
2978 4741 3307 4808 πειρασμοῖς
3335 4739 3632 4810 ὑπομονῆς.

590 4836 753 4898 pacto
774 4830 894 4899 ejus
912 4835 1153 4881 mentem
1174 4825 1599 4881 redditvacuam
1624 4826 1782 4879 bonte
1839 4826 2205 4895 operationis,
2248 4827 2394 4881 etab
2430 4828 2581 4882 omni
2619 4828 2774 4899 fruge
2805 4830 3041 4884 alienam
3065 4832 3088 4885 ?
3130 4830 3347 4890 Cuncta
3373 4834 3493 4891 haec
3520 4835 3649 4906 quid
3686 4830 3800 4888 aliud

591 4928 877 4991 operatur,
923 4934 1090 4988 quam
1139 4918 1293 4971 iners
1348 4917 1521 4971 otium
1574 4934 1638 4971 ac
1691 4916 1943 4970 socordia
1996 4916 2167 4971 animi
2206 4916 2608 4972 lentescentis?
2663 4917 2964 4973 Monachus
2992 4922 3139 4974 enim
3197 4924 3403 4980 acedia:
3430 4924 3626 4996 spiritu
3666 4924 3803 4996 agita-

594 5026 681 5068 tus
717 5011 911 5067 ordine
972 5009 1248 5065 concinne
1281 5009 1494 5063 nullum
1533 5024 1774 5078 unquam
1817 5023 1959 5077 opus
2018 5008 2299 5063 clauserit.
2327 5007 2409 5063 Ad
2444 5011 2751 5066 orationem
2798 5020 2943 5066 totus
3013 5028 3138 5067 cum
3192 5013 3467 5082 desideat,
3517 5032 3671 5087 quam
3703 5031 3802 5086 pro-

592 5104 797 5175 pendet
830 5104 898 5159 ad
924 5105 1144 5159 otium!
1200 5102 1344 5158 Sane
1382 5103 1687 5158 daemonem
1739 5103 1890 5157 bunc
1937 5103 2189 5174 quisquis
2233 5104 2435 5175 insigni
2470 5106 2751 5177 triumpho
2804 5124 2834 5161 a
2880 5124 2936 5163 se
2972 5108 3228 5180 ablegare
3263 5112 3404 5177 vult,
3449 5114 3504 5168 in
3554 5112 3692 5168 omni
3726 5124 3803 5166 suo

591 5211 759 5267 opere
789 5196 1011 5250 modum
1038 5196 1143 5250 sibi
1185 5197 1503 5266 praescribat
1528 5197 1723 5252 ordine
1762 5207 1935 5261 certo,
1965 5213 2069 5252 nec
2097 5199 2251 5269 prius
2274 5198 2545 5255 desciscat
2575 5217 2607 5257 a
2627 5210 2809 5271 empto
2860 5218 3025 5272 opere
3077 5220 3241 5274 quam
3270 5208 3439 5263 ﬁnem
3486 5204 3801 5278 imposuerit;

590 5291 948 5348 continenter
994 5290 1229 5363 proinde
1269 5302 1430 5356 oret,
1491 5308 1555 5346 ac
1581 5309 1771 5363 magna
1813 5292 1982 5347 animi
2012 5293 2390 5359 contentione,
2421 5305 2588 5365 atque
2625 5296 2699 5351 ita
2734 5297 2955 5353 demum
2982 5299 3050 5354 ab
3088 5315 3157 5355 eo
3183 5315 3243 5355 se
3291 5316 3461 5372 quam
3526 5295 3801 5369 longissime

584 5382 944 5439 submovebit
980 5383 1209 5455 spiritus
1253 5383 1344 5437 hic
1386 5385 1608 5439 acedite.
1640 5386 1833 5441 lsthaec
1863 5386 2012 5440 enim
2040 5386 2359 5442 turbulenta
2390 5388 2613 5444 atlectio
2639 5389 3203 5448 subvertiturattente
3219 5392 3263 5447 si
3296 5408 3445 5456 ores.
3485 5394 3531 5448 si
3566 5402 3615 5448 te
3641 5404 3802 5446 avocas

590 5475 661 5529 ab
688 5473 865 5531 otioso
916 5491 1190 5547 sermone,
1227 5475 1270 5530 si
1304 5484 1572 5545 quantum
1607 5477 1796 5533 sinunt
1858 5479 2026 5544 vires,
2077 5479 2172 5533 uni
2226 5480 2466 5552 cuipiam
2526 5482 2682 5552 Operi
2722 5482 3048 5540 admoliaris
3101 5500 3347 5551 manum,
3397 5485 3444 5541 si
3482 5483 3672 5540 divinis
3704 5482 3799 5536 elo.

588 5570 743 5642 quiis
766 5570 1153 5626 accommodes
1208 5579 1445 5625 mentem
1472 5611 1485 5637 ,
1529 5572 1574 5626 si
1620 5572 1860 5643 denique
1898 5574 2034 5628 nihil
2065 5590 2207 5646 tegrc
2233 5574 2380 5630 feras
2417 5577 2785 5631 tentationum
2812 5579 3072 5633 assultus.

648 5663 762 5717 Nos
799 5663 947 5718 enim
975 5663 1031 5716 ni
1072 5661 1409 5732 compererit
1445 5666 1817 5720 communitos
1845 5665 2157 5721 istiusmodi

2350 5667 2479 5722 Ἐὰν
2505 5668 2612 5739 γάρ
2646 5669 2720 5739 μὴ
2747 5672 2860 5733 τοῖς
2893 5670 3075 5734 ὅπλοις
3114 5669 3325 5735 τούτοις
3365 5662 3797 5737 κατασφαλιζομέ-

588 5753 781 5819 anuis,
823 5753 941 5809 suis
979 5752 1182 5825 jaculis
1226 5751 1445 5807 saucios
1505 5755 1829 5811 vacillantes
1879 5758 2071 5813 reddet
2112 5768 2166 5813 et

2277 5778 2399 5825 νους
2448 5762 2593 5832 ἡμᾶς
2617 5760 2780 5835 εὕρῃ,
2818 5762 3219 5829 κατατοξεύσας
3246 5765 3359 5827 τοῖς
3400 5760 3589 5817 ἑαυτοῦ
3618 5757 3792 5832 βέλεσιν

2271 1968 2366 2020 καὶ
2393 1968 2614 2037 ἐντολὴν
2644 1969 2915 2038 λογίζεται
2941 1968 3041 2040 τὴν
3072 1970 3267 2025 ἐαυτοῦ
3304 1972 3675 2045 πληροφορίαν.
3700 1978 3799 2029 Λοι-

2272 2061 2372 2113 πὸν
2411 2059 2468 2112 δέ
2494 2054 2649 2124 οὗτος
2682 2062 2711 2114 ό
2734 2061 2831 2132 τῆς
2866 2062 3099 2133 ἀκηδίας
3140 2064 3351 2136 δαίμων
3381 2066 3655 2121 ὑποϐάλλει
3679 2070 3799 2140 αὐτῷ

2272 2154 2366 2205 καὶ
2393 2152 2694 2223 λογισμοὺς
2725 2154 2866 2222 μετά
2898 2154 3241 2220 ὑποϐάσεως,
3278 2158 3374 2210 καὶ
3399 2158 3473 2218 ὡς
3500 2161 3546 2211 εί
3573 2160 3641 2230 μὴ
3666 2179 3799 2232 μετα-

2275 2246 2450 2315 στήσῃ
2498 2244 2694 2299 ὲαυτδν
2730 2247 2867 2317 πρὸς
2900 2246 3107 2311 τόπους
3140 2248 3396 2318 ἐτέρους,
3432 2252 3537 2313 πᾶς
3577 2252 3604 2303 ό
3647 2253 3799 2323 χρόνος

2274 2337 2368 2389 καὶ
2396 2338 2423 2388 ό
2461 2337 2624 2402 πόνος
2676 2336 2904 2408 μάταιος
2945 2338 3094 2408 αὐτῷ
3134 2342 3445 2413 γενήσεται.
3484 2338 3613 2396 Εἶτα
3648 2344 3802 2398 ὑποτί·

2274 2437 2426 2482 θεται
2471 2427 2642 2500 αὐτῷ,
2680 2429 2758 2493 ὡς
2789 2430 2965 2484 οὐδενὶ
3012 2431 3159 2504 ἄλλῳ
3206 2432 3396 2504 τρόπῳ
3440 2433 3701 2505 δυνήσεται
3721 2436 3798 2507 τῆς

2275 2522 2437 2575 νόσου
2469 2524 2677 2593 ταύτης
2717 2523 3184 2592 ἀπαλλάττεσθαι,
3216 2526 3264 2578 εί
3301 2524 3378 2596 μὴ
3404 2525 3492 2578 διὰ
3517 2526 3574 2578 τὸ
3607 2529 3800 2598 συνεχῶς

2276 2611 2628 2684 ἐξέρχεσθαι,
2671 2616 2765 2667 καὶ
2817 2614 3191 2687 παραϐάλλειν
3230 2615 3482 2686 ἀδελφοῖς
3517 2616 3665 2687 δῆθεν
3692 2618 3801 2688 ὠφε-

2273 2703 2446 2771 λείας,
2482 2704 2515 2775 ἢ
2557 2705 2902 2776 ἐπισκέψεως
2940 2707 3315 2773 ἀσθενούντων
3346 2706 3528 2779 χάριν,
3567 2712 3652 2763 καὶ
3686 2710 3802 2781 εὑρί-

2278 2812 2467 2849 σκεται
2516 2794 2711 2869 ὥσπερ
2764 2796 3042 2870 φρύγανον
3074 2800 3333 2871 ἐρημίαςο
3379 2801 3555 2870 ὀλίγον
3581 2801 3800 2872 ἡσύχασε,
