4052 6524
277 290 412 357 1517

1333 287 1663 354 lIOMILIA
1703 294 1911 354 XXVI.
1942 319 2009 329 -υ
2037 295 2134 354 DE
2172 294 2467 355 ACEDIA.

3402 296 3539 363 1518

279 398 523 473 ρεμσοὺς
574 397 672 452 καὶ
719 398 1052 465 ἀκαθίστους
1082 402 1234 472 ἡμᾶς
1262 402 1540 470 ἀποτελεῖ,
1571 404 1667 458 καὶ
1698 403 1856 474 ἀμεί-

1974 402 2269 458 nstabilcs.
2306 404 2559 471 Dumque
2581 416 2610 455 e
2638 401 2775 456 locis
2808 403 2926 458 loca
2950 412 3354 475 permutamus,
3387 412 3536 467 aliud

275 492 475 555 δοντας
512 491 717 555 τόπους
750 492 815 546 ἐκ
846 493 1052 547 τόπων
1089 495 1187 547 καὶ
1221 495 1373 549 οὐδὲν
1403 496 1549 569 ἄλλῳ
1582 498 1857 569 μεριμνᾷν

276 586 371 641 καὶ
394 586 777 657 περισκοπεῖν,
801 586 833 656 ἢ
860 586 1018 641 τοῦτο
1040 587 1225 659 μόνον,
1255 589 1359 643 ποῦ
1380 589 1536 643 πότοι
1562 590 1657 643 καὶ
1686 590 1858 658 ἁγίων

278 679 491 750 μνῆμαι
545 677 813 747 γίνονται.
870 679 979 733 Τοῦ
1023 682 1133 752 γὰρ
1184 681 1521 753 ἀκηδιαστοῦ
1572 684 1604 753 ή
1646 682 1859 736 διάνοια

274 773 429 827 οὐδὲν
459 771 588 826 ἄλλο
627 771 982 841 φαντάζεται,
1013 773 1108 827 καὶ
1137 772 1387 845 ψηφίζει,
1416 773 1448 844 ἢ
1480 774 1607 836 τοὺς
1645 776 1709 827 ἐκ
1736 774 1859 827 τού-

274 886 384 923 των
425 865 862 939 μετεωρισμούς.
906 867 1109 920 Λοιπὸν
1135 868 1191 921 δὲ
1225 870 1289 921 ἐκ
1322 868 1514 923 τούτου
1546 870 1638 923 καὶ
1662 871 1739 933 εἰς
1767 887 1861 923 κο-

279 959 452 1030 σμικὰ
488 958 792 1029 πράγματα
824 957 989 1012 αὐτὸν
1024 958 1363 1030 συνδεσμεῖνέ
1407 961 1500 1013 καὶ
1533 960 1653 1014 κατ’
1682 959 1862 1030 ὀλίγον

276 1050 524 1115 δελεάζει
558 1053 681 1114 ταῖς
716 1050 1040 1105 ἐπιϐλαϐέσι
1066 1051 1293 1117 ταύταις
1322 1053 1622 1123 ἀσχολίαις,
1662 1055 1767 1116 ἓως
1796 1054 1862 1107 ἂν

278 1145 375 1197 καὶ
426 1141 523 1195 τοῦ
585 1141 881 1212 μοναδικοῦ
945 1143 1367 1215 ἐπαγγέλματος
1427 1146 1649 1209 τελείως
1700 1145 1862 1199 αὐτὸν

281 1232 509 1308 ἐκϐάλῃ.
552 1232 752 1297 Καλῶς
788 1228 883 1289 οὖν
908 1235 1258 1299 ὁὰπόστολος
1295 1236 1531 1302 Παῦλος,
1556 1236 1631 1298 ὡς
1678 1239 1864 1310 ἄρτιος

285 1327 471 1398 ἰατρὸς
520 1326 849 1398 βουλόμενος
899 1327 1154 1399 ἐκτεμεῖν
1187 1330 1285 1400 τῆς
1317 1331 1475 1383 νόσου
1522 1330 1726 1400 ταύτης
1763 1330 1862 1395 τὰς

281 1421 482 1483 αἰτίας,
539 1420 663 1473 ὅθεν
711 1421 914 1491 ἀκηδία
965 1423 1251 1486 τίκτεται,
1314 1428 1577 1494 παραινεῖ
1645 1424 1861 1493 λέγων’

293 1512 562 1582 Ἀδελφοὶ,
583 1513 739 1566 αιῖοτολ⁸
768 1514 954 1567 οἴδατε
1002 1513 1119 1577 πῶς
1145 1515 1227 1567 δεῖ
1258 1515 1547 1585 μιμεῖσθαι
1581 1518 1750 1588 ἡμᾶς,
1782 1518 1864 1571 ὅτι

283 1604 385 1660 οὐκ
413 1605 807 1676 ἠτακτήσαμεν
842 1606 899 1659 ἐν
933 1605 1086 1676 ὑμῖν,
1121 1607 1244 1660 ούδέ
1282 1608 1491 1679 δωρεὰν
1522 1610 1684 1681 ἄρτον
1727 1610 1863 1681 ἐφά-

286 1712 457 1763 γομεν
490 1696 642 1767 παρά
670 1714 839 1760 τινος,
872 1696 987 1750 ἀλλ’
1026 1699 1083 1750 ἐν
1122 1699 1280 1769 κόπῳ
1318 1700 1410 1752 καὶ
1451 1700 1636 1771 μόχθω
1672 1702 1864 1765 νυκτὸς

286 1756 384 1841 καλ
418 1756 635 1859 ἡμέρας
670 1756 1030 1859 ἐργαζόμενοι
1056 1830 1071 1854 ,
1124 1756 1263 1859 πρὸς
1305 1790 1366 1843 τὸ
1419 1756 1495 1862 μὴ
1523 1756 1865 1865 ’ἐπιϐαρῆσαί
1898 1756 1939 1810 Β

286 1896 408 1933 τινα
462 1879 637 1950 ὑμῶν.
692 1898 710 1932 ι
746 1878 857 1933 Καὶ
902 1881 1099 1949 ἐπάγει
1126 1898 1140 1912 ο
1189 1900 1207 1932 ‹
1249 1880 1359 1952 Οὐχ
1402 1883 1483 1936 ὅτι
1521 1883 1621 1938 οὑκ
1666 1884 1866 1957 ἔχομεν

282 1970 558 2039 ἐξουσίαν,
596 1972 714 2025 ἀλλ’
744 1971 831 2026 ἴνα
868 1974 1094 2037 ἑαυτοὺς
1128 1973 1297 2027 τύπον
1330 1973 1510 2045 δῶμεν
1542 1977 1671 2048 ὑμίν
1698 1980 1778 2041 είς
1806 1978 1868 2033 τὸ

286 2065 572 2138 μιμεῖσθαι
604 2067 774 2136 ήμᾶς.
815 2084 833 2117 ι
866 2068 1019 2120 Πάνυ
1067 2062 1160 2120 οὖν
1191 2068 1469 2138 ἀγαπητοὶ
1501 2069 1868 2140 συμϐάλλεται

282 2157 417 2228 ἡμῖν
440 2156 517 2227 τῷ
546 2157 849 2229 ὲργοχείρῳ
882 2158 1249 2230 παραμένειν,
1280 2160 1341 2211 οὐ
1375 2161 1536 2230 μόνον
1563 2161 1652 2215 διὰ
1682 2163 1743 2215 τὸ
1770 2163 1869 2234 τὴν

285 2248 519 2320 ἀκηδίαν
566 2249 856 2320 ἐξορίζειν,
892 2250 1029 2304 ἀλλὰ
1074 2251 1169 2305 καὶ
1203 2252 1283 2318 τὸ,
1316 2254 1415 2326 τὴν
1444 2255 1653 2327 τροφήν
1679 2256 1739 2321 ἐξ
1773 2258 1871 2311 αὐ-

284 2341 380 2396 τοῦ
414 2342 778 2413 πορίζεσθαι,
831 2343 925 2395 καὶ
970 2344 1097 2407 τοὺς
1151 2345 1589 2417 ὑστερουμένους
1630 2348 1867 2419 βοηθεῖν.

285 2434 398 2489 Καὶ
428 2434 670 2501 συνεχῶς
709 2433 938 2506 μελετᾷν
970 2435 1038 2489 τὰ
1077 2434 1172 2488 τοῦ
1204 2437 1384 2490 Δαυῖδ·
1422 2458 1439 2489 ι
1478 2440 1551 2493 Τὸ
1591 2443 1727 2511 ταχὺ
1760 2444 1872 2494 εἶσ-

284 2526 520 2583 άκουσόν
565 2545 689 2597 μου,
742 2528 956 2597 Κύριε,
1010 2529 1226 2596 ἐξέλιπε
1279 2530 1341 2583 τὸ
1377 2530 1594 2601 πνεῦμά
1643 2534 1872 2602 μου,ὅτι

286 2618 656 2672 ἐταπείνωσεν
688 2620 716 2673 ὁ
741 2618 938 2690 ἐχθρὸς
965 2621 1063 2691 τήν
1085 2620 1262 2691 ψυχήν
1297 2640 1424 2692 μου,
1456 2622 1681 2677 ἐκάθισέ
1715 2642 1782 2694 με
1815 2626 1873 2678 ἐν

286 2712 611 2777 σκοτεινοῖς,
648 2711 722 2775 ὡς
759 2712 991 2783 νεκροὺς
1048 2713 1263 2777 αἰῶνος·
1312 2714 1408 2767 καὶ
1452 2716 1755 2787 ἠκηδίασεν
1787 2716 1872 2771 ἐπ’

285 2801 392 2874 ἐμὲ
425 2800 487 2855 τὸ
513 2800 735 2873 πνεῦμά
760 2820 885 2873 μου.
929 2803 1090 2858 Ἀλλὰ
1122 2805 1197 2878 μὴ
1233 2805 1590 2881 ἁποστρέψῃς
1620 2810 1679 2862 τὸ
1708 2810 1874 2880 πρός-

283 2892 437 2947 ωπόν
468 2910 563 2947 σου
594 2896 689 2948 ἀπ’
722 2895 859 2966 ἐμοῦ
880 2937 895 2962 ,
924 2915 943 2948 ι
974 2897 1171 2966 ἀγαθὲ,
1201 2916 1220 2950 ι
1259 2899 1341 2952 ὅτι
1376 2902 1510 2972 πρὸς
1545 2903 1602 2955 σὲ
1632 2897 1743 2973 ἦρα
1773 2903 1873 2974 τὴν

282 2984 467 3059 ψυχήν
496 3003 621 3058 μου.
643 3006 661 3039 ι
686 2988 1021 3042 Είσάκουσὸν
1044 3007 1168 3061 μου,
1198 2988 1397 3061 Κύριε,
1426 2993 1507 3045 ὅτι
1540 2992 1738 3063 ήψυχή
1767 3012 1871 3063 μου

1959 494 2100 549 nihil
2134 495 2296 550 anxie
2328 495 2414 548 vel
2454 494 2696 565 cogitare
2739 494 2907 550 faciet
2957 498 3045 551 vel
3085 498 3536 571 circumspicere,

1960 601 2124 655 quam
2160 586 2255 640 ubi
2282 586 2534 641 locorum
2568 588 2843 658 symposia
2875 589 3250 657 celebrantur,
3289 604 3385 648 aut
3416 611 3545 650 san--

1960 688 2175 733 ctorum
2205 680 2506 734 memoriae.
2540 680 2693 735 Mens
2720 681 2966 746 interim,
2991 683 3072 738 sic
3099 684 3287 739 acedia
3312 685 3544 757 dejectis

1961 770 2111 825 aliud
2133 771 2270 825 nihil
2298 771 2633 842 imaginatur
2656 782 2711 829 et
2733 790 2919 829 secum
2943 775 3349 844 admurmurat,
3374 796 3540 851 quam

1965 875 2027 920 ut
2062 882 2164 936 per
2194 866 2310 921 haec
2338 868 2588 922 clevetur
2623 869 2678 923 in
2710 870 2970 936 sublime,
3000 880 3057 925 et
3086 872 3375 943 gloriolam
3410 874 3542 930 hinc

1963 966 2295 1027 aucupetur.
2338 957 2454 1014 Iloc
2487 976 2691 1029 genere
2725 962 2895 1017 studii
2928 962 2987 1017 ﬁt
3016 973 3078 1018 ut
3130 965 3293 1019 talem
3336 966 3393 1023 in
3441 982 3543 1038 po-

1964 1057 2171 1102 sterum
2202 1048 2393 1103 mundi
2412 1050 2650 1120 negotiis
2674 1060 2831 1108 curet
2852 1053 3314 1125 obstringendum
3340 1074 3354 1111 :
3380 1066 3546 1129 atque

1966 1143 2040 1197 ita
2074 1143 2374 1209 irretitum,
2404 1144 2559 1198 velut
2594 1145 2703 1199 oll‘a
2737 1156 2989 1215 porrecta
3017 1189 3032 1213 ,
3090 1150 3297 1205 sensim
3334 1151 3547 1207 inescat

1965 1246 2029 1285 ac
2060 1230 2271 1300 decipit
2306 1231 2428 1287 istis
2456 1234 2924 1303 occupationibus
2944 1237 3080 1293 mire
3102 1237 3543 1307 detrimentosis,

1965 1338 2257 1393 quousque
2291 1325 2513 1381 tandem
2545 1342 2778 1396 prorsus
2804 1328 3065 1385 deturbet
3100 1347 3131 1387 e
3165 1332 3385 1404 fastigio
3424 1351 3547 1389 mo-

1966 1413 2194 1467 nasticae
2236 1414 2620 1484 professionis.
2691 1418 2864 1473 Recte
2926 1420 3151 1489 quidem
3207 1423 3546 1493 Apostolus,

1965 1506 2197 1575 perinde
2225 1524 2289 1562 ac
2318 1510 2547 1565 medica:
2595 1512 2729 1565 artis
2768 1512 3047 1583 quispiam
3096 1514 3389 1573 absolutus
3414 1533 3547 1587 pro-

1968 1596 2163 1661 fessor,
2200 1615 2535 1671 magnopere
2565 1602 2800 1672 cupiens
2827 1604 3007 1658 morbi
3042 1605 3204 1660 istius
3244 1607 3313 1661 ab
3359 1608 3548 1664 radice

1969 1689 2227 1745 excidere
2262 1707 2459 1747 causas
2494 1734 2506 1753 .
2562 1709 2593 1747 e
2622 1694 2829 1764 quibus
2882 1706 3149 1766 prognata
3201 1697 3390 1754 acedia
3417 1708 3505 1753 est
3532 1740 3547 1764 ,

1968 1781 2231 1838 admonet
2267 1783 2502 1840 dicens:
2563 1805 2580 1837 ι
2623 1787 2874 1853 Fratres,
2926 1788 3031 1859 ipsi
3086 1790 3242 1846 scitis
3271 1794 3551 1862 quomodo

1968 1889 2222 1950 oporteat
2251 1881 2456 1938 imitari
2496 1900 2618 1950 nos,
2646 1886 2907 1954 quoniam
2939 1903 3049 1941 non
3074 1887 3308 1958 inquieti
3342 1888 3553 1945 fuimus

1970 1973 2115 2029 inter
2149 1991 2267 2041 vos,
2304 1993 2485 2048 neque
2514 1976 2686 2048 gratis
2732 1994 2932 2049 panem
2979 1982 3438 2038 manducavimus
3481 1985 3552 2038 ab

1969 2064 2178 2134 aliquo,
2219 2066 2314 2121 sed
2352 2066 2409 2120 in
2436 2066 2627 2122 labore
2656 2078 2713 2121 et
2755 2066 3101 2139 fatigatione,
3160 2079 3325 2127 nocte
3367 2081 3425 2128 et
3461 2072 3553 2128 die

1969 2167 2286 2227 operantes,
2309 2175 2376 2214 ne
2392 2175 2556 2230 quem
2576 2169 2822 2215 vestrum
2842 2178 3197 2232 gravaremus
3226 2165 3295 2228 ⁸⁵,
3335 2184 3352 2217 ι
3381 2165 3554 2221 Indu-

1970 2251 2047 2305 cit
2073 2268 2085 2303 :
2115 2270 2133 2303 ι
2157 2252 2275 2306 Νοη
2294 2254 2439 2323 quod
2458 2270 2569 2309 non
2598 2253 2960 2310 habuerimus
2980 2265 3333 2326 potestatem,
3369 2260 3462 2315 sed
3493 2268 3556 2315 ut

1970 2345 2341 2414 nosmetipsos
2382 2346 2611 2401 formam
2652 2348 2910 2403 daremus
2937 2349 3095 2405 vobis
3129 2351 3195 2405 ad
3223 2352 3553 2410 imitandum

1972 2454 2074 2491 nos
2100 2438 2167 2493 °".
2207 2457 2223 2489 ι
2258 2439 2701 2509 Prorsusitaque
2743 2441 3100 2499 conducibile
3128 2447 3299 2500 fuerit
3338 2449 3500 2504 nobis
3533 2492 3549 2516 ,

1973 2537 2033 2583 ut
2062 2529 2219 2599 operi
2246 2530 2490 2599 cuipiam
2520 2532 2812 2585 manuario
2836 2535 3254 2590 commodemus
3278 2552 3503 2608 operam
3535 2556 3550 2593 :

1972 2638 2083 2676 non
2113 2622 2317 2677 acedia:
2345 2624 2523 2677 solum
2548 2625 2724 2695 gratia
2752 2641 2781 2679 a
2811 2627 2975 2681 nobis
3008 2627 3352 2698 depellenda:
3390 2642 3557 2703 atque

1972 2714 2028 2768 in
2050 2714 2305 2769 exsilium
2325 2715 2662 2786 ablegandae,
2678 2716 2775 2772 sed
2796 2728 2850 2773 et
2874 2727 2935 2772 ut
2954 2718 3082 2773 hinc
3105 2722 3267 2777 nobis
3295 2723 3555 2781 alimonia

1973 2818 2251 2876 suppetat,
2281 2815 2337 2861 et
2370 2807 2563 2862 eadem
2597 2824 2764 2878 opera
2819 2810 3014 2867 alienae
3061 2812 3265 2883 inepize
3292 2817 3555 2872 consula-

1972 2899 2347 2969 musJugiter
2363 2900 2597 2969 proinde
2622 2901 2757 2955 illud
2782 2902 3120 2958 meditemur
3140 2906 3287 2961 beati
3309 2908 3553 2964 Davidis:

1984 2990 2307 3046 «Velociter
2356 2992 2557 3047 exaudi
2592 3008 2699 3056 me,
2748 2994 3023 3062 Domine;
3078 2995 3281 3051 defecit
3326 2998 3559 3069 spiritus

287 3078 347 3130 ἐν
387 3079 614 3142 στενοῖς,
646 3079 743 3133 καὶ
786 3079 1007 3152 πνεῦμα
1052 3080 1292 3154 ἁκηδιῶν
1329 3084 1571 3156 κέκραγε
1616 3085 1752 3157 πρὸς
1788 3087 1866 3142 σέ.

1979 3099 2156 3146 meus,
2186 3084 2233 3115 "
2263 3083 2726 3155 quiahumiliavit
2761 3086 3024 3142 inimicus
3055 3087 3297 3143 animam
3337 3106 3556 3160 meam;

284 3167 381 3238 Μὴ
415 3171 785 3243 συγχωρήσῃς
813 3188 881 3241 με
911 3173 1279 3245 πειρασθῆναι
1305 3175 1446 3246 ὑπὲρ
1475 3176 1502 3229 ὃ
1525 3177 1585 3230 ού
1612 3176 1869 3249 δύναμαι,

286 3258 425 3314 ἀλλᾶ
454 3261 682 3332 ποίησον
713 3280 731 3314 ι
770 3264 868 3316 σὺν
893 3264 971 3335 τῷ
1004 3267 1298 3339 πειρασμῷ
1331 3268 1426 3320 καὶ
1455 3267 1553 3339 τὴν
1586 3268 1865 3337 ἐκϐασιν,›

288 3352 386 3407 τοῦ
412 3353 671 3409 δύνασθαί
705 3373 773 3427 με
801 3356 1147 3425 ὑπενεγκεῖν.
1191 3359 1382 3414 Ῥῦσαί
1418 3378 1488 3432 με
1514 3361 1622 3415 τῶν
1654 3363 1874 3419 ἀτόπων

288 3446 389 3501 καὶ
438 3447 692 3520 πονηρῶν
745 3448 1046 3521 λογισμῶν.
1109 3451 1469 3524 Ἐπίστρεψόν
1523 3470 1591 3525 με
1639 3456 1719 3519 εἰς
1756 3456 1874 3510 ὁδὸν

288 3538 533 3607 εὐθεῖαν,
580 3540 663 3604 είς
710 3542 1008 3610 ἐπίγνωσιν
1044 3543 1327 3615 ἀληθείας.
1374 3546 1486 3600 Kal.
1544 3547 1633 3612 δός
1688 3566 1778 3618 μοι
1819 3550 1874 3603 ἐν

288 3629 510 3703 καθαρᾷ
539 3632 845 3704 συνειδήσει
872 3634 1012 3704 μετὰ
1043 3638 1357 3707 παρρησίας
1389 3638 1570 3709 πάσης
1589 3641 1875 3711 λατρεύειν

290 3722 381 3777 σοὶ
435 3725 837 3796 ἀπερισπάστῳ
894 3727 1098 3799 καρδίᾳ
1161 3729 1343 3792 πάσας
1390 3731 1489 3795 τὰς
1522 3733 1738 3803 ἡμέρας
1775 3733 1876 3803 τῆς

289 3820 442 3891 ζωῆς
492 3838 620 3891 μου.
677 3822 807 3887 Ναὶ,
855 3821 1029 3894 Κύριε
1073 3824 1250 3893 Ἰησοῦ
1294 3826 1520 3896 Χριστέ,
1563 3828 1874 3900 χαρακτὴρ,

289 3913 393 3968 καὶ
428 3914 774 3987 ἀπαύγασμα
828 3914 924 3969 τοῦ
976 3916 1348 3988 εὐλογημένου
1412 3937 1506 3973 σου
1563 3922 1798 3991 Πατρὸς,
1849 3923 1878 3976 0

291 4006 742 4078 ἐγκατασπείρας
773 4007 900 4071 τοὺς
948 4007 1126 4071 θείους
1172 4025 1267 4061 σου
1296 4009 1486 4078 λόγους
1510 4011 1587 4074 εἰς
1611 4011 1709 4075 τὰς
1742 4030 1877 4083 καρ-

289 4098 414 4163 δίας
442 4100 621 4171 ήμῶν,
662 4102 689 4155 0
724 4102 883 4171 μόνος
912 4102 1210 4172 κηδόμενος
1236 4102 1344 4155 τῶν
1378 4103 1485 4155 σῶν
1522 4102 1747 4167 δούλων,
1782 4102 1879 4157 καὶ

296 4192 486 4262 ἰατρὸς
519 4191 732 4263 δωρεὰν
766 4193 1016 4263 ἰώμενος,
1051 4194 1079 4246 0
1109 4194 1271 4263 μόνος
1331 4194 1626 4265 εὐεργέτης
1655 4195 1748 4247 καὶ
1781 4195 1878 4248 ἀν-

294 4284 668 4354 υπερήφανος,
713 4285 741 4337 0
787 4283 947 4354 μόνος
998 4284 1247 4355 ἐλεήμων
1278 4287 1373 4339 καὶ
1420 4285 1821 4356 φιλάνθρωπος,
1851 4288 1879 4340 0

296 4373 463 4444 μόνος
491 4375 684 4446 Σωτὴρ
717 4376 815 4428 καὶ
857 4376 1085 4442 δίκαιος,
1122 4378 1150 4429 0
1179 4378 1267 4431 ἀεὶ
1297 4376 1372 4429 ῶν
1411 4378 1507 4430 καὶ⁵
1537 4378 1593 4429 ἐν
1636 4380 1771 4431 πᾶσι
1803 4379 1877 4432 ὢν

1975 3175 2268 3231 collocavit
2308 3192 2396 3231 mc
2426 3175 2480 3229 in
2506 3175 2765 3231 obscuris
2797 3176 2943 3233 sicut
2975 3188 3229 3233 mortuos
3258 3181 3468 3246 swculi,
3500 3192 3557 3238 et

1975 3269 2234 3324 anxiatus
2248 3278 2331 3325 est
2349 3285 2619 3340 superine
2638 3269 3039 3339 spiritusmeus
3051 3271 3118 3338 ’7;
3134 3271 3229 3326 sed
3250 3289 3316 3327 ne
3340 3281 3560 3329 avertas

1976 3363 2175 3420 faciem
2212 3372 2362 3419 tuam
2392 3380 2422 3418 a
2454 3378 2565 3428 me,
2600 3382 2617 3415 ι
2652 3378 2684 3418 o
2714 3363 2975 3433 benigne,
3013 3382 3030 3415 ι
3059 3364 3189 3433 quia
3213 3365 3280 3419 ad
3310 3367 3557 3422 televavi

1977 3456 2217 3511 animam
2244 3472 2424 3511 meam
2450 3456 2549 3507 ⁸⁸.»
2574 3456 2787 3511 Exaudi
2820 3472 2929 3521 me,
2949 3456 3203 3522 Domine,
3226 3459 3356 3527 quia
3373 3460 3558 3516 anima

1979 3548 2032 3603 in
2070 3550 2341 3619 angustiis
2376 3558 2482 3615 est,
2506 3557 2561 3603 et
2592 3548 2826 3618 spiritus
2859 3564 2971 3619 pm
3002 3549 3166 3603 taedio
3198 3552 3455 3607 clamavit
3488 3554 3557 3608 ad

1979 3648 2054 3693 te.
2088 3638 2168 3693 Ne
2202 3638 2371 3704 sinas,
2408 3646 2779 3708 praeterquam
2812 3652 3061 3706 possum,
3095 3654 3182 3694 me
3206 3641 3429 3704 tentari,
3459 3643 3558 3697 sed

1976 3729 2063 3785 fac
2104 3748 2122 3779 ι
2159 3744 2284 3784 cum
2312 3728 2623 3783 tentatione
2657 3727 2857 3782 retiam
2895 3747 2912 3778 ‹
2939 3728 3149 3783 exitum
3187 3749 3203 3781 ι
3256 3739 3317 3784 ιιι
3346 3733 3557 3801 possim

1978 3822 2279 3877 sustinere.
2308 3822 2515 3892 1071
2545 3821 2710 3891 Eripe
2760 3837 2847 3876 me
2886 3821 2957 3875 ab
3001 3821 3123 3877 istis
3180 3823 3557 3881 indecentium

1979 3922 2147 3983 atque
2174 3912 2553 3983 improbarum
2576 3912 2976 3983 cogitationum
2997 3914 3381 3971 vibramentis.
3413 3916 3561 3973 Con-

1980 4017 2132 4062 verte
2167 4022 2253 4061 me
2300 4007 2352 4060 in
2376 4006 2519 4060 viam
2553 4013 2782 4069 rectam,
2818 4021 2926 4075 qua
2957 4006 3025 4060 ad
3056 4007 3395 4077 agnitionem
3429 4025 3561 4079 pro-

1980 4099 2152 4152 vehar
2182 4096 2457 4152 veritatis.
2504 4096 2759 4152 Concede
2789 4096 2926 4150 mihi
2972 4097 3029 4151 in
3064 4097 3385 4153 sinceritate
3434 4114 3565 4153 eon-

1980 4190 2225 4246 scientiae
2255 4205 2493 4259 cumque
2524 4189 2676 4245 omni
2712 4189 2916 4244 ﬁducia
2943 4205 3139 4258 puram
3168 4190 3266 4244 tibi
3296 4190 3563 4246 exhibere

1982 4282 2307 4338 servitutem
2335 4280 2502 4335 cerde
2536 4281 2839 4347 indivulso,
2886 4282 3150 4336 omnibus
3199 4281 3400 4337 diebus
3436 4282 3564 4339 vitae

1983 4392 2141 4431 mete.
2179 4375 2381 4439 Etiam,
2422 4374 2651 4429 Domine
2700 4374 2776 4427 mi
2828 4374 2962 4429 Jesu
3006 4373 3249 4439 Christe,
3289 4375 3461 4446 figura
3507 4383 3565 4430 et

293 4467 397 4520 καὶ
439 4468 716 4539 πανταχοῦ
750 4467 963 4539 παρὼν,
1001 4471 1097 4523 καὶ
1132 4470 1402 4540 περιέχων
1435 4470 1528 4523 καὶ
1559 4470 1783 4542 πληρῶν
1813 4474 1872 4525 τὰ

1985 4469 2251 4539 splendor
2284 4466 2567 4522 benedicti
2591 4468 2773 4522 Patris
2803 4467 2903 4533 tui,
2935 4466 3032 4537 qui
3060 4467 3328 4522 cordibus
3354 4467 3565 4523 nostris

296 4561 506 4624 πάντα,
552 4562 729 4633 Ἰησοῦ
777 4562 985 4632 Χριστέ
1016 4563 1119 4616 Θεέ
1150 4570 1243 4617 καὶ
1276 4563 1471 4635 Κύριε,
1516 4567 1580 4618 σὺ
1612 4569 1729 4629 ταῖς
1764 4569 1883 4628 σαῖς

294 4654 533 4724 δωρεαῖς
574 4655 668 4708 καὶ
705 4654 782 4725 τῷ
819 4653 897 4726 σῷ
936 4656 1074 4709 ἐλέει
1117 4657 1419 4727 περίσκεπε
1452 4658 1597 4727 ἡμᾶς
1631 4658 1757 4719 τοὺς
1791 4658 1882 4711 ἐπί

296 4763 361 4799 σε
396 4746 739 4813 ἐλπίζοντας,
771 4750 800 4803 0
830 4750 1196 4817 ἐπιστάμενος
1228 4750 1473 4819 ἀκριϐῶς
1501 4748 1597 4803 τοῦ
1630 4751 1880 4819 πανταχῇ

295 4841 459 4912 ήμῶν
496 4842 770 4895 ἀντιδίκου
820 4843 923 4905 τὰς
961 4842 1181 4913 τέχνας,
1219 4842 1319 4906 τὰς
1351 4841 1618 4912 ἐπηρείας
1666 4841 1733 4904 ἃς
1761 4842 1882 4895 καθ’

295 4933 459 5004 ήμῶν
489 4934 851 4990 ἐπιϐουλεύει.
887 4934 1086 5007 Κύριε,
1139 4936 1203 4988 σὺ
1253 4935 1413 5004 μόνος
1446 4933 1716 5004 βοήθησον
1746 4934 1880 5003 ἡμῖν

296 5025 359 5075 ἐν
378 5026 445 5094 τῇ
468 5024 744 5095 ἐπισκοπῇ
781 5041 876 5077 σου
907 5027 973 5095 τῇ
1007 5025 1159 5095 ἁγίᾳ.
1194 5026 1304 5078 Καὶ
1338 5025 1427 5076 ὅτε
1456 5022 1678 5093 ἁνεθῇς,
1710 5022 1837 5091 λέγε
1864 5039 1877 5053 ⁸

295 5109 454 5180 Οἶδα,
487 5116 736 5170 Δέσποτα
763 5116 1046 5186 φιλόψυχε,
1075 5117 1157 5169 ὃτι
1194 5135 1211 5166 ‹
1237 5114 1323 5168 Ἐν
1354 5114 1430 5185 τῷ
1455 5114 1748 5185 άκηδιάσαι
1781 5114 1881 5185 τὴν

296 5205 532 5274 καρδίαν
578 5223 682 5277 μου
731 5209 788 5260 ἐν
831 5208 1012 5279 πέτρα
1060 5206 1285 5277 ὕψωσάς
1335 5226 1423 5277 με.
1458 5206 1753 5277 ὡδήγησάς
1789 5222 1879 5275 με,

296 5298 679 5372 ὃτιέγενὴθης
734 5299 897 5362 ἐλπίς
958 5318 1080 5371 μου,
1126 5301 1222 5354 καὶ
1279 5300 1485 5370 πύργος
1540 5298 1725 5370 ἰσχύος
1774 5299 1882 5351 ἀπὸ

298 5388 600 5461 προσώπου
634 5390 859 5462 ἐχθροῦ.
896 5391 1098 5443 Λοιπὸν
1132 5394 1456 5463 παροικήσω
1480 5393 1537 5443 ἐν
1565 5390 1643 5461 τῷ
1671 5388 1882 5461 σκηνώ-

297 5482 437 5555 ματί
469 5499 560 5537 σου
591 5483 671 5547 είς
696 5483 823 5548 τοὺς
854 5483 1077 5550 αἰῶνας,
1102 5485 1197 5537 καὶ
1226 5484 1684 5555 σκεπασθήσομαι
1720 5485 1778 5535 ἐν
1813 5486 1879 5554 τῇ

296 5576 488 5647 σκέπῃ
519 5577 628 5630 τῶν
664 5576 952 5650 πτερύγων
994 5593 1111 5643 σου,
1142 5577 1224 5630 ὃτι
1267 5576 1331 5629 σὺ
1373 5578 1399 5629 ὁ
1440 5576 1572 5641 Θεός
1621 5594 1724 5649 μου
1771 5577 1882 5628 eia-

1986 4561 2177 4615 divina
2211 4560 2435 4629 eloquia
2461 4560 2622 4630 quasi
2662 4558 2875 4615 semina
2906 4559 3214 4630 inspirasti,
3242 4560 3567 4615 misericors

1982 4658 2307 4712 etclemens
2343 4655 2637 4709 hominum
2669 4662 2908 4718 amator,
2958 4652 3053 4723 qui
3084 4652 3153 4707 de
3208 4653 3374 4707 nobis
3414 4654 3566 4707 solus

1983 4765 2149 4820 quam
2173 4747 2382 4817 optime
2409 4746 2666 4811 mereris,
2701 4744 2843 4798 nihil
2878 4744 3104 4798 interim
3138 4759 3238 4813 per
3264 4744 3563 4799 elationem

1987 4842 2088 4897 tibi
2128 4855 2439 4911 arrogans;
2474 4838 2570 4909 qui
2621 4853 2725 4892 nos
2760 4837 2913 4891 solus
2944 4836 3122 4892 donas
3147 4837 3325 4892 salute
3350 4878 3365 4902 ,
3414 4838 3568 4892 solus

1982 4934 2211 5003 insuper
2240 4934 2459 5003 justus,
2521 4930 2619 4999 qui
2654 4943 2877 4997 semper
2907 4942 2968 4982 es
2996 4936 3053 4981 et
3098 4926 3156 4981 in
3208 4927 3470 4982 omnibus
3512 4937 3570 4984 et

1980 5025 2189 5095 ubique
2220 5037 2485 5093 praesens,
2513 5020 2606 5090 qui
2633 5018 2814 5073 ainbis
2844 5018 3107 5072 universa
3135 5018 3429 5088 complexu
3460 5026 3563 5095 tuo

1979 5132 2045 5172 ac
2074 5115 2290 5184 imples,
2320 5114 2446 5169 Iesu
2481 5111 2735 5173 Christe,
2775 5110 2923 5163 idem
2954 5110 3224 5166 Dominus
3255 5152 3269 5177 ,
3323 5111 3469 5166 idem
3503 5123 3562 5166 et

1980 5209 2160 5271 Deus;
2183 5216 2239 5259 tu
2266 5220 2366 5259 nos
2389 5206 2499 5258 tuis
2528 5219 2819 5275 propugna
2841 5202 3021 5269 donis,
3054 5213 3147 5257 tua
3180 5204 3568 5260 misericordia

1994 5310 2169 5360 tuere,
2203 5297 2331 5368 quia
2369 5297 2424 5350 in
2454 5305 2505 5350 te
2538 5311 2709 5350 unum
2735 5310 2887 5364 spem
2929 5294 3127 5349 animae
3149 5311 3369 5351 omnem
3398 5297 3566 5353 recli-

1991 5406 2209 5445 namus.
2264 5388 2623 5443 Exactissime
2673 5386 2823 5441 enim
2856 5385 3001 5441 nosti
3051 5397 3360 5444 commenta
3390 5388 3568 5445 hostis

1992 5481 2380 5543 infensissimi,
2426 5479 2579 5534 nullo
2626 5493 2738 5534 non
2773 5478 2896 5533 loco
2927 5477 3113 5533 obvia.
3162 5480 3566 5552 lmprcssiones

1990 5573 2357 5629 veteratorias
2391 5571 2596 5642 quibus
2624 5586 2727 5626 nos
2749 5585 2814 5625 ex
2860 5568 3083 5625 insidiis
3113 5570 3367 5626 adoritur
3388 5612 3402 5637 ,
3441 5570 3566 5641 quis

378 5734 423 5765 ”
456 5734 497 5787 ll
540 5734 734 5792 Thess.
759 5752 841 5800 ιιι,
889 5736 999 5801 7,8.
1079 5738 1310 5804 "ibid.,
1345 5739 1397 5793 9.
1477 5739 1520 5770 "
1564 5739 1707 5793 Psal.
1740 5754 1870 5791 exn

1974 5736 2022 5788 7.
2100 5735 2144 5766 ⁵⁷
2176 5734 2316 5788 Psal.
2350 5749 2508 5796 exul,
2536 5730 2647 5793 ὄλ.
2721 5734 2765 5765 ⁵⁸
2804 5731 2939 5786 ibid.
2979 5731 3035 5798 ’1,
3067 5732 3117 5784 8.
