4052 6534
585 280 722 348 1519

1829 275 2197 334 ANTIOCHI
2241 273 2585 333 MONACIII

3657 280 3766 350 1520

579 408 631 452 te
664 410 796 458 uno,
834 391 1086 454 Domine,
1122 389 1381 457 intelligit
1411 386 1836 456 perspicacius?
1867 386 1948 437 'l‘u
1979 385 2154 445 solus,

2262 387 2503 458 ήκουσας
2544 383 2653 438 τῶν
2709 380 2882 451 εὐχῶν
2935 397 3058 450 μου.
3107 398 3124 430 ι
3178 381 3287 434 Καὶ
3338 380 3440 451 γὰρ
3472 384 3772 466 ἐνύσταᾷνὴ

577 484 831 548 Domine,
859 481 1124 537 auxiliare
1157 479 1319 534 nobis
1352 477 1672 532 visitatione
1706 485 1797 530 tua
1827 485 2037 531 sancta.
2071 474 2156 528 Ab

2262 478 2405 548 ψυχὴ
2447 495 2548 546 μου
2583 474 2692 530 ἀπὸ
2731 473 2984 544 ἀκηδίας,
3021 472 3161 527 ἀλλά
3191 475 3277 538 σὺ,
3307 474 3493 544 Κύριε,
3526 477 3775 546 βεϐαίωσάν

579 581 680 634 hac
701 576 870 632 animi
903 573 1233 646 aegritudine
1269 570 1560 626 absolutus
1584 569 1696 640 jam
1729 567 1982 635 acliber,
2019 567 2110 622 dic
2141 583 2152 619 :

2261 587 2330 640 με
2377 571 2435 622 ἐν
2469 570 2582 632 τοῖς
2629 566 2810 636 λόγοις
2856 583 2975 622 σου.
3012 565 3138 620 Ἐἀν
3166 565 3337 631 οὕτως
3373 567 3631 640 δεηθῶμεν
3666 579 3779 644 μετὰ

575 671 736 736 Novi,
776 669 850 724 mi
879 666 1132 731 Domin-e,
1169 664 1480 720 animarum
1512 671 1750 728 amator,
1791 661 1922 731 quia
1961 679 1978 712 ι
2013 661 2155 714 Dum

2262 660 2584 732 εἰλικρινοῦς
2603 659 2834 730 καρδίας
2862 657 2956 711 τοῦ
2981 659 3360 730 ἀμνησικάκου
3385 659 3599 731 Κυρίου,
3621 666 3782 719 ἀκούο-

577 764 898 820 ansiarctur
928 775 1029 816 cor
1083 772 1292 822 meum,
1350 755 1408 810 in
1454 762 1612 826 petra
1647 753 1907 810 exaltasti
1945 768 2056 817 me,
2101 762 2159 806 et

581 859 634 912 in
657 858 800 912 viam
827 851 1118 915 revocasti,
1138 851 1268 920 quia
1291 850 1471 904 factus
1487 865 1547 904 es
1568 865 1695 919 spes
1721 863 1868 913 mea,
1898 855 1958 902 et
1987 845 2159 900 turris

577 947 925 1003 fortitudinis
952 961 982 1000 a
1013 943 1153 998 facie
1196 942 1434 997 inimici.
1490 943 1764 1011 Deinceps
1800 939 2064 995 habitabo
2100 938 2159 992 in

581 1040 941 1096 tabernaculo
1010 1045 1107 1090 tuo
1161 1037 1217 1090 in
1281 1035 1504 1099 szecula,
1547 1043 1605 1089 et
1647 1043 1910 1104 protegar
1954 1031 2011 1086 in
2058 1046 2160 1086 ve-

2264 769 2362 823 μεν
2390 751 2522 822 παρ’
2553 750 2745 815 αὐτοῦ,
2787 751 2871 804 ὃτι
2908 752 3016 812 πᾶς
3067 751 3097 803 6
3139 750 3307 804 αἰτῶν
3348 751 3622 821 λαμϐάνει,
3652 759 3786 813 καὶὸ

2265 844 2444 913 ζητῶν
2494 843 2766 915 εὑρίσκει,
2798 842 2894 897 καὶ
2936 842 3014 913 τῷ
3044 841 3294 913 κρούοντι
3337 843 3677 916 ἀνοιγήσεται·
3709 851 3790 902 καὶ

2261 937 2345 990 ὅτι
2383 937 2418 1008 ἡ
2452 937 2634 994 πίστις
2684 953 2780 990 σου
2822 937 3035 990 σέσωκέ
3071 953 3166 989 σε’
3208 935 3443 1008 πορεύου
3483 939 3536 991 έν
3564 941 3791 1013 εἰρηνικῷ

2262 1027 2532 1100 λογισμῷ.
2563 1028 2724 1098 Αὐτῷ
2754 1029 2788 1099 ἡ
2825 1028 2952 1096 δόξα
2996 1031 3074 1093 εἰς
3105 1029 3232 1092 τοὺς
3266 1029 3486 1093 αἰῶνας.
3524 1031 3699 1105 Ἀμήν.

575 1135 820 1189 Iamento
867 1133 1074 1186 alarum
1108 1129 1506 1198 tuarum,quia
1542 1136 1626 1190 tu,
1668 1128 1840 1194 Deus,
1874 1124 2154 1183 exaudisti
2192 1123 2480 1178 orationes
2548 1137 2700 1177 meas
2730 1121 2798 1176 ".
2842 1140 2861 1174 ι
2907 1121 3126 1186 Etenim
3179 1139 3197 1173 ι
3265 1120 3579 1180 dormitavit
3637 1129 3792 1188 anima

577 1240 697 1279 mea
731 1239 846 1295 pra:
872 1222 1060 1286 taedio,
1095 1222 1191 1276 sed
1238 1233 1321 1286 tu,
1369 1221 1606 1276 Domine
1635 1261 1650 1286 ,

1725 1217 2069 1273 conﬁrmasti
2139 1231 2227 1271 me
2267 1217 2324 1270 in
2353 1215 2542 1269 verbis
2575 1214 2688 1268 tuis
2717 1215 2784 1269 '°.
2825 1233 2844 1265 ι
2905 1213 2960 1268 Si
2994 1214 3062 1268 ad
3107 1215 3259 1269 hunc
3289 1216 3510 1272 modum
3553 1234 3654 1273 una
3689 1237 3793 1276 cum

576 1315 761 1371 cordis
794 1312 1111 1369 sinceritate
1146 1328 1341 1383 preces
1376 1312 1443 1366 ad
1474 1312 1770 1368 Dominum
1809 1309 2142 1374 fuderimus,
2185 1306 2281 1378 qui
2311 1305 2743 1376 ﬂagitiosissima
2775 1321 3010 1376 quaeque
3057 1323 3116 1361 se
3155 1310 3566 1378 agnoscentium
3616 1317 3793 1384 perpeti

577 1409 855 1464 oblivione
927 1405 1279 1476 indulgenter
1336 1406 1521 1461 abolet
1570 1425 1584 1460 :

1642 1405 1837 1475 utique
1877 1404 2073 1459 audire
2113 1403 2181 1458 ab
2221 1401 2414 1457 eodem
2479 1400 2954 1470 promerebimur,
2997 1401 3170 1472 quia:
3215 1420 3233 1452 ι
3266 1401 3458 1457 Omnis
3519 1404 3609 1473 qui
3658 1410 3793 1483 petit,

576 1501 800 1572 accipit,
839 1508 895 1554 et
928 1500 1020 1570 qui
1045 1499 1246 1569 quaerit
1272 1499 1508 1565 invenit,
1566 1508 1624 1554 et
1657 1499 1902 1570 pulsanti
1933 1497 2220 1569 aperietur
2250 1497 2320 1548 Μ.
2349 1515 2367 1548 ›
2437 1493 2505 1549 Et
2538 1510 2553 1548 :
2585 1511 2604 1546 ι
2634 1493 2802 1550 Fides
2871 1504 2966 1551 tua
2995 1507 3049 1551 te
3112 1496 3328 1551 salvum
3382 1497 3514 1553 fecit
3539 1500 3601 1566 “,
3626 1518 3643 1552 ι
3683 1504 3795 1560 vade

581 1596 635 1650 In
664 1594 890 1665 paciﬁca
922 1601 978 1647 et
1010 1593 1309 1662 tranquilla
1339 1591 1694 1662 cogitatione.
1742 1591 1853 1661 Ipsi
1887 1593 2062 1663 gloria
2092 1595 2148 1648 in
2190 1593 2390 1648 smcula
2420 1590 2774 1646 saeculorum.
2807 1588 3004 1644 Amen.

1096 1703 1382 1759 HOMILIA
1413 1703 1629 1759 XXVII.

1123 1816 1198 1868 De
1231 1817 1618 1888 desperatione.

648 1927 1066 2002 Desperationis
1096 1928 1449 1999 perturbatio
1475 1940 1705 1984 caeteras
1730 1947 1840 2000 pra:
1871 1949 1930 1986 se
1980 1931 2156 1987 dictas

577 2023 742 2080 facile
773 2021 971 2088 anteit,
1030 2019 1408 2091 etgravitate,
1459 2031 1516 2075 et
1561 2021 1895 2091 inexplebeli
1926 2038 2152 2092 angore.

577 2115 867 2172 Hominem
931 2113 1084 2168 enim
1141 2120 1296 2167 recta
1345 2113 1660 2183 praecipitat
1706 2114 1761 2167 in
1815 2113 2158 2170 inﬁdelitatis

578 2208 920 2270 barathrum,
948 2203 1088 2259 adeo
1110 2205 1500 2269 inclementer,
1526 2215 1588 2260 ut
1609 2205 1747 2259 nihil
1776 2205 1853 2258 illi
1881 2205 2157 2275 reliquum

577 2299 742 2354 faciat
773 2296 1062 2368 sperandae
1092 2295 1309 2350 salutis.
1339 2296 1629 2350 Elocatum
1653 2295 1932 2366 siquidem
1962 2313 2025 2351 ac
2055 2298 2158 2351 mi-

577 2392 809 2448 serrime
839 2390 1148 2462 proditum,
1173 2390 1474 2444 committit
1508 2389 1817 2444 exitialium
1846 2389 2156 2444 daemonum

579 2493 826 2547 torturae,
862 2499 973 2553 quo
1011 2483 1092 2548 ﬁt,
1130 2492 1195 2536 ut
1219 2482 1274 2536 in
1304 2481 1493 2537 cibum
1529 2482 1643 2537 illis
1669 2484 1782 2553 jam
1821 2487 2070 2537 vertatur
2095 2499 2158 2538 ac

568 2575 941 2633 deridiculam
1002 2575 1444 2629 insultationem.
1503 2574 1573 2630 Ut
1625 2575 1776 2628 enim
1828 2573 2007 2628 fidelis
2052 2573 2157 2637 vir,

577 2685 784 2740 speque
814 2684 979 2738 quam
1001 2668 1211 2737 optima
1234 2666 1443 2732 nitens,
1479 2682 1650 2721 suave
1675 2665 1736 2720 ﬁt
1758 2665 1984 2721 Christo
2022 2665 2163 2721 edu-

580 2763 718 2817 lium
758 2761 776 2834 (
810 2781 828 2813 ι
865 2761 1020 2816 Meus
1036 2763 1184 2815 enim
1214 2759 1373 2814 cibus
1406 2769 1515 2824 est,
1544 2761 1640 2825 ait,
1662 2768 1724 2814 ut
1746 2759 1941 2814 faciam
1961 2759 2161 2815 volun-

2883 1701 3098 1755 ΛΟΓΟΣ
3131 1701 3198 1756 Z'.

2748 1816 2886 1884 Περὶ
2926 1817 3342 1886 ἀπογνώσεως.

2329 1927 2403 1982 Τὸ
2438 1931 2539 2001 τῆς
2586 1928 2953 1999 ἀπογνώσεως
3007 1932 3179 1996 πάθος
3226 1933 3527 2006 δεινότερον
3575 1936 3671 1988 τῶν
3711 1940 3799 2010 πρὸ

2258 2019 2424 2075 αὑτοῦ
2449 2024 2566 2075 ἐστι
2598 2023 2740 2077 πάνυ
2771 2023 2865 2076 καὶ
2889 2022 3168 2088 δυσαλθές.
3194 2025 3356 2099 Φέρει
3383 2026 3493 2096 γὰρ
3517 2027 3605 2080 τὸν
3632 2027 3800 2099 ἀνθρω-

2259 2129 2360 2166 πον
2390 2115 2470 2178 είς
2499 2114 2783 2182 ἀπιστίαν,
2813 2116 2908 2169 καὶ
2931 2115 3309 2172 ἀνελπιστίαν.
3336 2118 3450 2172 Καὶ
3472 2117 3650 2172 λοιπὸν
3676 2120 3799 2175 ἔκδοο

2257 2222 2350 2258 τον
2400 2205 2594 2261 ἑαυτὸν
2626 2207 2922 2279 καθίστησι
2964 2213 3078 2274 τοῖς
3114 2209 3421 2281 ἀλιτηρίοις
3470 2210 3696 2282 δαίμοσι·
3726 2216 3800 2266 καὶ

2258 2295 2575 2367 εὑρίσκεται
2605 2299 2792 2361 αὐτοῖς
2820 2297 3016 2370 βρῶμα
3038 2301 3131 2352 καὶ
3156 2299 3464 2370 ὲπίχαρμα.
3491 2300 3690 2371 Ὠσπερ
3715 2302 3799 2373 γὰρ

2262 2388 2291 2441 6
2309 2387 2499 2451 πιστὸς
2525 2389 2619 2442 καὶ
2643 2387 2861 2453 εῠελπις
2889 2390 3004 2442 ἐστί
3027 2389 3222 2461 βρῶμα
3251 2391 3347 2445 τοῦ
3374 2391 3801 2464 Χριστοῦ(ιἘμὸν

2262 2478 2394 2548 γὰρ,
2428 2479 2584 2550 φησὶ,
2624 2477 2822 2552 βρῶμά
2867 2483 3036 2544 ἐστιν.
3076 2483 3165 2536 ἵνα
3213 2483 3357 2536 ποιῶ
3399 2484 3459 2538 τὸ
3493 2484 3690 2557 θέλημα
3725 2487 3808 2549 τοῦ,

2263 2567 2475 2638 Πατρός
2518 2585 2640 2639 μου.
2683 2588 2702 2621 ι
2735 2568 2961 2640 Θέλημα
2987 2570 3042 2622 δὲ
3071 2571 3165 2624 τοῦ
3195 2571 3416 2643 Πατρδς
3438 2573 3620 2638 αὐτοῦ,
3643 2576 3696 2628 τὸ
3721 2593 3802 2628 am-

2262 2659 2422 2729 θῆναι
2451 2661 2630 2714 πάντα
2647 2661 2932 2733 ἄνθρωπον
2963 2663 3035 2734 δ’)
3067 2665 3210 2717 οὕτω
3238 2666 3334 2719 καὶ
3363 2663 3460 2718 τοῦ
3486 2666 3708 2738 πονηροῦ
3728 2669 3802 2722 καὶ

2262 2751 2715 2824 ἀνθρωποκτόνου
2745 2753 2996 2808 διαϐόλου
3027 2756 3089 2808 τὺ
3116 2754 3351 2828 θέλημα,
3382 2760 3446 2811 τὸ
3473 2761 3555 2822 εἰς
3586 2761 3800 2828 ἀπόγνω-

576 2866 748 2914 tatem
785 2857 964 2911 Patris
994 2855 1103 2910 mei
1122 2855 1220 2909 ⁸³.»
1248 2854 1519 2911 Voluntas
1539 2862 1726 2908 autem
1763 2852 1942 2907 Patris
1971 2861 2076 2917 est,
2101 2862 2156 2907 ut

2266 2861 2348 2897 σιν
2382 2845 2681 2915 εἰσφέρειν,
2744 2847 2839 2900 καὶ
2879 2847 3144 2901 ἀπολέσαι
3175 2848 3265 2904 τὸν
3299 2849 3609 2922 ἄνθρωπον.
3647 2852 3802 2920 Ἡμεῖς

571 2969 674 3023 per
691 2969 818 3008 eum
847 2953 1095 3007 salvetur
1124 2950 1290 3006 homo
1319 2949 1561 3019 omnis),
1602 2948 1679 3004 ita
1718 2959 1774 3004 et
1804 2959 2009 3003 nostra;
2039 2963 2156 3001 om-

2263 2933 2356 2992 οὖν
2401 2939 2453 2992 οἰ
2482 2939 2718 3011 Χριστὸν
2774 2938 3116 3010 ἐνδεδυμένοι
3171 2940 3269 2994 καὶ
3337 2941 3616 3014 σύσσωμοι
3667 2944 3799 2996 αὑτοῦ

577 3045 729 3098 nium
747 3042 941 3097 salutis
960 3039 1141 3095 azmuli
1161 3049 1328 3110 atque
1353 3038 1651 3094 homicidae
1673 3038 1882 3093 diaboli
1904 3039 2156 3092 voluntas

2263 3027 2434 3093 ὄντες,
2488 3032 2582 3084 καὶ
2624 3030 2915 3095 ἀκούοντες
2949 3031 3081 3102 παρ’
3115 3029 3304 3099 αὑτοῦ,
3358 3036 3443 3087 ὅτι
3484 3053 3502 3085 ι
3544 3036 3650 3089 Οὐκ
3667 3031 3798 3108 ἦλθον

578 3134 938 3204 peculiariter
963 3149 1071 3188 una
1094 3133 1210 3187 haec
1241 3141 1346 3196 est,
1363 3131 1646 3185 hominem
1669 3140 1729 3184 ut
1755 3129 1956 3199 laqueo
1983 3128 2156 3198 impli.

2266 3121 2494 3176 καλέσαι
2528 3122 2789 3186 δικαίους,
2821 3121 2963 3176 ἀλλά
2991 3122 3349 3194 ἁμαρτωλοὺς
3381 3127 3462 3186 εἰς
3499 3126 3798 3195 μετάνοιανπ

577 3235 666 3282 cet
692 3223 1375 3295 desperationis,denique
1398 3232 1454 3277 et
1481 3223 1698 3292 perdat.
1727 3223 1839 3276 Nos
1864 3222 2032 3293 igitur
2065 3219 2160 3290 qui

576 3319 861 3375 Christum
892 3317 1200 3380 induimus,
1227 3314 1322 3386 qui
1348 3328 1726 3382 concorpores
1748 3311 1801 3367 ei
1829 3326 2041 3376 sumus,
2067 3311 2164 3382 qui

579 3413 697 3481 ipso
722 3409 952 3465 doctore
978 3407 1277 3463 didicimus
1310 3422 1324 3459 :
1366 3424 1385 3456 ι
1419 3403 1542 3459 Νοιι
1573 3405 1704 3459 veni
1737 3417 1937 3458 vocare
1958 3404 2160 3474 justos,

577 3502 673 3559 sed
692 3509 1017 3572 peccatores
1039 3499 1104 3554 ad
1136 3497 1522 3568 paenitentiam
1555 3495 1599 3526 δι
1634 3514 1646 3550 :
1689 3513 1706 3546 ι
1743 3495 2002 3550 certatim
2029 3509 2164 3549 con-

579 3595 867 3652 tendamus
891 3591 1150 3663 prtesidio
1177 3589 1401 3645 subnixi
1432 3587 1802 3660 pcenitentiaa,
1833 3597 1943 3643 tam
1967 3603 2164 3643 exora-

578 3687 742 3742 bilem
771 3685 990 3755 placare
1024 3683 1318 3738 Dominum
1346 3681 1441 3751 qui
1480 3681 1622 3748 mala
1654 3679 1839 3734 omnia
1875 3679 2160 3734 oblivione

579 3776 890 3833 interlinet.
911 3774 969 3829 Id
993 3773 1138 3829 facto
1160 3772 1323 3828 nobis
1347 3787 1506 3842 opus,
1528 3787 1600 3826 ne
1635 3770 1772 3826 illud
1797 3769 2051 3826 Ieremia:
2066 3786 2163 3824 au-

578 3867 696 3922 dire
711 3865 995 3935 contingat
1018 3880 1032 3916 :
1058 3881 1077 3914 ¢
1103 3857 1368 3932 Nunquid
1399 3860 1606 3916 cadens
1637 3875 1748 3915 non
1776 3861 2042 3931 resurgit,
2065 3867 2162 3914 aut

578 3962 912 4008 convertens
933 3967 1046 4006 non
1070 3949 1520 4007 convertatur“?
1549 3968 1568 4000 ι
1588 3949 1838 4004 Rursus:
1859 3969 1876 4001 ι
1899 3947 2160 4018 Nunquid

580 4044 761 4100 resina
795 4059 904 4098 non
940 4051 1026 4099 est
1056 4042 1113 4097 in
1135 4043 1364 4106 Galaad,
1389 4049 1485 4098 aut
1507 4042 1760 4096 medicus
1788 4057 1899 4096 non
1932 4051 2019 4096 est
2054 4041 2154 4108 ibi,

575 4137 708 4207 quia
729 4152 956 4193 aversus
980 4143 1065 4191 est
1102 4135 1342 4206 p0pulus
1375 4135 1468 4191 hic
1511 4135 1805 4189 aversione
1834 4133 2160 4203 impruden-

579 4229 618 4282 ti
645 4229 691 4260 ⁸⁸
720 4228 743 4281 ?
775 4249 792 4279 ι
834 4227 1044 4298 Itaque,
1092 4228 1318 4293 fratres,
1359 4242 1486 4281 cum
1522 4225 1829 4280 habeamus
1863 4224 2157 4294 providum

578 4324 892 4371 curatorem
918 4316 1117 4381 Deum,
1147 4313 1214 4369 ad
1243 4314 1428 4369 omnia
1451 4314 1555 4384 ipsi
1580 4313 1917 4368 accollemur
1941 4313 2158 4385 glutino

579 4407 887 4473 charitatis,
923 4423 1036 4461 non
1069 4407 1200 4461 item
1236 4413 1297 4461 ut
1341 4405 1543 4477 refugae
1588 4421 1618 4460 a
1645 4412 1754 4460 tam
1795 4405 2036 4477 benigno
2063 4406 2160 4463 de-

579 4498 902 4554 sciscamus.
933 4517 950 4549 ι
969 4497 1428 4568 ApprOpinquate
1453 4497 1613 4560 mihi,
1651 4497 1750 4561 ait,
1772 4505 1828 4550 et
1850 4497 2155 4568 appropin-

574 4589 759 4660 quabo
793 4589 950 4643 vobis
983 4588 1048 4640 ⁸⁷.
1075 4607 1091 4639 ι
1128 4588 1236 4657 Ipsi
1265 4587 1411 4642 enim
1441 4604 1573 4643 cura
1598 4588 1788 4642 futura
1807 4595 1896 4642 est
1931 4590 2152 4654 nostri,

576 4681 750 4752 utqui
781 4697 884 4736 nos
909 4679 1045 4734 tanti
1075 4679 1391 4745 azstimavit,
1419 4695 1562 4750 quos
1596 4679 1821 4749 proprio
1855 4679 2157 4737 redimeret

575 4774 862 4845 sanguine.
893 4771 1104 4842 1072
1129 4771 1339 4826 Anima:
1369 4769 1681 4842 praestantis
1709 4786 1942 4841 prorsus
1971 4787 2035 4826 ac
2057 4788 2154 4842 ge-

577 4882 789 4922 nerosae
807 4864 1109 4936 peculiaris
1139 4863 1384 4918 conditio
1413 4879 1477 4919 ea
1500 4873 1604 4929 est,
1635 4874 1695 4918 ut
1715 4873 2152 4935 quantaecunque

576 4957 797 5012 tandem
840 4954 1111 5011 inundent
1151 4956 1530 5010 calamitatum
1565 4955 1842 5024 procella),
1870 4955 2022 5010 nullo
2051 4973 2153 5010 un-

576 5059 742 5114 quam
775 5053 936 5114 pacto
961 5043 1106 5098 sinat
1129 5058 1158 5096 a
1190 5059 1247 5098 se
1280 5043 1441 5098 avelli
1472 5043 1588 5112 spei
1611 5043 1800 5099 solidae
1821 5045 2142 5101 anchoram.

574 5134 656 5191 0b
694 5134 800 5188 hoc
829 5134 977 5188 enim
1004 5133 1244 5189 hominis
1269 5134 1378 5186 vita
1401 5135 1752 5202 πειρατήριον
1787 5131 2014 5198 dicitur,
2048 5135 2152 5190 hoc

574 5234 694 5291 est,
733 5225 1103 5280 tentationum
1148 5225 1266 5278 sive
1324 5224 1628 5292 piratarqu
1667 5223 2032 5277 domicilium.
2083 5224 2152 5278 At

575 5335 676 5374 nos
708 5335 774 5372 ne
804 5318 883 5373 sic
912 5318 1135 5387 quidem
1156 5333 1187 5371 a
1221 5318 1457 5372 Domino
1487 5315 1832 5381 deﬁciamus,
1862 5334 2150 5389 quousque

577 5419 906 5468 tentatorcm
924 5409 1115 5480 jubeat
1138 5409 1404 5464 semotius
1428 5424 1459 5462 a
1479 5409 1639 5463 nobis
1663 5408 1942 5475 secedere,
1967 5420 2022 5464 et
2052 5429 2148 5482 per

2265 3213 2666 3285 ἀγωνισώμεθα
2700 3213 2793 3267 διὰ
2825 3215 3114 3287 μετανοίας
3153 3214 3480 3286 δυσωπῆσαι
3531 3217 3618 3268 τὸν
3658 3216 3801 3286 ἀμνη·

2267 3302 2493 3356 σίκακον
2526 3302 2694 3370 Θεὸν,
2741 3302 2828 3356 ἵνα
2863 3301 2938 3375 μὴ
2978 3301 3302 3374 ἀκούσωμεν
3334 3305 3497 3375 παρά
3536 3305 3626 3358 τοῦ
3671 3301 3803 3376 Ἱερε-

2267 3393 2392 3458 μίου
2413 3409 2428 3422 ·
2463 3407 2482 3444 ι
2518 3392 2608 3464 Μὴ
2633 3394 2662 3446 6
2703 3394 2917 3446 πίπτων
2961 3393 3060 3446 οὐκ
3086 3394 3414 3460 ἀνίσταται;
3455 3395 3488 3466 ἢ
3517 3397 3544 3448 6
3575 3395 3803 3465 ἀποστρέ-

2265 3499 2403 3551 φων,
2436 3483 2535 3536 οὐκ
2565 3483 2919 3554 ὲπιστρέφεις
2945 3503 2964 3536 ι
2998 3484 3108 3538 Καὶ
3135 3485 3320 3539 πάλινο
3355 3505 3376 3538 ε
3413 3485 3505 3558 Μὴ
3532 3487 3707 3557 ῥητίνη
3727 3488 3802 3538 οὐκ

2263 3575 2412 3629 ἔστιν
2443 3573 2501 3629 ὲν
2526 3576 2762 3642 Γαλαὰδ,
2790 3576 2824 3646 ἢ
2865 3577 3046 3648 ἰατρὸς
3069 3579 3169 3630 οὐκ
3219 3578 3375 3633 ἔστιν
3403 3581 3557 3644 tacet;
3589 3580 3698 3632 ’Ὁτι
3724 3581 3805 3632 ἁπ-

2262 3669 2506 3740 εστράφη
2529 3669 2558 3722 6
2585 3669 2714 3732 λαὸς
2744 3663 2898 3733 οὗτος
2925 3669 3274 3742 ἀποστροφὴν
3305 3671 3530 3743 ἀναιδῆ.
3559 3673 3804 3743 »Ἔχοντες

2261 3753 2354 3812 οὖν
2392 3760 2579 3829 ἡμεῖς,
2605 3759 2850 3829 ἀδελφοὶ,
2881 3761 2972 3814 τὸν
3021 3761 3152 3814 Θεὸν
3203 3763 3525 3833 ἐπίκουρον,
3575 3764 3633 3817 ὲν
3674 3763 3805 3816 παντὶ

2261 3848 2410 3919 αὑτῷ
2453 3849 2826 3921 κολληθῶμεν,
2874 3851 2969 3904 καὶ
3014 3852 3088 3922 μὴ
3138 3854 3481 3925 ἀποστῶμεν
3531 3857 3622 3909 ἀπ’
3647 3855 3801 3910 αὑτοῦ.

2267 3958 2286 3989 ι
2309 3940 2598 4008 Ἐγγίσατε
2625 3941 2734 4010 γάρ
2766 3959 2877 4013 μοι,
2907 3943 3061 4012 φησί,
3091 3944 3185 3997 καὶ
3213 3945 3404 4013 ἐγγυῶ
3442 3947 3588 4018 ὑμῖν.
3627 3958 3644 3998 i
3677 3945 3804 4015 Αὐτῷ

2261 4035 2370 4104 γὰρ
2401 4034 2555 4104 μέλει
2595 4036 2722 4104 περὶ
2751 4034 2931 4106 ἡμῶν,
2959 4035 3035 4098 ὡς
3081 4033 3160 4106 τῷ
3193 4035 3307 4106 ἰδίῳ
3338 4038 3543 4108 αἵματι
3577 4039 3804 4110 ἐξαγορά-

2262 4142 2417 4179 σαντι
2450 4124 2617 4195 ἡμᾶς.
2643 4123 3040 4194 Μεγαλοφυοῦς
3069 4121 3164 4180 οὖν
3199 4125 3404 4197 ψυχῆς,
3455 4131 3550 4183 καὶ
3588 4131 3802 4199 γενναίας

2263 4213 2391 4266 ἴδιον
2437 4213 2516 4277 τὸ,
2567 4215 2641 4286 μὴ
2707 4213 3106 4283 ἀπογινώσκειν
3153 4218 3211 4270 ἐν
3248 4212 3601 4290 οἰαισδὴποτε
3633 4239 3804 4293 συμφο·

2265 4305 2405 4376 ραῖς.
2432 4305 2579 4358 Διότι
2614 4307 2970 4378 πειρατήριόν
3002 4307 3149 4361 ἐστιν
3182 4309 3210 4361 6
3255 4309 3373 4379 βίος
3405 4311 3501 4365 τοῦ
3529 4312 3800 4384 ἀνθρώπου·

2261 4395 2378 4452 ἀλλ’
2406 4398 2569 4467 ἡμεῖς
2624 4397 2698 4469 μὴ
2747 4398 3076 4470 ἀποστῶμεν
3129 4401 3238 4455 ἀπὸ
3287 4403 3500 4475 Κυρίου
3556 4405 3728 4477 μέχρις
3752 4404 3802 4457 ἂν

2261 4490 2543 4560 προστάξῃ
2591 4490 2846 4544 ἀπελθεῖν
2903 4493 2997 4562 ἀφ’
3045 4493 3202 4564 ἡμῶν
3248 4497 3377 4559 τοὺς
3437 4498 3797 4569 πειράζοντας·

2261 4584 2357 4634 καὶ
2384 4582 2813 4654 ζωοποιηθῶμεν
2847 4583 2937 4637 διὰ
2977 4584 3278 4657 ὑπομονῆς,
3313 4589 3411 4642 καὶ
3447 4592 3802 4663 στερρᾶςάπα·

2263 4673 2434 4736 θείας.
2487 4673 2883 4746 Χαλεπώτερον
2917 4677 3027 4747 γὰρ
3065 4677 3160 4731 τοῦ
3211 4680 3552 4751 ἁμαρτάνειν
3593 4683 3718 4742 ἐστὶ,
3755 4681 3802 4732 τὸ

2263 4763 2605 4830 ἀπελπίζειν.
2647 4765 2844 4830 Ἰούδας
2875 4769 2902 4820 6
2937 4768 3204 4840 προδότης
3248 4773 3585 4844 μικρόψυχος
3619 4765 3699 4846 ἦν,
3729 4773 3803 4826 καὶ

2263 4859 2719 4929 ἀπειροπόλεμοςο
2753 4861 2849 4914 καὶ
2877 4860 2965 4913 διὰ
2989 4860 3148 4914 τοῦτο
3178 4864 3472 4932 ἀπογνόντι
3496 4865 3681 4919 ἑαυτοῦ
3706 4869 3799 4917 ἑπιο

2261 4948 2485 5021 δραμὼν
2508 4953 2536 5004 6
2557 4949 2752 5022 ἐχθρὸς
2778 4953 3013 5022 ἀγχόνης
3037 4955 3256 5026 σχοινίῳ
3281 4957 3594 5026 περιέϐαλε.
3627 4958 3800 5028 Πέτρος

2258 5040 2315 5093 δὲ
2349 5043 2383 5112 η
2415 5042 2612 5112 στερεὰ
2665 5041 2842 5114 πέτρα
2883 5045 3108 5116 μεγάλῳ
3159 5047 3418 5117 πτώματι
3462 5050 3797 5119 κατενεχθεὶς,

2262 5132 2336 5195 ώς
2385 5133 2858 5203 ὲμπειροπόλεμος
2905 5135 3004 5189 οὐκ
3035 5136 3260 5205 ἀπέγνω
3295 5140 3658 5212 δυσουμήσας,
3689 5140 3800 5193 ἀλλά

2260 5225 2580 5294 προσήγαγε
2625 5226 2927 5295 πικρότατα
2974 5226 3187 5300 δάκρυα
3229 5231 3338 5283 ἀπὸ
3395 5231 3616 5302 καρδὶας
3657 5245 3800 5284 κατα-

2260 5318 2581 5389 καιομένης.
2611 5320 2722 5372 Καὶ
2746 5320 3080 5392 θεασάμενος
3102 5323 3130 5374 6
3157 5323 3412 5393 πολέμιος
3428 5324 3616 5388 ταῦτα,
3636 5323 3797 5392 ὥσπερ

2259 5413 2391 5484 πυρὶ
2444 5413 2732 5484 καιόμενος
2783 5416 2880 5484 τὴν
2933 5416 3094 5487 ὄψιν,
3145 5417 3353 5491 ἀπέδρα
3395 5418 3608 5490 μακρὰν
3635 5417 3796 5476 δεινῶς

643 5589 688 5665 ’ξ
713 5590 852 5648 Psal.
875 5607 964 5665 ις,
998 5589 1117 5665 5-ίᾷτ
1139 5587 1389 5665 __‘_°.Psa_l.
1424 5602 1603 5665 caput,
1625 5587 1713 5641 9.8.
1792 5587 1834 5665 ⁸]
1864 5587 2055 5642 Matth.
2081 5604 2153 5642 vn

2331 5590 2375 5622 "
2404 5589 2567 5646 Marc.
2597 5607 2685 5657 sx,
2713 5593 2800 5646 52.
2879 5597 2922 5626 ⁸³
2951 5595 3108 5651 Joan.
3141 5613 3214 5665 tv,
3242 5598 3330 5654 54.
3403 5600 3447 5633 ⁸³
3479 5600 3610 5655 Luc.
3635 5613 3682 5661 ν,
3714 5596 3786 5650 52.

575 5661 621 5693 ⁸³
656 5661 903 5727 .ler.vnt,
938 5662 994 5717 4.
1070 5661 1114 5690 ’⁵⁸
1137 5658 1271 5712 ibid.
1307 5657 1396 5711 “2‘2.
1470 5658 1511 5689 ⁵⁷
1533 5657 1649 5712 Jac.
1678 5673 1773 5723 tv.,
1805 5659 1856 5711 8.
