4052 6552
264 524 407 597 ’1521

1153 539 1482 601 HOMILIA
1522 542 1764 604 XXVII.
1789 566 1858 577 —
1891 542 1988 603 DE
2029 546 2628 613 DESPERATIONE.

3392 552 3530 619 1522

269 644 562 710 ὀλολύζων.
621 648 713 719 Μὴ
755 645 850 703 οὖν
900 650 1234 721 ἀπογνῶμεν
1272 652 1505 717 ἑαυτῶν,
1547 654 1844 723 ἀγαπητοὶ,

1953 656 2302 713 tolerantiam
2336 669 2503 731 atque
2535 662 2874 719 immobilem
2911 666 3091 721 animi
3122 668 3358 740 rigorem
3398 671 3529 726 vita;

271 737 411 792 ἀλλὰ
440 739 642 809 μᾶλλον
672 741 1046 812 νευρούμενοι,
1094 745 1187 797 καὶ
1228 746 1721 815 περιτειχιζόμενοι
1767 744 1845 815 τῷ

272 829 414 898 φωτὶ
438 831 539 901 τῆς
567 831 824 897 πίστεως,
851 832 1276 905 ἀντικράζωμεν
1310 834 1449 904 μετὰ
1478 833 1679 903 πολλῆς
1702 835 1846 905 παῤ-

273 919 469 989 ρησίας
493 920 738 993 πονηρῷ-
769 922 822 974 τί
852 922 936 975 σοὶ
974 923 1071 976 καὶ
1103 924 1256 993 ἡμῖν,
1285 922 1533 995 ἀλλότριε
1560 923 1654 977 τοῦ
1684 921 1841 987 Θεοῦ,

270 1008 365 1061 καὶ
392 1008 636 1078 δραπέτα
683 1011 791 1064 τῶν
826 1011 1094 1082 οὐρανῶν,
1131 1014 1224 1066 καὶ
1266 1012 1424 1065 δοῦλε
1467 1012 1707 1083 πονηρέ;
1743 1015 1846 1067 οὐκ

269 1101 413 1168 ἔχεις
448 1103 513 1154 σὺ
544 1103 859 1172 παρρησίαν
894 1103 1015 1158 καθ’
1040 1104 1220 1175 ἡμῶν.
1257 1105 1494 1176 Χριστὸς
1525 1106 1554 1158 δ
1584 1104 1681 1160 τοῦ
1706 1105 1844 1159 Θεοῦ

272 1192 609 1264 1³ίὸς,ἠμῶν
636 1212 694 1248 τε
730 1197 826 1250 καὶ
858 1196 1079 1251 πάντων
1105 1199 1206 1269 τὴν
1242 1198 1492 1262 ἐξουσίαν
1516 1198 1660 1270 ἔχει·
1697 1200 1846 1270 αύτῴ

268 1281 612 1353 ἡμάρτομεν,
645 1283 794 1355 αύτῷ
822 1285 914 1337 καὶ
943 1284 1421 1357 ἀπολογησώμεθα
1442 1300 1456 1315 °
1490 1286 1555 1340 σὺ
1578 1285 1636 1339 δὲ
1672 1285 1844 1354 φεῦγε

269 1374 363 1442 ἀφ’
429 1375 588 1445 ἡμῶν
644 1376 883 1447 μακρὰν,
908 1377 1141 1450 ὀλέθριε.
1193 1378 1384 1449 Ἡμεῖς
1435 1379 1545 1449 γὰρ
1589 1379 1845 1449 ἐνέχυρον

268 1465 486 1534 εχοντες
523 1468 615 1522 τὸν
638 1470 818 1540 τίμιον
847 1468 1016 1522 αὑτοῦ
1049 1470 1304 1541 σταυρὸν,
1341 1470 1623 1540 πατοῦμεν
1656 1470 1844 1525 ἐπάνω

270 1556 367 1610 σοῦ
402 1556 495 1610 τοῦ
524 1557 701 1628 ὄφεως
721 1561 819 1631 τὴν
847 1562 1112 1632 κεφαλήν.
1137 1561 1328 1625 Οὕτως
1362 1557 1456 1616 οὖν
1497 1563 1659 1632 ἡμεῖς
1689 1560 1841 1615 ἀντί-

270 1648 489 1720 στῶμεν
518 1651 605 1704 ἀεὶ
629 1652 706 1722 τῷ
746 1652 989 1725 πολεμίῳ
1012 1654 1325 1725 θαρσαλέοι,
1356 1655 1451 1709 καὶ
1478 1653 1553 1725 μὴ
1592 1657 1672 1717 είς
1705 1654 1842 1711 ἀπό-

268 1759 471 1810 γνωσιν
497 1744 725 1808 ἑαυτοὺς
754 1746 1023 1816 ὲκδῶμεν.
1057 1748 1257 1817 Είγὰρ
1287 1749 1337 1799 οί
1376 1746 1627 1815 δαίμονες
1660 1763 1841 1816 παρα-

270 1832 604 1899 καλέσαντες
646 1835 736 1889 τὸν
776 1836 1002 1909 Κύριον,
1035 1838 1123 1891 ἴνα
1155 1838 1233 1907 μὴ
1280 1839 1348 1907 τῇ
1387 1835 1613 1907 ἀὸύσσῳ
1660 1853 1841 1907 παρα⁸

269 1924 615 1995 πεμφθῶσιν,
669 1927 856 1999 ἔτυχον
913 1928 1009 1982 τοῦ
1070 1929 1408 1998 αἰτήματος,
1450 1929 1601 1998 πόσῳ
1640 1915 1842 1998 μᾶλλον

269 2018 759 2090 είσακουσθήσεται
781 2022 834 2075 ’ὁ
865 2021 956 2074 τὸν
988 2018 1224 2092 Χριστὸν
1256 2019 1623 2089 ἐνδεδυμένος,
1655 2019 1843 2088 δεόμε-
1878 2017 1917 2069 Β

269 2130 359 2176 νος
395 2112 707 2185 ἐλευθερίας
762 2118 944 2186 τυχεῖν
984 2116 1079 2170 τοῦ
1111 2114 1303 2186 νοητοῦ
1334 2116 1603 2183 θανάτου;
1630 2114 1723 2185 Μὴ
1751 2108 1845 2168 οῦν

267 2204 662 2277 ἁπελπίσωμεν
693 2207 926 2273 ἑαυτῶν,
961 2208 1100 2261 ἀλλὰ
1135 2208 1351 2279 στῶμεν
1384 2208 1584 2280 ἑδραῖοι
1618 2209 1697 2270 εἰς
1755 2205 1843 2270 ἐξ·

267 2298 617 2368 ομολόγησιν,
640 2301 732 2353 καὶ
757 2298 1002 2372 εἴπωμεν
1025 2301 1165 2371 μετὰ
1188 2301 1553 2367 κατανύξεως,
1573 2301 1842 2365 Δέσποτα,

267 2391 443 2462 Κύριε
495 2391 725 2463 ούρανοῦ
768 2394 865 2448 καὶ
886 2394 986 2465 τῆς
1030 2395 1157 2465 γῆς,
1188 2392 1422 2447 Βασιλεῦ
1465 2393 1575 2447 τῶν
1607 2394 1840 2456 αἰώνων,

268 2484 562 2553 εύδόκησον
606 2486 890 2558 ἀνοιγῆναί
937 2504 1027 2557 μοι
1070 2486 1239 2557 θύραν
1280 2487 1381 2556 τῆς
1423 2487 1732 2556 μετανοίας,
1760 2488 1843 2540 ὅτι

266 2576 329 2628 ἰν
363 2576 523 2650 ὀδύνῃ
550 2576 729 2648 ψυχῆς
760 2578 989 2633 ἱκετεύω
1040 2578 1098 2632 σὲ
1145 2578 1236 2632 τὸν
1286 2578 1537 2648 ἀληθινὸν
1589 2579 1722 2632 Θεὸν
1753 2579 1844 2633 τὸν

267 2667 491 2738 Πατέρα
529 2671 625 2723 τοῦ
655 2670 864 2740 Κυρίου
908 2671 1067 2742 ἡμῶν
1108 2672 1284 2742 Ἰησοῦ
1325 2671 1586 2742 Χριστοῦ,
1616 2673 1678 2724 τὺ
1724 2671 1841 2740 φῶς

264 2759 361 2812 τοῦ
390 2762 597 2831 κόσμου
648 2762 938 2833 ἐπιϐλέψαι
988 2766 1053 2835 τῇ
1107 2765 1274 2836 πολλῇ
1313 2782 1407 2817 σου
1446 2764 1839 2836 εὐσπλαγχνίᾳ,

265 2850 364 2903 καὶ
389 2852 685 2923 πρόσδεξαί
731 2872 832 2925 μου
881 2859 981 2925 τὴν
1026 2856 1234 2926 δέησιν,
1266 2858 1360 2909 καὶ
1392 2856 1467 2926 μὴ
1508 2856 1703 2927 ἀπώσῃ
1739 2874 1841 2925 μου

263 2944 458 3015 αὐτὴν,
485 2946 621 2999 ἀλλὰ
654 2945 927 3016 σύγγνωθί
956 2966 1045 3018 μοι
1068 2948 1147 3019 τῷ
1176 2951 1234 3002 ὲν
1258 2949 1477 3012 πολλοῖς
1506 2950 1842 3019 πταίσμασιν

262 3036 564 3108 εὑρεθέντι.
592 3039 787 3093 Κλίνον
816 3040 877 3093 τὸ
906 3037 998 3104 οὖς
1028 3059 1122 3095 σου
1148 3043 1229 3105 εἰς
1252 3041 1350 3112 τὴν
1375 3041 1560 3113 δέησίν
1589 3060 1713 3111 μου,
1748 3044 1842 3096 καὶ

264 3128 625 3201 συγχώρησόν
659 3148 748 3216 μοι
774 3133 953 3187 πάντα
991 3134 1096 3188 ὅσα
1126 3133 1202 3197 ὡς
1253 3134 1538 3205 ἄνθρωπος
1589 3134 1843 3204 ἡττηθεὶς

262 3221 374 3275 ὑπὸ
398 3224 496 3293 τῆς
535 3223 913 3295 προαιρέσεώς
964 3241 1064 3295 μου
1096 3225 1243 3278 κακὰ
1270 3226 1639 3296 εἰργασάμην.
1686 3227 1842 3296 Ζητῶ

260 3314 376 3387 γὰρ
397 3315 598 3381 ἄνεσιν,
620 3318 714 3371 καὶ
729 3319 827 3388 οὐχ
842 3318 1080 3388 εὑρίσκω
1094 3318 1181 3371 διὰ
1192 3319 1250 3372 τὺ
1274 3319 1376 3390 τὴν
1402 3319 1705 3399 συνείδησιν
1739 3337 1838 3390 μου

1951 748 2311 805 restituamur
2346 755 2740 824 tranquilliori.
2780 756 2941 823 Quod
2964 760 3333 831 enimpeceati
3354 778 3531 833 genus

1951 853 2181 908 usquam
2205 841 2441 896 inveniat
2456 860 2519 897 ur
2540 846 2782 901 atrocius
2800 848 3223 918 desperatione?
3239 852 3266 906 J
3274 852 3409 907 udas
3430 853 3539 910 ille

1950 929 2167 984 Domini
2186 933 2459 1001 proditor,
2481 952 2647 1004 quam
2671 937 2860 1005 pusilli
2877 949 2999 994 erat
3016 952 3072 996 et
3089 943 3290 1014 abjecti
3314 945 3527 999 animi?

1949 1038 2114 1093 quam
2131 1025 2285 1081 rudis
2303 1034 2568 1097 etexpers
2588 1030 2880 1085 conﬂictus
2900 1017 3267 1089 tentationnm
3282 1038 3304 1089 7
3322 1037 3404 1092 Ob
3421 1038 3528 1094 hoc

1947 1117 2097 1171 enim
2130 1134 2285 1188 spem
2315 1135 2536 1175 omnem
2568 1137 2599 1175 a
2630 1137 2688 1176 se
2720 1138 2847 1177 cum
2885 1124 3203 1194 abjecisset,
3244 1126 3526 1183 insiliente
3558 1164 3561 1167 -

1951 1210 2008 1265 in
2039 1226 2168 1266 eum
2202 1212 2454 1278 inimico,
2474 1212 2727 1269 funiculo
2756 1214 2865 1270 sibi
2895 1216 3217 1285 pra-locavit
3245 1220 3430 1289 gulam
3455 1221 3525 1275 ⁸⁸.

1948 1303 2019 1359 At
2042 1305 2245 1359 Petrus
2273 1305 2449 1360 solida
2477 1306 2570 1360 illa
2598 1315 2778 1381 petra,
2812 1308 3082 1377 numquid
3115 1324 3226 1365 non
3250 1312 3306 1365 in
3332 1326 3527 1380 pecea-

1949 1406 2065 1449 tum
2093 1395 2321 1466 impegit
2343 1410 2449 1450 nec
2494 1395 2819 1452 mediocre?
2865 1397 3073 1452 Verum
3117 1398 3164 1453 is
3192 1439 3207 1462 ,
3260 1409 3525 1470 tanquam

1952 1488 2049 1558 qui
2084 1489 2220 1543 tales
2250 1487 2543 1544 conﬂictus
2568 1487 2817 1544 doctrice
2842 1490 3187 1560 experientia
3213 1491 3525 1560 didicisset,

1947 1581 2017 1636 ob
2042 1579 2412 1653 maleloquam
2445 1578 2799 1649 negationem
2822 1620 2836 1645 ,
2878 1595 3033 1649 spem
3069 1580 3397 1651 neutiquam
3428 1582 3527 1638 ab-

1941 1670 2098 1741 jecit,
2113 1670 2495 1741 sedlacrymas
2508 1669 2765 1727 adhibuit
2786 1671 3038 1740 pararias
3058 1671 3203 1740 apud
3225 1673 3523 1729 Dominum

1945 1771 2001 1818 et
2028 1763 2453 1818 conciliatrices.
2484 1761 2806 1829 Quasnam?
2857 1777 2992 1817 sane
3032 1762 3224 1832 plenas
3258 1763 3527 1819 amaritu—

1948 1856 2116 1921 dinis,
2141 1864 2198 1911 et
2222 1872 2345 1926 quae
2373 1871 2441 1910 ex
2469 1855 2636 1910 corde
2674 1854 3019 1925 prosilierint
3064 1854 3404 1926 deﬂagrante
3434 1856 3491 1911 in

1948 1947 2146 2001 cendio
2159 1947 2471 2001 charitatis.
2486 1946 2638 2001 Hane
2651 1945 2799 2002 Petri
2818 1947 3330 2016 magnanimitatem
3346 1947 3527 2002 hostis

1945 2051 2072 2092 cum
2092 2037 2335 2101 vidisset,
2354 2037 2490 2092 nulli
2507 2035 2737 2091 dubium
2760 2038 2850 2101 sit,
2870 2036 3007 2104 quin
3025 2052 3084 2092 se
3100 2037 3250 2093 illinc
3272 2039 3526 2093 concitus

1947 2129 2283 2199 proripuerit
2310 2128 2520 2200 ingenti
2543 2144 2668 2183 eum
2690 2129 2922 2200 ejulatu,
2966 2144 3030 2183 ac
3049 2129 3093 2183 si
3118 2128 3229 2199 igni
3252 2128 3333 2183 illi
3354 2129 3541 2185 facies.

1946 2222 2358 2293 conﬂagrasset.
2391 2222 2468 2276 Ne
2489 2222 2679 2293 igitur,
2706 2222 3042 2288 charissimi,
3092 2238 3123 2275 a
3160 2222 3324 2277 nobis
3366 2237 3520 2292 spem

1945 2315 2268 2384 abjiciamus
2295 2314 2625 2385 impetrandi
2649 2314 2798 2370 illius
2816 2316 2991 2370 beata:
3014 2313 3172 2381 vitae;
3199 2315 3371 2385 magis
3388 2330 3521 2370 vero

1946 2416 2437 2477 quantumcunque
2461 2416 2545 2462 est
2590 2422 2791 2461 nervos
2817 2406 3174 2462 intendamus
3198 2446 3213 2472 ,
3256 2406 3521 2476 omnique

1945 2516 2011 2555 ex
2032 2507 2186 2569 parte
2215 2514 2336 2553 eam
2372 2496 3039 2553 communiamuslumine
3064 2495 3212 2550 ﬁdei.
3242 2496 3523 2551 Adversus

1946 2593 2244 2663 malignum
2268 2593 2634 2655 incentorem,
2668 2590 2842 2644 multa
2865 2605 2992 2644 cum
3014 2588 3218 2644 fiducia
3246 2588 3525 2643 vocifera-

1945 2702 2068 2740 mur
2102 2702 2115 2737 :
2145 2684 2287 2750 Quid
2319 2684 2417 2738 tibi
2439 2692 2497 2739 et
2519 2683 2687 2737 nobis
2714 2698 3009 2737 commune
3037 2693 3143 2745 est,
3194 2698 3225 2736 a
3257 2682 3354 2737 Dei
3387 2697 3521 2737 eon-

1944 2778 2115 2831 sortio
2143 2777 2398 2843 extorris,
2422 2785 2479 2831 et
2506 2776 2750 2831 caelestis
2772 2774 3062 2844 municipii
3096 2775 3284 2844 reluga
3334 2773 3520 2843 perdi-

1948 2871 2180 2931 tissime,
2208 2884 2367 2923 serve
2394 2868 2675 2938 nequam?
2716 2866 2859 2921 nihil
2889 2866 3040 2922 enim
3072 2866 3127 2920 in
3168 2882 3272 2921 nos
3302 2864 3525 2919 obtines

1940 2963 2103 3034 juris.
2126 2961 2385 3017 Christus
2405 2961 2555 3016 enim
2579 2960 2677 3015 Dei
2714 2959 2901 3023 Filius,
2956 2958 3132 3013 nostri
3168 2958 3259 3013 ille
3284 2956 3524 3027 denique

1942 3064 1999 3111 et
2031 3055 2278 3110 omnium
2314 3054 2475 3123 plena
2515 3052 2666 3107 solus
2710 3050 3017 3122 perfruitur
3067 3058 3339 3121 potestate
3378 3068 3393 3103 :
3443 3048 3521 3104 illi

1944 3148 2313 3219 peccavimus,
2343 3162 2527 3201 coram
2557 3146 2651 3199 illo
2672 3160 2776 3200 nos
2791 3144 3097 3199 etiamnum
3118 3143 3477 3213 purgavimus
3506 3159 3521 3196 :

1945 3256 1973 3294 a
2003 3239 2165 3296 nobis
2192 3247 2251 3294 tu
2275 3254 2441 3309 quam
2482 3237 2825 3308 longissime,
2873 3236 3120 3291 exitialis
3159 3250 3223 3290 ac
3259 3235 3526 3305 pestilens

1950 3331 2163 3387 secede.
2198 3330 2493 3400 Siquidem
2526 3345 2626 3384 nos
2653 3328 2872 3383 Domini
2896 3342 3119 3382 crucem
3147 3327 3299 3381 omni
3316 3327 3527 3381 honore

265 3407 350 3480 μὴ
382 3412 687 3481 συγχωρεῖν
712 3429 822 3481 μοι.
858 3412 1148 3483 ’Υπομένω
1174 3413 1420 3485 εἰρήνην,
1453 3414 1547 3467 καὶ
1569 3415 1669 3468 οὐκ
1699 3414 1844 3469 ἔστιν

1948 3424 2171 3495 dignam
2201 3438 2327 3478 cum
2352 3422 2692 3477 retineamus
2734 3420 2983 3492 pignoris
3015 3419 3139 3475 loco
3161 3459 3175 3485 ,
3221 3418 3529 3489 quamlibet

261 3501 329 3554 ὲν
351 3500 476 3570 ἐμοὶ
503 3503 695 3573 εἰρήνη
727 3503 816 3557 διὰ
845 3506 938 3556 τὸν
978 3505 1140 3575 βυθὸν
1174 3504 1267 3558 τοῦ
1305 3505 1546 3577 πλήθους
1572 3505 1682 3560 τῶν
1717 3508 1843 3561 ἀνο-

265 3595 407 3666 μιῶν
451 3613 576 3666 μου.
617 3598 909 3659 Ἀκουσον,
957 3596 1150 3669 Κύριε,
1185 3599 1413 3670 καρδίας
1460 3616 1562 3670 μου
1611 3600 1750 3671 πρὸς
1786 3600 1845 3653 σὲ

262 3688 500 3759 βοώσης,
529 3689 625 3743 καὶ
665 3690 741 3762 μὴ
785 3693 1031 3761 προσχῇς
1064 3693 1177 3755 τοῖς
1208 3690 1436 3761 φαύλοις
1482 3708 1584 3761 μου
1624 3690 1841 3763 ἔργοις,

259 3781 384 3835 ἀλλ’
414 3782 707 3852 ὲπίὸλεψον
754 3784 846 3836 ἐπὶ
884 3783 1046 3855 ὀδύνῃ
1082 3784 1182 3854 τῆς
1224 3783 1404 3854 ψυχῆς
1442 3801 1544 3854 μου
1572 3824 1587 3848 ,
1622 3784 1718 3837 καὶ
1748 3784 1847 3837 τά-

258 3890 430 3943 χυνον
478 3873 573 3927 τοῦ
609 3873 866 3928 ἰάσασθαί
911 3892 977 3945 με
1032 3875 1224 3939 δεινῶς
1268 3877 1842 3946 ’τεττραυμαιτεισμέ.νον⁸

261 3966 366 4019 καὶ
392 3966 479 4025 δός
520 3984 610 4037 μοι
640 3968 833 4038 καιρὸν
872 3969 1189 4039 ἀνανήψεως
1228 3969 1370 4023 κατὰ
1408 3970 1506 4040 τὴν
1540 3970 1704 4042 χάριν
1747 3970 1846 4040 τῆς

260 4058 678 4129 φιλανθρωπίας
708 4077 822 4124 σου,
856 4059 952 4113 καὶ
986 4060 1147 4130 ῥῦσαί
1187 4077 1253 4129 με
1285 4060 1392 4113 ἀπὸ
1433 4061 1543 4114 τῶν
1584 4060 1845 4129 ἀτιμοτά-

258 4169 379 4205 των
409 4152 603 4223 ἔργων,
632 4153 724 4206 καὶ
754 4153 829 4224 μὴ
871 4152 1277 4223 ἀντιμετρήσῃς
1313 4171 1422 4223 μοι,
1453 4152 1585 4225 μηδὲ
1611 4152 1845 4225 θελήσῃς

260 4244 563 4298 ἀποδοῦναί
595 4263 684 4316 μοι
702 4245 826 4310 ἀξια
850 4240 923 4298 ὧν
946 4246 1179 4316 ἔπραξα·
1204 4247 1289 4299 ἵνα
1324 4247 1398 4318 μὴ
1427 4247 1652 4310 τελείως
1672 4245 1840 4301 ἀπόλ-

259 4338 471 4407 λωμαι.
504 4339 791 4403 Ἄκουσον,
832 4336 1026 4407 Κύριε,
1060 4338 1119 4390 ὲν
1161 4337 1469 4405 ἀπογνώσει
1517 4354 1618 4407 μου
1670 4336 1842 4401 ὄντος.

276 4428 343 4482 Ὀ
373 4426 481 4496 γὰρ
514 4428 697 4498 πάσης
730 4426 1039 4498 προθυμίας
1066 4427 1375 4499 ἐρημωθεὶς
1402 4431 1497 4480 καὶ
1523 4428 1732 4491 ἐννοίας
1762 4429 1846 4491 εἰς

262 4520 332 4573 τὸ
366 4517 762 4589 διορθώσασθαι
811 4519 1067 4589 ἐμαυτὸν,
1111 4518 1436 4591 προσπίπτω
1484 4520 1598 4582 τοῖς
1640 4520 1847 4590 οἰκτιρ-

268 4612 399 4683 μοῐς
432 4628 549 4673 σου,
573 4610 669 4663 τοῦ
712 4611 932 4683 ἐλεῆσαί
961 4628 1029 4682 με
1087 4611 1178 4664 τὸν
1218 4612 1310 4664 ἐπὶ
1356 4611 1462 4681 γῆς
1513 4610 1846 4682 ἐρριμμένον

1948 3514 2183 3569 sublime
2223 3513 2358 3566 illud
2412 3519 2578 3581 caput
2616 3520 2796 3576 tuum,
2844 3510 2995 3565 calce
3054 3510 3434 3580 proterimus,
3491 3526 3527 3563 ο

1948 3620 2176 3675 serpens
2206 3611 2495 3659 venenate.
2529 3602 2609 3657 Ad
2646 3604 2795 3657 hunc
2829 3618 2962 3657 sane
2990 3601 3217 3656 modum
3259 3599 3528 3654 adversus

1948 3697 2365 3752 colluctatorem
2387 3702 2445 3749 et
2475 3691 2855 3747 adversarium
2899 3699 3154 3745 nostrum
3184 3703 3281 3759 spe
3323 3688 3524 3743 audaci

1949 3791 2190 3845 nitentes
2235 3788 2622 3858 deprmliemur
2676 3801 2740 3840 ac
2784 3801 3158 3856 repugnemus
3194 3823 3209 3849 ,
3258 3799 3362 3839 nec
3412 3785 3526 3839 ullo

1950 3895 2194 3951 unquam
2231 3886 2392 3949 pacto
2418 3878 2668 3932 sinamus
2686 3892 2787 3932 nos
2818 3876 3077 3946 intercipi
3096 3876 3297 3945 laqueo
3323 3875 3526 3944 despe-

1949 3972 2203 4037 rationis,
2226 3987 2328 4041 per
2351 3968 2716 4025 deditionem.
2740 3968 3029 4022 Daemones
3050 3968 3196 4022 enim
3230 3968 3356 4038 ipsi,
3378 3983 3445 4021 ne
3470 3968 3526 4021 in

1948 4063 2720 4137 abyssumprzecipitarentur,
2760 4074 2887 4114 cum
2931 4060 3299 4115 obsecrarunt
3342 4058 3528 4113 Domi-

1949 4170 2215 4219 num,sua
2238 4152 2503 4222 petitione
2527 4150 2764 4205 fraudati
2777 4165 2887 4204 non
2901 4158 3033 4205 sunt
3055 4148 3529 4219 :quantodignius

1948 4256 2167 4304 esteum
2183 4244 2453 4309 exaudiri,
2467 4242 2750 4298 Christum
2765 4242 2859 4311 qui
2880 4256 2980 4311 per
2999 4240 3160 4295 [idem
3179 4240 3385 4305 induit,
3404 4256 3531 4311 sup-

1949 4342 2166 4412 pliciter
2180 4338 2594 4406 deprecantem,
2609 4350 2640 4389 a
2660 4334 2933 4405 spirituali
2952 4341 3130 4389 morte
3150 4343 3208 4388 ut
3223 4334 3527 4389 liberetur!

1954 4431 2164 4503 1073
2196 4429 2277 4485 Ne
2330 4428 2498 4500 igitur
2558 4441 2655 4497 spe
2695 4426 2906 4497 abjecta
2942 4425 3382 4496 despondeamus
3407 4425 3527 4479 ani-

1948 4540 2132 4588 mum;
2164 4521 2334 4593 magis
2384 4529 2567 4575 autem
2619 4533 3039 4589 perseveremus
3072 4518 3128 4571 in
3182 4517 3532 4574 confessione

1948 4611 2109 4670 solidi
2146 4625 2208 4665 ac
2233 4609 2483 4671 stabiles,
2511 4616 2719 4662 etcum
2760 4606 3186 4676 compunctione
3240 4607 3531 4662 dicamus:

264 4702 331 4754 ὲν
358 4701 625 4773 καταδίκῃ
639 4702 923 4775 ἁμαρτιῶν
945 4721 1067 4774 μου.
1084 4703 1441 4757 Ἀνακάλεσαί
1464 4722 1552 4773 με,
1570 4707 1835 4769 Δέσποτα,

1947 4706 2087 4762 Here
2104 4701 2199 4766 mi,
2221 4700 2452 4755 Domine
2471 4700 2595 4755 coeli
2616 4706 2672 4754 et
2694 4708 2871 4761 terrae,
2889 4699 3004 4754 Rex
3022 4699 3366 4764 saeculorum,
3388 4716 3537 4768 quae-

263 4791 366 4843 τὸν
398 4789 763 4859 αἰχμάλωτον,
781 4791 874 4845 καὶ
905 4792 1271 4863 κατεχόμενον
1307 4793 1414 4846 ὑπὸ
1441 4794 1549 4847 τῶν
1583 4795 1836 4865 πράξεών

1956 4814 2037 4861 so,
2070 4794 2202 4850 mihi
2234 4793 2374 4848 velis
2401 4791 2691 4862 adaperire
2713 4790 3051 4862 poenitentia:
3074 4791 3318 4862 januam.
3353 4791 3536 4861 Siqui-

269 4898 403 4951 μου,
440 4882 536 4935 καὶ
566 4881 642 4945 ὡς
668 4883 776 4935 ἀπὸ
810 4882 1054 4947 ἁλύσεως
1088 4885 1472 4955 σφιγγόμενον.
1505 4889 1577 4941 Σὺ
1609 4890 1717 4960 γὰρ
1752 4892 1844 4961 μό-

1952 4892 2077 4946 dem
2106 4898 2219 4946 tota
2244 4888 2538 4943 alllictione
2587 4901 2783 4940 anima:
2810 4886 3041 4940 obsecro
3073 4896 3124 4940 te
3144 4901 3338 4940 verum
3360 4887 3532 4941 Deum

267 4988 366 5035 νος
405 4967 551 5035 οἶδας
585 4971 732 5026 λύειν
775 4974 1208 5046 πεπεδημένους,
1258 4975 1515 5032 ἰάσασθαι
1563 4978 1633 5032 τὰ
1679 4980 1844 5051 ἄδηλα

1953 4984 2168 5038 Patrem
2195 4981 2412 5038 Domini
2438 4979 2613 5035 nostri
2657 4979 2785 5034 Jesu
2817 4978 3021 5033 Christi
3049 4978 3165 5048 ,qui
3226 4979 3412 5033 lumen
3454 4989 3538 5034 est

266 5064 570 5135 τραύματα
596 5065 631 5119 ἃ
664 5067 726 5120 σὺ
754 5066 913 5137 μόνος
938 5067 1233 5123 ἐπίστασαι
1252 5070 1281 5124 ὁ
1303 5070 1411 5124 τῶν
1438 5073 1697 5139 κρυπτῶν
1714 5074 1844 5141 γνὼ-

1956 5077 2167 5140 mundi,
2193 5083 2252 5130 ut
2271 5074 2485 5129 videam
2529 5082 2621 5127 tua
2651 5072 2825 5127 solius
2865 5072 3191 5127 exuberanti
3220 5072 3538 5127 misericor-

271 5175 410 5229 στης
452 5159 733 5230 ὑπάρχων.
766 5161 906 5214 Ὂσα
949 5162 1058 5234 γὰρ
1105 5163 1253 5234 πάθη
1306 5164 1566 5235 πρόσεστί
1615 5184 1703 5237 μοι
1754 5184 1844 5220 κοιε

1955 5168 2066 5223 dia.
2098 5166 2360 5231 Admitte,
2407 5180 2613 5234 quaeso.
2670 5179 2847 5219 meam
2886 5164 3030 5218 hanc
3054 5164 3533 5234 supplicationem.

270 5250 411 5315 κῶν,
461 5253 542 5315 είς
584 5253 759 5307 πάντα
812 5270 871 5305 σε
925 5254 1166 5326 εὑρίσκω
1213 5256 1633 5326 ὀνομαζόμενον,
1669 5258 1844 5328 ἰατρὸν

1956 5259 2235 5314 Nemeam
2287 5255 2735 5326 deprecationem
2808 5253 3088 5323 repudies,
3121 5252 3219 5308 sed
3286 5250 3536 5306 eondona

270 5340 386 5396 τῶν
418 5344 603 5407 κακῶς
632 5345 884 5415 ἐχόντων,
934 5345 1107 5417 θύραν
1156 5346 1267 5399 τῶν
1320 5346 1423 5409 ἔξω
1472 5349 1844 5419 παροδυρομὲ-

1956 5349 2092 5405 mihi
2127 5349 2206 5403 sic
2255 5348 2455 5403 misere
2492 5346 2798 5416 intercepto
2840 5345 2897 5399 in
2948 5342 3239 5413 multiplici
3280 5341 3541 5413 praevari—

278 5452 406 5502 νων,
433 5436 551 5490 ὁδὸν
582 5437 690 5491 τῶν
721 5438 1175 5510 πεπλανημένων.
1223 5438 1338 5507 φῶς
1381 5440 1486 5490 τῶν
1533 5440 1844 5509 ὲσκοτισμέ-

1958 5443 2175 5498 eatione
2218 5438 2602 5494 mandatorum
2635 5447 2874 5492 tuorum.
2903 5437 3109 5491 lnclina
3159 5451 3351 5490 aurem
3388 5444 3534 5490 tuam

273 5546 408 5594 νων,
444 5529 726 5601 λυτρωτὴν
759 5530 868 5584 τῶν
903 5531 1267 5602 ἀπαγομένων
1290 5571 1303 5595 ,
1336 5532 1602 5602 ἐπέχοντα
1640 5534 1729 5586 ἀεὶ
1756 5535 1844 5605 τὴε.

1962 5534 2031 5589 ad
2064 5547 2284 5603 precem
2331 5547 2527 5596 meam,
2575 5531 2822 5600 mihique
2882 5539 3081 5584 cuncta
3139 5528 3363 5599 indulge
3420 5542 3542 5596 qum

278 5620 441 5692 χεῖρα
470 5638 588 5685 σου,
634 5623 727 5675 καὶ
763 5622 839 5693 μὴ
868 5624 1173 5692 ὲπαφιέντα
1200 5622 1300 5692 τὴν
1338 5623 1509 5693 ὀργὴν
1534 5626 1646 5687 τοῖς
1673 5624 1844 5695 ἁμαρ-

1964 5627 2159 5682 admisi
2192 5626 2447 5696 nequiter
2482 5633 2542 5680 ut
2574 5624 2738 5679 homo
2766 5624 2990 5694 propria
3022 5623 3201 5677 victus
3230 5622 3537 5675 voluntate.

278 5716 471 5780 τωλοῖς
504 5717 935 5787 ἡτοιμασμένην,
969 5717 1102 5771 ἀλλὰ
1132 5717 1221 5771 διὰ
1262 5717 1360 5789 τὴν
1407 5717 1609 5788 πολλὴν
1641 5734 1733 5769 σου
1766 5734 1844 5786 ιρι·

1964 5720 2159 5786 Quan'o
2245 5718 2393 5773 enim
2454 5717 2722 5787 requiem,
2779 5732 2883 5772 nec
2938 5715 3148 5784 uspiam
3194 5711 3435 5774 invenio,
3476 5726 3544 5764 eo

279 5808 635 5881 λανθρωπίαν
684 5811 891 5874 ἔδωκας
940 5812 1132 5882 καιρὸν
1169 5811 1519 5881 ἀνανήψεως’
1557 5810 1844 5881 ἐπιφάνηθε

1966 5810 2111 5881 quod
2152 5810 2373 5865 minimc
2407 5809 2690 5879 indulgeas
2717 5806 3067 5864 conscientiae
3105 5822 3237 5860 ιιιριυ
3276 5802 3537 5873 tranquil‘

360 5963 404 5996 “
427 5962 613 6017 Matth.
637 5979 764 6026 xvii,
785 5963 817 6017 5
