4028 6546
579 470 758 587 ιδει’

1813 525 2173 589 ANTIOCHI
2217 525 2560 588 MONACHI

3627 522 3735 592 1524

574 639 807 695 litatem.
861 639 1130 710 Exspecto
1180 654 1393 710 pacem,
1448 648 1504 694 et
1543 654 1673 696 ecce
1747 657 1856 696 non
1907 651 1991 696 est
2043 657 2145 710 pax

2265 660 2361 710 ιοι,
2411 643 2692 706 Δέσποτα,
2741 637 2928 702 δεινῶς
2985 634 3424 690 καταπεπτωκότι
3466 635 3492 690 6
3527 640 3666 710 ταχὺς
3690 642 3740 697 ιν

577 728 836 795 mihi,sed
860 729 964 785 hoc
1000 730 1130 786 facit
1157 731 1389 802 abyssus
1440 730 1708 786 immensa
1788 733 2140 802 iniqui'atum

576 832 845 871 mearum.
902 815 1067 883 Audi,
1127 819 1376 882 Domine,
1421 835 1516 874 cor
1537 835 1720 874 meum
1746 838 1760 887 ;
1791 821 1858 874 ad
1901 830 1952 876 te
1993 822 2143 876 enim

576 923 710 963 voce
776 909 1008 978 querula
1068 911 1327 980 suspirat.
1379 912 1498 967 Neu
1552 928 1718 968 aures
1790 914 2146 969 accommoda

576 1000 836 1069 operibus
871 1003 1010 1056 meis
1062 1003 1224 1071 plane
1271 1004 1538 1074 improbis
1563 1014 1622 1058 et
1672 1006 1978 1076 ﬂagitiosis,
2011 1007 2146 1075 quin

575 1091 762 1160 potius
785 1091 858 1145 ad
887 1091 1084 1146 animae
1117 1109 1253 1148 mea:
1302 1095 1550 1148 dolorem
1602 1097 1835 1165 respice,
1877 1112 1979 1150 nec
2013 1110 2150 1150 cun-

576 1183 741 1238 cteris
791 1183 1059 1238 medicam
1107 1200 1331 1238 manum
1375 1195 1523 1239 tuam
1547 1185 1682 1242 mihi
1710 1187 1976 1242 adhibere
1999 1197 2148 1242 atro-

575 1274 714 1328 citer
741 1276 932 1330 saucio
961 1293 974 1328 :
1007 1285 1225 1347 tempus
1269 1279 1501 1348 proinde
1548 1279 1904 1349 resipiscendi
1939 1288 2030 1336 tua
2064 1295 2152 1335 so-

575 1365 684 1420 lius
716 1367 1054 1437 benignitate
1111 1369 1394 1438 impartire
1447 1372 1602 1426 mihi.
1654 1373 1895 1436 Extrica',
1944 1386 2149 1440 quaeso,

575 1472 664 1512 me
725 1457 844 1512 istis
914 1458 1123 1528 pedicis
1163 1476 1284 1528 quae
1333 1462 1628 1518 adversum
1672 1479 1760 1517 me
1816 1462 2150 1526 consistunt,

575 1563 808 1617 operum
844 1566 1112 1607 meorum.
1140 1553 1218 1608 Ne
1260 1554 1328 1609 ad
1349 1564 1456 1608 tuae
1507 1555 1884 1624 aequilibrium
1927 1552 2157 1624 iustitiae

576 1655 794 1694 meeum
819 1641 1140 1700 admetiaris
1166 1685 1180 1710 ,
1207 1661 1312 1700 neu
1335 1647 1499 1716 digna
1521 1646 1680 1701 factis
1700 1646 1951 1716 requiras
1969 1646 2025 1700 in
2044 1661 2155 1708 me,

579 1743 638 1786 ut
658 1750 726 1788 ne
751 1743 899 1790 totus
923 1735 976 1790 in
994 1737 1230 1792 nihilum
1253 1739 1490 1810 redigar.
1526 1739 1689 1804 Audi,
1708 1740 1960 1801 Domine,
1979 1738 2038 1793 in
2061 1753 2160 1808 pe-

581 1824 758 1879 riculo
777 1841 862 1880 me
887 1827 1250 1883 constitutum
1269 1829 1860 1900 desperationis.0mni
1879 1829 2028 1884 enim
2047 1829 2162 1883 des-

578 1917 776 1973 titutus
807 1934 928 1974 sum
966 1921 1251 1978 alacritate
1282 1931 1448 1993 atque
1472 1923 1833 1992 intelligentia
1855 1920 2154 1991 spirituali,

574 2025 684 2080 qua
713 2011 980 2082 meipsum
997 2014 1063 2068 ad
1087 2014 1476 2070 rectitudinem
1503 2031 1760 2070 revocare
1785 2012 2160 2084 possim.Tuis

574 2103 806 2171 procido
834 2113 891 2158 et
931 2105 1193 2163 advolvor
1243 2109 1470 2177 supplex
1541 2107 2023 2172 miserationibus,
2054 2107 2161 2160 mei

583 2209 647 2248 ut
678 2195 997 2252 miserearis
1030 2197 1085 2252 in
1116 2199 1345 2253 humum
1380 2200 1586 2256 misere
1628 2201 1849 2273 dejecti,
1885 2205 2016 2260 dum
2045 2207 2162 2276 ipse

575 2297 698 2336 mea
730 2292 954 2351 peccata
988 2300 1190 2340 accuso
1239 2299 1295 2344 et
1344 2287 1567 2344 damno.
1620 2290 1839 2347 Revoca
1880 2309 1988 2359 me,
2017 2295 2161 2349 Here

574 2376 676 2440 mi,
709 2377 1038 2446 ejectitium,
1071 2379 1127 2434 in
1170 2381 1430 2450 operibus
1456 2383 1700 2452 propriis
1729 2384 2158 2455 deprehensum.

574 2475 632 2522 et
667 2469 825 2538 quasi
876 2480 1067 2526 catena
1126 2473 1384 2542 quapiam
1459 2475 1838 2531 constrictum.
1879 2478 1957 2534 Tu
2006 2479 2154 2534 enim

575 2560 728 2616 solus
757 2562 900 2618 nosti
941 2565 1304 2634 compedibus
1352 2567 1608 2623 astrictos
1635 2569 1942 2636 absolvere,
1966 2573 2158 2628 vulne—

576 2651 892 2709 ribusnulli
938 2653 1067 2709 dum
1137 2657 1443 2726 perspectis
1499 2667 1596 2713 aut
1626 2660 1862 2730 cognitis
1912 2663 2161 2717 certissi-

578 2757 727 2799 mam
757 2743 957 2805 aﬂ‘erre
993 2745 1286 2812 medelam,
1318 2763 1439 2817 quae
1477 2765 1611 2806 sane
1641 2752 1792 2806 solus
1827 2760 1884 2806 tu
1921 2753 2162 2809 clarissi-

577 2851 666 2890 me
699 2837 972 2906 pers‘pieis
1015 2848 1206 2907 utpote
1234 2855 1562 2896 arcanorum
1601 2844 1875 2913 cognitor.
1904 2843 2162 2910 Quanta:-

576 2943 798 2998 cunque
825 2929 975 2983 enim
1048 2931 1185 2989 mihi
1239 2931 1530 2990 imminent
1577 2936 1789 2991 vitiosa:
1819 2935 2159 3003 affectiones,

581 3036 753 3074 unum
785 3029 836 3080 te
866 3023 1151 3092 comperio
1191 3039 1354 3094 quem
1403 3026 1725 3086 nominatim
1779 3029 2063 3099 opplorem
2091 3029 2160 3085 ad

577 3130 674 3170 eas
707 3115 964 3170 omnibus
1036 3117 1348 3183 curandas;
1405 3119 1678 3174 medicum
1760 3137 1956 3191 nempe
2018 3124 2160 3180 male

581 3205 918 3266 habentium
954 3221 1182 3271 ;eorum
1201 3208 1429 3278 januam
1451 3209 1546 3278 qui
1569 3227 1670 3279 pro
1695 3212 1955 3266 vestibuli
1979 3213 2154 3278 aditu,

2247 733 2412 801 ἐλέει,
2447 734 2544 787 καὶ
2589 730 2792 803 βραδὺς
2843 731 2902 782 ὲν
2935 725 3154 781 κολάσει
3178 739 3194 756 ⁸
3223 724 3315 778 καὶ
3341 727 3402 796 τῇ
3433 729 3494 796 σῇ
3517 727 3745 801 εὐσπλαγ.

2244 828 2371 899 χνίᾳ
2418 825 2644 895 θέλησον
2684 823 2868 894 ὀρέξαι
2911 839 3003 892 μοι
3051 823 3230 890 χεῖρα,
3272 819 3360 872 καὶ
3397 821 3659 892 ἀνάστησόν
3691 844 3746 896 με

2246 923 2310 974 ὲκ
2334 918 2426 972 τοῦ
2451 917 2646 989 βόθρου
2671 917 2784 971 τῶν
2812 913 3054 986 ἀνομιῶν
3081 929 3204 982 μου.
3233 911 3302 965 Σὺ
3323 910 3422 982 γὰρ
3445 913 3582 982 μόνος
3604 915 3750 987 ὑπάρ.

2245 1029 2364 1083 χεις
2406 1013 2434 1065 ὁ
2474 1009 2606 1072 Θεὸς
2636 1007 2824 1079 ἡμῶν,
2867 1006 2898 1058 ό
2948 1004 3025 1075 μὴ
3061 1002 3388 1076 τερπόμενος
3433 1004 3509 1057 ἐπ’
3545 1006 3752 1078 ἀπωλείᾳ

2250 1099 2612 1172 ἁμαρτωλῶν,
2650 1100 2678 1151 6
2706 1097 2783 1169 μὴ
2813 1093 3293 1164 ἀποστρεφόμενος
3314 1089 3577 1160 πρόσωπον
3603 1093 3652 1144 ὲν
3676 1092 3752 1147 δᾶν

2250 1210 2444 1265 κρυσιν
2488 1194 2568 1256 ε-ίς
2604 1191 2663 1244 σὲ
2695 1189 3056 1252 ἀτενίζοντος.
3104 1183 3443 1248 Εἰσάκουσον,
3469 1180 3639 1254 Κύριε,
3667 1202 3756 1253 φω.

2251 1284 2350 1352 νῆς
2377 1280 2474 1336 τοῦ
2499 1281 2690 1335 δούλου
2739 1297 2835 1333 σου
2879 1276 3111 1343 βοῶντος
3140 1274 3276 1345 πρὸς
3317 1274 3393 1326 σέο
3427 1273 3513 1327 καὶ
3538 1273 3756 1344 ὲπίφανον

2253 1378 2312 1430 τὸ
2346 1373 2461 1445 φῶς
2508 1390 2604 1427 σου
2643 1373 2702 1425 ἐν
2731 1371 2859 1442 ἐμοὶ
2905 1368 2985 1439 τῷ
3016 1366 3351 1436 ὲσϐεσμένῳ,
3380 1365 3469 1417 καὶ
3490 1365 3758 1420 ἀπόστειλον

2253 1468 2351 1540 τὴν
2386 1462 2480 1520 τοῦ
2525 1465 2680 1534 ἁγίου
2709 1480 2804 1517 σου
2837 1460 3155 1530 Πνεύματος
3202 1454 3420 1526 ἰκμάδα,
3465 1455 3553 1508 καὶ
3576 1456 3759 1526 χάρισαί

2259 1578 2350 1631 μοι
2391 1557 2608 1629 μακρὰν
2636 1553 2967 1627 προθυμίαν,
2993 1553 3081 1606 ἵνα
3103 1548 3393 1618 ἀνασφήλω
3413 1546 3600 1617 σφόδρα
3625 1548 3759 1618 ἐμαυο

2255 1650 2352 1704 τοῦ
2382 1647 2674 1717 ἀπογνούς.
2709 1643 2966 1716 Στρέψον,
3017 1640 3214 1711 Κύριε,
3257 1655 3277 1690 ι
3304 1637 3392 1690 τὸν
3448 1636 3652 1691 κοπετόν
3680 1655 3762 1707 μον

2258 1745 2339 1806 είς
2366 1741 2543 1812 χαρὰν
2575 1739 2716 1809 ἐμοί’
2747 1734 3041 1807 διάρρηξον
3075 1731 3170 1786 τὸν
3200 1730 3400 1784 σάκκον
3438 1745 3554 1798 μου,
3581 1729 3662 1781 καὶ
3685 1746 3766 1781 πε-

2264 1833 2494 1908 ρίζωσόν
2532 1849 2598 1902 με
2627 1827 2986 1899 εὐφροσύνην.
3023 1844 3043 1878 ι
3081 1823 3195 1877 Καὶ
3231 1820 3510 1891 εύόόκησον
3549 1819 3627 1872 ῖνα
3659 1821 3764 1882 ἀνα-

2263 1924 2558 1994 παύσωμαι
2589 1923 2698 1976 τῶν
2718 1919 3023 1990 ἑσπερινῶν
3051 1934 3154 1991 μου
3180 1914 3376 1986 ἔργων’
3408 1913 3500 1966 κα)⁸
3521 1911 3652 1982 τύχω
3666 1914 3770 1967 ἀνσ-

2265 2022 2519 2083 παύσεως
2565 2017 2812 2090 πρωῖνῆς
2855 2015 3046 2084 ὥσπερ
3090 2012 3219 2076 τοὺς
3248 2005 3526 2072 ἐκλεκτούς
3552 2023 3657 2070 σου,
3681 2005 3768 2060 Κύ-

2267 2129 2370 2179 ριε,
2403 2104 2478 2164 ὧν
2518 2109 2725 2178 ἀπέδρα
2769 2107 2953 2177 ὀδύνη,
2992 2104 3164 2174 λύπη,
3196 2101 3294 2156 καὶ
3345 2099 3647 2169 στεναγμός.
3683 2096 3772 2151 Καὶ

2262 2201 2547 2270 ἀνοιγείτω
2573 2218 2662 2272 μοι
2687 2199 2829 2270 θύρα
2860 2199 2960 2267 τῆς
2989 2193 3268 2266 βασιλείας
3297 2211 3414 2255 σου,
3449 2192 3530 2244 ἵνα
3557 2188 3771 2244 είστλθὼν

2263 2297 2320 2348 ἐν
2369 2293 2511 2364 αὐτῇ
2548 2291 2685 2363 μετὰ
2713 2289 2823 2344 τῶν
2873 2285 3264 2343 ἀπολαυόντων
3293 2283 3354 2336 τὸ
3384 2280 3496 2350 φῶς
3521 2277 3608 2332 τοῦ
3637 2293 3773 2348 προσ-

2263 2384 2410 2438 ώπου
2442 2401 2560 2450 σου,
2590 2379 2951 2452 Κύριε,τύχω
2982 2379 3077 2450 τῆς
3104 2375 3326 2431 αίωνίου
3355 2372 3495 2443 ζωῆς
3519 2373 3571 2424 ὲν
3595 2367 3776 2440 Χριστῷ

2191 1976 2233 2030 Β

2276 2475 2448 2548 Ἰησοῦ
2501 2475 2580 2546 τῷ
2618 2473 2810 2545 Κυρίῳ
2839 2471 3016 2543 ἡμῶν.
3067 2468 3195 2522 Ἐἀν
3226 2465 3400 2528 οὕτως
3426 2461 3567 2532 αύτῷ
3587 2457 3777 2530 προσελ-

2263 2570 2446 2640 θωμεν
2475 2566 2614 2638 μετὰ
2635 2564 2901 2632 ταπεινῆς
2925 2560 3173 2633 καρδίας,
3207 2554 3556 2630 προσδέχεται
3577 2550 3662 2621 τὴν
3684 2549 3779 2640 δίη·

2263 2639 2357 2716 σιν
2380 2660 2560 2732 ἡμῶν.
2601 2659 2688 2711 Ἐν
2725 2656 2876 2729 πάσῃ
2897 2650 2992 2708 οὖν
3022 2646 3372 2721 φωτοφανείᾳ
3404 2644 3581 2715 ὑμνεῖν
3610 2641 3691 2694 καὶ
3713 2639 3780 2692 δον

2263 2754 2447 2820 ξάζειν
2472 2750 2634 2804 αὑτὸν
2660 2748 2970 2817 ὀφείλομεν,
3001 2745 3083 2798 ὅτι
3103 2741 3268 2803 αύτός
3295 2743 3440 2792 ἐστιν
3463 2739 3494 2806 ἠ
3517 2733 3650 2787 αἰτία
3675 2732 3780 2784 πάν-

2259 2864 2368 2901 των
2397 2845 2506 2900 τῶν
2548 2841 2793 2910 ἀγαθῶν,
2829 2839 2924 2892 καὶ
2954 2835 3097 2907 ἀρχὴ
3125 2834 3221 2887 καὶ
3247 2833 3406 2886 οὐσία
3435 2828 3524 2882 καὶ
3554 2825 3674 2894 ζωή.
3696 2823 3782 2876 Καὶ

2261 2938 2369 2992 τῶν
2423 2936 2524 3008 μὲν
2572 2930 3054 2990 ἀποπεπτωκότων
3098 2926 3293 2996 αὐτῆς,
3353 2919 3636 2988 ἀνάκλησις
3658 2954 3670 2978 ,
3708 2911 3783 3008 καὶ

2260 3005 2572 3090 ἀνάστασις·
2611 3025 2718 3078 τῶν
2762 3023 2821 3076 δὲ
2868 3016 3374 3075 ἀπολισθαινόντων
3403 3005 3774 3076 ἀνακαινισμδς,

2261 3120 2353 3172 καὶ
2393 3115 2807 3187 ἀναμόρφωσις,
2863 3111 2957 3164 καὶ
2991 3109 3100 3161 τῶν
3127 3103 3442 3175 ἑστηκότων
3487 3100 3678 3168 ἵδρυσις
3709 3092 3785 3187 καὶ

2261 3185 2549 3267 ἀσφάλεια.
2572 3185 2735 3272 Λέγει
2762 3201 2819 3257 δὲ
2853 3200 2946 3256 καὶ
2975 3200 3003 3254 6
3031 3193 3502 3266 Ἐκκλησιαστήςο
3534 3188 3697 3241 Ἔστιν
3720 3185 3784 3237 ἔλ-

577 3297 811 3367 querula
842 3313 906 3352 ac
937 3297 1157 3368 lugubri
1189 3314 1321 3353 voce
1355 3301 1699 3370 complerant
1733 3303 1919 3369 ;viam
1944 3319 1974 3360 a
2005 3315 2158 3361 recto

2265 3303 2353 3366 πὶς
2385 3301 2466 3354 ὅτι
2491 3318 2508 3352 ι
2550 3298 2608 3351 Ὀ
2639 3295 2784 3367 κύων
2827 3295 2856 3347 6
2883 3292 2990 3358 ζῶν
3025 3290 3186 3352 αὐτὸς
3225 3287 3433 3356 ἀγαθὸς
3463 3283 3593 3352 ὑπὲρ
3619 3279 3700 3386 τὸν
3720 3293 3788 3330 νε-

578 3387 718 3444 ealle
767 3386 1199 3444 exm'bilantium
1241 3405 1256 3454 ;
1298 3387 1442 3442 inter
1480 3392 1736 3446 tenebras
1798 3393 2158 3450 obambulan-

2268 3395 2394 3464 κρδν
2427 3392 2643 3445 λέοντα.
2689 3409 2706 3440 ι
2742 3389 2866 3441 Ὅτι
2913 3386 2963 3440 οἱ
2996 3383 3199 3448 ζῶντες
3228 3377 3532 3449 γνώσονται
3574 3375 3648 3426 ὅτι
3680 3375 3786 3423 ἀπο-

581 3481 718 3534 tium
748 3479 1132 3550 przefulgidum
1156 3481 1342 3534 lumen
1368 3497 1381 3546 ;
1405 3497 1597 3536 eorum
1626 3483 2045 3554 Redemptorem
2068 3488 2158 3556 qui

2266 3462 2575 3550 θανοῦνται,
2602 3483 2696 3536 καὶ
2720 3482 2773 3534 οί·
2799 3477 2986 3549 νεκρολ⁸
3025 3475 3125 3530 ούκ
3170 3473 3327 3526 ἴσασι
3347 3469 3440 3524 τὸν
3463 3467 3595 3522 κύνα
3619 3463 3697 3518 τὸν
3717 3462 3792 3515 ἀπο

580 3573 872 3642 rapiuntur
897 3573 964 3626 ad
990 3572 1406 3642 dependendaln
1425 3590 1662 3644 pennam.
1694 3576 1914 3632 Manum,
1931 3578 2158 3648 proinde

2265 3576 2628 3648 εγνωσμένον.
2671 3573 2835 3639 Λέγει
2876 3569 2934 3624 δὲ
2965 3569 3056 3622 καλ⁸
3076 3568 3105 3620 6
3131 3564 3349 3627 Παῦλος
3374 3561 3608 3657 περὶ-τοῦ
3640 3567 3786 3657 παρα·

581 3663 792 3732 premis
841 3671 897 3716 et
935 3663 1166 3718 cohibes
1219 3673 1392 3728 tuam,
1426 3681 1530 3721 nec
1583 3667 1742 3723 facile
1770 3669 1901 3723 iram
1956 3671 2158 3742 alioqui

2267 3667 2622 3727 πεπτωκότος
2639 3664 2695 3717 ὲν
2718 3659 2974 3732 Κορίνθῳ
2993 3654 3446 3719 ὲπιστέλλιον,ὅτι
3470 3672 3486 3702 ι
3511 3648 3790 3742 Τοὺναντῐον

581 3753 850 3813 adversus
874 3763 1192 3825 peccatores
1214 3766 1457 3825 paratam
1485 3759 1694 3814 exseris
1713 3769 1767 3815 et
1793 3771 2160 3833 contorques:

583 3856 804 3917 tempus
825 3847 996 3919 magis
1029 3849 1302 3920 indulges,
1329 3851 1433 3921 ipsi
1458 3861 1518 3907 ut
1550 3853 1956 3923 resipiscamus,
1986 3857 2164 3914 ethoc

580 3935 748 3994 nimis
768 3951 930 4005 quam
953 3937 1124 3995 multa
1149 3953 1278 4008 erga
1313 3955 1415 3994 nos
1437 3947 1527 3994 tua
1555 3941 1612 3994 lit
1637 3943 1994 4015 benignitate.
2017 3946 2162 4006 Exo-

583 4028 697 4084 rire
718 4029 935 4086 tandem
949 4036 1005 4085 et
1027 4030 1226 4101 aﬂ'ulge
1243 4032 1402 4096 mihi,
1423 4033 1672 4100 Domine,
1684 4037 1883 4092 misere
1896 4039 2160 4111 collapso,

581 4121 777 4192 utique
802 4130 856 4175 tu
882 4121 947 4176 ad
974 4123 1416 4182 misericordiam
1439 4126 1692 4191 festinus,
1719 4128 1908 4186 tardus
1934 4130 2004 4185 ad
2022 4131 2165 4187 irro-

582 4213 814 4284 gandam
841 4229 1081 4283 poenam.
1110 4216 1352 4281 Manum,
1378 4231 1585 4286 quaeso,
1602 4227 1749 4277 tuam
1775 4220 1832 4276 in
1855 4237 1941 4276 me
1959 4239 2162 4292 expor-

583 4305 764 4376 rigere
787 4317 878 4360 tua
898 4305 1140 4377 digneris
1156 4308 1456 4365 clementia
1479 4327 1493 4374 ;
1513 4320 1568 4366 et
1589 4326 1674 4366 me
1699 4327 1731 4366 e
1755 4313 1981 4369 lacustri
2005 4315 2162 4371 fovea

583 4397 939 4468 iniquitatem
981 4414 1228 4455 mearum
1287 4402 1516 4458 subleva
1542 4412 1600 4458 et
1656 4405 1856 4476 arrige.
1889 4407 1986 4462 Tu-
2013 4409 2160 4463 enim

581 4491 734 4546 solus
761 4491 904 4548 Deus
936 4501 1157 4558 noster,
1187 4494 1282 4563 qui
1313 4495 1454 4549 nihil
1492 4498 1678 4552 minus
1706 4515 1874 4568 quam
1905 4509 1965 4554 ut
2007 4501 2162 4556 oble-

582 4585 751 4642 cteris
785 4582 1134 4653 pereuntium
1175 4594 1529 4654 peccatorum
1576 4589 1935 4660 depulsione,
1963 4593 2160 4649 faciem

2268 3759 2468 3831 μᾶλλον
2511 3758 2654 3828 ὑμᾶς
2682 3750 3038 3826 χαρίσασθαι,
3069 3748 3165 3802 καὶ
3205 3743 3603 3814 παρακαλέσαι,

2262 3829 2329 3925 τῇ
2361 3850 2726 3923 περισσοτέρᾳ
2757 3844 2904 3916 λύπῃ
2938 3840 3228 3910 καταποθῇ
3257 3841 3286 3892 6
3321 3835 3582 3896 τοιοῦτος.
3611 3829 3691 3883 Διὸ

2268 3917 2488 4018 ρακαλνῶ
2518 3917 2671 4014 ὑμᾶς
2695 3917 2942 4012 κυρῶσαι
2993 3938 3075 4008 εἰς
3118 3933 3283 3990 αὑτὸν
3338 3931 3560 4021 ἀγάπην
3581 3967 3594 3989 ,
3615 3924 3716 4021 iw.
3735 3917 3790 4021 pla

2265 4007 2753 4104 πλεονεκτηθῶμεν
2780 4030 2886 4085 ὑπὸ
2934 4027 3030 4082 τοῦ
3061 4025 3280 4095 Σατανᾷ
3309 4039 3323 4053 ο
3360 4022 3420 4074 οὐ
3449 4020 3556 4088 γὰρ
3575 4011 3719 4069 αὑτοῦ
3743 4007 3796 4068 τὰ

2263 4132 2359 4202 νοή
2370 4146 2513 4200 ματα
2541 4124 2867 4195 ἀγνοοῦμεν.
2908 4140 2926 4173 ι
2962 4119 3074 4175 Καὶ
3102 4119 3263 4189 ἡμεῖς
3289 4110 3386 4169 οὖν
3415 4109 3794 4202 συναθλησωμεν

2265 4199 2468 4291 σὺντῷ
2513 4218 2710 4288 Παύλῳ
2755 4216 3044 4282 λέγοντες·
3081 4230 3100 4262 ι
3150 4209 3240 4262 Ἐν
3289 4206 3459 4260 παντὶ
3491 4199 3796 4291 θλιϐόμενοι.

2262 4315 2375 4370 ἀλλ’
2421 4287 2480 4370 ού
2534 4307 3063 4381 στενοχωρούμενοιο
3125 4299 3502 4372 ἀπορούμενοι
3531 4336 3546 4357 .
3595 4291 3696 4347 ἀλλ’
3720 4287 3797 4381 οῦκ

2263 4378 2726 4478 ἐξαπορούμενοιζ
2767 4378 3110 4469 διωκόμενοι,
3145 4395 3260 4449 ἀλλ’
3285 4396 3390 4449 οὐκ
3438 4378 3794 4488 ἐγκαταλειπό-

2266 4475 2455 4571 μενοιζ
2492 4475 2978 4562 καταὸαλλόμενοι,
3002 4489 3116 4544 ἀλλ’
3147 4487 3248 4542 οὐκ
3278 4483 3489 4539 ἀπολλύ
3501 4475 3799 4571 μενοιίηάν·

2263 4565 2383 4644 τοτε
2411 4588 2511 4658 τὴν
2545 4585 2814 4657 νέκρωσιν
2847 4581 2942 4636 τοῦ
2967 4579 3178 4650 Κυρίου
3221 4575 3400 4648 Ἰησοῦ
3442 4576 3498 4632 ὲν
3522 4571 3599 4643 τῷ
3629 4565 3803 4658 σώματι

582 4675 906 4746 neutiquam
930 4675 1134 4730 avertis
1166 4675 1234 4728 ab
1264 4690 1330 4730 eo
1361 4678 1459 4746 qui
1485 4679 1540 4734 in
1563 4686 1616 4734 te
1637 4696 1804 4735 unum
1829 4697 1954 4737 eum
1979 4683 2158 4756 lacry-

2267 4653 2675 4750 περιφέροντες.
2703 4675 2825 4728 Ἵνα
2859 4671 3009 4741 καὶή
3039 4671 3151 4740 ζωὴ
3186 4665 3279 4721 τοῦ
3330 4664 3515 4756 ’ίησοῦ
3553 4653 3802 4756 pairs-M6

584 4769 690 4824 mis
717 4765 963 4836 pressius
1003 4763 1204 4818 mentis
1242 4764 1417 4819 aciem
1445 4765 1655 4837 deligit.
1695 4769 1908 4842 1074
1936 4770 2163 4838 Exaudi,

584 4859 848 4924 Domine,
892 4856 1037 4913 servi
1094 4854 1176 4910 tui
1231 4871 1424 4913 vocem
1492 4859 1782 4915 clamantis
1819 4862 1888 4916 ad
1947 4871 2023 4927 te,
2076 4863 2164 4920 lu—

584 4967 822 5022 menque
897 4960 1052 5006 tuum
1121 4947 1340 5008 illustra
1395 4963 1562 5022 atque
1613 4952 1818 5008 irradia
1843 4953 1900 5007 in
1951 4969 2036 5010 me
2069 4954 2160 5025 qui

584 5045 893 5100 exstinctus
913 5046 1025 5117 jam
1059 5062 1215 5112 sum;
1240 5045 1576 5102 rorulentam
1611 5045 1956 5116 asperginem
1989 5047 2160 5102 sancti

586 5138 666 5194 tui
695 5137 935 5206 Spiritus
954 5138 1157 5195 instzlla
1197 5139 1252 5193 in
1276 5154 1386 5203 me,
1421 5146 1476 5193 et
1503 5149 1810 5208 promptam
1851 5139 2022 5194 animi
2050 5141 2165 5196 ala-

585 5229 836 5286 eritatem
864 5230 1146 5301 impertire
1177 5231 1312 5287 mihi
1363 5231 1447 5286 vel
1495 5230 1758 5303 gratuito,
1789 5239 1850 5286 ut
1884 5231 2036 5301 quia
2080 5247 2167 5286 me

585 5338 738 5394 spem
790 5323 998 5396 alioqui
1033 5325 1232 5397 abieci,
1273 5325 1630 5381 corroborem
1685 5323 1958 5395 meipsum
2019 5325 2077 5379 in
2115 5334 2167 5380 te

584 5417 942 5474 vehementer
980 5425 1038 5474 et
1082 5419 1425 5473 conlirmem.
1496 5417 1684 5481 Verte,
1759 5417 1832 5471 mi
1902 5417 2166 5483 Domine,

592 5528 609 5556 ι
664 5509 942 5580 planctum
991 5523 1177 5564 meum
1228 5510 1283 5564 in
1323 5507 1582 5578 gaudium
1639 5509 1773 5562 mihi
1817 5525 1830 5573 ;
1882 5507 2162 5579 disrumpe

585 5616 805 5657 saccum
832 5617 1014 5657 meum
1041 5610 1098 5656 et
1131 5599 1501 5670 circumeinge
1534 5615 1621 5655 me
1647 5600 1832 5655 lzetitia
1866 5601 1930 5655 θ’.
1965 5619 1984 5650 ι

654 5689 1318 5762 Complaceataliquando
1343 5698 1402 5744 ut
1440 5689 1708 5759 desinam,
1738 5699 1793 5746 et
1821 5690 1890 5745 ab
1917 5691 2166 5747 occiduis

586 5795 753 5856 atque
787 5783 1114 5854 vespertinis
1143 5782 1280 5839 meis
1320 5783 1582 5855 operibus
1625 5784 2068 5858 interquiescam,
2101 5800 2161 5842 ac

662 5940 704 5969 ν’
725 5940 844 5996 Psal
879 5956 1019 5999 xxix.
1069 5943 1153 5998 19..

2267 4743 2435 4840 ὲν.τῇ
2467 4743 2634 4838 θνητῇ
2671 4764 2836 4836 σαρκὶ
2867 4762 3042 4835 ἡμῶν.
3081 4780 3100 4814 ι
3133 4758 3244 4812 Καὶ
3287 4750 3472 4821 αὖθις,
3506 4774 3526 4806 ι
3568 4753 3626 4808 '0
3651 4743 3804 4840 Πατὴρ

2267 4861 2380 4917 τῶν
2410 4837 2710 4928 οἰκτιρμῶν
2735 4895 2751 4918 ,
2795 4855 2891 4908 καὶ
2925 4853 3056 4915 Θεὸς
3090 4851 3272 4920 πάσης
3308 4837 3805 4928 παρακλήσεωςικαί

2266 4957 2295 5008 6
2330 4925 2664 5024 παρακαλῶν
2705 4949 2852 5018 ἡμᾶς
2885 4948 2942 5004 ὲν
2973 4944 3125 5015 πάσῃ
3159 4946 3226 5014 τῇ
3257 4941 3444 5012 θλίψει
3474 4937 3629 5010 ἡμῶν
3668 4925 3805 5024 είς-εδ

2267 5019 2530 5100 δύνασθαι
2558 5042 2709 5114 ἡμᾶς
2743 5037 3080 5110 παρακαλεῖν
3101 5036 3227 5098 τοὺς
3263 5035 3322 5086 ὲν
3352 5033 3506 5100 πάσῃ
3531 5026 3712 5118 θλίψει,

2265 5139 2366 5208 τῆς
2396 5135 2812 5207 παρακλήσεως,
2840 5125 2907 5203 ἧς
2938 5123 3408 5201 παρακαλούμεθα
3433 5120 3588 5176 αὐτολ⁵
3615 5115 3710 5172 ὑπὸ
3729 5115 3804 5208 ,τοῦ

2265 5207 2426 5284 Θεοῦ·
2457 5231 2539 5283 ὅτι
2581 5225 2764 5288 καθὼς
2807 5220 3123 5295 περισσεύει
3160 5220 3229 5273 τὰ
3257 5217 3566 5287 παθήματα
3596 5209 3687 5271 τοῦ
3725 5207 3805 5271 Ἰη-

2267 5323 2384 5387 συῦ,
2421 5321 2562 5376 οὓτω
2606 5319 2695 5374 διὰ
2730 5315 2825 5371 τοῦ
2859 5313 3096 5387 Χριστοῦ
3124 5309 3446 5384 περισσεύει
3476 5308 3569 5361 καὶ
3597 5306 3630 5374 ἡ
3657 5295 3804 5369 παρά·

2267 5414 2459 5484 κλησις
2492 5411 2670 5482 ⁴ιιμῶν.
2706 5408 2832 5462 Εἴτε
2856 5407 2914 5460 δὲ
2939 5402 3256 5476 θλιϐόμεθα,
3289 5401 3384 5455 διὰ
3419 5401 3520 5469 τῆς
3554 5394 3698 5466 ὑμῶν
3724 5406 3809 5484 παῖ

2273 5479 2592 5579 ρακλήσεως
2621 5503 2714 5556 καὶ
2745 5499 3038 5571 σωτηρίαςο
3085 5497 3195 5550 εἴτε
3229 5486 3719 5579 παρακαλούμεθα,
3738 5479 3811 5536 διὰ

2268 5577 2366 5674 τῆς
2418 5577 2574 5666 ὗμῶν
2619 5594 3020 5668 παρακλήσεως
3055 5594 3153 5664 τῆς
3187 5586 3590 5660 ἐνεργουμένης
3623 5577 3812 5674 ἐνύπυ·

2273 5668 2413 5763 μονῇ
2453 5689 2559 5744 τῶν
2589 5686 2750 5743 αὐτοῦ
2801 5684 3161 5756 παθημάτων,
3191 5674 3266 5735 ὧν
3300 5677 3401 5732 καὶ
3449 5676 3606 5771 ἡμεῖς

2278 5762 2396 5856 μεν,
2435 5782 2527 5837 καὶ
2570 5783 2606 5854 ἡ
2641 5781 2792 5846 ἐλπὶς
2833 5777 2988 5855 ἡμῶν
3029 5774 3245 5850 βεϐαία,
3279 5790 3298 5825 ι
3330 5771 3425 5840 Μὴ
3471 5762 3565 5821 οὖν
3604 5762 3814 5837 παραδεη
