3868 6510
117 438 245 505 1525

998 440 1323 500 HOMILIA
1365 442 1606 504 XXVII.
1635 466 1705 477 -
1735 442 1831 502 DE
1872 442 2467 506 DESPERATIONE.

3222 441 3356 505 1,526

116 553 347 624 ξὼμεθα,
369 550 659 621 ἀγαπητοὶ,
685 554 783 621 τὴν
810 552 1079 625 κακίστην
1100 571 1164 606 συ
1174 552 1433 623 μὸουλίαν
1452 550 1547 607 τοῦ
1564 552 1677 605 δια·
1706 601 1711 612 γ

1778 554 1996 610 demum
2028 556 2320 613 diluculari
2346 568 2403 613 et
2428 559 2693 615 matutina
2732 558 2983 629 perfruar
3012 556 3223 626 requie,
3248 571 3349 625 qua

113 645 283 709 σάλου,
307 644 475 714 ἤγουν
501 645 604 714 τῆς
645 642 1031 712 ἀπογνώσεως·
1068 645 1195 717 μηδ’
1236 646 1374 709 ὅλως
1403 644 1541 719 εὕρῃ
1573 664 1679 699 πα-

116 737 379 810 ρείσδυσιν
412 737 491 799 είς
539 737 705 807 ἡμᾶς.
736 735 884 807 Αὕτη
938 737 1046 808 γάρ
1072 738 1221 791 ἐστιν
1256 740 1289 810 ﬁ
1320 739 1502 791 τελεία
1532 738 1677 808 χαρὰ

111 827 199 883 τοῦ
228 826 493 882 διασόλου·
519 826 659 881 ἀλλὰ
684 827 885 899 μᾶλλον
896 828 1266 899 ἀνανήψωμεν
1309 829 1386 893 ὡς
1416 831 1443 882 ὁ
1469 830 1676 893 ἄσωτος

112 921 238 985 υίὸς,
262 919 358 973 καὶ
396 919 815 992 ἐπιστρέψωμεν
856 920 993 993 πρὸς
1032 921 1125 975 τὸν
1152 920 1529 992 εὔσπλαγχνον
1560 924 1675 976 Πα-

112 1013 235 1083 τέρα
267 1010 405 1083 μετά
433 1010 614 1075 αἰδοῦς
645 1012 738 1065 καὶ
770 1014 979 1085 χαρᾶς·
1011 1014 1108 1066 καὶ
1130 1013 1396 1085 εἴπωμεν·
1425 1034 1442 1065 ι
1473 1014 1671 1083 Πάτερ,

113 1105 351 1173 ἥμαρτον
384 1104 465 1166 είς
502 1100 595 1155 τὸν
632 1102 862 1174 οὐρανὸν
911 1104 1006 1157 καὶ
1039 1104 1270 1158 ἐνώπιόν
1305 1122 1421 1171 σου,
1466 1122 1485 1158 ι
1523 1102 1675 1170 δέξαι

116 1211 177 1266 με
215 1192 287 1255 ὡς
333 1193 431 1246 ἕνα
478 1193 585 1248 τῶν
627 1194 855 1266 μισθίων
906 1212 998 1249 σου
1022 1209 1035 1224 '
1070 1197 1165 1250 xui.
1202 1195 1462 1266 είσάγαγέ
1499 1214 1563 1267 με
1597 1198 1677 1260 είς

112 1285 204 1354 τὴν
235 1284 479 1355 μάνδραν
514 1302 607 1339 σου
638 1285 697 1338 τὸ
721 1285 1000 1351 ἀπολωλὸς
1023 1287 1313 1358 πρόϐατονο
1344 1287 1431 1341 ἴνα
1462 1288 1537 1358 μὴ
1569 1287 1674 1352 ἔξω

115 1375 277 1447 εὑρών
303 1392 371 1445 με
398 1378 427 1429 ὁ
446 1376 609 1441 λύκος
640 1379 669 1431 ὁ
696 1376 911 1447 λυμεὼν
949 1378 1245 1454 καταφάγῃ
1276 1397 1364 1451 με.
1406 1376 1535 1434 Οἶδα
1567 1382 1675 1453 γάρ

116 1484 186 1533 σε,
218 1467 485 1531 Δέσποτα,
534 1468 628 1521 τὸν
678 1468 841 1521 καλὸν
894 1469 1144 1541 ποιμένα,
1185 1471 1279 1523 καὶ
1334 1470 1533 1542 λιμένα
1567 1470 1675 1524 τῶν

115 1558 542 1629 χειμαζομένων.
579 1558 769 1613 ἐλπίδα
816 1558 924 1612 τῶν
972 1561 1439 1632 ἀπηλπισμένων,
1490 1562 1675 1635 ίατρδν

114 1650 212 1702 τῶν
234 1651 677 1722 ἀπεγνωσμένων
697 1668 711 1683 ⁵
744 1652 1002 1723 ὲπίδησον
1026 1652 1075 1717 ά,
1106 1655 1376 1715 Δέσποτα,
1409 1654 1477 1707 τὰ
1506 1656 1675 1725 τραύο-

116 1744 251 1815 ματά
278 1761 379 1815 μου
410 1743 579 1815 ἐλαίῳ
617 1745 712 1797 καὶ
747 1744 895 1815 οἴνῳ,
931 1744 965 1799 ἃ
1010 1746 1256 1817 ὲτρὼθην
1291 1748 1395 1801 ὑπὸ
1423 1749 1533 1801 τῶν
1580 1748 1675 1820 λῃ·

116 1835 263 1889 στῶν.
291 1835 468 1899 Αὐτὸς
494 1836 603 1907 γὰρ
622 1831 805 1900 εἴπας,
839 1835 1037 1908 Κύριε·
1078 1857 1095 1887 ι
1127 1838 1199 1890 Οὐ
1232 1838 1422 1909 χρείαν
1459 1838 1674 1910 ἔχουσιν

117 1928 160 1979 oi
188 1925 521 1996 ὑγιαίνοντες
548 1928 756 2001 ἰατροῦ,
784 1929 898 1982 ἀλλ’
920 1928 969 1981 ei
1002 1927 1187 1995 κακῶς
1214 1929 1446 2000 ἔχοντες.
1485 1951 1501 1984 ι
1552 1932 1677 1984 Ἐὰν
1711 1913 1750 1967 Β

116 2018 242 2073 οὕτω
271 2019 496 2092 δεηθῇς,
536 2024 723 2093 ὲγερεῖ
770 2020 844 2085 ὡς
884 2021 977 2075 τὸν
1024 2022 1358 2094 παράλυτον,
1392 2024 1487 2078 καὶ
1536 2024 1681 2089 λέξει

120 2130 225 2166 σοι’
266 2132 284 2166 ι
325 2115 431 2167 Ἴδε
469 2114 626 2187 ὑγιὴς
656 2116 910 2185 γέγονας,
948 2118 1148 2187 μηκέτι
1175 2117 1481 2189 ἁμάρτανε.
1524 2138 1541 2170 ι
1578 2120 1683 2171 Αὐ-

116 2206 196 2269 τὸς
222 2206 329 2278 γὰρ
360 2206 573 2278 Κύριος
610 2208 994 2279 παραϐολικῶς
1040 2205 1161 2262 εἷπε
1204 2210 1333 2280 περὶ
1364 2210 1461 2279 τῆς
1484 2211 1679 2282 χήρας,

118 2299 199 2352 καὶ
225 2298 313 2352 τοῦ
345 2299 541 2371 κριτοῦ
574 2302 669 2371 τῆς
696 2302 931 2367 ἀδικίας,
963 2302 1208 2373 περὶτοῦ
1237 2303 1347 2356 δεῖν
1377 2304 1523 2374 ἡμᾶς
1546 2306 1683 2358 πάν-

114 2407 221 2444 τοτε
254 2390 535 2462 εὔχεσθαι,
572 2395 667 2447 καὶ
698 2394 772 2467 μὴ
802 2396 1077 2451 ἑκκακεῖν.
1111 2398 1222 2451 Καὶ
1270 2398 1467 2466 ἐπάγει
1498 2413 1511 2428 ο
1557 2416 1575 2448 ι
1622 2398 1681 2451 '0

117 2484 235 2548 θεδς
284 2485 343 2538 οὐ
401 2485 479 2557 μὴ
542 2487 756 2558 ποιήσει
800 2486 899 2560 τὴν
945 2488 1225 2562 ἐκδίκησιν
1256 2490 1367 2545 τῶν
1406 2486 1683 2545 ἐκλεκτῶν

118 2573 291 2639 αὑτοῦ,
313 2574 423 2627 τῶν
454 2574 710 2647 βοώντων
739 2580 875 2649 πρὸς
906 2579 1070 2633 αὐτὸν
1099 2580 1315 2651 ἡμέρας
1343 2584 1436 2634 καὶ
1465 2580 1682 2645 νυκτὸς,

119 2665 201 2718 καὶ
246 2665 629 2737 μακροθυμεῐς
672 2668 761 2721 ναὶ
808 2668 954 2738 λέγω
1006 2669 1157 2741 ὑμῖν,
1203 2671 1285 2725 ὅτι
1333 2672 1548 2743 ποιήσει
1580 2673 1679 2743 τὴν

1779 660 1838 707 tu
1868 660 1992 707 tuos
2028 652 2234 707 electos
2281 650 2734 721 tranquillissime
2759 650 2993 715 refoves,
3045 648 3371 713 Domine,.a

1777 745 1982 816 quibus
2012 760 2177 815 porro
2209 745 2367 799 dolor
2406 744 2546 815 fugit
2569 760 2631 799 ac
2664 744 2921 815 gemitus.
2973 743 3147 814 Regni
3178 740 3254 796 tui
3274 742 3355 817 ja-

1776 854 1885 892 nua
1920 837 2077 902 mihi,
2135 852 2343 907 quaeso,
2398 836 2767 906 adaperiatur,
2806 847 2865 891 ut
2895 852 3017 892 eam
3076 836 3356 907 ingressus

1776 942 1902 983 cum
1935 930 2024 983 his
2052 930 2145 999 qui
2190 928 2394 983 lumine
2420 928 2605 982 vultus
2634 928 2732 992 tui,
2767 929 3015 992 Domine,
3064 928 3356 998 perfruun-

1779 1029 1892 1088 tur,
1922 1022 2145 1075 demum
2179 1021 2294 1091 ipse
2346 1020 2598 1090 perfruar
2635 1021 2802 1074 etiam
2833 1020 3083 1076 beatifica
3119 1019 3356 1089 perfrui-

1776 1113 1927 1169 tione
1956 1123 2174 1169 aeternm
2221 1112 2369 1166 illius
2421 1122 2527 1167 tua:
2555 1114 2699 1177 vitm,
2738 1114 2791 1167 in
2832 1113 3055 1168 Christo
3086 1113 3216 1167 Jcsu
3249 1112 3355 1167 Do-

1778 1206 1928 1261 mino
1960 1215 2170 1261 nostro.
2201 1204 2280 1259 Ad
2318 1221 2444 1259 cum
2476 1204 2723 1270 modum,
2756 1206 2799 1259 si
2828 1205 3043 1276 deiecto
3072 1214 3127 1259 et
3158 1206 3353 1260 humili

1777 1299 1945 1354 corde
1993 1299 2095 1368 ipsi
2156 1298 2527 1369 procidemus.
2580 1299 2769 1368 utique
2812 1308 3056 1353 nostram
3101 1299 3353 1354 admittet

1777 1388 2240 1459 deprecationem.
2316 1388 2376 1442 In
2432 1389 2583 1441 omni
2640 1388 2807 1457 igitur
2870 1387 3180 1458 aﬂ‘ulgentia
3216 1389 3356 1447 lucis

1778 1481 1975 1537 divinae
2002 1497 2111 1552 qua
2144 1479 2406 1536 illustrari
2446 1495 2547 1535 nos
2574 1480 2844 1535 sentimus
2870 1487 2926 1534 et
2962 1480 3352 1546 circumfundi,

1776 1572 2106 1645 hymnorum
2143 1571 2481 1641 laudumque
2508 1570 2700 1642 juhilis
2739 1585 2962 1627 necesse
2996 1570 3067 1624 sit
3090 1570 3268 1641 ipsum
3294 1581 3355 1624 ut

1776 1666 2141 1722 celebremus.
2185 1665 2304 1735 Ipse
2336 1664 2485 1719 enim
2530 1664 2805 1718 bonorum
2866 1663 3112 1717 omnium
3163 1670 3356 1725 auctor

1776 1768 1881 1824 est,
1911 1758 2087 1828 origo,
2119 1759 2254 1822 vita,
2283 1754 2548 1812 essentia.
2578 1753 2729 1810 Idem
2767 1768 2956 1809 eorum
2991 1768 3211 1824 quoque
3259 1753 3353 1824 qui

1778 1852 1846 1906 ab
1878 1852 1997 1921 ipso
2035 1849 2389 1905 desciverunt
2438 1846 2718 1902 revocatio
2744 1854 2800 1901 et
2851 1847 3184 1901 resurrectio
3214 1863 3229 1912 ;
3259 1847 3353 1916 qui

1780 1950 1963 1997 autem
1994 1949 2049 1995 et
2095 1938 2445 1994 defluxerunt
2477 1947 2641 2006 atque
2687 1936 2926 2008 prolapsi
2958 1945 3107 2000 sunt.
3145 1945 3355 1991 restau-

1781 2034 1923 2088 ratio
1950 2048 2013 2087 ac
2060 2030 2415 2086 reformatio:
2469 2030 2733 2083 stantium
2768 2026 2999 2098 proinde
3043 2028 3274 2082 ﬁrmitas
3301 2036 3356 2083 et

1781 2126 2033 2180 tulelaris
2101 2124 2393 2194 protectio.
2446 2122 2592 2176 Dixit
2651 2122 3049 2177 Ecclesiastes:
3093 2122 3189 2175 Est
3230 2136 3357 2191 spes

1780 2216 1907 2286 quia
1954 2235 1970 2266 ι
1998 2214 2151 2269 canis
2200 2213 2360 2266 vivus
2412 2212 2609 2267 melior
2649 2218 2732 2266 est
2766 2212 2924 2266 leone
2958 2210 3247 2265 mortuo"
3278 2228 3290 2263 :
3334 2232 3350 2261 ι

1782 2309 1874 2379 qui
1913 2308 2059 2362 enim
2084 2308 2297 2371 vivunt,
2338 2305 2527 2375 utique
2554 2311 2829 2359 noverunt
2878 2319 2934 2359 se
2959 2317 3081 2358 esse
3121 2303 3356 2357 moritu-

1788 2400 2150 2467 ros;mortui
2200 2412 2351 2463 vero,
2384 2414 2451 2452 ne
2498 2412 2691 2453 canem
2743 2396 2964 2466 quidem
3010 2396 3357 2465 deploratum

1788 2493 1991 2549 sciunt.
2026 2490 2133 2547 Sed
2164 2499 2219 2545 et
2252 2490 2455 2545 Paulus
2503 2488 2571 2545 de
2598 2504 2665 2543 eo
2696 2487 2790 2559 qui
2832 2486 3085 2542 Corinthi
3110 2486 3164 2540 in
3194 2502 3358 2557 grave

1780 2587 2077 2657 impegerat
2106 2583 2390 2647 delictum,
2426 2598 2521 2652 per
2541 2582 2845 2651 Epistolam
2873 2579 3007 2635 dicit
3032 2597 3045 2633 :
3080 2598 3099 2631 ι
3125 2579 3204 2634 Ita
3234 2587 3295 2633 ut
3326 2593 3357 2633 e

1779 2673 2060 2729 contrario
2109 2671 2281 2742 magis
2345 2668 2564 2724 donetis
2585 2678 2642 2723 et
2684 2664 3067 2731 consolemini,
3096 2679 3165 2720 ne
3216 2664 3358 2719 forte

121 2758 379 2830 ἐκδίκησιν
411 2760 600 2815 αὐτῶν
643 2762 699 2815 ὲν
729 2760 907 2833 τάχει.
956 2780 976 2815 ι
1008 2761 1171 2833 Αὐτῷ
1205 2764 1239 2833 ἡ
1269 2762 1396 2827 δόξα
1430 2765 1512 2828 είς
1554 2765 1683 2827 τοὺς

1778 2764 2171 2821 abundantiori
2196 2763 2418 2819 tristitia
2442 2762 2806 2819 absorbeatur
2835 2760 2883 2816 is
2908 2778 2921 2815 :
2960 2767 3185 2831 propter
3209 2756 3355 2828 quod

119 2848 320 2914 αἰῶνας.
363 2851 563 2925 Ἀμήν.

1777 2858 2014 2914 obsecro
2044 2873 2143 2912 vos
2175 2865 2237 2911 ut
2273 2855 2613 2911 conﬁrmetis
2642 2854 2696 2909 in
2726 2854 2880 2909 illum
2914 2852 3262 2913 charitatem,
3299 2860 3357 2905 ut

120 2958 178 2997 ne
212 2944 711 3001 eircumveniamur
734 2961 765 3001 a
796 2945 1034 3013 Satana;
1071 2960 1182 3001 non
1206 2947 1354 3002 enim
1415 2946 1729 3018 ignoramus
1766 2948 2127 3021 cogitationes
2148 2949 2353 3020 ejus“.
2377 2966 2394 2999 ι
2426 2947 2537 3002 Nos
2560 2947 2743 3016 itaque
2770 2960 2897 3001 cum
2939 2945 3106 3000 Paulo
3127 2942 3355 3014 parilem

120 3052 329 3109 agonem
352 3042 1061 3105 sustineamus,dicentes:
1133 3042 1239 3096 «In
1312 3042 1569 3098 omnibus
1628 3043 2040 3101 tribulationem
2110 3045 2371 3114 patimur,
2420 3043 2517 3099 sed
2584 3058 2693 3097 non
2753 3040 3172 3113 angustiamur;
3229 3053 3359 3109 apo-

127 3130 340 3201 riamur,
364 3133 461 3188 sed
496 3149 609 3188 non
670 3131 1064 3199 destituimur;
1112 3134 1553 3203 persecutionem
1608 3137 1868 3206 patimur,
1909 3137 2004 3192 sed
2056 3154 2168 3191 non
2223 3134 2651 3205 delinquimur;
2719 3134 3032 3206 dejicimur,
3086 3132 3181 3188 sed
3247 3148 3356 3187 non

121 3222 406 3291 perimus;
497 3240 719 3295 semper
770 3222 1251 3280 mortiﬁcationem
1309 3225 1439 3280 Jesu
1519 3226 1572 3279 in
1640 3242 1872 3297 corpore
1931 3228 2428 3291 circumferentes,
2462 3232 2524 3280 ut
2561 3233 2617 3279 et
2670 3225 2779 3279 vita
2837 3225 2969 3281 Jesu
3036 3224 3357 3279 manifeste-

125 3323 204 3371 tur
229 3316 281 3369 in
321 3331 485 3371 carne
540 3324 729 3371 nostra
784 3315 1001 3369 mortali
1033 3316 1101 3369 ".
1136 3333 1154 3366 ι
1190 3314 1403 3371 Rursus
1434 3333 1446 3368 :
1480 3334 1497 3366 ‹
1533 3316 1695 3371 Pater
1733 3317 2243 3373 misericordiarum
2294 3324 2350 3371 et
2372 3317 2519 3373 Deus
2569 3317 2738 3372 totius
2778 3316 3199 3381 consolationis,
3264 3317 3358 3387 qui

123 3410 415 3467 consolatur
440 3426 547 3467 nos
572 3412 626 3465 in
661 3411 811 3467 omni
841 3410 1197 3465 tribulatione
1224 3425 1324 3480 per
1352 3412 1787 3467 consolationem
1817 3429 1924 3483 qua
1972 3413 2321 3467 consolamur
2392 3428 2421 3466 a
2492 3412 2604 3467 Deo
2636 3429 2651 3478 ;
2716 3412 2846 3482 quia
2886 3412 3030 3467 sicut
3076 3410 3361 3483 abundant

122 3506 384 3573 passiones
418 3506 575 3571 .Iesu,
612 3507 685 3560 ita
712 3522 811 3577 per
843 3504 1123 3561 Christum
1154 3504 1397 3560 abundat
1425 3515 1482 3561 et
1507 3506 1809 3562 consolatio
1843 3516 2027 3562 nostra
2056 3525 2070 3574 ;
2119 3509 2235 3563 sive
2301 3508 2651 3573 tribulamur,
2697 3522 2797 3577 pro
2858 3515 3041 3561 vestra
3099 3506 3358 3564 exhorta-

125 3601 254 3657 tione
276 3611 330 3657 et
374 3603 580 3665 salute,
609 3602 724 3657 sive
776 3602 879 3672 ipsi
918 3602 1285 3668 consolamur,
1326 3616 1422 3673 per
1450 3610 1691 3657 vestram
1728 3603 2161 3658 consolationem
2192 3620 2313 3673 qua:
2340 3603 2635 3659 efﬁcaciter
2682 3610 2941 3673 operatur
2986 3601 3042 3655 in
3111 3600 3359 3654 toleran-

124 3696 190 3750 tia
217 3696 531 3765 passionum
580 3698 775 3768 ipsius,
821 3712 958 3767 quas
1000 3706 1057 3752 et
1076 3711 1179 3752 nos
1207 3697 1469 3768 patimur,
1498 3705 1553 3751 et
1577 3712 1703 3767 spes
1734 3707 1924 3753 nostra
1964 3698 2119 3753 firma
2150 3709 2233 3755 est
2256 3701 2321 3754 ⁷³.
2357 3719 2374 3752 ι
2408 3699 2487 3755 Ne
2515 3699 2711 3770 igitur,
2766 3696 3110 3762 charissimi,
3166 3706 3357 3751 trucu-

126 3791 389 3848 lentissimi
434 3793 599 3848 istius
629 3792 928 3858 diemonis,
964 3794 1175 3866 1075
1204 3810 1401 3866 nempe
1439 3794 1860 3867 desperationis,
1936 3810 2177 3866 unquam
2223 3794 2608 3849 admiserimus
2646 3790 2960 3855 consilium,
3017 3798 3077 3845 ut
3145 3805 3214 3844 ne
3254 3805 3362 3860 qua

125 3897 355 3957 exparte
402 3890 713 3960 comperiat
762 3890 973 3944 aditum
1013 3906 1123 3961 quo
1160 3906 1219 3946 se
1297 3892 1469 3947 menti
1518 3902 1719 3947 nostrae
1757 3890 2150 3947 blandissimus
2216 3898 2495 3945 veterator
2550 3889 2841 3952 insinuet,
2892 3886 3103 3940 clamve
3156 3885 3362 3956 irrepat

128 3979 293 4050 (aliud
316 3984 463 4039 enim
494 3984 637 4039 nihil
664 3985 978 4055 desperatio
1021 4001 1187 4057 quam
1228 3986 1534 4056 perfectum
1573 3986 1779 4040 diaboli
1808 3984 2155 4055 gaudium);
2220 3982 2350 4052 quin
2404 3980 2588 4051 potius
2653 3995 2755 4035 nos
2817 3979 2964 4048 ipsos
3026 3976 3375 4047 recipiamus.

128 4071 184 4125 ad
214 4074 399 4131 sobria:
429 4092 496 4132 ac
553 4076 800 4132 melioris
856 4076 983 4132 vitae
1025 4076 1261 4148 frugem,
1289 4078 1539 4148 exemplo
1581 4077 1677 4131 filii
1716 4076 1953 4147 prodigi.
1981 4076 2117 4132 Cum
2150 4074 2457 4129 reverentia
2480 4071 2642 4127 simul
2668 4079 2724 4125 et
2780 4070 2978 4141 gaudio
3030 4068 3099 4123 ad
3122 4069 3361 4123 clemen-

130 4160 378 4220 tissimum
425 4166 646 4221 Patrem
704 4174 1114 4231 convertamur,
1157 4168 1248 4221 cui
1300 4178 1357 4223 et
1402 4168 1653 4223 dicamus
1686 4186 1699 4221 :
1750 4187 1767 4220 ‹
1796 4167 1980 4233 Pater,
2012 4165 2234 4236 peccavi
2268 4165 2324 4219 in
2349 4163 2549 4219 ctelum
2575 4171 2629 4217 et
2662 4176 2847 4217 coram
2908 4169 2961 4215 te
2992 4160 3057 4225 ⁷⁵,
3092 4178 3108 4210 ι
3144 4160 3359 4228 suscipe

130 4268 203 4311 me
232 4265 288 4312 ut
318 4275 488 4315 unum
545 4260 784 4331 aliquem
810 4276 843 4317 e
890 4262 1247 4318 mercenariis
1295 4261 1424 4327 tuis,
1498 4279 1696 4334 meque
1736 4261 1996 4317 introduc
2027 4261 2083 4315 in
2138 4260 2351 4315 caulam
2395 4256 2575 4329 gregis
2637 4256 2737 4319 tui,
2775 4253 3043 4309 oviculam
3081 4251 3222 4305 hanc
3254 4250 3360 4304 ιιιί-

131 4364 236 4404 sere
259 4351 549 4421 perditam,
574 4362 637 4408 ut
679 4369 747 4409 ne
790 4362 945 4411 extra
976 4355 1149 4410 caulae
1179 4364 1287 4410 tua:
1323 4363 1479 4427 septa
1509 4356 1788 4411 inventam
1812 4356 2059 4411 hinlcula
2098 4353 2257 4409 fauce
2301 4350 2598 4406 absorbent
2656 4349 2819 4418 lupus
2875 4345 2967 4399 ille
3014 4342 3361 4398 truculentus

131 4451 416 4513 corruptor.
450 4445 619 4501 Plane
648 4446 776 4500 novi
798 4460 921 4517 ego,
952 4445 1028 4500 mi
1050 4444 1222 4512 Ilere,
1249 4445 1459 4501 bonum
1490 4454 1544 4502 te
1568 4462 1689 4504 esse
1725 4456 2024 4517 pastorem,
2087 4461 2151 4501 ac
2189 4459 2384 4501 eorum
2432 4457 2553 4499 esse
2605 4439 2943 4496 tutissimum
3006 4445 3229 4508 portum
3265 4438 3359 4506 qui

132 4534 303 4603 quavis
323 4545 645 4609 tempestate
676 4538 875 4594 misere
901 4537 1300 4609 percelluntur,
1365 4554 1517 4610 spem
1575 4540 1938 4595 certissimam
1979 4538 2047 4593 de
2114 4553 2174 4593 se
2224 4534 2678 4606 desperantium,
2727 4529 3118 4588 immedicabili
3168 4528 3362 4585 morbo

134 4624 509 4696 desperationis
524 4627 899 4683 laborantium
918 4627 1409 4699 praesentissimum
1433 4627 1728 4684 medicum.
1748 4626 1913 4694 Cura,
1936 4643 1969 4682 o
1992 4626 2222 4682 Domine
2248 4666 2264 4691 ,
2288 4624 2396 4681 olei
2419 4639 2494 4679 ac.
2510 4622 2623 4678 vini
2648 4620 2926 4676 infusione
2950 4619 3182 4673 vulnera
3209 4632 3330 4672 mea
3346 4656 3360 4679 ,

135 4718 314 4786 quibus
335 4720 621 4791 praedones
638 4720 730 4777 isti
754 4737 841 4777 me
859 4721 1215 4777 inclementer
1236 4721 1687 4778 consauciarunt.
1705 4721 1891 4785 Certe,
1914 4720 2167 4786 Domine,
2190 4720 2308 4790 ipse
2332 4718 2519 4773 dixisti
2548 4736 2560 4771 :
2594 4738 2611 4769 ‹
2636 4717 2755 4771 Νοη
2774 4722 2937 4785 egent
2962 4713 3054 4783 qui
3076 4711 3195 4767 sani
3233 4718 3362 4766 sunt

136 4809 457 4873 medico.sed
479 4812 575 4882 qui
596 4812 738 4868 male
765 4812 973 4868 habent
993 4813 1062 4869 ⁷³.
1089 4831 1107 4863 ι
1138 4812 1251 4868 [loc
1271 4821 1434 4885 pacto
1455 4828 1580 4869 cum
1599 4812 1866 4879 oraveris,
1882 4812 2155 4883 iacentem
2180 4818 2230 4865 te
2249 4819 2307 4863 ut
2328 4809 2477 4863 illum
2508 4807 2860 4878 paralyticum
2884 4805 3079 4875 eriget,
3107 4802 3363 4872 dicetque

138 4900 259 4957 tibi:
291 4923 308 4955 ι
343 4904 483 4961 Ecce
540 4920 706 4960 sanus
770 4904 949 4960 factus
980 4921 1089 4969 es;
1145 4905 1258 4977 jam
1318 4905 1557 4976 amplius
1610 4904 1723 4961 noli
1765 4918 1995 4975 peccare
2040 4904 2107 4957 ⁷⁸.
2144 4920 2163 4954 ι
2216 4902 2367 4957 Idem
2415 4915 2649 4969 namque
2718 4900 2983 4952 Dominus
3051 4896 3119 4951 de
3186 4894 3353 4951 vidua

140 4989 222 5047 illa
250 4997 576 5064 parabolice,
606 5006 663 5051 et
692 4996 758 5052 de
811 4998 999 5069 judice
1038 4998 1345 5068 iniquitatis
1406 4998 1567 5065 dixit,
1628 5006 1885 5069 oportere
1913 5013 2011 5053 nos
2068 5012 2285 5067 semper
2330 5012 2509 5059 orare,
2557 5009 2735 5063 neque
2802 5008 3043 5063 unquam
3113 4991 3364 5047 defetisci

141 5089 222 5135 aut
242 5082 519 5157 defatigari
538 5086 583 5117 ⁷⁷
616 5103 630 5152 ;
658 5100 834 5157 eoque
867 5086 1114 5141 inducit:
1156 5106 1171 5138 ι
1202 5088 1347 5144 Deus
1374 5098 1559 5143 autem
1582 5104 1690 5143 non
1735 5087 1899 5143 faciet
1939 5088 2205 5141 ultionem
2249 5087 2554 5142 electorum
2623 5099 2849 5139 suorum
2909 5084 3267 5140 clamantium
3300 5085 3365 5138 ad

142 5190 193 5229 se
225 5176 309 5233 die
355 5196 418 5235 ac
465 5190 658 5247 nocte,
718 5192 775 5237 et
824 5182 1215 5254 longanimiter
1261 5185 1560 5255 patietur?
1614 5185 1739 5239 dico
1777 5185 1956 5246 vobis,
1995 5185 2123 5252 quia
2152 5182 2470 5252 propediem
2502 5180 2662 5236 faciet
2696 5180 2961 5234 ultionem
3009 5194 3200 5234 eorum
3227 5178 3293 5231 ⁷³.
3344 5196 3361 5229 ›

143 5271 236 5341 Ipsi
264 5274 427 5345 gloria
460 5278 512 5333 in
544 5280 742 5335 saacula
770 5281 1114 5336 saeculorum.
1144 5283 1316 5337 Amen

204 5450 439 5521 ’jEccle.
468 5471 539 5519 Ix,
568 5455 621 5509 4.
697 5456 741 5487 ἠ
788 5456 831 5510 ll
856 5454 981 5511 Cor.
1050 5474 1103 5511 η.
1147 5456 1198 5521 7,
1232 5456 1284 5517 8,
1322 5458 1405 5511 11.
1493 5459 1537 5487 ⁷¹
1568 5458 1607 5511 ll
1654 5457 1711 5512 Ct

1778 5497 1783 5513 .
1844 5473 1914 5518 Iv,
1959 5457 2129 5512 8-H.

2260 5458 2500 5498 7~‘lll‘.m~
2551 5475 2565 5498 1
2619 5458 2692 5498 ῗι-

204 5456 245 5483 ⁷⁸
268 5456 439 5510 Eccle.
468 5471 539 5519 Ix,
568 5456 621 5509 4.
697 5456 741 5487 ἠ
788 5456 831 5510 ll
856 5456 981 5511 Cor.
1050 5474 1103 5511 η.
1147 5456 1198 5521 7,
1232 5456 1284 5517 8,
1322 5458 1405 5511 11.
1493 5459 1537 5487 ⁷¹
1568 5458 1607 5511 ll
1654 5457 1711 5512 Ct

145 5516 187 5550 ⁷³
209 5518 387 5578 Matth.
457 5541 528 5589 Ix,
564 5524 649 5582 12.
691 5525 737 5557 ’⁸
760 5524 920 5581 Joan.
965 5543 1017 5590 ν,
1048 5528 1129 5582 Η.
1212 5527 1256 5557 ⁷⁷
1284 5526 1415 5582 Luc.
1450 5546 1593 5590 xvut,
1629 5530 1673 5581 I.

1778 5497 1783 5513 .
1844 5473 1914 5518 iv,
1959 5457 2129 5512 8-H.
2260 5457 2585 5522 7"IlCor.t,
2619 5456 2763 5511 5-7.

1778 5529 1797 5559 ⁸
1823 5527 1925 5583 Isa.
1958 5544 2118 5593 xxxv,
2150 5528 2200 5582 τί.

2900 5457 2943 5485 ⁷³
2986 5454 3119 5509 Luc.
3153 5469 3239 5516 xv,
3282 5451 3367 5505 IS.

1393 5710 1621 5766 VARI/I7.
1654 5708 2059 5766 LECTIONES.

212 5837 236 5879 ⁸
259 5840 517 5913 ἐπίδησον,
547 5845 721 5917 alliga,
759 5845 1016 5916 astringe,
1048 5846 1187 5915 lege,
1222 5848 1573 5918 ὲπικήδησον.
