4028 6524
552 436 685 503 I527

1050 548 1333 605 IIOMILIA
1371 547 1609 604 XXVIII.

1062 665 1141 719 De
1168 668 1604 721 murmuratione.

619 780 685 833 Et
727 780 950 849 quidem
1001 794 1370 845 murmurare,
1421 781 1525 835 sivi
1574 790 1874 852 praetextus
1920 780 2120 850 aliquis

547 870 747 925 rationi
797 869 854 925 in
892 870 1129 939 speciem
1172 880 1576 926 consentaneus
1625 870 1796 933 ferat,
1832 870 1947 925 sive
1981 870 2120 925 citra

546 961 720 1015 ullum
770 969 1125 1031 prmtextum,
1172 971 1452 1032 utcunque
1502 977 1591 1017 res
1628 962 1822 1025 habet,
1872 961 2118 1017 virorum

544 1059 630 1105 est
681 1051 1063 1106 contaminata
1113 1060 1170 1106 et
1218 1051 1516 1122 piacularis
1560 1053 1723 1108 vitm.
1767 1052 1938 1107 Recta
1969 1053 2118 1106 enim

543 1144 669 1198 vita:
700 1144 1050 1209 constitutio,
1098 1160 1162 1199 ac
1198 1145 1312 1200 Deo
1342 1161 1465 1201 cum
1515 1145 1711 1215 primis
1754 1154 2001 1215 accepta,
2036 1152 2121 1199 est

543 1247 735 1288 eorum
760 1234 855 1303 qui
880 1250 1210 1304 quacunque
1241 1234 1309 1290 de
1336 1251 1395 1289 re
1422 1229 1559 1291 adeo
1588 1251 1697 1289 non
1728 1235 2026 1299 oblatrant,
2062 1244 2121 1289 ut

544 1326 712 1384 etiam
741 1326 985 1382 referant
1014 1328 1313 1397 gratiarum
1345 1328 1640 1384 actionem.
1672 1327 1822 1384 Talis
1851 1328 1948 1398 qui
1971 1328 2121 1384 nulla

545 1414 613 1469 de
656 1430 717 1469 re
767 1415 1175 1479 obmurmurat,
1209 1414 1499 1485 imaginem
1537 1415 1705 1470 refert
1738 1431 1893 1485 aqua:
1933 1415 2119 1486 limpi-

544 1506 717 1562 dioris
769 1521 834 1563 ac
887 1507 1201 1577 pellucidae;
1236 1522 1265 1562 e
1309 1508 1529 1563 diverso
1564 1508 1921 1579 obstreperus
1965 1525 2120 1562 mur-

545 1606 810 1663 murator,
842 1600 977 1654 mire
1010 1600 1380 1665 turbulentus,
1412 1601 1748 1670 quotidianis
1778 1600 2122 1668 intemperiis

544 1690 782 1762 agitatur
814 1702 859 1744 ε.
892 1691 987 1745 Ille
1034 1706 1159 1746 cum
1208 1692 1423 1747 actione
1473 1693 1774 1762 gratiarum
1810 1693 1947 1747 vivit
1991 1709 2118 1762 gra-

544 1784 740 1850 tiosus,
771 1783 862 1838 hic
895 1786 1055 1855 plane
1091 1784 1355 1855 ingratus.
1378 1785 1609 1840 Nescius
1638 1785 2117 1848 murmurationis,

1800 436 2165 497 ANTIOCHI
2208 437 2553 497 MONACHI

2146 549 2194 606 Δ

3621 444 3732 514 1528

2813 548 3033 601 ΛΟΓΟΣ
3070 547 3202 602 κη’.

2736 664 2871 733 Περὶ
2906 667 3270 735 γυῃηουσμοῦ.

2292 778 2366 833 Τὸ
2396 776 2705 848 γογγύζειν,
2731 780 2839 833 εἴτε
2872 778 3010 851 μετά
3040 780 3261 849 εὐλόγου
3298 782 3623 854 προφάσεως,
3646 790 3743 847 εἴτε

2221 868 2346 939 δίχα
2376 870 2727 938 προφάσεως,
2765 870 2874 926 τῶν
2921 873 3135 941 ἐναγῶν
3172 872 3340 929 ἐστιν.
3377 873 3433 928 '0
3464 874 3563 947 γάρ
3606 877 3746 948 ὀρθὸς

2224 961 2361 1031 βίος,
2394 961 2487 1014 καὶ¹
2525 962 2715 1027 δεκτὸς
2746 964 2901 1035 παρά
2937 964 3015 1035 τῷ
3058 965 3196 1035 Θεῷ,
3224 966 3250 1018 ό
3275 964 3382 1019 τῶν
3424 966 3745 1036 ἀγογγύστων

2222 1047 2318 1102 καὶ
2367 1048 2705 1121 εύχαρίστων
2746 1051 2914 1108 ἐστίν.
2977 1053 3345 1122 Ἀγόγγυστος
3400 1054 3572 1123 ῶσπερ
3620 1058 3746 1133 ὕδωρ

2220 1139 2442 1209 διαυγὲς
2495 1142 2769 1213 ὑπάρχει·
2802 1143 2831 1197 6
2863 1143 2919 1197 δέ
2968 1146 3283 1217 γογγυστὴς
3316 1146 3559 1217 θολὼδης.
3614 1165 3748 1205 τετα-

2226 1232 2499 1303 ραγμένος
2525 1249 2539 1263 ο
2581 1233 2924 1303 ἀγόγγυστος
2950 1235 3308 1306 εύχάριστος,
3336 1237 3365 1290 6
3394 1237 3446 1292 δὲ
3479 1239 3746 1309 γογγυστὴς

2222 1326 2515 1396 ἀχάριστος
2539 1342 2553 1356 ’
2583 1327 2611 1380 6
2646 1326 2984 1395 ἀγόγγυστος
3043 1327 3302 1396 φιλητδς,
3334 1328 3362 1379 6
3395 1326 3449 1379 δὲ
3477 1328 3747 1398 γογγυστὴς

2225 1418 2486 1490 στυγητὸς
2519 1434 2534 1452 ·
2575 1420 2603 1472 6
2638 1418 2979 1488 ἀγόγγυστος
3010 1418 3275 1488 ἀψεκτος,
3321 1420 3349 1473 ό
3381 1418 3435 1471 δὲ
3476 1419 3747 1489 γογγυστὴς

2221 1508 2421 1578 ψεκτός
2448 1525 2463 1539 ⁸
2513 1510 2542 1562 6
2582 1507 2923 1578 ἀγόγγυστος
2964 1507 3265 1578 ἀλοίδορος,
3318 1509 3346 1561 6
3387 1505 3442 1560 δέ
3481 1506 3749 1579 γογγυστὴς

2222 1600 2478 1670 λοίδορος,
2513 1599 2608 1653 καὶ
2644 1600 2857 1669 ἰταμὸς,
2891 1598 2989 1652 καὶ
3040 1598 3350 1668 θεοστυγὴς
3399 1597 3691 1669 εὑρίσκεται
3710 1611 3749 1653 ε.

2222 1691 2298 1745 Τδ
2326 1693 2433 1763 γάρ
2457 1691 2631 1755 πάθος
2658 1689 2900 1757 τοῦτο’ἐξ
2940 1690 3200 1754 ἀπονοίας
3242 1690 3338 1743 καὶ
3383 1688 3606 1757 ἀφοϐίας
3639 1688 3753 1743 Θεοῦ

2225 1785 2503 1853 γεννᾶται.
2539 1782 2650 1837 Kal
2681 1781 2871 1851 ὥσπερ
2903 1780 3214 1851 ἄνθρωπον,
3242 1780 3312 1834 δι’
3338 1777 3615 1850 ἀνθρώπου
3653 1779 3757 1848 βού-

542 1876 684 1931 nulli
710 1891 820 1929 non
858 1891 916 1931 se
944 1876 1166 1930 exhibet
1207 1876 1532 1943 amabilem;
1567 1886 1941 1932 murmurator
1984 1876 2117 1930 nulli

2223 1877 2371 1931 λεται
2399 1876 2568 1929 σῶσαι
2608 1875 2635 1928 6
2678 1872 2917 1944 Κύριος,
2952 1872 3128 1936 οὕτως
3157 1870 3444 1944 ἄνθρωπον
3477 1870 3542 1924 δι’
3571 1869 3757 1941 ἀνθρὼ-

544 1980 655 2022 non
688 1982 747 2021 se
780 1966 961 2021 reddit
1002 1966 1239 2022 invisum
1288 1977 1343 2023 et
1387 1968 1800 2023 exsecrabilem.
1846 1968 1943 2022 Ille
1983 1968 2120 2023 nulli

546 2058 772 2129 pervius
819 2058 1241 2128 vituperationi,
1295 2060 1387 2115 hic
1409 2060 1547 2114 nulli
1608 2076 1719 2115 non
1780 2059 2121 2129 conspicitur

542 2150 946 2221 vituperabilis.
972 2151 1066 2205 Ille
1093 2151 1438 2207 conviciatur
1460 2153 1688 2212 nemini.
1711 2152 1802 2209 hic
1822 2152 2123 2206 vehemene

546 2250 631 2297 ter
678 2242 971 2312 impudens
1011 2258 1075 2298 ac
1125 2245 1449 2298 temerarius
1500 2244 1978 2314 deprehenditur:
2009 2262 2121 2316 quo

544 2332 607 2395 ﬁt
632 2342 692 2388 ut
722 2334 883 2389 talem
926 2334 1139 2389 infense
1167 2334 1347 2389 oderit
1370 2336 1533 2389 Deus.
1566 2336 1756 2391 lsthaec
1794 2336 2011 2391 affectio
2053 2352 2119 2392 ex

544 2426 657 2481 vita
680 2426 960 2482 enascitur
977 2427 1137 2497 plane
1162 2426 1374 2497 impura
1393 2444 1456 2483 ac
1480 2428 1701 2500 ﬂagitiis
1721 2431 2117 2497 contaminata,

545 2527 602 2572 et
624 2532 691 2572 ex
718 2532 786 2573 eo
815 2516 963 2588 quod
990 2532 1021 2573 a
1063 2525 1113 2572 te
1141 2518 1448 2574 excusseris
1476 2520 1573 2575 Dei
1601 2520 1877 2576 timorem.
1914 2522 2120 2588 Quem-

545 2606 840 2665 admodum
876 2607 1077 2663 divinae
1097 2618 1181 2663 est
1202 2610 1524 2677 voluntatis,
1548 2621 1605 2666 ut
1633 2612 1800 2668 homo
1824 2629 1924 2684 per
1942 2614 2120 2669 homi-

544 2717 671 2755 nem
716 2710 990 2766 servetur,
1036 2702 1111 2757 ita
1170 2702 1399 2759 Satanas
1445 2721 1779 2777 magnopere
1830 2707 2118 2762 contendit

546 2793 827 2849 hominem
848 2810 945 2864 per
968 2794 1248 2849 hominem
1281 2797 1334 2850 in
1368 2796 1623 2866 laqueum
1649 2798 1974 2869 protrudere
1999 2815 2119 2871 per-

546 2884 798 2940 ditionis.
848 2885 930 2942 Nc
983 2886 1151 2955 igitur
1202 2888 1293 2942 tali
1349 2888 1711 2954 adhaerescas,
1762 2891 1857 2961 qui
1911 2890 1963 2944 in
2017 2892 2121 2946 hoc.

544 2978 739 3034 vitium
770 2979 1077 3048 propendet
1108 2980 1391 3049 deelivior,
1412 2997 1513 3035 nec
1537 2982 1732 3052 lingua:
1753 2981 2119 3052 praecipitium

547 3070 660 3124 ullo
708 3080 1016 3127 remoratur
1066 3072 1242 3132 freno.
1274 3088 1343 3129 ne
1377 3088 1502 3127 cum
1552 3073 1671 3143 ipso
1720 3084 1964 3143 praeceps
1993 3090 2121 3129 ruas

546 3161 614 3215 ad
666 3162 1023 3231 supplicium.
1080 3162 1224 3218 Sane
1272 3180 1381 3218 non
1437 3165 1757 3219 indecorum
1816 3166 1887 3221 sit
1942 3167 2119 3224 vitare

545 3247 814 3319 ejusmodi
843 3250 936 3319 qui
966 3250 1171 3306 nullam
1205 3263 1411 3307 norunt
1453 3253 1653 3323 linguae
1686 3254 1952 3311 adhibere
1977 3264 2121 3311 teme

546 3340 778 3411 periem,
803 3342 1017 3412 1076
1033 3343 1128 3411 qui
1164 3342 1303 3397 nihil
1336 3350 1443 3397 tam
1481 3345 1694 3415 spirant
1719 3362 1881 3415 quam
1912 3363 2124 3418 pugnas

547 3432 868 3498 verborum,
887 3434 980 3502 qui
1008 3434 1124 3488 suis
1149 3433 1544 3503 agitationibus
1574 3443 1683 3492 tam
1704 3436 1938 3493 internis
1956 3454 2122 3508 quam

550 3524 793 3579 externis
824 3524 1011 3579 turbas
1043 3526 1330 3579 conciunt.
1364 3524 1467 3591 Qui
1498 3526 1621 3581 talis
1650 3535 1753 3590 est,
1783 3530 2122 3600 comperitur

548 3618 825 3694 particeps
864 3632 987 3672 esse
1018 3626 1073 3672 et
1102 3632 1333 3674 consors
1363 3618 1683 3675 exitialibus
1714 3620 1825 3675 illis
1866 3637 1928 3676 ac
1962 3623 2123 3693 plane

548 3710 780 3779 ingratis
806 3708 1011 3764 Iudaeis
1041 3710 1137 3780 qui
1166 3710 1222 3764 in
1245 3726 1435 3766 eremo
1464 3712 1723 3782 leguntur
1750 3729 2125 3771 murmurasse

549 3799 815 3857 adversus
857 3799 1061 3865 Deum,
1098 3801 1252 3871 juxta
1301 3801 1447 3871 quod
1492 3803 1759 3873 scriptum
1807 3814 1890 3859 est
1932 3824 1944 3858 :
1991 3827 2007 3859 ι
2058 3808 2125 3865 Et

548 3899 668 3946 erat
686 3892 926 3961 populus
952 3910 1301 3950 murmurans
1329 3895 1593 3951 adversus
1615 3898 1875 3969 Moysem.
1898 3900 1966 3955 Et
1987 3901 2127 3958 dixit

549 3983 763 4056 Moyses
803 3985 965 4040 :Non
1021 3987 1169 4041 enim
1220 3986 1513 4044 adversum
1570 4007 1672 4046 nos
1729 4001 1815 4047 est
1875 4010 2126 4050 murmur

548 4078 929 4143 vestrum,sed
964 4079 1231 4135 adversus
1264 4082 1435 4135 Deum
1462 4083 1528 4135 ".
1568 4102 1585 4132 ι
1622 4083 1835 4139 Rursus
1873 4104 1886 4139 :
1924 4107 1941 4139 ι
1982 4086 2124 4154 Quid

2224 1986 2328 2021 που
2361 1966 2579 2020 σπεύδει
2612 1968 2641 2019 6
2665 1966 2913 2028 Σατανᾶς
2938 1963 3244 2018 ἀπολέσθαι
3269 1978 3284 1993 ο
3316 1962 3379 2017 οὗ
3414 1961 3517 2034 χρὴ
3544 1958 3628 2016 οὗν
3654 1962 3756 2015 κολ-

2221 2060 2419 2115 λᾶσθαι
2465 2058 2841 2130 κακεντρεχεῖ,
2876 2056 2971 2109 καὶ
3005 2055 3081 2127 μὴ
3130 2055 3464 2126 φυλάσσοντι
3515 2052 3757 2123 γλῶσσαν,

2223 2152 2310 2207 ἵνα
2340 2152 2417 2223 μὴ
2444 2150 2543 2204 σὺν
2565 2148 2713 2220 αὐτῷ
2742 2151 2823 2213 είς
2854 2147 3077 2202 κόλασίν
3107 2164 3193 2211 τις
3220 2146 3457 2219 ἀπέλθῃ.
3497 2146 3663 2200 Καλὸν
3684 2146 3760 2200 οὖν

2222 2247 2372 2299 ἐστιν
2404 2244 2465 2298 τὸ
2493 2242 2714 2312 φεύγειν
2756 2242 2885 2305 τοὺς
2924 2239 3299 2303 ἀπαιδεύτους
3324 2241 3393 2310 τῇ
3422 2237 3649 2310 γλώσσῃ,
3684 2239 3761 2292 καὶ

2220 2339 2346 2401 τοὺς
2374 2333 2883 2407 μαχοσυμϐούλους,
2914 2332 3007 2385 καὶ
3036 2329 3486 2403 παραττομένους
3508 2332 3616 2393 τοῖς
3638 2330 3760 2393 ἐντὸς

2222 2430 2317 2487 καὶ
2341 2430 2453 2492 τοῖς
2481 2426 2639 2490 ἐκτὸς
2665 2427 2964 2496 κινήμασιν
2992 2440 3005 2455 ·
3042 2423 3167 2477 ἐπεὶ
3203 2422 3522 2493 εὑρίσκεται
3580 2420 3762 2493 συμμέ-

2220 2539 2375 2594 τοχος
2423 2521 2520 2575 καὶ
2570 2517 2828 2582 κοινωνὸς
2873 2520 2986 2581 τοῖς
3024 2518 3081 2569 ἐν
3120 2518 3186 2587 τῇ
3221 2516 3423 2588 ἐρήμῳ
3456 2514 3757 2586 ἀλιτηρίοις,

2222 2614 2316 2668 καὶ
2352 2613 2673 2685 ἀχαρίστοις
2714 2610 3021 2676 Ἰουδαίοις,
3065 2609 3264 2673 οἵτινες
3316 2608 3613 2678 ἐγόγγυζον
3648 2606 3763 2661 κατὰ

2220 2705 2314 2761 τοῦ
2357 2703 2516 2769 Θεοῦ,
2576 2704 2763 2767 καθὼς
2814 2703 3173 2774 γέγραπται·
3239 2702 3395 2756 «Kal
3441 2697 3508 2772 ἦν
3537 2702 3565 2753 6
3607 2700 3763 2763 λαόςό

2220 2798 2501 2867 γογγύζων
2538 2799 2631 2851 ἐπὶ
2654 2798 2916 2868 Μωῦσῆν.
2944 2796 3057 2850 Kal
3096 2790 3251 2849 εἶπεν
3279 2796 3520 2866 Μωῢσῆς
3540 2813 3551 2825 ·
3582 2793 3651 2849 Οὐ
3676 2793 3763 2863 γὰρ

2221 2890 2344 2943 καθ’
2378 2890 2410 2961 ἡ
2420 2890 2535 2962 μῶν
2563 2891 2715 2942 ἐστιν
2748 2890 2776 2943 ό
2801 2888 3119 2958 γογγυσμὸς
3146 2887 3326 2958 ὑμῶν,
3359 2886 3496 2941 ἀλλά
3527 2887 3659 2941 κατά
3688 2885 3765 2939 τοῦ

2219 2980 2377 3035 Θεοῦ.
2412 3001 2430 3033 ι
2479 2981 2587 3034 Kal
2618 2981 2777 3034 πάλιν
2804 2997 2815 3009 ·
2851 3000 2869 3033 ι
2898 2980 2963 3034 Τί
2992 2979 3296 3051 λοιδορεῖτέ
3331 2997 3421 3050 με,
3454 2978 3547 3032 καὶ
3580 2977 3627 3031 τί
3658 2994 3767 3030 πει-

2224 3074 2415 3147 ράζετε
2456 3074 2660 3147 Κύριον
2684 3091 2699 3138 ;
2726 3092 2747 3127 ι
2769 3073 2939 3146 Φησλν
2977 3072 3033 3128 δὲ
3064 3074 3158 3128 καὶ
3185 3075 3214 3127 6
3252 3072 3485 3136 Ἡσαΐας
3506 3089 3519 3103 ·
3557 3092 3574 3125 ι
3603 3072 3658 3125 Οἱ
3695 3067 3770 3123 λέᾳ

2222 3184 2415 3235 γοντες
2458 3166 2520 3218 τὸ
2570 3164 2765 3234 γλυκὺ,
2817 3163 3037 3234 πικρόν,
3072 3164 3170 3219 καὶ
3216 3161 3285 3216 τὸ
3316 3162 3535 3233 πικρὸν,
3561 3158 3764 3231 γλυκύ.ι

2222 3258 2335 3310 Kal
2367 3255 2560 3325 ἐπάγει
2581 3273 2594 3285 ο
2634 3276 2650 3306 ι
2681 3256 2744 3309 Ol
2773 3256 3157 3325 γογγύζοντες,
3202 3253 3413 3325 μάθετε
3442 3252 3765 3308 ὑπακούειν.»

2225 3351 2336 3405 Kal
2372 3351 2400 3403 6
2444 3347 2606 3402 Δαυῒδ
2636 3348 2840 3418 ὁμοίως
2880 3348 3012 3419 περὶ
3052 3347 3232 3402 αὐτῶν
3273 3347 3466 3415 λέγει·
3510 3348 3649 3402 «Ούκ
3670 3344 3769 3398 ἐπί-

2226 3462 2459 3498 στευσαν
2516 3440 2595 3514 τῷ
2642 3441 2787 3513 λόγῳ
2830 3440 3020 3505 αὐτοῦ,
3074 3440 3169 3495 καὶ
3214 3440 3532 3510 ἐγόγγυσαν
3580 3440 3636 3493 ἐν
3680 3439 3771 3501 τοῖς

2226 3535 2578 3607 σκηνώμασιν
2620 3534 2851 3595 αὐτῶν.»
2906 3532 3020 3587 Kal
3070 3532 3271 3589 πάλιν
3348 3552 3369 3587 ι
3399 3528 3578 3586 *Ωντὸ
3626 3531 3773 3600 στόμα

2224 3627 2406 3682 αὐτῶν
2451 3625 2717 3697 ἐλάλησεν
2772 3624 3162 3697 ματαιότητας,
3210 3625 3312 3679 καὶ
3345 3627 3379 3699 η
3416 3624 3564 3690 δεξιά
3603 3622 3771 3685 αὐτῶν,

2224 3720 2460 3785 ἀδικίας.
2491 3738 2510 3773 ι
2573 3720 2740 3788 Λέγει
2801 3717 2857 3772 δέ
2916 3720 3011 3771 καὶ
3061 3720 3089 3772 6
3126 3718 3358 3783 Ἰούδας,
3403 3722 3432 3774 ὁ
3472 3716 3564 3772 τοῦ
3617 3716 3774 3770 Ἰακὼ-

2226 3812 2320 3865 ϐου
2347 3811 2575 3881 ἀδελφός
2598 3827 2611 3841 ·
2659 3828 2677 3862 ι
2708 3803 2867 3864 Οὗτοί
2887 3810 3026 3863 εἰσιν
3055 3812 3381 3880 γογγυσταὶ,
3424 3808 3772 3881 μεμψίμοιροι,

2226 3904 2369 3961 κατά
2406 3905 2507 3969 τὰς
2551 3903 2762 3958 ἑαυτῶν
2806 3902 3114 3973 ἐπιθυμίας
3155 3904 3548 3975 πορευόμενοι,
3598 3901 3683 3955 καὶ
3727 3899 3777 3952 τὸ

2228 3999 2408 4069 στόμα
2438 3996 2617 4052 αὐτῶν
2641 3995 2798 4050 λαλεῖ
2827 3996 3131 4068 ὑπέρογκα.
3164 4017 3181 4049 ι
3224 3996 3423 4067 Ἡμεῖς
3457 3991 3548 4050 οὖν
3584 3990 3776 4048 παυσώο

2231 4088 2373 4160 μεθα
2411 4086 2505 4141 τοῦ
2550 4086 2864 4156 γογγύξειν,
2906 4086 3003 4141 καὶ
3050 4086 3386 4158 ἀκούσωμεν
3430 4086 3525 4141 τοῦ
3566 4084 3774 4147 Παύλου,

544 4169 839 4243 jurgamini
887 4179 1079 4225 contra
1130 4187 1250 4236 me,
1290 4181 1347 4228 et
1398 4174 1621 4229 tentatis
1657 4176 2061 4233 Dominum“?
2102 4200 2120 4231 ›

548 4255 639 4317 Ait
665 4256 794 4310 item
825 4257 992 4314 Isaias
1022 4276 1035 4313 :
1074 4278 1093 4313 ι
1126 4259 1230 4327 Qui
1258 4261 1454 4318 dicunt
1484 4265 1631 4334 quod
1665 4265 1827 4322 dulce
1860 4276 1947 4323 est
1975 4286 2120 4325 ama-

2227 4271 2453 4343 γυσμῶν
2506 4272 2600 4324 καὶ
2650 4270 3043 4342 διαλογισμῶν,
3083 4272 3172 4325 ἵνα
3198 4272 3445 4343 γένησθε
3505 4272 3775 4341 ἄμεμπτοι,

552 4362 692 4412 rum,
746 4356 803 4401 et
854 4348 1002 4418 quod
1051 4365 1301 4407 amarum
1347 4362 1452 4417 est,
1504 4354 1667 4410 dulce
1689 4357 1755 4411 ⁸⁸.
1795 4376 1813 4409 ι
1862 4358 2120 4417 Inducit:

2228 4365 2321 4423 καὶ
2354 4363 2626 4434 ἀκέραιοι,
2650 4362 2821 4417 τέκνα
2840 4361 2976 4415 Θεοῦ
3012 4361 3297 4435 ἀμώμητοι
3324 4379 3339 4392 ο
3375 4382 3394 4415 ι
3434 4361 3666 4425 Εἰκότως
3683 4354 3776 4423 οὖν,

555 4454 573 4485 ι
606 4435 1057 4505 Murmuratores,
1088 4439 1285 4496 discite
1314 4442 1688 4500 obedientiam
1713 4448 1813 4502 ⁸⁸.»
1849 4450 2023 4505 David
2057 4452 2120 4507 ad

2234 4475 2254 4511 ι
2278 4456 2507 4527 Δένδρον
2534 4456 2703 4526 ζωῆς,
2739 4454 2885 4519 ἴασις
2912 4453 3161 4525 γλώττης
3182 4471 3197 4484 ⁸
3232 4457 3262 4508 6
3292 4454 3351 4508 δέ
3376 4455 3659 4523 φυλάσσων
3698 4451 3777 4506 a6-

548 4527 803 4583 cumdem
826 4529 1111 4589 modulum
1130 4531 1199 4586 de
1222 4532 1342 4589 istis
1367 4534 1501 4591 dicit
1527 4554 1540 4592 :
1568 4556 1586 4589 ι
1618 4539 1738 4595 Νοη
1766 4541 2120 4600 crediderunt

2236 4551 2338 4621 τὴν
2408 4548 2847 4620 πληθυνθήσεται
2913 4547 3235 4619 Πνεύματος
3288 4550 3456 4618 ἀγίου
3519 4546 3653 4602 κατά
3701 4544 3781 4614 τὴν

549 4621 718 4676 verbo
772 4622 923 4693 ejus,
983 4630 1041 4677 et
1099 4640 1584 4687 murmuraverunt
1639 4632 1693 4687 in
1747 4633 2120 4692 tabernaculis

2223 4643 2505 4714 Γραφήνο)
2549 4643 2659 4698 Καὶ
2707 4645 2736 4697 ὁ
2788 4642 3205 4714 Παροιμιαστὴς
3236 4642 3549 4696 ἐντέλλεται
3599 4640 3778 4708 λέγων’

550 4715 665 4769 suis
691 4711 759 4769 ⁸³.
792 4732 810 4765 ›
853 4713 1092 4770 Rursum
1124 4733 1137 4769 :
1170 4735 1189 4767 ι
1223 4716 1465 4783 Quorum
1496 4736 1559 4776 os
1592 4723 1838 4779 locutum
1866 4736 1952 4782 est
1973 4730 2120 4789 vani-

2228 4711 2544 4802 ιφυλάξατε
2595 4737 2775 4790 τοίνυν
2832 4711 3172 4806 γογγήυσμὸν⁷
3208 4736 3493 4805 ἀνωςρελῆ,
3549 4735 3642 4789 καὶ
3693 4730 3781 4785 ἀπὸ

548 4816 718 4871 tates,
765 4815 822 4861 et
868 4808 1094 4865 dextera
1144 4825 1333 4866 eorum
1389 4814 1614 4869 dextera
1666 4817 1972 4888 iniquitatis
1994 4824 2062 4877 “.
2101 4842 2118 4874 ι

2225 4827 2557 4890 καταλαλιᾶς
2606 4827 2871 4897 φείσασθε
2906 4827 3183 4897 γλώσσης.
3214 4847 3233 4883 ι
3266 4828 3384 4882 Kal.
3423 4827 3588 4882 πάλιν
3621 4843 3633 4857 ’
3673 4821 3779 4890 «Μὴ

550 4897 695 4951 Dicit
747 4906 933 4952 autem
996 4908 1053 4955 et
1108 4900 1277 4956 Iudas
1320 4904 1509 4961 Jacobi
1558 4905 1779 4962 frater:
1822 4929 1839 4961 ι
1882 4911 1948 4967 Hi
1997 4927 2120 4971 sunt

2224 4922 2415 4993 εἴπῃςο
2450 4918 2517 4981 Τί
2550 4920 2800 4988 ἐγένετο,
2828 4920 2911 4973 ὅτι
2942 4921 2996 4973 αἱ
3024 4920 3229 4990 ἡμέραι
3276 4922 3331 4973 ai
3364 4919 3631 4992 πρότερον
3663 4912 3781 4987 ἦσαν

549 4998 1007 5056 murmuratores,
1038 4993 1346 5061 querulosi,
1379 4998 1683 5051 secundum
1711 5003 1966 5073 proprias
1991 5021 2120 5061 con-

2231 5011 2435 5080 ἀγαθαὶ
2454 5011 2595 5081 ὑπὲρ
2620 5011 2824 5076 ταύτας
2845 5030 2859 5077 ;
2888 5011 3002 5065 Ούκ
3027 5014 3084 5066 ἐν
3110 5012 3271 5083 σοφίᾳ
3287 5012 3653 5083 ἐπηρώτησαν
3676 5008 3783 5076 περὶ

548 5080 915 5149 cupisccntias
944 5084 1309 5149 ambulantes,
1334 5095 1390 5141 et
1434 5102 1496 5143 os
1538 5105 1730 5146 eorum
1759 5094 2006 5165 loquitur
2035 5117 2120 5156 su.

2236 5105 2447 5160 τούτου.
2476 5124 2494 5156 ι
2534 5080 2615 5157 Ta
2640 5103 2697 5156 δὲ
2729 5103 2931 5173 ἔγγονα
2956 5102 3063 5156 τῶν
3088 5080 3433 5172 γογγυστῶν,
3464 5105 3513 5156 οἱ
3538 5080 3782 5173 Ῡρειμμασ

550 5172 720 5241 perba
744 5173 811 5226 ⁸⁵.
850 5192 868 5225 ι
896 5174 1006 5229 Nos
1036 5176 1223 5246 igitur,
1241 5178 1462 5243 fratres,
1492 5180 1595 5251 ipsi
1626 5183 2120 5255 interquiescamus

2234 5198 2346 5259 τεῖς
2382 5197 2477 5249 καὶ
2503 5195 2554 5247 οἱ
2582 5172 2893 5265 Φαρισαῖοι,
2936 5194 3074 5264 πρὸς
3123 5194 3251 5257 τοὺς
3282 5194 3543 5265 μαθητὰς
3570 5172 3661 5245 τοῦ
3686 5191 3782 5244 Κυ-

549 5283 579 5323 a
606 5268 1063 5335 murmuratione;
1078 5280 1136 5325 et
1153 5273 1285 5341 quid
1304 5274 1443 5329 Phili
1449 5278 1752 5346 ppensibus
1766 5281 1970 5340 Paulus
1982 5288 2120 5342 scri-

2233 5287 2371 5359 ρίου,
2401 5286 2544 5340 κατὰ
2571 5286 2633 5339 τὸ
2682 5285 2873 5349 είωθδς
2926 5286 3035 5339 τῶν
3068 5286 3324 5357 πατέρων
3359 5284 3543 5339 αὐτῶν
3572 5282 3780 5351 ἐγόγγυο

620 5379 864 5465 ’ωὲκράε
897 5397 1008 5465 ΧΗ,
1046 5384 1097 5438 8.
1175 5387 1219 5419 ⁸ο
1256 5387 1426 5444 Exod.
1469 5407 1597 5456 xvn,
1630 5391 1684 5446 2.
1760 5393 1800 5424 ⁸¹
1836 5393 1936 5451 Isa.
1968 5414 2022 5459 γ,
2051 5397 2120 5451 20

2223 5399 2264 5430 ⁸²
2291 5399 2394 5453 lsa.
2428 5414 2574 5465 xx1x,
2601 5398 2690 5463 24.

548 5451 602 5507 8.
678 5450 726 5483 ⁸⁵
757 5451 885 5507 Jud.
923 5454 1005 5507 16.

1848 5534 2082 5597 νΑιιιίΕ
2118 5536 2526 5597 LECTIONES.

637 5633 661 5661 ο
684 5622 851 5705 Ἀνὴρ
881 5623 1205 5705 ἐπιστῂμων
1231 5624 1621 5705 ὀὐθὀείγύσει.
1653 5630 1744 5685 Vir
1777 5632 2040 5702 prudens,
2098 5634 2215 5689 sive
2278 5634 2489 5705 peritus
2515 5649 2624 5688 non
2665 5632 3053 5698 murmurabit,
3087 5640 3143 5688 ct
3177 5647 3284 5687 non
3324 5625 3670 5695 contristabit
3700 5624 3779 5696 ju-

547 5702 694 5751 stum
723 5693 991 5764 quidquid
1019 5696 1068 5747 ci
1093 5693 1373 5749 acciderit.
1461 5693 1465 5694 ⁷
1777 5693 1791 5702 ’
2027 5693 2038 5699 ”
2278 5693 2294 5719 ’

2078 5772 2294 5827 NOTA‘;

556 5832 1269 5967 W(lo')nA:|gu.rﬁnitimae“).
1304 5837 1376 5891 De
1416 5841 1565 5896 nulla
1600 5858 1655 5898 re
1689 5842 1859 5912 magis
1902 5842 2199 5899 oﬂendisse
2249 5845 2421 5901 Deum
2468 5845 2672 5900 dicitur
2698 5845 2957 5919 judaicus
2991 5846 3080 5901 ille
3103 5844 3354 5915 populus,
3394 5854 3556 5911 quam
3599 5841 3772 5891 contra

2225 4179 2606 4250 Φιλιππησίοις
2636 4178 2961 4249 γράφοντοςο
2994 4198 3013 4231 ι
3038 4180 3223 4234 Πάντα
3246 4180 3458 4233 ποιεῖτε
3488 4179 3647 4250 χωρὶς
3671 4194 3776 4246 γογο

2798 5398 2845 5429 ⁸³
2878 5396 3021 5461 Psal.
3056 5413 3143 5461 cv,
3178 5396 3268 5452 25.
3367 5396 3417 5430 ⁸⁸
3445 5395 3587 5463 Psal.
3617 5403 3777 5452 cum,
