4028 6528
330 431 471 503 1529

1252 435 1579 494 nonum
1620 433 1837 493 xx1x.
1870 458 1936 469 —
1972 418 2071 493 DE
2112 390 2668 493 DETRAC'I‘IONE.

3455 426 3593 496 1530

328 556 440 618 ζον,
495 552 749 619 λέγοντες
773 567 787 583 ο
823 551 966 605 (Διὰ
1019 550 1072 604 τί
1131 551 1274 623 μετὰ
1321 552 1664 622 ἁμαρτωλῶν
1695 551 1906 605 ἐσθίετε

2017 551 2105 606 bat
2127 549 2452 605 audiamus:
2484 568 2501 601 ε
2524 546 2719 605 Omnia
2736 547 2899 603 facite
2919 548 3039 602 sine
3058 546 3597 607 murmurationibus

325 646 422 701 καὶ
465 645 651 699 πίνετε
680 663 694 711 ;
734 664 752 698 ι
790 646 1045 716 Ἔχοντες
1081 640 1175 699 οὖν
1207 644 1260 698 τί
1296 644 1801 717 πατροπαράδοτον,
1829 644 1905 710 ὡς

323 741 487 792 κακοὶ¹
516 738 850 811 κληρονόμοι
892 737 1180 808 αἰσχίστης
1206 736 1598 808 κληρονομίας.
1633 739 1774 792 κατά
1807 737 1903 791 τοῦ

326 831 585 901 Σωτῆρος
617 830 773 900 ἡμῶν
808 828 1127 898 ἐγόγγυζον,
1162 830 1243 883 ὄτι
1283 826 1435 883 εἶπεν
1458 845 1473 859 ·
1509 849 1528 882 ‹
1567 829 1708 897 Ἑγὼ
1736 831 1853 899 εἰμι
1875 830 1905 883 6

328 925 495 994 ἄρτος
540 925 568 977 6
618 922 863 985 καταϐὰς
895 924 959 976 ἐκ
1010 921 1106 975 τοῦ
1157 923 1412 992 ούρανοῦ.
1444 941 1463 974 ι
1519 922 1580 977 '0
1612 922 1670 977 δὲ
1699 922 1904 993 Κύριος

328 1015 468 1085 πρὸς
500 1012 696 1077 αὐτούς
724 1028 738 1044 ·
773 1030 791 1063 ι
820 1011 911 1084 Μὴ
935 1014 1234 1082 γογγύζετε
1270 1014 1389 1083 μετ’
1424 1013 1697 1083 ἀλλήλων,
1728 1014 1905 1076 οὐδεὶς

325 1101 549 1158 δύναται
573 1103 750 1157 ἐλθεῖν
778 1103 917 1175 πρός
954 1121 1042 1174 με,
1075 1105 1169 1158 ἐὰν
1195 1103 1270 1174 μὴ
1297 1107 1326 1158 6
1353 1105 1541 1177 Πατήρ
1572 1122 1672 1175 μου
1703 1107 1731 1158 ὀ
1760 1105 1905 1173 πέμ-

324 1195 434 1265 ψας
467 1213 555 1266 με,
592 1194 794 1266 ἐλκύσῃ
823 1194 1007 1249 αὐτόν.
1038 1213 1056 1247 ι
1111 1196 1439 1265 Ἐγόγγυζον
1473 1196 1532 1249 δὲ
1560 1198 1652 1249 καὶ
1685 1196 1735 1249 οἱ
1765 1196 1903 1267 πρό-

326 1304 477 1360 τεροι
503 1286 733 1355 ἐργάται
769 1285 911 1338 κατὰ
937 1285 1032 1338 τοῦ
1056 1285 1463 1350 οἰκοδεσπότου,
1491 1285 1581 1340 διὰ
1614 1286 1743 1349 τοὺς
1772 1284 1904 1354 περὶ

326 1378 429 1449 τὴν
485 1376 777 1446 ἑνδεκάτην
828 1374 980 1446 ῶραν
1026 1376 1303 1439 ἐλθόντας,
1348 1377 1433 1429 ὅτι
1499 1395 1517 1427 ι
1547 1366 1709 1429 Οὗτοι
1773 1376 1905 1446 μίαν

330 1471 482 1543 ὥραν
528 1469 777 1533 ἐλθόντες
816 1468 1166 1539 εἰργάσαντο,
1214 1470 1310 1522 καὶ
1342 1469 1490 1532 ἴσους
1523 1470 1656 1539 ἡμῖν
1703 1469 1906 1533 αὐτοὺς

331 1563 595 1633 ἐποίησας
621 1563 735 1625 τοῖς
765 1561 1101 1631 βαστάσασιν
1129 1561 1190 1616 τὸ
1221 1561 1386 1632 βάρος
1416 1561 1515 1631 τῆς
1550 1561 1789 1632 ἡμέρας,
1816 1562 1909 1616 καὶ

330 1654 423 1709 τὸν
450 1652 728 1710 καύσωνα.
752 1671 772 1704 ι
805 1653 916 1707 Καὶ
946 1653 1189 1724 ἤκουσαν
1224 1652 1356 1723 παρ’
1381 1652 1570 1706 αὑτοῦ·
1607 1672 1625 1706 ι
1665 1653 1905 1725 Ἑταῖρε,

328 1747 431 1802 οὐκ
464 1744 635 1800 ἀδικῶ
660 1762 720 1798 σε
742 1762 755 1776 ⁸
790 1746 912 1817 ούχὶ
939 1746 1193 1818 δηναρίου
1227 1745 1585 1817 συνεφώνησά
1618 1764 1699 1799 σοι
1726 1763 1741 1812 ;
1777 1746 1910 1818 ἄρον

331 1840 393 1893 τὸ
426 1839 541 1906 σὺν,
576 1837 673 1891 καὶ
721 1836 900 1907 ὕπαγε
921 1854 936 1868 ⁸
970 1837 1112 1891 θέλω
1150 1837 1209 1891 δὲ
1254 1838 1348 1892 καὶ
1382 1839 1554 1909 τούτῳ
1582 1837 1662 1909 τῷ
1693 1837 1909 1910 ἐσχάτῳ

2005 654 2062 700 et
2083 642 2547 708 haesitationibus,
2567 650 2628 696 ut
2656 640 2778 696 sitis
2808 640 2925 696 sine
2954 640 3202 711 querela,
3227 649 3283 695 et
3313 641 3596 711 simplices

2013 736 2110 790 filii
2136 736 2232 791 Dei
2270 734 2389 789 sine
2420 732 2853 803 reprehensione
2874 732 2940 786 “.
2974 750 2993 783 ι
3016 732 3213 788 Merito
3241 732 3478 803 proinde
3509 734 3596 789 di-

2014 837 2162 883 ctum
2206 834 2329 882 est:
2365 845 2383 877 ‹
2411 825 2592 879 Arbor
2629 824 2756 878 vitze
2788 832 2892 885 est,
2919 821 3116 894 lingua:
3160 823 3368 899 sanitas
3391 824 3457 889 ⁸’;
3495 824 3592 893 qui

2016 920 2164 975 enim
2207 934 2329 975 eam
2387 917 2665 980 custodit,
2708 916 3106 986 propinquabit
3161 914 3383 984 spiritui
3439 915 3595 985 juxta

2016 1011 2362 1082 Scripturam
2405 1010 2473 1063 ⁸⁸.
2533 1028 2553 1061 ι
2617 1007 3001 1063 Parcemiastes
3047 1023 3269 1077 quoque
3332 1007 3595 1073 mandat,

2006 1103 2199 1159 dicens
2241 1120 2256 1158 :
2299 1124 2316 1155 ι
2363 1100 2651 1159 Custodite
2698 1100 2868 1171 igitur
2917 1115 3016 1156 vos
3063 1116 3096 1155 a
3147 1100 3595 1155 murmuratione

2006 1210 2129 1266 quae
2178 1194 2316 1249 nihil
2366 1193 2615 1264 prodest,
2672 1203 2729 1247 et
2771 1209 2801 1247 a
2848 1191 3191 1248 detractione
3236 1193 3447 1264 parcite
3490 1192 3598 1247 lin-

2006 1302 2126 1357 guae
2154 1287 2223 1342 °’.
2288 1305 2308 1338 ι
2360 1286 2439 1341 Ne
2489 1284 2750 1340 dixeris:
2802 1301 2823 1336 ι
2854 1284 2998 1353 Quid
3055 1285 3286 1351 factum,
3331 1293 3416 1341 est
3463 1285 3596 1356 quia

2007 1378 2128 1433 dies
2166 1377 2379 1449 priores
2429 1378 2659 1433 fuerunt
2702 1377 2963 1432 meliores
3016 1377 3144 1432 his?
3194 1377 3328 1447 quia
3385 1392 3498 1432 non
3538 1378 3595 1431 in

2007 1471 2278 1541 sapientia
2327 1471 2431 1525 hac
2479 1470 2548 1526 de
2598 1485 2659 1526 re
2707 1470 3211 1540 interrogaverunt.
3257 1488 3275 1522 ι
3313 1470 3595 1539 Ejusmodi

2007 1563 2154 1617 enim
2194 1572 2662 1619 murmuratorum
2700 1572 2955 1633 nepotes,
3003 1562 3208 1618 Scriba:
3242 1571 3299 1617 et
3334 1563 3595 1618 Pharisaei

2008 1653 2276 1709 adversus
2305 1654 2524 1709 Domini
2558 1653 2863 1724 discipulos
2892 1669 2994 1724 pro
3032 1669 3223 1709 amore
3262 1653 3410 1707 avito
3441 1669 3596 1708 mur-

2007 1747 2332 1807 murabant,
2378 1744 2665 1801 dicentes:
2708 1765 2726 1798 ‹
2761 1746 2832 1801 Ut
2865 1743 3001 1816 quid
3036 1760 3163 1800 cum
3204 1745 3597 1816 peccatoribus

2009 1848 2065 1895 et
2090 1838 2401 1909 publicanis
2422 1838 2716 1892 manducat
2743 1846 2802 1893 et
2831 1837 2973 1892 bibit
2995 1838 3040 1869 ’θ
3066 1838 3089 1890 ‘I
3121 1837 3214 1893 Isti
3249 1835 3419 1909 igitur
3443 1851 3600 1906 pres-

330 1930 515 1986 δοῦναι
543 1933 619 1996 ὡς
644 1934 739 1986 καὶ⁵
771 1932 882 1986 σοι*
904 1931 937 2002 ἢ
958 1930 1059 1984 οὐκ
1081 1931 1259 1996 ἔξεστί
1294 1948 1386 2001 μοι
1412 1931 1635 2001 ποιῆσαι
1660 1930 1688 1983 ὃ
1717 1930 1906 1995 eam,»

2017 1932 2131 1985 sius
2162 1936 2382 1984 tuentes
2420 1938 2704 1998 paternam
2748 1928 3131 1995 traditionem,
3160 1928 3320 1999 quasi
3367 1927 3598 1999 reprobi

332 2025 392 2076 ἐν
433 2026 549 2086 τοῖς
598 2027 785 2094 ὲμοίς;
836 2024 948 2079 Καὶ
1016 2022 1280 2077 δεικνύων
1332 2023 1422 2076 τὸν
1471 2022 1664 2091 φθόνον
1708 2021 1911 2089 αὐτῶν,

2021 2020 2273 2076 Ιιωνεάεε
2305 2019 2625 2089 improbatae
2670 2019 3005 2074 hazreditatis
3036 2028 3203 2090 atque
3241 2019 3594 2089 turpissima,

335 2116 430 2168 καλ.
456 2115 555 2186 τὴν
585 2114 875 2186 πονηρίαν,
913 2114 1144 2183 ὲπάγειυ
1186 2132 1204 2165 ι
1228 2114 1291 2167 El
1333 2112 1615 2183 ὀφθαλμός
1670 2129 1763 2165 σου
1814 2128 1911 2164 πο-

2017 2112 2280 2167 adversus
2324 2109 2625 2164 etiamnum
2678 2110 2870 2165 salutis
2918 2119 3120 2166 nostrae
3170 2110 3445 2166 vindicem
3496 2110 3598 2167 ob-

336 2210 500 2281 νηρός
535 2212 686 2263 ἐστιν
730 2210 813 2263 ὄτι
863 2208 976 2278 ἐγὼ
1025 2207 1231 2278 ἀγαθός
1291 2209 1442 2277 είμι;
1479 2228 1496 2260 ι
1532 2207 1690 2279 Αὑτῷ
1719 2210 1752 2279 ὴ
1784 2204 1911 2270 δόξα

2017 2203 2474 2259 murmurabant:
2502 2202 2646 2272 quod
2700 2204 2746 2257 is
2785 2202 2999 2257 dixerat
3027 2220 3039 2258 :
3071 2223 3090 2255 ι
3122 2204 3236 2275 Ego
3268 2219 3387 2258 sum
3436 2203 3596 2274 panis

337 2304 417 2366 εἰς
441 2303 567 2366 τοὺς
598 2302 824 2365 αἰῶνας.
867 2302 1063 2373 Ἀμήν.

2017 2297 2109 2367 qui
2160 2294 2448 2351 descendit
2494 2295 2560 2349 de
2612 2295 2753 2350 coelo
2793 2295 2873 2359 ἰς
2925 2314 2941 2347 ι
2978 2296 3244 2351 Dominus
3293 2306 3477 2351 autem
3525 2296 3594 2351 ad

335 2413 432 2452 eos
460 2414 475 2452 :
505 2415 525 2449 ι
559 2396 701 2463 Quid
745 2398 1103 2453 murmuratis
1150 2396 1295 2452 inter
1341 2397 1473 2453 vos?
1525 2411 1689 2453 nemo
1728 2402 1911 2465 potest
1985 2394 2054 2448 ad
2102 2408 2190 2448 me
2228 2393 2449 2459 venire,
2487 2391 2594 2446 nisi
2668 2392 2833 2447 Pater
2886 2390 2980 2460 qui
3026 2390 3176 2445 misit
3223 2406 3332 2455 me,
3370 2389 3599 2444 traxerit

341 2510 464 2549 eum
495 2495 562 2550 ⁸³.
604 2513 624 2545 ι
662 2494 1076 2550 Murmurabant
1128 2502 1185 2548 et
1224 2494 1387 2564 primi
1436 2493 1512 2547 illi
1544 2491 1777 2563 operarii
1817 2490 2083 2545 adversus
2134 2486 2610 2559 patremfamilias,
2678 2494 2909 2556 propter
2952 2500 3049 2540 eos
3111 2485 3207 2555 qui
3267 2485 3415 2540 circa
3447 2481 3599 2538 deci-

340 2603 481 2643 mam
530 2588 724 2641 horam
770 2594 1056 2651 venerant,
1094 2585 1342 2641 dicentes
1379 2603 1391 2639 :
1440 2602 1458 2635 ι
1497 2585 1563 2638 lli
1610 2599 1717 2638 una
1766 2583 1904 2637 hora
1943 2580 2214 2642 fecerunt,
2233 2590 2291 2635 et
2317 2595 2481 2646 pares
2504 2579 2628 2634 illos
2650 2578 2814 2633 nobis
2844 2578 3043 2643 fecisti,
3096 2576 3192 2647 qui
3253 2576 3613 2647 portavimus

341 2679 555 2750 pondus
580 2679 692 2735 diei
718 2688 774 2734 et
800 2687 989 2733 aestum
1017 2677 1101 2731 "‘2
1126 2697 1145 2729 ι
1176 2677 1291 2732 Hoc
1348 2674 1581 2746 proinde
1620 2673 1916 2729 audierunt
1943 2688 1957 2726 :
2005 2690 2024 2723 ι
2055 2670 2264 2736 Amice,
2291 2686 2403 2724 non
2427 2669 2565 2724 facio
2601 2669 2700 2723 tibi
2729 2668 2987 2739 injuriam
3012 2685 3028 2735 ;
3056 2682 3239 2721 nonne
3270 2681 3337 2721 ex
3364 2665 3601 2721 denario

340 2772 646 2827 convenisti
687 2771 941 2828 mecum?
975 2771 1104 2827 tolle
1137 2771 1283 2840 quod
1329 2777 1483 2824 tuum
1520 2777 1625 2830 est,
1671 2776 1728 2821 et
1754 2765 1915 2829 vade,
1958 2764 2081 2818 volo
2115 2771 2170 2817 et
2201 2763 2332 2817 huic
2372 2761 2675 2817 novissimo
2737 2760 2867 2815 dare
2901 2759 3046 2815 sicut
3082 2768 3139 2814 et
3176 2758 3273 2813 tibi
3307 2778 3322 2813 :
3383 2774 3453 2812 an
3487 2773 3597 2812 non

342 2863 469 2920 licet
513 2863 647 2917 mihi
682 2864 863 2918 facere
914 2862 1059 2932 quod
1108 2864 1233 2917 volo
1292 2863 1373 2916 9‘?
1406 2881 1424 2913 ι
1507 2858 1763 2915 lndicans
1808 2867 1991 2911 autem
2029 2871 2223 2911 eorum
2287 2855 2538 2910 aemulam
2596 2853 2857 2907 invidiam
2929 2863 3095 2923 atque
3162 2852 3595 2924 malignitatem,

343 2960 598 3016 inducit:
636 2977 656 3011 ι
692 2959 775 3013 An
824 2974 934 3012 non
965 2958 1162 3013 oculus
1198 2967 1326 3013 tuus
1365 2972 1600 3027 nequam
1638 2964 1743 3019 est,
1789 2954 1918 3024 quia
1957 2967 2059 3024 ego
2082 2952 2262 3007 bonus
2290 2966 2412 3009 sum
2435 2951 2519 3004 9"?
2559 2969 2577 3000 ι
2615 2948 2720 3019 lpsi
2751 2948 2946 3019 gloria,
3013 2947 3069 3001 in
3136 2948 3337 3003 saecula
3366 2948 3600 3002 saeculo-

343 3067 485 3111 rum.
520 3052 715 3106 Amen.

937 3158 1154 3212 ΛΟΓΟΣ
1194 3157 1304 3211 ἥθ’

846 3269 990 3339 Περὶ
1019 3268 1411 3337 καταλαλιᾶς.

426 3388 491 3441 ἸΙ
545 3384 853 3441 καταλαλιὰ
907 3384 1005 3438 καὶ
1047 3385 1076 3438 ό
1132 3382 1471 3455 γογγυσμὸς,
1530 3382 1921 3455 πλησιέστεραι

340 3478 588 3551 ἀλλήλων
616 3476 753 3531 είσίν
776 3491 790 3506 ·
824 3476 1135 3548 ἀμφότεραι
1162 3475 1219 3529 δὲ
1247 3474 1433 3529 κλάδοι
1464 3475 1563 3546 τῆς
1593 3474 1887 3536 ἀσυνεσίας
1911 3487 1926 3502 ’

348 3570 409 3625 '0
446 3542 544 3639 μὲν
590 3569 699 3638 γὰρ
742 3542 1056 3637 γογγυστὴς
1101 3567 1296 3620 ἑαυτὸν
1330 3542 1567 3631 ὄλλυσιν,
1596 3568 1624 3619 ὁ
1662 3567 1717 3620 δὲ
1749 3582 1920 3619 καταο
1948 3542 1990 3598 c

340 3660 536 3727 λαλῶν,
575 3659 772 3714 ἑαυτὸν
808 3660 902 3713 καὶ
927 3659 1053 3721 τοὺς
1075 3657 1390 3722 ἀκούοντας.
1419 3657 1675 3712 Βούλεται
1702 3657 1808 3729 γὰρ
1832 3656 1922 3711 διὰ

340 3758 441 3824 τῆς
466 3753 819 3815 καταλαλιᾶς,
853 3751 1126 3806 διασείσαι
1153 3751 1250 3805 καὶ
1271 3750 1487 3816 ἄλλους,
1517 3751 1610 3804 καὶ
1634 3752 1699 3822 τῇ
1725 3748 1918 3804 ἑαυτοῦ

340 3844 623 3917 ἀφροσύνῃ
673 3842 1075 3912 συγκοινωνοὺς
1152 3844 1407 3913 ποιῆσαιο
1460 3843 1643 3897 δισσὸν
1696 3843 1920 3912 ὄφλημα

340 3938 522 4011 ἐαυτῷ
558 3936 834 4007 ἁμαρτίας
878 3934 1158 4006 σωρεύων,
1208 3935 1303 3988 καὶ
1355 3935 1498 4005 ὑπὲρ
1549 3934 1770 4000 ἑαυτοῦ,
1823 3933 1920 3988 καὶ

338 4028 451 4083 τῶν
476 4028 627 4097 αὑτῷ
659 4026 1003 4096 πειθομένων
1035 4025 1337 4091 ὑπεύθυνος
1364 4026 1681 4098 γενόμενος.
1714 4027 1777 4082 Εἰ
1810 4027 1919 4096 γὰρ

339 4121 439 4177 καὶ
484 4120 811 4191 ἀκούσωμεν
864 4119 1057 4191 λόγους
1119 4120 1348 4182 κακοὺς,
1408 4120 1637 4183 ἑαυτοὺς
1690 4118 1922 4190 μεμψώ-

341 4211 507 4283 μεθα,
533 4212 630 4265 καὶ
673 4209 749 4282 μὴ
792 4211 884 4264 τὸν
922 4210 1255 4280 λαλήσαντα.
1292 4212 1439 4281 Πρὸς
1461 4211 1569 4284 γὰρ
1596 4210 1695 4283 τὴν
1729 4210 1923 4282 προαί-

345 4318 495 4373 ρεσιν
521 4301 704 4372 ἡμῶν,
750 4300 846 4355 καὶ
887 4301 936 4353 οἱ
986 4299 1336 4370 διακομισταὶ
1358 4301 1453 4355 τοῦ
1496 4301 1679 4370 λόγου,
1708 4303 1783 4356 Οὐ
1814 4301 1922 4374 χρὴ

340 4390 436 4448 οὖν
484 4394 579 4447 ἐπὶ
626 4397 742 4457 τοῖς
785 4392 1181 4463 ὑπερχομένοις
1223 4395 1357 4464 ἡμῖν
1400 4393 1694 4464 θλιὸεροῖς,
1728 4394 1921 4460 ἄλλους

343 4485 797 4557 μέμφεσθαι,καὶ
826 4486 1172 4553 καταλαλεῖν,
1204 4486 1290 4541 ἵνα
1319 4485 1394 4557 μὴ
1425 4486 1799 4559 παραρυῶμεν
1823 4488 1924 4557 τῆς

339 4577 562 4642 δικαίας
586 4578 822 4649 κρίσεως
847 4580 941 4637 τοῦ
972 4581 1375 4651 προσήκοντος,
1399 4578 1534 4633 ἀλλὰ
1564 4580 1765 4649 μᾶλλον
1796 4580 1923 4632 ἐαυ-

339 4672 465 4748 τοὺς
516 4669 884 4741 μεμψώμεθα.
939 4671 1110 4725 Τοῦτο
1155 4670 1262 4742 γὰρ
1316 4671 1611 4741 εὐάρεστον
1656 4670 1734 4742 τῷ
1781 4671 1921 4741 Θεῷ.

342 4761 526 4817 Καλὸν
579 4758 672 4816 οὖν
728 4764 875 4816 ἐστὶν
934 4764 1025 4816 ἐπὶ
1080 4763 1312 4834 μηδενὸς
1380 4762 1726 4831 καταλαλεϊν,
1788 4763 1925 4836 μηδὲ

2427 3156 2639 3227 1077
2681 3154 2965 3212 IlOMlLIA
3004 3156 3197 3212 XXIX.

2587 3266 2665 3321 De
2692 3266 3031 3323 detractione.

2096 3376 2377 3433 Detractio
2412 3385 2468 3433 et
2511 3380 2877 3434 murmuratio
2915 3396 3172 3451 germana
3198 3382 3438 3452 quadam
3469 3399 3601 3454 pro-

2026 3468 2333 3540 pinquitate
2369 3469 2616 3526 confines
2658 3479 2808 3535 sunt,
2849 3488 2915 3526 ac
2956 3482 3149 3526 mutuo
3178 3473 3383 3529 foedere
3428 3489 3600 3545 copu-

2025 3560 2227 3615 lantur.
2252 3561 2498 3631 Utraque
2528 3578 2692 3632 porro
2717 3561 2868 3617 aliud
2894 3563 3031 3618 nihil
3058 3580 3221 3634 quam
3249 3565 3383 3619 rami
3413 3566 3603 3621 incon-

2020 3651 2373 3708 siderationis
2403 3662 2459 3709 et
2488 3653 2754 3709 stultitim.
2810 3654 3029 3710 Etenim
3082 3665 3454 3710 murmurator
3514 3672 3603 3713 se-

2020 3744 2199 3815 ipsum
2229 3744 2443 3815 perdit;
2467 3745 2747 3803 detractor
2770 3757 2827 3803 et
2854 3749 3095 3818 seipsum
3114 3749 3158 3804 it
3175 3748 3474 3820 perditum,
3499 3765 3602 3806 nec

2020 3835 2220 3899 solum,
2254 3835 2350 3891 sed
2398 3843 2455 3890 et
2503 3837 2815 3895 audientes.
2864 3838 3149 3909 Siquidem
3197 3839 3245 3895 is
3292 3839 3398 3895 hoc
3429 3856 3599 3896 unum

2021 3936 2264 3997 spectat,
2303 3943 2401 3982 sua
2432 3936 2493 3983 ut
2522 3928 2864 3985 detractione
2915 3932 3132 3987 conciat
3159 3940 3216 3987 et
3262 3933 3437 4000 alios,
3468 3948 3602 4003 pro-

2023 4019 2154 4074 inde
2177 4026 2235 4073 et
2263 4020 2577 4083 conturbet,
2618 4037 2840 4091 suaeque
2869 4022 3118 4078 stultitia:
3143 4023 3376 4080 asciscat
3401 4024 3505 4080 sibi
3536 4040 3602 4081 ac

2021 4120 2177 4181 paret
2200 4111 2516 4180 complices.
2546 4111 2755 4181 Duplex
2789 4128 2899 4168 uno
2926 4113 3033 4169 hoc
3062 4124 3289 4186 peccato
3327 4116 3434 4171 sibi
3466 4132 3601 4172 con-

2021 4204 2166 4275 gerit
2188 4204 2464 4267 debitum,
2488 4212 2545 4259 et
2567 4205 2671 4259 sibi
2696 4204 2918 4275 quidem
2942 4206 3217 4262 obnoxius
3247 4207 3485 4278 primum
3518 4207 3598 4275 lit,

2021 4293 2219 4349 deinde
2257 4294 2378 4349 istis
2422 4310 2563 4365 quos
2609 4296 2952 4352 detrahendo
2984 4297 3038 4351 in
3081 4299 3412 4355 sententiam
3445 4315 3599 4356 suam

2021 4385 2274 4443 adduxit.
2297 4385 2456 4454 Quod
2486 4387 2531 4443 si
2559 4403 2660 4443 nos
2676 4389 2962 4457 continget
2988 4390 3181 4445 audire
3210 4391 3602 4461 improbandos

2022 4493 2344 4544 sermones,
2385 4495 2496 4534 non
2544 4489 2651 4534 tam
2690 4496 2821 4535 eum
2867 4481 2963 4551 qui
2997 4483 3259 4552 protulit,
3290 4499 3455 4554 quam
3497 4500 3601 4541 nos

2023 4570 2173 4639 ipsos
2219 4585 2582 4641 coarguamus
2616 4587 2629 4624 :
2663 4586 2764 4641 pro
2798 4573 3084 4629 voluntate
3131 4573 3280 4629 enim
3325 4585 3510 4632 nostra
3543 4586 3607 4634 et-

2023 4660 2301 4715 delatores
2346 4662 2620 4716 sermonis
2664 4661 2750 4717 vel
2795 4662 3167 4719 admittuntur
3212 4667 3301 4721 vel
3336 4666 3599 4738 rejiciun-

2024 4762 2133 4808 tur.
2161 4753 2309 4808 Nihil
2333 4753 2500 4825 igitur
2528 4762 2746 4823 oportet
2784 4754 2855 4809 ob
2882 4771 2948 4810 ea
2986 4772 3106 4825 quae
3135 4757 3191 4813 in
3217 4774 3319 4815 nos
3348 4759 3601 4821 recidunt

342 4855 516 4926 ἡδέως
575 4854 798 4909 ἀκούειν
848 4855 1305 4918 καταλαλούντος.
1354 4856 1418 4909 El
1472 4855 1530 4910 δὲ
1588 4855 1686 4927 μὴ,
1736 4855 1833 4910 καὶ
1894 4858 1917 4910 ό

2026 4846 2288 4913 adversa,
2336 4846 2392 4900 in
2434 4846 2571 4905 alios
2619 4846 2951 4918 detorquere
2998 4851 3461 4919 reprehendendo
3502 4863 3600 4917 aut

340 4949 558 5006 ἁκούων
599 4946 780 5018 ἔνοχος
826 4947 979 5002 ἔσται
1004 4949 1102 5019 τῆς
1132 4949 1411 5019 ἁμαρτίας
1431 4948 1526 5003 τοῦ
1559 4948 1921 5004 καταλαλοῦν-

345 5056 461 5103 τος,
491 5040 588 5093 ἐὰν
620 5039 887 5111 πιστεύσῃ
912 5042 983 5111 τῇ
1024 5040 1344 5111 καταλαλιᾷ.
1397 5042 1455 5095 '0
1486 5042 1595 5113 γὰρ
1626 5042 1925 5107 πιστεύσας

345 5129 459 5195 ἒξει
508 5130 652 5183 κατὰ
706 5127 800 5182 τοῦ
852 5127 1084 5197 ἀδελφοῦ
1137 5127 1337 5182 αὐτοῦ·
1395 5122 1551 5192 οὗτος
1604 5122 1697 5182 οὖν
1743 5128 1926 5199 ἔνοχός

348 5224 497 5288 ἐστιν
530 5222 627 5290 τῆς
659 5221 935 5292 ἁμαρτίας
973 5220 1067 5275 τοῦ
1096 5221 1545 5286 καταλαλοῦντος.
1577 5222 1653 5276 Οὐ
1686 5222 1771 5275 δεῖ
1815 5223 1924 5294 γὰρ

346 5314 491 5367 κατὰ
529 5314 762 5376 ἀπόντος
817 5312 1049 5381 ἀδελφοῦ
1086 5312 1267 5382 λέγειν
1322 5331 1397 5376 τι,
1436 5306 1625 5384 σκοπῷ
1671 5311 1764 5366 τοῦ
1809 5312 1923 5366 δια-

343 5403 563 5459 ϐάλλειν
600 5403 784 5468 αὐτὸν,
812 5404 947 5474 ὅπερ
970 5405 1117 5458 ἐστὶν
1166 5405 1491 5471 καταλαλιὰ,
1538 5403 1639 5458 κᾶν
1682 5400 1921 5476 ἁληθῆᾖ

342 5496 415 5550 τὰ
446 5496 755 5567 λεγόμενα·
791 5496 927 5549 ἀλλὰ
965 5497 1166 5567 μᾶλλον
1203 5498 1642 5567 ἀποστρέφεσθαι
1684 5498 1775 5551 τὸν
1826 5516 1924 5557 κα,⁴

346 5585 707 5641 ταλαλοῦντα.
735 5583 807 5638 ’Ὢ
836 5587 1003 5641 πόσον
1054 5589 1268 5657 πονηρά
1311 5589 1460 5641 ἐστιν
1508 5591 1540 5659 ἡ
1602 5589 1922 5655 καταλαλιὰ,

346 5678 726 5746 ᾁκατάστατον
778 5678 1075 5750 δαιμόνιον,
1116 5680 1385 5750 μηδέποτε
1426 5681 1730 5751 εἰρηνεύον,
1787 5683 1923 5737 ἀλλὰ

425 5814 471 5899 ῗῗ
492 5814 680 5899 .¹ἶ¹³ί¹.⁵Ρ

684 5832 826 5894 p._u,
870 5817 1074 5894 1‘43""
1108 5819 1266 5894 l‘rov.
1304 5837 1396 5894 an,
1430 5820 1514 5874 l8.
1554 5823 1789 5894 ﬁl’rov.
1818 5840 1917 5894 xxi,

2017 5826 2047 5877 ἱ.
2124 5824 2318 5894 "Sap.
2359 5842 2395 5889 l,
2427 5825 2505 5879 ll.

2026 4940 2391 5008 detrahendo,
2422 4951 2483 4996 ut
2514 4958 2584 4997 ne
2609 4942 2934 5000 decidamus
2961 4962 2993 5001 a
3021 4946 3356 5005 discretione
3390 4949 3467 5004 rei
3499 4964 3600 5018 per

2019 5048 2079 5089 se
2109 5033 2355 5089 honestae
2382 5050 2447 5089 ac
2475 5034 2725 5091 decentis
2751 5054 2764 5090 :
2797 5038 2851 5093 in
2886 5038 3140 5109 uosipsos
3169 5040 3374 5110 potius,
3396 5041 3444 5096 si
3468 5042 3599 5111 quid

2021 5126 2462 5196 reprehensibile
2527 5130 2792 5194 occurrit,
2858 5132 3188 5187 recellamus
3228 5150 3241 5187 :
3281 5134 3389 5189 hoc
3447 5134 3598 5193 enim

2019 5235 2285 5292 perquam
2335 5227 2626 5290 acceptum
2678 5223 2791 5277 Deo
2851 5231 2955 5278 est.
3012 5223 3154 5279 Sane
3204 5222 3469 5280 decorum
3526 5226 3600 5284 sit

2019 5310 2231 5369 nemini
2270 5327 2499 5382 prorsus
2525 5312 2839 5369 obtrectare
2870 5331 2882 5368 :
2914 5322 2971 5368 at
3013 5329 3083 5369 ne
3105 5315 3271 5371 etiam
3293 5315 3595 5372 detrahem-

2021 5417 2133 5465 tem
2162 5408 2358 5464 audire
2393 5424 2518 5464 cum
2543 5408 2697 5464 suavi
2720 5408 2937 5478 pruritu
2967 5408 3185 5463 aurium
3210 5424 3350 5464 neve
3381 5407 3478 5462 ulli
3503 5407 3599 5461 de.

2022 5501 2281 5557 tractioni
2307 5501 2468 5557 (idem
2487 5502 2825 5556 commodes.
2845 5500 2951 5567 Qui
2974 5502 3123 5556 enim
3157 5501 3320 5555 tidem
3339 5498 3599 5557 adhibuit

2023 5593 2373 5657 detractioni,
2414 5594 2461 5648 is
2491 5594 2545 5647 in
2569 5601 2850 5664 posterum
2893 5593 3160 5649 adversus
3184 5593 3408 5646 fratrem
3433 5603 3597 5645 suum

2024 5684 2301 5755 iniquiore
2321 5683 2588 5741 afﬁcietur
2609 5685 2828 5743 animo:
2855 5685 2978 5739 talis
3002 5684 3188 5756 igitur,
3209 5682 3445 5737 eﬂicitur
3470 5698 3597 5737 reus

2609 5827 2655 5857 ’°
2675 5825 2810 5880 Luc.
2843 5841 2894 5890 v,
2918 5824 3010 5879 50.
3118 5824 3159 5855 ‘”
3192 5821 3352 5881 ἔθου.
3383 5837 3451 5887 VI,
3506 5821 3594 5887 Η,

351 5884 399 5917 ἐ
433 5883 566 5953 ibid.
608 5883 698 5949 45;
735 5887 814 5941 lt.
899 5889 942 5920 υ
973 5889 1163 5945 Matth.
1192 5907 1279 5956 xx,
1315 5883 1393 5945 τεᾷ
1472 5893 1516 5923 νδ
1550 5890 1681 5957 ibid,
1720 5883 1917 5955 15-15;

2017 5897 2024 5924 ‘
2058 5894 2196 5957 ibid.
