4028 6524
524 418 658 487 1531
1771 417 2141 480 ANTIOCHI
2181 419 2339 480 ΜοΝ
2349 418 2525 479 ACIII
3618 416 3728 485 1532

522 529 761 605 peccati,
796 544 923 586 cum
949 528 1288 587 detractare.
1328 528 1449 587 Non
1476 528 1626 585 enim
1658 528 1921 583 convenit
1954 526 2119 597 quid-

2224 528 2449 582 πάντοτε
2480 526 2538 579 ὲν
2566 522 2941 595 διχοστασίαις
2971 518 3295 589 κατοικοῦν;
3319 522 3486 579 Καλὸν
3504 518 3587 581 οὖν
3610 529 3732 588 ἔστιν

524 640 691 696 quam
709 622 964 694 proloqui
980 621 1249 678 adversus
1265 622 1493 678 fratrem
1512 620 1686 676 ullum
1704 619 2010 682 absentem,
2024 634 2115 673 ca-

2224 617 2519 673 άποθέσθαι
2555 614 2656 688 τὴν
2687 615 2867 687 κακὴν
2897 614 3104 686 ζύμην,
3131 613 3229 684 τὴν
3264 614 3633 673 παλαιωθείσαν
3658 624 3737 678 καὶ

527 714 839 771 lumniandi
876 715 1186 785 praasertim
1222 714 1553 780 intentione,
1579 713 1697 768 sive
1732 712 1810 766 illi
1836 719 1897 766 ut
1925 711 2116 765 inuras

2224 710 2555 778 ὲνοξύσασαν
2609 708 2703 763 τοῦ
2743 707 3069 780 γογγυσμοῦ
3128 707 3228 763 καὶ
3284 709 3378 781 τῆς
3430 712 3738 782 καταλαλιάς,

526 815 716 862 notam
770 806 879 877 (id
923 805 1069 876 quod
1121 804 1344 875 praprie
1407 813 1492 860 est
1539 800 1880 867 καταλαλιὰ,
1934 799 1989 855 id
2032 809 2117 855 est

2224 804 2314 858 καὶ
2359 802 2714 874 μεταϐαίνειν
2745 802 2841 857 ἐπὶ
2867 805 2929 856 τὸ
2974 804 3094 857 νέον
3122 802 3353 875 φύραμα
3382 804 3477 874 τῆς
3507 806 3740 879 ὑπακοῆς,

529 898 846 968 detractio),
897 880 1111 953 tametsi
1158 913 1289 952 vera
1342 895 1454 952 sint
1496 911 1620 966 quae
1666 894 1950 949 dicuntur.
2011 892 2117 947 De-

2224 896 2313 950 καὶ
2341 894 2719 968 εὐχαριστίας.
2780 895 2856 949 0'3
2898 894 3005 967 γάρ
3040 894 3243 966 πρέπει
3280 896 3408 965 ἡμῖν
3439 897 3653 953 ἐοικέναι
3681 901 3745 972 τῷ

2217 991 2276 1043 ἐν
2307 989 2501 1059 ἐρήμῳ
2541 989 2820 1058 γογγυστῇ
2855 985 2969 1057 λαῷ
3010 987 3108 1041 καὶ
3145 988 3433 1061 καταλάλῳ
3474 990 3607 1062 λαῷο
3635 992 3749 1048 ἀλλὰ

2219 1081 2422 1150 μᾶλλον
2442 1081 2518 1142 ὡς
2538 1080 2707 1134 τέκνα
2726 1079 2857 1133 ὅντα
2886 1082 2989 1147 τῆς
3007 1079 3234 1149 χάριτος
3278 1080 3627 1152 μιμησώμεθα
3644 1086 3750 1150 τοὺς

2221 1176 2278 1229 ἐν
2294 1178 2359 1247 τῇ
2374 1176 2557 1247 χάριτι
2576 1172 3272 1243 πολιτευομένους,άγίους,
3291 1174 3521 1243 εὖήκοοι.
3548 1178 3629 1231 καὶ
3644 1181 3749 1233 :66-

2221 1285 2402 1338 ρεστοι
2436 1267 2741 1338 γενόμενοι.
2777 1264 3097 1336 Γέγραπται
3126 1267 3236 1336 γάρ
3267 1268 3395 1336 περὶ
3421 1268 3646 1333 ἐκείνων,
3674 1272 3750 1323 καὶ

2220 1360 2596 1430 κατελάλησαν
2630 1358 2725 1413 τοῦ
2752 1357 2911 1417 Θεοῦ,
2948 1359 3041 1411 καὶ
3074 1353 3228 1411 εἶπον
3266 1375 3279 1388 ’
3318 1378 3336 1410 ι
3366 1360 3456 1429 Μὴ
3497 1359 3751 1431 δυνήσεται

2219 1455 2247 1507 6
2273 1451 2406 1515 Θεὸς
2435 1452 2723 1521 ἑτοιμάσαι
2759 1450 3041 1521 τράπεζαν
3071 1450 3131 1503 έν
3171 1450 3365 1521 ἐρήμῳ
3388 1466 3403 1516 ;
3428 1469 3447 1501 ι
3485 1451 3587 1505 Καὶ
3618 1470 3752 1508 κατε-

2218 1543 2459 1614 λάλησαν
2500 1541 2711 1613 Ἀαρὼν
2760 1543 2857 1596 καὶ
2914 1541 3154 1613 Μαριὰμ
3213 1543 3356 1595 κατὰ
3414 1543 3629 1615 Μωῦσῆ,
3679 1548 3752 1599 καὶ

529 991 629 1047 bes
689 991 875 1060 potius
938 988 1180 1044 aversari
1243 988 1664 1053 detrahentem,
1719 996 1778 1042 et
1847 985 1955 1040 alio
2008 983 2115 1039 iter

528 1083 847 1139 deﬂectere.
898 1081 1180 1152 Numquid
1220 1096 1331 1136 non
1367 1081 1607 1151 maligna
1648 1081 1765 1135 haec
1807 1086 1893 1133 est
1932 1077 2117 1131 detra-

529 1177 664 1242 ctio,
687 1184 744 1233 et
785 1175 1146 1246 irrequietum
1181 1174 1515 1231 daemonium
1546 1216 1561 1241 ,
1593 1172 1697 1229 nec
1727 1173 1837 1228 ulla
1870 1185 2114 1240 unquam

532 1268 801 1340 temperie
834 1267 1165 1339 pacificum?
1208 1268 1487 1338 Perpetuo
1534 1265 1809 1336 siquidem
1856 1262 2118 1318 mansitat

531 1376 599 1418 ac
638 1368 889 1416 moratur
920 1360 1066 1415 inter
1111 1360 1372 1416 velitares
1418 1358 1719 1413 verborum
1763 1370 1974 1427 pugnas
2022 1360 2119 1407 aut

532 1452 858 1508 seditiones.
895 1451 1167 1509 Convenit
1194 1452 1364 1523 igitur
1405 1468 1435 1506 a
1470 1468 1527 1507 se
1569 1458 1829 1506 excutere
1854 1446 2116 1502 vitiosum

534 1544 671 1600 illud
711 1543 1069 1611 fermentum,
1100 1552 1157 1598 et
1190 1543 1456 1598 diuturna
1501 1540 1831 1597 detrahendi
1861 1556 1926 1596 ac
1970 1556 2120 1594 mur-

535 1637 792 1694 murandi
836 1637 1240 1694 consuetudine
1284 1638 1684 1701 inveteratum,
1733 1650 1902 1705 seque
1935 1644 2119 1689 trans—

2224 1632 2374 1690 εἷπον
2395 1653 2407 1665 ·
2452 1655 2470 1688 ι
2490 1635 2583 1706 Μὴ
2624 1635 2848 1689 Μωῦσεῖ
2878 1634 3143 1706 ἐλάλησεν
3183 1636 3211 1687 6
3243 1633 3379 1698 Θεὸς
3413 1633 3583 1705 μόνῳ;
3614 1654 3630 1687 ι
3667 1638 3755 1691 Kal

534 1731 686 1787 ferre
734 1728 804 1785 ad
839 1730 1274 1801 assumptionem
1301 1745 1457 1784 nova:
1490 1728 1933 1798 conspersionis,
1977 1726 2119 1781 obe-

2224 1728 2467 1800 ὼργίσθη
2510 1728 2717 1800 Κύριος
2758 1727 2847 1780 ἐπ’
2898 1727 3105 1791 αὐτοῖς,
3150 1725 3248 1780 καὶ⁵
3302 1726 3413 1781 ίδοὺ
3456 1727 3667 1798 Μαριὰμ
3694 1728 3759 1782 λιι

535 1821 763 1879 ἀίειιιὶω
824 1821 1087 1876 nimirum
1152 1831 1209 1877 et
1256 1820 1559 1893 gratiarum
1616 1818 1870 1873 actionis.
1928 1817 2120 1887 Neque

2224 1818 2439 1889 πρῶσα.
2475 1818 2638 1887 Λέγει
2671 1817 2729 1871 δὲ
2768 1816 2865 1870 xal
2887 1817 2916 1870 6
2945 1817 3364 1889 Παροιμιαστής
3387 1830 3403 1845 '
3432 1834 3451 1869 ι
3470 1819 3558 1891 Μὴ
3601 1818 3758 1888 ἀγάπα

534 1914 689 1971 enim
726 1914 890 1970 docet
929 1929 1031 1969 nos
1075 1913 1279 1984 p0pulo
1311 1912 1391 1967 illi
1428 1911 1665 1967 inveniri
1698 1909 1988 1974 assimiles,
2025 1908 2119 1978 qui

2224 1886 2548 1965 καταλαλεῖν
2578 1911 2665 1964 ἵνα
2716 1910 2793 1982 μὴ
2823 1886 3081 1981 ὲξαρθῇς.
3114 1886 3293 1981 Παγὶς
3318 1886 3432 1982 *γὰρ
3468 1886 3654 1982 ίσγυρά
3688 1916 3759 1968 άν-

538 2016 650 2063 tam
690 2006 795 2063 fuit
840 2005 981 2061 male
1030 2014 1219 2077 gratus
1248 2006 1361 2060 Deo
1396 2013 1457 2059 ut
1504 2003 1558 2058 in
1614 2018 1807 2059 eremo
1855 2000 2121 2058 adversus

2224 2002 2344 2074 δρὶ,
2387 2002 2457 2057 τά
2508 2002 2619 2057 ἴδια
2674 2001 2831 2072 χείλη
2853 2016 2869 2032 ⁸
2910 2002 2939 2054 6
2968 2002 3027 2056 δὲ
3059 2002 3293 2071 ἇστεγος
3316 2002 3552 2073 χείλεσιν
3582 2005 3761 2057 σκολιά·

535 2114 665 2153 eum
704 2109 761 2153 et
798 2098 1231 2152 murmuraverit
1268 2106 1325 2151 et
1367 2094 1689 2151 detraxerit.
1724 2094 1957 2150 Sanctos
2000 2094 2121 2149 imi-

2225 2094 2335 2162 ζων
2387 2095 2935 2165 ὑποσκελισθὴσεται.
2971 2112 2990 2146 ι
3035 2095 3146 2148 Καὶ
3182 2095 3347 2148 πάλιν
3380 2111 3393 2126 ·
3430 2114 3449 2146 ‹
3473 2095 3603 2162 Δόξα
3639 2097 3763 2167 ἀνδρὶ

540 2198 723 2243 temur
756 2188 962 2259 potius,
996 2186 1090 2257 qui
1134 2186 1202 2241 ad
1245 2186 1513 2256 fulgorem
1552 2184 1907 2254 prazlucentis
1935 2185 2121 2255 gratia

2224 2185 2668 2257 ἀποστρέφεσθαι
2698 2184 2997 2258 λοιδορίας*
3034 2186 3063 2239 6
3094 2186 3154 2240 δὲ
3194 2187 3389 2257 ἄφρων
3410 2188 3658 2251 τοιούτοις
3679 2190 3761 2259 έμ-

538 2280 709 2334 vitam
752 2279 1115 2334 moderantur
1159 2293 1335 2334 suam.
1379 2276 1716 2334 Obedientes
1764 2276 1970 2341 simus,
2020 2292 2121 2331 nec

2226 2280 2508 2334 πλέκεται.
2544 2299 2561 2331 ι
2608 2280 2718 2335 Kal
2746 2280 2908 2334 πάλιν
2936 2297 2949 2311 ·
2985 2298 3002 2332 ι
3041 2279 3206 2350 Ἀνὴρ
3230 2279 3492 2351 λοίδορος,
3524 2280 3599 2343 είς
3628 2297 3764 2351 rapa-

540 2370 857 2443 ingrati;de
881 2372 990 2427 illis
1013 2370 1219 2442 quippe
1245 2371 1511 2441 scriptum
1535 2380 1640 2435 est,
1666 2370 1760 2441 qui
1783 2380 1840 2426 et
1859 2370 2121 2425 adversus

2224 2373 2326 2445 χὴν
2361 2374 2565 2445 μάχης.
2608 2376 2705 2438 ὐς
2746 2374 2805 2428 δὲ
2852 2372 3113 2444 φυλάττει
3151 2373 3215 2427 τὸ
3264 2373 3445 2443 στόμα
3486 2373 3662 2440 αὑτοῦ,
3691 2374 3765 2428 καὶ

538 2465 711 2521 Deum
744 2465 914 2521 locuti
940 2473 1089 2530 sunt,
1123 2474 1180 2521 et
1209 2465 1470 2520 dixerunt
1498 2483 1510 2519 :
1547 2486 1563 2516 ι
1604 2464 1885 2535 Numquid
1920 2464 2121 2535 poterit

2224 2466 2322 2538 τὴν
2364 2467 2640 2536 γλῶσσαν,
2691 2467 2945 2536 διατηρεῖ
2989 2468 3054 2520 ὲκ
3087 2465 3325 2537 θλίψεως
3348 2466 3454 2538 τὴν
3479 2465 3649 2537 ψυχὴν
3688 2467 3763 2520 αὖ.

538 2557 688 2612 Deus
716 2572 913 2627 parare
939 2574 1187 2614 mensam
1226 2558 1281 2613 in
1310 2557 1531 2613 deserto
1554 2558 1639 2611 9‘?
1673 2577 1690 2609 ι
1721 2556 1826 2613 Sed
1854 2564 1910 2613 et
1942 2557 2121 2612 Aaron

2224 2558 2341 2613 τοῦ.
2373 2578 2391 2612 ι
2421 2557 2562 2614 Καί·
2600 2578 2619 2612 ι
2662 2558 2719 2612 '0
2737 2558 2967 2628 άγαπῶν
3001 2558 3148 2630 ζωὴν
3196 2556 3447 2629 φείσεται
3478 2559 3570 2613 τοῦ
3596 2559 3765 2629 στόμα-

539 2664 599 2711 et
628 2656 798 2712 Maria
824 2657 1182 2713 detraxerunt
1200 2656 1404 2730 Moysi;
1426 2657 1686 2712 dixerunt
1713 2657 1861 2714 enim
1891 2676 1903 2712 :
1933 2677 1950 2710 ι
1979 2658 2121 2713 Num

2226 2669 2317 2716 τος
2353 2651 2542 2708 αὑτοῦ.
2568 2669 2587 2703 ι
2628 2652 2739 2707 Kal
2773 2650 2967 2715 αὒθιςυ
3005 2670 3024 2704 ι
3063 2652 3131 2705 Ἃ
3164 2651 3273 2706 ἴδον
3305 2651 3359 2704 οί
3392 2649 3649 2723 ὀφθαλμοί
3674 2669 3766 2714 σου,

539 2749 712 2822 Moysi
739 2750 842 2806 soli
874 2750 1094 2807 locutus
1110 2760 1193 2807 est
1220 2751 1366 2806 Deus
1390 2751 1475 2804 "'1'
1497 2770 1514 2802 ι
1552 2750 1611 2805 In
1631 2751 1754 2806 illos
1780 2750 2013 2822 proinde
2043 2751 2121 2805 ira

2226 2743 2351 2813 λέγε
2373 2760 2387 2805 τ
2410 2742 2487 2815 μὴ
2508 2744 2822 2815 πρόσπιπτε
2851 2744 2931 2808 είς
2963 2743 3168 2815 μάχην,
3200 2743 3287 2798 ἵνα
3320 2743 3399 2817 μὴ
3425 2744 3767 2816 μεταμεληθῇς

539 2837 637 2897 Dei
671 2838 892 2905 exarsit,
911 2848 969 2893 et
995 2854 1125 2895 ecce
1151 2837 1322 2894 Maria
1344 2838 1497 2910 lepra
1518 2854 1782 2910 percussa
1807 2848 1912 2894 est.
1942 2840 2121 2895 Parua-

2226 2835 2314 2890 ἐπ’
2340 2836 2604 2907 ἐσχάτων.
2637 2854 2654 2887 ι
2692 2836 2805 2891 Kal
2834 2838 2863 2890 6
2902 2835 3024 2890 Ἰὼϐ
3057 2838 3171 2901 τοῖς
3190 2836 3370 2906 φίλοις
3409 2836 3604 2891 αὐτοῦ’
3635 2855 3652 2890 ι
3675 2838 3767 2890 Κα-

539 2929 765 2986 miastes
775 2930 872 2985 ait:
884 2931 990 2986 «Ne
1003 2930 1349 2998 detrahas,ut
1361 2948 1469 2986 non
1484 2931 2121 3002 pereas.Laqueusfortis

2227 2927 2509 2982 ταλαλεῖτέ
2567 2944 2696 2997 μου,
2741 2926 2818 2999 μὴ
2875 2927 3258 2999 αἰσχυνόμενοι
3296 2927 3607 2982 ὲπικεῖσθαί
3636 2945 3763 2999 μοι.ι

538 3021 660 3076 viro
671 3022 894 3094 propria
916 3023 1057 3078 labia
1077 3033 1206 3079 sunt
1224 3041 1238 3091 ;
1256 3024 1349 3094 qui
1374 3035 1555 3079 autem
1576 3024 2017 3080 irrctentibiliter
2035 3040 2121 3081 va-

2239 3018 2298 3074 'O
2345 3019 2405 3074 δὲ
2448 3018 2791 3090 Ψαλμῳδόςο
2833 3019 2977 3073 «Τὸν
3024 3018 3442 3074 καταλαλοῦντα
3491 3017 3657 3088 λάθρα
3698 3017 3770 3072 τὸν

540 3117 629 3165 cat
646 3109 828 3175 labiis,
856 3111 1302 3181 supplantabitur
1317 3110 1385 3165 ".
1414 3131 1430 3163 ι
1453 3112 1670 3183 1078
1690 3113 1903 3168 Rursus
1927 3130 1940 3167 :
1960 3132 1978 3165 ι
2000 3111 2121 3169 Glo-

2228 3112 2459 3186 πλησίον
2478 3111 2667 3178 αὐτοῦ,
2689 3112 2881 3167 τοῦτον
2904 3112 3211 3180 ἐξεδίωκον.
3236 3132 3255 3165 ι
3298 3112 3419 3168 Kal
3454 3109 3607 3177 αὖθις
3624 3128 3638 3143 ·
3675 3130 3690 3162 ι
3714 3112 3771 3163 Τὸ

539 3202 622 3258 ria
652 3202 773 3257 viro
799 3204 1070 3259 avertenti
1109 3220 1168 3260 se
1199 3220 1229 3259 a
1262 3204 1550 3269 conviciis,
1583 3205 1785 3260 stultus
1806 3214 1989 3260 autem
2038 3206 2121 3261 his

2232 3208 2407 3279 στόμα
2438 3225 2530 3264 σου
2572 3207 2868 3262 ἐπλεόνασε
2897 3207 3117 3272 κακίας,
3153 3206 3299 3278 καὶὴ
3333 3205 3560 3276 γλῶσσά
3587 3222 3671 3258 σου
3697 3222 3771 3257 πε-

539 3294 854 3366 implicatur
875 3295 941 3351 ”.
982 3314 1001 3347 ι
1034 3296 1239 3351 lterum
1277 3314 1291 3351 :
1330 3315 1347 3348 ι
1379 3296 1476 3351 Vir
1520 3297 1883 3361 conviciator,
1917 3297 1984 3352 ad
2030 3307 2121 3353 tu-

2231 3302 2517 3375 ριέπλεκεν
2558 3300 2895 3371 δολιότητας.
2926 3298 3085 3371 Καθή
3096 3316 3254 3369 μενος
3283 3298 3435 3352 κατά
3460 3297 3553 3352 τοῦ
3578 3295 3771 3364 ἀδελφοῦ

540 3385 777 3440 ιιιιιΙιιιιιι
822 3401 1051 3459 pugnae;
1084 3386 1178 3457 qui
1209 3402 1343 3442 vero
1371 3386 1617 3443 custodit
1649 3403 1712 3443 os
1736 3404 1897 3443 suum
1928 3398 1985 3444 et
2013 3388 2121 3443 lin-

2228 3411 2323 3448 σου
2354 3393 2697 3459 κατελάλεις,
2728 3392 2827 3447 καὶ
2860 3391 3000 3446 κατά
3030 3391 3127 3446 τοῦ
3177 3390 3293 3445 υἱοῦ
3328 3391 3436 3461 τῆς
3478 3390 3671 3462 μητρός
3698 3405 3771 3442 σου

540 3493 725 3548 guam,
761 3487 1053 3535 conservat
1096 3495 1127 3535 a
1169 3480 1530 3537 tribulatione
1574 3483 1814 3536 animam
1842 3498 1997 3537 suam
2024 3483 2061 3536 ‘.
2100 3500 2117 3534 ι

2225 3487 2413 3560 ὲτίθης
2443 3486 2761 3543 σκάνδαλον.
2790 3486 2917 3540 Ὀτι
2944 3486 3240 3557 ἠγάπησας
3265 3486 3472 3540 κακίαν
3497 3484 3631 3555 ὑπὲρ
3662 3485 3774 3551 ἀγα-

541 3569 651 3626 Et:
685 3588 704 3623 ι
737 3569 839 3639 Qui
885 3571 1067 3643 diligit
1096 3571 1289 3640 vitam,
1343 3582 1536 3642 parcet
1567 3574 1649 3627 ori
1685 3589 1786 3627 suo
1825 3575 1866 3627 ³.
1914 3591 1932 3625 ι
1976 3573 2121 3627 Rur-

2227 3579 2476 3651 θωσύνην
2500 3596 2514 3610 ’
2557 3579 2796 3643 ἀδικίαν,
2828 3578 2971 3649 ὑπὲρ
3006 3577 3102 3632 τοῦ
3132 3577 3374 3648 λαλῆσαι
3421 3575 3769 3645 δικαιοσύνην·

540 3679 663 3718 sum
689 3679 703 3717 :
739 3682 758 3714 ι
787 3661 921 3729 Quae
944 3663 1205 3718 viderunt
1228 3663 1374 3718 oculi
1406 3663 1508 3729 tui,
1535 3663 1644 3729 dic,
1678 3673 1828 3718 utne
1854 3663 2121 3735 impingas

2225 3673 2524 3746 ⁴ὴγόιιιτησας
2549 3672 2729 3726 πάντα
2765 3670 2834 3725 τά
2878 3673 3105 3742 ῥήματα
3130 3667 3601 3741 καταποντισμοῦ,
3631 3667 3776 3737 γλῶσ-

543 3754 598 3808 in
644 3769 914 3825 pugnam,
955 3770 1025 3809 ne
1056 3763 1109 3810 te
1148 3755 1418 3827 paeniteat
1450 3756 1507 3811 in
1539 3755 1858 3811 novissimis
1884 3756 1923 3810 ⁸.
1959 3774 1978 3808 ι
2021 3756 2125 3812 Job

543 3845 673 3900 item
714 3845 910 3900 amicis
947 3846 1101 3902 suis:
1134 3866 1153 3899 ι
1188 3846 1507 3917 Loquimini
1553 3847 1847 3903 adversum
1883 3865 1990 3914 me,
2023 3865 2126 3905 nec

542 3935 869 3991 erubescitis
919 3936 1212 3994 adversum
1264 3955 1352 3994 me
1399 3940 1705 3996 consistere
1751 3942 1791 3996 ⁸.
1845 3960 1863 3994 ι
1916 3941 2125 3997 Psaltes

543 4043 765 4099 quoque
805 4029 992 4102 regius
1036 4048 1052 4087 :
1102 4050 1121 4084 ι
1159 4031 1554 4088 Detrahentem
1605 4042 1823 4089 secreto
1877 4033 2127 4104 proximo

543 4138 680 4190 suo,
732 4123 881 4181 hunc
931 4126 1304 4198 persequebar
1336 4128 1377 4182 ⁸.
1413 4147 1432 4180 ι
1475 4128 1688 4184 Rursus
1725 4146 1737 4183 :
1779 4148 1797 4180 ι
1840 4127 1913 4183 Os
1969 4138 2125 4183 tuum

543 4214 849 4271 abundavit
870 4217 1100 4283 malitia,
1125 4228 1180 4273 et
1207 4218 1394 4291 lingua
1422 4227 1513 4274 tua
1534 4219 1904 4275 concinnabat
1926 4218 2085 4275 dolos
2111 4237 2125 4274 :

543 4307 743 4363 sedens
764 4309 1031 4367 adversus
1055 4310 1279 4367 fratrem
1302 4320 1458 4366 tuum
1479 4313 1819 4385 loquebaris,
1843 4322 1900 4368 et
1935 4313 2121 4369 adver-

2231 4318 2342 4374 Καὶ
2393 4320 2421 4372 6
2453 4317 2699 4389 Πέτρος·
2738 4335 2757 4369 ι
2801 4315 3161 4386 Ἀποθέμενοι
3214 4312 3308 4370 οὖν
3366 4318 3550 4370 πᾶσαν
3596 4313 3782 4374 κακίαν,

544 4416 641 4456 sus
674 4402 847 4458 lilium
895 4404 1087 4460 matris
1132 4413 1239 4460 tuae
1282 4406 1529 4477 ponebas
1568 4405 1892 4462 scandalum
1913 4408 1955 4461 '.
1989 4406 2121 4474 Quia

2231 4412 2327 4465 καὶ
2358 4411 2536 4466 πάντα
2574 4410 2747 4477 δόλον,
2783 4411 2876 4464 καὶ
2914 4410 3258 4483 ὑποκρίσεις,
3302 4412 3406 4464 καὶ
3442 4409 3684 4480 φθόνους,
3712 4407 3785 4460 καὶ

546 4502 788 4561 dilexisti
821 4507 1087 4561 malitiam
1117 4523 1285 4578 super
1321 4505 1743 4579 benignitatem,
1778 4507 2121 4577 iniquitatem

2233 4506 2413 4570 πάσας
2456 4504 2809 4568 καταλαλιάς.
2840 4522 2858 4557 ι
2894 4505 3230 4576 Μισήσωμεν
3270 4498 3387 4570 οὖν,
3423 4502 3706 4573 ἀγαπητοὶ,
3739 4499 3785 4551 τὸ

547 4597 722 4668 magis
738 4614 901 4669 quam
926 4598 1077 4670 loqui
1102 4599 1421 4671 aequitatem
1445 4618 1458 4655 :
1481 4600 1726 4657 dilexisti
1750 4602 1937 4657 omnia
1960 4602 2121 4657 verba

2232 4598 2479 4671 μυσαρὸν
2546 4597 2708 4653 τοῦτο
2767 4597 2939 4659 πάθος
3001 4598 3104 4667 τῆς
3165 4597 3532 4661 καταλαλιάς,
3587 4596 3671 4650 ἵνα
3729 4591 3788 4664 μὴ

547 4690 1021 4762 praecipitationis,
1048 4692 1233 4763 lingua
1264 4690 1455 4747 dolosa
1482 4693 1523 4747 τ.
1564 4712 1583 4745 ι
1612 4692 1723 4748 Et:
1758 4712 1775 4745 ι
1812 4691 1917 4760 Qui
1953 4693 2121 4764 loqui.

2228 4688 2590 4762 όμοιωθῶμεν
2640 4692 2757 4754 τοῖς
2804 4688 3141 4752 καταλάλοις
3178 4686 3465 4751 Ἰουδαίοις
3493 4688 3605 4749 τοῖς
3627 4684 3787 4751 λέγον·

548 4790 640 4838 tur
668 4782 877 4854 iniqua,
900 4800 1015 4840 non
1032 4784 1233 4841 direxit
1257 4784 1315 4841 in
1345 4794 1644 4856 conspectu
1676 4786 1966 4841 oculorum
1984 4802 2121 4843 meo-

2232 4802 2318 4838 σιν
2356 4800 2370 4815 ’
2415 4803 2433 4836 ι
2461 4779 2629 4847 Οὗτος
2688 4783 2789 4836 οὐκ
2838 4780 3091 4835 ἐκϐάλλει
3136 4780 3209 4835 τὰ
3249 4780 3537 4849 δαιμόνια,
3563 4779 3611 4831 εί
3656 4775 3722 4847 μὴ
3745 4774 3789 4827 ὲν

549 4890 673 4929 rum
699 4872 751 4943 °;
782 4874 990 4932 etenim
1022 4876 1287 4933 sederunt
1320 4876 1602 4948 principes
1629 4886 1686 4934 et
1711 4878 2005 4934 adversum
2044 4894 2121 4934 me

2231 4876 2587 4941 Βεελζεϐοὸλ,
2614 4874 2694 4947 τῷ
2728 4874 2954 4946 ἄρχοντι
2977 4874 3087 4927 τῶν
3119 4872 3445 4942 δαιμονίων.
3468 4890 3486 4922 ι
3527 4871 3588 4924 '0
3619 4869 3672 4923 δέ
3707 4883 3787 4937 μα-

545 4966 921 5038 loquebantur
938 4972 981 5025 '.
1017 4988 1037 5023 ι
1064 4969 1306 5027 Jacobus
1334 4986 1557 5042 quoque
1588 4970 1868 5038 admonet,
1900 4970 2121 5027 dicens:

2232 4970 2509 5042 κρόθυμος
2570 4966 2771 5039 Κύριός
2822 4983 2987 5038 φησιν
3015 4982 3031 4997 ο
3075 4986 3093 5018 ι
3130 4966 3192 5019 Εί
3250 4964 3362 5033 ἐγὼ
3411 4966 3470 5017 ὲν
3501 4956 3791 5026 Βεελζεϐοὸλ

557 5078 576 5112 ι
611 5058 793 5117 Nolite
837 5061 1127 5118 detrahere
1177 5063 1542 5130 alterutrum,
1574 5062 1806 5131 fratres;
1848 5063 1944 5135 qui
1982 5063 2121 5120 enim

2239 5063 2488 5118 ἐκϐάλλω
2522 5065 2589 5118 τά
2641 5061 2915 5133 δαιμονία,
2959 5060 3007 5114 οἱ
3059 5059 3167 5112 ulo‘t
3217 5057 3371 5129 ὑμῶν
3404 5058 3463 5110 έν
3494 5056 3600 5109 τίνι
3626 5049 3791 5107 ἐκϐάλ-

2230 3781 2329 3818 σαν
2370 3762 2615 3818 δολίαν.»
2648 3762 2799 3816 Καί·
2843 3779 2863 3814 ι
2888 3761 3083 3817 Λαλῶν
3132 3761 3314 3825 ἄδικα,
3366 3761 3432 3814 οὐ
3482 3758 3776 3814 κατεύθυνεν

2228 3854 2460 3910 ἐνώπιον
2505 3853 2614 3908 τῶν
2644 3852 2944 3924 ὀφθαλμῶν
2977 3870 3105 3924 μου.
3137 3853 3250 3907 Kal
3282 3852 3397 3923 γὰρ
3424 3852 3672 3906 ἐκάθισαν
3700 3851 3779 3918 ἄρ·

2228 3966 2417 4021 χοντες
2444 3949 2538 4003 καὶ
2569 3948 2691 4002 κατ’
2723 3946 2860 4019 ἐμοῦ
2912 3945 3267 4000 κατελάλουν.
3293 3964 3312 3998 ι
3362 3946 3421 3999 Ὀ
3464 3944 3523 3998 δὲ
3564 3940 3779 4002 Ἰάκωϐος

2231 4043 2508 4115 παραινεῖ,
2542 4039 2717 4109 λέγων
2740 4053 2755 4069 ⁸
2794 4058 2812 4091 ι
2831 4038 2924 4109 Μὴ
2952 4036 3305 4093 καταλαλεῖτε
3327 4037 3604 4108 ἀλλήλων,
3640 4033 3779 4089 ἀδελ-

2238 4134 2364 4205 φοί·
2394 4136 2422 4187 6
2472 4134 2582 4205 γὰρ
2633 4131 2956 4187 καταλαλῶν
3040 4130 3297 4201 ἀδελφοῦ,
3358 4132 3459 4185 καὶ
3497 4130 3688 4201 κρίνων
3709 4126 3781 4179 τὸν

2230 4224 2460 4296 ἀδελφὸν
2496 4223 2684 4291 αὐτοῦ,
2712 4223 3013 4278 καταλαλεῖ
3049 4222 3240 4295 νόμου,
3269 4225 3367 4278 καὶ
3393 4225 3572 4295 κρίνει
3594 4223 3779 4293 νόμον.»

551 5148 800 5207 detrahit
832 5152 988 5209 fratri
1028 5162 1085 5211 et
1119 5154 1330 5227 judicat
1382 5155 1610 5211 fratrem
1654 5171 1845 5219 suum,
1890 5154 2121 5212 detrahil

2239 5154 2457 5223 λουσιν;
2491 5156 2553 5209 Εἰ
2584 5154 2641 5209 δὲ
2671 5155 2728 5209 ἐν
2758 5153 3035 5224 Πνεῦματι
3064 5150 3204 5205 Θεοῦ
3250 5148 3507 5204 ἐκϐάλλω
3536 5146 3603 5201 τὰ
3632 5141 3790 5211 δαιμό-

548 5241 657 5315 legi
680 5251 737 5298 et
763 5244 974 5315 iudicat
994 5246 1168 5318 legem
1197 5248 1261 5303 ¹⁶.
1297 5268 1315 5301 ι
1353 5248 1549 5304 Petrus
1580 5250 1716 5304 item
1745 5266 1759 5304 :
1786 5267 1804 5300 ι
1835 5249 2121 5319 Deponen«

2240 5265 2347 5312 νια,
2382 5248 2493 5319 ἄρα
2530 5246 2767 5315 ἔφθασεν
2816 5244 2900 5313 ἐφ’
2926 5244 3069 5313 ὑμᾶς
3124 5243 3158 5312 ἡ
3208 5238 3461 5311 βασιλεία
3489 5235 3585 5291 τοῦ
3610 5231 3786 5289 Θεοῦ.ι

552 5350 636 5405 ιεε
686 5335 855 5407 igitur
889 5353 1107 5393 omnem
1157 5340 1419 5395 malitiam
1464 5351 1520 5398 et
1566 5358 1786 5397 omnem
1835 5342 2022 5396 dolum
2076 5349 2121 5396 el

2241 5338 2399 5408 Αὐτῷ
2432 5336 2558 5404 δόξα
2588 5339 2669 5400 είς
2696 5337 2821 5400 τοὺς
2851 5334 3075 5397 αἰῶνας.
3127 5332 3325 5403 Ἀμήν.

548 5425 955 5492 simulationes,
984 5436 1039 5482 et
1064 5429 1301 5485 invidias
1357 5439 1411 5487 et
1437 5446 1630 5488 omnes
1664 5433 2037 5489 detractiones
2093 5432 2156 5486 ¹¹.
2184 5448 2203 5482 ι
2246 5429 2610 5485 Al‘fectionem
2663 5429 2806 5483 hanc
2852 5425 3219 5482 detractionis
3269 5422 3518 5479 omnium
3564 5417 3685 5473 odio
3718 5410 3788 5466 di-

552 5516 907 5598 gnissimam,
958 5519 1109 5590 justo
1177 5522 1337 5592 plane
1394 5523 1523 5580 odio
1581 5541 2001 5597 persequamur,
2069 5540 2139 5580 ne
2198 5521 2421 5594 quando
2464 5519 2948 5591 deprehendamur
2983 5516 3187 5575 Iudaeis
3251 5515 3360 5572 illis
3416 5504 3790 5567 detractoribus

557 5611 733 5668 nihilo
772 5611 1091 5681 dissimiles,
1123 5616 1215 5687 qui
1258 5624 1314 5673 et
1382 5616 1682 5674 dicebant:
1722 5638 1739 5671 ι
1776 5618 1878 5675 llic
1924 5633 2035 5672 non
2072 5616 2256 5689 ejiciet
2296 5614 2589 5681 daemonia,
2656 5612 2761 5668 nisi
2827 5612 2881 5667 in
2926 5608 3239 5667 Beelzebub
3272 5611 3286 5626 ⁹
3348 5602 3596 5677 principe
3616 5599 3789 5655 daamoo

2882 5758 2895 5788 ¹
2928 5758 3091 5811 Prov.
3127 5769 3241 5814 xm,
3270 5754 3321 5807 5.
3397 5752 3417 5781 ’
3448 5746 3614 5804 Eccli.
3637 5755 3783 5814 ιιιιι,

637 5759 681 5789 ’⁸
705 5758 845 5813 Psal.
878 5775 1075 5821 Lxxvtt,
1112 5762 1191 5818 l9.
1271 5765 1314 5795 ”
1359 5761 1518 5819 Num.
1558 5781 1648 5827 xu,
1689 5764 1738 5817 ἓ.
1819 5763 1864 5795 ’⁸
1897 5763 2058 5820 Prov.
2090 5781 2119 5818 κ

643 5868 657 5884 .
732 5829 753 5860 ³
781 5829 943 5884 Prov.
968 5846 1095 5884 xxv.
1128 5834 1178 5884 8.
1262 5836 1279 5865 "
1304 5834 1405 5884 Joh
1460 5851 1571 5884 xix.
1594 5835 1645 5884 5.
1724 5835 1743 5865 ⁵
1776 5835 1919 5884 Psal.
1963 5851 2012 5884 (τ.
2039 5835 2089 5884 5.

2224 5763 2263 5817 λ.
2340 5764 2385 5793 "
2422 5760 2588 5816 Eccli.
2621 5776 2671 5825 ν,
2716 5758 2799 5813 l3.
2882 5758 2895 5788 ¹
2928 5758 3091 5811 Prov.
3127 5769 3241 5814 xm,
3270 5758 3321 5807 5.
3397 5758 3417 5781 ¹
3452 5758 3614 5804 Ecctt.
3637 5758 3765 5826 xxxu

2224 5834 2353 5884 l‘sztl.
2394 5849 2535 5884 XLIX.
2567 5832 2649 5884 l9.
2674 5829 2759 5883 ‘20.
2864 5830 2878 5857 ⁷
2915 5827 3053 5884 Psal.
3085 5842 3153 5881 LI.
3200 5824 3251 5884 5,
3288 5824 3338 5878 6.
3453 5821 3473 5851 ⁸
3498 5817 3629 5876 Psal.
3663 5828 3705 5876 (ἰ,
3750 5830 3762 5871 ί

2956 5842 3053 5882 sat.
3085 5842 3153 5891 LI,
3200 5842 3251 5887 ἰ),
3288 5842 3338 5878 0.
3458 5842 3472 5851 θ
3498 5842 3629 5876 r'sat.
3663 5842 3705 5876 ι,
3750 5842 3783 5873 ι.

572 5827 657 5898 l9,
732 5829 753 5860 ³
781 5829 943 5885 Prov.
968 5846 1095 5891 xxv.
1128 5834 1178 5885 8.
1262 5836 1279 5865 "
1304 5834 1405 5889 Job
1460 5851 1571 5898 xix,
1594 5835 1645 5889 ὅ.
1724 5835 1743 5865 ⁵
1776 5835 1919 5889 Psal.
1963 5851 2012 5895 ε,
2039 5835 2089 5891 5.
2131 5827 2137 5829 ’
2171 5836 2189 5865 ⁸
2213 5834 2353 5888 Psal.
2394 5849 2535 5895 χιιι,
2567 5832 2649 5895 l9,
2674 5829 2759 5883 ‘20.

475 5923 482 5931 -
558 5898 590 5929 ν’
632 5897 771 5957 Psal.
806 5915 986 5968 cxvnt,
1016 5903 1104 5959 23.
1187 5906 1225 5933 ‘°
1260 5903 1375 5961 Jac.
1411 5922 1483 5972 ιγ,
1514 5897 1600 5962 ll.
1682 5908 1717 5936 “
1748 5905 1768 5961 Ι
1803 5905 1951 5962 Ρειῑι
1995 5922 2051 5971 ll.
2081 5905 2127 5959 ιο
