4028 6578
342 472 479 542 1533

1257 490 1588 552 HOMILIA
1626 492 1811 555 XXX.
1838 521 1909 530 -
1937 496 2036 557 DE
2074 496 2691 562 SUSURRATIONE.

3460 511 3600 577 1534

339 587 558 695 niorum
606 588 690 695 “.n
713 590 979 695 Dominus
1017 602 1198 650 autem
1252 598 1579 656 mitissimus
1633 610 1692 658 et
1739 602 2088 674 longanimis,
2116 606 2249 677 quid
2309 607 2378 664 ad
2409 608 2556 666 ιιιεοῖ
2623 631 2641 664 ι
2676 612 2733 669 Si
2789 630 2891 688 ego
2923 615 2976 671 in
3037 603 3346 677 Beelzebub
3368 624 3410 656 ¹³
3435 623 3601 695 ejicio

338 678 626 785 daemonia,
660 683 755 738 ﬁlii
786 687 955 741 vestri
1001 687 1056 742 in
1099 706 1209 759 quo
1253 691 1523 763 ejiciunt?
1553 710 1721 765 porro
1769 696 1817 752 si
1866 697 1922 754 in
1960 697 2132 772 digito
2166 699 2287 768 Dei,
2316 703 2567 774 profecto
2595 678 2851 777 pervenit
2883 710 2940 765 in
2973 726 3070 768 vos
3108 726 3337 785 regnum
3363 678 3589 772 Dei-5.»

338 772 445 846 Ipsi
478 777 648 849 gloria
672 776 727 832 in
752 780 968 835 saecula.
1001 781 1197 836 Amen.

954 899 1173 953 ΛΟΓΟΣ
1208 902 1288 955 Λ¹.

830 991 968 1059 Περὶ
1008 993 1398 1063 ψιθυρισμοῦ.

412 1100 578 1158 Πάλιν
605 1102 634 1156 6
667 1102 894 1176 ψίθυρος
923 1107 1017 1161 καὶ
1041 1109 1070 1162 6
1108 1109 1410 1175 κατάλαλος
1455 1113 1704 1169 κοινωνοὶ
1734 1116 1914 1188 ὑπάρ-

342 1210 527 1263 χουσιν
555 1194 652 1264 τῆς
680 1196 970 1269 αἰσχίστης
1010 1198 1193 1254 αὐτῶν
1221 1204 1509 1274 ἐργασίας.
1540 1206 1648 1259 Kal
1685 1207 1794 1278 γὰρ
1817 1207 1916 1277 μία

339 1284 489 1338 ἐστὶν
523 1287 852 1358 ἀμφοτέρων
880 1290 915 1360 ἡ
944 1291 1142 1360 πρᾶξις
1180 1294 1261 1357 είς
1307 1296 1427 1349 ὁδὸν
1485 1282 1765 1360 ἀπωλείας
1811 1298 1916 1351 ἀπ·

337 1374 582 1442 άγουσα·
619 1379 862 1450 στυγητὴ
893 1379 1064 1445 ὅντως
1097 1383 1252 1454 παρὰ
1278 1385 1415 1439 Θεοῦ
1445 1389 1538 1441 καὶ
1581 1387 1911 1458 ἀνθρώποις.

338 1470 413 1523 Τὸ
448 1473 559 1544 γὰρ
598 1472 730 1541 ἄγος
778 1476 876 1545 τῆς
919 1478 1254 1543 καταλαλιᾶς
1292 1482 1385 1534 καὶ
1416 1479 1511 1534 τοῦ
1555 1482 1910 1554 ψιθυρισμοῦ,

338 1565 697 1636 συμϐιοτεῦον
750 1568 956 1634 αὐτοῖς,
1019 1572 1403 1642 ἐσπιλωμένην
1451 1573 1546 1628 καὶ
1600 1575 1913 1647 ἀκάθαρτον

336 1656 438 1726 τὴν
472 1657 752 1713 πολιτείαν
792 1660 973 1715 αὐτῶν
1008 1663 1418 1721 ἀποδείκνυσιν.
1453 1667 1544 1739 Μὴ
1576 1663 1668 1721 οῦν
1699 1669 1916 1739 ἐπιμεί-

335 1765 520 1820 νωμεν
572 1754 637 1822 τῇ
698 1752 1128 1829 ἀπηγορευμένῃ
1167 1757 1338 1830 ταύτῃ
1391 1761 1487 1813 καὶ
1518 1760 1763 1831 ἀθεμίτῳ
1829 1761 1913 1815 δι-

335 1843 552 1911 αγωγῇ,
576 1840 662 1895 ἵνα
694 1843 769 1912 μὴ
802 1844 1121 1916 εὕρεθῶμεν
1150 1846 1405 1903 ἄσπονδοι
1444 1850 1583 1923 πρὸς
1614 1851 1675 1905 τὸ
1706 1852 1914 1922 ὁμόφυ-

333 1932 447 1987 λον.
491 1935 809 2007 Διαγορεύει
860 1938 918 1993 δὲ
957 1940 1052 1994 καὶ
1100 1941 1129 1994 6
1182 1941 1388 2012 νόμοςο
1432 1962 1451 1995 ι
1483 1944 1559 1999 Οὐ
1631 1946 1912 2018 παραδέξῃ

334 2023 506 2095 ἀκοὴν
539 2025 812 2095 ματαίαν⁹
844 2029 905 2083 οὐ
937 2031 1333 2104 συγκαταθήσῃ
1364 2035 1481 2102 μετ’
1521 2034 1710 2088 ἀδίκου
1759 2035 1914 2105 γενέ-

337 2115 465 2170 σθαι
508 2117 719 2190 μάρτυς
749 2117 953 2185 ἄδικος.
989 2124 1106 2176 Πᾶν
1154 2125 1305 2195 ῥῆμα
1353 2127 1608 2197 πονηρὸν,
1638 2127 1913 2199 βδέλυγμα

1942 889 1993 948 Δ

2556 914 2841 972 HOMILIA
2880 918 3050 973 XXX.

2542 1004 2618 1059 De
2655 1010 3044 1066 susurratione.

2090 1114 2303 1170 Rursus
2333 1131 2565 1172 susurro
2589 1126 2645 1173 et
2675 1118 2958 1176 detractor
2985 1124 3284 1195 complices
3312 1143 3437 1182 cum
3463 1129 3595 1195 siut,

2018 1204 2075 1260 in
2124 1213 2427 1262 extremam
2467 1223 2622 1263 suam
2680 1212 3057 1279 operationem
3101 1218 3443 1288 conspirant.
3493 1220 3599 1276 Par

2017 1296 2290 1367 siquidem
2321 1307 2375 1353 et
2402 1315 2509 1354 una
2551 1308 2635 1355 est
2670 1302 2962 1373 utriusque
2995 1308 3266 1375 operatio,
3301 1318 3594 1380 utrumque

2015 1395 2167 1441 recta
2224 1387 2280 1442 in
2328 1388 2474 1443 viam
2524 1391 2805 1462 abripiens
2857 1396 3188 1463 perditionis
3237 1416 3251 1452 :
3296 1407 3595 1471 utrumque

2017 1492 2144 1532 cum
2180 1479 2394 1535 infense
2438 1482 2656 1537 oderint
2700 1493 2758 1538 et
2806 1483 2949 1541 Deus
2994 1496 3052 1541 et
3096 1488 3371 1545 homines.
3422 1491 3596 1548 Exse-

2015 1570 2282 1626 crandum
2321 1573 2470 1628 enim
2501 1570 2879 1631 detractionis”
2907 1579 3089 1634 scelus
3121 1587 3287 1651 atque
3333 1585 3591 1646 susurrii,

2016 1662 2073 1716 in
2108 1662 2302 1718 iisdem
2338 1668 2781 1737 comperiuntur,
2812 1671 3241 1728 contubernales
3284 1688 3411 1727 cum
3438 1676 3591 1731 sint:

2015 1769 2138 1823 qua:
2187 1769 2277 1810 res
2328 1754 2488 1811 facile
2523 1756 2733 1813 indicat
2784 1760 2977 1815 talium
3021 1762 3214 1828 vitam,
3266 1762 3429 1835 longe
3470 1782 3594 1823 esse

2016 1848 2605 1905 contaminatissimam
2660 1861 2824 1922 atque
2876 1853 3150 1923 impuram
3203 1856 3460 1913 maxime.
3512 1858 3594 1915 Ne

2016 1937 2186 2009 igitur
2227 1939 2285 1995 in
2316 1941 2634 1997 istiusmodi
2675 1943 2902 1998 vivendi
2933 1944 3147 2001 ratione
3177 1946 3336 2002 nobis
3364 1964 3595 2019 prorsus

2017 2029 2315 2085 interdicta
2369 2047 2434 2086 ac
2485 2032 2699 2087 nefaria
2758 2049 3199 2104 perseveremus,
3254 2049 3316 2092 ut
3363 2056 3435 2096 ne
3494 2041 3592 2096 Dei

2009 2119 2283 2193 judicium
2308 2120 2687 2191 deprehendat
2716 2138 2817 2178 nos
2847 2124 2968 2179 sine
2999 2125 3205 2181 foedere
3238 2128 3350 2182 ullo
3383 2138 3439 2183 et
3461 2146 3595 2185 con-

333 2209 528 2281 Κυρίῳ
573 2212 739 2267 ἐστίν.
770 2232 788 2265 ι
833 2214 891 2267 '0
945 2215 1003 2269 δέ
1055 2215 1367 2285 σοφώτατος
1413 2218 1662 2286 Σολομών
1706 2239 1907 2290 φησιν⁸

2016 2212 2173 2269 cordi
2212 2214 2534 2283 compagine
2579 2213 2866 2270 cbaritatis
2907 2216 3079 2271 fuisse
3115 2233 3242 2288 erga
3270 2218 3429 2274 nobis
3457 2235 3593 2275 con-

341 2317 361 2349 ι
390 2299 632 2370 Ψίθυρον
660 2304 756 2356 καὶ
776 2301 1075 2371 δίγλωσσον
1100 2307 1448 2377 καταρᾶσθαι
1472 2308 1623 2373 ἄξιον
1641 2326 1655 2343 ο
1682 2311 1911 2374 πολλοὺς

333 2394 445 2465 γὰρ
478 2393 767 2449 ἀπώλεσαν
789 2396 1195 2468 είρηνεύοντας.
1226 2419 1245 2451 ι
1284 2401 1394 2454 Kal
1422 2396 1601 2464 αὖθις·
1641 2421 1659 2453 ι
1685 2402 1910 2454 Γλῶσσα

331 2485 494 2558 δισσὴ
536 2486 765 2551 πολλοὺς
802 2489 1128 2543 ἐσάλευσεν⁹
1181 2493 1209 2543 6
1247 2493 1527 2563 προσέχων
1561 2494 1696 2564 αὐτῇ
1730 2494 1792 2548 οὐ
1837 2492 1911 2565 μὴ

334 2575 476 2651 εὖρῃ
528 2577 860 2632 ἀνάπαυσιν.
893 2597 912 2630 ι
959 2580 1068 2632 Kal
1098 2580 1260 2633 πάλιν
1288 2596 1302 2610 ·
1349 2600 1368 2632 ι
1399 2583 1588 2654 Πληγὴ
1639 2582 1909 2655 γλώσσης.

334 2668 615 2740 συντρίϐει
662 2669 828 2723 ὀστᾶ’
864 2668 1097 2734 θάνατος
1139 2670 1249 2741 γὰρ
1310 2674 1571 2743 πονηρὸς,
1618 2675 1646 2728 6
1682 2676 1913 2740 θάνατος

331 2760 528 2830 αὐτῆς.
552 2779 571 2811 ι
616 2759 675 2816 Ὀ
707 2760 763 2815 δὲ
790 2762 1082 2833 προφήτης
1134 2762 1450 2836 Ἀδϐακούμ
1473 2782 1486 2794 ·
1521 2786 1538 2818 ι
1565 2768 1792 2839 ’Ἄνδρες
1839 2772 1914 2822 εί-

332 2853 549 2923 ρηνικοί
599 2870 694 2907 σου
738 2853 945 2925 ἔθηκαν
1000 2854 1227 2927 ἐνέδραν
1277 2856 1538 2911 ὑποκάτω
1588 2876 1703 2915 σου.
1738 2878 1757 2912 ι
1804 2860 1914 2914 Kal

330 2949 362 3000 6
403 2945 674 3018 Ἱερεμίας
718 2948 883 3018 φησίν
910 2963 924 2977 ·
966 2965 986 3000 ι
1012 2949 1170 3013 Boil;
1198 2949 1594 3020 τιτρώσκουσα,
1630 2953 1663 3021 ἡ
1694 2951 1915 3019 γλῶσσα

330 3039 537 3096 αὐτῶν.
588 3040 698 3095 Kal
740 3040 890 3094 δόλια
915 3041 986 3096 τὰ
1017 3043 1241 3114 ῥήματα
1273 3042 1505 3098 αὐτῶν.»
1553 3044 1612 3098 ὐ
1637 3045 1695 3098 δέ
1726 3044 1910 3107 Δαυῖδ,

332 3132 661 3203 βουλόμενος
690 3133 994 3204 ἀποστῆναι
1023 3135 1225 3198 αὐτοὺς
1247 3137 1345 3206 τῆς
1366 3136 1662 3206 δυσμενίας
1684 3135 1912 3205 ταύτης,

330 3225 712 3297 παραγγέλλει
738 3225 915 3295 λέγων
932 3243 944 3255 ·
985 3246 1003 3280 ι
1035 3227 1255 3281 Παῦσον
1283 3227 1379 3298 τὴν
1403 3228 1652 3297 γλῶσσάν
1686 3246 1780 3283 σου
1807 3230 1917 3283 ἀπὸ

329 3318 531 3383 κακοῦ,
566 3319 663 3372 καὶ
709 3320 866 3390 χείλη
916 3337 1034 3385 σου,
1089 3321 1185 3374 τοῦ
1225 3322 1300 3391 μὴ
1328 3322 1559 3393 λαλῆσαι
1581 3323 1753 3377 δόλον.
1785 3341 1802 3375 ι
1833 3324 1916 3376 Et-

327 3408 438 3473 δὼς
495 3410 553 3462 δὲ
608 3410 787 3464 αὐτῶν
836 3412 898 3464 τὸ
953 3412 1159 3483 ἀπηνὲς
1214 3413 1313 3480 τῆς
1369 3412 1615 3484 γνώμης,
1678 3414 1911 3483 ἐπάγει·

335 3521 359 3555 τ
388 3502 574 3573 Τάφος
610 3503 960 3573 ἀνεῳγμένος
1009 3506 1037 3559 6
1084 3505 1293 3574 λάρυγξ
1343 3505 1543 3572 αὐτῶν,
1574 3509 1694 3569 ταῖς
1738 3506 1915 3575 γλώσ-

2014 2320 2295 2375 generem.
2317 2304 2649 2360 Cavetenim
2674 2306 2999 2363 interdictio
3025 2310 3113 2364 lex
3141 2310 3195 2364 id
3230 2309 3349 2365 ﬁeri
3375 2328 3388 2365 :
3420 2330 3438 2362 ι
3470 2312 3592 2368 Νοιι

2013 2396 2272 2451 admittes
2322 2396 2665 2452 auditionem
2709 2414 2942 2465 vanam,
2992 2415 3105 2455 non
3161 2401 3385 2457 sedebis
3424 2402 3594 2458 simul

2014 2502 2138 2542 cum
2178 2486 2391 2557 iniquo,
2436 2497 2496 2541 ut
2541 2489 2620 2544 sis
2655 2491 2813 2546 testis
2858 2490 3103 2562 iniquus.
3154 2491 3327 2549 Omne
3361 2494 3593 2550 verbum

2014 2580 2357 2652 improbum,
2412 2583 2718 2639 exsecratio
2767 2592 2854 2639 est
2907 2585 3053 2655 apud
3104 2586 3397 2641 Dominum
3445 2587 3510 2642 ¹¹.
3566 2606 3586 2641 ι

2014 2672 2273 2730 Salomon
2306 2675 2437 2731 item
2463 2692 2477 2729 :
2507 2676 2721 2747 1079
2753 2696 2772 2729 ι
2804 2676 3177 2734 Susurronem
3204 2687 3260 2734 et
3290 2678 3593 2751 bilinguem

2013 2764 2267 2821 maledici
2316 2767 2543 2839 dignum
2596 2779 2709 2835 est,
2762 2768 2969 2827 multos
3020 2770 3169 2825 enim
3228 2770 3597 2842 perdiderunt

2013 2873 2207 2930 pacem
2255 2859 2530 2917 habentes
2567 2861 2631 2918 ¹⁶.
2672 2880 2691 2913 ι
2738 2861 2954 2917 Rursus
2998 2878 3011 2915 :
3061 2881 3079 2913 ι
3119 2862 3331 2934 Lingua
3366 2863 3592 2934 duplex,

2014 2952 2219 3006 multos
2247 2951 2551 3007 commovit
2582 2967 2773 3023 pacem
2805 2952 3104 3020 habentes;
3139 2954 3232 3022 qui
3262 2954 3497 3010 attendit
3519 2955 3594 3022 ei,

2014 3058 2125 3099 non
2160 3043 2371 3099 invenit
2412 3044 2664 3114 requiem
2691 3044 2756 3101 ".
2792 3062 2812 3097 ›
2854 3045 3059 3099 lterum
3093 3062 3105 3098 :
3147 3064 3165 3096 ι
3200 3046 3364 3117 Plaga
3392 3047 3597 3117 lingua:

2014 3134 2255 3190 conterit
2299 3150 2425 3191 ossa
2449 3137 2513 3203 ⁸⁸,
2546 3151 2698 3191 mors
2746 3135 2895 3192 enim
2945 3138 3085 3191 mala
3125 3153 3275 3192 mors
3319 3139 3530 3210 ejus".
3571 3157 3591 3194 ι

1992 3224 2291 3309 Propheta
2339 3240 2558 3295 quoque
2594 3224 2891 3282 llabacuc:
2930 3245 2947 3279 ι
2986 3226 3097 3281 Viri
3132 3226 3347 3298 paciﬁci
3390 3230 3470 3283 tui
3499 3245 3597 3300 po-

2016 3326 2247 3373 suerunt
2292 3316 2523 3374 insidias
2561 3319 2853 3374 adversum
2897 3326 2949 3374 te
2977 3320 3044 3373 ὀ.
3086 3338 3103 3370 ι
3148 3320 3418 3377 Jeremias
3462 3321 3593 3377 item

2015 3411 2129 3465 ait:
2165 3430 2183 3460 ι
2216 3410 2467 3466 Jaculum
2496 3412 2796 3466 vulnerans
2832 3412 3017 3481 lingua
3049 3428 3239 3466 eorum
3275 3413 3340 3466 ²¹.
3378 3432 3394 3464 ι
3424 3414 3595 3468 David

2016 3502 2247 3572 insuper
2287 3503 2422 3558 istos
2460 3518 2691 3559 avocare
2734 3504 2965 3573 cupiens
2997 3504 3065 3557 ab
3104 3504 3206 3559 hac
3252 3505 3596 3566 immanitate

330 3608 455 3657 σαις
483 3594 665 3648 αὐτῶν
690 3596 1019 3662 ἐδολιοῦσαν,
1051 3597 1243 3667 κρίνον
1272 3598 1472 3662 αὐτοὺς
1500 3601 1527 3652 6
1551 3598 1702 3665 Θεδς,
1724 3600 1807 3653 ὅτι
1834 3598 1910 3662 i6;

2014 3595 2305 3665 plusquam
2343 3595 2556 3660 hostili,
2589 3594 2963 3665 prwcipiendo
2994 3594 3129 3648 dicit
3157 3612 3169 3647 :
3200 3612 3217 3645 ι
3254 3595 3457 3650 Averte
3485 3597 3596 3650 lin-

322 3686 575 3740 ἀσπίδων
605 3686 709 3740 ὑπὸ
738 3687 806 3741 τὰ
834 3685 989 3758 χείλη
1020 3687 1222 3741 αὐτῶν.
1243 3690 1381 3742 Κατ’
1408 3689 1543 3759 ἐμοῦ
1568 3689 1679 3760 γὰρ
1728 3690 1915 3761 ἐψιθύ-

328 3778 482 3850 ριζον
500 3779 699 3842 πάντες
714 3780 764 3834 οι
787 3780 970 3853 ἐχθροί
995 3798 1119 3851 μου,
1137 3783 1259 3835 κατ’
1282 3781 1418 3853 ἐμοῦ
1437 3783 1741 3852 ἐλογίζοντο
1770 3786 1917 3839 κακά

331 3887 458 3943 μοι·
489 3871 649 3940 λόγον
682 3872 1004 3944 παράνομον
1035 3873 1332 3928 κατέθεντο
1357 3877 1482 3929 κατ’
1511 3876 1649 3947 ἐμοῦ
1671 3895 1686 3909 ·
1710 3897 1729 3931 ι
1774 3878 1916 3933 Ἀλλ’

336 3981 359 4014 ‹
397 3963 849 4018 Ἐνδυσάσθωσαν
879 3966 927 4017 oi
962 3965 1404 4029 ἐνδιαϐάλλοντές
1436 3984 1524 4038 με,
1555 3970 1823 4041 ἐντροπήν
1845 3988 1858 4001 υ
1891 3989 1907 4021 ι

324 4049 441 4108 Καί
473 4066 487 4081 ο
523 4070 542 4103 ι
568 4051 1091 4122 Περιϐαλλέσθωσαν
1117 4092 1134 4120 ,
1194 4055 1270 4120 ὼς
1314 4056 1593 4125 διπλοΐδα,
1649 4059 1915 4131 αἰσχύνην

326 4142 535 4198 αὐτῶν.
558 4162 577 4194 ι
616 4145 728 4198 Kal
755 4145 1053 4216 ἐπεύχεται
1090 4146 1267 4215 λέγων
1289 4164 1306 4182 ο
1351 4169 1368 4201 ι
1389 4149 1583 4219 Κύριε,
1611 4150 1773 4222 ῥῦσαι
1811 4154 1912 4224 τὴν

325 4234 515 4306 ψυχήν
547 4253 648 4308 μου
695 4238 803 4291 ἀπὸ
849 4239 1074 4309 χειλέων
1117 4232 1341 4309 ἀδίκων,
1383 4243 1482 4296 καὶ
1525 4243 1631 4298 ἀπὸ
1657 4243 1913 4316 γλώσσης

206 4391 245 4420 ’ς
326 4326 529 4392 δολίας.
559 4345 581 4380 ι
627 4327 790 4383 Ἀλλά
833 4330 979 4403 κάμὲ
1034 4332 1237 4397 αὐτῶν,
1280 4353 1301 4387 ι
1334 4334 1470 4389 Ἀπὸ
1514 4335 1626 4392 τῶν
1668 4337 1915 4410 κρυφίων

331 4441 438 4495 μου
472 4424 772 4497 καθάρισὸν
821 4442 913 4497 με,
955 4428 1050 4481 καὶ
1084 4427 1192 4483 ἀπὸ
1240 4428 1539 4501 ἀλλοτρίων
1590 4433 1775 4501 φεῖσαι
1817 4431 1911 4486 τοῦ

327 4516 518 4571 δούλου
558 4534 675 4584 σου,
731 4517 819 4573 ἵνα
845 4518 1080 4590 ἄμωμος
1129 4521 1400 4592 γένωμαι.
1429 4541 1448 4574 ι
1490 4523 1602 4578 Kal
1642 4526 1670 4578 6
1713 4524 1915 4596 Παροι-

331 4605 568 4677 μιαστὴς
597 4606 906 4663 ἐντέλλεται
926 4608 1128 4678 λέγων’
1154 4627 1172 4661 ι
1193 4611 1285 4682 Μὴ
1309 4611 1516 4685 κληθῇς
1537 4612 1788 4686 ψίθυρος,
1820 4616 1915 4669 καὶ

326 4700 396 4769 τῇ
426 4696 649 4772 γλώσσῃ
685 4716 778 4754 σου
836 4703 912 4772 μὴ
950 4702 1235 4775 ἐνέδρευε·
1270 4703 1489 4773 μολύνει
1532 4706 1643 4777 γὰρ
1672 4706 1770 4779 τὴν
1795 4708 1914 4762 ἐαυ-

323 4787 425 4843 τοῦ
453 4788 631 4860 ψυχὴν
654 4792 684 4845 6
708 4791 836 4862 ψίθυ
846 4810 956 4864 ρος.
988 4794 1157 4866 Ἀνὴρ
1198 4795 1309 4866 γὰρ
1344 4796 1709 4867 εὐμετάσολος
1732 4798 1911 4868 γλώσ-

329 4897 423 4955 σῃ,
457 4883 781 4952 ἐμπεσεῖται
828 4887 911 4949 είς
946 4886 1112 4940 κακά.
1140 4905 1158 4937 ι
1222 4887 1335 4940 Kal
1379 4887 1541 4942 πάλιν
1568 4904 1583 4919 ’
1619 4908 1637 4942 ι
1670 4888 1912 4954 Θάνατος

2020 3703 2180 3758 guam
2208 3695 2356 3742 tuam
2396 3703 2425 3742 a
2473 3687 2639 3753 malo,
2664 3694 2721 3741 et
2760 3687 2906 3741 labia
2941 3696 3033 3742 tua
3063 3703 3132 3742 ne
3163 3687 3465 3757 loquantur
3494 3688 3597 3743 do-

2020 3780 2131 3834 lum
2165 3782 2230 3833 “.
2280 3799 2298 3832 ι
2330 3780 2599 3851 Quodque
2650 3793 2996 3851 perspectam
3040 3781 3276 3836 haberet
3312 3780 3595 3836 eﬂ‘eratam

2017 3881 2184 3941 atque
2215 3872 2485 3929 minacem
2512 3873 2814 3930 voluntatis
2848 3873 3079 3929 istorum
3114 3872 3400 3940 ferociam,
3434 3873 3599 3928 indu-

2016 3965 2093 4020 cit
2121 4006 2134 4018 .
2165 3983 2185 4017 ι
2215 3964 2536 4036 Sepulcrum
2553 3974 2750 4034 patens
2794 3975 2880 4021 est
2926 3975 3118 4036 guttur
3143 3981 3337 4021 eorum
3358 3983 3372 4029 ;
3395 3965 3599 4037 linguis

2017 4055 2133 4109 suis
2178 4054 2366 4109 dolose
2411 4054 2679 4125 agebant,
2724 4053 2911 4125 judica
2963 4054 3108 4118 illos,
3155 4055 3301 4109 Deus
3339 4055 3420 4121 ";
3468 4055 3597 4125 quia

2016 4160 2290 4201 venenum
2342 4144 2597 4215 aspidum
2644 4145 2748 4201 sub
2792 4145 2955 4202 labiis
3007 4161 3200 4200 eorum
3241 4146 3287 4176 “
3335 4145 3596 4201 :etenim

2015 4237 2309 4293 adversum
2367 4253 2454 4292 me
2512 4237 2880 4293 susurrabant
2933 4254 3128 4293 omnes
3191 4237 3401 4293 inimici
3452 4238 3594 4305 mei,

2015 4330 2309 4386 adversum
2352 4345 2441 4386 me
2470 4329 2785 4401 cogitabant
2830 4330 2972 4385 mala
3017 4329 3175 4384 mihi.
3209 4329 3453 4386 Verbum
3492 4328 3599 4385 ini-

2015 4440 2185 4495 quum
2229 4422 2638 4478 constituerunt
2683 4421 2978 4478 adversum
3032 4437 3122 4477 me
3162 4422 3231 4475 ".
3279 4441 3297 4473 ι
3338 4419 3447 4477 Sed
3485 4430 3544 4477 et
3579 4439 3595 4478 :

2023 4536 2040 4568 ι
2075 4514 2379 4570 lnduantur
2412 4513 2509 4584 qui
2533 4512 2836 4569 detrahunt
2875 4513 3032 4580 mihi,
3066 4514 3283 4584 pudore
3312 4514 3378 4567 ".
3413 4532 3431 4565 ι
3467 4512 3538 4568 Et
3571 4531 3585 4567 :

2022 4626 2040 4659 ι
2077 4607 2381 4662 luduantur
2427 4605 2573 4661 sicut
2625 4604 2870 4677 diploide
2914 4605 3235 4661 confusione
3276 4621 3375 4660 sua
3393 4605 3462 4670 "’,
3498 4604 3595 4676 qui

2014 4699 2208 4755 dicunt
2242 4698 2399 4763 mihi,
2445 4699 2619 4770 Euge,
2651 4714 2789 4771 euge
2815 4698 2882 4753 “.
2927 4716 2946 4750 ι
2980 4698 3209 4769 Sibique
3237 4705 3594 4768 apprecatur,

2014 4793 2249 4848 dicens:
2288 4811 2306 4845 ι
2341 4793 2601 4858 Domine,
2640 4792 2818 4848 libera
2861 4791 3099 4847 animam
3142 4807 3322 4847 meam
3365 4807 3393 4845 a
3434 4789 3597 4846 labiis

2015 4887 2220 4957 iniquis
2239 4896 2295 4941 et
2326 4902 2355 4941 a
2376 4886 2562 4957 lingua
2591 4884 2781 4940 dolosa
2806 4887 2871 4939 ".
2911 4904 2929 4936 ι
2965 4883 3070 4941 Sed
3097 4893 3153 4939 et
3178 4884 3451 4954 meipsum
3477 4901 3497 4935 ι
3526 4883 3597 4938 ab

328 4974 424 5030 καὶ
466 4973 578 5048 ζωὴ
611 4976 671 5031 ἐν
700 4977 843 5051 χειρὶ
890 4976 1147 5062 γλώσσης
1177 4995 1191 5010 ·
1243 4980 1292 5033 οἱ
1342 4980 1399 5033 δέ
1457 4980 1787 5051 κρατοῦντες
1808 4982 1909 5036 αὐ-

2018 4979 2252 5035 occultis
2283 4978 2422 5033 meis
2456 4977 2661 5033 munda
2694 4992 2803 5039 me,
2835 4986 2891 5032 et
2921 4977 2990 5031 ab
3020 4977 3216 5033 alienis
3244 4991 3406 5044 parce
3437 4991 3597 5031 servo

324 5065 451 5137 τῆς,
489 5066 699 5122 ἔδονται
764 5069 895 5134 τοὺς
946 5070 1197 5144 καρποὺς
1272 5070 1461 5141 αὐτῆς.
1491 5088 1511 5122 ι
1574 5072 1687 5126 Kal
1737 5074 1766 5127 6
1805 5073 1906 5128 Ἰά-

328 5157 507 5221 κωϐος
534 5175 548 5190 ο
587 5179 605 5211 ι
630 5160 698 5214 Εἴ
732 5178 815 5223 τις
853 5161 1002 5215 δοκεῖ
1032 5160 1273 5232 θρῆσκος
1295 5157 1456 5227 εἶναι,
1488 5162 1563 5235 μὴ
1601 5163 1909 5235 χαλιναγω-

326 5250 442 5319 γῶν
479 5251 735 5321 γλῶσσαν
779 5252 969 5317 αὐτοῦ,
1006 5254 1123 5308 ἀλλ’
1163 5253 1390 5309 ἀπατῶν
1437 5256 1665 5327 καρδίαν
1715 5257 1905 5324 αὐτοῦ,

327 5342 523 5397 τούτου
570 5343 800 5413 μάταιος
845 5346 878 5417 ὴ
927 5345 1230 5418 θρησκεία·
1260 5365 1279 5396 ι
1316 5347 1426 5400 Kal
1455 5346 1650 5416 ἐπάγει
1674 5364 1688 5380 ³
1717 5367 1736 5401 ι
1779 5349 1909 5403 Ἰδοὺ

327 5435 519 5507 ἡλίκον
550 5436 662 5508 πῦρ
694 5438 889 5509 ἡλίκην
927 5437 1059 5509 ὕλην
1089 5440 1345 5496 ἀνάπτει.
1370 5458 1387 5490 ι
1420 5439 1527 5493 Καί
1554 5457 1567 5471 ·
1594 5456 1614 5491 ‹
1650 5441 1714 5494 Ἦ
1736 5439 1911 5510 γλῶσ-

331 5542 401 5579 σα
457 5526 592 5599 πῦρ,
647 5529 677 5582 6
722 5529 930 5600 κόσμος
982 5533 1082 5599 τῆς
1133 5530 1369 5595 ἀδικίας.
1401 5551 1503 5583 μ-
1530 5552 1547 5584 ι
1584 5532 1651 5585 Ἥ
1688 5533 1910 5602 γλῶσσα

406 5644 446 5675 ¹²
474 5642 666 5698 Matth.
700 5660 795 5709 xu,
823 5645 914 5699 ει.
1026 5646 1070 5676 ¹³
1096 5644 1230 5700 ibid.
1260 5647 1349 5710 27,
1380 5648 1471 5701 28.

333 5710 419 5767 15.
503 5714 545 5745 ⁸⁸
574 5713 745 5769 Eccli.
773 5731 960 5779 xxvm,
1000 5715 1083 5769 15.
1164 5718 1204 5747 ’⁷
1240 5717 1373 5771 ibid.
1406 5720 1497 5771 ‘20.

329 5782 377 5822 τ’
414 5784 555 5838 Psal.
618 5800 804 5848 χχχιιι,
858 5786 944 5839 Η.
1047 5788 1093 5818 ³³
1128 5787 1272 5841 Psal-
1302 5804 1355 5850 ν.
1389 5788 1472 5841 Η·

330 5852 376 5885 ’⁸
406 5854 543 5911 Psal.
590 5870 731 5920 uix,
757 5857 809 5911 4.
911 5857 1040 5910 a":27
1064 5857 1205 5914 Psal.
1267 5874 1406 5923 cxu,
1437 5860 1488 5912 2.

332 5937 513 5984 ιιι-ιιι.
548 5923 634 5983 15.

1585 5649 1628 5678 ”
1659 5647 1824 5716 Lege,
1851 5647 2161 5711 Beelzebub,
2191 5646 2390 5700 idolum
2427 5661 2638 5699 muscae.

1576 5719 1619 5749 ’⁸
1652 5718 1785 5772 ibid.
1822 5720 1913 5773 21.
1995 5719 2035 5752 ¹⁹
2068 5718 2203 5773 ibid.
2236 5719 2324 5773 25.

1586 5790 1633 5819 ³⁸
1661 5789 1803 5844 Psal.
1837 5805 1952 5854 xm,
1983 5789 2037 5843 '5.
2116 5859 2128 5866 _
2151 5790 2197 5821 ’⁸
2222 5789 2374 5866 Psal;
2398 5805 2486 5866 xr_._.
2513 5789 2567 5849 8,
2596 5789 2677 5866 9:“
2752 5789 3133 5866 2‘j_l’_sul_.cvut,
3349 5789 3571 5866 ..ιτ-ιδεμ

1570 5860 1611 5889 ³ο
1641 5858 1779 5915 Psal.
1814 5876 1912 5915 χιιι

2023 5861 2074 5923 5,
2115 5859 2193 5915 Η.
2271 5861 2309 5890 ⁵¹
2335 5859 2503 5915 Eccli.
2535 5875 2585 5923 v,
2622 5856 2698 5912 16.
2778 5857 2819 5887 ³³
2848 5855 3012 5913 Eccli.
3042 5870 3149 5919 ut,
3181 5854 3269 5908 51.
3345 5853 3389 5886 ³³
3426 5852 3595 5910 Eccli.
3644 5924 3647 5925 ν

2014 5080 2140 5139 ῑυο,
2193 5079 2257 5126 ut
2306 5069 2691 5125 immaculatus
2735 5068 2943 5124 eﬂiciar
2973 5069 3040 5123 ³ο.
3089 5088 3107 5121 ι
3156 5069 3322 5125 Jubet
3374 5083 3597 5138 quoque

2009 5162 2397 5219 Parmmiastes
2431 5179 2446 5218 :
2495 5181 2513 5213 ι
2548 5162 2628 5217 Nc
2662 5161 2878 5217 voceris
2916 5176 3166 5226 susurro,
3194 5167 3251 5215 et
3282 5160 3468 5231 lingua
3502 5168 3597 5214 tua

2010 5274 2080 5313 ne
2111 5256 2202 5313 cui
2247 5255 2494 5311 moliaris
2526 5254 2787 5322 insidias;
2812 5255 2853 5286 ⁸⁸
2889 5269 3044 5309 suam
3084 5252 3233 5308 enim
3259 5251 3435 5323 ipsius
3472 5251 3594 5306 ani-

2012 5366 2156 5405 mam
2208 5349 2462 5419 inquinat
2505 5363 2734 5403 susurro
2762 5348 2836 5413 ³¹;
2879 5347 2965 5401 vir
2994 5346 3143 5403 enim
3190 5343 3595 5401 incontinentis

2010 5441 2210 5511 lingua:
2240 5446 2364 5493 ruet
2396 5437 2451 5492 in
2483 5438 2625 5492 mala
2655 5437 2720 5493 ³³.
2759 5456 2779 5489 ι
2821 5437 3062 5492 Rursum
3096 5453 3109 5491 :
3149 5453 3168 5486 ι
3205 5434 3361 5490 Mors
3395 5441 3454 5493 et
3483 5434 3601 5489 vita

2014 5533 2071 5588 in
2098 5547 2263 5586 manu
2284 5530 2516 5600 linguae;
2544 5528 2639 5599 qui
2659 5538 2843 5584 autem
2867 5529 3229 5585 dominantur
3250 5531 3395 5602 ejus,
3419 5542 3597 5584 come

2752 5645 2796 5676 “’
2831 5645 3150 5722 Exod._§x,
3185 5643 3255 5722 ’7)Δ
3282 5641 3458 5722 [:evit.
3487 5657 3598 5722 κιξ,

3214 5714 3258 5745 ³³
3287 5712 3400 5768 Jer.
3437 5727 3511 5773 Ix.
3542 5712 3596 5767 8'.

3214 5785 3272 5838 ;9.
3384 5783 3428 5815 ³⁷
3460 5782 3597 5838 ibid.

2404 5718 2448 5749 ²⁰
2476 5717 2590 5771 Ιηιο
2617 5715 2727 5772 Jcr.
2758 5732 2980 5779 xxxvut,
3019 5714 3109 5769 Ἡ.

2151 5790 2197 5821 ’⁸
2222 5789 2362 5844 Psal.
2398 5805 2486 5845 XL.
2513 5789 2567 5849 8,
2596 5787 2649 5840 9.
2752 5789 2796 5818 ²⁶
2824 5787 2943 5841 Psal
2987 5800 3133 5846 cvut,
3182 5785 3272 5839 29.
