  <div class='ocr_page' id='page_1' title='image "/cluster/home/n/w/nwhite01/storage/ocr_20150623/89/hvd.32044010610574/775.png"; bbox 0 0 4028 6586; ppageno 0'>
   <div class='ocr_carea' id='block_1_1' title="bbox 464 486 599 552">
    <p class='ocr_par' dir='ltr' id='par_1_1' title="bbox 464 486 599 552">
     <span class='ocr_line' id='line_1_1' title="bbox 464 486 599 552; baseline 0.022 -3"><span class='ocrx_word' id='word_1_1' title='bbox 464 486 599 552; x_wconf 75' lang='grc'><strong>1535</strong></span> 
     </span>
    </p>
   </div>
   <div class='ocr_carea' id='block_1_2' title="bbox 1732 484 2487 547">
    <p class='ocr_par' dir='ltr' id='par_1_2' title="bbox 1732 484 2487 547">
     <span class='ocr_line' id='line_1_2' title="bbox 1732 484 2487 547; baseline -0.003 0"><span class='ocrx_word' id='word_1_2' title='bbox 1732 484 2101 547; x_wconf 83' lang='lat' dir='ltr'><strong>ANTIOCHI</strong></span> <span class='ocrx_word' id='word_1_3' title='bbox 2143 485 2487 547; x_wconf 80' lang='lat' dir='ltr'><strong>MONACHI</strong></span> 
     </span>
    </p>
   </div>
   <div class='ocr_carea' id='block_1_3' title="bbox 3580 484 3705 556">
    <p class='ocr_par' dir='ltr' id='par_1_3' title="bbox 3580 484 3705 556">
     <span class='ocr_line' id='line_1_3' title="bbox 3580 484 3705 556; baseline 0.048 -6"><span class='ocrx_word' id='word_1_4' title='bbox 3580 484 3705 556; x_wconf 75' lang='lat'><strong>1536</strong></span> 
     </span>
    </p>
   </div>
   <div class='ocr_carea' id='block_1_4' title="bbox 457 596 2063 670">
    <p class='ocr_par' dir='ltr' id='par_1_4' title="bbox 457 596 2048 670">
     <span class='ocr_line' id='line_1_4' title="bbox 457 596 2048 670; baseline -0.004 -13"><span class='ocrx_word' id='word_1_5' title='bbox 457 601 593 657; x_wconf 88' lang='lat' dir='ltr'><strong>dent</strong></span> <span class='ocrx_word' id='word_1_6' title='bbox 630 600 844 655; x_wconf 83' lang='lat' dir='ltr'><strong>fructus</strong></span> <span class='ocrx_word' id='word_1_7' title='bbox 873 599 994 670; x_wconf 86' lang='lat' dir='ltr'><strong>ejus</strong></span> <span class='ocrx_word' id='word_1_8' title='bbox 1018 598 1080 651; x_wconf 68' lang='grc'><strong>³⁸.</strong></span> <span class='ocrx_word' id='word_1_9' title='bbox 1120 619 1136 646; x_wconf 76' lang='grc' dir='ltr'><strong>ι</strong></span> <span class='ocrx_word' id='word_1_10' title='bbox 1166 597 1403 655; x_wconf 75' lang='lat' dir='ltr'><strong>Jawbus</strong></span> <span class='ocrx_word' id='word_1_11' title='bbox 1446 612 1463 652; x_wconf 91' lang='lat'><strong>:</strong></span> <span class='ocrx_word' id='word_1_12' title='bbox 1503 616 1520 650; x_wconf 79' lang='grc' dir='ltr'><strong>ι</strong></span> <span class='ocrx_word' id='word_1_13' title='bbox 1555 596 1609 651; x_wconf 99' lang='lat' dir='ltr'><strong>Si</strong></span> <span class='ocrx_word' id='word_1_14' title='bbox 1659 598 1784 666; x_wconf 86' lang='lat' dir='ltr'><strong>quis</strong></span> <span class='ocrx_word' id='word_1_15' title='bbox 1823 597 2048 651; x_wconf 79' lang='lat' dir='ltr'><strong>videtur</strong></span> 
     </span>
    </p>
   </div>
   <div class='ocr_carea' id='block_1_5' title="bbox 2167 596 3710 670">
    <p class='ocr_par' dir='ltr' id='par_1_5' title="bbox 2167 596 3710 668">
     <span class='ocr_line' id='line_1_5' title="bbox 2167 596 3710 668; baseline 0.003 -18"><span class='ocrx_word' id='word_1_16' title='bbox 2167 597 2479 651; x_wconf 82' lang='grc' dir='ltr'>ιαθίσταται</span> <span class='ocrx_word' id='word_1_17' title='bbox 2526 598 2585 650; x_wconf 75' lang='grc' dir='ltr'><strong>ἐν</strong></span> <span class='ocrx_word' id='word_1_18' title='bbox 2636 598 2750 660; x_wconf 84' lang='grc' dir='ltr'>τοῖς</span> <span class='ocrx_word' id='word_1_19' title='bbox 2799 596 3018 666; x_wconf 72' lang='grc' dir='ltr'>μέλεσιν</span> <span class='ocrx_word' id='word_1_20' title='bbox 3046 596 3220 666; x_wconf 77' lang='grc' dir='ltr'>ἡμῶν,</span> <span class='ocrx_word' id='word_1_21' title='bbox 3250 598 3283 668; x_wconf 79' lang='grc' dir='ltr'>ἡ</span> <span class='ocrx_word' id='word_1_22' title='bbox 3312 599 3574 656; x_wconf 72' lang='grc' dir='ltr'><strong>σπιλοῦσα</strong></span> <span class='ocrx_word' id='word_1_23' title='bbox 3600 605 3710 658; x_wconf 73' lang='grc' dir='ltr'>ὅλον</span> 
     </span>
    </p>
   </div>
   <div class='ocr_carea' id='block_1_6' title="bbox 460 687 2063 767">
    <p class='ocr_par' dir='ltr' id='par_1_6' title="bbox 460 690 2043 764">
     <span class='ocr_line' id='line_1_6' title="bbox 460 690 2043 764; baseline 0.001 -17"><span class='ocrx_word' id='word_1_24' title='bbox 460 693 752 764; x_wconf 85' lang='lat' dir='ltr'><strong>religiosus</strong></span> <span class='ocrx_word' id='word_1_25' title='bbox 793 707 937 754; x_wconf 88' lang='lat' dir='ltr'><strong>esse,</strong></span> <span class='ocrx_word' id='word_1_26' title='bbox 968 707 1080 746; x_wconf 90' lang='lat' dir='ltr'><strong>non</strong></span> <span class='ocrx_word' id='word_1_27' title='bbox 1125 690 1424 747; x_wconf 61' lang='lat' dir='ltr'><strong>refraenans</strong></span> <span class='ocrx_word' id='word_1_28' title='bbox 1456 690 1698 761; x_wconf 79' lang='lat' dir='ltr'><strong>linguam</strong></span> <span class='ocrx_word' id='word_1_29' title='bbox 1727 707 1907 755; x_wconf 82' lang='lat' dir='ltr'><strong>suam,</strong></span> <span class='ocrx_word' id='word_1_30' title='bbox 1945 691 2043 749; x_wconf 86' lang='lat' dir='ltr'><strong>sed</strong></span> 
     </span>
    </p>
   </div>
   <div class='ocr_carea' id='block_1_7' title="bbox 2167 687 3714 767">
    <p class='ocr_par' dir='ltr' id='par_1_7' title="bbox 2167 687 3714 767">
     <span class='ocr_line' id='line_1_7' title="bbox 2167 687 3714 767; baseline -0.001 -24"><span class='ocrx_word' id='word_1_31' title='bbox 2167 689 2209 743; x_wconf 76' lang='grc' dir='ltr'><strong>τὸ</strong></span> <span class='ocrx_word' id='word_1_32' title='bbox 2261 690 2445 761; x_wconf 85' lang='grc' dir='ltr'>σῶμα,</span> <span class='ocrx_word' id='word_1_33' title='bbox 2484 690 2577 743; x_wconf 74' lang='grc' dir='ltr'>καὶ</span> <span class='ocrx_word' id='word_1_34' title='bbox 2638 687 2970 758; x_wconf 76' lang='grc' dir='ltr'><strong>φλογίζουσα</strong></span> <span class='ocrx_word' id='word_1_35' title='bbox 3019 688 3112 742; x_wconf 75' lang='grc' dir='ltr'>τὸν</span> <span class='ocrx_word' id='word_1_36' title='bbox 3161 689 3355 758; x_wconf 79' lang='grc' dir='ltr'>τροχὸν</span> <span class='ocrx_word' id='word_1_37' title='bbox 3399 690 3499 761; x_wconf 76' lang='grc' dir='ltr'>τῆς</span> <span class='ocrx_word' id='word_1_38' title='bbox 3540 699 3714 767; x_wconf 64' lang='grc' dir='ltr'>γεννή-</span> 
     </span>
    </p>
   </div>
   <div class='ocr_carea' id='block_1_8' title="bbox 461 783 2043 853">
    <p class='ocr_par' dir='ltr' id='par_1_8' title="bbox 461 783 2043 853">
     <span class='ocr_line' id='line_1_8' title="bbox 461 783 2043 853; baseline -0.001 -15"><span class='ocrx_word' id='word_1_39' title='bbox 461 784 735 840; x_wconf 87' lang='lat' dir='ltr'><strong>seducens</strong></span> <span class='ocrx_word' id='word_1_40' title='bbox 788 798 883 838; x_wconf 92' lang='lat' dir='ltr'><strong>cor</strong></span> <span class='ocrx_word' id='word_1_41' title='bbox 934 799 1118 846; x_wconf 91' lang='lat' dir='ltr'><strong>suum,</strong></span> <span class='ocrx_word' id='word_1_42' title='bbox 1163 783 1330 853; x_wconf 74' lang='lat' dir='ltr'><strong>huius</strong></span> <span class='ocrx_word' id='word_1_43' title='bbox 1380 798 1521 837; x_wconf 80' lang='lat' dir='ltr'><strong>vana</strong></span> <span class='ocrx_word' id='word_1_44' title='bbox 1568 792 1654 838; x_wconf 90' lang='lat' dir='ltr'><strong>est</strong></span> <span class='ocrx_word' id='word_1_45' title='bbox 1708 783 1898 853; x_wconf 88' lang='lat' dir='ltr'><strong>religio</strong></span> <span class='ocrx_word' id='word_1_46' title='bbox 1922 783 1987 838; x_wconf 83' lang='grc'><strong>³³.</strong></span> <span class='ocrx_word' id='word_1_47' title='bbox 2024 802 2043 836; x_wconf 75' lang='grc' dir='ltr'><strong>ι</strong></span> 
     </span>
    </p>
   </div>
   <div class='ocr_carea' id='block_1_9' title="bbox 463 876 2045 947">
    <p class='ocr_par' dir='ltr' id='par_1_9' title="bbox 463 876 2045 947">
     <span class='ocr_line' id='line_1_9' title="bbox 463 876 2045 947; baseline -0.001 -15"><span class='ocrx_word' id='word_1_48' title='bbox 463 877 681 932; x_wconf 90' lang='lat' dir='ltr'><strong>lnducit</strong></span> <span class='ocrx_word' id='word_1_49' title='bbox 727 894 741 929; x_wconf 89' lang='lat'>:</span> <span class='ocrx_word' id='word_1_50' title='bbox 792 895 809 928; x_wconf 81' lang='grc' dir='ltr'><strong>ι</strong></span> <span class='ocrx_word' id='word_1_51' title='bbox 860 876 1001 930; x_wconf 86' lang='lat' dir='ltr'><strong>Ecce</strong></span> <span class='ocrx_word' id='word_1_52' title='bbox 1049 884 1291 945; x_wconf 89' lang='lat' dir='ltr'><strong>quantus</strong></span> <span class='ocrx_word' id='word_1_53' title='bbox 1343 876 1515 945; x_wconf 82' lang='lat' dir='ltr'><strong>ignis,</strong></span> <span class='ocrx_word' id='word_1_54' title='bbox 1569 891 1733 946; x_wconf 89' lang='lat' dir='ltr'><strong>quam</strong></span> <span class='ocrx_word' id='word_1_55' title='bbox 1793 891 2045 947; x_wconf 81' lang='lat' dir='ltr'><strong>magnam</strong></span> 
     </span>
    </p>
   </div>
   <div class='ocr_carea' id='block_1_10' title="bbox 464 968 2049 1040">
    <p class='ocr_par' dir='ltr' id='par_1_10' title="bbox 464 968 2049 1040">
     <span class='ocr_line' id='line_1_10' title="bbox 464 968 2049 1040; baseline 0.001 -18"><span class='ocrx_word' id='word_1_56' title='bbox 464 968 656 1022; x_wconf 83' lang='lat' dir='ltr'><strong>silvam</strong></span> <span class='ocrx_word' id='word_1_57' title='bbox 691 968 940 1022; x_wconf 89' lang='lat' dir='ltr'><strong>incendit</strong></span> <span class='ocrx_word' id='word_1_58' title='bbox 964 968 1041 1022; x_wconf 78' lang='lat' dir='ltr'><strong>“l</strong></span> <span class='ocrx_word' id='word_1_59' title='bbox 1081 986 1098 1018; x_wconf 82' lang='grc' dir='ltr'><strong>ι</strong></span> <span class='ocrx_word' id='word_1_60' title='bbox 1131 968 1200 1022; x_wconf 84' lang='grc' dir='ltr'><strong>Ει</strong></span> <span class='ocrx_word' id='word_1_61' title='bbox 1231 987 1243 1022; x_wconf 90' lang='lat'><strong>:</strong></span> <span class='ocrx_word' id='word_1_62' title='bbox 1278 988 1295 1018; x_wconf 87' lang='grc'><em>‹</em></span> <span class='ocrx_word' id='word_1_63' title='bbox 1326 969 1536 1039; x_wconf 82' lang='lat' dir='ltr'><strong>Lingua</strong></span> <span class='ocrx_word' id='word_1_64' title='bbox 1569 970 1733 1040; x_wconf 84' lang='lat' dir='ltr'><strong>ignis.</strong></span> <span class='ocrx_word' id='word_1_65' title='bbox 1769 969 2049 1025; x_wconf 88' lang='lat' dir='ltr'><strong>universi-</strong></span> 
     </span>
    </p>
   </div>
   <div class='ocr_carea' id='block_1_11' title="bbox 467 1059 2047 1131">
    <p class='ocr_par' dir='ltr' id='par_1_11' title="bbox 467 1059 2047 1131">
     <span class='ocr_line' id='line_1_11' title="bbox 467 1059 2047 1131; baseline 0.001 -17"><span class='ocrx_word' id='word_1_66' title='bbox 467 1070 551 1114; x_wconf 91' lang='lat' dir='ltr'><strong>tas</strong></span> <span class='ocrx_word' id='word_1_67' title='bbox 603 1059 913 1128; x_wconf 75' lang='lat' dir='ltr'><strong>iniquitatis</strong></span> <span class='ocrx_word' id='word_1_68' title='bbox 952 1059 1019 1112; x_wconf 88' lang='grc'><strong>³⁷.</strong></span> <span class='ocrx_word' id='word_1_69' title='bbox 1071 1077 1092 1112; x_wconf 81' lang='grc' dir='ltr'><strong>ι</strong></span> <span class='ocrx_word' id='word_1_70' title='bbox 1134 1060 1246 1113; x_wconf 87' lang='lat' dir='ltr'><strong>Et:</strong></span> <span class='ocrx_word' id='word_1_71' title='bbox 1290 1079 1307 1109; x_wconf 76' lang='grc' dir='ltr'><strong>ι</strong></span> <span class='ocrx_word' id='word_1_72' title='bbox 1346 1060 1552 1131; x_wconf 80' lang='lat' dir='ltr'><strong>Lingua</strong></span> <span class='ocrx_word' id='word_1_73' title='bbox 1599 1061 1959 1117; x_wconf 78' lang='lat' dir='ltr'><strong>constituitur</strong></span> <span class='ocrx_word' id='word_1_74' title='bbox 1990 1062 2047 1117; x_wconf 93' lang='lat' dir='ltr'><strong>in</strong></span> 
     </span>
    </p>
   </div>
   <div class='ocr_carea' id='block_1_12' title="bbox 468 1150 2050 1223">
    <p class='ocr_par' dir='ltr' id='par_1_12' title="bbox 468 1150 2050 1223">
     <span class='ocr_line' id='line_1_12' title="bbox 468 1150 2050 1223; baseline 0.003 -19"><span class='ocrx_word' id='word_1_75' title='bbox 468 1151 732 1205; x_wconf 86' lang='lat' dir='ltr'><strong>membris</strong></span> <span class='ocrx_word' id='word_1_76' title='bbox 782 1150 1021 1218; x_wconf 87' lang='lat' dir='ltr'><strong>nostris,</strong></span> <span class='ocrx_word' id='word_1_77' title='bbox 1069 1167 1191 1221; x_wconf 68' lang='lat' dir='ltr'><strong>quae</strong></span> <span class='ocrx_word' id='word_1_78' title='bbox 1235 1153 1472 1206; x_wconf 85' lang='lat' dir='ltr'><strong>maculat</strong></span> <span class='ocrx_word' id='word_1_79' title='bbox 1516 1161 1693 1206; x_wconf 82' lang='lat' dir='ltr'><strong>totum</strong></span> <span class='ocrx_word' id='word_1_80' title='bbox 1738 1168 1959 1223; x_wconf 91' lang='lat' dir='ltr'><strong>corpus,</strong></span> <span class='ocrx_word' id='word_1_81' title='bbox 1994 1163 2050 1210; x_wconf 88' lang='lat' dir='ltr'><strong>et</strong></span> 
     </span>
    </p>
   </div>
   <div class='ocr_carea' id='block_1_13' title="bbox 468 1242 2049 1317">
    <p class='ocr_par' dir='ltr' id='par_1_13' title="bbox 468 1242 2049 1317">
     <span class='ocr_line' id='line_1_13' title="bbox 468 1242 2049 1317; baseline 0.002 -19"><span class='ocrx_word' id='word_1_82' title='bbox 468 1242 773 1298; x_wconf 81' lang='lat' dir='ltr'><strong>inﬂammat</strong></span> <span class='ocrx_word' id='word_1_83' title='bbox 803 1252 980 1298; x_wconf 88' lang='lat' dir='ltr'><strong>rotam</strong></span> <span class='ocrx_word' id='word_1_84' title='bbox 1013 1245 1319 1299; x_wconf 87' lang='lat' dir='ltr'><strong>nativitatis</strong></span> <span class='ocrx_word' id='word_1_85' title='bbox 1347 1254 1549 1300; x_wconf 74' lang='lat' dir='ltr'><strong>nostrzc</strong></span> <span class='ocrx_word' id='word_1_86' title='bbox 1572 1246 1634 1297; x_wconf 79' lang='grc'><strong>³⁸.</strong></span> <span class='ocrx_word' id='word_1_87' title='bbox 1678 1265 1696 1296; x_wconf 87' lang='grc'><strong><em>›</em></strong></span> <span class='ocrx_word' id='word_1_88' title='bbox 1733 1246 1931 1315; x_wconf 89' lang='lat' dir='ltr'><strong>Liquet</strong></span> <span class='ocrx_word' id='word_1_89' title='bbox 1950 1262 2049 1317; x_wconf 91' lang='lat' dir='ltr'><strong>per</strong></span> 
     </span>
    </p>
   </div>
   <div class='ocr_carea' id='block_1_14' title="bbox 469 1334 2049 1407">
    <p class='ocr_par' dir='ltr' id='par_1_14' title="bbox 469 1334 2049 1407">
     <span class='ocr_line' id='line_1_14' title="bbox 469 1334 2049 1407; baseline 0.001 -18"><span class='ocrx_word' id='word_1_90' title='bbox 469 1334 577 1390; x_wconf 87' lang='lat' dir='ltr'><strong>hoc</strong></span> <span class='ocrx_word' id='word_1_91' title='bbox 607 1335 838 1406; x_wconf 81' lang='lat' dir='ltr'><strong>intelligi</strong></span> <span class='ocrx_word' id='word_1_92' title='bbox 864 1336 1211 1405; x_wconf 72' lang='lat' dir='ltr'><strong>temporaria:</strong></span> <span class='ocrx_word' id='word_1_93' title='bbox 1244 1336 1402 1390; x_wconf 89' lang='lat' dir='ltr'><strong>istius</strong></span> <span class='ocrx_word' id='word_1_94' title='bbox 1435 1337 1558 1391; x_wconf 70' lang='lat' dir='ltr'><strong>vita:</strong></span> <span class='ocrx_word' id='word_1_95' title='bbox 1590 1345 1889 1399; x_wconf 88' lang='lat' dir='ltr'><strong>momenta,</strong></span> <span class='ocrx_word' id='word_1_96' title='bbox 1923 1337 2049 1407; x_wconf 91' lang='lat' dir='ltr'><strong>qui-</strong></span> 
     </span>
    </p>
   </div>
   <div class='ocr_carea' id='block_1_15' title="bbox 470 1425 2049 1500">
    <p class='ocr_par' dir='ltr' id='par_1_15' title="bbox 470 1425 2049 1500">
     <span class='ocr_line' id='line_1_15' title="bbox 470 1425 2049 1500; baseline 0.002 -20"><span class='ocrx_word' id='word_1_97' title='bbox 470 1425 577 1482; x_wconf 86' lang='lat' dir='ltr'><strong>bus</strong></span> <span class='ocrx_word' id='word_1_98' title='bbox 613 1427 728 1498; x_wconf 90' lang='lat' dir='ltr'><strong>ipsa</strong></span> <span class='ocrx_word' id='word_1_99' title='bbox 768 1444 983 1482; x_wconf 86' lang='lat' dir='ltr'><strong>sursum</strong></span> <span class='ocrx_word' id='word_1_100' title='bbox 1016 1428 1274 1483; x_wconf 89' lang='lat' dir='ltr'><strong>deorsum</strong></span> <span class='ocrx_word' id='word_1_101' title='bbox 1319 1429 1684 1500; x_wconf 82' lang='lat' dir='ltr'><strong>provolvitur.</strong></span> <span class='ocrx_word' id='word_1_102' title='bbox 1721 1428 1861 1496; x_wconf 83' lang='lat' dir='ltr'><strong>Quid</strong></span> <span class='ocrx_word' id='word_1_103' title='bbox 1900 1431 2049 1484; x_wconf 90' lang='lat' dir='ltr'><strong>enim</strong></span> 
     </span>
    </p>
   </div>
   <div class='ocr_carea' id='block_1_16' title="bbox 474 1518 2050 1591">
    <p class='ocr_par' dir='ltr' id='par_1_16' title="bbox 474 1518 2050 1591">
     <span class='ocr_line' id='line_1_16' title="bbox 474 1518 2050 1591; baseline 0.003 -19"><span class='ocrx_word' id='word_1_104' title='bbox 474 1518 717 1572; x_wconf 87' lang='lat' dir='ltr'><strong>hominis</strong></span> <span class='ocrx_word' id='word_1_105' title='bbox 750 1519 861 1573; x_wconf 87' lang='lat' dir='ltr'><strong>vita</strong></span> <span class='ocrx_word' id='word_1_106' title='bbox 913 1520 1059 1574; x_wconf 83' lang='lat' dir='ltr'><strong>aliud</strong></span> <span class='ocrx_word' id='word_1_107' title='bbox 1106 1535 1268 1590; x_wconf 89' lang='lat' dir='ltr'><strong>quam</strong></span> <span class='ocrx_word' id='word_1_108' title='bbox 1307 1529 1427 1574; x_wconf 85' lang='lat' dir='ltr'><strong>rota</strong></span> <span class='ocrx_word' id='word_1_109' title='bbox 1457 1536 1579 1591; x_wconf 72' lang='lat' dir='ltr'><strong>quae</strong></span> <span class='ocrx_word' id='word_1_110' title='bbox 1609 1521 1827 1591; x_wconf 78' lang='lat' dir='ltr'><strong>perpeti</strong></span> <span class='ocrx_word' id='word_1_111' title='bbox 1868 1530 2050 1576; x_wconf 90' lang='lat' dir='ltr'><strong>rotatu</strong></span> 
     </span>
    </p>
   </div>
   <div class='ocr_carea' id='block_1_17' title="bbox 472 1610 2048 1685">
    <p class='ocr_par' dir='ltr' id='par_1_17' title="bbox 472 1610 2048 1685">
     <span class='ocr_line' id='line_1_17' title="bbox 472 1610 2048 1685; baseline 0.004 -22"><span class='ocrx_word' id='word_1_112' title='bbox 472 1610 769 1665; x_wconf 81' lang='lat' dir='ltr'><strong>versatur?</strong></span> <span class='ocrx_word' id='word_1_113' title='bbox 797 1610 905 1666; x_wconf 89' lang='lat' dir='ltr'><strong>Sed</strong></span> <span class='ocrx_word' id='word_1_114' title='bbox 953 1621 1009 1666; x_wconf 91' lang='lat' dir='ltr'><strong>et</strong></span> <span class='ocrx_word' id='word_1_115' title='bbox 1058 1612 1250 1669; x_wconf 89' lang='lat' dir='ltr'><strong>eadem</strong></span> <span class='ocrx_word' id='word_1_116' title='bbox 1301 1611 1673 1667; x_wconf 86' lang='lat' dir='ltr'><strong>inﬂammatur</strong></span> <span class='ocrx_word' id='word_1_117' title='bbox 1705 1628 1736 1667; x_wconf 89' lang='lat' dir='ltr'><strong>a</strong></span> <span class='ocrx_word' id='word_1_118' title='bbox 1777 1614 2048 1685; x_wconf 86' lang='lat' dir='ltr'><strong>gehenna.</strong></span> 
     </span>
    </p>
   </div>
   <div class='ocr_carea' id='block_1_18' title="bbox 475 1703 2052 1774">
    <p class='ocr_par' dir='ltr' id='par_1_18' title="bbox 475 1703 2052 1774">
     <span class='ocr_line' id='line_1_18' title="bbox 475 1703 2052 1774; baseline 0.001 -16"><span class='ocrx_word' id='word_1_119' title='bbox 475 1703 928 1758; x_wconf 89' lang='lat' dir='ltr'><strong>Susurrationem</strong></span> <span class='ocrx_word' id='word_1_120' title='bbox 989 1703 1211 1773; x_wconf 85' lang='lat' dir='ltr'><strong>itaque,</strong></span> <span class='ocrx_word' id='word_1_121' title='bbox 1284 1703 1518 1769; x_wconf 80' lang='lat' dir='ltr'><strong>fratres,</strong></span> <span class='ocrx_word' id='word_1_122' title='bbox 1580 1719 1743 1774; x_wconf 90' lang='lat' dir='ltr'><strong>quam</strong></span> <span class='ocrx_word' id='word_1_123' title='bbox 1816 1704 2052 1760; x_wconf 81' lang='lat' dir='ltr'><strong>maxime</strong></span> 
     </span>
    </p>
   </div>
   <div class='ocr_carea' id='block_1_19' title="bbox 475 1792 2055 1866">
    <p class='ocr_par' dir='ltr' id='par_1_19' title="bbox 475 1792 2055 1866">
     <span class='ocr_line' id='line_1_19' title="bbox 475 1792 2055 1866; baseline 0.001 -19"><span class='ocrx_word' id='word_1_124' title='bbox 475 1792 772 1865; x_wconf 76' lang='lat' dir='ltr'><strong>fugiamus,</strong></span> <span class='ocrx_word' id='word_1_125' title='bbox 799 1802 945 1849; x_wconf 88' lang='lat' dir='ltr'><strong>utne</strong></span> <span class='ocrx_word' id='word_1_126' title='bbox 970 1810 1069 1848; x_wconf 85' lang='lat' dir='ltr'><strong>nos</strong></span> <span class='ocrx_word' id='word_1_127' title='bbox 1098 1793 1418 1848; x_wconf 57' lang='lat' dir='ltr'><strong>amoenitate</strong></span> <span class='ocrx_word' id='word_1_128' title='bbox 1441 1793 1623 1863; x_wconf 85' lang='lat' dir='ltr'><strong>privet</strong></span> <span class='ocrx_word' id='word_1_129' title='bbox 1644 1792 1905 1866; x_wconf 86' lang='lat' dir='ltr'><strong>paradisi,</strong></span> <span class='ocrx_word' id='word_1_130' title='bbox 1928 1810 2055 1850; x_wconf 89' lang='lat' dir='ltr'><strong>nos-</strong></span> 
     </span>
    </p>
   </div>
   <div class='ocr_carea' id='block_1_20' title="bbox 2152 779 3713 855">
    <p class='ocr_par' dir='ltr' id='par_1_20' title="bbox 2152 779 3713 855">
     <span class='ocr_line' id='line_1_20' title="bbox 2152 779 3713 855; baseline 0.005 -21"><span class='ocrx_word' id='word_1_131' title='bbox 2152 799 2309 845; x_wconf 85' lang='grc' dir='ltr'>σεως.</span> <span class='ocrx_word' id='word_1_132' title='bbox 2342 802 2360 833; x_wconf 82' lang='grc' dir='ltr'><strong>ι</strong></span> <span class='ocrx_word' id='word_1_133' title='bbox 2394 781 2635 851; x_wconf 73' lang='grc' dir='ltr'>Εὔδηλον</span> <span class='ocrx_word' id='word_1_134' title='bbox 2678 783 2761 835; x_wconf 83' lang='grc' dir='ltr'>ὅτι</span> <span class='ocrx_word' id='word_1_135' title='bbox 2793 781 2889 834; x_wconf 80' lang='grc' dir='ltr'>τὸν</span> <span class='ocrx_word' id='word_1_136' title='bbox 2922 781 3118 852; x_wconf 84' lang='grc' dir='ltr'>χρόνον</span> <span class='ocrx_word' id='word_1_137' title='bbox 3144 781 3243 851; x_wconf 75' lang='grc' dir='ltr'>τῆς</span> <span class='ocrx_word' id='word_1_138' title='bbox 3276 779 3423 852; x_wconf 79' lang='grc' dir='ltr'>ζωῆς</span> <span class='ocrx_word' id='word_1_139' title='bbox 3447 785 3621 855; x_wconf 71' lang='grc' dir='ltr'>ἡμῶν.</span> <span class='ocrx_word' id='word_1_140' title='bbox 3659 790 3713 842; x_wconf 90' lang='grc'><strong>’0</strong></span> 
     </span>
    </p>
   </div>
   <div class='ocr_carea' id='block_1_21' title="bbox 2150 873 3715 946">
    <p class='ocr_par' dir='ltr' id='par_1_21' title="bbox 2150 873 3715 946">
     <span class='ocr_line' id='line_1_21' title="bbox 2150 873 3715 946; baseline 0.004 -19"><span class='ocrx_word' id='word_1_141' title='bbox 2150 876 2260 946; x_wconf 73' lang='grc' dir='ltr'><strong>γὰρ</strong></span> <span class='ocrx_word' id='word_1_142' title='bbox 2309 875 2422 946; x_wconf 88' lang='grc' dir='ltr'>βίος</span> <span class='ocrx_word' id='word_1_143' title='bbox 2449 874 2543 927; x_wconf 89' lang='grc' dir='ltr'><strong>τοῦ</strong></span> <span class='ocrx_word' id='word_1_144' title='bbox 2598 874 2915 945; x_wconf 81' lang='grc' dir='ltr'>ἀνθρώπου,</span> <span class='ocrx_word' id='word_1_145' title='bbox 2946 873 3144 944; x_wconf 76' lang='grc' dir='ltr'>τροχὸς</span> <span class='ocrx_word' id='word_1_146' title='bbox 3176 874 3414 945; x_wconf 81' lang='grc' dir='ltr'><strong>ὑπάρχει</strong></span> <span class='ocrx_word' id='word_1_147' title='bbox 3441 880 3715 933; x_wconf 76' lang='grc' dir='ltr'>ἀνακυλιό-</span> 
     </span>
    </p>
   </div>
   <div class='ocr_carea' id='block_1_22' title="bbox 2154 968 3709 1043">
    <p class='ocr_par' dir='ltr' id='par_1_22' title="bbox 2154 968 3709 1043">
     <span class='ocr_line' id='line_1_22' title="bbox 2154 968 3709 1043; baseline 0.004 -22"><span class='ocrx_word' id='word_1_148' title='bbox 2154 986 2338 1039; x_wconf 88' lang='grc' dir='ltr'>μενος,</span> <span class='ocrx_word' id='word_1_149' title='bbox 2369 969 2463 1021; x_wconf 73' lang='grc' dir='ltr'>καὶ</span> <span class='ocrx_word' id='word_1_150' title='bbox 2509 968 2901 1037; x_wconf 79' lang='grc' dir='ltr'>φλογιζὸμενος</span> <span class='ocrx_word' id='word_1_151' title='bbox 2923 968 3031 1022; x_wconf 82' lang='grc' dir='ltr'><strong>ὑπὸ</strong></span> <span class='ocrx_word' id='word_1_152' title='bbox 3057 968 3156 1037; x_wconf 79' lang='grc' dir='ltr'>τῆς</span> <span class='ocrx_word' id='word_1_153' title='bbox 3182 968 3426 1037; x_wconf 79' lang='grc' dir='ltr'>γεέννης.</span> <span class='ocrx_word' id='word_1_154' title='bbox 3451 970 3709 1043; x_wconf 74' lang='grc' dir='ltr'>Φύγωμεν</span> 
     </span>
    </p>
   </div>
   <div class='ocr_carea' id='block_1_23' title="bbox 2150 1057 3716 1139">
    <p class='ocr_par' dir='ltr' id='par_1_23' title="bbox 2150 1057 3716 1139">
     <span class='ocr_line' id='line_1_23' title="bbox 2150 1057 3716 1139; baseline 0.001 -24"><span class='ocrx_word' id='word_1_155' title='bbox 2150 1057 2265 1123; x_wconf 76' lang='grc' dir='ltr'>οὖν,</span> <span class='ocrx_word' id='word_1_156' title='bbox 2329 1061 2586 1130; x_wconf 71' lang='grc' dir='ltr'>ἀδελφοὶ,</span> <span class='ocrx_word' id='word_1_157' title='bbox 2642 1061 2732 1114; x_wconf 76' lang='grc' dir='ltr'><strong>τὸν</strong></span> <span class='ocrx_word' id='word_1_158' title='bbox 2782 1060 3149 1132; x_wconf 70' lang='grc' dir='ltr'>ψιθυρισμὸν,</span> <span class='ocrx_word' id='word_1_159' title='bbox 3199 1061 3286 1114; x_wconf 74' lang='grc' dir='ltr'>ἵνα</span> <span class='ocrx_word' id='word_1_160' title='bbox 3348 1062 3422 1132; x_wconf 80' lang='grc' dir='ltr'>μὴ</span> <span class='ocrx_word' id='word_1_161' title='bbox 3493 1067 3716 1139; x_wconf 70' lang='grc' dir='ltr'>στερήσῃ</span> 
     </span>
    </p>
   </div>
   <div class='ocr_carea' id='block_1_24' title="bbox 2152 1152 3718 1227">
    <p class='ocr_par' dir='ltr' id='par_1_24' title="bbox 2152 1152 3718 1227">
     <span class='ocr_line' id='line_1_24' title="bbox 2152 1152 3718 1227; baseline -0.001 -20"><span class='ocrx_word' id='word_1_162' title='bbox 2152 1155 2302 1224; x_wconf 77' lang='grc' dir='ltr'>ἡμᾶς</span> <span class='ocrx_word' id='word_1_163' title='bbox 2341 1152 2435 1207; x_wconf 84' lang='grc' dir='ltr'><strong>τοῦ</strong></span> <span class='ocrx_word' id='word_1_164' title='bbox 2460 1153 2817 1223; x_wconf 78' lang='grc' dir='ltr'><strong>παραδείσου,</strong></span> <span class='ocrx_word' id='word_1_165' title='bbox 2845 1153 2942 1206; x_wconf 78' lang='grc' dir='ltr'>καὶ</span> <span class='ocrx_word' id='word_1_166' title='bbox 2969 1153 3320 1225; x_wconf 72' lang='grc' dir='ltr'>παραπέμψῃ</span> <span class='ocrx_word' id='word_1_167' title='bbox 3344 1156 3425 1215; x_wconf 82' lang='grc' dir='ltr'><strong>εἰς</strong></span> <span class='ocrx_word' id='word_1_168' title='bbox 3459 1156 3556 1227; x_wconf 81' lang='grc' dir='ltr'>τὴν</span> <span class='ocrx_word' id='word_1_169' title='bbox 3576 1160 3718 1225; x_wconf 81' lang='grc' dir='ltr'>γέεν.</span> 
     </span>
    </p>
   </div>
   <div class='ocr_carea' id='block_1_25' title="bbox 2151 1240 3724 1315">
    <p class='ocr_par' dir='ltr' id='par_1_25' title="bbox 2151 1240 3724 1315">
     <span class='ocr_line' id='line_1_25' title="bbox 2151 1240 3724 1315; baseline 0.004 -18"><span class='ocrx_word' id='word_1_170' title='bbox 2151 1262 2251 1297; x_wconf 87' lang='grc' dir='ltr'><strong>ναν</strong></span> <span class='ocrx_word' id='word_1_171' title='bbox 2283 1242 2378 1296; x_wconf 86' lang='grc' dir='ltr'><strong>τοῦ</strong></span> <span class='ocrx_word' id='word_1_172' title='bbox 2412 1244 2608 1315; x_wconf 90' lang='grc' dir='ltr'>πυρός.</span> <span class='ocrx_word' id='word_1_173' title='bbox 2636 1242 2946 1313; x_wconf 76' lang='grc' dir='ltr'>Ψιθυρίσας</span> <span class='ocrx_word' id='word_1_174' title='bbox 2967 1242 3075 1313; x_wconf 82' lang='grc' dir='ltr'><strong>γὰρ</strong></span> <span class='ocrx_word' id='word_1_175' title='bbox 3117 1244 3145 1295; x_wconf 99' lang='lat'><strong>6</strong></span> <span class='ocrx_word' id='word_1_176' title='bbox 3177 1243 3327 1314; x_wconf 71' lang='grc' dir='ltr'>δφις,</span> <span class='ocrx_word' id='word_1_177' title='bbox 3362 1240 3611 1309; x_wconf 76' lang='grc' dir='ltr'>ἐξέϐαλεν</span> <span class='ocrx_word' id='word_1_178' title='bbox 3628 1249 3724 1314; x_wconf 70' lang='grc' dir='ltr'>τὴν</span> 
     </span>
    </p>
   </div>
   <div class='ocr_carea' id='block_1_26' title="bbox 2153 1331 3714 1405">
    <p class='ocr_par' dir='ltr' id='par_1_26' title="bbox 2153 1331 3714 1405">
     <span class='ocr_line' id='line_1_26' title="bbox 2153 1331 3714 1405; baseline 0.002 -19"><span class='ocrx_word' id='word_1_179' title='bbox 2153 1334 2301 1387; x_wconf 78' lang='grc' dir='ltr'>Εὕαν</span> <span class='ocrx_word' id='word_1_180' title='bbox 2344 1334 2411 1387; x_wconf 85' lang='grc' dir='ltr'><strong>ἐκ</strong></span> <span class='ocrx_word' id='word_1_181' title='bbox 2439 1333 2537 1386; x_wconf 83' lang='grc' dir='ltr'><strong>τοῦ</strong></span> <span class='ocrx_word' id='word_1_182' title='bbox 2580 1332 2916 1403; x_wconf 78' lang='grc' dir='ltr'>παραδείσου</span> <span class='ocrx_word' id='word_1_183' title='bbox 2940 1348 2954 1361; x_wconf 80' lang='grc'>⁸</span> <span class='ocrx_word' id='word_1_184' title='bbox 2986 1331 3173 1394; x_wconf 86' lang='grc' dir='ltr'>καθώς</span> <span class='ocrx_word' id='word_1_185' title='bbox 3202 1349 3289 1395; x_wconf 85' lang='grc' dir='ltr'><strong>τις</strong></span> <span class='ocrx_word' id='word_1_186' title='bbox 3319 1333 3495 1402; x_wconf 71' lang='grc' dir='ltr'>Σοφδς</span> <span class='ocrx_word' id='word_1_187' title='bbox 3534 1338 3714 1405; x_wconf 78' lang='grc' dir='ltr'>φησίν·</span> 
     </span>
    </p>
   </div>
   <div class='ocr_carea' id='block_1_27' title="bbox 2160 1420 3720 1494">
    <p class='ocr_par' dir='ltr' id='par_1_27' title="bbox 2160 1420 3720 1494">
     <span class='ocr_line' id='line_1_27' title="bbox 2160 1420 3720 1494; baseline 0.005 -22"><span class='ocrx_word' id='word_1_188' title='bbox 2160 1440 2178 1472; x_wconf 75' lang='grc' dir='ltr'><strong>ι</strong></span> <span class='ocrx_word' id='word_1_189' title='bbox 2204 1421 2491 1491; x_wconf 76' lang='grc' dir='ltr'>Μακάριος</span> <span class='ocrx_word' id='word_1_190' title='bbox 2531 1421 2589 1483; x_wconf 87' lang='grc' dir='ltr'>ὃς</span> <span class='ocrx_word' id='word_1_191' title='bbox 2633 1422 2692 1473; x_wconf 87' lang='grc' dir='ltr'><strong>ἐν</strong></span> <span class='ocrx_word' id='word_1_192' title='bbox 2717 1420 2939 1491; x_wconf 84' lang='grc' dir='ltr'>γλώσσῃ</span> <span class='ocrx_word' id='word_1_193' title='bbox 2961 1422 3063 1475; x_wconf 82' lang='grc' dir='ltr'><strong>οῦκ</strong></span> <span class='ocrx_word' id='word_1_194' title='bbox 3091 1421 3400 1494; x_wconf 79' lang='grc' dir='ltr'>ὁλίσθησεν.</span> <span class='ocrx_word' id='word_1_195' title='bbox 3428 1442 3445 1476; x_wconf 82' lang='grc' dir='ltr'><strong>ι</strong></span> <span class='ocrx_word' id='word_1_196' title='bbox 3481 1424 3588 1478; x_wconf 75' lang='grc' dir='ltr'><strong>Καὶ</strong></span> <span class='ocrx_word' id='word_1_197' title='bbox 3623 1428 3720 1481; x_wconf 62' lang='lat' dir='ltr'><strong>ne.</strong></span> 
     </span>
    </p>
   </div>
   <div class='ocr_carea' id='block_1_28' title="bbox 2153 1510 3719 1584">
    <p class='ocr_par' dir='ltr' id='par_1_28' title="bbox 2153 1510 3719 1584">
     <span class='ocr_line' id='line_1_28' title="bbox 2153 1510 3719 1584; baseline 0.004 -20"><span class='ocrx_word' id='word_1_198' title='bbox 2153 1511 2237 1564; x_wconf 89' lang='grc' dir='ltr'><strong>λιν</strong></span> <span class='ocrx_word' id='word_1_199' title='bbox 2264 1528 2277 1541; x_wconf 89' lang='grc'><strong>·</strong></span> <span class='ocrx_word' id='word_1_200' title='bbox 2315 1530 2334 1561; x_wconf 77' lang='grc' dir='ltr'><strong>ι</strong></span> <span class='ocrx_word' id='word_1_201' title='bbox 2363 1511 2647 1579; x_wconf 80' lang='grc' dir='ltr'>Μακάριος</span> <span class='ocrx_word' id='word_1_202' title='bbox 2672 1511 2700 1561; x_wconf 94' lang='lat'><strong>6</strong></span> <span class='ocrx_word' id='word_1_203' title='bbox 2732 1510 3062 1575; x_wconf 71' lang='grc' dir='ltr'>σκεπασθεις</span> <span class='ocrx_word' id='word_1_204' title='bbox 3086 1512 3194 1566; x_wconf 79' lang='grc' dir='ltr'>ἀπὸ</span> <span class='ocrx_word' id='word_1_205' title='bbox 3231 1512 3531 1584; x_wconf 81' lang='grc' dir='ltr'>προσώπου</span> <span class='ocrx_word' id='word_1_206' title='bbox 3563 1514 3719 1583; x_wconf 77' lang='grc' dir='ltr'>γλώσ·</span> 
     </span>
    </p>
   </div>
   <div class='ocr_carea' id='block_1_29' title="bbox 2157 1601 3719 1677">
    <p class='ocr_par' dir='ltr' id='par_1_29' title="bbox 2157 1601 3719 1677">
     <span class='ocr_line' id='line_1_29' title="bbox 2157 1601 3719 1677; baseline 0.006 -25"><span class='ocrx_word' id='word_1_207' title='bbox 2157 1618 2257 1671; x_wconf 81' lang='grc' dir='ltr'>σης</span> <span class='ocrx_word' id='word_1_208' title='bbox 2282 1617 2296 1631; x_wconf 72' lang='grc' dir='ltr'><strong>ο</strong></span> <span class='ocrx_word' id='word_1_209' title='bbox 2321 1621 2338 1653; x_wconf 83' lang='grc' dir='ltr'><strong>ι</strong></span> <span class='ocrx_word' id='word_1_210' title='bbox 2369 1602 2474 1655; x_wconf 83' lang='grc' dir='ltr'>Καί</span> <span class='ocrx_word' id='word_1_211' title='bbox 2493 1618 2506 1631; x_wconf 82' lang='grc'><em>’</em></span> <span class='ocrx_word' id='word_1_212' title='bbox 2541 1621 2559 1652; x_wconf 75' lang='grc' dir='ltr'><strong>ι</strong></span> <span class='ocrx_word' id='word_1_213' title='bbox 2599 1601 2817 1671; x_wconf 75' lang='grc' dir='ltr'>Ὀλίσθη</span> <span class='ocrx_word' id='word_1_214' title='bbox 2827 1621 2901 1672; x_wconf 89' lang='grc' dir='ltr'><strong>μα</strong></span> <span class='ocrx_word' id='word_1_215' title='bbox 2928 1602 3037 1656; x_wconf 74' lang='grc' dir='ltr'><strong>ἀπὸ</strong></span> <span class='ocrx_word' id='word_1_216' title='bbox 3064 1603 3297 1671; x_wconf 78' lang='grc' dir='ltr'>ἐδάφους</span> <span class='ocrx_word' id='word_1_217' title='bbox 3327 1604 3529 1675; x_wconf 77' lang='grc' dir='ltr'>μᾶλλον</span> <span class='ocrx_word' id='word_1_218' title='bbox 3566 1607 3597 1677; x_wconf 77' lang='grc' dir='ltr'><strong>ἢ</strong></span> <span class='ocrx_word' id='word_1_219' title='bbox 3626 1607 3719 1662; x_wconf 79' lang='grc' dir='ltr'>ἀπὸ</span> 
     </span>
    </p>
   </div>
   <div class='ocr_carea' id='block_1_30' title="bbox 2155 1691 3717 1769">
    <p class='ocr_par' dir='ltr' id='par_1_30' title="bbox 2155 1691 3717 1769">
     <span class='ocr_line' id='line_1_30' title="bbox 2155 1691 3717 1769; baseline 0.006 -26"><span class='ocrx_word' id='word_1_220' title='bbox 2155 1691 2427 1761; x_wconf 83' lang='grc' dir='ltr'>γλώσσης.</span> <span class='ocrx_word' id='word_1_221' title='bbox 2457 1712 2474 1744; x_wconf 81' lang='grc' dir='ltr'><strong>ι</strong></span> <span class='ocrx_word' id='word_1_222' title='bbox 2507 1694 2617 1746; x_wconf 74' lang='grc' dir='ltr'><strong>Καὶ</strong></span> <span class='ocrx_word' id='word_1_223' title='bbox 2643 1694 2670 1745; x_wconf 84' lang='grc' dir='ltr'><strong>ὁ</strong></span> <span class='ocrx_word' id='word_1_224' title='bbox 2724 1694 2939 1757; x_wconf 81' lang='grc' dir='ltr'>Παῦλος</span> <span class='ocrx_word' id='word_1_225' title='bbox 2968 1711 2981 1722; x_wconf 83' lang='grc'><em>’</em></span> <span class='ocrx_word' id='word_1_226' title='bbox 3032 1714 3049 1745; x_wconf 79' lang='grc' dir='ltr'><strong>ι</strong></span> <span class='ocrx_word' id='word_1_227' title='bbox 3080 1695 3296 1765; x_wconf 77' lang='grc' dir='ltr'>Μήπως</span> <span class='ocrx_word' id='word_1_228' title='bbox 3317 1695 3377 1748; x_wconf 87' lang='grc' dir='ltr'><strong>ἐν</strong></span> <span class='ocrx_word' id='word_1_229' title='bbox 3422 1696 3547 1766; x_wconf 77' lang='grc' dir='ltr'>ὑμῖν</span> <span class='ocrx_word' id='word_1_230' title='bbox 3569 1697 3717 1769; x_wconf 77' lang='grc' dir='ltr'>ἕρεις,</span> 
     </span>
    </p>
   </div>
   <div class='ocr_carea' id='block_1_31' title="bbox 2157 1782 3718 1857">
    <p class='ocr_par' dir='ltr' id='par_1_31' title="bbox 2157 1782 3718 1857">
     <span class='ocr_line' id='line_1_31' title="bbox 2157 1782 3718 1857; baseline 0.004 -21"><span class='ocrx_word' id='word_1_231' title='bbox 2157 1782 2341 1853; x_wconf 76' lang='grc' dir='ltr'>ζῆλος,</span> <span class='ocrx_word' id='word_1_232' title='bbox 2371 1783 2542 1855; x_wconf 80' lang='grc' dir='ltr'>Θυμὸς</span> <span class='ocrx_word' id='word_1_233' title='bbox 2587 1785 2843 1855; x_wconf 83' lang='grc' dir='ltr'>ἐριθεῖαι,</span> <span class='ocrx_word' id='word_1_234' title='bbox 2878 1786 2972 1839; x_wconf 71' lang='grc' dir='ltr'>καὶ</span> <span class='ocrx_word' id='word_1_235' title='bbox 3000 1785 3353 1847; x_wconf 73' lang='grc' dir='ltr'>καταλαλιαὶ,</span> <span class='ocrx_word' id='word_1_236' title='bbox 3393 1787 3718 1857; x_wconf 63' lang='grc' dir='ltr'>ψιθυρισμοί,</span> 
     </span>
    </p>
   </div>
   <div class='ocr_carea' id='block_1_32' title="bbox 477 1875 2063 1956">
    <p class='ocr_par' dir='ltr' id='par_1_32' title="bbox 477 1885 2051 1956">
     <span class='ocr_line' id='line_1_32' title="bbox 477 1885 2051 1956; baseline 0.002 -19"><span class='ocrx_word' id='word_1_237' title='bbox 477 1899 586 1953; x_wconf 85' lang='lat' dir='ltr'><strong>que</strong></span> <span class='ocrx_word' id='word_1_238' title='bbox 635 1885 974 1940; x_wconf 86' lang='lat' dir='ltr'><strong>transmittat</strong></span> <span class='ocrx_word' id='word_1_239' title='bbox 1030 1886 1085 1939; x_wconf 91' lang='lat' dir='ltr'><strong>in</strong></span> <span class='ocrx_word' id='word_1_240' title='bbox 1142 1885 1453 1955; x_wconf 81' lang='lat' dir='ltr'><strong>gehennam</strong></span> <span class='ocrx_word' id='word_1_241' title='bbox 1516 1885 1678 1956; x_wconf 84' lang='lat' dir='ltr'><strong>ignis.</strong></span> <span class='ocrx_word' id='word_1_242' title='bbox 1739 1885 1852 1940; x_wconf 91' lang='lat' dir='ltr'><strong>Suo</strong></span> <span class='ocrx_word' id='word_1_243' title='bbox 1903 1886 2051 1940; x_wconf 92' lang='lat' dir='ltr'><strong>enim</strong></span> 
     </span>
    </p>
   </div>
   <div class='ocr_carea' id='block_1_33' title="bbox 2167 1875 3717 1956">
    <p class='ocr_par' dir='ltr' id='par_1_33' title="bbox 2167 1875 3717 1952">
     <span class='ocr_line' id='line_1_33' title="bbox 2167 1875 3717 1952; baseline 0.005 -25"><span class='ocrx_word' id='word_1_244' title='bbox 2167 1875 2477 1945; x_wconf 69' lang='grc' dir='ltr'>φυσιώσεις,</span> <span class='ocrx_word' id='word_1_245' title='bbox 2514 1896 2533 1929; x_wconf 81' lang='grc' dir='ltr'><strong>ι</strong></span> <span class='ocrx_word' id='word_1_246' title='bbox 2572 1878 2665 1930; x_wconf 76' lang='grc' dir='ltr'>καὶ</span> <span class='ocrx_word' id='word_1_247' title='bbox 2697 1877 2765 1931; x_wconf 85' lang='grc' dir='ltr'><strong>τά</strong></span> <span class='ocrx_word' id='word_1_248' title='bbox 2789 1878 2938 1948; x_wconf 80' lang='grc' dir='ltr'>ἑξῆς.</span> <span class='ocrx_word' id='word_1_249' title='bbox 2973 1879 3030 1932; x_wconf 85' lang='grc' dir='ltr'><strong>Ὀ</strong></span> <span class='ocrx_word' id='word_1_250' title='bbox 3054 1878 3111 1931; x_wconf 84' lang='grc' dir='ltr'>δὲ</span> <span class='ocrx_word' id='word_1_251' title='bbox 3145 1878 3352 1952; x_wconf 84' lang='grc' dir='ltr'>Κύριός</span> <span class='ocrx_word' id='word_1_252' title='bbox 3378 1894 3541 1950; x_wconf 81' lang='grc' dir='ltr'>φησιν</span> <span class='ocrx_word' id='word_1_253' title='bbox 3563 1897 3576 1912; x_wconf 79' lang='grc' dir='ltr'><strong><em>ο</em></strong></span> <span class='ocrx_word' id='word_1_254' title='bbox 3616 1898 3634 1931; x_wconf 80' lang='grc' dir='ltr'><strong>ι</strong></span> <span class='ocrx_word' id='word_1_255' title='bbox 3668 1881 3717 1935; x_wconf 84' lang='grc'><strong>’0</strong></span> 
     </span>
    </p>
   </div>
   <div class='ocr_carea' id='block_1_34' title="bbox 479 1946 2063 2046">
    <p class='ocr_par' dir='ltr' id='par_1_34' title="bbox 479 1975 2059 2046">
     <span class='ocr_line' id='line_1_34' title="bbox 479 1975 2059 2046; baseline 0.001 -16"><span class='ocrx_word' id='word_1_256' title='bbox 479 1975 733 2030; x_wconf 90' lang='lat' dir='ltr'><strong>susurrio</strong></span> <span class='ocrx_word' id='word_1_257' title='bbox 763 1991 992 2045; x_wconf 88' lang='lat' dir='ltr'><strong>serpens</strong></span> <span class='ocrx_word' id='word_1_258' title='bbox 1039 1977 1129 2030; x_wconf 90' lang='lat' dir='ltr'><strong>ille</strong></span> <span class='ocrx_word' id='word_1_259' title='bbox 1159 1977 1326 2030; x_wconf 81' lang='lat' dir='ltr'><strong>Evam</strong></span> <span class='ocrx_word' id='word_1_260' title='bbox 1372 1977 1771 2046; x_wconf 66' lang='lat' dir='ltr'><strong>tranquillitate</strong></span> <span class='ocrx_word' id='word_1_261' title='bbox 1819 1976 2059 2032; x_wconf 83' lang='lat' dir='ltr'><strong>exclusit</strong></span> 
     </span>
    </p>
   </div>
   <div class='ocr_carea' id='block_1_35' title="bbox 2167 1946 3721 2046">
    <p class='ocr_par' dir='ltr' id='par_1_35' title="bbox 2167 1946 3721 2045">
     <span class='ocr_line' id='line_1_35' title="bbox 2167 1946 3721 2045; baseline 0.001 -20"><span class='ocrx_word' id='word_1_262' title='bbox 2167 1971 2366 2039; x_wconf 69' lang='grc' dir='ltr'>ἀγαθὸς</span> <span class='ocrx_word' id='word_1_263' title='bbox 2388 1972 2483 2026; x_wconf 82' lang='grc' dir='ltr'>ἄνθ</span> <span class='ocrx_word' id='word_1_264' title='bbox 2494 1990 2675 2044; x_wconf 82' lang='grc' dir='ltr'>ρωπος</span> <span class='ocrx_word' id='word_1_265' title='bbox 2702 1976 2767 2027; x_wconf 82' lang='grc' dir='ltr'><strong>ἐκ</strong></span> <span class='ocrx_word' id='word_1_266' title='bbox 2787 1946 2882 2026; x_wconf 83' lang='grc' dir='ltr'><strong>τοῦ</strong></span> <span class='ocrx_word' id='word_1_267' title='bbox 2908 1971 3114 2043; x_wconf 85' lang='grc' dir='ltr'>ἀγαθοῦ</span> <span class='ocrx_word' id='word_1_268' title='bbox 3158 1946 3452 2045; x_wconf 65' lang='grc' dir='ltr'><strong>θησαυροῦ⁷</strong></span> <span class='ocrx_word' id='word_1_269' title='bbox 3471 1974 3567 2044; x_wconf 81' lang='grc' dir='ltr'>τῆς</span> <span class='ocrx_word' id='word_1_270' title='bbox 3588 1991 3721 2044; x_wconf 84' lang='grc' dir='ltr'>καρ-</span> 
     </span>
    </p>
   </div>
   <div class='ocr_carea' id='block_1_36' title="bbox 478 2066 2063 2139">
    <p class='ocr_par' dir='ltr' id='par_1_36' title="bbox 478 2066 2063 2139">
     <span class='ocr_line' id='line_1_36' title="bbox 478 2066 2063 2139; baseline 0.003 -20"><span class='ocrx_word' id='word_1_271' title='bbox 478 2066 743 2135; x_wconf 86' lang='lat' dir='ltr'><strong>paradisi.</strong></span> <span class='ocrx_word' id='word_1_272' title='bbox 779 2067 859 2121; x_wconf 83' lang='lat' dir='ltr'><strong>Ad</strong></span> <span class='ocrx_word' id='word_1_273' title='bbox 877 2082 997 2122; x_wconf 89' lang='lat' dir='ltr'><strong>eam</strong></span> <span class='ocrx_word' id='word_1_274' title='bbox 1021 2067 1314 2121; x_wconf 79' lang='lat' dir='ltr'><strong>formulam</strong></span> <span class='ocrx_word' id='word_1_275' title='bbox 1337 2068 1559 2137; x_wconf 87' lang='lat' dir='ltr'><strong>quidam</strong></span> <span class='ocrx_word' id='word_1_276' title='bbox 1600 2069 1862 2139; x_wconf 90' lang='lat' dir='ltr'><strong>Sapiens:</strong></span> <span class='ocrx_word' id='word_1_277' title='bbox 1883 2088 1899 2118; x_wconf 77' lang='grc' dir='ltr'><strong>ι</strong></span> <span class='ocrx_word' id='word_1_278' title='bbox 1924 2068 2063 2123; x_wconf 67' lang='grc' dir='ltr'>Βειιο</span> 
     </span>
    </p>
   </div>
   <div class='ocr_carea' id='block_1_37' title="bbox 479 2155 2059 2230">
    <p class='ocr_par' dir='ltr' id='par_1_37' title="bbox 479 2155 2059 2230">
     <span class='ocr_line' id='line_1_37' title="bbox 479 2155 2059 2230; baseline 0.002 -21"><span class='ocrx_word' id='word_1_279' title='bbox 479 2162 570 2210; x_wconf 87' lang='lat' dir='ltr'><strong>tus</strong></span> <span class='ocrx_word' id='word_1_280' title='bbox 589 2155 684 2226; x_wconf 88' lang='lat' dir='ltr'><strong>qui</strong></span> <span class='ocrx_word' id='word_1_281' title='bbox 707 2171 816 2211; x_wconf 91' lang='lat' dir='ltr'><strong>non</strong></span> <span class='ocrx_word' id='word_1_282' title='bbox 839 2166 923 2212; x_wconf 91' lang='lat' dir='ltr'><strong>est</strong></span> <span class='ocrx_word' id='word_1_283' title='bbox 944 2156 1130 2227; x_wconf 91' lang='lat' dir='ltr'><strong>lapsus</strong></span> <span class='ocrx_word' id='word_1_284' title='bbox 1162 2156 1345 2229; x_wconf 79' lang='lat' dir='ltr'><strong>lingua</strong></span> <span class='ocrx_word' id='word_1_285' title='bbox 1371 2159 1435 2213; x_wconf 78' lang='lat'><strong>&quot;.</strong></span> <span class='ocrx_word' id='word_1_286' title='bbox 1477 2177 1494 2209; x_wconf 84' lang='grc' dir='ltr'><strong>ι</strong></span> <span class='ocrx_word' id='word_1_287' title='bbox 1530 2159 1637 2214; x_wconf 84' lang='grc' dir='ltr'><strong>Ει;</strong></span> <span class='ocrx_word' id='word_1_288' title='bbox 1678 2178 1696 2210; x_wconf 77' lang='grc' dir='ltr'><strong>ι</strong></span> <span class='ocrx_word' id='word_1_289' title='bbox 1733 2159 1935 2215; x_wconf 82' lang='lat' dir='ltr'><strong>Beatus</strong></span> <span class='ocrx_word' id='word_1_290' title='bbox 1966 2159 2059 2230; x_wconf 91' lang='lat' dir='ltr'><strong>qui</strong></span> 
     </span>
    </p>
   </div>
   <div class='ocr_carea' id='block_1_38' title="bbox 478 2250 2059 2321">
    <p class='ocr_par' dir='ltr' id='par_1_38' title="bbox 478 2250 2059 2321">
     <span class='ocr_line' id='line_1_38' title="bbox 478 2250 2059 2321; baseline 0.003 -20"><span class='ocrx_word' id='word_1_291' title='bbox 478 2256 764 2317; x_wconf 87' lang='lat' dir='ltr'><strong>protectus</strong></span> <span class='ocrx_word' id='word_1_292' title='bbox 791 2258 877 2304; x_wconf 89' lang='lat' dir='ltr'><strong>est</strong></span> <span class='ocrx_word' id='word_1_293' title='bbox 904 2266 931 2304; x_wconf 91' lang='lat' dir='ltr'><strong>a</strong></span> <span class='ocrx_word' id='word_1_294' title='bbox 976 2250 1117 2305; x_wconf 84' lang='lat' dir='ltr'><strong>faeie</strong></span> <span class='ocrx_word' id='word_1_295' title='bbox 1160 2251 1361 2321; x_wconf 63' lang='lat' dir='ltr'><strong>linguae</strong></span> <span class='ocrx_word' id='word_1_296' title='bbox 1384 2252 1450 2305; x_wconf 83' lang='lat'><strong>‘°.</strong></span> <span class='ocrx_word' id='word_1_297' title='bbox 1480 2270 1498 2304; x_wconf 84' lang='grc' dir='ltr'><strong>ι</strong></span> <span class='ocrx_word' id='word_1_298' title='bbox 1530 2251 1594 2305; x_wconf 87' lang='lat' dir='ltr'><strong>Et</strong></span> <span class='ocrx_word' id='word_1_299' title='bbox 1628 2270 1641 2305; x_wconf 91' lang='lat'><strong>:</strong></span> <span class='ocrx_word' id='word_1_300' title='bbox 1686 2270 1703 2303; x_wconf 80' lang='grc' dir='ltr'><strong>ι</strong></span> <span class='ocrx_word' id='word_1_301' title='bbox 1739 2252 1797 2307; x_wconf 87' lang='lat' dir='ltr'><strong>In</strong></span> <span class='ocrx_word' id='word_1_302' title='bbox 1829 2252 2059 2306; x_wconf 90' lang='lat' dir='ltr'><strong>humum</strong></span> 
     </span>
    </p>
   </div>
   <div class='ocr_carea' id='block_1_39' title="bbox 478 2338 2056 2415">
    <p class='ocr_par' dir='ltr' id='par_1_39' title="bbox 478 2338 2056 2415">
     <span class='ocr_line' id='line_1_39' title="bbox 478 2338 2056 2415; baseline 0.004 -22"><span class='ocrx_word' id='word_1_303' title='bbox 478 2338 587 2393; x_wconf 86' lang='lat' dir='ltr'><strong>labi</strong></span> <span class='ocrx_word' id='word_1_304' title='bbox 632 2348 883 2410; x_wconf 67' lang='lat' dir='ltr'><strong>prtestat,</strong></span> <span class='ocrx_word' id='word_1_305' title='bbox 931 2357 1094 2411; x_wconf 87' lang='lat' dir='ltr'><strong>quam</strong></span> <span class='ocrx_word' id='word_1_306' title='bbox 1144 2358 1173 2396; x_wconf 90' lang='lat' dir='ltr'><strong>a</strong></span> <span class='ocrx_word' id='word_1_307' title='bbox 1218 2342 1424 2415; x_wconf 82' lang='lat' dir='ltr'><strong>lingua.</strong></span> <span class='ocrx_word' id='word_1_308' title='bbox 1474 2362 1492 2394; x_wconf 79' lang='grc' dir='ltr'><strong>ι</strong></span> <span class='ocrx_word' id='word_1_309' title='bbox 1530 2341 1733 2397; x_wconf 86' lang='lat' dir='ltr'><strong>Paulus</strong></span> <span class='ocrx_word' id='word_1_310' title='bbox 1778 2345 2056 2413; x_wconf 89' lang='lat' dir='ltr'><strong>proinde:</strong></span> 
     </span>
    </p>
   </div>
   <div class='ocr_carea' id='block_1_40' title="bbox 487 2430 2059 2499">
    <p class='ocr_par' dir='ltr' id='par_1_40' title="bbox 487 2430 2059 2499">
     <span class='ocr_line' id='line_1_40' title="bbox 487 2430 2059 2499; baseline 0.004 -16"><span class='ocrx_word' id='word_1_311' title='bbox 487 2450 505 2481; x_wconf 76' lang='grc' dir='ltr'>σ</span> <span class='ocrx_word' id='word_1_312' title='bbox 543 2430 623 2486; x_wconf 86' lang='lat' dir='ltr'><strong>Ne</strong></span> <span class='ocrx_word' id='word_1_313' title='bbox 661 2433 803 2487; x_wconf 86' lang='lat' dir='ltr'><strong>forte</strong></span> <span class='ocrx_word' id='word_1_314' title='bbox 842 2432 986 2488; x_wconf 91' lang='lat' dir='ltr'><strong>inter</strong></span> <span class='ocrx_word' id='word_1_315' title='bbox 1020 2449 1119 2489; x_wconf 87' lang='lat' dir='ltr'><strong>vos</strong></span> <span class='ocrx_word' id='word_1_316' title='bbox 1163 2434 1276 2490; x_wconf 92' lang='lat' dir='ltr'><strong>sint</strong></span> <span class='ocrx_word' id='word_1_317' title='bbox 1308 2434 1717 2499; x_wconf 86' lang='lat' dir='ltr'><strong>contentiones,</strong></span> <span class='ocrx_word' id='word_1_318' title='bbox 1749 2436 2059 2491; x_wconf 72' lang='lat' dir='ltr'><strong>aemulatio-</strong></span> 
     </span>
    </p>
   </div>
   <div class='ocr_carea' id='block_1_41' title="bbox 2162 2064 3719 2136">
    <p class='ocr_par' dir='ltr' id='par_1_41' title="bbox 2162 2064 3719 2136">
     <span class='ocr_line' id='line_1_41' title="bbox 2162 2064 3719 2136; baseline -0.002 -15"><span class='ocrx_word' id='word_1_319' title='bbox 2162 2067 2282 2129; x_wconf 85' lang='grc' dir='ltr'>δίας</span> <span class='ocrx_word' id='word_1_320' title='bbox 2329 2065 2495 2120; x_wconf 82' lang='grc' dir='ltr'>αὐτοῦ</span> <span class='ocrx_word' id='word_1_321' title='bbox 2541 2065 2842 2136; x_wconf 76' lang='grc' dir='ltr'>προσφέρει</span> <span class='ocrx_word' id='word_1_322' title='bbox 2872 2065 2931 2119; x_wconf 81' lang='grc' dir='ltr'><strong>τὸ</strong></span> <span class='ocrx_word' id='word_1_323' title='bbox 2957 2064 3164 2134; x_wconf 87' lang='grc' dir='ltr'>ἀγαθόν</span> <span class='ocrx_word' id='word_1_324' title='bbox 3187 2081 3200 2096; x_wconf 87' lang='grc'>·</span> <span class='ocrx_word' id='word_1_325' title='bbox 3224 2066 3255 2118; x_wconf 93' lang='lat'><strong>6</strong></span> <span class='ocrx_word' id='word_1_326' title='bbox 3281 2064 3343 2118; x_wconf 83' lang='grc' dir='ltr'><strong>δέ</strong></span> <span class='ocrx_word' id='word_1_327' title='bbox 3370 2065 3604 2136; x_wconf 77' lang='grc' dir='ltr'>πονηρὸς</span> <span class='ocrx_word' id='word_1_328' title='bbox 3640 2067 3719 2122; x_wconf 79' lang='grc' dir='ltr'>ἀν-</span> 
     </span>
    </p>
   </div>
   <div class='ocr_carea' id='block_1_42' title="bbox 2161 2156 3720 2229">
    <p class='ocr_par' dir='ltr' id='par_1_42' title="bbox 2161 2156 3720 2229">
     <span class='ocr_line' id='line_1_42' title="bbox 2161 2156 3720 2229; baseline 0.001 -19"><span class='ocrx_word' id='word_1_329' title='bbox 2161 2157 2381 2228; x_wconf 89' lang='grc' dir='ltr'>θρωπος</span> <span class='ocrx_word' id='word_1_330' title='bbox 2428 2159 2492 2211; x_wconf 89' lang='grc' dir='ltr'><strong>ἐκ</strong></span> <span class='ocrx_word' id='word_1_331' title='bbox 2539 2157 2636 2211; x_wconf 81' lang='grc' dir='ltr'><strong>τοῦ</strong></span> <span class='ocrx_word' id='word_1_332' title='bbox 2700 2156 2941 2229; x_wconf 75' lang='grc' dir='ltr'>πονηροῦ</span> <span class='ocrx_word' id='word_1_333' title='bbox 2999 2158 3099 2227; x_wconf 80' lang='grc' dir='ltr'>τῆς</span> <span class='ocrx_word' id='word_1_334' title='bbox 3148 2157 3385 2223; x_wconf 80' lang='grc' dir='ltr'>καρδίας</span> <span class='ocrx_word' id='word_1_335' title='bbox 3434 2157 3595 2211; x_wconf 73' lang='grc' dir='ltr'>αὑτοῦ</span> <span class='ocrx_word' id='word_1_336' title='bbox 3643 2160 3720 2211; x_wconf 76' lang='grc' dir='ltr'>ἐκο</span> 
     </span>
    </p>
   </div>
   <div class='ocr_carea' id='block_1_43' title="bbox 2159 2249 3720 2324">
    <p class='ocr_par' dir='ltr' id='par_1_43' title="bbox 2159 2249 3720 2324">
     <span class='ocr_line' id='line_1_43' title="bbox 2159 2249 3720 2324; baseline -0.001 -19"><span class='ocrx_word' id='word_1_337' title='bbox 2159 2252 2349 2308; x_wconf 75' lang='grc' dir='ltr'>ϐάλλει</span> <span class='ocrx_word' id='word_1_338' title='bbox 2376 2252 2443 2306; x_wconf 79' lang='grc' dir='ltr'><strong>τὰ</strong></span> <span class='ocrx_word' id='word_1_339' title='bbox 2485 2253 2719 2324; x_wconf 79' lang='grc' dir='ltr'>πονηρά.</span> <span class='ocrx_word' id='word_1_340' title='bbox 2766 2252 2859 2304; x_wconf 76' lang='grc' dir='ltr'>Ἐκ</span> <span class='ocrx_word' id='word_1_341' title='bbox 2887 2249 2996 2323; x_wconf 82' lang='grc' dir='ltr'><strong>γὰρ</strong></span> <span class='ocrx_word' id='word_1_342' title='bbox 3024 2250 3120 2304; x_wconf 86' lang='grc' dir='ltr'><strong>τοῦ</strong></span> <span class='ocrx_word' id='word_1_343' title='bbox 3167 2249 3611 2321; x_wconf 80' lang='grc' dir='ltr'>περισσεύματος</span> <span class='ocrx_word' id='word_1_344' title='bbox 3635 2249 3720 2320; x_wconf 83' lang='grc' dir='ltr'><strong>τῆς</strong></span> 
     </span>
    </p>
   </div>
   <div class='ocr_carea' id='block_1_44' title="bbox 2159 2342 3718 2417">
    <p class='ocr_par' dir='ltr' id='par_1_44' title="bbox 2159 2342 3718 2417">
     <span class='ocr_line' id='line_1_44' title="bbox 2159 2342 3718 2417; baseline -0.003 -18"><span class='ocrx_word' id='word_1_345' title='bbox 2159 2346 2390 2417; x_wconf 77' lang='grc' dir='ltr'>καρδίας</span> <span class='ocrx_word' id='word_1_346' title='bbox 2435 2345 2496 2399; x_wconf 77' lang='grc' dir='ltr'><strong>τὸ</strong></span> <span class='ocrx_word' id='word_1_347' title='bbox 2544 2346 2719 2415; x_wconf 86' lang='grc' dir='ltr'>στόμα</span> <span class='ocrx_word' id='word_1_348' title='bbox 2776 2344 2994 2398; x_wconf 80' lang='grc' dir='ltr'>λαλεῖ.»</span> <span class='ocrx_word' id='word_1_349' title='bbox 3033 2343 3194 2415; x_wconf 82' lang='grc' dir='ltr'><strong>Αὐτῷ</strong></span> <span class='ocrx_word' id='word_1_350' title='bbox 3236 2346 3273 2415; x_wconf 79' lang='grc' dir='ltr'>ἠ</span> <span class='ocrx_word' id='word_1_351' title='bbox 3327 2343 3455 2408; x_wconf 82' lang='grc' dir='ltr'>δόξα</span> <span class='ocrx_word' id='word_1_352' title='bbox 3501 2345 3576 2406; x_wconf 83' lang='grc' dir='ltr'><strong>είς</strong></span> <span class='ocrx_word' id='word_1_353' title='bbox 3610 2342 3718 2405; x_wconf 76' lang='grc' dir='ltr'>τοὺς</span> 
     </span>
    </p>
   </div>
   <div class='ocr_carea' id='block_1_45' title="bbox 2157 2438 2622 2509">
    <p class='ocr_par' dir='ltr' id='par_1_45' title="bbox 2157 2438 2622 2509">
     <span class='ocr_line' id='line_1_45' title="bbox 2157 2438 2622 2509; baseline 0 -17"><span class='ocrx_word' id='word_1_354' title='bbox 2157 2439 2380 2501; x_wconf 80' lang='grc' dir='ltr'>αἰῶνας.</span> <span class='ocrx_word' id='word_1_355' title='bbox 2427 2438 2622 2509; x_wconf 80' lang='grc' dir='ltr'>Ἀμήν.</span> 
     </span>
    </p>
   </div>
   <div class='ocr_carea' id='block_1_46' title="bbox 479 2529 3717 2604">
    <p class='ocr_par' dir='ltr' id='par_1_46' title="bbox 479 2529 3717 2604">
     <span class='ocr_line' id='line_1_46' title="bbox 479 2529 3717 2604; baseline 0.002 -21"><span class='ocrx_word' id='word_1_356' title='bbox 479 2544 612 2593; x_wconf 86' lang='lat' dir='ltr'><strong>nes,</strong></span> <span class='ocrx_word' id='word_1_357' title='bbox 688 2529 1092 2593; x_wconf 86' lang='lat' dir='ltr'><strong>animositates,</strong></span> <span class='ocrx_word' id='word_1_358' title='bbox 1164 2530 1571 2596; x_wconf 85' lang='lat' dir='ltr'><strong>dissensiones,</strong></span> <span class='ocrx_word' id='word_1_359' title='bbox 1647 2531 2055 2599; x_wconf 84' lang='lat' dir='ltr'><strong>detractiones,</strong></span> <span class='ocrx_word' id='word_1_360' title='bbox 2098 2536 2525 2598; x_wconf 86' lang='lat' dir='ltr'><strong>susurrationes.</strong></span> <span class='ocrx_word' id='word_1_361' title='bbox 2570 2534 2883 2591; x_wconf 85' lang='lat' dir='ltr'><strong>inflationes</strong></span> <span class='ocrx_word' id='word_1_362' title='bbox 2948 2534 3027 2600; x_wconf 76' lang='lat'><strong>“;</strong></span> <span class='ocrx_word' id='word_1_363' title='bbox 3073 2553 3091 2585; x_wconf 82' lang='grc' dir='ltr'><strong>ι</strong></span> <span class='ocrx_word' id='word_1_364' title='bbox 3165 2543 3222 2589; x_wconf 90' lang='lat' dir='ltr'><strong>et</strong></span> <span class='ocrx_word' id='word_1_365' title='bbox 3265 2550 3391 2604; x_wconf 66' lang='lat' dir='ltr'><strong>qua:</strong></span> <span class='ocrx_word' id='word_1_366' title='bbox 3430 2533 3615 2589; x_wconf 88' lang='lat' dir='ltr'><strong>ordine</strong></span> <span class='ocrx_word' id='word_1_367' title='bbox 3642 2549 3717 2589; x_wconf 79' lang='lat' dir='ltr'><strong>se-</strong></span> 
     </span>
    </p>
   </div>
   <div class='ocr_carea' id='block_1_47' title="bbox 480 2623 3717 2698">
    <p class='ocr_par' dir='ltr' id='par_1_47' title="bbox 480 2623 3717 2698">
     <span class='ocr_line' id='line_1_47' title="bbox 480 2623 3717 2698; baseline 0.002 -25"><span class='ocrx_word' id='word_1_368' title='bbox 480 2631 749 2691; x_wconf 87' lang='lat' dir='ltr'><strong>quuntur.</strong></span> <span class='ocrx_word' id='word_1_369' title='bbox 797 2623 1063 2678; x_wconf 88' lang='lat' dir='ltr'><strong>Dominus</strong></span> <span class='ocrx_word' id='word_1_370' title='bbox 1110 2638 1276 2695; x_wconf 88' lang='lat' dir='ltr'><strong>porro</strong></span> <span class='ocrx_word' id='word_1_371' title='bbox 1306 2624 1425 2680; x_wconf 89' lang='lat' dir='ltr'><strong>ait:</strong></span> <span class='ocrx_word' id='word_1_372' title='bbox 1492 2643 1512 2680; x_wconf 79' lang='grc' dir='ltr'><strong>ι</strong></span> <span class='ocrx_word' id='word_1_373' title='bbox 1582 2624 1765 2681; x_wconf 88' lang='lat' dir='ltr'><strong>Bonus</strong></span> <span class='ocrx_word' id='word_1_374' title='bbox 1812 2627 1978 2680; x_wconf 90' lang='lat' dir='ltr'><strong>homo</strong></span> <span class='ocrx_word' id='word_1_375' title='bbox 2029 2627 2098 2682; x_wconf 93' lang='lat' dir='ltr'><strong>de</strong></span> <span class='ocrx_word' id='word_1_376' title='bbox 2135 2628 2284 2683; x_wconf 86' lang='lat' dir='ltr'><strong>bono</strong></span> <span class='ocrx_word' id='word_1_377' title='bbox 2338 2628 2600 2683; x_wconf 75' lang='lat' dir='ltr'><strong>thesauro</strong></span> <span class='ocrx_word' id='word_1_378' title='bbox 2656 2628 2841 2683; x_wconf 87' lang='lat' dir='ltr'><strong>cordis</strong></span> <span class='ocrx_word' id='word_1_379' title='bbox 2900 2627 2984 2681; x_wconf 90' lang='lat' dir='ltr'><strong>sui</strong></span> <span class='ocrx_word' id='word_1_380' title='bbox 3033 2627 3251 2698; x_wconf 89' lang='lat' dir='ltr'><strong>profert</strong></span> <span class='ocrx_word' id='word_1_381' title='bbox 3286 2627 3513 2692; x_wconf 89' lang='lat' dir='ltr'><strong>bonum,</strong></span> <span class='ocrx_word' id='word_1_382' title='bbox 3562 2625 3717 2681; x_wconf 87' lang='lat' dir='ltr'><strong>malus</strong></span> 
     </span>
    </p>
   </div>
   <div class='ocr_carea' id='block_1_48' title="bbox 481 2715 3713 2791">
    <p class='ocr_par' dir='ltr' id='par_1_48' title="bbox 481 2715 3713 2791">
     <span class='ocr_line' id='line_1_48' title="bbox 481 2715 3713 2791; baseline 0.001 -22"><span class='ocrx_word' id='word_1_383' title='bbox 481 2724 665 2770; x_wconf 90' lang='lat' dir='ltr'><strong>autem</strong></span> <span class='ocrx_word' id='word_1_384' title='bbox 698 2715 868 2771; x_wconf 87' lang='lat' dir='ltr'><strong>homo</strong></span> <span class='ocrx_word' id='word_1_385' title='bbox 920 2715 988 2772; x_wconf 92' lang='lat' dir='ltr'><strong>de</strong></span> <span class='ocrx_word' id='word_1_386' title='bbox 1032 2716 1175 2770; x_wconf 91' lang='lat' dir='ltr'><strong>malo</strong></span> <span class='ocrx_word' id='word_1_387' title='bbox 1228 2716 1486 2771; x_wconf 84' lang='lat' dir='ltr'><strong>thesauro</strong></span> <span class='ocrx_word' id='word_1_388' title='bbox 1542 2716 1694 2789; x_wconf 88' lang='lat' dir='ltr'><strong>ejicit</strong></span> <span class='ocrx_word' id='word_1_389' title='bbox 1743 2719 1918 2786; x_wconf 82' lang='lat' dir='ltr'><strong>mala;</strong></span> <span class='ocrx_word' id='word_1_390' title='bbox 1960 2734 2031 2775; x_wconf 80' lang='lat' dir='ltr'><strong>ex</strong></span> <span class='ocrx_word' id='word_1_391' title='bbox 2068 2720 2406 2777; x_wconf 75' lang='lat' dir='ltr'><strong>abundantia</strong></span> <span class='ocrx_word' id='word_1_392' title='bbox 2453 2721 2600 2777; x_wconf 90' lang='lat' dir='ltr'><strong>enim</strong></span> <span class='ocrx_word' id='word_1_393' title='bbox 2640 2721 2830 2776; x_wconf 87' lang='lat' dir='ltr'><strong>cordis</strong></span> <span class='ocrx_word' id='word_1_394' title='bbox 2897 2736 2959 2776; x_wconf 89' lang='lat' dir='ltr'><strong>os</strong></span> <span class='ocrx_word' id='word_1_395' title='bbox 3014 2719 3263 2791; x_wconf 88' lang='lat' dir='ltr'><strong>loquitur</strong></span> <span class='ocrx_word' id='word_1_396' title='bbox 3291 2720 3359 2776; x_wconf 66' lang='grc' dir='ltr'><strong>δ’.</strong></span> <span class='ocrx_word' id='word_1_397' title='bbox 3397 2738 3415 2772; x_wconf 81' lang='grc' dir='ltr'><strong>ι</strong></span> <span class='ocrx_word' id='word_1_398' title='bbox 3444 2719 3713 2774; x_wconf 85' lang='lat' dir='ltr'><strong>lmmortali</strong></span> 
     </span>
    </p>
   </div>
   <div class='ocr_carea' id='block_1_49' title="bbox 482 2810 1444 2879">
    <p class='ocr_par' dir='ltr' id='par_1_49' title="bbox 482 2810 1444 2879">
     <span class='ocr_line' id='line_1_49' title="bbox 482 2810 1444 2879; baseline 0.001 -15"><span class='ocrx_word' id='word_1_399' title='bbox 482 2810 596 2869; x_wconf 91' lang='lat' dir='ltr'><strong>Deo</strong></span> <span class='ocrx_word' id='word_1_400' title='bbox 628 2810 697 2865; x_wconf 90' lang='lat' dir='ltr'><strong>sit</strong></span> <span class='ocrx_word' id='word_1_401' title='bbox 722 2810 893 2879; x_wconf 89' lang='lat' dir='ltr'><strong>gloria</strong></span> <span class='ocrx_word' id='word_1_402' title='bbox 919 2810 972 2866; x_wconf 89' lang='lat' dir='ltr'><strong>in</strong></span> <span class='ocrx_word' id='word_1_403' title='bbox 998 2811 1217 2865; x_wconf 65' lang='lat' dir='ltr'><strong>saecula.</strong></span> <span class='ocrx_word' id='word_1_404' title='bbox 1248 2812 1444 2867; x_wconf 79' lang='lat' dir='ltr'><strong>Amen.</strong></span> 
     </span>
    </p>
   </div>
   <div class='ocr_carea' id='block_1_50' title="bbox 893 2947 1652 3017">
    <p class='ocr_par' dir='ltr' id='par_1_50' title="bbox 893 2947 1652 3017">
     <span class='ocr_line' id='line_1_50' title="bbox 893 2947 1652 3017; baseline -0.007 -10"><span class='ocrx_word' id='word_1_405' title='bbox 893 2948 1106 3017; x_wconf 78' lang='lat'><strong>1080</strong></span> <span class='ocrx_word' id='word_1_406' title='bbox 1146 2947 1429 3003; x_wconf 75' lang='lat' dir='ltr'><strong>HOMILIA</strong></span> <span class='ocrx_word' id='word_1_407' title='bbox 1462 2948 1652 3003; x_wconf 74' lang='lat' dir='ltr'><strong>XXXI.</strong></span> 
     </span>
    </p>
   </div>
   <div class='ocr_carea' id='block_1_51' title="bbox 490 3058 2063 3132">
    <p class='ocr_par' dir='ltr' id='par_1_51' title="bbox 490 3058 2063 3132">
     <span class='ocr_line' id='line_1_51' title="bbox 490 3058 2063 3132; baseline 0.001 -18"><span class='ocrx_word' id='word_1_408' title='bbox 490 3058 556 3114; x_wconf 80' lang='lat' dir='ltr'><strong>Ut</strong></span> <span class='ocrx_word' id='word_1_409' title='bbox 569 3075 632 3113; x_wconf 85' lang='lat' dir='ltr'><strong>ne</strong></span> <span class='ocrx_word' id='word_1_410' title='bbox 647 3058 856 3112; x_wconf 81' lang='lat' dir='ltr'><strong>delator</strong></span> <span class='ocrx_word' id='word_1_411' title='bbox 873 3058 1123 3114; x_wconf 79' lang='lat' dir='ltr'><strong>auerulus</strong></span> <span class='ocrx_word' id='word_1_412' title='bbox 1135 3061 1228 3126; x_wconf 81' lang='lat' dir='ltr'><strong>sis,</strong></span> <span class='ocrx_word' id='word_1_413' title='bbox 1240 3070 1333 3115; x_wconf 81' lang='lat' dir='ltr'><strong>aut</strong></span> <span class='ocrx_word' id='word_1_414' title='bbox 1351 3062 1683 3131; x_wconf 79' lang='lat' dir='ltr'><strong>importunus</strong></span> <span class='ocrx_word' id='word_1_415' title='bbox 1701 3062 2063 3132; x_wconf 79' lang='lat' dir='ltr'><strong>reprehensor.</strong></span> 
     </span>
    </p>
   </div>
   <div class='ocr_carea' id='block_1_52' title="bbox 555 3193 2066 3267">
    <p class='ocr_par' dir='ltr' id='par_1_52' title="bbox 555 3193 2066 3267">
     <span class='ocr_line' id='line_1_52' title="bbox 555 3193 2066 3267; baseline -0.002 -14"><span class='ocrx_word' id='word_1_416' title='bbox 555 3194 635 3253; x_wconf 86' lang='lat' dir='ltr'><strong>Ne</strong></span> <span class='ocrx_word' id='word_1_417' title='bbox 655 3193 968 3267; x_wconf 87' lang='lat' dir='ltr'><strong>quempiam</strong></span> <span class='ocrx_word' id='word_1_418' title='bbox 996 3196 1215 3252; x_wconf 84' lang='lat' dir='ltr'><strong>incuses</strong></span> <span class='ocrx_word' id='word_1_419' title='bbox 1234 3205 1329 3252; x_wconf 85' lang='lat' dir='ltr'><strong>aut</strong></span> <span class='ocrx_word' id='word_1_420' title='bbox 1344 3195 1563 3251; x_wconf 85' lang='lat' dir='ltr'><strong>deferas</strong></span> <span class='ocrx_word' id='word_1_421' title='bbox 1582 3196 2066 3266; x_wconf 87' lang='lat' dir='ltr'><strong>intempestiviter,</strong></span> 
     </span>
    </p>
   </div>
   <div class='ocr_carea' id='block_1_53' title="bbox 2766 2948 3118 3003">
    <p class='ocr_par' dir='ltr' id='par_1_53' title="bbox 2766 2948 3118 3003">
     <span class='ocr_line' id='line_1_53' title="bbox 2766 2948 3118 3003; baseline -0.009 0"><span class='ocrx_word' id='word_1_422' title='bbox 2766 2948 2986 3003; x_wconf 81' lang='grc' dir='ltr'><strong>ΛΟΓΟΣ</strong></span> <span class='ocrx_word' id='word_1_423' title='bbox 3014 2950 3049 3001; x_wconf 76' lang='grc' dir='ltr'>Δ</span> <span class='ocrx_word' id='word_1_424' title='bbox 3061 2949 3118 3001; x_wconf 78' lang='lat' dir='ltr'><strong>A&#39;</strong></span> 
     </span>
    </p>
   </div>
   <div class='ocr_carea' id='block_1_54' title="bbox 2550 3024 3336 3130">
    <p class='ocr_par' dir='ltr' id='par_1_54' title="bbox 2550 3024 3336 3130">
     <span class='ocr_line' id='line_1_54' title="bbox 2550 3024 3336 3130; baseline 0.001 -18"><span class='ocrx_word' id='word_1_425' title='bbox 2550 3058 2689 3127; x_wconf 76' lang='grc' dir='ltr'>Περὶ</span> <span class='ocrx_word' id='word_1_426' title='bbox 2726 3058 2831 3114; x_wconf 82' lang='grc' dir='ltr'>τοῦ</span> <span class='ocrx_word' id='word_1_427' title='bbox 2865 3057 2953 3128; x_wconf 78' lang='grc' dir='ltr'>μὴ</span> <span class='ocrx_word' id='word_1_428' title='bbox 2988 3024 3336 3130; x_wconf 54' lang='grc' dir='ltr'>μέμφεσθαι</span> 
     </span>
    </p>
   </div>
   <div class='ocr_carea' id='block_1_55' title="bbox 2235 3190 3713 3263">
    <p class='ocr_par' dir='ltr' id='par_1_55' title="bbox 2235 3190 3713 3263">
     <span class='ocr_line' id='line_1_55' title="bbox 2235 3190 3713 3263; baseline 0.001 -18"><span class='ocrx_word' id='word_1_429' title='bbox 2235 3190 2310 3245; x_wconf 79' lang='grc' dir='ltr'>Τὸ</span> <span class='ocrx_word' id='word_1_430' title='bbox 2341 3190 2659 3261; x_wconf 74' lang='grc' dir='ltr'>μέμφεσθαι</span> <span class='ocrx_word' id='word_1_431' title='bbox 2688 3190 2935 3263; x_wconf 77' lang='grc' dir='ltr'>ἀκαίρως</span> <span class='ocrx_word' id='word_1_432' title='bbox 2961 3192 3056 3245; x_wconf 64' lang='grc' dir='ltr'><strong>καί¹</strong></span> <span class='ocrx_word' id='word_1_433' title='bbox 3080 3191 3461 3257; x_wconf 78' lang='grc' dir='ltr'><strong>ἀνεξετάστως</strong></span> <span class='ocrx_word' id='word_1_434' title='bbox 3482 3232 3497 3255; x_wconf 93' lang='grc'><strong>,</strong></span> <span class='ocrx_word' id='word_1_435' title='bbox 3528 3192 3713 3263; x_wconf 74' lang='grc' dir='ltr'>ἀπηγό-</span> 
     </span>
    </p>
   </div>
   <div class='ocr_carea' id='block_1_56' title="bbox 487 3282 2063 3358">
    <p class='ocr_par' dir='ltr' id='par_1_56' title="bbox 487 3286 2061 3358">
     <span class='ocr_line' id='line_1_56' title="bbox 487 3286 2061 3358; baseline 0.001 -16"><span class='ocrx_word' id='word_1_436' title='bbox 487 3302 596 3342; x_wconf 86' lang='lat' dir='ltr'><strong>neu</strong></span> <span class='ocrx_word' id='word_1_437' title='bbox 634 3286 704 3342; x_wconf 91' lang='lat' dir='ltr'><strong>de</strong></span> <span class='ocrx_word' id='word_1_438' title='bbox 734 3302 793 3342; x_wconf 91' lang='lat' dir='ltr'><strong>re</strong></span> <span class='ocrx_word' id='word_1_439' title='bbox 832 3287 943 3341; x_wconf 86' lang='lat' dir='ltr'><strong>ulla</strong></span> <span class='ocrx_word' id='word_1_440' title='bbox 980 3286 1302 3356; x_wconf 86' lang='lat' dir='ltr'><strong>dequeraris</strong></span> <span class='ocrx_word' id='word_1_441' title='bbox 1333 3304 1445 3344; x_wconf 90' lang='lat' dir='ltr'><strong>non</strong></span> <span class='ocrx_word' id='word_1_442' title='bbox 1485 3288 1620 3344; x_wconf 84' lang='lat' dir='ltr'><strong>satis</strong></span> <span class='ocrx_word' id='word_1_443' title='bbox 1648 3304 1809 3358; x_wconf 61' lang='lat' dir='ltr'><strong>atque</strong></span> <span class='ocrx_word' id='word_1_444' title='bbox 1845 3290 2061 3344; x_wconf 79' lang='lat' dir='ltr'><strong>exatni-</strong></span> 
     </span>
    </p>
   </div>
   <div class='ocr_carea' id='block_1_57' title="bbox 2167 3282 3714 3358">
    <p class='ocr_par' dir='ltr' id='par_1_57' title="bbox 2171 3282 3714 3355">
     <span class='ocr_line' id='line_1_57' title="bbox 2171 3282 3714 3355; baseline 0.001 -19"><span class='ocrx_word' id='word_1_445' title='bbox 2171 3301 2357 3354; x_wconf 84' lang='grc' dir='ltr'>ρευται</span> <span class='ocrx_word' id='word_1_446' title='bbox 2397 3283 2547 3353; x_wconf 79' lang='grc' dir='ltr'><strong>παρά</strong></span> <span class='ocrx_word' id='word_1_447' title='bbox 2580 3287 2647 3354; x_wconf 82' lang='grc' dir='ltr'><strong>τῇ</strong></span> <span class='ocrx_word' id='word_1_448' title='bbox 2687 3282 2808 3355; x_wconf 77' lang='grc' dir='ltr'>θείᾳ</span> <span class='ocrx_word' id='word_1_449' title='bbox 2852 3285 3068 3355; x_wconf 80' lang='grc' dir='ltr'>Γραφῇ,</span> <span class='ocrx_word' id='word_1_450' title='bbox 3124 3286 3173 3336; x_wconf 84' lang='grc' dir='ltr'><strong>εί</strong></span> <span class='ocrx_word' id='word_1_451' title='bbox 3213 3286 3469 3355; x_wconf 78' lang='grc' dir='ltr'>μήπουγε</span> <span class='ocrx_word' id='word_1_452' title='bbox 3528 3286 3624 3355; x_wconf 82' lang='grc' dir='ltr'>ἄρα</span> <span class='ocrx_word' id='word_1_453' title='bbox 3645 3303 3714 3347; x_wconf 85' lang='grc' dir='ltr'><strong>τις</strong></span> 
     </span>
    </p>
   </div>
   <div class='ocr_carea' id='block_1_58' title="bbox 490 3379 2064 3451">
    <p class='ocr_par' dir='ltr' id='par_1_58' title="bbox 490 3379 2064 3451">
     <span class='ocr_line' id='line_1_58' title="bbox 490 3379 2064 3451; baseline 0.003 -18"><span class='ocrx_word' id='word_1_454' title='bbox 490 3394 562 3433; x_wconf 86' lang='lat' dir='ltr'><strong>ne</strong></span> <span class='ocrx_word' id='word_1_455' title='bbox 594 3395 888 3451; x_wconf 88' lang='lat' dir='ltr'><strong>perpensa,</strong></span> <span class='ocrx_word' id='word_1_456' title='bbox 911 3379 1207 3435; x_wconf 89' lang='lat' dir='ltr'><strong>interdicto</strong></span> <span class='ocrx_word' id='word_1_457' title='bbox 1245 3380 1531 3451; x_wconf 85' lang='lat' dir='ltr'><strong>Scriptura</strong></span> <span class='ocrx_word' id='word_1_458' title='bbox 1561 3382 1727 3446; x_wconf 90' lang='lat' dir='ltr'><strong>cavit,</strong></span> <span class='ocrx_word' id='word_1_459' title='bbox 1774 3382 1879 3436; x_wconf 87' lang='lat' dir='ltr'><strong>nisi</strong></span> <span class='ocrx_word' id='word_1_460' title='bbox 1920 3381 2064 3439; x_wconf 89' lang='lat' dir='ltr'><strong>forte</strong></span> 
     </span>
    </p>
   </div>
   <div class='ocr_carea' id='block_1_59' title="bbox 490 3470 2060 3543">
    <p class='ocr_par' dir='ltr' id='par_1_59' title="bbox 490 3470 2060 3543">
     <span class='ocr_line' id='line_1_59' title="bbox 490 3470 2060 3543; baseline 0.001 -16"><span class='ocrx_word' id='word_1_461' title='bbox 490 3472 536 3527; x_wconf 86' lang='lat' dir='ltr'><strong>si</strong></span> <span class='ocrx_word' id='word_1_462' title='bbox 569 3472 695 3541; x_wconf 91' lang='lat' dir='ltr'><strong>quis</strong></span> <span class='ocrx_word' id='word_1_463' title='bbox 735 3470 1004 3527; x_wconf 88' lang='lat' dir='ltr'><strong>adversus</strong></span> <span class='ocrx_word' id='word_1_464' title='bbox 1036 3472 1350 3541; x_wconf 76' lang='lat' dir='ltr'><strong>proximum</strong></span> <span class='ocrx_word' id='word_1_465' title='bbox 1394 3474 1742 3543; x_wconf 87' lang='lat' dir='ltr'><strong>querimonia</strong></span> <span class='ocrx_word' id='word_1_466' title='bbox 1772 3474 1853 3528; x_wconf 86' lang='lat' dir='ltr'><strong>uti</strong></span> <span class='ocrx_word' id='word_1_467' title='bbox 1890 3475 2060 3539; x_wconf 85' lang='lat' dir='ltr'><strong>volet,</strong></span> 
     </span>
    </p>
   </div>
   <div class='ocr_carea' id='block_1_60' title="bbox 492 3560 2064 3635">
    <p class='ocr_par' dir='ltr' id='par_1_60' title="bbox 492 3560 2064 3635">
     <span class='ocr_line' id='line_1_60' title="bbox 492 3560 2064 3635; baseline 0.003 -21"><span class='ocrx_word' id='word_1_468' title='bbox 492 3569 554 3616; x_wconf 89' lang='lat' dir='ltr'><strong>ut</strong></span> <span class='ocrx_word' id='word_1_469' title='bbox 602 3560 649 3617; x_wconf 90' lang='lat' dir='ltr'><strong>is</strong></span> <span class='ocrx_word' id='word_1_470' title='bbox 685 3561 753 3616; x_wconf 91' lang='lat' dir='ltr'><strong>ad</strong></span> <span class='ocrx_word' id='word_1_471' title='bbox 793 3560 895 3616; x_wconf 66' lang='lat' dir='ltr'><strong>via:</strong></span> <span class='ocrx_word' id='word_1_472' title='bbox 934 3562 1321 3617; x_wconf 87' lang='lat' dir='ltr'><strong>rectitudinem</strong></span> <span class='ocrx_word' id='word_1_473' title='bbox 1356 3578 1415 3618; x_wconf 91' lang='lat' dir='ltr'><strong>se</strong></span> <span class='ocrx_word' id='word_1_474' title='bbox 1458 3564 1722 3635; x_wconf 87' lang='lat' dir='ltr'><strong>recipiat.</strong></span> <span class='ocrx_word' id='word_1_475' title='bbox 1764 3563 1869 3633; x_wconf 87' lang='lat' dir='ltr'><strong>Qui</strong></span> <span class='ocrx_word' id='word_1_476' title='bbox 1915 3565 2064 3621; x_wconf 91' lang='lat' dir='ltr'><strong>enim</strong></span> 
     </span>
    </p>
   </div>
   <div class='ocr_carea' id='block_1_61' title="bbox 491 3652 2065 3726">
    <p class='ocr_par' dir='ltr' id='par_1_61' title="bbox 491 3652 2065 3726">
     <span class='ocr_line' id='line_1_61' title="bbox 491 3652 2065 3726; baseline 0.004 -18"><span class='ocrx_word' id='word_1_477' title='bbox 491 3653 589 3709; x_wconf 86' lang='lat' dir='ltr'><strong>Dei</strong></span> <span class='ocrx_word' id='word_1_478' title='bbox 622 3652 758 3708; x_wconf 85' lang='lat' dir='ltr'><strong>illud</strong></span> <span class='ocrx_word' id='word_1_479' title='bbox 784 3652 1105 3708; x_wconf 88' lang='lat' dir='ltr'><strong>mandatum</strong></span> <span class='ocrx_word' id='word_1_480' title='bbox 1150 3663 1437 3710; x_wconf 88' lang='lat' dir='ltr'><strong>reveretur</strong></span> <span class='ocrx_word' id='word_1_481' title='bbox 1478 3656 1625 3726; x_wconf 92' lang='lat' dir='ltr'><strong>quod</strong></span> <span class='ocrx_word' id='word_1_482' title='bbox 1656 3666 1741 3713; x_wconf 89' lang='lat' dir='ltr'><strong>est</strong></span> <span class='ocrx_word' id='word_1_483' title='bbox 1775 3674 1790 3713; x_wconf 90' lang='lat'><strong>:</strong></span> <span class='ocrx_word' id='word_1_484' title='bbox 1837 3677 1854 3709; x_wconf 73' lang='grc' dir='ltr'><strong>ι</strong></span> <span class='ocrx_word' id='word_1_485' title='bbox 1884 3658 2065 3715; x_wconf 80' lang='lat' dir='ltr'><strong>Nolite</strong></span> 
     </span>
    </p>
   </div>
   <div class='ocr_carea' id='block_1_62' title="bbox 492 3744 2066 3820">
    <p class='ocr_par' dir='ltr' id='par_1_62' title="bbox 492 3744 2066 3820">
     <span class='ocr_line' id='line_1_62' title="bbox 492 3744 2066 3820; baseline 0.006 -22"><span class='ocrx_word' id='word_1_486' title='bbox 492 3744 888 3809; x_wconf 83' lang='lat' dir='ltr'><strong>condemnare,</strong></span> <span class='ocrx_word' id='word_1_487' title='bbox 932 3753 993 3801; x_wconf 89' lang='lat' dir='ltr'><strong>ut</strong></span> <span class='ocrx_word' id='word_1_488' title='bbox 1023 3761 1094 3800; x_wconf 91' lang='lat' dir='ltr'><strong>ne</strong></span> <span class='ocrx_word' id='word_1_489' title='bbox 1144 3746 1589 3802; x_wconf 88' lang='lat' dir='ltr'><strong>condemnemini</strong></span> <span class='ocrx_word' id='word_1_490' title='bbox 1618 3748 1686 3813; x_wconf 71' lang='grc'><strong>⁸³,</strong></span> <span class='ocrx_word' id='word_1_491' title='bbox 1718 3767 1736 3799; x_wconf 80' lang='grc' dir='ltr'><strong>ι</strong></span> <span class='ocrx_word' id='word_1_492' title='bbox 1781 3764 1911 3804; x_wconf 89' lang='lat' dir='ltr'><strong>suos</strong></span> <span class='ocrx_word' id='word_1_493' title='bbox 1949 3750 2066 3820; x_wconf 87' lang='lat' dir='ltr'><strong>ipse</strong></span> 
     </span>
    </p>
   </div>
   <div class='ocr_carea' id='block_1_63' title="bbox 493 3837 2067 3910">
    <p class='ocr_par' dir='ltr' id='par_1_63' title="bbox 493 3837 2067 3910">
     <span class='ocr_line' id='line_1_63' title="bbox 493 3837 2067 3910; baseline 0.004 -17"><span class='ocrx_word' id='word_1_494' title='bbox 493 3837 743 3895; x_wconf 87' lang='lat' dir='ltr'><strong>defectus</strong></span> <span class='ocrx_word' id='word_1_495' title='bbox 789 3853 902 3893; x_wconf 88' lang='lat' dir='ltr'><strong>non</strong></span> <span class='ocrx_word' id='word_1_496' title='bbox 954 3838 1258 3893; x_wconf 85' lang='lat' dir='ltr'><strong>oscitanter</strong></span> <span class='ocrx_word' id='word_1_497' title='bbox 1315 3840 1602 3910; x_wconf 84' lang='lat' dir='ltr'><strong>perspicit.</strong></span> <span class='ocrx_word' id='word_1_498' title='bbox 1638 3841 1742 3895; x_wconf 78' lang='lat' dir='ltr'><strong>Vix</strong></span> <span class='ocrx_word' id='word_1_499' title='bbox 1796 3842 2067 3899; x_wconf 88' lang='lat' dir='ltr'><strong>credibile</strong></span> 
     </span>
    </p>
   </div>
   <div class='ocr_carea' id='block_1_64' title="bbox 493 3928 2069 4002">
    <p class='ocr_par' dir='ltr' id='par_1_64' title="bbox 493 3928 2069 4002">
     <span class='ocr_line' id='line_1_64' title="bbox 493 3928 2069 4002; baseline 0.004 -18"><span class='ocrx_word' id='word_1_500' title='bbox 493 3944 659 4002; x_wconf 86' lang='lat' dir='ltr'><strong>quam</strong></span> <span class='ocrx_word' id='word_1_501' title='bbox 688 3928 760 3985; x_wconf 91' lang='lat' dir='ltr'><strong>sit</strong></span> <span class='ocrx_word' id='word_1_502' title='bbox 782 3928 988 3983; x_wconf 87' lang='lat' dir='ltr'><strong>homini</strong></span> <span class='ocrx_word' id='word_1_503' title='bbox 1019 3928 1626 3995; x_wconf 87' lang='lat' dir='ltr'><strong>detrimentosum,tam</strong></span> <span class='ocrx_word' id='word_1_504' title='bbox 1648 3939 1920 3989; x_wconf 88' lang='lat' dir='ltr'><strong>attentum</strong></span> <span class='ocrx_word' id='word_1_505' title='bbox 1946 3949 2069 3990; x_wconf 85' lang='lat' dir='ltr'><strong>esse</strong></span> 
     </span>
    </p>
   </div>
   <div class='ocr_carea' id='block_1_65' title="bbox 492 4023 2069 4095">
    <p class='ocr_par' dir='ltr' id='par_1_65' title="bbox 492 4023 2069 4095">
     <span class='ocr_line' id='line_1_65' title="bbox 492 4023 2069 4095; baseline 0.001 -16"><span class='ocrx_word' id='word_1_506' title='bbox 492 4033 549 4079; x_wconf 84' lang='lat' dir='ltr'><strong>et</strong></span> <span class='ocrx_word' id='word_1_507' title='bbox 577 4024 814 4078; x_wconf 87' lang='lat' dir='ltr'><strong>alacrem</strong></span> <span class='ocrx_word' id='word_1_508' title='bbox 846 4023 913 4078; x_wconf 91' lang='lat' dir='ltr'><strong>ad</strong></span> <span class='ocrx_word' id='word_1_509' title='bbox 944 4024 1179 4076; x_wconf 91' lang='lat' dir='ltr'><strong>aliorum</strong></span> <span class='ocrx_word' id='word_1_510' title='bbox 1207 4024 1522 4078; x_wconf 83' lang='lat' dir='ltr'><strong>contuenda</strong></span> <span class='ocrx_word' id='word_1_511' title='bbox 1549 4032 1715 4090; x_wconf 88' lang='lat' dir='ltr'><strong>atque</strong></span> <span class='ocrx_word' id='word_1_512' title='bbox 1748 4025 2069 4095; x_wconf 88' lang='lat' dir='ltr'><strong>expenden-</strong></span> 
     </span>
    </p>
   </div>
   <div class='ocr_carea' id='block_1_66' title="bbox 492 4114 2066 4183">
    <p class='ocr_par' dir='ltr' id='par_1_66' title="bbox 492 4114 2066 4183">
     <span class='ocr_line' id='line_1_66' title="bbox 492 4114 2066 4183; baseline 0 -11"><span class='ocrx_word' id='word_1_513' title='bbox 492 4115 560 4172; x_wconf 81' lang='lat' dir='ltr'><strong>da</strong></span> <span class='ocrx_word' id='word_1_514' title='bbox 594 4124 799 4177; x_wconf 84' lang='lat' dir='ltr'><strong>errata,</strong></span> <span class='ocrx_word' id='word_1_515' title='bbox 824 4115 940 4169; x_wconf 90' lang='lat' dir='ltr'><strong>suis</strong></span> <span class='ocrx_word' id='word_1_516' title='bbox 966 4114 1185 4169; x_wconf 88' lang='lat' dir='ltr'><strong>interim</strong></span> <span class='ocrx_word' id='word_1_517' title='bbox 1218 4115 1423 4170; x_wconf 89' lang='lat' dir='ltr'><strong>debitis</strong></span> <span class='ocrx_word' id='word_1_518' title='bbox 1462 4131 1560 4183; x_wconf 90' lang='lat' dir='ltr'><strong>per</strong></span> <span class='ocrx_word' id='word_1_519' title='bbox 1592 4116 1939 4171; x_wconf 87' lang='lat' dir='ltr'><strong>oscitantiam</strong></span> <span class='ocrx_word' id='word_1_520' title='bbox 1968 4132 2066 4172; x_wconf 60' lang='lat' dir='ltr'><strong>ne.</strong></span> 
     </span>
    </p>
   </div>
   <div class='ocr_carea' id='block_1_67' title="bbox 494 4208 2069 4283">
    <p class='ocr_par' dir='ltr' id='par_1_67' title="bbox 494 4208 2069 4283">
     <span class='ocr_line' id='line_1_67' title="bbox 494 4208 2069 4283; baseline 0 -18"><span class='ocrx_word' id='word_1_521' title='bbox 494 4209 708 4283; x_wconf 76' lang='lat' dir='ltr'><strong>glcctis.</strong></span> <span class='ocrx_word' id='word_1_522' title='bbox 745 4209 883 4263; x_wconf 90' lang='lat' dir='ltr'><strong>Dum</strong></span> <span class='ocrx_word' id='word_1_523' title='bbox 930 4210 1081 4264; x_wconf 88' lang='lat' dir='ltr'><strong>enim</strong></span> <span class='ocrx_word' id='word_1_524' title='bbox 1129 4217 1239 4263; x_wconf 90' lang='lat' dir='ltr'><strong>tam</strong></span> <span class='ocrx_word' id='word_1_525' title='bbox 1287 4224 1349 4264; x_wconf 88' lang='lat' dir='ltr'><strong>es</strong></span> <span class='ocrx_word' id='word_1_526' title='bbox 1392 4208 1633 4264; x_wconf 86' lang='lat' dir='ltr'><strong>aliorum</strong></span> <span class='ocrx_word' id='word_1_527' title='bbox 1670 4209 2069 4279; x_wconf 87' lang='lat' dir='ltr'><strong>deprehensor,</strong></span> 
     </span>
    </p>
   </div>
   <div class='ocr_carea' id='block_1_68' title="bbox 494 4300 2077 4373">
    <p class='ocr_par' dir='ltr' id='par_1_68' title="bbox 494 4300 2077 4373">
     <span class='ocr_line' id='line_1_68' title="bbox 494 4300 2077 4373; baseline 0.001 -16"><span class='ocrx_word' id='word_1_528' title='bbox 494 4302 762 4373; x_wconf 84' lang='lat' dir='ltr'><strong>querulus</strong></span> <span class='ocrx_word' id='word_1_529' title='bbox 786 4309 884 4356; x_wconf 74' lang='lat' dir='ltr'><strong>aut</strong></span> <span class='ocrx_word' id='word_1_530' title='bbox 912 4301 1151 4368; x_wconf 89' lang='lat' dir='ltr'><strong>delator,</strong></span> <span class='ocrx_word' id='word_1_531' title='bbox 1204 4300 1347 4356; x_wconf 88' lang='lat' dir='ltr'><strong>nihil</strong></span> <span class='ocrx_word' id='word_1_532' title='bbox 1377 4300 1565 4355; x_wconf 87' lang='lat' dir='ltr'><strong>dubiis</strong></span> <span class='ocrx_word' id='word_1_533' title='bbox 1594 4302 1943 4371; x_wconf 83' lang='lat' dir='ltr'><strong>argumentis</strong></span> <span class='ocrx_word' id='word_1_534' title='bbox 1995 4312 2077 4359; x_wconf 87' lang='lat' dir='ltr'><strong>te—</strong></span> 
     </span>
    </p>
   </div>
   <div class='ocr_carea' id='block_1_69' title="bbox 492 4392 2072 4463">
    <p class='ocr_par' dir='ltr' id='par_1_69' title="bbox 492 4392 2072 4463">
     <span class='ocr_line' id='line_1_69' title="bbox 492 4392 2072 4463; baseline -0.002 -12"><span class='ocrx_word' id='word_1_535' title='bbox 492 4393 676 4463; x_wconf 83' lang='lat' dir='ltr'><strong>ipsum</strong></span> <span class='ocrx_word' id='word_1_536' title='bbox 703 4392 949 4449; x_wconf 84' lang='lat' dir='ltr'><strong>declaras</strong></span> <span class='ocrx_word' id='word_1_537' title='bbox 988 4393 1325 4463; x_wconf 87' lang='lat' dir='ltr'><strong>inculpatum</strong></span> <span class='ocrx_word' id='word_1_538' title='bbox 1370 4408 1490 4447; x_wconf 85' lang='lat' dir='ltr'><strong>esse</strong></span> <span class='ocrx_word' id='word_1_539' title='bbox 1519 4400 1579 4449; x_wconf 87' lang='lat' dir='ltr'><strong>et</strong></span> <span class='ocrx_word' id='word_1_540' title='bbox 1608 4393 2072 4463; x_wconf 85' lang='lat' dir='ltr'><strong>irreprehensibi-</strong></span> 
     </span>
    </p>
   </div>
   <div class='ocr_carea' id='block_1_70' title="bbox 442 4482 2076 4554">
    <p class='ocr_par' dir='ltr' id='par_1_70' title="bbox 442 4482 2076 4554">
     <span class='ocr_line' id='line_1_70' title="bbox 442 4482 2076 4554; baseline 0 -14"><span class='ocrx_word' id='word_1_541' title='bbox 442 4520 445 4524; x_wconf 94' lang='lat'><strong><em>-</em></strong></span> <span class='ocrx_word' id='word_1_542' title='bbox 494 4487 626 4540; x_wconf 87' lang='lat' dir='ltr'><strong>lem.</strong></span> <span class='ocrx_word' id='word_1_543' title='bbox 653 4484 831 4547; x_wconf 83' lang='lat' dir='ltr'><strong>Hunc,</strong></span> <span class='ocrx_word' id='word_1_544' title='bbox 850 4482 1104 4554; x_wconf 86' lang='lat' dir='ltr'><strong>quisquis</strong></span> <span class='ocrx_word' id='word_1_545' title='bbox 1117 4482 1900 4553; x_wconf 84' lang='lat' dir='ltr'><strong>ejusmodiest,infensissime</strong></span> <span class='ocrx_word' id='word_1_546' title='bbox 1918 4501 2076 4540; x_wconf 61' lang='lat' dir='ltr'><strong>avcrv</strong></span> 
     </span>
    </p>
   </div>
   <div class='ocr_carea' id='block_1_71' title="bbox 2169 3372 3716 3447">
    <p class='ocr_par' dir='ltr' id='par_1_71' title="bbox 2169 3372 3716 3447">
     <span class='ocr_line' id='line_1_71' title="bbox 2169 3372 3716 3447; baseline 0.001 -20"><span class='ocrx_word' id='word_1_547' title='bbox 2169 3372 2305 3443; x_wconf 72' lang='grc' dir='ltr'>πρὸς</span> <span class='ocrx_word' id='word_1_548' title='bbox 2347 3373 2725 3445; x_wconf 78' lang='grc' dir='ltr'>ἐπανόρθωσιν</span> <span class='ocrx_word' id='word_1_549' title='bbox 2759 3373 2853 3427; x_wconf 81' lang='grc' dir='ltr'><strong>τοῦ</strong></span> <span class='ocrx_word' id='word_1_550' title='bbox 2879 3374 3208 3441; x_wconf 87' lang='grc' dir='ltr'>ἐπταικότος</span> <span class='ocrx_word' id='word_1_551' title='bbox 3246 3374 3319 3428; x_wconf 73' lang='grc' dir='ltr'>δι’</span> <span class='ocrx_word' id='word_1_552' title='bbox 3365 3375 3579 3447; x_wconf 81' lang='grc' dir='ltr'>ἀγάπην</span> <span class='ocrx_word' id='word_1_553' title='bbox 3608 3375 3716 3445; x_wconf 71' lang='grc' dir='ltr'><strong>βού-</strong></span> 
     </span>
    </p>
   </div>
   <div class='ocr_carea' id='block_1_72' title="bbox 2166 3468 3714 3544">
    <p class='ocr_par' dir='ltr' id='par_1_72' title="bbox 2166 3468 3714 3544">
     <span class='ocr_line' id='line_1_72' title="bbox 2166 3468 3714 3544; baseline 0.003 -23"><span class='ocrx_word' id='word_1_554' title='bbox 2166 3468 2311 3522; x_wconf 87' lang='grc' dir='ltr'>λοιτο</span> <span class='ocrx_word' id='word_1_555' title='bbox 2350 3470 2573 3542; x_wconf 76' lang='grc' dir='ltr'>τοιαύτῃ</span> <span class='ocrx_word' id='word_1_556' title='bbox 2606 3470 2812 3540; x_wconf 76' lang='grc' dir='ltr'>μέμψει</span> <span class='ocrx_word' id='word_1_557' title='bbox 2839 3470 2977 3544; x_wconf 75' lang='grc' dir='ltr'>πρὸς</span> <span class='ocrx_word' id='word_1_558' title='bbox 3020 3471 3112 3525; x_wconf 77' lang='grc' dir='ltr'><strong>τὸν</strong></span> <span class='ocrx_word' id='word_1_559' title='bbox 3137 3472 3371 3542; x_wconf 77' lang='grc' dir='ltr'>πλησίον</span> <span class='ocrx_word' id='word_1_560' title='bbox 3407 3472 3714 3542; x_wconf 81' lang='grc' dir='ltr'>χρήσασθαι.</span> 
     </span>
    </p>
   </div>
   <div class='ocr_carea' id='block_1_73' title="bbox 2183 3558 3717 3631">
    <p class='ocr_par' dir='ltr' id='par_1_73' title="bbox 2183 3558 3717 3631">
     <span class='ocr_line' id='line_1_73' title="bbox 2183 3558 3717 3631; baseline 0.001 -20"><span class='ocrx_word' id='word_1_561' title='bbox 2183 3558 2241 3611; x_wconf 85' lang='lat'><strong>&#39;0</strong></span> <span class='ocrx_word' id='word_1_562' title='bbox 2272 3559 2381 3630; x_wconf 86' lang='grc' dir='ltr'>γὰρ</span> <span class='ocrx_word' id='word_1_563' title='bbox 2405 3559 2591 3622; x_wconf 85' lang='grc' dir='ltr'>δεδιὼς</span> <span class='ocrx_word' id='word_1_564' title='bbox 2622 3559 2858 3629; x_wconf 81' lang='grc' dir='ltr'>μάλιστα</span> <span class='ocrx_word' id='word_1_565' title='bbox 2894 3559 2996 3631; x_wconf 73' lang='grc' dir='ltr'>τὴν</span> <span class='ocrx_word' id='word_1_566' title='bbox 3024 3560 3243 3630; x_wconf 76' lang='grc' dir='ltr'>ἐντολὴν</span> <span class='ocrx_word' id='word_1_567' title='bbox 3267 3560 3367 3614; x_wconf 79' lang='grc' dir='ltr'><strong>τοῦ</strong></span> <span class='ocrx_word' id='word_1_568' title='bbox 3390 3561 3606 3630; x_wconf 85' lang='grc' dir='ltr'>Κυρίου.</span> <span class='ocrx_word' id='word_1_569' title='bbox 3634 3560 3717 3630; x_wconf 80' lang='grc' dir='ltr'>τὴν</span> 
     </span>
    </p>
   </div>
   <div class='ocr_carea' id='block_1_74' title="bbox 2168 3651 3715 3726">
    <p class='ocr_par' dir='ltr' id='par_1_74' title="bbox 2168 3651 3715 3726">
     <span class='ocr_line' id='line_1_74' title="bbox 2168 3651 3715 3726; baseline 0.003 -21"><span class='ocrx_word' id='word_1_570' title='bbox 2168 3651 2438 3720; x_wconf 78' lang='grc' dir='ltr'>λέγουσαν</span> <span class='ocrx_word' id='word_1_571' title='bbox 2474 3670 2488 3684; x_wconf 88' lang='grc'><strong>·</strong></span> <span class='ocrx_word' id='word_1_572' title='bbox 2538 3672 2558 3704; x_wconf 74' lang='grc' dir='ltr'><strong>ι</strong></span> <span class='ocrx_word' id='word_1_573' title='bbox 2596 3653 2688 3724; x_wconf 82' lang='grc' dir='ltr'><strong>Μὴ</strong></span> <span class='ocrx_word' id='word_1_574' title='bbox 2729 3651 3160 3718; x_wconf 71' lang='grc' dir='ltr'>καταδικάὰετε,</span> <span class='ocrx_word' id='word_1_575' title='bbox 3195 3654 3283 3708; x_wconf 82' lang='grc' dir='ltr'>ἵνα</span> <span class='ocrx_word' id='word_1_576' title='bbox 3326 3654 3401 3726; x_wconf 79' lang='grc' dir='ltr'>μὴ</span> <span class='ocrx_word' id='word_1_577' title='bbox 3453 3653 3715 3709; x_wconf 78' lang='grc' dir='ltr'>καταδικα-</span> 
     </span>
    </p>
   </div>
   <div class='ocr_carea' id='block_1_75' title="bbox 2172 3743 3716 3817">
    <p class='ocr_par' dir='ltr' id='par_1_75' title="bbox 2172 3743 3716 3817">
     <span class='ocr_line' id='line_1_75' title="bbox 2172 3743 3716 3817; baseline 0 -20"><span class='ocrx_word' id='word_1_578' title='bbox 2172 3743 2372 3813; x_wconf 82' lang='grc' dir='ltr'>σθῆτε,</span> <span class='ocrx_word' id='word_1_579' title='bbox 2432 3763 2451 3797; x_wconf 82' lang='grc' dir='ltr'><strong>ι</strong></span> <span class='ocrx_word' id='word_1_580' title='bbox 2499 3744 2571 3799; x_wconf 76' lang='grc' dir='ltr'><strong>τὰ</strong></span> <span class='ocrx_word' id='word_1_581' title='bbox 2629 3743 2825 3798; x_wconf 86' lang='grc' dir='ltr'>ἐαυτοῦ</span> <span class='ocrx_word' id='word_1_582' title='bbox 2869 3743 3230 3815; x_wconf 85' lang='grc' dir='ltr'>ἐλαττώματα</span> <span class='ocrx_word' id='word_1_583' title='bbox 3263 3746 3373 3817; x_wconf 83' lang='grc' dir='ltr'><strong>όρᾷ</strong></span> <span class='ocrx_word' id='word_1_584' title='bbox 3406 3745 3501 3800; x_wconf 77' lang='grc' dir='ltr'>καὶ</span> <span class='ocrx_word' id='word_1_585' title='bbox 3541 3746 3603 3799; x_wconf 68' lang='grc' dir='ltr'>τὰ</span> <span class='ocrx_word' id='word_1_586' title='bbox 3638 3744 3716 3798; x_wconf 71' lang='grc' dir='ltr'><strong>τοῦ</strong></span> 
     </span>
    </p>
   </div>
   <div class='ocr_carea' id='block_1_76' title="bbox 2170 3837 3717 3910">
    <p class='ocr_par' dir='ltr' id='par_1_76' title="bbox 2170 3837 3717 3910">
     <span class='ocr_line' id='line_1_76' title="bbox 2170 3837 3717 3910; baseline 0.001 -20"><span class='ocrx_word' id='word_1_587' title='bbox 2170 3837 2399 3907; x_wconf 81' lang='grc' dir='ltr'>πλησίον</span> <span class='ocrx_word' id='word_1_588' title='bbox 2428 3838 2668 3910; x_wconf 76' lang='grc' dir='ltr'>παρορᾷ.</span> <span class='ocrx_word' id='word_1_589' title='bbox 2716 3838 3041 3903; x_wconf 73' lang='grc' dir='ltr'>Ἐπιϐλαὸὲς</span> <span class='ocrx_word' id='word_1_590' title='bbox 3084 3839 3195 3908; x_wconf 80' lang='grc' dir='ltr'>γὰρ</span> <span class='ocrx_word' id='word_1_591' title='bbox 3219 3838 3493 3909; x_wconf 82' lang='grc' dir='ltr'>ἀνθρώπῳ</span> <span class='ocrx_word' id='word_1_592' title='bbox 3518 3838 3717 3895; x_wconf 77' lang='grc' dir='ltr'>καταλι-</span> 
     </span>
    </p>
   </div>
   <div class='ocr_carea' id='block_1_77' title="bbox 2172 3928 3719 4001">
    <p class='ocr_par' dir='ltr' id='par_1_77' title="bbox 2172 3928 3719 4001">
     <span class='ocr_line' id='line_1_77' title="bbox 2172 3928 3719 4001; baseline 0.001 -19"><span class='ocrx_word' id='word_1_593' title='bbox 2172 3930 2295 3982; x_wconf 80' lang='grc' dir='ltr'>πεῖν</span> <span class='ocrx_word' id='word_1_594' title='bbox 2320 3929 2388 3983; x_wconf 75' lang='grc' dir='ltr'><strong>τὰ</strong></span> <span class='ocrx_word' id='word_1_595' title='bbox 2422 3929 2613 3982; x_wconf 79' lang='grc' dir='ltr'>ἑαυτοῦ</span> <span class='ocrx_word' id='word_1_596' title='bbox 2660 3928 2988 4000; x_wconf 81' lang='grc' dir='ltr'>ὀφλήματα,</span> <span class='ocrx_word' id='word_1_597' title='bbox 3025 3930 3116 3982; x_wconf 76' lang='grc' dir='ltr'>καὶ</span> <span class='ocrx_word' id='word_1_598' title='bbox 3153 3930 3445 4001; x_wconf 79' lang='grc' dir='ltr'>προσέχειν</span> <span class='ocrx_word' id='word_1_599' title='bbox 3495 3930 3719 3999; x_wconf 79' lang='grc' dir='ltr'>ἀλλότρια</span> 
     </span>
    </p>
   </div>
   <div class='ocr_carea' id='block_1_78' title="bbox 2173 4018 3717 4090">
    <p class='ocr_par' dir='ltr' id='par_1_78' title="bbox 2173 4018 3717 4090">
     <span class='ocr_line' id='line_1_78' title="bbox 2173 4018 3717 4090; baseline -0.001 -18"><span class='ocrx_word' id='word_1_600' title='bbox 2173 4019 2553 4090; x_wconf 83' lang='grc' dir='ltr'>ἐλαττώματα.</span> <span class='ocrx_word' id='word_1_601' title='bbox 2586 4020 2659 4074; x_wconf 81' lang='grc' dir='ltr'>Τὸ</span> <span class='ocrx_word' id='word_1_602' title='bbox 2686 4022 2794 4090; x_wconf 78' lang='grc' dir='ltr'>γὰρ</span> <span class='ocrx_word' id='word_1_603' title='bbox 2822 4020 3016 4084; x_wconf 74' lang='grc' dir='ltr'>ἄλλους</span> <span class='ocrx_word' id='word_1_604' title='bbox 3051 4019 3389 4089; x_wconf 75' lang='grc' dir='ltr'>μέμφεσθαι,</span> <span class='ocrx_word' id='word_1_605' title='bbox 3416 4021 3569 4090; x_wconf 83' lang='grc' dir='ltr'>δῆλον</span> <span class='ocrx_word' id='word_1_606' title='bbox 3591 4018 3717 4075; x_wconf 76' lang='grc' dir='ltr'>ἐστὶν</span> 
     </span>
    </p>
   </div>
   <div class='ocr_carea' id='block_1_79' title="bbox 2173 4110 3719 4184">
    <p class='ocr_par' dir='ltr' id='par_1_79' title="bbox 2173 4110 3719 4184">
     <span class='ocr_line' id='line_1_79' title="bbox 2173 4110 3719 4184; baseline -0.003 -17"><span class='ocrx_word' id='word_1_607' title='bbox 2173 4114 2255 4167; x_wconf 79' lang='grc' dir='ltr'>ὅτι</span> <span class='ocrx_word' id='word_1_608' title='bbox 2282 4113 2474 4167; x_wconf 79' lang='grc' dir='ltr'>ἑαυτὸν</span> <span class='ocrx_word' id='word_1_609' title='bbox 2500 4115 2788 4184; x_wconf 77' lang='grc' dir='ltr'>ἄμεμπτον</span> <span class='ocrx_word' id='word_1_610' title='bbox 2819 4114 3223 4169; x_wconf 74' lang='grc' dir='ltr'>ἀποδείκνυσιν.</span> <span class='ocrx_word' id='word_1_611' title='bbox 3258 4113 3425 4169; x_wconf 79' lang='grc' dir='ltr'>Ὅθεν</span> <span class='ocrx_word' id='word_1_612' title='bbox 3451 4113 3540 4165; x_wconf 79' lang='grc' dir='ltr'><strong>τὸν</strong></span> <span class='ocrx_word' id='word_1_613' title='bbox 3570 4110 3719 4165; x_wconf 82' lang='grc' dir='ltr'>τοιοῦ-</span> 
     </span>
    </p>
   </div>
   <div class='ocr_carea' id='block_1_80' title="bbox 2173 4202 3718 4277">
    <p class='ocr_par' dir='ltr' id='par_1_80' title="bbox 2173 4202 3718 4277">
     <span class='ocr_line' id='line_1_80' title="bbox 2173 4202 3718 4277; baseline -0.002 -20"><span class='ocrx_word' id='word_1_614' title='bbox 2173 4222 2264 4257; x_wconf 88' lang='grc' dir='ltr'><strong>τον</strong></span> <span class='ocrx_word' id='word_1_615' title='bbox 2303 4205 2332 4258; x_wconf 92' lang='lat'><strong>6</strong></span> <span class='ocrx_word' id='word_1_616' title='bbox 2371 4204 2504 4270; x_wconf 70' lang='grc' dir='ltr'>Θεὸς</span> <span class='ocrx_word' id='word_1_617' title='bbox 2544 4205 2715 4277; x_wconf 78' lang='grc' dir='ltr'>ἄρδην</span> <span class='ocrx_word' id='word_1_618' title='bbox 2762 4203 3189 4275; x_wconf 75' lang='grc' dir='ltr'>ἀποστρέφεται.</span> <span class='ocrx_word' id='word_1_619' title='bbox 3240 4203 3307 4258; x_wconf 81' lang='grc' dir='ltr'><strong>Εἰ</strong></span> <span class='ocrx_word' id='word_1_620' title='bbox 3348 4204 3404 4258; x_wconf 82' lang='grc' dir='ltr'>δὲ</span> <span class='ocrx_word' id='word_1_621' title='bbox 3442 4204 3533 4257; x_wconf 76' lang='grc' dir='ltr'>καὶ</span> <span class='ocrx_word' id='word_1_622' title='bbox 3567 4202 3718 4271; x_wconf 76' lang='grc' dir='ltr'>θλίψις</span> 
     </span>
    </p>
   </div>
   <div class='ocr_carea' id='block_1_81' title="bbox 2175 4295 3721 4371">
    <p class='ocr_par' dir='ltr' id='par_1_81' title="bbox 2175 4295 3721 4371">
     <span class='ocr_line' id='line_1_81' title="bbox 2175 4295 3721 4371; baseline -0.003 -18"><span class='ocrx_word' id='word_1_623' title='bbox 2175 4299 2467 4371; x_wconf 84' lang='grc' dir='ltr'>ἐπέρχεταί</span> <span class='ocrx_word' id='word_1_624' title='bbox 2497 4317 2578 4354; x_wconf 87' lang='grc' dir='ltr'><strong>σοι</strong></span> <span class='ocrx_word' id='word_1_625' title='bbox 2608 4300 2794 4353; x_wconf 74' lang='grc' dir='ltr'>ἕνεκεν</span> <span class='ocrx_word' id='word_1_626' title='bbox 2824 4298 2920 4353; x_wconf 80' lang='grc' dir='ltr'><strong>τοῦ</strong></span> <span class='ocrx_word' id='word_1_627' title='bbox 2961 4298 3210 4368; x_wconf 82' lang='grc' dir='ltr'>πλησίον,</span> <span class='ocrx_word' id='word_1_628' title='bbox 3251 4297 3541 4363; x_wconf 77' lang='grc' dir='ltr'>κατάδεξαι</span> <span class='ocrx_word' id='word_1_629' title='bbox 3572 4295 3721 4363; x_wconf 73' lang='grc' dir='ltr'>αὐτὴν</span> 
     </span>
    </p>
   </div>
   <div class='ocr_carea' id='block_1_82' title="bbox 2176 4388 3716 4463">
    <p class='ocr_par' dir='ltr' id='par_1_82' title="bbox 2176 4388 3716 4463">
     <span class='ocr_line' id='line_1_82' title="bbox 2176 4388 3716 4463; baseline -0.004 -17"><span class='ocrx_word' id='word_1_630' title='bbox 2176 4393 2251 4457; x_wconf 77' lang='grc' dir='ltr'><strong>ὡς</strong></span> <span class='ocrx_word' id='word_1_631' title='bbox 2286 4393 2383 4463; x_wconf 82' lang='grc' dir='ltr'>σὴν</span> <span class='ocrx_word' id='word_1_632' title='bbox 2407 4432 2422 4458; x_wconf 97' lang='grc'><strong>,</strong></span> <span class='ocrx_word' id='word_1_633' title='bbox 2457 4393 2553 4446; x_wconf 70' lang='grc' dir='ltr'><strong>καὶ</strong></span> <span class='ocrx_word' id='word_1_634' title='bbox 2594 4392 2694 4445; x_wconf 77' lang='grc' dir='ltr'>οὐκ</span> <span class='ocrx_word' id='word_1_635' title='bbox 2740 4391 3049 4462; x_wconf 79' lang='grc' dir='ltr'>ἀλλοτρίαν.</span> <span class='ocrx_word' id='word_1_636' title='bbox 3082 4392 3147 4445; x_wconf 85' lang='grc' dir='ltr'>Εί</span> <span class='ocrx_word' id='word_1_637' title='bbox 3178 4392 3236 4445; x_wconf 76' lang='grc' dir='ltr'>δὲ</span> <span class='ocrx_word' id='word_1_638' title='bbox 3284 4389 3577 4462; x_wconf 76' lang='grc' dir='ltr'>ἀντιτάσσῃ</span> <span class='ocrx_word' id='word_1_639' title='bbox 3618 4388 3716 4448; x_wconf 76' lang='grc' dir='ltr'>ταῖς</span> 
     </span>
    </p>
   </div>
   <div class='ocr_carea' id='block_1_83' title="bbox 2179 4475 3720 4554">
    <p class='ocr_par' dir='ltr' id='par_1_83' title="bbox 2179 4475 3720 4554">
     <span class='ocr_line' id='line_1_83' title="bbox 2179 4475 3720 4554; baseline -0.005 -19"><span class='ocrx_word' id='word_1_640' title='bbox 2179 4482 2531 4554; x_wconf 81' lang='grc' dir='ltr'>σκυθρωπαῖς</span> <span class='ocrx_word' id='word_1_641' title='bbox 2578 4483 2891 4552; x_wconf 74' lang='grc' dir='ltr'>ἐπιφοραῖς.</span> <span class='ocrx_word' id='word_1_642' title='bbox 2926 4481 3019 4534; x_wconf 74' lang='grc' dir='ltr'>καὶ</span> <span class='ocrx_word' id='word_1_643' title='bbox 3062 4480 3256 4544; x_wconf 80' lang='grc' dir='ltr'>ἀλλους</span> <span class='ocrx_word' id='word_1_644' title='bbox 3294 4480 3521 4553; x_wconf 76' lang='grc' dir='ltr'>μέμφῃ,</span> <span class='ocrx_word' id='word_1_645' title='bbox 3550 4478 3618 4540; x_wconf 86' lang='grc' dir='ltr'><strong>ὡς</strong></span> <span class='ocrx_word' id='word_1_646' title='bbox 3636 4475 3720 4529; x_wconf 76' lang='grc' dir='ltr'>οὐκ</span> 
     </span>
    </p>
   </div>
   <div class='ocr_carea' id='block_1_84' title="bbox 493 4571 2063 4647">
    <p class='ocr_par' dir='ltr' id='par_1_84' title="bbox 493 4574 2063 4647">
     <span class='ocr_line' id='line_1_84' title="bbox 493 4574 2063 4647; baseline 0 -14"><span class='ocrx_word' id='word_1_647' title='bbox 493 4588 649 4633; x_wconf 82' lang='lat' dir='ltr'><strong>satur</strong></span> <span class='ocrx_word' id='word_1_648' title='bbox 671 4575 839 4639; x_wconf 90' lang='lat' dir='ltr'><strong>Deus,</strong></span> <span class='ocrx_word' id='word_1_649' title='bbox 872 4583 928 4630; x_wconf 89' lang='lat' dir='ltr'><strong>et</strong></span> <span class='ocrx_word' id='word_1_650' title='bbox 958 4592 987 4630; x_wconf 90' lang='lat' dir='ltr'><strong>a</strong></span> <span class='ocrx_word' id='word_1_651' title='bbox 1017 4590 1076 4630; x_wconf 89' lang='lat' dir='ltr'><strong>se</strong></span> <span class='ocrx_word' id='word_1_652' title='bbox 1100 4574 1317 4646; x_wconf 81' lang='lat' dir='ltr'><strong>repellit</strong></span> <span class='ocrx_word' id='word_1_653' title='bbox 1344 4591 1508 4646; x_wconf 84' lang='lat' dir='ltr'><strong>quam</strong></span> <span class='ocrx_word' id='word_1_654' title='bbox 1541 4576 1880 4647; x_wconf 75' lang='lat' dir='ltr'><strong>longissime.</strong></span> <span class='ocrx_word' id='word_1_655' title='bbox 1910 4577 2063 4644; x_wconf 83' lang='lat' dir='ltr'><strong>Quod</strong></span> 
     </span>
    </p>
   </div>
   <div class='ocr_carea' id='block_1_85' title="bbox 2167 4571 3718 4647">
    <p class='ocr_par' dir='ltr' id='par_1_85' title="bbox 2179 4571 3718 4647">
     <span class='ocr_line' id='line_1_85' title="bbox 2179 4571 3718 4647; baseline -0.004 -18"><span class='ocrx_word' id='word_1_656' title='bbox 2179 4571 2348 4638; x_wconf 74' lang='grc' dir='ltr'>οἶδας.</span> <span class='ocrx_word' id='word_1_657' title='bbox 2381 4577 2447 4647; x_wconf 85' lang='grc' dir='ltr'>τῇ</span> <span class='ocrx_word' id='word_1_658' title='bbox 2481 4575 2729 4628; x_wconf 81' lang='grc' dir='ltr'>κελεύσει</span> <span class='ocrx_word' id='word_1_659' title='bbox 2766 4573 2863 4628; x_wconf 79' lang='grc' dir='ltr'><strong>τοῦ</strong></span> <span class='ocrx_word' id='word_1_660' title='bbox 2897 4572 3032 4631; x_wconf 83' lang='grc' dir='ltr'>Θεοῦ</span> <span class='ocrx_word' id='word_1_661' title='bbox 3061 4573 3357 4645; x_wconf 75' lang='grc' dir='ltr'>ἀντιμάχῃ.</span> <span class='ocrx_word' id='word_1_662' title='bbox 3404 4572 3523 4627; x_wconf 79' lang='grc' dir='ltr'>Ἐὰν</span> <span class='ocrx_word' id='word_1_663' title='bbox 3546 4571 3599 4625; x_wconf 74' lang='grc' dir='ltr'>δὲ</span> <span class='ocrx_word' id='word_1_664' title='bbox 3633 4586 3718 4623; x_wconf 82' lang='grc' dir='ltr'>κα·</span> 
     </span>
    </p>
   </div>
   <div class='ocr_carea' id='block_1_86' title="bbox 494 4661 2063 4738">
    <p class='ocr_par' dir='ltr' id='par_1_86' title="bbox 494 4663 2063 4738">
     <span class='ocr_line' id='line_1_86' title="bbox 494 4663 2063 4738; baseline -0.001 -14"><span class='ocrx_word' id='word_1_665' title='bbox 494 4669 540 4724; x_wconf 87' lang='lat' dir='ltr'><strong>si</strong></span> <span class='ocrx_word' id='word_1_666' title='bbox 583 4667 865 4738; x_wconf 84' lang='lat' dir='ltr'><strong>quidpiam</strong></span> <span class='ocrx_word' id='word_1_667' title='bbox 915 4675 967 4723; x_wconf 79' lang='lat' dir='ltr'><strong>te</strong></span> <span class='ocrx_word' id='word_1_668' title='bbox 1010 4666 1290 4721; x_wconf 83' lang='lat' dir='ltr'><strong>adorietur</strong></span> <span class='ocrx_word' id='word_1_669' title='bbox 1335 4663 1577 4721; x_wconf 80' lang='lat' dir='ltr'><strong>adversae</strong></span> <span class='ocrx_word' id='word_1_670' title='bbox 1618 4667 2003 4722; x_wconf 86' lang='lat' dir='ltr'><strong>tribulationis</strong></span> <span class='ocrx_word' id='word_1_671' title='bbox 2042 4685 2063 4723; x_wconf 76' lang='grc' dir='ltr'><strong>ιι</strong></span> 
     </span>
    </p>
   </div>
   <div class='ocr_carea' id='block_1_87' title="bbox 2167 4661 3720 4738">
    <p class='ocr_par' dir='ltr' id='par_1_87' title="bbox 2177 4661 3720 4738">
     <span class='ocr_line' id='line_1_87' title="bbox 2177 4661 3720 4738; baseline -0.005 -18"><span class='ocrx_word' id='word_1_672' title='bbox 2177 4665 2373 4738; x_wconf 81' lang='grc' dir='ltr'>ταδὲξῃ</span> <span class='ocrx_word' id='word_1_673' title='bbox 2400 4707 2415 4731; x_wconf 96' lang='grc'><strong>,</strong></span> <span class='ocrx_word' id='word_1_674' title='bbox 2446 4666 2605 4735; x_wconf 78' lang='grc' dir='ltr'>δῆλον</span> <span class='ocrx_word' id='word_1_675' title='bbox 2645 4667 2726 4720; x_wconf 83' lang='grc' dir='ltr'>ὅτι</span> <span class='ocrx_word' id='word_1_676' title='bbox 2756 4664 3048 4734; x_wconf 81' lang='grc' dir='ltr'>ὑπομένεις</span> <span class='ocrx_word' id='word_1_677' title='bbox 3089 4666 3183 4719; x_wconf 79' lang='grc' dir='ltr'>τὸν</span> <span class='ocrx_word' id='word_1_678' title='bbox 3214 4666 3440 4737; x_wconf 73' lang='grc' dir='ltr'>Κύριον.</span> <span class='ocrx_word' id='word_1_679' title='bbox 3471 4663 3575 4719; x_wconf 69' lang='grc' dir='ltr'><strong>Καὶ</strong></span> <span class='ocrx_word' id='word_1_680' title='bbox 3612 4661 3720 4729; x_wconf 71' lang='grc' dir='ltr'>περὶ</span> 
     </span>
    </p>
   </div>
   <div class='ocr_carea' id='block_1_88' title="bbox 492 4754 2063 4832">
    <p class='ocr_par' dir='ltr' id='par_1_88' title="bbox 492 4758 2063 4832">
     <span class='ocr_line' id='line_1_88' title="bbox 492 4758 2063 4832; baseline -0.001 -17"><span class='ocrx_word' id='word_1_681' title='bbox 492 4761 748 4832; x_wconf 80' lang='lat' dir='ltr'><strong>proximo</strong></span> <span class='ocrx_word' id='word_1_682' title='bbox 782 4760 1051 4822; x_wconf 73' lang='lat' dir='ltr'><strong>excitaue,</strong></span> <span class='ocrx_word' id='word_1_683' title='bbox 1086 4759 1227 4813; x_wconf 89' lang='lat' dir='ltr'><strong>hanc</strong></span> <span class='ocrx_word' id='word_1_684' title='bbox 1255 4758 1382 4813; x_wconf 88' lang='lat' dir='ltr'><strong>vide</strong></span> <span class='ocrx_word' id='word_1_685' title='bbox 1417 4767 1476 4812; x_wconf 89' lang='lat' dir='ltr'><strong>ut</strong></span> <span class='ocrx_word' id='word_1_686' title='bbox 1517 4758 1662 4813; x_wconf 89' lang='lat' dir='ltr'><strong>feras</strong></span> <span class='ocrx_word' id='word_1_687' title='bbox 1708 4759 1868 4830; x_wconf 88' lang='lat' dir='ltr'><strong>quasi</strong></span> <span class='ocrx_word' id='word_1_688' title='bbox 1914 4768 2063 4814; x_wconf 90' lang='lat' dir='ltr'><strong>tuam</strong></span> 
     </span>
    </p>
   </div>
   <div class='ocr_carea' id='block_1_89' title="bbox 2167 4754 3719 4832">
    <p class='ocr_par' dir='ltr' id='par_1_89' title="bbox 2167 4754 3719 4829">
     <span class='ocr_line' id='line_1_89' title="bbox 2167 4754 3719 4829; baseline -0.005 -17"><span class='ocrx_word' id='word_1_689' title='bbox 2167 4759 2354 4813; x_wconf 75' lang='grc' dir='ltr'>τούτου</span> <span class='ocrx_word' id='word_1_690' title='bbox 2376 4759 2617 4813; x_wconf 72' lang='grc' dir='ltr'>διδάσκει</span> <span class='ocrx_word' id='word_1_691' title='bbox 2638 4759 2784 4827; x_wconf 75' lang='grc' dir='ltr'>ἡμᾶς</span> <span class='ocrx_word' id='word_1_692' title='bbox 2808 4758 2836 4811; x_wconf 88' lang='lat'><strong>6</strong></span> <span class='ocrx_word' id='word_1_693' title='bbox 2856 4759 3291 4829; x_wconf 78' lang='grc' dir='ltr'>Παροιμιαστὴς,</span> <span class='ocrx_word' id='word_1_694' title='bbox 3320 4758 3490 4827; x_wconf 83' lang='grc' dir='ltr'>λέγων</span> <span class='ocrx_word' id='word_1_695' title='bbox 3516 4772 3528 4785; x_wconf 77' lang='grc'><strong><em>⁸</em></strong></span> <span class='ocrx_word' id='word_1_696' title='bbox 3556 4774 3573 4806; x_wconf 73' lang='grc' dir='ltr'><strong>ι</strong></span> <span class='ocrx_word' id='word_1_697' title='bbox 3605 4754 3719 4823; x_wconf 77' lang='grc' dir='ltr'>Πρὶν</span> 
     </span>
    </p>
   </div>
   <div class='ocr_carea' id='block_1_90' title="bbox 503 4851 2077 4922">
    <p class='ocr_par' dir='ltr' id='par_1_90' title="bbox 503 4851 2077 4922">
     <span class='ocr_line' id='line_1_90' title="bbox 503 4851 2077 4922; baseline 0 -14"><span class='ocrx_word' id='word_1_698' title='bbox 503 4870 613 4912; x_wconf 84' lang='lat' dir='ltr'><strong>non</strong></span> <span class='ocrx_word' id='word_1_699' title='bbox 641 4863 704 4910; x_wconf 80' lang='lat' dir='ltr'><strong>ut</strong></span> <span class='ocrx_word' id='word_1_700' title='bbox 731 4854 989 4909; x_wconf 83' lang='lat' dir='ltr'><strong>alienam.</strong></span> <span class='ocrx_word' id='word_1_701' title='bbox 1022 4851 1240 4909; x_wconf 86' lang='lat' dir='ltr'><strong>Etenim</strong></span> <span class='ocrx_word' id='word_1_702' title='bbox 1271 4851 1404 4906; x_wconf 89' lang='lat' dir='ltr'><strong>dum</strong></span> <span class='ocrx_word' id='word_1_703' title='bbox 1440 4852 1821 4922; x_wconf 81' lang='lat' dir='ltr'><strong>impatientius</strong></span> <span class='ocrx_word' id='word_1_704' title='bbox 1878 4853 2077 4908; x_wconf 87' lang='lat' dir='ltr'><strong>conﬂi-</strong></span> 
     </span>
    </p>
   </div>
   <div class='ocr_carea' id='block_1_91' title="bbox 498 4944 2074 5015">
    <p class='ocr_par' dir='ltr' id='par_1_91' title="bbox 498 4944 2074 5015">
     <span class='ocr_line' id='line_1_91' title="bbox 498 4944 2074 5015; baseline -0.001 -16"><span class='ocrx_word' id='word_1_705' title='bbox 498 4946 664 4999; x_wconf 72' lang='lat' dir='ltr'><strong>craris</strong></span> <span class='ocrx_word' id='word_1_706' title='bbox 686 4945 979 4999; x_wconf 83' lang='lat' dir='ltr'><strong>adversum</strong></span> <span class='ocrx_word' id='word_1_707' title='bbox 1002 4959 1097 4999; x_wconf 89' lang='lat' dir='ltr'><strong>eas</strong></span> <span class='ocrx_word' id='word_1_708' title='bbox 1120 4960 1243 5013; x_wconf 68' lang='lat' dir='ltr'><strong>quae</strong></span> <span class='ocrx_word' id='word_1_709' title='bbox 1261 4951 1312 4999; x_wconf 90' lang='lat' dir='ltr'><strong>te</strong></span> <span class='ocrx_word' id='word_1_710' title='bbox 1340 4944 1697 4999; x_wconf 71' lang='lat' dir='ltr'><strong>vehementer</strong></span> <span class='ocrx_word' id='word_1_711' title='bbox 1716 4944 1921 5015; x_wconf 81' lang='lat' dir='ltr'><strong>alioqui</strong></span> <span class='ocrx_word' id='word_1_712' title='bbox 1947 4961 2074 5015; x_wconf 83' lang='lat' dir='ltr'><strong>pre-</strong></span> 
     </span>
    </p>
   </div>
   <div class='ocr_carea' id='block_1_92' title="bbox 499 5037 2078 5107">
    <p class='ocr_par' dir='ltr' id='par_1_92' title="bbox 499 5037 2078 5107">
     <span class='ocr_line' id='line_1_92' title="bbox 499 5037 2078 5107; baseline 0 -16"><span class='ocrx_word' id='word_1_713' title='bbox 499 5044 661 5093; x_wconf 80' lang='lat' dir='ltr'><strong>munt</strong></span> <span class='ocrx_word' id='word_1_714' title='bbox 700 5037 969 5093; x_wconf 87' lang='lat' dir='ltr'><strong>violentas</strong></span> <span class='ocrx_word' id='word_1_715' title='bbox 1015 5037 1426 5107; x_wconf 78' lang='lat' dir='ltr'><strong>impressiones,</strong></span> <span class='ocrx_word' id='word_1_716' title='bbox 1464 5046 1520 5091; x_wconf 80' lang='lat' dir='ltr'><strong>et</strong></span> <span class='ocrx_word' id='word_1_717' title='bbox 1556 5037 1697 5093; x_wconf 82' lang='lat' dir='ltr'><strong>alios</strong></span> <span class='ocrx_word' id='word_1_718' title='bbox 1724 5037 1944 5093; x_wconf 85' lang='lat' dir='ltr'><strong>interim</strong></span> <span class='ocrx_word' id='word_1_719' title='bbox 1988 5038 2078 5091; x_wconf 61' lang='lat' dir='ltr'><strong>in-</strong></span> 
     </span>
    </p>
   </div>
   <div class='ocr_carea' id='block_1_93' title="bbox 496 5128 2080 5202">
    <p class='ocr_par' dir='ltr' id='par_1_93' title="bbox 496 5128 2080 5202">
     <span class='ocr_line' id='line_1_93' title="bbox 496 5128 2080 5202; baseline -0.003 -15"><span class='ocrx_word' id='word_1_720' title='bbox 496 5142 678 5193; x_wconf 72' lang='lat' dir='ltr'><strong>casas,</strong></span> <span class='ocrx_word' id='word_1_721' title='bbox 709 5128 866 5199; x_wconf 82' lang='lat' dir='ltr'><strong>quasi</strong></span> <span class='ocrx_word' id='word_1_722' title='bbox 894 5128 987 5198; x_wconf 86' lang='lat' dir='ltr'><strong>qui</strong></span> <span class='ocrx_word' id='word_1_723' title='bbox 1016 5145 1124 5184; x_wconf 91' lang='lat' dir='ltr'><strong>non</strong></span> <span class='ocrx_word' id='word_1_724' title='bbox 1157 5128 1309 5186; x_wconf 84' lang='lat' dir='ltr'><strong>noris</strong></span> <span class='ocrx_word' id='word_1_725' title='bbox 1336 5146 1430 5185; x_wconf 86' lang='lat' dir='ltr'><strong>eas</strong></span> <span class='ocrx_word' id='word_1_726' title='bbox 1462 5130 1557 5185; x_wconf 90' lang='lat' dir='ltr'><strong>Dei</strong></span> <span class='ocrx_word' id='word_1_727' title='bbox 1582 5129 1795 5187; x_wconf 85' lang='lat' dir='ltr'><strong>indicio</strong></span> <span class='ocrx_word' id='word_1_728' title='bbox 1821 5129 2080 5202; x_wconf 66' lang='lat' dir='ltr'><strong>contigis—</strong></span> 
     </span>
    </p>
   </div>
   <div class='ocr_carea' id='block_1_94' title="bbox 500 5219 2076 5290">
    <p class='ocr_par' dir='ltr' id='par_1_94' title="bbox 500 5219 2076 5290">
     <span class='ocr_line' id='line_1_94' title="bbox 500 5219 2076 5290; baseline -0.001 -13"><span class='ocrx_word' id='word_1_729' title='bbox 500 5221 742 5290; x_wconf 82' lang='lat' dir='ltr'><strong>se:jam</strong></span> <span class='ocrx_word' id='word_1_730' title='bbox 784 5228 842 5276; x_wconf 85' lang='lat' dir='ltr'><strong>tu</strong></span> <span class='ocrx_word' id='word_1_731' title='bbox 873 5219 1073 5276; x_wconf 71' lang='lat' dir='ltr'><strong>divinae</strong></span> <span class='ocrx_word' id='word_1_732' title='bbox 1118 5221 1413 5277; x_wconf 74' lang='lat' dir='ltr'><strong>reluctaris</strong></span> <span class='ocrx_word' id='word_1_733' title='bbox 1440 5221 1830 5276; x_wconf 89' lang='lat' dir='ltr'><strong>admonitioni.</strong></span> <span class='ocrx_word' id='word_1_734' title='bbox 1878 5221 1974 5277; x_wconf 91' lang='lat' dir='ltr'><strong>Sin</strong></span> <span class='ocrx_word' id='word_1_735' title='bbox 2021 5231 2076 5277; x_wconf 93' lang='lat' dir='ltr'><strong>tu</strong></span> 
     </span>
    </p>
   </div>
   <div class='ocr_carea' id='block_1_95' title="bbox 496 5313 2074 5390">
    <p class='ocr_par' dir='ltr' id='par_1_95' title="bbox 496 5313 2074 5390">
     <span class='ocr_line' id='line_1_95' title="bbox 496 5313 2074 5390; baseline -0.001 -21"><span class='ocrx_word' id='word_1_736' title='bbox 496 5330 595 5375; x_wconf 76' lang='lat' dir='ltr'><strong>eas</strong></span> <span class='ocrx_word' id='word_1_737' title='bbox 625 5328 781 5390; x_wconf 56' lang='lat' dir='ltr'><strong>atque</strong></span> <span class='ocrx_word' id='word_1_738' title='bbox 816 5313 1019 5367; x_wconf 87' lang='lat' dir='ltr'><strong>toleras</strong></span> <span class='ocrx_word' id='word_1_739' title='bbox 1048 5314 1254 5378; x_wconf 88' lang='lat' dir='ltr'><strong>animo,</strong></span> <span class='ocrx_word' id='word_1_740' title='bbox 1288 5315 1455 5384; x_wconf 84' lang='lat' dir='ltr'><strong>plane</strong></span> <span class='ocrx_word' id='word_1_741' title='bbox 1496 5314 1672 5386; x_wconf 89' lang='lat' dir='ltr'><strong>liquet</strong></span> <span class='ocrx_word' id='word_1_742' title='bbox 1712 5324 1767 5371; x_wconf 85' lang='lat' dir='ltr'><strong>te</strong></span> <span class='ocrx_word' id='word_1_743' title='bbox 1794 5315 2074 5371; x_wconf 87' lang='lat' dir='ltr'><strong>sustinere</strong></span> 
     </span>
    </p>
   </div>
   <div class='ocr_carea' id='block_1_96' title="bbox 495 5405 2076 5469">
    <p class='ocr_par' dir='ltr' id='par_1_96' title="bbox 495 5405 2076 5469">
     <span class='ocr_line' id='line_1_96' title="bbox 495 5405 2076 5469; baseline 0.001 -8"><span class='ocrx_word' id='word_1_744' title='bbox 495 5406 818 5469; x_wconf 83' lang='lat' dir='ltr'><strong>Dominum.</strong></span> <span class='ocrx_word' id='word_1_745' title='bbox 870 5405 950 5462; x_wconf 84' lang='lat' dir='ltr'><strong>lle</strong></span> <span class='ocrx_word' id='word_1_746' title='bbox 992 5406 1060 5461; x_wconf 87' lang='lat' dir='ltr'><strong>de</strong></span> <span class='ocrx_word' id='word_1_747' title='bbox 1121 5422 1179 5462; x_wconf 89' lang='lat' dir='ltr'><strong>re</strong></span> <span class='ocrx_word' id='word_1_748' title='bbox 1247 5408 1412 5463; x_wconf 82' lang='lat' dir='ltr'><strong>docet</strong></span> <span class='ocrx_word' id='word_1_749' title='bbox 1478 5424 1582 5464; x_wconf 90' lang='lat' dir='ltr'><strong>nos</strong></span> <span class='ocrx_word' id='word_1_750' title='bbox 1644 5408 2076 5465; x_wconf 72' lang='lat' dir='ltr'><strong>Parmmiastes:</strong></span> 
     </span>
    </p>
   </div>
   <div class='ocr_carea' id='block_1_97' title="bbox 503 5498 2074 5571">
    <p class='ocr_par' dir='ltr' id='par_1_97' title="bbox 503 5498 2074 5571">
     <span class='ocr_line' id='line_1_97' title="bbox 503 5498 2074 5571; baseline 0.001 -19"><span class='ocrx_word' id='word_1_751' title='bbox 503 5518 527 5551; x_wconf 73' lang='grc' dir='ltr'>ί</span> <span class='ocrx_word' id='word_1_752' title='bbox 563 5498 887 5568; x_wconf 80' lang='lat' dir='ltr'><strong>Priusquam</strong></span> <span class='ocrx_word' id='word_1_753' title='bbox 921 5499 1347 5564; x_wconf 82' lang='lat' dir='ltr'><strong>examinaveris,</strong></span> <span class='ocrx_word' id='word_1_754' title='bbox 1372 5515 1438 5554; x_wconf 90' lang='lat' dir='ltr'><strong>ne</strong></span> <span class='ocrx_word' id='word_1_755' title='bbox 1478 5500 1851 5570; x_wconf 81' lang='lat' dir='ltr'><strong>reprehendas</strong></span> <span class='ocrx_word' id='word_1_756' title='bbox 1878 5516 2074 5571; x_wconf 79' lang='lat' dir='ltr'><strong>quem-</strong></span> 
     </span>
    </p>
   </div>
   <div class='ocr_carea' id='block_1_98' title="bbox 504 5590 2074 5664">
    <p class='ocr_par' dir='ltr' id='par_1_98' title="bbox 504 5590 2074 5664">
     <span class='ocr_line' id='line_1_98' title="bbox 504 5590 2074 5664; baseline 0.004 -22"><span class='ocrx_word' id='word_1_757' title='bbox 504 5605 667 5661; x_wconf 75' lang='lat' dir='ltr'><strong>quam</strong></span> <span class='ocrx_word' id='word_1_758' title='bbox 700 5590 770 5646; x_wconf 92' lang='lat' dir='ltr'><strong>de</strong></span> <span class='ocrx_word' id='word_1_759' title='bbox 820 5590 904 5647; x_wconf 90' lang='lat' dir='ltr'><strong>his</strong></span> <span class='ocrx_word' id='word_1_760' title='bbox 934 5607 1055 5661; x_wconf 66' lang='lat' dir='ltr'><strong>quae</strong></span> <span class='ocrx_word' id='word_1_761' title='bbox 1101 5606 1235 5647; x_wconf 88' lang='lat' dir='ltr'><strong>aure</strong></span> <span class='ocrx_word' id='word_1_762' title='bbox 1280 5592 1544 5656; x_wconf 89' lang='lat' dir='ltr'><strong>didicisti,</strong></span> <span class='ocrx_word' id='word_1_763' title='bbox 1590 5594 1685 5648; x_wconf 89' lang='lat' dir='ltr'><strong>sed</strong></span> <span class='ocrx_word' id='word_1_764' title='bbox 1724 5601 1779 5648; x_wconf 88' lang='lat' dir='ltr'><strong>et</strong></span> <span class='ocrx_word' id='word_1_765' title='bbox 1833 5594 2074 5664; x_wconf 78' lang='lat' dir='ltr'><strong>intelligo</strong></span> 
     </span>
    </p>
   </div>
   <div class='ocr_carea' id='block_1_99' title="bbox 504 5682 2077 5755">
    <p class='ocr_par' dir='ltr' id='par_1_99' title="bbox 504 5682 2077 5755">
     <span class='ocr_line' id='line_1_99' title="bbox 504 5682 2077 5755; baseline 0.003 -18"><span class='ocrx_word' id='word_1_766' title='bbox 504 5683 769 5755; x_wconf 75' lang='lat' dir='ltr'><strong>primum,</strong></span> <span class='ocrx_word' id='word_1_767' title='bbox 817 5693 946 5739; x_wconf 86' lang='lat' dir='ltr'><strong>tunc</strong></span> <span class='ocrx_word' id='word_1_768' title='bbox 976 5684 1199 5753; x_wconf 88' lang='lat' dir='ltr'><strong>increpa</strong></span> <span class='ocrx_word' id='word_1_769' title='bbox 1232 5682 1316 5748; x_wconf 75' lang='lat'><strong>“;</strong></span> <span class='ocrx_word' id='word_1_770' title='bbox 1351 5684 1670 5754; x_wconf 83' lang='lat' dir='ltr'><strong>priusquam</strong></span> <span class='ocrx_word' id='word_1_771' title='bbox 1706 5684 1969 5749; x_wconf 80' lang='lat' dir='ltr'><strong>mulieris,</strong></span> <span class='ocrx_word' id='word_1_772' title='bbox 2010 5702 2077 5741; x_wconf 91' lang='lat' dir='ltr'><strong>ne</strong></span> 
     </span>
    </p>
   </div>
   <div class='ocr_carea' id='block_1_100' title="bbox 575 5861 1574 5924">
    <p class='ocr_par' dir='ltr' id='par_1_100' title="bbox 575 5861 1574 5924">
     <span class='ocr_line' id='line_1_100' title="bbox 575 5861 1574 5924; baseline -0.003 -5"><span class='ocrx_word' id='word_1_773' title='bbox 575 5864 815 5919; x_wconf 62' lang='lat' dir='ltr'><strong>&quot;1‘rov.</strong></span> <span class='ocrx_word' id='word_1_774' title='bbox 849 5879 993 5924; x_wconf 74' lang='lat' dir='ltr'><strong>xvm.</strong></span> <span class='ocrx_word' id='word_1_775' title='bbox 1031 5862 1121 5918; x_wconf 72' lang='lat'><strong>2|.</strong></span> <span class='ocrx_word' id='word_1_776' title='bbox 1202 5861 1378 5916; x_wconf 59' lang='grc' dir='ltr'><strong>πιθα.</strong></span> <span class='ocrx_word' id='word_1_777' title='bbox 1424 5880 1459 5921; x_wconf 81' lang='grc' dir='ltr'><strong>ι,</strong></span> <span class='ocrx_word' id='word_1_778' title='bbox 1485 5864 1574 5917; x_wconf 73' lang='lat'><strong>9.6.</strong></span> 
     </span>
    </p>
   </div>
   <div class='ocr_carea' id='block_1_101' title="bbox 510 5932 1882 5998">
    <p class='ocr_par' dir='ltr' id='par_1_101' title="bbox 510 5932 1882 5998">
     <span class='ocr_line' id='line_1_101' title="bbox 510 5932 1882 5998; baseline 0.001 -15"><span class='ocrx_word' id='word_1_779' title='bbox 510 5933 601 5998; x_wconf 64' lang='lat'><strong>27».</strong></span> <span class='ocrx_word' id='word_1_780' title='bbox 679 5936 718 5966; x_wconf 76' lang='lat'><strong><em>“</em></strong></span> <span class='ocrx_word' id='word_1_781' title='bbox 749 5934 793 5987; x_wconf 91' lang='lat' dir='ltr'><strong>ll</strong></span> <span class='ocrx_word' id='word_1_782' title='bbox 824 5933 949 5987; x_wconf 77' lang='lat' dir='ltr'><strong>Cor.</strong></span> <span class='ocrx_word' id='word_1_783' title='bbox 986 5932 1190 5995; x_wconf 59' lang='lat'><strong>“1.9.0.</strong></span> <span class='ocrx_word' id='word_1_784' title='bbox 1273 5935 1315 5964; x_wconf 59' lang='grc' dir='ltr'><strong>τ’</strong></span> <span class='ocrx_word' id='word_1_785' title='bbox 1347 5934 1534 5988; x_wconf 74' lang='lat' dir='ltr'><strong>Matth.</strong></span> <span class='ocrx_word' id='word_1_786' title='bbox 1567 5950 1657 5997; x_wconf 77' lang='lat' dir='ltr'><strong>xu,</strong></span> <span class='ocrx_word' id='word_1_787' title='bbox 1686 5935 1774 5995; x_wconf 73' lang='lat' dir='ltr'><strong>5i,</strong></span> <span class='ocrx_word' id='word_1_788' title='bbox 1797 5934 1882 5985; x_wconf 61' lang='lat'><strong>33.</strong></span> 
     </span>
    </p>
   </div>
   <div class='ocr_carea' id='block_1_102' title="bbox 1656 5860 2405 5925">
    <p class='ocr_par' dir='ltr' id='par_1_102' title="bbox 1656 5860 2405 5925">
     <span class='ocr_line' id='line_1_102' title="bbox 1656 5860 2405 5925; baseline -0.007 -7"><span class='ocrx_word' id='word_1_789' title='bbox 1656 5863 1829 5917; x_wconf 72' lang='lat' dir='ltr'><strong>“Jac.</strong></span> <span class='ocrx_word' id='word_1_790' title='bbox 1865 5879 1939 5923; x_wconf 85' lang='grc' dir='ltr'>ιιι,</span> <span class='ocrx_word' id='word_1_791' title='bbox 1969 5863 2021 5914; x_wconf 65' lang='grc' dir='ltr'><strong>εἰ.</strong></span> <span class='ocrx_word' id='word_1_792' title='bbox 2100 5862 2141 5891; x_wconf 82' lang='grc'><strong>³⁷</strong></span> <span class='ocrx_word' id='word_1_793' title='bbox 2177 5860 2309 5915; x_wconf 83' lang='lat' dir='ltr'><strong>ibid.</strong></span> <span class='ocrx_word' id='word_1_794' title='bbox 2351 5862 2405 5925; x_wconf 81' lang='lat'><em>6,</em></span> 
     </span>
    </p>
   </div>
   <div class='ocr_carea' id='block_1_103' title="bbox 1960 5930 2382 5996">
    <p class='ocr_par' dir='ltr' id='par_1_103' title="bbox 1960 5930 2382 5996">
     <span class='ocr_line' id='line_1_103' title="bbox 1960 5930 2382 5996; baseline 0 -11"><span class='ocrx_word' id='word_1_795' title='bbox 1960 5930 2003 5963; x_wconf 74' lang='grc'><strong>’⁸³</strong></span> <span class='ocrx_word' id='word_1_796' title='bbox 2043 5932 2174 5986; x_wconf 88' lang='lat' dir='ltr'><strong>Luc.</strong></span> <span class='ocrx_word' id='word_1_797' title='bbox 2204 5948 2273 5996; x_wconf 84' lang='lat' dir='ltr'><strong>\‘l,</strong></span> <span class='ocrx_word' id='word_1_798' title='bbox 2295 5932 2382 5985; x_wconf 76' lang='grc'>57.</span> 
     </span>
    </p>
   </div>
   <div class='ocr_carea' id='block_1_104' title="bbox 2171 4846 3716 4922">
    <p class='ocr_par' dir='ltr' id='par_1_104' title="bbox 2171 4846 3716 4922">
     <span class='ocr_line' id='line_1_104' title="bbox 2171 4846 3716 4922; baseline -0.006 -17"><span class='ocrx_word' id='word_1_799' title='bbox 2171 4851 2447 4916; x_wconf 78' lang='grc' dir='ltr'>ἐξετάσαι,</span> <span class='ocrx_word' id='word_1_800' title='bbox 2483 4851 2557 4922; x_wconf 82' lang='grc' dir='ltr'>μὴ</span> <span class='ocrx_word' id='word_1_801' title='bbox 2591 4850 2782 4921; x_wconf 73' lang='grc' dir='ltr'>μέμψῃ</span> <span class='ocrx_word' id='word_1_802' title='bbox 2808 4851 2873 4904; x_wconf 78' lang='grc' dir='ltr'>δι’</span> <span class='ocrx_word' id='word_1_803' title='bbox 2911 4851 3101 4918; x_wconf 72' lang='grc' dir='ltr'>ἀκοῆςο</span> <span class='ocrx_word' id='word_1_804' title='bbox 3127 4850 3264 4904; x_wconf 77' lang='grc' dir='ltr'>ἀλλὰ</span> <span class='ocrx_word' id='word_1_805' title='bbox 3293 4852 3481 4920; x_wconf 77' lang='grc' dir='ltr'>νόησον</span> <span class='ocrx_word' id='word_1_806' title='bbox 3511 4846 3716 4917; x_wconf 77' lang='grc' dir='ltr'>πρῶτον,</span> 
     </span>
    </p>
   </div>
   <div class='ocr_carea' id='block_1_105' title="bbox 2174 4940 3717 5015">
    <p class='ocr_par' dir='ltr' id='par_1_105' title="bbox 2174 4940 3717 5015">
     <span class='ocr_line' id='line_1_105' title="bbox 2174 4940 3717 5015; baseline -0.006 -15"><span class='ocrx_word' id='word_1_807' title='bbox 2174 4945 2269 5000; x_wconf 73' lang='grc' dir='ltr'>καὶ</span> <span class='ocrx_word' id='word_1_808' title='bbox 2296 4945 2415 4997; x_wconf 83' lang='grc' dir='ltr'>τότε</span> <span class='ocrx_word' id='word_1_809' title='bbox 2448 4943 2709 5015; x_wconf 67' lang='grc' dir='ltr'><strong>ἐπι-τίμα⁹</strong></span> <span class='ocrx_word' id='word_1_810' title='bbox 2747 4943 2879 5013; x_wconf 69' lang='grc' dir='ltr'>πρὶν</span> <span class='ocrx_word' id='word_1_811' title='bbox 2914 4942 3168 5007; x_wconf 86' lang='grc' dir='ltr'>ἀκοῦσαι,</span> <span class='ocrx_word' id='word_1_812' title='bbox 3205 4942 3282 5014; x_wconf 80' lang='grc' dir='ltr'>μὴ</span> <span class='ocrx_word' id='word_1_813' title='bbox 3309 4942 3613 5012; x_wconf 78' lang='grc' dir='ltr'>ἀποκρίνου,</span> <span class='ocrx_word' id='word_1_814' title='bbox 3640 4940 3717 4993; x_wconf 75' lang='grc' dir='ltr'>καὶ</span> 
     </span>
    </p>
   </div>
   <div class='ocr_carea' id='block_1_106' title="bbox 2178 5030 3718 5108">
    <p class='ocr_par' dir='ltr' id='par_1_106' title="bbox 2178 5030 3718 5108">
     <span class='ocr_line' id='line_1_106' title="bbox 2178 5030 3718 5108; baseline -0.002 -18"><span class='ocrx_word' id='word_1_815' title='bbox 2178 5039 2234 5094; x_wconf 81' lang='grc' dir='ltr'><strong>ἐν</strong></span> <span class='ocrx_word' id='word_1_816' title='bbox 2266 5036 2416 5108; x_wconf 81' lang='grc' dir='ltr'>μέσῳ</span> <span class='ocrx_word' id='word_1_817' title='bbox 2442 5035 2618 5105; x_wconf 84' lang='grc' dir='ltr'>λόγων</span> <span class='ocrx_word' id='word_1_818' title='bbox 2664 5036 2746 5107; x_wconf 81' lang='grc' dir='ltr'>μὴ</span> <span class='ocrx_word' id='word_1_819' title='bbox 2778 5035 3033 5089; x_wconf 72' lang='grc' dir='ltr'>ἐπίϐαλλε</span> <span class='ocrx_word' id='word_1_820' title='bbox 3062 5036 3371 5107; x_wconf 79' lang='grc' dir='ltr'>ρἦα.”οτι</span> <span class='ocrx_word' id='word_1_821' title='bbox 3393 5035 3607 5095; x_wconf 80' lang='grc' dir='ltr'>θάνατος</span> <span class='ocrx_word' id='word_1_822' title='bbox 3638 5030 3718 5087; x_wconf 70' lang='grc' dir='ltr'>καὶ</span> 
     </span>
    </p>
   </div>
   <div class='ocr_carea' id='block_1_107' title="bbox 2180 5123 3716 5200">
    <p class='ocr_par' dir='ltr' id='par_1_107' title="bbox 2180 5123 3716 5200">
     <span class='ocr_line' id='line_1_107' title="bbox 2180 5123 3716 5200; baseline -0.001 -19"><span class='ocrx_word' id='word_1_823' title='bbox 2180 5128 2292 5198; x_wconf 78' lang='grc' dir='ltr'><strong>ζωὴ</strong></span> <span class='ocrx_word' id='word_1_824' title='bbox 2336 5128 2395 5180; x_wconf 85' lang='grc' dir='ltr'><strong>ἐν</strong></span> <span class='ocrx_word' id='word_1_825' title='bbox 2422 5128 2570 5200; x_wconf 73' lang='grc' dir='ltr'>χειρὶ</span> <span class='ocrx_word' id='word_1_826' title='bbox 2610 5127 2880 5198; x_wconf 74' lang='grc' dir='ltr'>γλώσσης.</span> <span class='ocrx_word' id='word_1_827' title='bbox 2921 5147 2940 5180; x_wconf 77' lang='grc' dir='ltr'><strong>ι</strong></span> <span class='ocrx_word' id='word_1_828' title='bbox 2986 5126 3133 5183; x_wconf 68' lang='grc' dir='ltr'>Καί*</span> <span class='ocrx_word' id='word_1_829' title='bbox 3172 5146 3191 5180; x_wconf 77' lang='grc' dir='ltr'><strong>ι</strong></span> <span class='ocrx_word' id='word_1_830' title='bbox 3243 5128 3337 5191; x_wconf 85' lang='grc' dir='ltr'><strong>Εἰς</strong></span> <span class='ocrx_word' id='word_1_831' title='bbox 3360 5123 3470 5182; x_wconf 81' lang='grc' dir='ltr'>ὦτα</span> <span class='ocrx_word' id='word_1_832' title='bbox 3514 5125 3716 5194; x_wconf 74' lang='grc' dir='ltr'>ἄφρονος</span> 
     </span>
    </p>
   </div>
   <div class='ocr_carea' id='block_1_108' title="bbox 2184 5213 3713 5292">
    <p class='ocr_par' dir='ltr' id='par_1_108' title="bbox 2184 5213 3713 5292">
     <span class='ocr_line' id='line_1_108' title="bbox 2184 5213 3713 5292; baseline -0.018 -3"><span class='ocrx_word' id='word_1_833' title='bbox 2184 5219 2350 5291; x_wconf 73' lang='grc' dir='ltr'>μηδὲν</span> <span class='ocrx_word' id='word_1_834' title='bbox 2377 5218 2502 5287; x_wconf 79' lang='grc' dir='ltr'>λέγε</span> <span class='ocrx_word' id='word_1_835' title='bbox 2525 5260 2541 5284; x_wconf 73' lang='grc' dir='ltr'><strong>ν</strong></span> <span class='ocrx_word' id='word_1_836' title='bbox 2592 5220 2666 5290; x_wconf 84' lang='grc' dir='ltr'>μή</span> <span class='ocrx_word' id='word_1_837' title='bbox 2700 5237 2831 5272; x_wconf 79' lang='grc' dir='ltr'>ποτε</span> <span class='ocrx_word' id='word_1_838' title='bbox 2868 5219 3186 5292; x_wconf 80' lang='grc' dir='ltr'>μυκτηρίσῃ</span> <span class='ocrx_word' id='word_1_839' title='bbox 3213 5220 3341 5283; x_wconf 75' lang='grc' dir='ltr'>τοῦς</span> <span class='ocrx_word' id='word_1_840' title='bbox 3373 5213 3607 5275; x_wconf 76' lang='grc' dir='ltr'>συνετούς</span> <span class='ocrx_word' id='word_1_841' title='bbox 3634 5228 3713 5264; x_wconf 82' lang='grc' dir='ltr'><strong>σου</strong></span> 
     </span>
    </p>
   </div>
   <div class='ocr_carea' id='block_1_109' title="bbox 2179 5307 3714 5385">
    <p class='ocr_par' dir='ltr' id='par_1_109' title="bbox 2179 5307 3714 5385">
     <span class='ocr_line' id='line_1_109' title="bbox 2179 5307 3714 5385; baseline -0.005 -21"><span class='ocrx_word' id='word_1_842' title='bbox 2179 5310 2389 5376; x_wconf 77' lang='grc' dir='ltr'>λόγους.</span> <span class='ocrx_word' id='word_1_843' title='bbox 2428 5331 2445 5362; x_wconf 87' lang='grc' dir='ltr'><strong>ι</strong></span> <span class='ocrx_word' id='word_1_844' title='bbox 2478 5311 2586 5365; x_wconf 72' lang='grc' dir='ltr'><strong>Καὶ</strong></span> <span class='ocrx_word' id='word_1_845' title='bbox 2615 5312 2802 5385; x_wconf 71' lang='grc' dir='ltr'>ἕτερος</span> <span class='ocrx_word' id='word_1_846' title='bbox 2827 5330 2841 5346; x_wconf 89' lang='grc'><strong>·</strong></span> <span class='ocrx_word' id='word_1_847' title='bbox 2879 5331 2898 5364; x_wconf 75' lang='grc' dir='ltr'><strong>ι</strong></span> <span class='ocrx_word' id='word_1_848' title='bbox 2931 5311 3105 5376; x_wconf 78' lang='grc' dir='ltr'>Σοφοῦ</span> <span class='ocrx_word' id='word_1_849' title='bbox 3142 5312 3343 5383; x_wconf 76' lang='grc' dir='ltr'>καρδία</span> <span class='ocrx_word' id='word_1_850' title='bbox 3373 5310 3564 5375; x_wconf 78' lang='grc' dir='ltr'>δέξεται</span> <span class='ocrx_word' id='word_1_851' title='bbox 3589 5307 3714 5358; x_wconf 77' lang='grc' dir='ltr'>ἐντο-</span> 
     </span>
    </p>
   </div>
   <div class='ocr_carea' id='block_1_110' title="bbox 2179 5394 3710 5474">
    <p class='ocr_par' dir='ltr' id='par_1_110' title="bbox 2179 5394 3710 5474">
     <span class='ocr_line' id='line_1_110' title="bbox 2179 5394 3710 5474; baseline 0.002 -19"><span class='ocrx_word' id='word_1_852' title='bbox 2179 5402 2278 5465; x_wconf 77' lang='grc' dir='ltr'>λάς</span> <span class='ocrx_word' id='word_1_853' title='bbox 2297 5420 2311 5434; x_wconf 83' lang='lat'><strong><em>°</em></strong></span> <span class='ocrx_word' id='word_1_854' title='bbox 2338 5405 2366 5457; x_wconf 85' lang='lat'><strong>6</strong></span> <span class='ocrx_word' id='word_1_855' title='bbox 2384 5404 2443 5457; x_wconf 72' lang='grc' dir='ltr'>δὲ</span> <span class='ocrx_word' id='word_1_856' title='bbox 2471 5405 2601 5458; x_wconf 82' lang='grc' dir='ltr'>ἆστε</span> <span class='ocrx_word' id='word_1_857' title='bbox 2614 5422 2701 5473; x_wconf 82' lang='grc' dir='ltr'><strong>γος</strong></span> <span class='ocrx_word' id='word_1_858' title='bbox 2734 5405 2986 5474; x_wconf 78' lang='grc' dir='ltr'>χείλεσιν,</span> <span class='ocrx_word' id='word_1_859' title='bbox 3024 5403 3328 5467; x_wconf 75' lang='grc' dir='ltr'>σκολιάζων</span> <span class='ocrx_word' id='word_1_860' title='bbox 3355 5394 3710 5459; x_wconf 72' lang='grc' dir='ltr'>ὑποσκελισθή⁶</span> 
     </span>
    </p>
   </div>
   <div class='ocr_carea' id='block_1_111' title="bbox 2182 5486 3710 5567">
    <p class='ocr_par' dir='ltr' id='par_1_111' title="bbox 2182 5486 3710 5567">
     <span class='ocr_line' id='line_1_111' title="bbox 2182 5486 3710 5567; baseline 0.003 -20"><span class='ocrx_word' id='word_1_861' title='bbox 2182 5512 2357 5551; x_wconf 85' lang='grc' dir='ltr'>σεται.</span> <span class='ocrx_word' id='word_1_862' title='bbox 2401 5513 2419 5547; x_wconf 82' lang='grc' dir='ltr'><strong>ι</strong></span> <span class='ocrx_word' id='word_1_863' title='bbox 2454 5496 2616 5565; x_wconf 83' lang='grc' dir='ltr'>Λέγει</span> <span class='ocrx_word' id='word_1_864' title='bbox 2640 5497 2698 5549; x_wconf 80' lang='grc' dir='ltr'>δὲ</span> <span class='ocrx_word' id='word_1_865' title='bbox 2728 5499 2821 5549; x_wconf 72' lang='grc' dir='ltr'>καὶ</span> <span class='ocrx_word' id='word_1_866' title='bbox 2853 5500 2881 5550; x_wconf 92' lang='grc' dir='ltr'>ὁ</span> <span class='ocrx_word' id='word_1_867' title='bbox 2924 5497 3361 5567; x_wconf 76' lang='grc' dir='ltr'>Ἐκκλησιαστής</span> <span class='ocrx_word' id='word_1_868' title='bbox 3384 5512 3397 5527; x_wconf 88' lang='grc'><strong>·</strong></span> <span class='ocrx_word' id='word_1_869' title='bbox 3428 5512 3450 5545; x_wconf 73' lang='grc' dir='ltr'><strong>ι</strong></span> <span class='ocrx_word' id='word_1_870' title='bbox 3483 5492 3567 5552; x_wconf 68' lang='lat' dir='ltr'><strong>E1;</strong></span> <span class='ocrx_word' id='word_1_871' title='bbox 3595 5486 3710 5538; x_wconf 74' lang='grc' dir='ltr'><strong>πάν⁰</strong></span> 
     </span>
    </p>
   </div>
   <div class='ocr_carea' id='block_1_112' title="bbox 2186 5577 3707 5657">
    <p class='ocr_par' dir='ltr' id='par_1_112' title="bbox 2186 5577 3707 5657">
     <span class='ocr_line' id='line_1_112' title="bbox 2186 5577 3707 5657; baseline 0.004 -16"><span class='ocrx_word' id='word_1_872' title='bbox 2186 5607 2286 5653; x_wconf 80' lang='grc' dir='ltr'><strong>τας</strong></span> <span class='ocrx_word' id='word_1_873' title='bbox 2316 5589 2512 5657; x_wconf 84' lang='grc' dir='ltr'>λόγους</span> <span class='ocrx_word' id='word_1_874' title='bbox 2540 5587 2632 5650; x_wconf 80' lang='grc' dir='ltr'>οὓς</span> <span class='ocrx_word' id='word_1_875' title='bbox 2661 5587 2912 5643; x_wconf 84' lang='grc' dir='ltr'>λαλοῦσιν</span> <span class='ocrx_word' id='word_1_876' title='bbox 2945 5589 2994 5641; x_wconf 77' lang='grc' dir='ltr'>οἱ</span> <span class='ocrx_word' id='word_1_877' title='bbox 3023 5588 3263 5653; x_wconf 74' lang='grc' dir='ltr'>ἀσεϐεῖς,</span> <span class='ocrx_word' id='word_1_878' title='bbox 3307 5588 3379 5657; x_wconf 83' lang='grc' dir='ltr'>μὴ</span> <span class='ocrx_word' id='word_1_879' title='bbox 3404 5584 3494 5656; x_wconf 76' lang='grc' dir='ltr'><strong>θῇς</strong></span> <span class='ocrx_word' id='word_1_880' title='bbox 3518 5577 3707 5647; x_wconf 68' lang='grc' dir='ltr'><strong>καρδίαν</strong></span> 
     </span>
    </p>
   </div>
   <div class='ocr_carea' id='block_1_113' title="bbox 2191 5669 3701 5753">
    <p class='ocr_par' dir='ltr' id='par_1_113' title="bbox 2191 5669 3701 5753">
     <span class='ocr_line' id='line_1_113' title="bbox 2191 5669 3701 5753; baseline -0.002 -16"><span class='ocrx_word' id='word_1_881' title='bbox 2191 5701 2285 5737; x_wconf 88' lang='grc' dir='ltr'><strong>σου</strong></span> <span class='ocrx_word' id='word_1_882' title='bbox 2310 5700 2325 5717; x_wconf 79' lang='grc'><em>’</em></span> <span class='ocrx_word' id='word_1_883' title='bbox 2350 5683 2445 5738; x_wconf 72' lang='grc' dir='ltr'>καὶ</span> <span class='ocrx_word' id='word_1_884' title='bbox 2467 5685 2524 5736; x_wconf 89' lang='grc' dir='ltr'><strong>ἐν</strong></span> <span class='ocrx_word' id='word_1_885' title='bbox 2551 5682 2799 5753; x_wconf 80' lang='grc' dir='ltr'>ταμείοις</span> <span class='ocrx_word' id='word_1_886' title='bbox 2831 5682 3090 5747; x_wconf 81' lang='grc' dir='ltr'>κοιτῶνος</span> <span class='ocrx_word' id='word_1_887' title='bbox 3141 5700 3233 5735; x_wconf 88' lang='grc' dir='ltr'><strong>σου</strong></span> <span class='ocrx_word' id='word_1_888' title='bbox 3267 5682 3326 5734; x_wconf 79' lang='grc' dir='ltr'>οὺ</span> <span class='ocrx_word' id='word_1_889' title='bbox 3357 5681 3426 5750; x_wconf 88' lang='grc' dir='ltr'>μή</span> <span class='ocrx_word' id='word_1_890' title='bbox 3456 5669 3701 5739; x_wconf 70' lang='grc' dir='ltr'>καταράση</span> 
     </span>
    </p>
   </div>
   <div class='ocr_carea' id='block_1_114' title="bbox 2485 5850 3701 5923">
    <p class='ocr_par' dir='ltr' id='par_1_114' title="bbox 2485 5850 3701 5923">
     <span class='ocr_line' id='line_1_114' title="bbox 2485 5850 3701 5923; baseline -0.016 -8"><span class='ocrx_word' id='word_1_891' title='bbox 2485 5860 2526 5891; x_wconf 76' lang='grc'><strong>³⁸</strong></span> <span class='ocrx_word' id='word_1_892' title='bbox 2556 5859 2691 5914; x_wconf 89' lang='lat' dir='ltr'><strong>ibid.</strong></span> <span class='ocrx_word' id='word_1_893' title='bbox 2770 5859 2813 5891; x_wconf 80' lang='lat'><strong>”</strong></span> <span class='ocrx_word' id='word_1_894' title='bbox 2842 5859 3011 5913; x_wconf 73' lang='lat' dir='ltr'><strong>Eecli.</strong></span> <span class='ocrx_word' id='word_1_895' title='bbox 3042 5877 3150 5923; x_wconf 76' lang='lat' dir='ltr'><strong>xw,</strong></span> <span class='ocrx_word' id='word_1_896' title='bbox 3180 5859 3225 5913; x_wconf 89' lang='grc'>1.</span> <span class='ocrx_word' id='word_1_897' title='bbox 3305 5860 3346 5889; x_wconf 73' lang='grc'><strong>⁸⁸</strong></span> <span class='ocrx_word' id='word_1_898' title='bbox 3381 5850 3530 5911; x_wconf 84' lang='lat' dir='ltr'><strong>Eccli.</strong></span> <span class='ocrx_word' id='word_1_899' title='bbox 3551 5858 3701 5909; x_wconf 76' lang='lat' dir='ltr'><strong>xxvm,</strong></span> 
     </span>
    </p>
   </div>
   <div class='ocr_carea' id='block_1_115' title="bbox 2465 5931 2971 5994">
    <p class='ocr_par' dir='ltr' id='par_1_115' title="bbox 2465 5931 2971 5994">
     <span class='ocr_line' id='line_1_115' title="bbox 2465 5931 2971 5994; baseline 0 -8"><span class='ocrx_word' id='word_1_900' title='bbox 2465 5933 2502 5962; x_wconf 74' lang='lat'><strong>&#39;”</strong></span> <span class='ocrx_word' id='word_1_901' title='bbox 2545 5932 2714 5987; x_wconf 77' lang='grc' dir='ltr'><strong>Ε‹·ιίἰ.</strong></span> <span class='ocrx_word' id='word_1_902' title='bbox 2742 5947 2850 5994; x_wconf 73' lang='lat' dir='ltr'><strong>lxx,</strong></span> <span class='ocrx_word' id='word_1_903' title='bbox 2881 5931 2971 5986; x_wconf 81' lang='lat' dir='ltr'><strong>l7.</strong></span> 
     </span>
    </p>
   </div>
  </div>
