3868 6504
128 267 248 335 1537
951 262 1275 322 IIOMILIA
1314 260 1561 322 XXXII.
1585 285 1652 298 -·
1685 262 1689 321 ξ

1820 260 2499 321 CONTR-ADICTIONE.
3218 263 3353 331 1538

125 380 359 437 πλούσιον
381 418 397 443 ,
431 376 509 431 ὅτι
534 372 777 427 πετεινὸν
803 371 898 428 τοῦ
930 374 1161 446 οὑρανοῦ
1202 376 1421 429 ἀποίσει
1446 393 1537 428 σου
1568 374 1668 445 τὴν

1795 372 2124 443 ιθεροηάεαε,
2156 381 2211 428 et
2250 373 2305 427 in
2333 373 2516 429 medio
2567 387 2885 429 sermonum
2931 390 2999 431 ne
3061 376 3358 435 intersems

125 474 314 547 φωνήν.
352 488 369 523 ι
418 468 476 522 '0
516 468 572 521 δὲ
604 466 814 530 Παῦλος
834 466 1142 519 ἐπιστέλλει
1171 466 1347 534 λέγων
1370 485 1384 498 ο
1422 485 1440 519 ι
1494 467 1675 520 ’Λδελο

1795 467 2082 533 verbum“,
2106 466 2237 537 quia
2255 481 2405 521 mors
2430 475 2485 521 et
2502 465 2610 520 vita
2640 467 2696 520 in
2720 481 2885 521 manu
2909 467 3111 539 linguae
3127 471 3231 535 ⁸⁸»,
3251 471 3317 526 Ει
3340 490 3355 526 :

125 569 223 638 φοι,
260 562 573 633 ἀνεχόμενοι
599 558 849 630 ἀλλήλων
873 601 888 625 ,
920 559 1017 614 καὶ
1057 558 1409 631 χαριζόμενοι
1448 562 1674 625 ἑαυτοὺς

1795 557 1908 613 tAd
1926 573 2086 613 aures
2108 557 2265 612 stulti
2312 556 2453 611 nihil
2500 556 2612 621 die,
2638 572 2709 611 ne
2742 555 2885 611 forte
2910 558 3217 613 subsaunet
3234 575 3360 615 eru-

123 661 207 715 ἐάν
230 675 311 722 τις
336 656 470 728 πρός
498 670 619 707 τινα
658 652 756 723 ἔχῃ
792 652 1029 724 μορφὴν,
1056 653 1240 716 καθὼς
1270 653 1363 707 καὶ
1388 654 1417 706 ό
1441 653 1676 724 Χριστὸς

1795 649 1921 704 litos
1946 658 2069 704 tuos
2090 664 2395 705 sermones.
2422 668 2441 701 ι
2462 648 2616 703 Alter
2637 649 2769 703 item
2790 646 3020 719 Sapiens
3052 667 3066 703 :
3088 669 3106 701 ι
3138 651 3248 707 Cor
3269 668 3361 708 ex.

123 750 396 822 ἐχαρίσατο
432 748 582 818 ἡμῖν,
606 744 781 809 οὕτως
808 746 903 799 κοιλ⁵
931 744 1111 816 ὑμεῖς.
1152 746 1276 800 Ἐπὶ
1310 748 1446 799 πᾶσι
1474 747 1529 798 δὲ
1549 745 1673 800 τού·-

1795 743 1947 813 :ipiet
1968 742 2225 797 mandata
2241 742 2311 807 ‘7;
2337 741 2432 811 qui
2456 751 2638 797 autem
2659 742 3087 797 intolerabiliter
3107 752 3267 799 vacat
3286 744 3363 799 la-

122 858 239 904 τοις,
269 841 367 909 τὴν
403 838 657 905 ἀγάπην,
701 835 729 887 ὃ
758 834 907 888 ἐστιν
943 834 1239 905 σύνδεσμος
1267 835 1363 903 τῆς
1400 834 1675 905 τελειότη-

1795 836 1908 899 ιίἰς,
1928 834 2376 905 supplantahitur
2397 834 2494 889 δ’.»
2517 835 2663 890 Dicit
2685 846 2868 889 autem
2889 845 2947 889 et
2965 835 3358 891 Ecclesiastes:

122 950 221 995 τος.
276 950 294 984 ι
330 928 621 999 Γενώμεθα
660 924 753 983 οὖν
779 926 1095 997 πειθόμενοι
1127 926 1204 998 τῷ
1231 926 1431 994 Παύλῳ
1452 927 1675 981 ἐπαλεί-

1795 929 1897 982 ιΑά
1922 927 2107 982 omnia
2139 928 2311 982 verba
2356 928 2987 998 qualoquenturimpii,
3018 944 3087 983 ne
3118 943 3364 999 apponas

123 1039 263 1093 φοντι
311 1021 480 1092 ἡμᾶς,
542 1019 627 1073 ἴνα
684 1020 760 1091 μὴ
802 1017 1128 1087 ἀκούσωμεν
1182 1017 1333 1088 παρὰ
1365 1015 1536 1071 Ἰούδα.
1578 1015 1672 1070 τοῦ

1795 1038 1877 1077 :or
1916 1029 2169 1085 tuum,et
2191 1020 2247 1075 in
2270 1020 2519 1075 conclavi
2543 1021 2744 1075 cubilis
2770 1022 2849 1076 tui
2884 1037 2955 1075 ne
2986 1021 3127 1075 male
3155 1020 3363 1076 dixeris

123 1110 333 1181 ἀδελφοῦ
388 1108 669 1175 Ἰακώϐου,
725 1111 810 1164 ὅτι
866 1126 885 1160 ι
933 1100 1093 1162 Οὗτοί
1152 1110 1290 1162 εἰσιν
1330 1108 1673 1177 γογγυσταί,

1795 1113 1961 1177 liviti,
1989 1114 2119 1183 quia
2144 1112 2261 1167 avis
2284 1112 2408 1167 coeli
2436 1112 2681 1182 portabit
2700 1129 2893 1168 vocem
2912 1122 3060 1168 tuam
3082 1112 3145 1168 δ’.
3180 1134 3198 1167 ι
3218 1114 3361 1168 Pau-

126 1203 486 1276 μεμψίμοιροι,
521 1202 665 1255 κατά
695 1200 796 1262 τὰς
826 1199 1122 1270 ἐπιθυμίας
1156 1198 1339 1253 αὐτῶν
1369 1201 1675 1271 πορευόμε-

1803 1221 1866 1260 us
1892 1204 2022 1260 item
2057 1220 2157 1274 per
2186 1203 2471 1274 epistolam
2506 1203 2643 1258 dicit
2674 1222 2687 1258 :
2720 1204 2993 1271 «Fratres,
3025 1214 3359 1275 supportan-

127 1315 211 1351 νοι.
243 1296 349 1350 Καὶ
383 1294 443 1347 τὸ
477 1293 650 1362 στόμα
686 1292 864 1346 αὐτῶν
912 1291 1068 1345 λαλεῖ
1111 1292 1426 1363 ὑπέρογκα·
1458 1291 1675 1362 θαυμά-

1795 1314 1865 1355 es
1899 1299 2135 1353 invicem
2169 1298 2513 1353 etdonantes
2548 1298 2977 1369 vobismetipsis,
3000 1300 3045 1354 si
3097 1300 3222 1369 quis
3259 1299 3361 1354 ad-

122 1392 308 1453 ζοντες,
352 1385 644 1456 πρόσωπα,
670 1384 940 1454 ὠφελείας
960 1383 1141 1455 χάριν.
1176 1403 1193 1434 ι
1222 1384 1295 1436 Τὸ
1318 1383 1425 1454 γὰρ
1456 1382 1674 1453 μέμφε-

1795 1406 1976 1446 versus
2000 1390 2238 1461 aliquem
2271 1390 2439 1445 habet
2469 1390 2751 1460 querelam
2785 1408 2800 1457 ;
2836 1392 2982 1446 sicut
3004 1400 3061 1446 et
3106 1390 3363 1447 Christus

124 1482 251 1545 σθαι,
279 1479 449 1533 οὐδενὶ
474 1478 757 1549 ἁρμόττει,
787 1478 835 1530 εί
866 1477 942 1548 μὴ
976 1477 1159 1545 μόνοις
1193 1479 1302 1541 τοῖς
1334 1478 1673 1547 Φαρισαίοις,

1795 1482 2009 1537 ionavit
2036 1483 2215 1540 vobis.
2245 1482 2325 1537 sic
2347 1490 2403 1536 et
2434 1498 2534 1537 vos
2557 1499 2572 1536 :
2592 1498 2760 1553 super
2792 1482 2981 1538 omnia
3005 1494 3188 1538 autem
3221 1484 3360 1549 haec,

122 1572 186 1627 ὡς
225 1566 565 1631 δικαιοῦντας
607 1566 861 1631 ἑαυτούς,
892 1566 1056 1620 Ὅθεν
1095 1568 1188 1621 καὶ
1218 1570 1305 1621 ὅτε
1335 1569 1386 1620 oi
1434 1568 1675 1640 μαθηταὶ

1795 1576 2106 1631 :haritatem
2154 1576 2375 1642 habete,
2427 1575 2573 1645 quod
2598 1585 2685 1630 est
2730 1576 3016 1630 vinculum
3069 1576 3364 1647 perfectio-

124 1662 204 1717 τοῦ
250 1662 451 1734 Κυρίου
505 1660 835 1723 ἐπείνασαν,
878 1659 971 1713 καὶ
1006 1659 1247 1730 ἤρξαντο
1291 1659 1494 1712 τίλλειν
1549 1662 1675 1725 τοὺς

1795 1665 1979 1720 τίθη.»
1999 1666 2114 1720 Mos
2135 1681 2265 1719 sane
2282 1665 2557 1736 gerendus
2576 1665 2818 1720 Paulina:
2840 1665 2930 1720 isti
2957 1666 3242 1732 doctrinae,
3255 1681 3362 1736 qua

125 1756 341 1825 στάχυας
379 1754 475 1807 καὶ
515 1752 737 1818 ἐσθίειν,
775 1752 826 1805 οἱ
850 1753 1130 1822 Φαρισαῖοι
1161 1749 1314 1805 εἷπον
1345 1751 1420 1822 τῷ
1448 1753 1638 1825 Κυρίῳ
1663 1770 1676 1784 ·

1795 1773 1887 1814 nos
1927 1757 1994 1813 ad
2039 1758 2388 1812 subeundam
2419 1758 2732 1827 palaestram
2771 1773 2874 1812 ceu
2897 1767 3178 1813 ceromate
3212 1759 3362 1824 linit,

130 1863 146 1898 ι
188 1844 309 1899 ’ἰδοὺ
338 1845 386 1896 οἱ
436 1842 681 1914 μαθηταί
732 1859 827 1895 σου
868 1841 1169 1895 ποιοῦσινὸ
1195 1842 1294 1896 οὑκ
1336 1842 1452 1897 ἔστι
1503 1844 1678 1897 ποιεῖν

1795 1847 2050 1916 additque
2077 1848 2248 1910 vires,
2281 1846 2575 1915 nequando
2607 1846 2663 1900 in
2692 1861 2794 1901 nos
2818 1846 3077 1901 audiatur
3105 1856 3363 1903 contorta

125 1940 175 1993 ὲν
216 1938 321 2000 τοῖς
347 1935 648 1990 Σάϐὅασιν.
691 1954 710 1987 ι
745 1936 805 1988 Oi
832 1935 1311 2006 κατακρινόμενοι,
1340 1935 1467 2005 τοὺς
1494 1936 1679 2006 ἀμέμ-

1795 1939 1878 1994 illa
1928 1938 2083 1994 Judae
2111 1938 2298 1994 fratris
2328 1938 2519 1994 Jacobi
2558 1940 2831 1993 sententia
2859 1956 2873 1992 :
2901 1938 2998 1994 illi
3044 1948 3173 1994 sunt
3213 1955 3365 1995 mur-

127 2045 273 2094 πτους
308 2027 636 2099 ἐμέμφοντο.
664 2027 724 2080 ’0
746 2026 802 2080 δὲ
824 2027 1143 2094 ἀνεξίκακος
1175 2026 1377 2097 Κύριος
1403 2026 1539 2098 πρὸς
1584 2029 1682 2081 αὑ-

1795 2039 2112 2094 muratores,
2145 2031 2450 2100 querulosi,
2475 2038 2531 2087 et
2577 2046 2640 2085 os
2660 2046 2855 2085 eorum
2891 2031 3136 2101 loquitur
3172 2047 3364 2103 super-

125 2119 253 2181 τούςο
274 2137 292 2170 ι
318 2119 430 2171 υὺκ
444 2118 781 2185 ἀνέγνωτετί
807 2118 1064 2189 ἐποίησεν
1075 2116 1239 2170 Δαυῖδ
1251 2118 1341 2170 ὅτε
1362 2118 1648 2172 ἐπείνασεν
1663 2157 1679 2182 ,

1795 2124 1887 2187 ba,
1929 2122 2266 2177 admirantes
2295 2136 2557 2192 personas
2601 2131 2847 2192 quaestus
2894 2137 3062 2178 causa
3109 2126 3177 2177 “.
3205 2143 3223 2175 ι
3257 2125 3365 2179 Νρη

128 2213 208 2265 καὶ
230 2212 275 2263 oi
312 2210 428 2281 μετ’
462 2210 666 2277 αὐτοῦς
713 2210 831 2274 πῶς
878 2209 1129 2280 είσῆλθεν
1168 2212 1247 2273 είς
1275 2210 1366 2263 τὸν
1406 2207 1555 2264 οἷκον
1585 2209 1679 2264 τοῦ

1795 2216 1921 2271 mini
1977 2216 2163 2286 itaque
2205 2216 2467 2269 convenit
2493 2216 2572 2269 sic
2604 2231 2726 2270 esse
2758 2217 3074 2285 querulum,
3101 2217 3207 2271 nisi
3223 2216 3365 2272 Pha-

126 2302 277 2365 θεοῦ,
308 2304 551 2366 καὶτοὺς
579 2303 779 2373 ἄρτους
818 2302 918 2371 τῆς
965 2302 1278 2373 προθέσεως
1314 2302 1548 2371 ἔφαγεν,
1587 2302 1682 2368 οὓς

1795 2305 1977 2369 ris:eis,
2002 2313 2058 2358 et
2080 2304 2246 2370 solis;
2277 2305 2483 2375 quippe
2505 2304 2597 2375 qui
2633 2306 2847 2376 seipsos
2872 2307 3104 2376 iustitia:
3139 2310 3365 2364 nomine

126 2394 212 2447 οὑκ
242 2393 411 2458 ἔξεστι
454 2396 654 2462 φαγεῖν
686 2394 735 2445 εί
779 2392 855 2464 μὴ
886 2395 997 2456 τοῖς
1035 2394 1242 2464 ἱερεῦσι
1269 2394 1474 2464 μόνοις.
1517 2414 1534 2446 ι
1573 2396 1681 2448 Καὶ

1795 2398 2091 2453 venditant.
2120 2396 2277 2453 Unde
2313 2406 2369 2452 et
2402 2397 2660 2468 discipuli
2683 2399 2900 2453 Domini
2928 2401 3040 2453 acri
3071 2399 3213 2456 fame
3234 2415 3363 2457 cum

129 2486 373 2540 παιδεύων
403 2487 607 2549 αὑτοὺς
640 2485 713 2557 μὴ
754 2486 1069 2556 μέμφεσθαι
1104 2487 1348 2555 ἀκαίρως
1376 2490 1503 2551 τοὺς
1532 2488 1685 2541 ἀναι-

1795 2497 2135 2560 urgerentur,
2154 2489 2561 2558 cmpissentque
2577 2488 2817 2559 primum
2837 2491 3016 2560 spicas
3030 2492 3362 2560 convellere,

127 2583 277 2646 τίους,
301 2582 393 2636 καὶ
439 2580 701 2653 προσθεὶς
744 2577 901 2635 εἶπεν
921 2597 934 2611 ⁸
968 2598 986 2631 ι
1030 2581 1093 2633 El
1121 2580 1176 2634 δὲ
1207 2581 1272 2634 ἂν
1306 2581 1596 2649 ἐγνώκειτε
1624 2580 1679 2633 τί

1795 2591 1834 2637 ξι
1860 2581 2103 2637 inediam
2126 2597 2233 2651 qua
2269 2580 2721 2645 laborabant,vel
2750 2584 2964 2638 tantillo
2987 2585 3368 2649 levare,'Pha-

130 2678 276 2739 ἐστιν,
307 2674 452 2727 ελεον
474 2673 619 2727 θέλω
648 2674 742 2726 καὶ
759 2673 820 2725 ού
852 2672 1064 2726 θυσίαν’
1111 2692 1129 2725 ι
1162 2674 1261 2726 οὐκ
1295 2673 1359 2726 ἃν
1389 2673 1680 2726 κατεδικά-

1795 2674 1920 2727 'isaei
1947 2673 2205 2727 dixerunt
2240 2674 2472 2727 Domino
2506 2692 2518 2727 :
2554 2674 2724 2729 «Ecce
2746 2674 3005 2745 discipuli
3051 2677 3129 2731 tui
3154 2676 3366 2732 faciunt

131 2783 241 2820 σατε
265 2769 385 2830 τοὺς
426 2766 727 2828 ἀναιτίους.
761 2764 964 2836 Κύριος
1009 2765 1119 2834 γὰρ
1162 2766 1342 2829 ἐστὶν,
1385 2765 1414 2817 ό
1440 2765 1555 2829 υίὸς
1583 2763 1679 2818 τοῦ

1795 2764 1923 2835 ιιιοι]
1951 2781 2059 2820 non
2108 2765 2240 2820 licet
2288 2765 2467 2821 facere
2515 2766 2860 2822 Sabbatis".
2906 2786 2925 2819 ι
2999 2769 3208 2839 1081
3268 2769 3363 2826 Isti

129 2858 393 2928 ἀνθρώπου
423 2860 522 2914 καὶ
552 2858 648 2912 τοῦ
684 2857 990 2911 Σαϐϐάτου.
1019 2857 1181 2927 Αὐτῷ
1210 2858 1243 2928 ἡ
1277 2856 1405 2924 δόξα
1433 2858 1513 2921 είς
1553 2858 1681 2922 τοὺς

1795 2872 1953 2926 quam
1982 2872 2360 2927 promeruere,
2387 2858 2721 2913 sententiam
2755 2860 3236 2916 condemnationis
3277 2877 3365 2917 re-

131 2950 307 3014 αίῶνας
336 2952 442 3004 τῶν
472 2950 707 3005 αἰώνων.
756 2950 951 3019 Ἀμήν.

1795 2950 2049 3013 .ulerunt,
2078 2950 2224 3020 quod
2250 2951 2372 3005 illos
2411 2950 2541 3005 falsa
2569 2950 2843 3007 delatione
2889 2954 3237 3024 sugillassent
3268 2954 3365 3025 qui

130 3043 246 3099 nulli
268 3052 419 3099 erant
443 3043 624 3113 culpa:
640 3043 887 3099 obnoxii.
920 3042 1189 3098 Dominus
1218 3042 1489 3114 siquidem
1518 3041 1729 3111 injuriae
1770 3042 1950 3097 omnis
1973 3043 2279 3097 immemori
2334 3043 2621 3113 respondit
2673 3063 2691 3096 ι
2728 3045 2870 3099 Num
2892 3046 3102 3118 legistis
3129 3049 3262 3119 quid
3288 3051 3368 3106 [θα-

128 3137 251 3192 csrit
287 3137 453 3192 David
496 3153 624 3192 cum
651 3139 890 3194 esuriret
919 3138 1036 3207 ipse
1062 3146 1117 3192 ct
1155 3139 1250 3207 qui
1296 3152 1421 3193 cum
1463 3153 1530 3192 eo
1574 3145 1754 3199 erant,
1794 3136 2075 3205 quomodo
2100 3137 2382 3207 ingressus
2420 3136 2492 3191 sit
2530 3136 2754 3191 domum
2787 3139 2907 3204 Dei,
2936 3147 2993 3194 et
3023 3156 3190 3209 panes
3235 3157 3366 3211 pro-

132 3228 399 3285 nositionis
442 3230 709 3295 comedit,
740 3246 882 3302 quos
943 3246 1053 3284 non
1111 3230 1312 3285 licebat
1364 3230 1530 3285 edere
1575 3229 1683 3284 nisi
1721 3229 1855 3284 solis
1892 3228 2277 3285 sacerdotibus
2305 3231 2386 3284 l"?
2422 3250 2442 3281 ι
2506 3230 2634 3285 Illos
2700 3230 2821 3287 istis
2858 3233 3043 3288 verbis
3086 3249 3210 3289 cum
3239 3250 3369 3289 eru-

130 3323 274 3387 uiret,
301 3334 443 3381 utne
469 3327 835 3395 imposterutn
856 3326 1121 3381 adversus
1143 3326 1394 3381 insontes
1429 3325 1894 3395 intempestiviter
1956 3325 2421 3395 dequererentur,
2483 3327 2702 3382 tuduxit
2734 3345 2746 3381 :
2786 3345 2803 3378 ι
2848 3328 2904 3383 Si
2971 3330 3192 3385 sciretis
3232 3330 3363 3401 quid

130 3426 221 3480 est,
237 3417 669 3473 misericordiam
698 3417 826 3472 volo
854 3425 911 3472 et
937 3432 1047 3472 non
1070 3417 1403 3472 sacriﬁcium
1436 3417 1520 3471 ’δε
1548 3434 1567 3468 ι
1591 3416 1785 3487 utique
1828 3415 1932 3471 hos
1980 3430 2091 3471 non
2118 3416 2592 3473 condemuassetis
2645 3418 2917 3474 innoxios.
2935 3419 3198 3476 Dominus
3217 3422 3365 3477 enim

132 3519 205 3566 est
232 3511 394 3567 Filius
422 3510 669 3567 hominis
691 3512 859 3567 etiam
886 3511 1136 3568 Sahbati.
1163 3511 1272 3582 lpsi
1303 3512 1482 3583 gloria
1514 3510 1573 3565 in
1593 3511 1816 3567 saecula.
1852 3511 2048 3567 Amen.

708 3620 927 3678 ΛΟΓΟΣ
954 3623 1077 3678 ΛΒ⁹.

2360 3622 2642 3679 IIOMILIA
2678 3620 2899 3679 XXXII.

618 3737 757 3807 Περὶ
796 3739 1170 3809 ἀντιλογίας.

202 3850 260 3904 Ἦ
288 3852 569 3921 ἀντιλογία
612 3852 705 3906 καὶ
737 3853 770 3922 ἡ
817 3852 1085 3923 ἰταμότης
1114 3852 1219 3905 ὑπὸ
1248 3850 1345 3905 τοῦ
1385 3850 1552 3920 ζυγοῦ
1587 3852 1688 3923 τῆς

135 3939 310 4003 κακίας
340 3941 690 4011 σφίγγονται.
734 3938 795 3993 '0
838 3939 947 4013 γὰρ
977 3939 1281 4010 ἀντίλογος,
1312 3940 1577 3994 ίσοσθενεί
1610 3938 1688 4010 τῷ

134 4030 440 4103 ἀφηνιαστῇ.
478 4032 639 4086 Θέλει
665 4032 774 4103 γὰρ
804 4032 890 4085 ἀεὶ
919 4032 1390 4102 καταγωνίζεσθαι
1428 4033 1570 4087 κατά
1589 4033 1688 4103 τῆς

134 4121 404 4191 ἀληθείας,
450 4127 549 4178 καὶ
580 4123 791 4194 συχνῶς
830 4123 1104 4177 κλονεῖται
1143 4122 1549 4194 πολεμούμενος
1589 4120 1688 4175 τοῦ

137 4212 515 4285 καθηγεῖσθαι·
558 4215 740 4279 καθὼς
782 4216 880 4269 καὶ
932 4217 991 4270 ὲν
1022 4214 1101 4286 τῷ
1139 4217 1292 4286 νόμῳ
1331 4215 1643 4284 γέγραπται
1670 4230 1685 4244 ’

136 4306 204 4361 ὅτι
241 4308 545 4381 ἀνέστησαν
579 4308 658 4380 τῷ
719 4309 961 4379 Μωῦσῇ,
993 4307 1172 4380 Κορὲ,
1218 4307 1313 4361 καὶ
1355 4306 1558 4369 Δαθὰν,
1596 4306 1689 4359 καὶ

147 4398 388 4472 ’Λόιρώνο
439 4402 541 4457 καὶ
604 4400 861 4473 ἐθυμώθη
914 4400 1120 4472 Κύριος
1166 4400 1255 4455 ἐπ’
1320 4402 1521 4464 αὑτοῖς.
1579 4398 1691 4453 Καὶ

137 4487 337 4560 ἠνοίχθη
370 4492 402 4561 ἡ
432 4490 508 4560 γῆ
535 4489 892 4545 ὑποκάτωθεν
924 4490 1106 4543 αὑτῶν
1127 4532 1143 4556 ,
1172 4490 1266 4542 καὶ
1303 4489 1564 4543 κατέπιεν
1593 4489 1689 4543 αύ-

136 4578 245 4643 τοὺς
278 4582 518 4645 καὶτοὺς
547 4581 734 4645 οἴκους
766 4580 968 4636 αὑτῶν.
1008 4584 1072 4634 Οἱ
1103 4582 1211 4651 γὰρ
1245 4580 1355 4635 ἀπὸ
1393 4579 1528 4644 ἰδίας
1594 4580 1689 4633 δυ-

137 4673 354 4743 νάμεως,
394 4676 568 4748 χωρὶς
596 4676 762 4740 Θεοῦ,
800 4674 978 4748 ἀρχὰς
1023 4674 1446 4746 ιπιζητοῦντες,
1485 4676 1578 4728 καὶ
1622 4677 1688 4744 τῇ

138 4766 231 4821 ὑπὸ
266 4765 393 4826 Θεοῦ
441 4774 584 4843 ἀρχῇ
635 4771 1044 4841 ἀνθιστάμενοι,
1080 4769 1359 4833 τοιαύταις
1396 4768 1691 4840 τιμωρίαις

139 4858 450 4917 ὑπόκεινται.
481 4864 689 4933 Γράφει
720 4862 775 4916 δὲ
817 4863 914 4916 καὶ
942 4863 970 4915 ό
1002 4862 1327 4925 Ἀπόστολος
1360 4862 1490 4932 περί
1527 4877 1689 4914 τινων

2317 3736 2394 3791 De
2450 3738 2882 3793 contradictione.

1858 3849 2237 3905 Contradictio
2254 3851 2677 3905 etcontumacia
2705 3850 2864 3921 parili
2914 3853 3368 3925 constringuntur

1789 3943 2014 3998 malitia:
2047 3944 2200 4013 jugo.
2233 3941 2337 4008 Qui
2366 3942 2512 3996 enim
2541 3942 2894 4010 contradicit,
2916 3945 3106 4014 utique
3134 3956 3367 4002 conten-

1790 4033 1873 4088 dit
1911 4033 2149 4088 inveniri
2186 4032 2240 4088 ei
2282 4047 2507 4101 compar
2557 4032 2757 4088 robore
2796 4035 2886 4089 cui
2924 4050 3022 4090 sua
3058 4037 3368 4092 temeritate

1790 4134 2088 4180 contumax
2123 4134 2210 4181 est
2240 4135 2297 4182 et
2331 4127 2576 4180 rebellis.
2617 4124 2756 4180 Huic
2798 4126 3073 4195 siquidem
3122 4128 3369 4184 studium

1792 4225 1878 4271 est
1924 4231 2148 4285 perpes,
2186 4215 2408 4271 veritati
2459 4224 2520 4269 ut
2550 4223 2947 4281 controvertat,
2988 4232 3219 4287 eamque
3268 4218 3369 4271 im-

1790 4317 2020 4378 pugnet.
2055 4309 2193 4363 Dum
2216 4307 2366 4362 enim
2390 4318 2619 4363 cmteros
2662 4316 2723 4363 ut
2757 4316 2982 4363 anteeat
3014 4308 3366 4374 auctoritate,

1793 4400 2106 4454 connititur
2134 4416 2234 4470 pro
2267 4400 2416 4454 virili
2447 4417 2462 4467 ;
2496 4399 2817 4470 frequentes
2840 4400 3136 4455 admodum
3183 4403 3373 4457 concit

1793 4492 2004 4558 turbas,
2030 4492 2246 4548 illorum
2271 4492 2523 4562 exemplo
2556 4494 2624 4548 de
2647 4493 2849 4563 quibus
2882 4494 2938 4547 in
2958 4493 3078 4563 lege
3099 4494 3368 4563 scriptum

1791 4593 1897 4650 est,
1922 4601 2123 4655 nempe
2158 4585 2319 4651 Core,
2339 4586 2554 4639 Dathan
2590 4592 2647 4639 et
2675 4584 2905 4651 Ahiron,
2934 4585 3154 4654 quando
3199 4586 3256 4639 in
3290 4584 3370 4639 fa-

1793 4677 1934 4733 ciem
1983 4677 2312 4732 restiterunt
2351 4676 2544 4748 Moysi.
2586 4676 2652 4732 Et
2685 4677 2893 4732 irratus
2928 4687 3014 4732 est
3050 4676 3238 4731 furore
3270 4677 3371 4732 Do-

1794 4769 1999 4833 minus,
2035 4768 2250 4837 subque
2285 4768 2506 4822 illorum
2534 4768 2781 4838 vestigiis
2808 4768 3070 4838 adaperta
3091 4777 3175 4823 est
3198 4778 3368 4833 terra,

1793 4869 1849 4914 et
1875 4874 1972 4914 eos
2005 4859 2282 4928 ahsorpsit
2324 4858 2597 4928 simulque
2644 4858 2859 4913 illorum
2890 4858 3249 4914 domicilia".
3303 4858 3369 4915 Hi

139 4949 525 5022 ἀντιλεγόντων,
576 4953 751 5018 οὔτως
778 4972 792 4987 ·
854 4974 872 5005 ι
918 4955 1015 5008 ’ον
1061 4954 1264 5026 τρόπον
1333 4954 1541 5023 Ἰάννης
1595 4952 1689 5005 καὶ

1795 4951 1965 5015 enim,
1997 4952 2221 5021 pr0pria
2271 4950 2383 5004 nixi
2403 4950 2627 5015 virtute,
2667 4966 2776 5004 non
2813 4952 2944 5006 item
2972 4950 3069 5005 Dei
3119 4949 3370 5014 decreto,

140 5040 378 5116 Μαμϐρὶς
423 5048 763 5115 ἀντέστησαν
805 5047 884 5117 τῷ
926 5048 1156 5118 Μωῦσῇ,
1191 5045 1365 5109 οὑτως
1408 5044 1502 5098 καὶ
1548 5036 1693 5098 οὑτοι

140 5134 467 5196 ἀνθίστανται
521 5145 586 5214 τῇ
621 5141 849 5214 ἀληθείᾳ
874 5182 889 5206 ,
930 5140 1208 5209 ἄνθρωποι
1251 5137 1691 5208 κατεφθαρμένοι

142 5227 222 5281 τὸν
252 5228 399 5299 νοῦν,
434 5236 683 5305 ἀδόκιμοι
714 5234 841 5304 περὶ
875 5232 973 5303 τὴν
1006 5232 1211 5286 πίστιν.
1256 5250 1274 5282 ι
1321 5230 1556 5302 Ὁμοίως
1599 5231 1693 5283 καὶ

144 5318 193 5369 ὲν
212 5326 322 5387 ταῖς
365 5327 599 5397 Πράξεσι
648 5326 759 5380 τῶν
784 5325 1137 5387 ἀποστόλων,
1186 5323 1423 5391 Ἑλυμᾶς
1463 5325 1491 5375 ὁ
1520 5321 1694 5392 μάγος

145 5409 410 5469 ἀνθίστατο
427 5416 501 5489 τῷ
531 5417 725 5488 Παύλῳ
746 5415 930 5487 καὶτῷ
952 5415 1229 5486 Βαρνάϐᾳ,
1249 5413 1428 5484 ζητῶν
1454 5412 1545 5466 τὸν
1564 5411 1691 5465 ἀ-.θ-

1792 5042 2148 5097 ambitiosius
2176 5043 2509 5113 expetebant
2540 5042 2729 5113 populi
2752 5042 3147 5113 principatum,
3188 5059 3370 5113 eoque

1792 5136 2158 5190 reclamantcs
2182 5135 2525 5206 magistratui
2551 5136 2739 5190 divina
2767 5137 3120 5192 ordinatione
3144 5137 3369 5191 institu-

1794 5237 1872 5293 to,
1900 5227 2216 5283 istiusmodi
2266 5228 2592 5299 subjaeuere
2657 5230 2858 5297 ptenis.
2915 5228 3126 5285 Scribit
3183 5239 3373 5283 autem

1791 5328 1848 5372 et
1893 5318 2196 5389 Apostolus
2228 5320 2296 5374 de
2331 5321 2454 5375 istis
2493 5320 2589 5390 qui
2626 5321 3034 5375 contumaciter
3086 5320 3367 5375 contradi-

1790 5420 1925 5467 cunt
1960 5431 1973 5465 :
2021 5431 2038 5463 ι
2078 5412 2551 5479 Quemadmodum
2576 5414 2780 5470 Jannes
2807 5423 2861 5469 et
2891 5414 3162 5469 Mambres
3208 5411 3369 5467 resti-

212 5616 266 5694 ⁸⁸Α
288 5615 446 5679 Prov.
474 5642 547 5694 χι,
588 5627 638 5681 8.
716 5627 762 5659 ⁸⁸
792 5628 953 5682 Prov.
984 5638 1130 5687 xvtu.
1164 5625 1225 5679 21
1306 5622 1351 5656 ⁸⁷
1393 5624 1556 5694 Prov.
1583 5640 1656 5689 ut,
1687 5647 1689 5653 λ

1812 5620 2041 5694 "Prov.
2070 5640 2198 5689 χιιι,
2242 5622 2331 5680 12.
2422 5628 2467 5658 δ’
2508 5586 2674 5679 Εροὶί.
2698 5641 2751 5684 x.
2785 5622 2874 5678 20.
2979 5620 3023 5655 ‘°
3048 5618 3259 5677 Coloss.
3290 5631 3372 5680 ut,

155 5683 332 5753 13,“.
404 5694 443 5727 "
484 5683 681 5754 nias.
758 5696 995 5753 “Matii.
1021 5683 1186 5765 3111,2-
1260 5695 1307 5727 ⁸³
1332 5692 1536 5759 ibid.‘5,
1561 5683 1654 5749 if
1690 5694 1738 5728 ⁸⁸
1764 5693 1898 5749 ibid.
1918 5697 1968 5751 7.
2049 5683 2280 5765 "Num,
2323 5709 2432 5761 xvr,
2482 5696 2535 5762 l,
2575 5696 2608 5750 9.
2633 5711 2780 5768 seqq.
