4028 6526
544 276 682 345 1339

1822 263 2187 327 ANTIOCHI
2228 259 2576 321 MONACIII

3612 268 3719 335 lSlO

540 399 729 449 terunt
772 390 962 462 Moysi,
998 389 1146 445 itaet
1172 387 1230 442 hi
1274 386 1543 442 resistunt
1592 381 1840 446 veritati,
1866 379 2123 434 homines

2230 374 2433 427 ύπατον
2466 371 2790 443 διαστρέψαι
2839 371 2949 425 ἀπὸ
2996 371 3095 444 τῆς
3150 371 3411 436 πίστεως.
3445 378 3528 432 καὶ
3565 382 3726 451 εὐθέως

538 485 812 556 corrupti,
843 494 1027 540 mente
1063 481 1293 552 reprobi
1324 480 1472 535 circa
1503 477 1666 533 fidem
1699 477 1765 531 “.
1792 494 1808 525 ι
1840 473 1920 529 Ad
1958 487 2117 527 eum-

539 576 667 633 dem
696 576 922 631 modum
961 575 1183 646 Elymas
1228 587 1422 643 magus
1455 568 1659 625 restitit
1688 568 1860 622 Paulo
1907 574 1963 621 et
1985 564 2119 618 Bar-

540 669 717 731 nahre,
741 684 996 739 qumrens
1014 673 1266 721 avertere
1294 663 1683 734 proconsulem
1709 676 1737 715 a
1760 660 1864 714 fide
1886 680 1899 712 :
1920 658 1966 712 is
1991 674 2123 712 con-

542 762 727 818 festim
758 770 1075 817 exczecatus
1099 767 1183 814 est
1216 760 1283 823 ³⁷,
1317 759 1472 828 juxta
1505 756 1829 810 relationem
1855 751 2121 823 apostoli-

543 871 736 911 corum
786 854 1042 909 Actuum.
1074 851 1181 907 Sed
1222 859 1279 906 et
1319 850 1641 920 Apostolus,
1680 863 1779 918 per
1820 844 2121 915 Epistolam

543 945 683 1001 dicit
722 944 1017 998 Timotheo
1052 958 1066 996 :
1106 960 1123 992 ι
1159 940 1471 995 Alexander
1499 938 1731 994 aerarius
1760 936 1930 991 multa
1980 935 2125 988 mala

542 1036 789 1092 ostendit
815 1034 951 1089 mihi
987 1033 1222 1100 ;reddet
1250 1032 1300 1087 ei
1335 1031 1605 1087 Dominus
1636 1048 1648 1083 :
1680 1044 1842 1099 quem
1869 1037 1924 1082 et
1952 1036 2009 1081 tu
2031 1026 2127 1081 de-

542 1130 656 1185 vita
684 1146 698 1194 ;
727 1128 959 1183 multum
985 1126 1133 1181 enim
1158 1125 1365 1181 restitit
1394 1125 1582 1179 verbis
1608 1121 1898 1177 nostris":
1925 1140 1940 1171 ι
1966 1119 2126 1174 ethic

542 1220 761 1292 dignam
810 1215 1113 1287 reportavit
1166 1231 1265 1269 sua
1319 1213 1754 1269 contradictione
1786 1210 2125 1266 vicissitudi-

540 1329 667 1369 nem
686 1328 751 1366 ac
774 1310 1110 1367 mercedem.
1133 1309 1390 1363 Michaaas
1410 1306 1682 1378 propheta
1706 1306 1903 1375 lugens
1923 1303 2129 1358 effera—

544 1415 657 1461 tam
712 1405 904 1477 populi
970 1403 1366 1465 rebellionem,
1423 1400 1502 1455 ait
1542 1418 1555 1453 :
1595 1417 1612 1449 ι
1659 1398 1874 1467 Lingua
1931 1412 2127 1452 eorum

542 1498 762 1553 elevata
791 1506 878 1552 est
919 1496 973 1550 in
1001 1512 1100 1551 ore
1142 1497 1393 1565 ipsorum
1447 1494 1516 1567 "._
1552 1511 1571 1544 ι
1617 1490 2125 1553 Heimihi,anima,

541 1588 675 1656 quia
724 1585 894 1657 periit
932 1586 1058 1655 pius
1096 1600 1127 1639 a
1155 1595 1323 1638 terra.
1368 1582 1528 1638 Alius
1573 1582 1764 1657 item;
1814 1580 2131 1635 «Contradi-

542 1676 756 1730 ctiones
772 1674 1004 1729 suscitat
1030 1674 1213 1728 omnis
1233 1673 1412 1728 malus
1430 1674 1473 1704 ⁶⁰
1494 1690 1508 1738 ;
1528 1672 1797 1726 Dominus
1817 1680 2001 1726 autem
2027 1688 2127 1726 an-

542 1767 725 1838 gelum
773 1763 1544 1821 immiscricordemimmitet
1580 1767 1631 1819 ei
1693 1764 1758 1817 “.
1831 1764 2120 1817 Rursum:

550 1877 567 1906 ι
599 1857 883 1927 Sapientia
924 1857 1169 1911 hominis
1204 1856 1450 1913 illustrat
1473 1857 1667 1911 faciem
1700 1857 1820 1927 ejus
1848 1856 1915 1919 ",
1944 1856 2127 1926 impu-

542 1948 681 2004 dens
705 1957 890 2004 autem
931 1948 1071 2003 facie
1102 1948 1329 2003 odibilis
1365 1950 1474 2003 erit
1507 1949 1603 2003 ⁸³.»
1632 1949 1737 2003 Et:
1771 1968 1789 2001 ς
1811 1948 1916 2016 Qui
1940 1949 2127 2019 loqui-7

547 2052 642 2096 tttr
681 2041 895 2111 iniqua,
930 2056 1042 2096 non
1084 2041 1315 2111 effugiet
1358 2042 1423 2106 “;
1474 2041 1566 2111 qui
1606 2041 1711 2095 sibi
1746 2052 1831 2095 est
1868 2057 2130 2112 nequam,

541 2135 631 2190 cui
663 2134 841 2189 bonus
874 2132 983 2188 erit
1011 2133 1097 2187 ⁸⁸2
1134 2153 1152 2185 ι
1178 2133 1428 2188 Similem
1461 2133 1517 2187 in
1550 2133 1777 2187 modum
1832 2133 2128 2188 Salomon:

550 2245 569 2279 ι
586 2226 760 2282 Malus
776 2240 902 2279 cum
934 2225 1273 2279 contumelia
1295 2234 1581 2295 perpetrat
1600 2226 1811 2289 mala“,
1832 2225 1925 2295 qui
1945 2236 2129 2280 autem

543 2316 756 2387 seipsos
775 2317 1068 2386 explorant
1089 2324 1144 2370 et
1163 2325 1494 2385 agnoscunt,
1516 2316 1803 2385 sapientes
1839 2325 1971 2369 sunt
2002 2315 2069 2368 ⁸⁷.
2104 2334 2122 2365 ›

546 2409 760 2481 1082
786 2408 1081 2463 Terrorem
1108 2407 1271 2462 nobis
1293 2422 1451 2462 sacra
1469 2408 1586 2463 haec
1606 2409 1844 2463 incutiat
1878 2408 2132 2478 Scriptu-

544 2518 636 2568 ra;
659 2519 721 2557 ac
742 2500 976 2572 proinde
993 2501 1063 2555 ab
1086 2501 1237 2555 omni
1267 2501 1578 2556 temeritate
1596 2510 1652 2556 et
1685 2501 2131 2556 contradictione

544 2594 943 2659 desciscamus,
961 2600 1021 2647 ut
1038 2608 1107 2647 ne
1130 2592 1323 2648 eadem
1346 2593 1414 2649 de
1434 2594 1597 2651 nobis
1619 2595 1755 2649 illud
1776 2595 2128 2665 pronuntiet:

553 2705 573 2741 ι
594 2687 923 2743 Curavimus
947 2686 1301 2759 Babylonem,
1321 2694 1376 2741 et
1404 2702 1513 2741 non
1532 2695 1619 2741 est
1645 2697 1834 2742 sanata
1850 2688 1914 2741 ⁸⁸.
1946 2706 1963 2738 ι
1987 2687 2132 2754 Quin

547 2781 734 2853 potius
778 2780 910 2835 illud
941 2777 1157 2835 exlsaia
1178 2779 1280 2850 ipsi
1315 2780 1507 2835 audire
1527 2795 1952 2850 promereamur
1982 2798 1996 2835 :
2030 2801 2047 2831 ι
2075 2779 2132 2835 Si

2220 464 2532 535 ἐτυφλώθη.
2559 466 2669 518 Καὶ
2702 465 2891 527 πάλιν,
2915 463 3247 518 ἐπιστέλλων
3278 465 3305 517 ὁ
3346 467 3629 537 ’Δπόστολος
3652 477 3728 530 Τι.

2223 557 2426 629 μοθέῳ,
2458 557 2625 625 φησίν
2651 571 2666 587 ο
2703 577 2721 607 ι
2777 557 3128 627 Ἀλέξανδρος
3151 558 3179 611 ὁ
3203 556 3426 627 χαλκεὺς
3446 561 3594 616 πολλὰ
3615 571 3735 624 κακά

2224 666 2315 721 μοι
2350 648 2685 714 ἐνεδείξατο·
2731 648 2955 719 ἀποδῴη
3004 648 3154 719 αὐτῷ
3186 648 3404 719 Κύριος.
3439 654 3525 705 Ὀν
3568 658 3648 711 καὶ
3683 662 3735 714 σὺ

2223 741 2503 811 φυλάσσου
2528 758 2543 774 ο
2571 740 2695 797 λίαν
2738 743 2849 812 γὰρ
2877 740 3214 810 ἀνθέστηκεν
3262 744 3371 805 τοῖς
3394 744 3648 815 ἡμετέροις
3670 749 3740 804 λό-

2222 851 2359 903 γοις.
2397 854 2417 887 ι
2453 834 2567 888 Καὶ
2621 833 2795 898 οὕτως
2829 832 3127 904 ἐκομίσατο
3174 833 3329 898 ἀξίαν
3364 835 3456 905 τῆς
3484 837 3741 910 ἀντιλογίας

2224 926 2576 998 ἀντάμειψιν.
2630 928 2742 981 Καὶ
2776 929 2804 980 ὁ
2846 927 3135 1000 προφήτης
3180 927 3434 998 Μιχαίας,
3465 930 3652 985 πενθῶν
3695 934 3745 987 τδ

2224 1020 2433 1091 ἀπηνὲς
2457 1019 2551 1072 τοῦ
2581 1017 2738 1082 λαοῦ,
2773 1019 2947 1084 οὕτως
2993 1020 3144 1087 λέγει
3172 1034 3186 1048 °
3219 1039 3235 1070 ι
3286 1020 3349 1072 'H
3373 1019 3573 1087 γλῶσσα
3598 1025 3746 1079 αὐτῶν

2226 1113 2415 1185 ὑψώθη
2442 1116 2499 1167 ἐν
2522 1112 2602 1183 τῷ
2628 1113 2857 1181 στόματι
2886 1112 3087 1167 αὐτῶν.
3124 1132 3143 1164 ι
3170 1114 3327 1183 Οῑμοι
3356 1112 3512 1185 ψυχὴ,
3536 1116 3607 1169 ὅτι
3625 1117 3747 1172 ἀπώ-
3796 1108 3801 1117 ’

2225 1208 2397 1261 λιυλεν
2427 1206 2667 1277 εὐλαϐὴς
2687 1207 2796 1261 ἀπὸ
2825 1207 2925 1278 τῆς
2954 1207 3084 1277 γῆς.
3126 1207 3239 1260 Kal.
3267 1206 3422 1270 ἄλλος
3440 1223 3453 1238 ⁸
3488 1227 3505 1260 ι
3553 1211 3750 1265 ’Δντιλο-

2226 1300 2351 1368 γίας
2376 1300 2582 1370 ἐγείρει
2606 1301 2715 1362 πᾶς
2747 1299 2938 1362 κακός.
2984 1299 3042 1352 ’0
3068 1299 3123 1353 δέ
3162 1299 3386 1371 Κύριος,
3419 1300 3628 1369 ἄγγελον
3652 1304 3751 1358 ἁνε-

2226 1393 2470 1462 λεήμονα
2500 1390 2993 1464 ἐπιπέμψειαὺτῷ.
3024 1411 3043 1445 ι
3076 1393 3184 1445 Καὶ
3224 1393 3410 1447 πάλιν·
3447 1413 3463 1443 ι
3504 1396 3653 1465 Σοφία
3677 1398 3752 1450 ἀν-

2229 1484 2449 1556 θρώπου
2478 1486 2674 1555 φωτιετ
2708 1485 3003 1557 πρόσωπον
3032 1484 3219 1539 αὑτοῦ.
3260 1503 3278 1537 ι
3307 1485 3450 1540 Καί·
3482 1505 3499 1537 ι
3552 1488 3755 1558 ’Λναιδὴς

2230 1575 2528 1649 προσώπῳ,
2566 1574 2956 1647 μισηθήσεται,
2992 1575 3086 1628 καὶ
3114 1574 3483 1646 φθεγγόμενος
3507 1576 3666 1645 ἄδικα⁹
3686 1580 3756 1633 οὐ.

2229 1670 2341 1733 δεὶς
2368 1670 2428 1723 οὑ
2465 1668 2541 1742 μὴ
2588 1668 2752 1739 λάθῃ.
2791 1668 2853 1721 '0
2884 1668 2993 1741 γὰρ
3023 1667 3260 1739 πονηρὸς
3288 1669 3465 1739 ἐαυτῷ
3487 1712 3500 1734 ,
3531 1672 3622 1723 τίνι
3650 1672 3759 1742 ἀγα-

2230 1758 2321 1824 θὸς
2361 1758 2554 1825 ἐσται;
2598 1778 2617 1812 ι
2693 1756 2970 1822 Ὡσαύτως
3017 1757 3113 1812 καὶ
3169 1760 3196 1811 ὁ
3240 1758 3519 1829 Σολομὼν·
3563 1781 3579 1811 ι
3612 1763 3759 1826 Kaqu

2229 1851 2348 1923 μεθ’
2379 1850 2613 1924 ὕϐρεως,
2646 1852 2886 1923 πράσσει
2916 1852 3084 1909 κακά·
3118 1853 3168 1906 οί
3195 1852 3251 1906 δὲ
3274 1851 3479 1906 ἑαυτῶν
3500 1853 3761 1926 ἐπιγνώμο·

2226 1962 2336 2011 νες,
2359 1943 2537 2014 σοφοί.
2562 1963 2581 1997 ι
2599 1944 2937 2016 Φοϐηθῶμεν
2957 1944 3073 2010 οὖν,
3098 1945 3345 2013 ἀδελφοὶ,
3373 1945 3467 2015 τὴν
3494 1946 3632 1999 θείαν
3650 1949 3761 2019 rga.

2228 2036 2357 2109 φὴν,
2390 2037 2486 2090 καὶ
2518 2036 2863 2108 παυσώμεθα
2894 2037 2988 2090 τοῦ
3012 2034 3156 2091 εἶναι
3182 2039 3367 2108 ίταμοὶ
3395 2040 3482 2091 καὶ
3510 2040 3760 2109 ἀντίλογοι,

2228 2130 2317 2184 ἵνα
2354 2129 2429 2200 μὴ
2474 2130 2607 2204 εἴπῃ
2669 2131 2762 2184 καὶ
2809 2132 2939 2201 περὶ
2992 2130 3190 2202 ἡμῶν·
3221 2150 3237 2182 ι
3284 2132 3653 2203 Ἰατρεῦσαμεν
3687 2135 3765 2205 τὴν

2229 2220 2547 2285 Βαϐυλῶνα,
2572 2221 2669 2274 καὶ
2699 2221 2801 2275 οὐκ
2849 2221 3006 2292 ίάσθη
3028 2239 3043 2252 ο
3090 2240 3108 2273 ι
3129 2224 3239 2277 Καὶ
3261 2224 3580 2293 ἀκούσωμεν
3605 2226 3765 2295 μᾶλλον

2230 2312 2325 2365 τοῦ
2345 2313 2567 2367 Ἡσαΐου
2604 2314 2873 2383 λέγοντος.
2909 2334 2926 2367 ι
2951 2314 3077 2368 Ἐὰν
3100 2314 3291 2385 θέλητε
3328 2316 3424 2370 καὶ
3455 2318 3765 2389 είσακοὺσητέ

2235 2428 2359 2482 μου,
2394 2411 2465 2465 τὰ
2508 2412 2689 2481 ἀγαθὰ
2726 2413 2825 2483 τῆς
2852 2413 2957 2482 γῆς
3006 2413 3268 2482 φάγεσθε.
3322 2434 3341 2465 ι
3388 2414 3571 2486 Ἡμεῖς
3614 2416 3766 2488 οὗντῇ

2230 2503 2708 2578 ταπεινοφροσύνῃ
2766 2506 2860 2559 καὶ
2895 2508 2960 2578 τῇ
2999 2508 3202 2577 ἡσυχίᾳ
3234 2508 3463 2571 ἑαυτοὺς
3506 2510 3769 2577 ἀσφαλισὼ-

2236 2596 2398 2664 μεθα.
2428 2597 2537 2650 Καὶ
2565 2598 2822 2667 ἑπόμενοι
2856 2601 2922 2669 τῇ
2964 2599 3083 2671 θείᾳ
3108 2600 3299 2671 Γραφῇ
3352 2601 3690 2671 ὑποταγῶμεν
3713 2602 3770 2671 τῷ

2233 2685 2424 2757 κλήρῳ
2477 2686 2707 2741 παύοντι
2765 2689 2865 2751 τάς
2927 2689 3261 2760 ἀντιλογίας.
3331 2693 3492 2761 Μέγα
3538 2694 3622 2747 οὖν
3653 2696 3770 2748 ἐστιν

2234 2778 2401 2831 ὅπλον
2428 2780 2525 2847 τῆς
2548 2778 2750 2849 ψυχῆς,
2769 2781 2803 2849 ἡ
2840 2779 2983 2834 κατὰ
3011 2781 3144 2834 Θεδν
3166 2781 3424 2853 ἄσκησις,
3456 2783 3514 2837 es
3534 2783 3694 2837 λαλεῖν
3709 2785 3769 2855 τῷ

544 2872 836 2929 volueritis
859 2880 916 2927 et
952 2872 1317 2928 exaudieritis
1338 2888 1449 2935 me,
1490 2872 1634 2927 bona
1677 2880 1838 2928 terra:
1875 2871 2128 2928 comede-

2237 2869 2357 2939 Θεῷ
2393 2869 2567 2924 πολλὰ
2590 2911 2606 2935 ,
2640 2871 2736 2925 καὶ
2772 2874 2888 2935 τοῖς
2934 2872 3247 2944 ἀνθρώποις
3291 2875 3587 2945 ἐλάχιστα*
3617 2878 3774 2941 νυκτὸς

551 2967 622 3022 tis
652 2968 716 3022 ".
758 2987 775 3018 ι
802 2967 991 3036 Itaque
1030 2966 1290 3036 nosipsos
1372 2964 1817 3021 communiamus
1848 2963 1903 3019 in
1937 2965 2128 3037 primis

2235 2962 2315 3027 δέ,
2351 2964 2446 3017 καὶ
2493 2964 2729 3035 ἡμέρας,
2759 2964 2898 3036 πρὸς
2930 2965 3030 3037 τὴν
3063 2968 3301 3038 ἐσχάτην
3341 2970 3549 3041 ἡμέραν
3583 2972 3773 3027 ἀποϐλέ-

548 3060 869 3115 humilitate
904 3066 962 3113 et
1000 3059 1247 3122 silentio,
1277 3074 1608 3129 sacramque
1652 3059 1832 3113 secuti
1870 3058 2128 3128 Scriptu-

2240 3072 2385 3110 πειν.
2436 3058 2549 3111 Kal.
2584 3056 2658 3129 μὴ
2692 3058 3052 3129 όμοιωθῶμεν
3096 3062 3211 3124 τοῖς
3258 3062 3499 3133 ίερεῦσιν
3541 3064 3639 3117 τῶν
3670 3065 3774 3119 ’1ου-

548 3168 692 3216 ram,
722 3152 777 3206 in
800 3166 993 3206 eorum
1033 3158 1245 3207 sortem
1282 3150 1602 3222 redigamur
1634 3151 1838 3222 quibus
1867 3165 2014 3206 curae
2053 3158 2128 3205 est

2234 3149 2435 3213 δαίων,
2486 3150 2683 3214 οἵτινες
2733 3149 2960 3204 εἰώθασι
3016 3151 3103 3205 ἀεὶ
3146 3154 3507 3209 ἁντίστασθαι
3548 3157 3619 3228 τῷ
3663 3156 3773 3227 Θεῷ.

548 3243 745 3301 sedare
769 3242 1262 3298 contradictiones.
1295 3242 1439 3298 Sane
1462 3251 1524 3297 ut
1554 3243 1668 3299 Deo
1691 3257 2027 3299 consuescas
2056 3241 2128 3296 lo-

2236 3241 2552 3313 Προσῆλθον
2577 3241 2709 3311 γάρ,
2745 3243 2931 3313 φησὶν,
2980 3245 3028 3298 οί
3068 3246 3376 3317 ἀρχιερεῖς,
3403 3247 3481 3317 τῷ
3520 3249 3678 3318 Ἰησοῦ
3709 3249 3777 3303 λέ-

547 3337 644 3408 qui
673 3335 1004 3407 plurimum,
1038 3350 1164 3391 cum
1195 3335 1521 3391 hominibus
1556 3344 1741 3391 autem
1774 3349 1940 3405 quam
1964 3334 2128 3389 raris.

2233 3348 2447 3400 γοντες,
2482 3350 2502 3385 ι
2547 3334 2637 3387 Ἐν
2679 3334 2812 3406 ποίᾳ
2846 3332 3071 3406 ἐξουσίᾳ
3102 3336 3277 3391 ταῦτα
3307 3342 3510 3406 ποιεῖς;
3540 3341 3572 3412 ἢ
3607 3342 3679 3403 τίς
3715 3358 3776 3394 σοι

548 3431 711 3494 sitne,
768 3430 885 3484 haec
919 3429 1227 3485 monastica
1268 3428 1614 3493 exercitatio,
1661 3428 1854 3499 ingens
1896 3433 1985 3483 est
2023 3425 2128 3480 ani

2232 3421 2464 3475 δέδωκεν
2504 3422 2603 3491 τὴν
2651 3422 2900 3488 ἐξουσίαν
2931 3425 3170 3496 ταύτηνς
3205 3447 3223 3479 ι
3274 3429 3335 3482 Ὀ
3368 3429 3425 3483 δὲ
3475 3432 3779 3503 μακρόθυμος

550 3538 657 3577 ma:
721 3530 967 3577 scutum.
1009 3519 1110 3576 Die
1140 3536 1204 3575 ac
1256 3528 1444 3584 nocte,
1488 3519 1554 3574 ad
1594 3528 1901 3574 extremam
1956 3532 2128 3589 usque

2236 3513 2441 3583 Κύριος
2461 3514 2721 3580 ἐπιεικῶς
2738 3516 3074 3588 ἀπεκρίνατο
3091 3521 3296 3587 αὐτοῖς,
3317 3522 3514 3591 λέγων’
3538 3543 3557 3576 ι
3580 3526 3778 3595 Ἐπερω-

547 3615 735 3670 exitus
802 3614 1017 3679 horam,
1085 3614 1295 3668 intenta
1345 3614 1463 3669 acie
1514 3613 1719 3667 mentis
1772 3611 2128 3682 spectandum

2235 3608 2386 3677 τήσω
2415 3608 2558 3679 ὑμᾶς
2593 3608 2750 3677 κάγὼ
2776 3610 2873 3663 ἐνα
2894 3611 3072 3681 λόγον,
3102 3614 3160 3668 ὃν
3186 3616 3281 3668 ἐὰν
3312 3617 3504 3688 εἴπητέ
3536 3636 3637 3690 μοι,
3659 3618 3779 3686 κάγὼ

548 3713 654 3769 est,
691 3703 998 3774 nequando
1027 3702 1443 3774 comperiantur
1472 3701 1793 3757 Judzeorum
1829 3698 2128 3756 sacerdoti-

2238 3699 2383 3767 λέγω
2416 3700 2547 3772 ὑμῖν
2574 3701 2632 3755 ἐν
2679 3702 2812 3775 ποίᾳ
2859 3703 3079 3777 ἐξουσίᾳ
3113 3706 3289 3763 ταῦτα
3338 3712 3502 3767 ποιῶ.
3548 3730 3566 3763 ι
3600 3710 3779 3783 Αὑτῷή

548 3797 655 3853 bus
685 3797 983 3862 assimiles,
1010 3796 1105 3866 qui
1156 3794 1381 3866 quidem
1435 3793 1843 3849 consuetudine
1882 3807 2128 3848 exsecra-

2234 3790 2362 3858 δόξα
2392 3792 2473 3857 είς
2503 3794 2632 3858 τοὺς
2659 3793 2887 3861 αἰῶνας.
2945 3796 3141 3870 Ἀμήν.

550 3893 649 3949 bili
681 3893 915 3948 Domino
938 3892 1569 3961 restitueruntsemper.
1590 3891 1964 3946 Accesserunt
1984 3888 2133 3944 enim
2172 3886 2454 3958 principes
2482 3889 2837 3945 sacerdotum
2899 3891 2966 3947 ad
3017 3893 3203 3949 Jesum
3265 3895 3558 3953 dicentes:
3586 3897 3673 3953 «ιιι
3696 3912 3778 3968 qua

550 3995 823 4057 potestate
858 3985 975 4041 haec
1002 3985 1185 4041 facis?
1225 3992 1319 4038 aut
1390 3985 1514 4054 quis
1548 3985 1646 4041 tibi
1689 3984 1844 4039 dedit
1886 3985 2027 4039 hanc
2059 3981 2439 4053 potestatem?
2480 3999 2501 4032 ι
2553 3984 2888 4055 longanimis
2916 3985 3203 4053 Dominus,
3246 4006 3416 4060 quam
3468 3991 3573 4047 illis
3594 4006 3780 4063 respon-

550 4078 633 4135 dit
671 4078 999 4133 mansuetel
1042 4096 1059 4128 ι
1086 4078 1448 4149 lnterrogabo
1481 4086 1537 4132 ct
1573 4093 1676 4148 ego
1712 4094 1832 4141 vos,
1894 4092 2065 4130 unum
2125 4075 2359 4130 verbum
2396 4092 2411 4141 ;
2452 4080 2601 4147 quod
2633 4077 2709 4133 sis
2745 4077 3002 4136 dixeritis
3055 4081 3288 4149 mihi,et
3325 4100 3432 4157 ego
3460 4086 3628 4142 dicam
3656 4086 3782 4141 vobis

550 4176 724 4232 inrua
743 4183 1014 4231 potestate
1042 4174 1158 4230 haec
1194 4174 1333 4229 facio
1366 4175 1433 4229 ⁷ο.
1463 4192 1482 4225 ι
1513 4174 1622 4244 Ipsi
1662 4174 1833 4246 gloria
1858 4173 1912 4228 in
1933 4173 2153 4229 saecula.
2194 4172 2390 4227 Amen.

1109 4300 1395 4357 IIOMILIA
1430 4301 1678 4356 XXXIII.

1082 4411 1157 4465 De
1187 4414 1349 4465 otioso
1378 4426 1637 4465 sermone.

617 4522 1048 4594 Otiosiloquinm
1090 4537 1158 4576 ex
1210 4538 1277 4574 eo
1325 4520 1628 4592 ingignitur
1672 4520 1795 4585 tibi,
1847 4520 1995 4593 quod
2031 4538 2131 4594 per

550 4614 728 4671 otium
770 4615 940 4669 vitam
982 4613 1334 4675 transmittis,
1368 4623 1425 4667 et
1463 4628 1490 4667 a
1534 4622 1585 4668 te
1611 4614 1907 4669 excussisti
1928 4623 2135 4670 certam

548 4707 751 4764 futura:
788 4708 914 4762 vita:
952 4722 1125 4776 spem.
1169 4704 1225 4759 Si
1266 4706 1416 4759 enim
1456 4704 1648 4759 aeterni
1690 4704 1840 4761 illius
1878 4705 2135 4776 supplicii

550 4800 922 4857 formidabilis
977 4800 1201 4863 horror,
1233 4808 1290 4854 et
1339 4807 1555 4863 contra,
1587 4798 1736 4853 beati
1773 4799 1925 4869 regni
1986 4798 2138 4854 desi-

550 4893 770 4949 derium
801 4902 1044 4948 mentem
1077 4900 1381 4962 occuparet
1406 4899 1676 4954 nostram,
1698 4892 1860 4946 nullo
1890 4907 2136 4962 unquam

548 4994 831 5041 momento
858 4984 940 5039 sic
977 5000 1078 5054 per
1107 4983 1454 5052 inaniloquia
1479 4982 1913 5038 traduceremus
1937 4983 2128 5049 vitam;

554 5077 720 5146 idque
760 5090 828 5131 eo
852 5076 1110 5135 maxime.
1146 5076 1273 5146 quia
1318 5075 1667 5132 Dominicum
1694 5084 1856 5147 urget
1905 5077 2137 5132 manda-

550 5173 690 5228 tum,
714 5178 826 5234 quo
856 5162 1129 5235 significat
1170 5165 1442 5219 rationem
1488 5166 1834 5235 reposituros
1864 5182 1966 5221 nos
2015 5182 2137 5221 esse

547 5254 640 5310 die
677 5255 772 5310 illo
791 5253 1011 5326 iudicii,
1045 5254 1114 5310 de
1147 5255 1315 5310 verbo
1338 5256 1518 5310 otioso
1540 5256 1604 5311 τί.
1637 5256 1991 5327 Ουτροιιηιιιιε
2012 5272 2141 5327 por-

2859 4293 3078 4348 ΔΟΓΟΣ
3099 4295 3224 4349 Al"?

2757 4407 2898 4475 Περὶ
2937 4407 3311 4480 ἀργολυγίας.

2318 4513 2381 4566 Ἥ
2413 4513 2709 4585 ἀργολογία
2738 4516 2801 4570 ἐκ
2832 4516 2925 4570 τοῦ
2976 4519 3172 4591 σχολὴν
3203 4521 3357 4592 ἄγειν
3420 4528 3681 4595 γεννᾶται,
3708 4526 3779 4581 καὶ

2239 4607 2315 4679 μὴ
2378 4609 2688 4681 προσδοκᾷν
2740 4612 2809 4663 τά
2861 4612 3146 4681 μέλλοντα.
3198 4616 3261 4669 El
3304 4617 3418 4690 γὰρ
3458 4621 3557 4690 τὴν
3596 4620 3781 4675 κόλασιν

2234 4700 2600 4771 ἐδεδοίκειμεν
2628 4742 2641 4766 ,
2670 4703 2763 4755 καὶ
2797 4702 2897 4773 τῆς
2933 4705 3213 4774 βασιλείας
3242 4708 3565 4781 ὠρεγόμεθα
3590 4754 3603 4778 ,
3624 4716 3711 4766 οὐκ
3731 4711 3781 4765 ἐν

2237 4794 2645 4865 ἁργολογοῦμεν
2676 4796 2830 4859 ποτέ,
2862 4798 3101 4866 μάλιστα
3130 4802 3212 4855 ὅτι
3246 4802 3341 4857 τοῦ
3377 4806 3585 4876 Κυρίου
3625 4806 3781 4874 ἐντολή

2238 4888 2385 4939 ἐστιν
2424 4886 2581 4954 λόγον
2629 4887 2851 4956 ὑφέξειν
2896 4892 3045 4963 ἡμᾶς
3088 4895 3146 4947 ἐν
3191 4897 3371 4969 καιρῷ
3419 4900 3648 4971 κρίσεως
3677 4898 3783 4969 περὶ

2239 4977 2410 5048 ἀργοῦ
2442 4979 2713 5049 ῥήματοςο
2766 4980 2866 5035 ὅσα
2897 4982 2958 5036 δέ
2995 4985 3181 5058 ὄνησιν
3219 4992 3283 5061 τῇ
3332 4991 3478 5065 ψυχῇ
3526 4993 3586 5046 οὐ
3636 4992 3782 5062 φέρει,

2239 5070 2386 5142 ἀργὰ
2434 5073 2655 5142 ῥήματα
2699 5074 3057 5147 ὑπάρχουσιν.
3106 5081 3431 5153 Ἀναγκαῖον
3482 5086 3574 5140 οὖν
3625 5084 3782 5156 βιαίως

2242 5164 2679 5235 ὲγκρατεύεσθαι
2707 5169 2803 5222 τοῦ
2837 5170 2911 5241 μὴ
2940 5170 3126 5227 δοῦναι
3156 5174 3338 5248 χώραν
3362 5181 3428 5250 τῇ
3476 5176 3747 5247 ἀργο>.ογί.;ι
3768 5188 3781 5205 ⁸

2236 5258 2268 5309 ὁ
2292 5256 2399 5327 γάρ
2434 5257 2540 5311 ὑπὸ
2568 5258 2677 5313 τῶν
2709 5264 2923 5332 μικρῶν
2953 5264 3196 5337 εὐχερῶς
3227 5268 3547 5340 νικώμενος,
3582 5269 3666 5322 καί
3689 5268 3781 5327 τοῖς

547 5362 613 5405 ro
636 5346 834 5403 animae
855 5356 961 5403 tua:
989 5346 1126 5401 nihil
1157 5347 1400 5402 afferunt
1420 5349 1983 5411 emolumenti,verba
2005 5350 2128 5403 otio

2236 5346 2503 5421 μεγάλοις
2533 5351 2593 5418 ἐξ
2624 5352 2868 5425 ἀνάγκης
2891 5356 3213 5412 δεδούλωται
3237 5376 3251 5391 ο
3277 5362 3306 5413 ὁ
3328 5360 3381 5414 δὲ
3412 5360 3611 5414 τούτων
3638 5376 3782 5413 κατα-

547 5454 609 5497 sa
659 5448 812 5495 sunt.
839 5438 1221 5511 Opermigitur
1252 5440 1492 5510 pretium
1535 5441 1628 5506 sit,
1671 5449 1733 5495 ut
1763 5440 1867 5510 ipsi
1919 5440 1989 5495 ab
2037 5441 2141 5494 im-

617 5582 662 5615 οι
697 5582 751 5637 ιιν
780 5581 923 5638 Tim.
964 5596 1041 5645 ιιι,
1068 5561 1135 5636 ‘8.

1060 5581 1135 5655 ς8.
1196 5581 1443 5655 η”ῌᾼομ
1490 5599 1611 5655 xm,
1656 5582 1719 5655 8.
1754 5584 1840 5655 ll.

547 5657 587 5688 “
632 5654 794 5711 Prov.
830 5669 959 5715 xvn,
998 5654 1085 5708 H.

1189 5653 1233 5685 ⁶¹
1288 5652 1426 5707 ibid.
1480 5653 1570 5707 24.

1945 5586 1989 5617 ⁸⁸
2023 5602 2059 5640 ιι
2100 5586 2248 5642 Tim.
2302 5606 2375 5651 tv,
2415 5591 2502 5654 14,
2560 5590 2646 5645 15.

1678 5653 1724 5685 ⁸³
1766 5653 1934 5710 Eccli.
1994 5673 2083 5720 xx,
2121 5658 2171 5713 5.

2243 5444 2480 5517 φρονῶν,
2517 5445 2615 5502 καὶ
2650 5449 2763 5512 τοῖς
2798 5448 3055 5517 μεγάλοις
3075 5453 3133 5505 ἐν
3161 5453 3370 5525 Κυρίῳ,
3404 5453 3775 5507 ἀντιτάσσεται.

2749 5592 2794 5625 ⁸⁸
2853 5591 3016 5647 Mich.
3055 5610 3128 5659 vr,
3170 5594 3257 5651 12.
3364 5596 3407 5629 ⁸⁸
3442 5597 3596 5653 Prov.
3622 5610 3701 5655 xv,
3731 5592 3771 5644 ί.

2277 5660 2321 5691 ⁸⁵
2363 5660 2495 5731 Sap.
2533 5677 2570 5723 ι,
2602 5662 2655 5719 8.
2761 5663 2806 5695 ⁸³
2847 5663 3019 5719 Eccli.
3060 5681 3169 5730 xlv,
3201 5667 3253 5721 5.
3348 5668 3390 5701 ⁸⁸
3424 5669 3582 5723 Prov.
3613 5663 3769 5729 vn“.

544 5728 587 5760 ⁸⁷
618 5725 788 5783 Eccli.
810 5740 919 5787 xiv,
947 5722 1038 5779 22.
1113 5723 1159 5758 ⁸⁸
1182 5722 1314 5779 Jeri.
1349 5739 1419 5789 LI,
1452 5724 1507 5782 9.
1587 5724 1629 5758 "
1660 5724 1761 5779 lsa.
1795 5741 1834 5795 ι,
1874 5726 1959 5783 l9.
2036 5730 2080 5758 "°
2114 5730 2128 5782 l

2230 5729 2301 5785 th.
2334 5722 2563 5797 “5'23,
2593 5735 2684 5795 24.
2760 5734 2798 5766 ⁷¹
2835 5733 3024 5790 Matth.
3051 5722 3266 5800 ἀιιιίόθ.
