4028 6526
260 283 394 352 1511

1333 293 1663 353 HOMILIA
1704 292 1969 354 XXXIV.
2004 319 2072 328 -·-
2099 294 2198 354 DE
2237 297 2438 357 OTIO.

3388 286 3523 352 1512

256 401 381 473 Χρὴ
411 393 506 455 οὖν
557 399 709 473 πάσῃ
742 401 959 472 φυλακῇ
1009 403 1200 473 τηρεῖν
1250 402 1350 472 τὴν
1392 403 1623 473 καρδίαν
1661 402 1753 456 καὶ
1782 402 1844 455 τὸ

1967 403 2184 459 nodicis
2206 403 2501 475 colloquiis
2532 403 2747 458 intenta
2774 417 2906 456 cura
2930 398 3092 455 nobis
3128 409 3521 471 temperemus.

260 495 440 565 σῶμα,
461 493 750 568 ἀραρότως
778 494 1117 565 φθέγγεσθαι
1139 494 1215 559 ὥς
1241 494 1571 560 αὐτοτελεῖς,
1606 494 1842 564 μάλιστα

258 586 408 657 ἡμᾶς
435 585 566 650 τοὺς
597 584 889 649 δοκοῦντας
918 585 1221 652 παιδεύειν,
1252 587 1348 641 καὶ
1372 587 1694 658 καθοδηγεῖν
1716 586 1843 651 τοὺς

252 679 320 731 ,ἐν
361 676 441 748 τῷ
491 677 704 749 κόσμῳ,
751 677 835 731 ἴνα
885 678 961 749 μὴ
1000 677 1362 749 ἀκούσωμεν·
1413 696 1433 730 ι
1478 676 1538 731 'O
1576 678 1844 732 διδάσκων

256 769 522 843 ἐτέρους,
580 769 809 824 σεαυτὸν
859 771 922 825 οὐ
959 771 1266 836 διδάσκειςς
1311 789 1330 823 ι
1403 771 1686 835 Ἀϐουλίας
1733 770 1845 842 γὰρ

260 867 567 935 τεκμήριον
591 861 653 916 τὸ
680 862 1027 933 ἀργολογεῖν,
1052 864 1131 928 ὼς
1158 864 1259 917 καὶ
1287 865 1345 916 ὲν
1374 866 1494 926 ταῖς
1515 862 1847 935 Παροιμίαις

263 954 612 1025 γέγραπταιο
655 955 806 1019 «Υἱὲ,
834 956 910 1027 μὴ
941 954 1193 1027 ζηλώσῃς
1222 955 1418 1027 ἄνδρας
1442 954 1672 1020 κακοὺς,
1712 954 1847 1025 μηδὲ

262 1047 615 1119 ἐπιθυμήσῃς
667 1043 809 1103 εἶναι
862 1048 983 1119 μετ’
1029 1048 1231 1103 αὐτῶν.
1273 1066 1291 1101 ι
1333 1048 1443 1102 Καὶ
1489 1048 1724 1118 ἒπάγει,
1754 1046 1848 1101 λέ-

262 1154 378 1207 γων
404 1154 419 1169 ο
466 1156 485 1190 ι
524 1138 711 1206 Στόμα
744 1139 1003 1208 ἄστεγον,
1031 1142 1179 1193 ποιεῖ
1204 1139 1616 1202 ἀκαταστασίας
1643 1177 1657 1202 ,
1696 1138 1789 1192 καὶ
1819 1138 1848 1191 ό

264 1230 459 1303 ἄφρων
490 1230 755 1302 πληθύνει
809 1230 1023 1301 λόγους.
1061 1251 1079 1284 ι
1117 1233 1228 1285 Καὶ
1258 1230 1425 1285 πάλιν
1447 1246 1460 1260 ·
1500 1248 1518 1282 ι
1567 1231 1625 1283 ’0
1659 1230 1849 1283 πλεον-

265 1322 413 1388 άζων
434 1321 610 1391 λόγον,
655 1323 1096 1396 βδελυχθήσεται.
1141 1324 1236 1378 Ἐκ
1264 1323 1589 1392 πολυλογίας
1618 1322 1727 1393 γὰρ
1748 1322 1849 1375 οὐκ

266 1413 589 1483 ἐκφεύξεται
618 1415 915 1488 ἁμαρτίας,
932 1415 1251 1487 φειδόμενος
1276 1416 1333 1469 δὲ
1357 1415 1601 1486 χειλέων,
1629 1414 1849 1486 νοήμων

268 1502 444 1560 ἔσται.
482 1526 500 1558 ›
546 1506 658 1560 Καὶ
696 1507 860 1561 πάλιν
887 1523 900 1538 ·
937 1525 956 1559 ι
1014 1507 1138 1561 Ἐπὶ
1184 1506 1342 1574 φίλου
1384 1505 1482 1558 καὶ
1521 1504 1717 1576 ἐχθροῦ
1773 1504 1849 1577 μὴ

267 1594 459 1667 διηγοῦ
494 1594 643 1667 βίους
685 1595 1025 1668 ἀλλοτρίους.
1064 1615 1082 1647 ι
1128 1594 1238 1650 Καί
1263 1608 1279 1624 ⁶
1323 1614 1341 1646 ι
1380 1594 1442 1648 Ei
1486 1593 1561 1665 μὴ
1588 1594 1736 1647 ἔστιν
1768 1610 1849 1646 σοι

270 1684 557 1757 ἁμαρτία,
611 1684 686 1758 μὴ
732 1684 1114 1739 ἁποκάλυπτε.
1170 1702 1189 1736 ι
1226 1684 1391 1753 Λέγει
1442 1683 1500 1737 δὲ
1533 1683 1628 1737 καὶ
1661 1684 1689 1736 ὁ
1730 1681 1850 1735 Ἰὼϐ

1947 511 2017 550 ne
2072 498 2196 566 quis
2226 496 2469 552 resideat
2511 498 2664 551 locus
2712 494 2891 549 otioso
2924 493 3191 547 sermoni.
3224 492 3329 559 Qui
3375 495 3526 548 enim

1948 586 2110 642 facile
2160 587 2293 642 sinit
2332 588 2590 658 intercipi
2621 602 2680 642 se
2709 601 2774 641 ac
2810 584 2956 641 vinci
3007 601 3039 640 a
3089 599 3147 638 re
3187 584 3525 655 permodica,

1950 694 1978 733 ιι
2010 678 2224 749 magnis
2254 693 2484 733 necesse
2545 677 2607 731 fit
2660 677 2808 732 hunc
2840 675 2896 730 in
2948 676 3273 731 servitutem
3328 674 3525 745 redigi.

1949 769 2053 836 Qui
2094 785 2258 840 parva
2294 770 2411 825 haec
2468 768 2825 839 contemptim
2866 768 3113 840 negligit,
3136 776 3195 823 et
3222 768 3333 824 illis
3358 768 3527 825 oblu-

1951 869 2135 916 ctatur
2174 877 2295 932 qua:
2320 861 2527 931 alioqui
2552 860 2697 931 apud
2718 860 3011 915 Dominum
3038 859 3220 933 magni
3254 869 3387 916 sunt
3414 879 3531 919 mo-

1951 952 2150 1008 menti.
2184 951 2346 1009 Omni
2376 952 2545 1022 igitur
2577 951 2829 1006 custodia
2870 951 3295 1008 custodiendum
3351 969 3447 1011 cor
3473 964 3531 1011 et

1953 1061 2178 1116 corpus,
2203 1060 2306 1100 nec
2338 1044 2517 1100 laxius
2546 1060 2714 1114 quam
2739 1044 2898 1099 decet
2942 1044 3240 1115 perfectos,
3294 1047 3534 1119 loquen-

1955 1140 2111 1203 dum,
2152 1137 2317 1193 nobis
2350 1139 2589 1192 maxime
2628 1136 2724 1207 qui
2751 1137 2943 1191 mundi
2990 1138 3250 1194 homines
3276 1140 3535 1196 videmur

1953 1231 2206 1295 erudire,
2253 1245 2317 1284 ac
2354 1230 2458 1284 via:
2499 1228 2768 1284 salutaris
2804 1244 2926 1284 esse
2955 1228 3066 1285 illis
3108 1230 3416 1299 praeduces,
3462 1247 3532 1289 ne

1954 1316 2179 1386 quando
2220 1317 2506 1387 contingat
2539 1316 2735 1372 audire
2755 1333 2859 1372 nos
2886 1335 2900 1372 :
2943 1338 2960 1370 ι
2987 1317 3093 1385 Qui
3132 1319 3303 1374 alium
3335 1321 3530 1388 doces,

1962 1408 2197 1478 teipsum
2228 1424 2343 1463 non
2384 1408 2553 1465 doces
2579 1409 2624 1441 7‘
2648 1409 2671 1463 ?
2693 1429 2712 1462 ι
2740 1408 3096 1467 Temeritatis
3118 1414 3279 1484 plane
3306 1417 3538 1474 evidens

1954 1511 2040 1555 est
2077 1509 2471 1573 argumentum
2498 1502 2581 1558 sic
2602 1502 2782 1558 otiose
2817 1503 2987 1559 verba
3007 1504 3298 1562 effundere
3345 1517 3402 1564 et
3427 1525 3535 1563 nu-

1956 1593 2096 1662 gari,
2121 1593 2591 1663 qnemadmodum
2615 1604 2672 1651 et
2700 1595 2755 1650 in
2779 1595 3103 1651 Proverbiis
3118 1598 3389 1670 scriptum
3419 1610 3533 1657 est:

1964 1702 1981 1734 ι
2013 1683 2139 1747 Fili,
2166 1699 2234 1737 ne
2267 1683 2552 1739 mmuleris
2582 1684 2732 1740 viros
2768 1685 2963 1750 malos,
2992 1702 3131 1743 neve
3170 1690 3536 1760 concupiscas

269 1777 386 1838 τοῖς
445 1775 620 1845 φίλοις
667 1773 833 1829 αὑτοῦ
868 1791 883 1806 σ
943 1795 962 1826 ι
1024 1774 1124 1846 Εἵη
1151 1773 1209 1827 δὲ
1243 1774 1372 1844 ὑμῖν
1405 1772 1686 1843 κωφεῦσαι
1716 1811 1731 1835 ,
1766 1773 1861 1827 καὶ

1967 1788 2085 1828 esse
2112 1789 2237 1828 cum
2270 1773 2354 1829 eis
2379 1774 2447 1829 ⁷⁸,
2476 1794 2495 1826 ι
2526 1774 2597 1830 Et
2622 1774 2874 1830 inducit:
2907 1796 2927 1827 ι
2959 1775 3034 1833 Os
3054 1777 3204 1848 quod
3225 1796 3336 1835 non
3371 1781 3539 1837 habet

273 1867 612 1937 ἀποϐήσεται
647 1867 776 1937 ὑμῖν
803 1866 989 1937 σοφία.
1031 1886 1049 1919 ι
1085 1868 1193 1921 Καὶ
1241 1867 1465 1938 ἓτερος’
1510 1886 1529 1919 ι
1571 1866 1861 1940 Μακάριος

272 1959 435 2030 ἀνὴρ,
464 1960 523 2023 ὃς
549 1960 650 2013 οὐκ
678 1959 981 2030 ὡλίσθησεν
1012 1960 1071 2013 ἐν
1099 1958 1179 2029 τῷ
1210 1959 1439 2030 στόματι
1475 1959 1663 2015 αὐτοῦ.
1702 1980 1719 2012 ι
1751 1960 1862 2015 Kal.

274 2048 463 2111 πάλιν,
496 2065 515 2099 ι
566 2047 624 2101 'O
670 2048 1136 2120 ἐγκρατευόμενος
1167 2048 1386 2121 γλώσσῃ
1426 2049 1637 2121 ἄμαχος
1668 2048 1861 2121 βιώσε-

274 2154 401 2194 ται’
434 2139 547 2205 καὶ,
576 2141 605 2193 ὁ
635 2139 810 2211 μισῶν
841 2140 1057 2209 λαλιὰν,
1101 2140 1422 2196 ἐλαττοῦται
1472 2142 1691 2198 κακίαν.
1723 2162 1743 2197 ι
1777 2146 1863 2198 Δι-

276 2228 535 2301 αγορεύει
566 2229 622 2283 δὲ
645 2230 738 2283 καὶ
768 2231 797 2281 ό
828 2230 1293 2301 Ἐκκλησιαστής-
1326 2249 1344 2282 ι
1388 2231 1553 2300 Λόγοι
1597 2232 1863 2303 στόματος

279 2319 448 2388 σοφοῦ
477 2362 492 2387 ,
522 2320 681 2391 χάρις
704 2335 715 2348 ’
775 2319 869 2373 καὶ
901 2320 1052 2391 χείλη
1096 2320 1334 2393 ἄφρονος
1378 2322 1862 2376 καταποντίσουσιν

280 2413 466 2465 αὐτόν·
491 2413 661 2484 ἁρετὴ
687 2413 797 2484 γάρ
839 2415 1109 2483 στόματος
1144 2411 1309 2467 αὑτοῦ
1341 2413 1644 2485 ἀφροσύνη’
1686 2433 1706 2468 ι
1753 2415 1864 2470 Καί

286 2525 306 2557 ι
353 2506 413 2559 '0
448 2505 637 2576 ἄφρων
696 2506 959 2575 πληθύνει
1004 2506 1219 2575 λόγους.
1254 2525 1274 2560 ι
1318 2507 1427 2561 Καὶ
1460 2508 1656 2577 ἐπάγει
1686 2525 1700 2539 ⁸
1732 2527 1751 2561 ι
1804 2509 1863 2562 'O

281 2598 513 2666 ἀγαπῶν
542 2598 687 2670 ζωὴν
719 2600 967 2668 φείσεται
1000 2600 1269 2669 στόματος
1300 2600 1489 2654 αὐτοῦ.
1523 2620 1542 2653 ι
1590 2601 1865 2664 Ὡσαύτως

282 2691 342 2746 δὲ
364 2693 456 2747 καὶ
493 2694 521 2746 ὁ
562 2693 887 2756 Ἀπόστολος
915 2708 930 2722 ⁸
966 2712 984 2745 ι
1018 2695 1132 2757 Πᾶς
1160 2692 1319 2760 λόγος
1352 2692 1560 2765 σαπρὸς
1589 2692 1645 2758 τ,
1682 2695 1746 2746 ἐκ
1773 2692 1864 2747 τοῦ

287 2785 556 2856 στόματος
585 2785 739 2855 ὑμῶν
781 2784 858 2857 μὴ
887 2785 1296 2857 ἐκπορευέσθω,
1321 2784 1435 2840 ἀλλ’
1463 2786 1516 2838 εί
1537 2801 1621 2848 τις
1664 2784 1867 2855 ἀγαθὸς

285 2876 427 2947 πρὸς
457 2876 779 2947 οἰκοδομεῖν,
839 2877 925 2931 ἵνα
980 2877 1057 2949 δῷ
1107 2878 1268 2949 χάριν
1322 2881 1435 2942 τοῖς
1483 2876 1792 2932 ἀκούουσιν.
1843 2897 1861 2930 ι

289 2970 546 3041 Ἔχοντες
569 2964 684 3036 οὖν,
718 2969 1020 3041 ἀγαπητοὶ,
1048 2969 1320 3033 τοσαύτας
1367 2969 1672 3042 μαρτυρίας
1715 2968 1869 3043 πάσῃ

291 3064 495 3136 σπουδῇ
527 3062 858 3135 άποστῶμεν
880 3063 983 3135 τῆς
1013 3061 1350 3133 ἀνωφελοῦς,
1379 3062 1581 3134 μᾶλλον
1617 3062 1674 3115 δὲ
1701 3062 1868 3133 ιηῖιυχο⁸

1960 1865 2309 1936 operculum,
2342 1865 2491 1936 parit
2515 1866 2822 1922 seditiones
2845 1867 2950 1921 τι.»
2974 1868 3069 1923 Et:
3106 1887 3124 1921 ι
3156 1869 3370 1927 Stultus
3391 1874 3537 1928 mul-

1963 1956 2179 2027 tiplicat
2215 1956 2386 2012 verba
2416 1957 2463 1989 "
2491 1974 2507 2023 ;
2535 1958 2630 2027 qui
2653 1957 2900 2013 abundat
2926 1975 3205 2027 sermone,
3248 1962 3537 2019 abomina-

1962 2049 2094 2105 bilis
2120 2050 2229 2105 erit
2258 2050 2327 2104 ⁷⁸.
2346 2050 2426 2104 Ex
2454 2051 2808 2121 multiloquio
2831 2067 2944 2107 non
2966 2052 3195 2124 effugiet
3223 2065 3535 2125 peccatum,

1968 2158 2211 2214 parcens
2240 2150 2422 2197 autem
2448 2143 2633 2208 labiis,
2651 2142 2965 2214 intelligens
2993 2144 3102 2199 erit
3122 2146 3189 2200 ".
3226 2164 3245 2198 ι
3277 2147 3493 2203 Rursus
3520 2166 3534 2203 :

1970 2252 1989 2285 ι
2023 2233 2184 2305 Apud
2213 2235 2451 2289 amicum
2476 2244 2532 2289 et
2556 2234 2840 2289 inimicum
2871 2250 2940 2291 ne
2965 2251 3198 2292 enarres
3212 2238 3383 2294 vitam
3407 2239 3540 2295 alie-

1967 2341 2095 2380 nam
2129 2326 2195 2380 ⁷⁸.
2227 2345 2245 2377 ι
2269 2326 2482 2397 1083
2515 2326 2616 2381 Et:
2642 2345 2660 2379 ι
2693 2327 2749 2382 Si
2777 2342 2889 2382 non
2913 2327 3058 2383 adsit
3092 2327 3193 2383 tibi
3225 2338 3538 2400 peccatum,

1965 2434 2037 2473 ne
2074 2416 2288 2473 reveles
2317 2418 2381 2471 τ’.
2420 2438 2438 2470 ι
2468 2418 2571 2473 Job
2594 2433 2814 2488 quoque
2847 2419 3041 2474 amicis
3069 2419 3186 2475 suis
3217 2438 3231 2475 :
3269 2439 3288 2472 ι
3318 2420 3540 2477 Utinam

1967 2510 2451 2577 obmutesceretis,
2472 2518 2534 2565 ut
2564 2512 2913 2582 contingeret
2944 2510 3102 2565 vobis
3118 2511 3387 2581 sapientia
3418 2513 3485 2567 '°.
3513 2532 3533 2565 ο

1964 2601 2118 2656 Alter
2143 2619 2156 2656 :
2180 2622 2198 2654 ‹
2224 2601 2425 2658 Beatus
2450 2602 2535 2656 vir
2558 2602 2652 2672 qui
2678 2618 2789 2657 non
2820 2603 3107 2673 estlapsus
3133 2603 3314 2674 lingua
3335 2605 3533 2659 sua'h

1966 2692 2184 2748 Rursus
2211 2711 2224 2747 :
2263 2713 2280 2745 ι
2307 2693 2410 2761 Qui
2451 2694 2776 2748 moderatur
2798 2693 3065 2765 linguam,
3090 2694 3211 2749 sine
3234 2695 3433 2767 iurgiis
3455 2696 3543 2750 vi-

1972 2793 2062 2839 vet
2087 2786 2134 2841 “.
2160 2801 2175 2851 ;
2203 2785 2298 2854 qui
2342 2785 2463 2840 odit
2490 2786 2902 2856 loquacitatem,
2937 2787 3142 2843 minuit
3171 2788 3439 2843 malitiam
3471 2787 3540 2844 ⁸³.

1970 2877 2080 2934 Sed
2106 2887 2164 2934 et
2186 2880 2579 2947 Ecclesiastes,
2610 2883 2829 2953 garrula
2861 2882 2962 2938 ista
2986 2884 3319 2954 loquacitate
3374 2884 3547 2940 inter-

1967 2970 2106 3026 dicit
2136 2971 2328 3027 nobis:
2363 2991 2382 3024 ι
2405 2972 2707 3030 Sermones
2723 2975 2837 3031 oris
2863 2976 3149 3047 sapientis,
3170 2977 3368 3047 gratia,
3400 2976 3545 3032 labia

1970 3061 2128 3118 stulti
2164 3062 2494 3133 demergent
2523 3079 2649 3119 eum
2685 3083 2701 3131 ;
2731 3066 3062 3137 principium
3098 3068 3247 3123 enim
3280 3068 3395 3124 oris
3427 3070 3548 3141 ejus

288 3155 523 3218 ϐλαϐοῦς
552 3155 900 3228 ἀργολογίας,
931 3153 1240 3218 ἐννοοῦντες
1276 3155 1659 3219 ἀδιαλείπτως,
1688 3154 1765 3218 ὡς
1788 3154 1863 3208 εῖ-

1972 3154 2125 3210 stulti
2138 3154 2212 3209 tia
2233 3154 2330 3209 ⁸⁸.»
2355 3155 2454 3210 Et:
2489 3176 2506 3207 ι
2538 3155 2752 3214 Stultus
2774 3159 3105 3229 multiplicat
3130 3175 3414 3217 sermones
3435 3138 3503 3215 '3.
3523 3180 3547 3217 ι

286 3268 477 3323 ρηται,
510 3251 605 3323 τὴν
644 3250 882 3322 φοϐερὰν
911 3248 1143 3321 ἀπειλὴν
1176 3248 1270 3303 τοῦ
1303 3249 1535 3321 Κυρίου,
1573 3248 1824 3318 λέγοντος
1849 3263 1863 3276 ο

294 3361 317 3397 ι
360 3343 529 3417 ’Δμὴν
559 3343 704 3414 λέγω
732 3343 883 3414 ὑμῖν,
921 3344 1006 3397 ὅτι
1037 3343 1145 3395 πᾶν
1176 3342 1329 3414 ῥῆμα
1366 3341 1537 3412 ἀργὸν
1562 3382 1578 3406 ,
1602 3340 1629 3393 ὃ
1656 3342 1750 3394 ὲάν
1774 3340 1872 3393 λα-

291 3434 531 3507 λήσωσιν
573 3436 623 3489 οἱ
662 3435 945 3508 ἄνθρωποι
967 3475 983 3501 ,
1018 3434 1394 3488 ἀποδώσουσιν
1429 3432 1588 3501 λόγον
1617 3433 1745 3502 περὶ
1777 3431 1875 3484 αύ-

290 3526 387 3581 τοῦ
418 3529 476 3583 ἓν
503 3529 691 3601 ἡμέρᾳ
715 3528 975 3600 κρίσεως.
1014 3547 1033 3580 ι
1070 3526 1231 3598 Αύτῷ
1259 3528 1294 3598 ἡ
1321 3524 1450 3590 δόξα
1478 3526 1560 3588 είς
1588 3524 1714 3587 τοὺς
1734 3522 1877 3578 αἰῶ-

291 3636 413 3684 νας.
455 3621 653 3693 Ἀμήν.

1975 3246 2235 3303 Inducit:
2276 3266 2294 3299 ι
2330 3246 2434 3314 Qui
2471 3248 2861 3319 diligitvitam,
2887 3262 3077 3322 parcet
3107 3253 3190 3308 ori
3216 3269 3320 3309 suo
3345 3252 3555 3310 "aliis

1971 3340 2536 3411 concinitApostolus
2576 3359 2588 3394 :
2630 3361 2649 3393 ι
2685 3342 2879 3399 Omnis
2911 3359 3093 3399 sermo
3126 3346 3307 3402 malus
3338 3363 3404 3402 ex
3454 3363 3549 3402 ore

1976 3441 2165 3488 vestro
2191 3448 2305 3488 non
2338 3432 2622 3503 procedat,
2647 3435 2743 3490 sed
2774 3435 2819 3490 si
2852 3442 2978 3506 quis
3012 3437 3193 3493 bonus
3219 3439 3287 3493 ad
3312 3438 3551 3496 aediﬁca-

1981 3522 2213 3587 tionem,
2239 3532 2300 3576 ut
2333 3522 2428 3578 det
2457 3524 2691 3594 gratiam
2736 3525 3093 3583 audientibus
3127 3529 3193 3581 ⁸⁷.
3233 3548 3251 3580 ι
3278 3527 3416 3584 Cum
3448 3529 3552 3600 igi-

1975 3622 2087 3681 tur,
2110 3614 2449 3682 charissimi,
2483 3624 2564 3671 tot
2591 3616 2730 3673 adeo
2757 3634 3087 3675 moneamur
3120 3617 3418 3692 Scriptura:
3470 3629 3555 3675 te-

290 3711 593 3777 stimoniis,
619 3710 769 3767 omni
825 3710 1012 3767 studio
1040 3708 1330 3766 vitabundi
1359 3707 1707 3780 defugiamus
1762 3705 1971 3761 otiosos
2005 3722 2313 3773 sermones,
2372 3724 2483 3762 non
2529 3708 2757 3764 inutiles
2785 3710 2969 3775 modo,
2992 3712 3085 3767 sed
3124 3722 3181 3767 et
3222 3727 3556 3785 magnopere

291 3808 587 3864 animabus
614 3807 826 3863 nostris
851 3807 1302 3871 detrimentosos,
1339 3821 1504 3875 aque,
1532 3811 1594 3859 ιιι
1615 3802 1824 3858 dictum
1859 3803 1972 3874 jam
2011 3812 2118 3869 est,
2160 3818 2349 3857 vocem
2399 3803 2546 3858 illam
2588 3804 2807 3859 Domini
2868 3805 3097 3861 terroris
3149 3816 3207 3861 et
3272 3805 3551 3861 fortitudi-

293 3906 384 3962 nis
447 3906 665 3977 plenam
730 3905 1011 3976 perpetim
1087 3903 1428 3974 cogitemus,
1485 3917 1593 3972 qua
1656 3916 1876 3972 pmnam
1914 3900 2404 3957 interminaturu
2438 3905 2611 3954 Amen
2673 3900 2797 3956 dico
2825 3902 3001 3968 vobis,
3048 3902 3178 3973 quia
3242 3919 3405 3967 omne
3432 3917 3558 3957 ver-

297 4002 428 4056 bum
456 3998 701 4054 otiosum
729 3997 1115 4068 quodcunque
1165 3995 1341 4051 locuti
1387 3994 1597 4050 fuerint
1651 3992 1926 4062 homines,
1968 3993 2202 4049 reddent
2258 3994 2530 4050 rationem
2569 3994 2637 4051 de
2668 4010 2737 4050 eo
2768 3994 2824 4049 in
2852 3995 2942 4050 die
2984 3995 3175 4067 iudicii
3212 3996 3276 4052 ³⁸.
3300 3996 3405 4067 lpsi
3444 3997 3561 4068 glo-

298 4098 378 4153 ria
418 4097 474 4152 in
502 4095 724 4152 saecula.
774 4094 971 4150 Amen.

410 4164 417 4173 ’
897 4202 1119 4258 aeros
1147 4201 1269 4257 AA'.

828 4317 968 4386 Περὶ
1003 4315 1359 4387 περιεργίας.

371 4439 448 4494 Τδ
478 4435 966 4509 πολυπραγμονεῖν
1001 4431 1099 4487 καί⁸
1132 4428 1598 4501 περιεργάζεσθαι
1627 4426 1696 4483 τά
1722 4426 1880 4483 ἀλλό-

296 4548 469 4606 τρια.
530 4526 875 4600 ἀνάρμοστόν
922 4529 1072 4581 ἐστιν
1122 4522 1396 4596 ἀνθρώπῳ
1437 4521 1527 4605 τῷ
1550 4519 1755 4575 θέλοντι
1786 4521 1878 4574 εύ-

298 4624 605 4699 αρεστῆσαι
645 4620 787 4692 Θεῷ.
851 4619 910 4673 'O
948 4618 1059 4689 γὰρ
1112 4615 1435 4687 βουλόμενος
1466 4612 1729 4683 ἀϐέϐηλον
1764 4611 1879 4684 βίον

298 4715 688 4774 πολιτεύεσθαι
726 4716 783 4768 ὲν
811 4712 947 4783 τῷδε
979 4711 1059 4782 τῷ
1091 4709 1222 4781 βίῳ,
1256 4707 1603 4777 αὐτόστοιχος
1628 4705 1772 4760 θέλει
1799 4700 1879 4759 εἷ-

298 4829 431 4876 ναι,
482 4808 799 4874 τουτέστιν,
853 4802 1034 4875 ἑαυτῷ
1080 4802 1401 4874 προσέχειν,
1448 4799 1542 4852 καὶ
1586 4799 1644 4852 ὲν
1692 4797 1892 4870 ἠσυχίᾳ

300 4902 659 4977 προσομιλεῖν
691 4899 771 4971 τῷ
794 4898 919 4969 Θεῷ
951 4894 1289 4968 ἀρεμϐάστῳ
1322 4890 1593 4962 λογισμῷ,
1631 4890 1723 4944 καὶ
1751 4892 1884 4944 ἀπεο

303 4995 512 5068 ριέργῳ
554 4992 663 5064 νῷ,
712 4993 770 5046 ὲν
804 4991 953 5063 ἁπλῇ
985 4987 1250 5044 διαθέσει.
1311 4984 1498 5047 Οὕτως
1523 4985 1635 5055 γὰρ
1662 4981 1890 5035 ἐπελεύ-

305 5103 461 5141 σεται
501 5085 589 5139 ὲπ’
616 5083 782 5138 αὐτὸν
819 5080 1094 5144 πλουσίως
1138 5081 1173 5149 ἠ
1207 5077 1369 5148 χάρις
1401 5074 1495 5128 τοῦ
1530 5074 1688 5142 ἁγίου
1718 5074 1890 5127 Πνεύ-

305 5194 503 5253 ματος.
523 5176 841 5247 Γέγραπται
865 5173 923 5227 δὲ
949 5174 1008 5226 ὲν
1029 5172 1149 5234 ταῖς
1172 5167 1509 5240 Παροιμίαις
1526 5183 1540 5199 ο
1570 5185 1587 5218 ι
1608 5166 1893 5238 Βαθύτερά

376 5339 421 5371 ⁷⁸
460 5337 588 5420 Sap.
630 5353 689 5403 ιι,
728 5336 816 5391 15.
918 5336 964 5366 ⁷³
997 5336 1159 5416 Prov.
1189 5348 1242 5397 x,
1294 5336 1384 5387 21.

302 5409 377 5463 ⁸⁷⁸.
405 5408 577 5464 Eccll.
617 5425 709 5473 χιι,
743 5408 795 5462 8.
891 5407 934 5437 τ’
967 5405 1135 5459 Ecell.
1173 5419 1324 5467 xu",
1390 5399 1476 5473 11.

918 5334 964 5366 ⁷³
997 5335 1159 5389 Prov.
1189 5348 1242 5397 x,
1294 5333 1384 5387 21.

2493 4200 2778 4257 HOMILIA
2813 4199 3030 4258 XXXIV

2650 4310 2729 4366 De
2761 4312 2887 4367 otio.

2055 4423 2267 4479 Rerum
2316 4424 2623 4479 alienarum
2678 4433 2926 4496 satagere
2976 4424 3287 4492 curiosius,
3339 4439 3397 4483 et
3438 4445 3563 4500 qua

1982 4531 2389 4588 supervacanea
2416 4526 2566 4581 sunt,
2595 4532 2697 4571 nec
2721 4516 2890 4572 ullius
2913 4516 3107 4589 frugis,
3134 4518 3350 4585 moliri,
3399 4536 3565 4590 prore

1970 4625 2100 4665 Vsus
2147 4609 2561 4664 dissentaneum
2610 4608 2863 4675 videtur,
2915 4625 3019 4663 nec
3052 4611 3353 4666 convenire
3382 4611 3434 4667 ei
3465 4613 3563 4683 qui

1993 4702 2107 4758 Deo
2163 4702 2449 4758 contendit
2499 4717 2663 4772 quam
2700 4703 2934 4757 maxime
2974 4719 3095 4759 esse
3124 4705 3423 4775 gratiosus.
3457 4705 3565 4773 Qui

1991 4797 2143 4852 enim
2167 4797 2292 4851 vitae
2313 4795 2733 4850 sanctimoniam
2758 4794 3007 4864 profiteri
3024 4796 3143 4851 vult
3161 4804 3329 4867 atque
3346 4798 3567 4853 mundi-

1993 4891 2123 4945 tiam
2150 4929 2166 4954 ,
2222 4902 2450 4943 necesse
2477 4897 2564 4941 est
2594 4888 2807 4957 perpeti
2878 4898 3067 4943 tenore
3111 4889 3281 4944 vitam
3313 4889 3565 4945 instituat

1992 4997 2149 5036 suam
2178 4998 2192 5033 :
2221 4980 2325 5035 hoc
2349 4988 2455 5043 est,
2487 4979 2593 5033 sibi
2629 4987 2690 5033 ut
2712 4980 2984 5044 attendat,
3008 4981 3229 5051 Deoque
3249 4997 3415 5052 quam
3435 4997 3566 5053 pro-

1994 5074 2139 5129 xime
2168 5081 2355 5145 potest
2384 5073 2780 5143 congrediatur
2807 5072 2960 5127 omni
2984 5087 3109 5127 cum
3139 5074 3561 5144 tranquillitate,

1990 5181 2095 5221 nec
2122 5164 2244 5220 istis
2265 5164 2512 5220 externis
2534 5180 2669 5220 oceu
2678 5173 2805 5235 pata
2825 5164 3188 5235 cogitatione,
3208 5165 3409 5220 aﬂ'ectu
3430 5165 3562 5222 item

1486 5328 1533 5360 ⁷⁵
1585 5327 1721 5383 ibid.
1763 5343 1822 5381 ιι.
1856 5340 1863 5377 4

2040 5325 2438 5388 "Prov.x,11.
2514 5324 2749 5380 "Eccli.
2781 5342 2854 5389 Ix,
2902 5326 2993 5383 25.
3070 5326 3112 5358 ”
3167 5325 3329 5382 Prov.
3384 5342 3438 5389 ι.
3477 5326 3565 5381 19.

1617 5398 1663 5430 ⁸ο
1703 5396 1875 5453 Eccli.
1940 5412 2007 5451 xx
2050 5396 2123 5460 ὃς
2179 5396 2283 5451 Job
2314 5412 2461 5460 mn,
2505 5396 2557 5449 5.

2671 5397 2712 5429 "
2763 5396 2931 5452 Eccli.
2990 5413 3105 5463 Juv,
3167 5397 3220 5452 1.
3331 5395 3377 5428 "
3400 5397 3562 5451 Prov.

300 5479 479 5546 1,19.
556 5464 1009 5541 "Eccli.x1x,5.
1084 5464 1538 5539 "Prom-“2,7.
1614 5469 1860 5526 "Eccli.

1967 5467 2048 5524 14.
2125 5466 2170 5498 ⁸⁸
2186 5467 2347 5523 Prov.
2374 5482 2517 5534 χιιι,
2552 5465 2636 5522 18.
2724 5468 2768 5502 ⁸⁷
2800 5466 3005 5541 Ephcs.
3036 5466 3220 5535 1v,26.
3297 5466 3345 5499 ⁸⁸
3371 5464 3567 5523 Matth.

300 5564 399 5617 xu,
432 5548 521 5606 '56.

1552 5647 1780 5707 VARUE
1818 5645 2231 5706 LECTIONES.

424 5736 443 5775 ε
467 5733 623 5808 λόγος
651 5732 878 5805 σαπρός,
923 5729 1224 5797 marcidus,
1252 5726 1507 5784 vitiosus.
