4028 6524
548 279 688 349 1543

1843 274 2208 335 ANTIOCHI
2250 278 2596 341 MONACHI

3639 298 3749 365 15M

546 394 810 469 simplici.
879 393 969 448 Sic
1022 389 1171 445 enim
1231 387 1406 459 gratia
1471 387 1713 459 Spiritus
1762 387 1940 442 sancti
2000 401 2139 457 opu-

2248 410 2346 446 σου
2409 394 2485 465 μὴ
2536 393 2733 465 ἐρεύνα
2759 434 2774 458 ,
2837 393 2931 447 καὶ
2981 394 3302 468 ἰσχυρότερά
3332 418 3419 455 σου
3455 408 3521 477 μὴ
3549 411 3750 479 ἐξέταξε.

549 493 786 551 lentiore
849 489 896 542 is
946 482 1325 557 perfunditur.
1413 482 1696 552 Scriptum
1752 496 1996 551 namque
2048 491 2132 535 est

548 588 604 642 in
656 580 977 641 Proverbiis
1028 596 1041 633 :
1100 597 1117 629 ι
1150 575 1524 632 Profundiora
1559 584 1611 629 tc
1640 589 1709 628 nc
1741 572 2043 637 scruteris,
2077 580 2135 626 et

545 677 781 735 fortiora
813 685 867 730 te
902 689 972 729 ne
1000 671 1300 741 exquiras;
1339 683 1462 738 quae
1488 676 1673 722 autem
1704 673 1981 736 praecepta
2004 672 2135 720 sunt

548 771 694 837 tibi,
752 770 845 823 illa
892 765 1075 836 cogita
1131 777 1145 815 :
1201 778 1312 816 non
1346 759 1497 815 enim
1533 773 1765 813 necesse
1795 766 1880 813 est
1910 756 2034 820 tibi,
2075 762 2137 810 ut

546 881 671 936 quae
699 862 921 917 occulta
950 864 1081 913 sunt
1110 855 1305 910 videas
1332 851 1623 909 oculis'°.»
1662 852 1878 906 Rursus
1910 867 1924 904 :
1958 869 1975 902 ι
1999 850 2137 904 Mul-

547 975 614 1029 ge
643 958 749 1022 luc,
787 962 844 1009 et
870 953 980 1009 erit
1009 952 1312 1022 butyrum;
1356 947 1402 1002 si
1435 956 1623 1001 autem
1661 944 2008 1016 expresseris
2034 960 2134 998 na—

549 1069 672 1117 res,
718 1049 894 1106 exibit
923 1044 1147 1117 sanguis
1204 1058 1217 1097 :
1268 1041 1419 1112 quod
1451 1042 1496 1097 si
1528 1040 1794 1095 elicueris
1824 1051 2133 1101 sermones,

542 1145 782 1202 exibunt
808 1139 1022 1212 judicia
1056 1149 1112 1193 et
1142 1151 1341 1208 pugna:
1361 1135 1429 1191 ὀ.
1485 1134 1547 1189 In
1586 1134 1843 1204 pluribus
1872 1132 2138 1203 operibus

550 1238 663 1295 tuis
695 1234 957 1292 curiosus
988 1247 1059 1286 ne
1087 1229 1256 1294 sis";
1299 1227 1591 1283 scientiam
1623 1235 1807 1281 autem
1840 1241 2027 1281 rerum
2054 1225 2139 1278 in-

549 1327 984 1389 numerabilium
1037 1339 1107 1379 ne
1152 1324 1437 1393 promitte.
1478 1321 1724 1390 Pupillas
1752 1320 1903 1375 enim
1943 1320 2136 1375 oculo-

550 1440 680 1479 rum
739 1419 837 1493 qui
893 1432 1005 1473 non
1060 1414 1263 1477 habet,
1308 1412 1623 1483 privabitur
1664 1412 1875 1466 lumine
1899 1412 1965 1465 θ’.
2029 1411 2138 1467 Sed

549 1525 609 1572 et
645 1516 843 1571 Petrus
887 1526 899 1564 :
949 1528 967 1561 ι
1002 1506 1119 1563 lloc
1154 1506 1397 1576 primum
1437 1504 1680 1558 scientes
1722 1502 1873 1573 quod
1910 1502 2139 1557 venient

550 1608 609 1664 in
638 1600 954 1660 novissimis
982 1598 1184 1655 diebus
1216 1596 1273 1650 in
1305 1594 1637 1664 deceptione
1666 1594 1947 1657 illusores,
1982 1594 2137 1663 juxta

550 1698 806 1771 preprias
837 1688 1325 1761 concupiscentias
1358 1686 1730 1750 ambulantes,
1764 1695 1820 1740 et
1845 1685 2134 1740 dicentes:

549 1792 656 1848 Ubi
673 1798 758 1845 est
777 1784 1073 1859 promissio
1094 1782 1366 1837 adventus
1385 1780 1567 1849 ejus”
1583 1779 1635 1832 ?s
1665 1779 1733 1834 Et
1758 1778 1987 1833 infcrtn
2005 1779 2140 1833 Pro-

550 1893 676 1957 pter
701 1879 872 1953 quod,
920 1874 1258 1937 charissimi,
1315 1870 1551 1941 satagite
1589 1870 1931 1924 immaculati
1964 1879 2022 1925 et
2048 1869 2139 1923 in-

550 1977 744 2033 violati
775 1972 827 2029 ei
858 1970 1115 2034 inveniri,
1149 1977 1206 2022 et
1226 1965 1445 2021 Domini
1470 1963 1966 2035 longanimitatem,
1995 1963 2141 2017 salu-

554 2082 666 2127 tem
684 2061 1110 2123 arbitremini".
1124 2080 1142 2112 ›
1171 2058 1390 2130 1084
1404 2058 1655 2112 Similem
1682 2056 1738 2110 in
1757 2055 1979 2110 modum
1998 2056 2143 2110 Pau-

550 2163 639 2220 lus
658 2158 941 2233 apostolus
972 2172 1072 2226 per
1092 2152 1385 2223 epistolam
1415 2150 1493 2204 ait
1524 2168 1537 2203 :
1574 2169 1593 2201 ‹
1622 2148 1765 2205 Sunt
1789 2148 1940 2204 enim
1973 2148 2138 2203 multi

552 2253 966 2316 inobedientes,
994 2245 1277 2316 vaniloqui
1302 2253 1361 2299 et
1383 2243 1731 2307 seductores,
1754 2258 1897 2313 quos
1918 2250 2141 2312 oportet

552 2345 846 2417 redargui;
878 2341 973 2413 qui
1004 2340 1297 2395 universas
1321 2338 1519 2393 domos
1545 2337 1906 2400 subvertunt,
1936 2336 2141 2391 docen-

551 2448 638 2495 tes
665 2451 789 2508 qua:
815 2450 929 2489 non
957 2431 1288 2502 oportet’m
1320 2429 1445 2482 Alio
1479 2428 1611 2481 item
1638 2427 1761 2481 loco
1791 2442 1805 2481 ς
1837 2443 1855 2475 ι
1891 2424 2136 2489 Etenim,

552 2526 777 2599 quando
803 2537 1029 2580 eramus
1057 2519 1201 2591 apud
1228 2534 1348 2583 vos,
1372 2518 1478 2573 hoc
1504 2517 1992 2580 denuntiabamus,
2010 2517 2141 2586 quia

552 2622 602 2677 si
633 2618 759 2690 quis
787 2633 900 2672 non
929 2613 1050 2670 vult
1077 2610 1334 2683 operari,
1371 2625 1479 2665 nec
1514 2609 1835 2664 manducet.
1871 2607 2140 2663 Audimus

551 2716 701 2770 enim
716 2708 986 2783 quosdam
1013 2707 1159 2762 inter
1172 2720 1271 2760 vos
1284 2702 1636 2758 ambulantes
1649 2700 1983 2762 inordinate,
2002 2698 2137 2755 nihil

551 2812 870 2879 operantes,
905 2800 1003 2857 sed
1033 2798 1253 2854 curiose
1283 2803 1510 2866 agentes
1528 2795 1628 2847 ".t
1660 2792 1767 2848 Sed
1799 2800 1857 2847 et
1880 2791 2139 2863 hypocri-

552 2909 623 2955 ta:
655 2906 825 2967 atque
853 2891 1121 2949 curiosuli
1146 2889 1227 2944 illi
1247 2887 1512 2944 Pharisazi
1536 2884 1830 2941 Dominum
1856 2884 2137 2947 adierunt,

556 2991 845 3047 dicentes:
874 3006 892 3039 ι
921 2984 1064 3052 Quid
1096 2983 1198 3037 tibi
1248 2980 1508 3036 videtur?
1552 2979 1687 3034 licet
1728 2992 1956 3032 censum
2005 2976 2139 3031 dare

2241 489 2309 541 Ἃ
2339 488 2648 558 προσετάγη
2680 505 2796 553 σοι,
2846 487 3017 542 ταῦτα
3045 490 3140 543 καὶ
3164 490 3388 549 διανοοῦ.
3429 498 3496 550 Οὐ
3520 487 3613 574 γάρ
3636 508 3755 561 ἐστίν

2238 594 2321 633 σοι
2366 579 2526 650 χρεία
2575 580 2686 633 τῶν
2732 581 2994 651 κρυπτῶν
3047 581 3270 651 βλέπειν
3310 586 3587 659 ὀφθαλμοῖς
3620 614 3753 653 σου.»

2236 671 2346 725 Kal
2371 668 2530 735 αὖθις
2546 689 2559 701 ·
2594 691 2611 724 ι
2627 672 2869 744 Ἀμελγε
2898 671 3061 743 γάλα,
3089 672 3186 728 καὶ
3211 675 3359 731 ἐσται
3382 679 3634 755 βούτυρον.
3657 688 3762 744 Ἐὰν

2240 764 2299 818 δὲ
2344 765 2609 838 ἐκπιέζῃς
2649 770 2968 838 μυκτῆρας,
3020 767 3362 834 ἐξελεύσεται
3402 768 3561 845 αἷμα*
3611 781 3763 839 ἐὰνδὲ

2237 858 2466 931 ἐξέλκῃς
2498 860 2691 928 λόγους
2715 900 2731 925 ,
2786 860 3163 925 ἐξελεύσονται
3195 863 3401 934 κρίσεις
3430 870 3516 921 xal
3546 873 3717 943 μάχαι.
3743 896 3760 930 ι

2238 951 2352 1005 Kal
2383 949 2549 1041 πάλιν
2565 965 2579 981 ’
2622 969 2640 1001 ι
2795 952 2911 1015 τοῖς
2938 954 3223 1041 περισσοῖς
3248 952 3354 1008 τῶν
3381 956 3545 1027 ἔργων
3570 978 3671 1028 σου,
3704 968 3765 1041 μὴ

2240 1036 2636 1108 περιεργάζου.
2667 1037 2933 1103 Γνώσεως
2958 1039 3014 1093 δὲ
3053 1041 3301 1113 ἀμοιρῶν
3332 1044 3405 1115 μὴ
3434 1036 3765 1117 ἐπαγγέλλορξ

2238 1130 2423 1201 Κόρας
2462 1129 2571 1201 γὰρ
2621 1129 2696 1201 μὴ
2736 1129 2910 1201 ἔχων,
2957 1133 3260 1203 ἀπορήσεις
3285 1138 3475 1203 φωτός.
3501 1159 3520 1192 ι
3555 1142 3768 1212 Δέγειδέ

2241 1220 2339 1275 καὶ
2367 1221 2395 1273 ὁ
2424 1220 2659 1291 Πέτρος·
2705 1239 2723 1273 ι
2750 1221 2919 1276 Τοῦτο
2947 1223 3167 1294 πρῶτον
3195 1226 3515 1295 γινώσκετε,
3544 1234 3619 1286 ὃτι
3641 1236 3769 1291 ἐλεύ-

2241 1332 2429 1368 σονται
2486 1315 2574 1368 ἐπ’
2616 1314 2863 1386 ἐσχάτων
2917 1317 3029 1370 τῶν
3080 1320 3343 1391 ἡμερῶν,
3402 1324 3457 1375 ὲν
3505 1326 3769 1402 ἐμπαιγμῷ

2239 1408 2287 1461 οἱ
2329 1407 2662 1478 ἐμπαίκται,
2718 1410 2861 1462 κατὰ
2892 1410 2992 1473 τὰς
3027 1410 3161 1475 ἰδίας
3188 1390 3367 1467 αὐτῶν
3393 1390 3771 1489 ἐπιθυμίαςᾆᾷ

2242 1502 2526 1574 ρευόμενοι
2547 1543 2561 1566 ,
2598 1501 2694 1556 καὶ
2724 1500 2979 1570 λέγοντες
2998 1520 3011 1534 ·
3066 1504 3177 1557 Ποῦ
3208 1507 3358 1560 ἐστιν
3388 1510 3666 1578 ἐπαγγελία
3693 1517 3772 1585 τῆς

2242 1594 2551 1665 παρουσίας
2597 1593 2798 1660 αὐτοῦς
2852 1593 2966 1648 Kal
3001 1597 3254 1669 ἐπιφέρει
3277 1615 3292 1630 ⁶
3334 1618 3352 1651 ι
3381 1600 3488 1669 Διὸ,
3516 1604 3771 1675 ἀγαπητοὶ,

2245 1687 2609 1751 σπουδάσατε,
2634 1687 2850 1742 ἄσπιλοι
2883 1688 2981 1742 καὶ
3005 1690 3302 1761 ἀμώμητοι
3330 1694 3477 1765 αὐτῷ
3504 1694 3770 1769 εὑρεθῆναι·

2243 1778 2342 1832 καὶ
2392 1778 2493 1848 τὴν
2539 1777 2634 1832 τοῦ
2667 1779 2877 1849 Κυρίου
2916 1782 3326 1853 μακροθυμίαν,
3362 1788 3621 1859 σωτηρίαν
3645 1792 3772 1861 ἡγεῖ.

2244 1870 2358 1924 σΘε.
2393 1889 2412 1923 ι
2465 1870 2701 1942 Ὁμοίως
2734 1870 2790 1925 δὲ
2825 1871 2924 1926 καὶ
2954 1875 2982 1926 δ
3012 1871 3226 1940 Παῦλος
3256 1878 3581 1934 ἐπιστέλλων
3607 1883 3770 1954 φησίν’

2247 1980 2267 2012 ι
2305 1962 2460 2016 Εἰσὶν
2488 1961 2599 2033 γὰρ
2630 1963 2820 2017 πολλοὶ
2848 1964 3253 2033 ἀνυπότακτοι,
3307 1970 3668 2040 ματαιολόγοι,
3700 1978 3775 2029 καὶ

2242 2056 2620 2128 φρεναπάται,
2665 2057 2762 2121 οὓς
2794 2057 2877 2112 δεῖ
2920 2058 3296 2131 ἐπιστομίζειν
3319 2063 3374 2102 ε’
3424 2064 3610 2129 οἵτινες
3652 2068 3775 2133 δλους

2241 2148 2371 2210 τοὺς
2405 2147 2587 2211 οἴκους
2620 2148 3020 2218 ἀνατρέπουσιν
3042 2190 3056 2214 ,
3118 2151 3461 2219 διδάσκοντες
3497 2155 3530 2208 ἃ
3562 2156 3629 2227 μὴ
3652 2158 3771 2213 δεῖ.»

2240 2240 2351 2294 Kal
2379 2240 2645 2311 ἀλλαχοῦ·
2685 2261 2702 2292 ι
2733 2242 2846 2294 Kal
2872 2243 2984 2314 γάρ
3015 2244 3103 2296 ὅτε
3136 2244 3285 2315 ἥμην
3313 2245 3450 2316 πρὸς
3475 2248 3629 2318 ὑμᾶς,
3648 2250 3776 2305 τοῦτο

2242 2331 2723 2402 παρηγγείλομεν,
2787 2332 2867 2385 ὅτι
2923 2332 2979 2385 εἴ
3020 2350 3108 2398 τις
3156 2336 3214 2387 οὐ
3265 2335 3409 2390 θέλει
3456 2340 3773 2408 ἐργάζεσθαι,

2244 2424 2380 2496 μηδέ
2422 2423 2669 2477 ἐσθιέτω.
2734 2422 3037 2492 Ἀκοὺομεν
3071 2425 3177 2497 γάρ
3221 2429 3379 2492 τινὰς
3411 2430 3471 2483 ἐν
3500 2431 3620 2501 ὑμῖν
3648 2449 3775 2503 περιο

2242 2515 2551 2580 πατοῦντας
2576 2516 2872 2581 ἀτάκτους,
2906 2517 3001 2570 καὶ
3033 2517 3203 2587 μηδὲν
3230 2520 3645 2591 ἐργαζομένους,
3669 2525 3776 2578 ἀλλὰ

2243 2608 2803 2682 περιεργαζομένους.
2827 2628 2845 2661 ι
2886 2610 2998 2665 Kal
3025 2610 3075 2662 οἱ
3104 2611 3401 2683 ὑποκριταὶ
3429 2613 3508 2679 δὲ,
3537 2616 3622 2669 καὶ
3648 2618 3776 2689 περί·

2241 2718 2397 2774 εργοι
2437 2702 2756 2774 Φαρισαῖοι,
2809 2702 3119 2773 προσῆλθον
3151 2704 3230 2774 τῷ
3266 2706 3479 2774 Ἰησοῦ,
3527 2707 3772 2777 λέγοντεςο

2247 2812 2267 2845 ι
2306 2793 2373 2846 Τί
2424 2810 2508 2846 σοι
2554 2793 2738 2859 δοκεϊ;
2774 2793 2984 2859 ἔξεστιν
3032 2794 3216 2850 δοῦναι
3249 2797 3451 2849 κενσδν
3482 2798 3773 2872 Καίσαρι,η

2240 2884 2302 2939 οὗ
2322 2903 2367 2952 ;›
2388 2885 2590 2957 δῶμεν,
2621 2887 2653 2957 ἢ
2692 2888 2765 2957 μὴ
2789 2887 2997 2957 δῶμεν;
3032 2887 3089 2941 '0
3112 2888 3166 2942 δέ
3189 2889 3419 2961 Κύριος,
3444 2894 3775 2965 καταισχύνων

2242 2977 2423 3031 αὐτῶν
2449 2976 2547 3050 τὴν
2575 2978 2866 3049 περίεργον
2891 2980 3204 3052 ὑπόκρισιν,
3243 2980 3413 3053 φησὶν
3439 2982 3569 3055 πρὸς
3588 2985 3773 3049 αὐτούς’

552 3082 780 3145 Caesari,
813 3095 883 3134 an
913 3076 1154 3131 non"’?t
1208 3072 1488 3135 dabimus,
1523 3085 1591 3125 an
1620 3084 1729 3123 non
1753 3066 2038 3121 dabimus?
2071 3070 2142 3119 At

2251 3086 2269 3119 ι
2302 3067 2368 3122 Τί
2404 3085 2473 3140 με
2504 3069 2823 3141 πειράζετε,
2858 3071 3179 3141 ὑποκριταί;
3214 3074 3521 3141 ἐπιδείξατέ
3545 3094 3624 3147 μοι
3650 3077 3701 3129 τὸ
3717 3076 3779 3129 νό-

554 3174 844 3234 Dominus,
859 3171 1082 3225 illorum
1099 3163 1437 3236 superfluam
1455 3173 1511 3218 et
1521 3161 1798 3217 curiosam
1819 3158 2139 3231 hypocrisin

2247 3174 2427 3229 μισμα
2457 3158 2553 3212 τοῦ
2583 3156 2801 3213 κενσοῦ.
2829 3179 2847 3211 ι
2872 3161 2934 3213 Οἱ
2967 3160 3045 3213 δὲ’
3065 3165 3455 3235 προσήνεγκαν
3483 3165 3622 3236 αὑτῷ
3647 3167 3779 3236 δηνά-

557 3267 761 3323 merito
785 3262 1065 3319 dedecore
1103 3272 1429 3329 aspergens,
1461 3251 1749 3324 respondit
1785 3268 1799 3306 :
1836 3272 1853 3303 ι
1884 3252 2028 3318 Quid
2057 3267 2143 3306 mc

2244 3268 2379 3322 ριον.
2436 3252 2547 3306 Kal
2593 3251 2741 3321 λέγει
2770 3254 2954 3317 αὐτοῖς
2974 3270 2989 3285 ·
3031 3273 3050 3306 ι
3080 3255 3236 3320 Τίνος
3266 3259 3301 3328 ἡ
3330 3257 3490 3312 εἰκὼν
3519 3260 3606 3312 καὶ
3632 3260 3658 3329 ἡ
3684 3260 3780 3313 ἑπι-

561 3358 817 3419 tentatis,
848 3352 1191 3427 hypocrita?
1221 3348 1503 3406 ostendite
1535 3347 1672 3401 mihi
1702 3346 1980 3400 numisma
2010 3360 2143 3400 cen-

2243 3346 2469 3416 γραφής
2524 3344 2791 3413 Λέγουσιν
2840 3346 3025 3417 αὐτῷ·
3076 3348 3385 3420 Καίσαρος.
3422 3352 3559 3421 Ἔφη
3600 3352 3779 3415 αὐτοῖς’

556 3464 672 3506 sus.
702 3447 787 3502 Illi
808 3457 993 3501 autem
1016 3442 1372 3514 protulerunt
1394 3438 1443 3494 ei
1469 3435 1784 3493 denarium.
1810 3433 1877 3488 Et
1902 3434 1979 3488 ait
2002 3433 2143 3489 illis:

2258 3436 2512 3491 Ἀπόδοτε
2560 3432 2652 3491 οὗν
2705 3437 2776 3491 τὰ
2810 3438 3095 3511 Καίσαρος
3145 3442 3430 3513 Καίσαρι,
3484 3446 3575 3499 καὶ
3613 3444 3677 3497 τὰ
3708 3446 3781 3498 τοῦ

555 3542 729 3613 Cujus
754 3547 841 3595 est
874 3539 1056 3608 imago
1083 3537 1200 3590 haec
1231 3542 1289 3588 et
1317 3528 1768 3602 superscriptio?
1800 3527 2009 3583 Dicunt
2037 3526 2089 3581 ei
2125 3543 2139 3579 :

2248 3527 2385 3582 Θεοῦ
2436 3528 2514 3600 τῷ
2557 3528 2697 3599 Θεῷ.
2730 3549 2748 3581 ι
2812 3530 2924 3585 Kal
2979 3532 3223 3604 ἀπῆλθον
3305 3536 3779 3607 καταισχυνθέντες

556 3634 817 3691 ϐωεαιίε.
853 3631 999 3687 Dicit
1026 3630 1108 3684 eis
1137 3646 1151 3681 :
1182 3626 1421 3682 Reddite
1446 3640 1582 3695 ergo
1610 3639 1733 3694 qua-
1758 3630 1890 3677 sunt
1908 3619 2143 3675 Caesaris

2242 3620 2333 3672 τὸν
2384 3620 2496 3691 γὰρ
2546 3621 2841 3692 περίεργον
2897 3620 3129 3694 αἰσχύνη
3180 3625 3608 3680 κατακαλύπτει.
3656 3625 3783 3694 Αὐτῴ

557 3726 806 3791 Caesari,
859 3734 916 3778 et
964 3737 1089 3793 quae
1126 3729 1257 3775 sunt
1286 3718 1417 3780 Dei,
1456 3716 1656 3771 Deo”.
1693 3735 1710 3767 ι
1773 3712 1867 3768 Isti
1900 3727 1958 3767 se
1986 3710 2142 3765 illinc

2242 3711 2273 3781 ή
2301 3709 2427 3774 δόξα
2463 3711 2543 3775 είς
2568 3711 2699 3775 τοὺς
2721 3710 2945 3776 αἰῶνας.
2985 3714 3179 3784 Ἀμήν.

560 3821 966 3893 proripuerunt
985 3814 1195 3885 ingenti
1213 3827 1337 3868 cum
1355 3811 1663 3875 dedecore;
1686 3807 1974 3863 curiosum
1994 3802 2145 3859 enim
2185 3802 2441 3858 confusio
2466 3802 2830 3859 circumvelat
2882 3812 2941 3861 et
2998 3809 3201 3877 operit.
3226 3807 3475 3883 Benigno
3493 3819 3549 3868 et
3564 3810 3781 3869 clementi

562 3916 678 3971 Deo
708 3920 905 3967 nostro
937 3908 1113 3981 gloria
1145 3906 1201 3960 in
1227 3904 1428 3960 saecula
1454 3902 1805 3957 sxcculorum.
1841 3898 2041 3953 Amen.

1088 4020 1374 4078 llOMlLlA
1407 4016 1621 4074 XXXV.

1140 4134 1218 4190 De
1244 4141 1566 4204 contemptu.

636 4254 787 4309 Nihil
844 4267 955 4306 non
1013 4247 1379 4317 contemptim
1436 4243 1690 4300 fastidire
1734 4250 1784 4297 et
1827 4239 2141 4311 aspernari,

2846 4017 3066 4071 ΛΟΓΟΣ
3095 4018 3220 4074 ΛΕ⁹.

2694 4128 2830 4198 Περὶ
2860 4132 3395 4203 καταφρονήσεως.

2320 4241 2393 4295 Τὸ
2442 4244 2814 4313 καταφρονεῖν
2860 4246 3066 4308 παντὸς
3113 4244 3477 4317 πράγματος,
3524 4248 3682 4303 δεινὸν
3713 4252 3783 4303 καὶ

565 4365 676 4404 non
725 4345 1007 4401 mediocre
1049 4348 1137 4396 est
1180 4344 1507 4409 peccatum,
1560 4336 1617 4389 in
1653 4334 1742 4389 his
1775 4332 2015 4387 maxime
2046 4330 2142 4401 qui

2246 4332 2569 4404 ὲφάμαρτον
2591 4372 2607 4396 ,
2666 4331 2903 4403 μάλιστα
2943 4333 3000 4387 δὲ
3047 4335 3156 4388 τῶν
3191 4337 3269 4407 τῷ
3298 4338 3422 4409 Θεῷ
3454 4339 3780 4411 ἁρμοζόντων.

711 4445 972 4505 quaerunt
1011 4401 1395 4486 adhaerescere
1426 4426 1683 4497 propius.
1733 4425 1813 4480 Ne
1848 4423 2020 4495 igitur
2053 4422 2143 4476 ul-

2249 4401 2482 4496 Mijvoﬁiv
2532 4401 2853 4496 ἐκδώσομεν
2899 4428 3100 4491 αὐτοὺς
3146 4401 3617 4505 τῇ-ὰμελείᾳΙκαλ
3642 4450 3782 4488 κατα-

567 4538 656 4587 tro
688 4542 792 4583 nos
819 4527 971 4597 ipsos
994 4523 1265 4579 dedamus
1281 4536 1381 4576 ceu
1416 4517 1551 4575 vilia
1575 4515 1851 4586 mancipia
1878 4514 1971 4570 isti
1996 4514 2150 4584 igna-

565 4622 673 4678 via
701 4626 760 4676 et
787 4619 1026 4674 aliorum
1059 4610 1451 4684 contemptui,
1505 4618 1566 4664 ut
1602 4625 1671 4665 ne
1704 4608 1760 4662 in
1788 4606 2149 4676 imprecatio-

567 4731 696 4773 nem
748 4712 1065 4769 incidamus
1114 4706 1368 4765 Jeremiae
1421 4702 1666 4760 dicentis
1709 4717 1723 4755 :
1772 4720 1790 4752 ι
1827 4698 2151 4754 Malcdictus

567 4807 736 4863 homo
757 4804 852 4874 qui
877 4802 1011 4857 facit
1032 4814 1174 4870 opus
1193 4796 1410 4852 Domini
1435 4794 1784 4865 negligenter
1800 4790 1902 4843 9°.»
1926 4788 2148 4844 Etenim

565 4896 821 4953 ordinem
852 4892 1064 4947 habent
1093 4889 1314 4951 omnia,
1345 4887 1504 4957 juxta
1533 4882 1782 4954 Apostoli
1813 4880 2146 4946 doctrinam,

566 4988 808 5045 dicentis
856 5005 869 5041 :
920 5005 939 5038 ι
974 4983 1169 5039 Omnia
1204 4981 1440 5034 honeste
1475 4986 1531 5032 et
1561 4974 1868 5031 secundum
1896 4973 2148 5028 ordinem

571 5083 804 5139 ﬁant‘.»
840 5078 1003 5136 Ozias
1028 5078 1144 5143 ille,
1182 5072 1433 5143 nunquid
1470 5085 1583 5125 non
1612 5069 1860 5124 insolens
1884 5066 2147 5138 quiddam

568 5189 636 5229 ac
666 5171 992 5228 indecorum
1027 5166 1253 5222 molitus
1280 5172 1396 5222 est,
1437 5163 1549 5216 Deo
1580 5160 1713 5215 dum
1740 5158 1925 5213 adolet
1954 5158 2147 5211 incen-

568 5266 760 5323 sum’?
793 5263 949 5327 Saul,
982 5261 1115 5316 dum
1142 5258 1412 5319 immolat,
1447 5254 1611 5326 regia:
1639 5250 1946 5323 tnajcstatis
1976 5248 2146 5319 gradu

638 5400 683 5432 "
720 5398 887 5454 Eccli.
924 5414 1001 5461 ιιι,
1021 5397 1113 5451 2‘2.
1187 5395 1233 5428 θ’
1264 5392 1427 5448 Prov.
1463 5406 1589 5454 xxx,
1620 5391 1710 5444 55.
1736 5460 1742 5461 γ
1772 5390 1828 5461 ί⁰¹
1858 5387 2032 5461 Eccli.
2061 5388 2273 5461 ιιιμὲἓ.

564 5471 614 5509 ³⁸
646 5470 756 5535 Tit.
789 5485 849 5533 ι,
878 5468 946 5523 10
972 5458 1104 5534 ,H.
1213 5466 1258 5497 9°
1292 5464 1333 5535 ll
1363 5462 1561 5515 Thess.
1594 5477 1691 5522 ιιι,
1724 5460 1822 5535 l0,
1874 5458 1961 5512 Η.

570 5542 586 5572 ⁸
618 5537 641 5598 ι
668 5532 798 5599 Ger.
828 5531 937 5605 itv,
970 5531 1059 5595 λυ.
1136 5538 1155 5567 ¹
1186 5535 1252 5590 lV
1284 5534 1421 5603 Reg.
1456 5547 1550 5594 xu,
1596 5531 1818 5599 passim.

2068 5458 2111 5489 ⁹⁷
2139 5459 2331 5515 Matth.
2366 5477 2475 5516 χχιι
2497 5502 2512 5528 ,
2542 5464 2629 5518 17.

2249 4519 2534 4589 φρονήσει,
2570 4517 2660 4571 ἵνα
2692 4518 2766 4588 μὴ
2790 4518 3161 4591 ὐποπέσωμεν
3187 4524 3254 4594 τῇ
3277 4521 3393 4596 ἀρᾷ
3413 4524 3507 4579 τοῦ
3532 4524 3780 4596 Ἱερεμίου,

2246 4610 2502 4678 λέγοντος
2522 4623 2537 4641 ο
2600 4630 2619 4661 ι
2661 4610 3100 4683 Ἐπικατάρατος
3142 4617 3254 4679 πᾶς
3279 4615 3565 4689 ἄνθρωπος
3595 4618 3621 4671 ὁ
3644 4616 3783 4672 ποιῶν

2246 4700 2308 4754 τὸ
2352 4700 2517 4773 ἔργον
2563 4698 2660 4754 τοῦ
2708 4702 2917 4771 Κυρίου
2962 4704 3204 4774 ἀμελῶς.
3236 4725 3256 4759 ι
3310 4707 3495 4762 Πάντα
3529 4709 3630 4778 γάρ
3659 4707 3783 4771 τάξιν

2247 4792 2360 4862 ἔχει
2465 4791 2649 4857 καθὼς
2697 4796 2792 4848 καὶ
2824 4796 2853 4848 ὁ
2882 4795 3096 4860 Παῦλος
3128 4797 3377 4854 διδάσκει
3408 4803 3570 4872 ἡμᾶς,
3604 4802 3779 4868 λέγων’

2254 4903 2271 4936 ι
2315 4884 2501 4937 Πάντα
2536 4885 2930 4955 εὐσχημόνως,
2990 4888 3084 4942 καὶ
3134 4890 3281 4944 κατὰ
3313 4893 3469 4959 τάξιν
3512 4894 3776 4961 γινέσθω.›

2247 4975 2405 5029 Ἐπεὶ
2433 4976 2488 5028 τί
2518 4976 2721 5032 ἄτοπον
2751 4978 2926 5033 ἐποίει
2958 4980 3140 5047 Ὀζίας
3165 4982 3379 5055 Θυμιῶν
3402 4985 3479 5057 τῷ
3502 4986 3640 5057 Θεῷ;
3663 4985 3720 5037 Τί
3738 4982 3781 5037 δὲ

2245 5071 2274 5123 ὁ
2309 5070 2502 5134 Σαοὺλ,
2540 5070 2722 5139 Θύωνς
2764 5072 2900 5127 ἀλλά
2930 5073 3238 5146 ἀπόϐλητος
3269 5078 3449 5133 αὐτῶν
3477 5083 3508 5149 ή
3541 5079 3688 5132 θυσία
3708 5076 3780 5144 γέ·

2246 5177 2425 5229 γονεν.
2492 5162 2790 5233 Προσέχειν
2832 5163 2889 5217 δέ
2929 5163 3163 5218 ἕκαστον
3194 5168 3463 5237 ἀσφαλῶς
3489 5168 3652 5238 ἐαυτῷ
3674 5166 3779 5237 χρὴ,

2251 5253 2348 5306 καὶ
2384 5253 2460 5325 μὴ
2492 5254 2633 5326 ὑπὲρ
2662 5255 2731 5308 τὰ
2764 5256 2940 5329 μέτρα
2968 5258 3134 5312 αὑτοῦ
3166 5262 3369 5317 ἐννοεῖν
3395 5281 3445 5315 τι
3474 5264 3505 5333 ἦ
3531 5262 3776 5333 πράττειν·

2372 5392 2418 5423 ’³
2449 5391 2589 5465 ibid.
2690 5395 2735 5427 ’³
2761 5396 2801 5449 ll
2827 5397 2973 5451 Pclr.
3009 5413 3099 5461 ιιι,
3129 5400 3183 5464 ὅ,
3212 5401 3264 5455 4.
3362 5401 3410 5435 ’⁸
3433 5401 3561 5456 ibid.
3592 5402 3668 5465 H,
3704 5398 3773 5451 15.

2743 5468 2788 5498 ⁹⁸
2818 5468 2954 5522 ibid.
2988 5470 3173 5525 l8—2l.
3274 5473 3319 5505 ’θ
3350 5473 3460 5530 Jer.
3489 5487 3633 5527 smn
3656 5510 3669 5537 ,
3704 5468 3772 5522 10.

1903 5646 2143 5705 νΑιιιέΕ
2169 5648 2575 5707 LECTIONES.

644 5755 669 5794 ⁸
698 5748 1055 5823 ἐπιστομίζεν
1085 5747 1369 5811 obturarc,
1401 5740 1717 5799 occludere.
