3868 6548
120 366 256 432 1545

1112 370 1443 432 HOMIIJA
1482 370 1744 432 XXXVI.
1786 393 1856 404 -
1899 369 1996 429 DE
2036 370 2403 431 PIGRITIA.

3253 369 3389 436 1546

118 492 203 543 ἵνα
258 484 339 559 μὴ
389 487 724 558 ἀκούσωμεν
762 486 916 560 παρὰ
946 487 1038 540 τοῦ
1079 487 1434 559 ’Λδϐακούμ’
1496 508 1515 541 ι
1557 488 1615 541 ’0
1647 486 1699 540 δὲ

1810 483 2098 540 deturbari
2125 486 2490 557 promeruit’.
2523 485 2643 539 Non
2668 484 2838 555 igitur
2860 482 3128 540 mediocri
3149 485 3387 543 circum-

115 580 482 650 κατοιόμενος
540 580 634 634 καὶ
684 582 1111 653 καταφρονητὴς
1144 582 1315 652 ἀνὴρ,
1362 579 1580 645 ἀλαζὼν
1612 580 1699 635 καὶ

1811 578 2099 649 spectione
2123 594 2285 649 opus,
2318 578 2425 634 sibi
2454 588 2516 633 ut
2543 580 2780 650 quisque
2806 578 3079 645 attendat,
3102 596 3206 635 nec
3226 582 3393 651 quid--

114 674 509 746 ὑπερήφανος,
545 672 699 726 οὐδὲν
730 676 826 726 καὶ
860 673 936 744 μὴ
964 677 1209 746 περανεῖ.
1238 693 1258 726 ι
1293 674 1401 727 Kal
1432 673 1705 744 ἀλλαχοῦο

120 788 137 821 ι
168 768 254 822 Ζῶ
281 764 424 835 ἐγὼ,
457 766 610 835 λέγει
641 766 871 835 Κύριος,
903 767 986 820 ὅτι
1017 766 1133 820 ἀλλ’
1160 766 1193 839 ἢ
1224 766 1350 830 τοὺς
1379 766 1707 831 δοξάζοντάς

117 882 182 934 με
211 861 431 926 δοξάσω
454 902 472 926 ,
527 861 622 915 καὶ
651 862 680 913 6
707 858 1006 923 ὲξουθενῶν
1036 877 1133 930 με,
1185 860 1647 931 ἀτιμασθήσεται.
1680 878 1699 911 ι

116 958 219 1009 Kal
255 957 284 1009 6
317 954 777 1026 Παροιμιαστής’
820 971 840 1004 ι
877 952 936 1007 Ὀ
964 952 1323 1023 καταφρονῶν
1354 953 1703 1023 πράγματος,

117 1045 672 1117 καταφρονηθήσεται
708 1044 800 1097 ὑπ’
832 1044 1002 1098 αὐτοῦ
1026 1062 1038 1075 ·
1092 1046 1120 1098 6
1153 1045 1211 1097 δὲ
1249 1044 1585 1114 φοϐούμενος
1615 1044 1704 1096 ἐν·

113 1139 293 1211 τολὴν,
322 1133 494 1201 οὗτος
520 1137 781 1205 ὑγιαίνει.
808 1157 825 1189 ι
861 1138 972 1191 Kal
998 1138 1027 1190 6
1049 1138 1294 1208 Μιχαίας
1320 1136 1485 1207 φησίν
1504 1152 1517 1166 ·
1546 1135 1706 1199 ιΥἱδς

114 1233 328 1298 δοξάζει
360 1232 609 1303 πατέρα,
647 1231 741 1284 καὶ
762 1222 965 1293 ¹δοῦλος
996 1231 1088 1283 τὸν
1116 1229 1308 1302 κύριον
1345 1228 1536 1284 αὐτοῦ.
1569 1228 1701 1293 Kal,

118 1326 176 1379 Ei
203 1323 392 1395 πατὴρ
418 1324 534 1392 ἐγὼ
555 1324 693 1394 εἰμι,
723 1321 827 1375 ποῦ
851 1323 1001 1374 ἐστιν
1028 1322 1061 1392 ἡ
1089 1321 1215 1388 δόξα
1241 1338 1374 1393 μου;
1406 1321 1520 1384 καί,
1545 1321 1595 1374 εἰ
1617 1320 1706 1374 κύ-

118 1421 227 1493 ριός
272 1421 418 1490 εἰμι,
477 1416 582 1470 ποῦ
628 1419 778 1469 ἐστιν
826 1415 855 1467 6
899 1413 1069 1483 φόϐος
1103 1431 1241 1484 μου;
1273 1433 1291 1466 ι
1344 1412 1577 1483 Ὁμοίως
1608 1414 1706 1467 καὶ

115 1515 143 1565 ὁ
170 1509 369 1563 Δαυῒδ·
436 1526 457 1559 ι
496 1506 741 1575 «In-‘0'le
788 1504 1150 1574 παράνομος,
1216 1501 1312 1557 τοῦ
1361 1504 1704 1574 ἁμαρτάνειν

116 1605 169 1655 ὲν
199 1601 380 1673 ἑαυτῷ
401 1617 417 1630 ο
457 1600 577 1652 Ούκ
612 1598 761 1653 ἔστιν
791 1597 956 1667 φόϐος
979 1594 1139 1660 Θεοῦ,
1177 1595 1439 1650 ἀπέναντι
1466 1596 1576 1648 τῶν
1597 1595 1701 1665 ὀφ-

116 1692 337 1766 θαλμῶν
375 1691 571 1747 αὐτοῦ.
590 1711 610 1744 ι
640 1691 700 1744 ὐ
726 1690 782 1744 δὲ
810 1691 1014 1760 Πέτρος
1048 1689 1236 1760 φησιν,
1265 1686 1347 1741 ὅτι
1379 1707 1398 1740 ι
1427 1689 1487 1742 'U
1512 1688 1703 1760 καιρδς

116 1789 202 1843 τοῦ
249 1786 536 1859 ἄρξασθαι
583 1784 647 1838 τὺ
689 1786 866 1857 κρῖμα
909 1783 1019 1836 ἀπὸ
1050 1782 1145 1836 τοῦ
1175 1782 1327 1835 οἴκου
1359 1780 1453 1835 τοῦ
1482 1780 1642 1836 Θεοῦ.
1674 1800 1693 1832 ι

1809 685 1975 740 quam
2034 685 2201 740 supra
2245 671 2511 726 viriculas
2553 671 2808 742 pr0prias
2856 687 3048 727 secum
3087 673 3391 732 constituat

1807 760 2068 833 aggredi,
2106 763 2403 832 nequando
2434 762 2571 817 illud
2600 762 2860 818 llabacuc
2888 764 2945 818 in
2973 779 3030 819 se
3058 764 3261 821 habeat
3287 767 3387 823 de-

1809 854 2058 925 torqueri
2119 873 2133 910 :
2193 873 2211 906 ι
2257 854 2539 924 Arrogans
2589 866 2647 910 et
2694 864 3080 925 contemptor,
3137 856 3388 912 insolens

1804 956 1864 1001 et
1911 947 2226 1017 superbus,
2280 945 2418 1000 nihil
2452 946 2536 1000 ‘ad
2571 946 2738 1002 linem
2773 964 2953 1018 usque
3000 949 3334 1020 perducet‘.
3365 970 3383 1003 ι

1807 1038 1931 1093 Alio
1964 1039 2095 1093 item
2123 1040 2246 1092 loco
2299 1056 2313 1092 :
2376 1058 2392 1090 ι
2424 1037 2564 1094 Vivo
2608 1054 2740 1111 ego,
2783 1042 2920 1095 dicit
2951 1042 3241 1107 Dominus,
3280 1044 3389 1098 nisi

1804 1130 2181 1203 glorificantes
2197 1130 2525 1202 gloriﬁcabo
2546 1150 2561 1200 ;
2584 1133 2678 1203 qui
2710 1142 2897 1189 autem
2929 1138 3247 1197 contemnit
3274 1154 3384 1203 me,

1804 1227 1917 1280 erit
1948 1225 2212 1296 ignobilis
2243 1227 2335 1279 ⁵-⁸.
2369 1245 2387 1277 ι
2447 1226 2879 1281 Ρπωῐιιίιιειεεε
2919 1246 2937 1279 ι
2959 1227 3062 1294 Qui
3097 1244 3213 1283 rem
3245 1246 3389 1301 qua-

1806 1316 2142 1387 lemcunque
2167 1318 2501 1383 contemnit,
2530 1325 2925 1374 contemnetur
2950 1320 3019 1375 ab
3043 1336 3141 1388 ea;
3168 1322 3265 1391 qui
3291 1338 3392 1377 au-

1808 1419 1918 1465 tem
1954 1420 2185 1466 veretur
2217 1411 2583 1482 prmtergredi
2615 1411 2961 1478 mandatum,
2995 1428 3164 1468 sanus
3190 1424 3277 1470 est
3300 1415 3383 1468 ⁷.»

1806 1504 2063 1559 Michaeas
2098 1505 2227 1559 item
2258 1520 2271 1558 :
2306 1522 2323 1556 ι
2351 1504 2528 1559 Filius
2545 1504 2821 1576 glorificat
2851 1514 3089 1576 patrem,
3118 1516 3390 1563 etservus

1804 1596 2092 1653 dominum
2138 1612 2321 1653 suum.
2384 1596 2540 1664 Quod
2579 1597 2624 1653 si
2657 1607 2819 1667 pater
2847 1614 2950 1669 ego
2978 1614 3100 1655 sum
3123 1641 3138 1665 ,
3175 1601 3272 1655 ubi
3302 1608 3388 1656 est

1804 1690 1981 1761 gloria
2010 1692 2165 1744 mea?
2198 1701 2274 1756 et,
2298 1691 2344 1744 si
2376 1690 2639 1745 dominus
2667 1706 2769 1761 ego
2797 1707 2942 1756 sum,
2982 1692 3077 1746 ubi
3102 1701 3186 1747 est
3216 1693 3388 1748 timor

1806 1780 2097 1835 meus”?
2130 1800 2147 1831 ι
2188 1780 2397 1835 Eodem
2431 1790 2647 1852 spectat
2677 1780 2813 1837 illud
2846 1781 3070 1838 Davidis
3120 1800 3135 1838 :
3191 1804 3209 1836 ι
3240 1784 3390 1840 Dixit

116 1885 175 1938 Εἰ
202 1882 257 1937 δὲ
290 1882 387 1950 ἀφ’
412 1882 447 1951 ἡ
458 1878 581 1950 μῶν
612 1878 860 1950 πρῶτον,
908 1877 963 1930 τί
993 1877 1053 1930 τὸ
1079 1875 1235 1940 τέλος
1265 1876 1375 1930 τῶν
1401 1875 1694 1930 ἀπειθούν-

1804 1873 2040 1944 injustus
2062 1912 2077 1937 ,
2135 1880 2198 1926 ut
2248 1872 2540 1943 delinquat
2572 1873 2628 1927 in
2663 1874 3002 1944 semetipso,
3053 1890 3163 1930 non
3197 1887 3281 1931 est
3315 1876 3389 1931 ti-

118 1994 254 2044 των;
287 1975 405 2029 Καὶ
442 1976 495 2029 εἰ
528 1977 558 2029 6
582 1973 797 2036 δίκαιος
828 1972 983 2043 μόλις
1013 1969 1273 2034 σώζεται,
1307 1972 1335 2025 6
1368 1969 1575 2041 ἀσεϐὴς
1606 1969 1701 2024 καὶ

120 2068 442 2142 ἁμαρτωλὸς
476 2067 585 2122 ποῦ
615 2070 900 2137 φανεῖταις
933 2065 1043 2119 Kal
1069 2067 1097 2119 6
1126 2064 1337 2128 Παῦλος
1364 2064 1698 2136 Κορινθίοιςο

125 2185 143 2217 ι
170 2163 264 2217 Διά
294 2161 464 2217 τοῦτο
499 2164 559 2216 ὲν
589 2159 719 2231 ύμῖν
752 2158 940 2213 πολλοὶ
966 2157 1238 2223 ἀσθενεῖς,
1273 2158 1369 2211 καὶ
1399 2157 1697 2230 ἄρρωστοι,

120 2256 208 2310 καὶ
259 2252 573 2324 κοιμῶνται
622 2251 827 2305 ἱκανοί.
882 2250 945 2303 Εἰ
978 2249 1088 2321 γὰρ
1126 2250 1354 2313 ἑαυτοὺς
1384 2250 1699 2321 ἐκρίνομεν,

120 2348 213 2402 οὐκ
238 2346 304 2402 ἂν
332 2345 708 2418 ὲκρινὸμεθα’
744 2344 1063 2415 κρινόμενοι
1089 2341 1168 2406 δὲ,
1202 2340 1308 2396 ὑπὸ
1333 2343 1542 2413 Κυρίου
1573 2360 1701 2397 παι-

122 2436 380 2508 δευόμεθα
400 2476 417 2500 ,
477 2436 568 2489 ἴνα
623 2433 699 2505 μὴ
731 2435 829 2487 σὺν
858 2433 934 2505 τῷ
963 2434 1157 2504 κόσμῳ
1186 2433 1641 2505 κατακριθῶμεν.
1672 2452 1694 2486 ι

125 2530 226 2584 Καὶ
253 2524 443 2593 αὖθις·
482 2547 503 2581 ι
527 2528 593 2581 Ἦ
620 2526 804 2598 ἡμέρα
829 2526 1036 2598 Κυρίου
1062 2525 1137 2590 ῶς
1163 2526 1404 2597 κλέπτης
1432 2528 1490 2580 ἐν
1519 2526 1697 2595 νυκτὶ,

124 2624 283 2686 οὔτως
315 2622 566 2692 ἔρχεται.
591 2622 761 2675 Ὅταν
785 2618 842 2672 δὲ
872 2618 1105 2688 λέγωσιν
1123 2636 1137 2651 ο
1162 2619 1369 2691 Εἰρήνη
1399 2621 1493 2672 καί
1519 2618 1699 2688 ἀσφά-

124 2718 263 2781 λεια,
316 2715 440 2769 τότε
510 2712 780 2783 αἰφνίδιος
837 2712 1085 2766 ὲίσταται
1133 2711 1321 2775 αὐτοῖς
1379 2710 1625 2783 ὄλεθρος.
1673 2731 1692 2764 ι

125 2809 283 2878 εἴδησιν
310 2808 367 2862 δὲ
397 2806 495 2861 καὶ
527 2805 687 2869 ἄλλος
706 2819 719 2833 ⁸
752 2822 773 2856 ι
800 2804 894 2876 Μὴ
918 2803 1102 2876 εἴπῃς,
1130 2803 1192 2857 Ὃ
1220 2804 1503 2875 οἰκτιρμδς
1530 2802 1697 2857 αὑτοῦ

128 2898 306 2963 πολὺς,
337 2899 434 2953 καὶ
464 2899 529 2951 τὸ
555 2896 761 2967 πλῆθος
790 2895 901 2951 τῶν
925 2895 1214 2968 ἁμαρτιῶν
1236 2913 1340 2967 μου
1367 2894 1695 2961 ὲξιλάσεται.

130 2991 305 3055 Ἔλεος
335 2992 448 3062 γὰρ
488 2990 586 3043 καὶ
615 2988 755 3062 ὀργὴ
792 2989 922 3061 παρ’
950 2988 1155 3060 αὐτῷ.»
1194 2989 1307 3043 Kal
1341 2988 1533 3042 maliv
1568 3006 1585 3038 ι
1606 2988 1698 3060 Μὴ

129 3083 353 3154 ἀνάμενε
381 3081 741 3152 ἐπιστρέφειν
770 3080 907 3152 πρὸς
934 3079 1143 3153 Κύριον
1164 3120 1179 3146 ,
1231 3080 1328 3134 καὶ
1361 3077 1437 3151 μὴ
1463 3079 1699 3136 ἀναϐάλ-

130 3172 212 3227 λου
259 3174 478 3245 ἡμέραν
532 3175 591 3240 ἐξ
627 3172 876 3243 ⁸ἡμέρας.
937 3171 1098 3225 mea:
1139 3172 1247 3242 γὰρ
1283 3171 1347 3225 τὸ
1379 3172 1514 3225 πολὺ
1550 3170 1699 3236 ἔλεος

1722 3222 1769 3283 C

1804 1981 1927 2020 mor
1958 1963 2053 2019 Dei
2086 1972 2215 2019 ante
2243 1964 2439 2020 oculos
2464 1967 2589 2036 ejus
2609 1968 2673 2020 ‘°.
2712 1964 2911 2021 Petrus
2935 1982 3160 2038 quoque
3186 1986 3199 2021 :
3230 1968 3387 2025 «Jam

1804 2069 2025 2129 tempus
2056 2066 2170 2124 est,
2221 2068 2282 2113 ut
2316 2058 2548 2128 incipiat
2571 2059 2847 2130 judicium
2881 2076 2910 2114 a
2941 2060 3111 2116 domo
3142 2061 3241 2117 Dei
3266 2063 3329 2117 ".
3362 2082 3381 2115 ι

1807 2151 2020 2222 1085
2056 2149 2211 2218 Quod
2245 2150 2290 2205 si
2319 2166 2349 2205 a
2381 2150 2548 2205 nobis
2572 2151 2843 2221 primum,
2880 2153 3007 2222 quis
3035 2152 3163 2208 ﬁnis
3191 2169 3387 2209 eorum

1802 2245 1897 2315 qui
1932 2258 2041 2298 non
2072 2243 2341 2299 credunt?
2376 2243 2443 2299 Et
2476 2244 2522 2298 si
2543 2246 2733 2315 justus
2764 2244 2854 2298 vix
2882 2244 3154 2309 salvatur,
3181 2247 3388 2317 impius

1802 2343 1859 2389 et
1878 2342 2142 2403 peccator
2168 2332 2261 2387 ubi
2287 2332 2601 2401 parebunt?
2621 2333 2824 2389 Paulus
2841 2332 3187 2390 Corinthiis:
3210 2356 3228 2386 ι
3250 2336 3386 2391 Pro-

1803 2433 1928 2495 pter
1974 2425 2082 2480 boc
2132 2426 2281 2480 inter
2311 2439 2415 2480 vos
2449 2425 2608 2479 multi
2639 2422 2843 2480 inﬁrmi
2875 2437 2933 2482 et
2960 2426 3293 2489 imbecilles.
3326 2439 3388 2485 et

1802 2516 2090 2572 dormiunt
2119 2517 2303 2572 multi.
2368 2518 2424 2573 Si
2460 2518 2612 2572 enim
2658 2533 2761 2573 nos
2796 2518 2948 2589 ipsos
2974 2519 3381 2590 judicaremus,

1802 2626 1913 2666 non
1961 2611 2156 2681 utique
2194 2609 2613 2682 judicaremur;
2664 2611 2798 2665 dum
2826 2623 3015 2667 autem
3041 2614 3383 2685 judicamur,

1801 2719 1832 2758 a
1878 2704 2112 2758 Domino
2154 2702 2531 2773 corripimur,
2593 2714 2659 2759 ut
2709 2720 2823 2760 non
2876 2720 3003 2761 cum
3041 2706 3148 2762 hoc
3175 2709 3386 2764 mundo

1801 2795 2241 2850 damnemur".»
2273 2796 2528 2851 Rursus:
2560 2796 2726 2852 «Dies
2750 2797 3277 2870 Domini,tanquam
3294 2801 3386 2856 fur

1801 2888 1858 2943 in
1887 2898 2074 2954 nocte,
2109 2889 2189 2944 ita
2218 2889 2426 2944 veniet.
2464 2888 2605 2945 Cum
2633 2900 2819 2945 autem
2851 2890 3100 2947 dixerint
3137 2910 3150 2947 :
3186 2895 3296 2949 Pax
3329 2906 3386 2950 et

1800 2981 2077 3037 securitas
2107 3020 2122 3043 .
2177 2988 2313 3036 tunc
2344 2981 2677 3051 repentinus
2708 2984 3068 3053 superveniet
3094 2986 3179 3042 eis
3207 2987 3386 3043 inter-

1801 3073 1917 3129 itus
1945 3074 2011 3129 “.
2036 3091 2057 3127 ι
2120 3072 2229 3130 Sed
2259 3083 2316 3130 et
2342 3074 2484 3131 alius
2514 3092 2529 3129 :
2565 3094 2583 3128 ι
2609 3075 2690 3130 Ne
2718 3075 2950 3143 dixeris,
2987 3079 3119 3149 quia
3149 3081 3387 3137 misera-

1802 3167 1884 3222 tio
1904 3165 2126 3224 Domini
2165 3167 2359 3231 multa,
2380 3166 2728 3223 multitudini
2752 3180 3108 3240 peccatorum
3133 3188 3388 3229 meorum

131 3266 279 3320 αὐτοῦ
298 3311 314 3333 ,
357 3267 539 3332 οὕτως
571 3268 664 3321 καὶ
692 3266 860 3329 πολὺς
892 3266 921 3318 6
952 3264 1175 3335 ἔλεγχος
1206 3263 1395 3319 αὑτοῦ.
1428 3282 1446 3315 ι
1488 3264 1697 3333 Ἀνδρα

1806 3259 2227 3331 propitiabitur.
2242 3260 2623 3316 Misericordia
2643 3271 2700 3317 et
2718 3261 2800 3317 ira
2820 3263 2968 3334 apud
2984 3278 3114 3319 eum
3138 3266 3347 3321 sunt“.
3362 3286 3381 3318 ι

133 3359 259 3412 κατὰ
285 3361 353 3414 τὰ
382 3360 525 3433 ἔργα
557 3357 725 3412 αὺτοῦ
755 3359 955 3428 κρινεῖ.
992 3357 1103 3410 Kal
1133 3356 1162 3409 6
1192 3356 1491 3427 Ἰεζεκιήλο
1552 3375 1570 3408 ι
1611 3356 1703 3410 Ἐν

133 3449 201 3520 τῷ
240 3453 611 3523 ἀποστρέφειν
645 3450 858 3504 δίκαιον
908 3451 972 3502 ὲκ
999 3450 1100 3519 τῆς
1127 3448 1480 3520 δικαιοσύνης
1509 3448 1700 3512 αὐτοῦ,

136 3546 217 3597 καί
261 3545 489 3616 ποιῆσαι
543 3543 802 3606 ἀδικίαν,
862 3544 1040 3597 πᾶσαι
1080 3545 1134 3596 αἱ
1162 3541 1506 3597 δικαιοσύναι
1533 3539 1701 3596 αὑτοῦ

135 3636 189 3689 ού
237 3636 306 3707 μὴ
357 3636 707 3709 μνησθῶσιν,
746 3639 804 3690 ὲν
834 3637 899 3708 τῇ
930 3635 1175 3708 ἁμαρτίᾳ
1205 3635 1372 3689 αὐτοῦ
1408 3633 1703 3689 ἀποθανεῖ-

134 3746 230 3784 ται.
274 3731 552 3784 Ἐκαστον
603 3730 745 3783 κατὰ
797 3729 897 3800 τὴν
947 3727 1067 3783 ὁδὸν
1106 3728 1306 3792 αὐτοῦ,
1366 3730 1422 3782 ὲν
1556 3726 1703 3802 εὕρω

138 3821 303 3889 αὑτὸν,
339 3822 516 3895 κρινῶ
544 3822 727 3886 αὐτὸν,
753 3820 906 3890 λέγει
938 3821 1162 3893 Κύριος.
1207 3841 1225 3874 ι
1259 3822 1369 3875 Kal
1395 3823 1424 3875 6
1446 3818 1660 3886 Παῦλος
1684 3837 1699 3853 ⁸

145 3935 161 3968 ι
193 3918 329 3989 Ἄρα
356 3916 453 3972 οῦν
494 3917 570 3989 μὴ
602 3915 980 3984 καθεύδωμεν,
1015 3915 1151 3969 ἀλλὰ
1177 3915 1567 3987 γρηγορῶμεν,
1606 3914 1701 3968 καὶ

138 4007 394 4078 νήφωμεν.
432 4011 499 4061 Ui
533 4006 643 4076 γὰρ
679 4005 1057 4069 καθεύδοντες,
1095 4004 1293 4069 νυκτδς
1319 4005 1696 4071 καθεύδουσιν,

139 4100 221 4151 καὶ
247 4101 293 4153 οἱ
321 4101 711 4171 μεθύσκοντες,
748 4099 944 4164 νυκτὸς
972 4098 1360 4170 μεθύσκουσιν.
1411 4119 1427 4151 ι
1466 4099 1575 4153 Kal
1602 4100 1700 4153 ὲπο

140 4190 286 4257 ἀγει·
340 4212 360 4246 ι
397 4195 490 4256 Ὠς
540 4192 707 4245 τέκνα
741 4192 918 4261 φωτὸς
951 4193 1334 4263 περιπατεῖτε,
1366 4190 1699 4263 ἐξαγοραζό-

145 4298 279 4349 μενοι
321 4286 411 4339 τδν
453 4284 690 4356 καιρὸν,
740 4284 825 4339 ὅτι
873 4284 929 4337 αἰ
965 4283 1171 4357 ἡμέραι
1207 4283 1443 4356 πονηραί
1477 4285 1637 4338 εἰσιν.
1674 4304 1692 4335 ι

141 4372 288 4445 (μησὶν
312 4375 369 4430 δὲ
398 4377 499 4432 καὶ
528 4379 556 4430 6
578 4376 815 4447 Κύριος·
854 4396 872 4428 ι
900 4377 1255 4448 Γρηγορεῖτε,
1290 4377 1373 4430 ὅτι
1399 4378 1501 4430 οὐκ
1520 4377 1698 4431 οἴδατε

142 4463 255 4536 ποίᾳ
276 4469 458 4541 ἡμέρᾳ
488 4471 518 4523 6
545 4469 753 4538 Κύριος
777 4468 935 4538 ὑμῶν
961 4468 1201 4538 ἔρχεται.
1221 4469 1431 4521 Ἐκεῖνο
1457 4469 1514 4522 δὲ
1541 4469 1699 4537 γινὼο

1803 3352 2012 3408 lterum
2070 3370 2084 3407 :
2144 3371 2163 3404 ι
2197 3352 2278 3408 Ne
2324 3354 2512 3409 tardes
2548 3355 2801 3410 converti
2844 3356 2913 3411 ad
2946 3358 3278 3427 Dominum,
3330 3370 3389 3416 et

1804 3456 1874 3499 ne
1917 3443 2147 3499 differas
2192 3444 2261 3498 de
2302 3444 2392 3500 die
2436 3445 2493 3499 in
2534 3446 2729 3514 diem;
2786 3447 3095 3505 secundum
3130 3451 3387 3508 multitu-

1805 3536 1991 3592 dinem
2010 3537 2411 3593 misericordia:
2428 3539 2571 3609 ejus,
2590 3539 2664 3594 ita
2687 3549 2743 3596 et
2765 3540 3076 3614 increpatio
3094 3544 3348 3617 ipsius“.
3362 3567 3381 3601 ι

1804 3630 1997 3687 Virum
2016 3631 2325 3687 secundum
2347 3647 2513 3703 opera
2526 3634 2739 3705 judicat
2781 3636 3076 3695 Ezechiel:
3104 3660 3121 3692 ι
3144 3640 3203 3697 Si
3227 3657 3391 3699 aver-

1803 3739 1901 3781 sus
1929 3724 2103 3781 fuerit
2123 3727 2309 3797 justus
2338 3741 2371 3781 a
2396 3726 2615 3798 justitia
2640 3743 2768 3796 sua,
2804 3740 2861 3786 et
2891 3732 3090 3788 fecerit
3115 3734 3385 3807 iniquita-

1803 3824 1914 3872 tem
1942 3858 1958 3881 ,
2014 3831 2209 3873 omnes
2247 3818 2481 3889 justitize
2512 3821 2634 3889 ejus
2668 3837 2780 3877 non
2810 3826 3285 3895 recordabuntur,
3325 3832 3383 3887 in

1802 3916 2031 3978 peccato
2057 3923 2159 3963 suo
2188 3908 2480 3962 morietur.
2537 3910 3019 3983 Unumquemque,
3050 3916 3208 3988 juxta
3235 3920 3383 3975 viam

1802 4012 1959 4054 suam
2014 4000 2068 4053 in
2108 4014 2216 4069 qua
2263 3999 2532 4054 invenero
2575 4016 2735 4065 eum,
2782 4004 3068 4074 judicabo,
3104 4008 3240 4063 dicit
3270 4012 3382 4065 Do-

1802 4092 1988 4145 minus
2013 4092 2074 4144 ".
2106 4110 2124 4143 ι
2170 4090 2373 4145 Paulus
2401 4091 2530 4145 item
2576 4109 2590 4145 :
2640 4112 2657 4144 ι
2688 4095 2877 4163 Itaque
2914 4112 2982 4151 ne
3011 4098 3379 4165 dormiamus,

1802 4183 1898 4238 sed
1927 4184 2219 4254 vigilemus
2248 4192 2304 4237 et
2335 4183 2507 4237 sobrii
2537 4184 2731 4239 simus.
2762 4187 2865 4253 Qui
2894 4188 3042 4243 enim
3068 4190 3377 4258 dormiunt,

1800 4287 1964 4333 nocte
2015 4275 2335 4341 dormiunt;
2395 4284 2452 4331 et
2504 4278 2598 4346 qui
2644 4279 2783 4333 ebrii
2826 4291 2986 4345 sunt,
3038 4292 3203 4342 nocte
3231 4288 3379 4343 ebrii

1798 4379 1931 4426 sunt
1952 4370 2018 4424 ‘7.
2040 4388 2058 4421 ι
2100 4368 2319 4425 lnducit
2346 4386 2360 4427 :
2390 4389 2411 4423 ι
2434 4371 2594 4427 Sicut
2628 4371 2726 4426 ﬁlii
2756 4373 2897 4428 lueis
2927 4375 3243 4441 ambulate.
3286 4396 3379 4438 τοι

1800 4466 2073 4520 dimentes
2106 4474 2354 4533 tempus,
2404 4466 2535 4537 quia
2564 4464 2685 4521 dies
2711 4466 2839 4521 mali
2864 4477 2995 4523 sunt
3020 4470 3083 4524 ".
3118 4491 3137 4525 ο
3182 4472 3289 4529 Sed
3323 4486 3380 4532 et

146 4571 306 4623 σκετε,
335 4560 414 4615 ὅτι
443 4562 495 4615 εἰ
524 4561 639 4633 ᾔδει
668 4561 696 4613 6
720 4561 1112 4633 οἰκοδεσπότης
1135 4562 1266 4635 ποία
1287 4562 1503 4633 φυλακῇ
1528 4565 1555 4616 6
1575 4563 1699 4616 κλέ-

1804 4558 2069 4613 Dominus
2101 4575 2114 4612 :
2153 4577 2171 4609 ι
2206 4558 2440 4629 Vigilate
2464 4600 2479 4625 ,
2533 4561 2664 4630 quia
2697 4561 2930 4617 nescitis
2958 4577 3068 4633 qua
3094 4565 3231 4620 hora
3268 4569 3378 4622 Do-

144 4663 268 4721 πτης
295 4650 533 4723 ἔρχεται,
571 4654 955 4724 ἐγρηγόρησεν
987 4653 1075 4718 ἂν,
1109 4654 1204 4706 καί.
1236 4655 1337 4707 οῦκ
1397 4655 1580 4708 εἴασεν
1611 4654 1690 4707 δι-

145 4744 389 4812 ορυγῆναι
443 4744 546 4816 τὴν
593 4744 773 4796 οἰκίαν
813 4742 1004 4797 αὐτοῦ.
1036 4744 1133 4797 Διὰ
1182 4742 1343 4797 τοῦτο
1395 4744 1491 4797 καὶ
1532 4747 1691 4815 ὑμεῖς

142 4829 339 4895 γίνεσθε
381 4836 629 4907 ἕτοιμοι.
683 4836 788 4901 ὅτι,
900 4834 1021 4906 ὥρᾳ
1056 4836 1118 4888 ού
1152 4835 1476 4902 γινώσκετε,
1514 4840 1543 4889 6
1570 4837 1697 4900 Υἰδς

147 4921 227 4974 τοῦ
252 4926 533 4999 ἀνθρώπου
567 4929 805 5001 ἔρχεται.
832 4947 851 4981 ι
889 4928 1049 4999 Δύτῷ
1079 4929 1110 4997 ὴ
1136 4929 1265 4993 δόξα
1296 4931 1375 4992 εἰς
1404 4930 1531 4993 τοὺς
1561 4929 1696 4982 αἰῶ-

147 5029 229 5079 νας
256 5018 359 5073 τῶν
384 5021 620 5076 αἰώνων.
660 5020 855 5093 Ἀμήν.

713 5224 933 5277 ΛΟΓΟΣ
956 5225 1093 5291 Δεῖν.

666 5336 809 5404 Περὶ
835 5337 1141 5405 όκνηρίας.

219 5440 278 5496 Ἦ
303 5444 524 5521 ὀκνηρίσ
558 5451 916 5515 συνέζευκται
946 5450 1011 5521 τῇ
1041 5450 1299 5523 πονηρίᾳ.
1330 5469 1348 5505 ι
1369 5451 1534 5533 Δοῦλε
1557 5456 1686 5526 γὰρ,

155 5658 192 5690 η
218 5594 471 5690 Iullleg.
524 5622 638 5690 aut,
690 5607 778 5690 ιζ).
815 5677 831 5690 ε
860 5606 917 5690 h‘
942 5606 1110 5690 Prov.
1150 5623 1261 5690 ξξι,

218 5662 349 5740 ἓεθι.
384 5662 537 5735 ιῖιν.
563 5662 637 5730 ἓξ
734 5679 773 5709 ¹¹
815 5677 1008 5733 lPetr.
1041 5693 1115 5740 IV,
1150 5662 1234 5731 l7.

154 5731 344 5859 arma.
373 5744 424 5799 s.
526 5731 580 5780 ἰο
616 5731 832 5803 Ειοοιιξ
856 5731 1005 5813 im,
1037 5731 1128 5812 si,
1154 5749 1243 5803 so.

1349 5680 1391 5710 ¹¹
1429 5678 1601 5734 ICor.
1633 5697 1707 5746 ιι,

443 5908 708 5969 Puncta
752 5911 867 5970 Gn.
914 5910 1222 5974 LXXXIX.

1543 5611 1613 5641 Μ
1646 5610 1663 5664 l
1696 5610 1832 5665 Rea.

1359 5749 1401 5781 "
1438 5751 1456 5806 Ι
1491 5751 1685 5807 Thess.
1719 5766 1775 5820 ν,
1815 5752 1869 5819 6,
1930 5752 1978 5808 7.

1801 4651 1986 4706 minus
2011 4660 2194 4707 vester
2221 4661 2493 4707 venturus
2513 4653 2603 4707 sit.
2632 4651 2769 4707 Illud
2792 4662 2976 4709 autem
3001 4657 3198 4713 scitote
3223 4660 3374 4729 quia,

1800 4745 1845 4797 si
1876 4744 2047 4798 sciret
2075 4743 2474 4813 paterfamilias
2514 4758 2621 4814 qua
2651 4745 2838 4816 vigilia
2869 4745 2959 4800 fur
2983 4749 3234 4817 veniret,
3286 4755 3372 4808 vi—

1796 4838 2228 4907 gilaretutique.
2258 4846 2314 4892 et
2338 4854 2447 4892 non
2466 4839 2679 4894 sineret
2696 4840 2915 4910 perfodi
2939 4843 3166 4898 domum
3191 4861 3371 4901 suam.

1792 4930 2146 5001 Quapropter
2194 4937 2250 4985 et
2297 4946 2395 4985 vos
2454 4940 2633 4987 estote
2666 4933 2868 5003 parati,
2906 4934 3057 5004 quia,
3094 4953 3203 5007 qua
3238 4938 3374 4994 hora

1794 5039 1904 5077 non
1941 5022 2169 5093 putatis,
2202 5021 2377 5077 Filius
2409 5022 2658 5078 hominis
2691 5024 2961 5081 veniet“.
2993 5046 3011 5078 ι
3058 5028 3169 5099 lpsi
3202 5029 3375 5101 gloria

1794 5113 1850 5168 in
1882 5114 2105 5168 sazcula.
2136 5112 2334 5171 Amen.

2315 5229 2599 5285 IIOMILIA
2630 5229 2872 5288 XXXVI.

2418 5344 2493 5397 De
2522 5346 2760 5416 pigritia.

1870 5455 2100 5527 Pigritia
2130 5455 2394 5526 nequitiae
2419 5457 2717 5528 conjuncta
2745 5467 2833 5515 est
2857 5468 2912 5514 et
2940 5458 3140 5516 amnis.
3167 5476 3188 5512 ι
3208 5461 3378 5518 Serve

1886 5627 1944 5677 ll,
1996 5610 2087 5667 50.

1816 5682 1929 5735 ~52.

2225 5612 2246 5643 "
2280 5612 2443 5668 Prov.
2481 5629 2593 5676 xix,
2646 5615 2734 5669 16.
2873 5617 2941 5649 ³ο⁹
2975 5616 3209 5671 Malacb.
3248 5633 3287 5680 ι,
3321 5619 3373 5672 6.

2042 5686 2086 5713 ¹³
2118 5679 2175 5752 IA
2198 5680 2392 5737 Thess.
2432 5700 2486 5749 v,
2547 5685 2603 5747 2,
2663 5685 2717 5739 5.
2838 5685 2884 5718 “
2955 5687 3126 5742 Eccli.
3159 5704 3213 5752 v,
3242 5679 3297 5752 6,
3322 5691 3375 5745 7.

2087 5752 2131 5786 ¹⁸
2160 5750 2363 5824 Ephes.
2402 5769 2454 5819 v,
2484 5755 2538 5821 8,
2570 5756 2657 5811 16.
2770 5757 2812 5788 ¹⁹
2842 5757 3035 5816 Matth.
3063 5750 3211 5824 xxrv,
3274 5750 3375 5815 42-

2940 5916 3011 5976 49
