4028 6524
566 309 700 377 15ίῖ

561 434 803 490 nequam
835 430 891 477 et
922 419 1137 492 piger"
1160 440 1207 487 ι,
1242 423 1323 478 ait
1352 422 1642 479 Dominus.
1679 423 1816 481 Cum
1846 426 2031 496 itaque
2060 441 2150 481 ro-

561 518 668 573 bur
719 515 938 573 abunde
985 515 1304 586 suppeditet
1341 516 1650 583 Dominus,
1711 519 1968 590 viresque
2015 535 2145 590 sug-

562 618 748 680 gerat,
770 608 1001 662 multam
1020 607 1204 678 reipsa
1226 615 1571 663 ostentemus
1586 609 1933 667 alacritatem
1951 610 2143 677 animi,

562 708 731 769 atque
762 714 792 753 a
822 696 984 754 nobis
1018 712 1181 767 porro
1204 712 1588 768 expungamus
1612 699 1988 755 omnimodam
2014 715 2149 756 cun-

564 790 864 845 ctationem
899 788 1014 844 sive
1046 788 1326 859 pigritiam
1356 830 1369 854 ,
1428 788 1594 860 inque
1625 790 1809 845 veraci
1842 792 2003 847 vinea
2039 791 2145 847 im-

564 884 719 954 pigre
753 896 1051 952 operemur
1083 896 1184 952 per
1215 891 1468 938 exactam
1493 884 1890 939 mandatorum
1921 884 2142 939 Domini

563 973 1008 1029 observationem
1031 1013 1046 1037 ,
1098 980 1362 1043 tanquam
1397 975 1621 1047 ingenui
1658 991 1723 1031 ac
1754 976 1988 1047 legitimi
2022 976 2142 1044 ﬁlii,

561 1083 672 1122 non
716 1067 847 1121 item
903 1075 963 1120 ut
1014 1066 1159 1121 servi
1196 1066 1435 1138 improbi
1480 1069 1597 1125 sive
1630 1079 1692 1124 ut
1720 1068 1965 1138 operarii
1996 1085 2143 1125 mer-

558 1158 767 1214 eenarii
792 1199 808 1224 ,
863 1157 957 1227 qui
1004 1158 1269 1228 pietatem
1310 1159 1463 1216 aliud
1490 1177 1612 1216 esse
1643 1161 1781 1216 nihil
1811 1163 2145 1233 promittunt

559 1267 725 1323 quam
775 1260 1084 1322 quaestum,
1138 1267 1241 1308 suo
1297 1253 1519 1308 interim
1577 1254 1885 1311 servientes
1936 1255 2141 1320 ventri,

558 1361 658 1416 per
696 1359 895 1399 suaves
924 1359 1214 1400 sermones
1262 1353 1319 1400 et
1362 1344 1785 1401 benedictioncs
1825 1346 1957 1401 dum
1990 1346 2143 1403 deci-

560 1438 720 1507 piunt
753 1437 920 1492 corda
953 1437 1353 1493 innocentium.
1414 1437 1524 1504 Ne,
1555 1439 1708 1510 juxta
1740 1439 1897 1494 Pauli
1929 1440 2142 1495 doctri-

558 1544 716 1593 nam,
755 1528 1054 1583 abutamur
1086 1527 1293 1585 Christi
1319 1529 1569 1595 nomine,
1602 1531 1761 1600 quasi
1794 1532 1850 1585 in
1877 1531 2143 1589 nundinis

558 1620 945 1692 negotiantes;
1006 1636 1145 1675 neve
1193 1621 1261 1675 ad
1295 1622 1702 1693 eongerendam
1732 1624 2026 1693 pecuniam
2061 1623 2141 1679 si-

559 1728 685 1768 mus
714 1712 1016 1776 avidiores,
1052 1723 1109 1766 et
1141 1713 1381 1781 operarii
1412 1714 1623 1779 dolosi,
1683 1715 2142 1786 transfigurantes

559 1821 663 1861 nos
713 1805 769 1859 in
819 1805 1108 1859 ministros
1150 1804 1327 1868 lucis,
1386 1821 1513 1859 eum
1559 1805 1785 1861 interim
1821 1823 1989 1877 opere
2023 1806 2143 1879 ipso

558 1899 734 1953 simus
774 1897 1076 1953 tenebrm"
1136 1914 1148 1951 :
1202 1898 1418 1969 1086
1461 1899 1598 1969 quin
1626 1899 1818 1970 potius
1849 1900 2013 1973 digne
2041 1916 2140 1956 vo-

557 1990 776 2045 catione
827 2004 1221 2046 converscmur
1279 1998 1334 2044 et
1381 1990 1728 2059 professione
1773 1993 1878 2049 hac
1916 2002 2138 2061 nostra,

557 2091 745 2137 sancte
788 2082 1068 2147 viventes,
1112 2082 1263 2152 juste
1313 2097 1379 2137 ac
1422 2083 1544 2154 pie,
1591 2086 1951 2155 providentes
1994 2087 2141 2144 bona

558 2192 668 2230 non
698 2176 876 2232 solum
905 2189 1089 2229 coram
1120 2174 1377 2239 Domino.
1414 2178 1511 2233 sed
1544 2178 1713 2233 etiam
1745 2194 1933 2235 coram
1955 2179 2139 2235 homi-

558 2269 721 2324 nibus
749 2289 761 2324 :
790 2270 898 2324 hoc
920 2269 1068 2324 enim
1091 2269 1304 2340 justum
1332 2280 1391 2325 ut
1414 2272 1758 2342 gloriﬁcetur
1778 2274 1926 2328 Deus
1946 2273 2002 2327 in
2024 2289 2140 2328 om-

556 2364 746 2418 nibus.
784 2365 1145 2420 Excutiamus
1170 2378 1203 2420 a
1226 2361 1392 2417 nobis
1420 2379 1584 2431 quam
1609 2363 1930 2431 longissime
1958 2366 2140 2421 lento-

558 2474 669 2513 rem
719 2458 912 2513 animi.
978 2458 1050 2515 Ut
1108 2458 1303 2513 fideles
1349 2454 1518 2517 servi,
1557 2454 1702 2510 diem
1749 2460 2139 2528 prtestolemur

554 2549 826 2605 adventus
878 2549 1095 2604 Domini
1133 2548 1310 2604 nostri
1356 2567 1369 2603 :
1415 2563 1527 2619 quo
1556 2548 1646 2603 die
1674 2549 1801 2605 coeli
1826 2551 2134 2616 solventur,

556 2652 705 2697 terra
730 2649 913 2696 autem
939 2640 1287 2705 effervescet,
1307 2648 1364 2696 et
1387 2648 1610 2697 evomet
1632 2655 1729 2696 eos
1748 2641 1891 2712 quia
1911 2642 2137 2697 condito

552 2734 795 2803 primum
821 2732 954 2786 orbe
975 2730 1401 2786 obdormicrint.
1422 2730 1636 2791 Montes
1659 2744 1825 2802 atque
1848 2732 2002 2787 arida
2019 2748 2138 2787 om-

554 2826 642 2880 nis
678 2826 1076 2895 obstupescent
1120 2839 1149 2878 a
1186 2824 1329 2879 lacie
1362 2824 1506 2896 ejus.
1544 2824 1683 2881 Cum
1720 2825 1941 2881 venerit
1965 2825 2137 2897 judex

553 2934 680 2973 eum
713 2917 958 2972 nubibus
980 2957 994 2982 ,
1053 2924 1185 2973 tunc
1231 2916 1491 2972 universa
1519 2918 1787 2988 corripiet
1812 2926 2049 2983 tremor,
2081 2925 2140 2972 et

552 3014 824 3069 caelorum
852 3014 1090 3068 virtutes
1122 3011 1521 3067 movebuntur.
1553 3011 1723 3066 Multa
1745 3011 1955 3068 etenim
1976 3010 2136 3067 valde

552 3101 728 3155 series
755 3109 840 3156 est
868 3112 1178 3156 castrorum
1205 3101 1349 3172 ejus,
1371 3101 1500 3171 quia
1528 3100 1692 3156 fortia
1714 3117 1883 3173 opera
1904 3117 2027 3173 quae
2048 3116 2138 3157 so-

553 3195 606 3247 lo
628 3194 800 3249 verbo
826 3195 947 3265 ejus
978 3193 1112 3249 fient
1138 3212 1150 3248 :
1178 3194 1234 3253 in
1266 3193 1694 3264 consumptione
1724 3203 1781 3251 et
1808 3194 2136 3251 commotio-

553 3302 622 3341 ne
647 3288 735 3342 via
758 3288 878 3359 ejus
903 3295 961 3342 et
986 3287 1165 3343 nubes
1190 3289 1370 3358 pulvis
1394 3289 1596 3359 pedum
1623 3289 1764 3361 ejus.
1811 3287 2140 3344 Intermina-

554 3390 646 3434 tur
675 3380 835 3443 mari,
867 3388 924 3435 et
946 3380 1191 3436 exsiccat
1214 3381 1371 3438 illud.
1400 3380 1843 3438 Advenietenim
1867 3380 2137 3437 Dominus

550 3489 678 3529 cum
732 3472 921 3528 furore
963 3489 1064 3529 suo
1088 3515 1102 3539 ,
1155 3474 1314 3545 quasi
1362 3474 1526 3546 ignis.
1560 3483 1619 3530 et
1648 3471 1806 3545 quasi
1836 3481 2137 3543 tempestas

551 3563 830 3621 inundans
865 3582 1089 3621 currus.
1133 3567 1281 3638 ignis
1314 3565 1594 3638 praacedet
1620 3565 1817 3621 faciem
1846 3566 1987 3637 ejus.
2029 3563 2136 3632 Qui

547 3656 967 3727 comperientur
1000 3657 1215 3713 strenui
1239 3656 1409 3714 fuisse
1436 3666 1495 3713 et
1521 3656 1739 3729 impigri
1776 3656 1833 3712 in
1863 3655 2134 3728 operibus

548 3749 734 3815 bonis,
768 3749 837 3804 ad
866 3749 1036 3804 vitam
1069 3749 1421 3822 emigrabunt
1448 3759 1747 3816 aeternam;
1786 3760 2001 3817 contra,
2036 3750 2132 3821 qui

547 3840 1044 3912 deprehendentur
1093 3841 1252 3914 pigro
1298 3843 1512 3900 lentore
1555 3844 1869 3915 intepuisse
1922 3860 1987 3900 ac
2029 3843 2131 3899 lla-

544 3933 745 4005 gitiose
778 3933 981 3989 vixisse
1007 3973 1021 3995 ,
1058 3932 1126 3989 ad
1154 3934 1490 4005 supplicium
1515 3943 1787 3989 azternum
1815 3935 2126 4006 rapientur.

545 4028 615 4083 Et
637 4028 863 4098 quidem
892 4026 1068 4083 visuri
1091 4034 1225 4083 sunt
1252 4027 1593 4083 horrendum
1618 4027 1753 4082 illud
1778 4044 1842 4083 ac
1864 4027 2130 4083 formida-

542 4119 655 4175 bile
706 4119 922 4175 Jndicis
963 4119 1208 4174 tribunal
1257 4138 1271 4173 :
1325 4118 1418 4174 ubi
1465 4127 1523 4174 et
1558 4118 1721 4175 sedes
1765 4118 1822 4175 in
1848 4119 2127 4192 hocjudi-

542 4207 691 4263 cium
709 4216 989 4277 apparata:
1009 4207 1445 4278 conspicientnr.
1462 4207 1608 4279 lgnis
1624 4208 1859 4279 proinde
1880 4208 2127 4265 fluminis

543 4300 599 4353 in
627 4315 837 4354 morem
872 4298 1257 4371 praeterfluens
1302 4300 1357 4355 in
1395 4308 1699 4371 conspectu
1735 4302 1936 4374 judicis
1964 4303 2123 4358 tanti.

542 4390 695 4446 Libri
712 4392 941 4463 insuper
956 4392 1161 4463 aperti;
1182 4392 1589 4462 hincpmnibus
1606 4395 1787 4465 palam
1802 4394 1936 4450 fient
1954 4395 2127 4450 bomi-

1810 312 2180 375 ANTIOCHI
2221 316 2565 379 MONACHI

3647 340 3755 405 15l8

2178 431 2223 487 Α
2254 426 2447 496 φησὶν,
2500 429 2598 483 καὶ
2641 430 2848 501 πονηρὲ
2898 432 2991 485 καὶ
3030 432 3254 505 ὀκνηρέ.
3285 452 3303 487 ι
3359 436 3460 490 Τοῦ
3484 436 3757 517 οὖνΚυριω

2250 516 2351 587 τὴν
2387 520 2543 590 ἰσχὺν
2576 521 3064 593 έπιχορηγοῦντος,
3092 526 3187 579 καὶ
3212 528 3370 598 ἡμεῖς
3395 530 3452 582 τὸ
3473 531 3761 607 εὖπρόθυμον

2250 607 2552 679 δείξωμεν,
2609 614 2704 665 καὶ
2748 612 3151 686 άποῤῥίψωμεν
3199 618 3294 686 ἀφ’
3321 619 3469 689 ἡμῶν
3507 626 3664 678 πᾶσαν
3690 629 3764 682 ὀκ‹

2253 694 2475 764 νηρίαν,
2516 697 2611 751 καὶ
2643 698 2873 770 ἐργάται
2905 701 3197 774 γενώμεθα
3228 707 3326 777 τῆς
3352 708 3591 780 ἀληθινῆς
3619 715 3755 785 eam.

2250 786 2343 840 λου
2366 829 2383 853 ,
2440 790 2537 842 καὶ
2586 790 2830 859 φύλακες
2864 794 2973 846 τῶν
3003 797 3239 851 ἐντολῶν
3268 799 3359 852 τοῦ
3382 804 3573 874 Κυρίου
3602 807 3667 872 ὡς
3687 812 3769 864 υἱοί

2249 885 2486 956 γνήσιοι,
2513 887 2607 939 καὶ
2639 887 2714 959 μὴ
2739 887 2815 951 ὡς
2841 889 3016 944 δοῦλοι
3047 894 3295 965 πονηροὶ,
3318 895 3350 966 ἢ
3376 900 3465 950 καὶ
3485 898 3555 963 ὡς
3578 903 3771 971 ἐργάται

2252 979 2538 1049 μισθωτοὶ,
2573 980 2894 1051 νομίζοντες
2926 986 3199 1056 πορισμὸν
3225 982 3361 1041 εἶναι
3389 990 3485 1061 τὴν
3510 994 3770 1067 εὐσέϐειαν,

2246 1070 2592 1137 δουλεύοντες
2614 1074 2735 1138 ταῖς
2752 1075 2934 1129 αὐτῶν
2953 1076 3212 1143 κοιλίαις,
3237 1081 3350 1145 καὶ,
3372 1082 3456 1136 διὰ
3474 1083 3563 1154 τῆς
3579 1104 3773 1158 χρηστο-

2246 1162 2439 1233 λογίας
2470 1165 2565 1219 καὶ
2592 1165 2874 1236 εὐλογίας,
2905 1168 3307 1238 ὲξαπατοῦντες
3335 1173 3433 1239 τὰς
3458 1178 3667 1248 καρδίας
3686 1183 3773 1236 τῶν

2246 1256 2493 1311 ἀκάκων.
2517 1258 2610 1330 Μὴ
2630 1260 2942 1331 γενώμεθα,
2965 1262 3041 1326 ὡς
3065 1266 3091 1315 ὁ
3115 1264 3328 1329 Παῦλός
3349 1285 3528 1337 φησιν,
3548 1274 3777 1345 χρηστέμ-

2245 1368 2429 1423 ποροι,
2464 1352 2560 1407 καὶ
2592 1355 2943 1428 φιλάργυροι,
2981 1358 3213 1429 ἐργάται
3240 1360 3426 1426 δόλιοι,
3462 1381 3775 1437 μετασχημας

2243 1442 2521 1513 τιξόμενοι
2550 1446 2630 1509 είς
2651 1445 2937 1512 διακόνους
2960 1449 3161 1517 φωτὸς,
3190 1452 3416 1518 σκότους
3440 1457 3775 1525 τυγχάνοντες

2242 1534 2380 1590 ἀλλά
2431 1535 2602 1601 ἀξίως
2644 1537 2745 1609 τῆς
2784 1538 3030 1609 κλήσεως
3078 1544 3175 1596 καὶ
3220 1544 3319 1615 τῆς
3347 1546 3626 1615 ὁμολογίας
3653 1554 3779 1621 ἡμῶν

2242 1626 2724 1699 πολιτευσώμεθα,
2755 1631 2920 1695 ὁσίως
2946 1636 3041 1687 καὶ
3064 1634 3293 1700 δικαίως
3319 1640 3411 1692 καὶ
3435 1641 3661 1708 εὐσεϐῶς
3678 1643 3779 1709 ζῶν-

2241 1736 2334 1782 τες
2354 1762 2369 1785 ,
2417 1721 2814 1792 προνοούμενοι
2844 1723 3008 1790 καλὰ,
3044 1726 3107 1779 οὐ
3143 1728 3307 1797 μόνον
3335 1730 3562 1786 ἐνώπιον
3587 1736 3778 1807 Κυρίου,

2176 1792 2218 1849 Β
2244 1810 2384 1866 ἀλλά
2427 1813 2523 1866 καὶ
2566 1814 2846 1883 ἀγγέλων,
2887 1818 2985 1870 καὶ
3017 1792 3349 1890 ἀνθρώπων.
3404 1823 3571 1878 Τοῦτο
3597 1792 3691 1896 γὰρ
3714 1792 3779 1882 δίί

2242 1904 2400 1957 καιόν
2426 1906 2596 1969 ἐστιν,
2632 1906 2721 1961 ἴνα
2752 1907 3048 1979 δοξάζηται
3074 1912 3103 1965 ὁ
3129 1911 3261 1978 Θεὸς
3286 1916 3343 1968 ἐν
3369 1917 3781 1993 πᾶσιν.ἈπορῤΞ-

2240 1995 2433 2070 ψωμεν
2472 1995 2565 2053 οὗν
2608 2000 2709 2073 τὴν
2752 2003 3019 2076 ὀκνηρίαν
3071 2007 3169 2078 ἀφ’
3208 2008 3402 2079 ήμῶν,
3451 2012 3541 2065 καὶ
3586 2014 3653 2078 ὡς
3684 2016 3780 2069 60-3-

2240 2088 2324 2143 λοι
2371 2092 2555 2146 mcrol
2602 2094 2970 2164 ἀναμένοντες
3011 2099 3111 2168 τὴν
3146 2101 3366 2172 ἡμέραν
3395 2103 3494 2172 τῆς
3520 2108 3781 2176 παρουσίας

2240 2182 2336 2236 τοῦ
2386 2183 2659 2239 Δεσπὸτου
2707 2187 2905 2258 ἡμῶν,
2962 2185 3085 2266 ὲνῇ
3133 2194 3184 2245 οἱ
3219 2194 3447 2263 οὐρανοὶ
3478 2196 3779 2269 λυθήσονται,

2242 2276 2342 2331 καὶ
2381 2278 2415 2348 ἡ
2452 2278 2525 2349 γῆ
2568 2280 2912 2352 ἀναϐράσσει
2947 2284 3076 2347 τοὺς
3107 2286 3165 2352 ἐξ
3194 2288 3394 2353 αἰῶνος
3425 2288 3779 2361 καθεύδοντας,

2239 2370 2341 2441 ὅρη
2397 2371 2491 2425 καὶ
2542 2374 2693 2426 πᾶσα
2745 2375 2778 2445 ἡ
2830 2375 2972 2447 ξηρά
3019 2379 3353 2451 ὲκστήσεται
3386 2384 3495 2436 ἀπὸ
3525 2387 3781 2457 προσώπου

2243 2461 2436 2517 αὐτοῦ.
2474 2462 2668 2517 Ἦνίκα
2720 2468 3090 2537 παραγίνεται
3124 2473 3152 2524 ὁ
3182 2473 3398 2543 Κριτὴς
3435 2477 3571 2545 μετά
3598 2478 3693 2531 τῶν
3716 2498 3781 2533 vs-

2240 2556 2417 2626 φελῶν
2437 2597 2452 2621 ,
2515 2557 2637 2611 τότε
2688 2558 2755 2613 τὰ
2785 2558 3078 2633 σύμπαντα
3106 2565 3309 2636 τρόμος
3338 2567 3600 2639 λήψεται,
3638 2573 3717 2625 καὶ
3739 2575 3781 2625 σί

2237 2650 2347 2703 τῶν
2396 2651 2649 2722 οὐρανῶν
2697 2653 2963 2725 δυνάμεις
3011 2656 3482 2730 σαλευθήσονται’
3541 2663 3616 2717 διὸ
3647 2665 3781 2735 πολλή

2239 2741 2392 2795 ἐστιν
2423 2743 2457 2814 ἡ
2488 2744 2818 2817 παρεμϐολὴ
2852 2746 3059 2816 σφόδρα
3086 2749 3287 2816 αὑτοῦ,
3341 2751 3428 2805 ὅτι
3464 2753 3652 2825 ίσχυρά
3674 2756 3780 2828 ἔργα

2238 2832 2414 2901 λόγων
2440 2834 2607 2889 αὑτοῦ
2630 2852 2645 2866 ο
2673 2838 2731 2890 ὲν
2762 2838 3047 2910 συντελείᾳ
3078 2842 3175 2894 καὶ
3207 2844 3265 2895 ὲν
3298 2846 3615 2919 συσσεισμῷ
3641 2849 3669 2915 ἡ
3691 2848 3781 2912 66b;

2239 2923 2411 2996 αὐτῷ,
2449 2926 2547 2980 καὶ
2592 2927 2795 2998 νεφέλη
2828 2931 3111 3002 κονιορτὸς
3142 2933 3323 2988 ποδῶν
3346 2936 3545 2990 αὐτοῦ·
3581 2940 3781 2992 ἀπειλῶν

2239 3015 2509 3089 θαλάσσῃ,
2560 3021 2656 3073 καὶ⁹
2704 3020 2977 3093 ξηραίνων
3021 3025 3214 3097 αὐτήν.
3265 3029 3429 3094 ’Ἥξει
3469 3031 3574 3103 γὰρ
3619 3033 3782 3103 Κύριος

2164 3139 2211 3203 C
2243 3109 2385 3181 μετά
2413 3110 2588 3183 θυμοῦ
2618 3114 2785 3169 αὐτοῦ
2818 3115 2894 3180 ὡς
2921 3116 3057 3188 πῦρῗ
3082 3120 3175 3174 καὶ
3198 3120 3273 3184 ὡς
3303 3126 3620 3203 καταιγίδες
3637 3128 3693 3179 τὰ
3712 3128 3781 3195 ἄρα

2243 3219 2392 3273 ματα
2443 3205 2649 3259 αὐτοῦ’
2709 3207 2805 3262 καί
2854 3208 2966 3280 πῦρ
3021 3205 3471 3286 προπορεύσεται
3515 3217 3781 3290 ἔμπροσθεν

2238 3292 2433 3347 αὐτοῦ.
2467 3296 2585 3349 Kal
2615 3298 2665 3350 οἱ
2699 3298 2756 3349 ὲν
2782 3300 2897 3363 τοῖς
2928 3300 3214 3372 μνήμασιν
3242 3303 3573 3360 ἀκούσονται
3600 3307 3689 3376 τῆς
3708 3326 3779 3376 φο-

2237 3384 2408 3457 ϐερᾶς
2442 3388 2625 3459 φωνῆς
2655 3389 2821 3444 αὑτοῦ
2842 3431 2857 3454 ,
2918 3393 3016 3446 xal
3067 3396 3504 3467 ἐκπορεύσονται
3537 3400 3583 3452 oi
3611 3400 3779 3465 ﬁoxva,

2236 3475 2331 3529 καὶ
2379 3476 2429 3529 οἱ
2475 3478 2532 3529 ὲν
2574 3478 2803 3548 ἀγαθοῖς
2840 3478 3049 3552 ἔργοις,
3087 3486 3168 3548 εἰς
3199 3484 3347 3555 ζωὴν
3376 3485 3591 3541 αἰώνιον
3614 3505 3627 3519 θ
3673 3490 3779 3544 olet

2234 3567 2461 3639 ὀκνηροὶ
2484 3570 2579 3622 καὶ
2601 3570 2818 3640 φαῦλοι,
2839 3575 2922 3637 είς
2946 3573 3171 3630 κόλασιν
3197 3577 3444 3634 αἰώνιον.
3469 3581 3575 3634 Kal
3596 3580 3778 3651 ὄψονται

2234 3658 2297 3712 τὸ
2332 3660 2606 3731 φρικῶδες
2635 3662 2991 3736 δικαστήριον
3020 3666 3115 3720 τοῦ
3144 3668 3389 3739 Χριστοῦ
3414 3687 3429 3701 ο
3480 3671 3602 3726 ἔνθα
3634 3672 3779 3743 θρόνοι

2234 3752 2561 3823 πρόκεινται
2600 3755 2680 3817 είς
2716 3755 2932 3827 κρίσιν,
2989 3758 3083 3811 καὶ
3116 3758 3177 3813 τὸ
3207 3763 3527 3833 ποταμηδδν
3556 3764 3670 3835 ρέον
3693 3763 3779 3831 πῦρ

2231 3842 2551 3916 ἔμπροσθεν
2608 3847 2819 3901 αὑτοῦ·
2880 3850 2977 3903 καὶ
3030 3850 3208 3926 βίϐλοι
3255 3854 3635 3926 ἀνεῳγμέναι,
3676 3856 3777 3909 ἔνθα

2232 3936 2465 4009 πράξεις
2519 3939 3020 3997 ἀνακαλύπτονται.
3081 3925 3185 3998 Aie.
3227 3925 3660 4019 μνημονεύοντες
3701 3952 3777 4021 τὴν

2230 4034 2447 4104 ἡμέραν
2497 4035 2754 4105 ἐκείνην,
2836 4038 2912 4109 μὴ
2962 4033 3117 4111 ὦμεν
3163 4043 3396 4116 ὀκνηροί
3448 4048 3543 4101 καὶ
3589 4049 3775 4117 ἀμελεῖς

2229 4127 2289 4181 ὲν
2339 4129 2453 4191 τοῖς
2500 4131 2890 4201 προκειμένοις
2936 4135 3069 4204 ἡμῖν
3097 4176 3112 4201 ,
3170 4138 3313 4208 μηδὲ
3365 4142 3481 4204 τοῖς
3526 4143 3774 4195 ένεστὼτιν

2228 4220 2304 4285 ὡς
2329 4222 2571 4287 αἰωνίοις
2592 4224 2947 4301 προσχῶμεν.
2969 4229 3226 4284 Διδάσκει
3252 4232 3308 4285 δὲ
3338 4235 3605 4304 ἡμᾶςκαὶ
3622 4240 3647 4289 ὀ
3664 4237 3774 4303 ηαρ-

2228 4313 2545 4379 οιμιαστὴς,
2572 4313 2754 4383 λέγων
2773 4331 2786 4346 ο
2830 4335 2847 4367 ι
2873 4317 2934 4369 Ei
2967 4318 3163 4384 ἄοκνος
3189 4318 3277 4394 ᾖς,
3305 4322 3427 4395 ἥξει
3450 4324 3631 4397 ὥσπερ
3654 4325 3771 4395 πηγῆ

2227 4400 2255 4451 ὁ
2286 4399 2499 4473 ἄμητός
2528 4419 2621 4455 σου
2641 4419 2654 4432 ⁸
2689 4405 2722 4474 ὴ
2756 4404 2814 4459 δὲ
2846 4405 3047 4473 ἔνδεια,
3087 4408 3281 4481 ὥσπερ
3314 4413 3488 4476 κακὸς
3520 4413 3666 4485 ἀνὴρ,
3692 4417 3775 4466 άπ-

546 4500 681 4539 nnm
716 4486 965 4542 actiones
981 4495 1037 4541 et
1056 4486 1387 4557 perspicuae.
1409 4486 1591 4553 Quare
1616 4487 1723 4543 diei
1751 4488 1899 4543 illius
1924 4489 2122 4545 sedulo

2232 4496 2620 4566 αυτομολήσει.
2655 4517 2673 4549 ι
2745 4499 2857 4551 Kal
2913 4501 3119 4555 πάλιν·
3188 4520 3208 4555 ι
3252 4504 3646 4576 Ἐργαζόμενος
3694 4507 3773 4575 τὴν

543 4592 845 4642 memores,
874 4592 969 4644 ne,
1010 4593 1229 4648 quaeso,
1257 4578 1656 4643 lentescatnus.
1684 4596 1755 4636 ne
1793 4590 2126 4637 cunctemur

537 4685 603 4724 ea
628 4670 849 4740 explere
878 4686 1002 4742 qua:
1028 4670 1095 4726 ad
1120 4670 1410 4743 abreptum
1441 4670 1570 4727 vitae
1592 4671 1753 4728 istius
1777 4675 2124 4744 propositum

538 4763 811 4829 attinent;
868 4779 1051 4835 neque
1098 4764 1454 4835 temporariis
1484 4764 1574 4821 bis
1605 4771 1868 4836 tanquam
1898 4769 2124 4823 aeternis

538 4862 782 4908 mentem
819 4854 1123 4927 alligamus.
1180 4856 1353 4912 Docet
1386 4857 1493 4912 hoc
1553 4873 1653 4913 nos
1683 4858 2075 4916 Partemiastes
2105 4881 2117 4917 :

545 4960 564 4990 ι
596 4941 653 4997 Si
687 4942 921 5016 impiger
947 4945 1121 5001 fueris
1141 4987 1156 5012 ,
1201 4946 1392 5002 veniet
1420 4947 1578 5019 quasi
1610 4947 1737 5003 fons
1766 4949 1962 5005 messis
1990 4958 2118 5017 tua;

536 5042 753 5103 egestas
780 5045 990 5100 autem,
1020 5046 1281 5109 tanquam
1315 5039 1401 5093 vir
1429 5040 1629 5107 malus,
1666 5040 1842 5112 fugiet
1872 5058 1901 5096 a
1931 5051 1982 5097 te
2003 5045 2069 5097 ".
2096 5062 2113 5095 ι

536 5126 780 5181 Rursum
817 5146 830 5182 :
866 5148 885 5181 ι
915 5129 1019 5197 Qui
1052 5142 1319 5203 Operatur
1352 5140 1560 5188 terram
1594 5149 1775 5200 suam,
1810 5136 2122 5206 replebitur

534 5219 809 5289 panibus;
842 5223 938 5292 qui
969 5239 1103 5279 vero
1133 5234 1380 5281 sectatur
1407 5226 1606 5293 otium,
1642 5228 1954 5299 replebitur
1980 5245 2120 5300 pau-

533 5314 867 5381 pertate".i
903 5315 1109 5371 lterum
1141 5335 1154 5372 :
1190 5337 1207 5370 ι
1237 5319 1295 5374 ln
1324 5320 1546 5391 pigritia
1577 5320 1967 5377 humiliabitur
1987 5338 2121 5378 con-

534 5404 859 5477 tignatio,et
892 5409 947 5464 in
980 5410 1096 5465 otio
1124 5428 1386 5467 manuum
1418 5414 1746 5485 ingemiscet
1773 5414 1974 5473 domus
1994 5416 2064 5473 ".
2091 5435 2111 5470 ι

533 5498 749 5555 Rursus
776 5518 789 5554 :
823 5520 839 5553 ι
870 5502 1169 5574 Paupertas
1196 5505 1378 5559 virum
1403 5505 1680 5572 humiliat,
1706 5523 1906 5563 manus
1928 5516 2113 5564 autem

532 5590 761 5646 fortium
784 5592 1173 5653 ditescent".i
1206 5596 1413 5653 Iterum
1443 5616 1459 5654 :
1490 5617 1508 5649 ι
1538 5598 1826 5655 Desideria
1849 5600 2115 5657 occidunt

602 5708 649 5785 '_°
679 5707 870 5764 Matth.
903 5727 1036 5785 _xxv,
1063 5712 1153 5767 28.
1265 5712 1309 5747 “
1343 5712 1389 5769 II
1415 5710 1544 5771 Cor.
1574 5729 1648 5782 ιιι,
1687 5714 1776 5782 15,
1804 5715 1894 5785 Η,
1953 5717 2040 5774 15.

531 5778 577 5812 ⁸⁸
611 5775 775 5834 Prov.
807 5795 861 5847 ι,
889 5781 941 5835 4.

2142 5720 2202 5791 ,²²
2233 5719 2397 5778 Prov.
2428 5738 2502 5789 vi,
2536 5723 2624 5779 ll.

2224 4587 2421 4642 ἑαυτοῦ
2444 4592 2569 4659 γῆν,
2597 4588 2980 4661 πλησθήσεται
3002 4592 3171 4663 ἄρτου
3189 4611 3202 4625 ’
3228 4597 3255 4648 ὁ
3276 4595 3333 4649 δὲ
3357 4596 3568 4652 διώκων
3590 4599 3770 4669 σχολὴν,

2223 4680 2604 4753 πλησθήσεται
2658 4683 2872 4747 πενίας.
2904 4704 2924 4737 ι
2988 4686 3101 4739 Kal
3150 4688 3343 4741 πάλιν·
3406 4708 3426 4742 ι
3463 4693 3548 4744 Ἐν
3579 4693 3772 4762 ὀκνηρίᾳ

2222 4775 2696 4845 ταπεινωθήσεται
2747 4778 2781 4847 ἡ
2826 4776 3097 4844 δόκωσις,
3159 4782 3254 4836 καὶ
3307 4784 3365 4836 ὲν
3408 4785 3575 4856 ἀργίᾳ
3604 4785 3772 4856 χειρῶν

2223 4867 2414 4930 στάζει
2465 4868 2498 4937 ἡ
2544 4870 2712 4923 οίκία.
2743 4888 2762 4922 ›
2828 4871 2940 4925 Καὶ
2989 4872 3154 4926 πάλιν
3184 4892 3197 4905 ο
3258 4894 3276 4928 ι
3309 4877 3477 4932 Πενία
3508 4880 3667 4951 ἄνδρα
3693 4896 3769 4931 τα·

2222 4963 2430 5013 πεινοί’
2462 4964 2645 5032 χεῖρες
2671 4962 2725 5015 δὲ
2749 4963 3013 5035 ἀνδρείων
3042 4967 3476 5025 πλουτίσουσιν.»
3500 4973 3602 5026 Καὶ
3622 4966 3768 5033 αὖθις

2226 5070 2244 5103 ι
2288 5052 2611 5117 Ἐπιθυμίαι
2653 5056 2887 5128 ὀκνηρὸν
2927 5058 3382 5116 ἀποκτείνουσινο
3435 5065 3495 5118 ού
3526 5065 3626 5135 γάρ
3657 5080 3769 5134 προ-

2219 5143 2508 5216 αιροῦνται
2554 5148 2609 5201 αἱ
2650 5151 2832 5220 χεῖρες
2863 5151 3031 5205 αὐτοῦ
3065 5156 3243 5207 ποιεῖν
3271 5173 3346 5210 τι.
3378 5176 3396 5207 ι
3462 5159 3567 5211 Καὶ
3598 5158 3768 5210 πάλιν

2225 5253 2243 5286 ι
2282 5235 2388 5289 Ἴθι
2421 5235 2559 5308 πρὸς
2618 5238 2913 5311 μύρμηκα,
2946 5241 2991 5294 ὣ
3015 5241 3220 5315 ὀκνηρὲ
3242 5285 3258 5311 ,
3312 5246 3406 5298 καὶ
3436 5245 3665 5315 ζήλωσον
3690 5243 3769 5304 τὰς

2224 5328 2384 5393 ὁδοὺς
2416 5325 2583 5383 αὑτοῦ
2604 5346 2617 5360 ’
2654 5332 2747 5385 xal
2774 5332 2935 5401 γενοῦ
2965 5336 3179 5390 ἐκείνου
3212 5337 3535 5410 σοφώτερος.
3563 5358 3580 5389 ι
3621 5335 3767 5391 Ἐκεὶο

2223 5437 2301 5490 νῳ
2328 5421 2439 5491 γάρ
2471 5423 2743 5495 γεωργιου
2778 5427 2877 5497 οὐχ
2907 5428 3267 5499 ὑπάρχοντος,
3294 5432 3415 5485 οὐδὲ
3444 5434 3532 5485 τὸν
3560 5427 3767 5497 ἀναγκά-

2222 5512 2385 5577 ζοντα
2416 5512 2577 5585 ἔχων,
2608 5517 2964 5588 ὲτοιμάζεται
2991 5521 3183 5591 θέρους
3204 5524 3305 5596 τὴν
3324 5528 3546 5597 τροφήν.
3571 5524 3668 5577 Kal
3686 5520 3766 5573 πά-

2220 5603 2342 5658 λιν⁶
2408 5624 2427 5657 ι
2460 5607 2768 5682 Πορεύθητι
2818 5612 2956 5685 πρὸς
3004 5615 3102 5685 τὴν
3152 5617 3451 5686 μέλισσαν,
3511 5619 3599 5671 καὶ
3643 5613 3762 5685 μάθε

2736 5728 2780 5759 ⁸³
2814 5727 2978 5784 Prov.
3013 5746 3108 5797 xu,
3139 5732 3223 5787 ll.
3335 5734 3379 5767 “
3406 5733 3582 5789 Eecle.
3617 5728 3758 5795 1,13.
