4028 6564
258 394 402 462 1519

754 405 1085 468 ΗΟΜΙΙᾸΛ
1122 409 1417 471 XXXVII.
1450 433 1512 444 -·
1543 409 1710 469 Λῡν.
1754 407 1829 468 OI

1956 408 2108 470 NON
2150 411 2332 471 ESSE
2361 411 2811 475 CONTENDEN
2822 417 3008 477 DUM.

3370 421 3505 487 Π)ὓο

253 516 338 580 ὡς
385 517 624 606 ἐργάτης
671 518 838 574 ἐστίν.
875 540 893 569 ι
959 521 1070 590 Τὴν
1114 539 1173 574 τε
1224 523 1488 591 ἐργασίαν
1521 523 1596 585 ὼς
1630 523 1829 594 σεμνὴν

1939 521 2155 593 pigrum
2180 565 2195 589 ,
2253 540 2364 579 non
2412 526 2561 581 enim
2602 527 2801 582 volunt
2831 544 3029 584 manus
3056 530 3176 601 ejus
3206 534 3509 606 quidquam

255 611 534 673 ποιεῖται,
572 604 638 680 ἦς
673 612 797 674 τοὺς
830 612 1027 675 πόνους
1060 613 1299 683 βασιλεῖς
1332 616 1423 668 καὶ
1455 615 1663 668 ἰδιῶται
1696 615 1837 685 πρὸς

258 699 477 767 ὑγίειαν
509 701 929 772 προσφέρονται.
968 705 1077 758 Καὶ
1110 705 1271 758 πάλιν
1292 725 1304 738 ·
1330 724 1348 757 ι
1381 707 1524 769 Ἕως
1552 706 1714 770 τίνος,
1744 707 1836 759 ὀκ-

252 806 324 858 νη
336 790 416 857 ps,
435 790 786 858 κατάκεισαις
808 794 937 845 πότε
961 792 1017 845 δὲ
1036 794 1094 857 ἐξ
1118 793 1287 846 ὖπνου
1307 793 1613 865 ἐγερθήσῃι
1639 794 1834 865 μικρὸν

255 881 556 952 κοιμάσαι,
605 882 783 952 ὀλίγον
826 883 884 936 δέ
932 884 1268 958 ἐναγκαλίζῃ
1297 887 1455 956 χερσὶ
1483 884 1675 957 στήθη.
1709 904 1727 937 ι
1767 915 1835 923 -

260 996 279 1026 ι
311 972 445 1028 Εἶτα
475 976 843 1046 παραγίνεταί
870 994 953 1030 σοι
982 979 1014 1048 ἡ
1044 978 1227 1045 πενία,
1253 981 1347 1033 καὶ
1370 981 1404 1050 ἠ
1427 978 1625 1041 ἔνδεια,
1643 978 1834 1049 ῶσπερ

252 1070 463 1136 ἀγαθὸς
489 1071 778 1141 δρομεύς.»
819 1072 878 1126 '0
906 1073 964 1126 δὲ
1001 1073 1272 1144 Ἱερεμίας
1299 1075 1496 1145 φησίνο
1532 1092 1552 1127 ι
1576 1076 1834 1146 Ἐκοιμή-

254 1162 326 1231 θη
337 1180 435 1232 μεν
469 1164 527 1215 ἐν
556 1166 622 1234 τῇ
654 1164 884 1236 αἰσχύνῃ
910 1165 1073 1237 ἡμῶν
1093 1206 1109 1230 ,
1163 1168 1261 1222 καὶ
1306 1168 1653 1239 ἐπεκάλυψεν
1687 1170 1835 1240 ἡμᾶς

253 1255 290 1323 ἡ
338 1255 529 1324 ἀτιμία
572 1254 747 1327 ἡμῶν.
805 1258 943 1312 οὐαὶ
989 1260 1123 1329 ἡμῖν
1170 1260 1254 1313 ὅτι
1299 1260 1775 1332 ταλαιπωροῦμεν.
1809 1278 1827 1313 ι

252 1346 425 1414 Λέγει
452 1347 509 1399 δὲ
544 1348 638 1400 καὶ
668 1347 826 1411 ἄλλος
849 1366 863 1379 ·
929 1367 948 1400 ι
979 1350 1128 1418 Λίοῳ
1153 1351 1525 1422 ὴρδαλωμὲνῳ
1551 1369 1834 1422 παρασυν-

254 1440 467 1510 εϐλήοη
496 1442 523 1494 ὁ
547 1441 780 1513 ὀκνηρὸς
803 1482 818 1506 ,
875 1443 969 1495 καὶ
1002 1444 1111 1505 πᾶς
1142 1445 1391 1513 ἐκσυριεῖ
1418 1445 1512 1497 ἐπὶ
1541 1447 1609 1516 τῇ
1638 1444 1835 1515 ἀτιμίᾳ

253 1534 447 1587 αὐτοῦ.
476 1554 495 1586 ι
556 1537 667 1588 Καὶ
715 1533 908 1599 αὖθις·
972 1555 991 1588 ι
1033 1536 1463 1606 Ὀνειδιζόμενος
1491 1537 1723 1608 ὀκνηρὸς
1770 1538 1832 1591 οὐ

254 1626 707 1697 καταισχύνεται.
762 1628 1005 1699 Βολϐίτῳ
1030 1628 1141 1699 γὰρ
1171 1627 1406 1698 κοπρίας
1434 1628 1833 1700 παρομοιοῦται

254 1721 284 1770 ὁ
313 1718 566 1788 ὀκνηρός.
603 1737 620 1769 ι
668 1718 1133 1790 Ἀποὸαλλώμεθα
1177 1714 1295 1783 οὖν,
1334 1720 1577 1789 ἀδελφοὶ,
1614 1721 1715 1791 ὅση
1742 1720 1834 1773 '66-

255 1826 425 1879 ναμις
457 1809 557 1880 τὴν
580 1809 846 1881 ὀκνηρίαν
880 1810 975 1863 καὶ
1001 1810 1101 1879 τὴν
1125 1810 1345 1881 ἀργίαν,
1381 1809 1468 1863 ἴνα
1501 1809 1576 1882 μὴ
1604 1808 1706 1880 τῆς
1733 1809 1831 1879 βα·-

259 1902 473 1967 σιλείας
522 1903 631 1957 τῶν
678 1904 923 1974 οὐρανῶν
972 1902 1361 1973 στερηθῶμεν,
1418 1905 1485 1973 τῇ
1532 1902 1590 1956 δὲ
1637 1902 1829 1974 γεέννῃ

1939 1918 2062 1958 mus
2081 1903 2148 1956 ".
2178 1921 2197 1954 ι
2222 1934 2231 1943 ο
2256 1901 2413 1957 Alius
2445 1902 2577 1956 item
2631 1920 2645 1955 :

255 1993 355 2047 τοῦ
404 1994 575 2066 πυρὸς
625 1994 1144 2065 παραπεμφθῶμεν.
1209 1994 1559 2065 Ἀκούσωμεν
1601 1990 1695 2048 οὖν
1738 1992 1833 2047 τοῦ

270 2085 597 2141 Ἀποστόλου
630 2086 1095 2158 συμϐουλεύοντος
1115 2103 1130 2119 ο
1169 2106 1187 2139 ι
1212 2088 1291 2158 Τῇ
1324 2086 1529 2156 σπουδῇ
1565 2085 1641 2156 μὴ
1670 2087 1835 2157 ὀκνη-

258 2178 369 2247 poi,
414 2177 493 2249 τῷ
542 2178 819 2249 πνεύματι
870 2180 1107 2245 ζέοντες,
1125 2178 1203 2249 τῷ
1226 2178 1414 2251 Κυρίῳ
1435 2177 1830 2242 δουλεύοντες.»

255 2271 570 2335 Ψάλλοντες
596 2271 654 2326 δέ
685 2272 778 2325 καὶ
813 2271 950 2342 μετά
978 2271 1073 2325 τοῦ
1100 2273 1263 2327 Δαυῖδ
1281 2289 1295 2303 ν
1339 2289 1358 2323 ι
1389 2270 1692 2341 Εὐλογητὸς
1718 2269 1835 2324 Κύ-

261 2380 408 2433 ριος,
442 2366 469 2416 ὁ
502 2363 635 2427 Θεός
671 2381 772 2434 μου
795 2403 810 2427 ,
863 2365 891 2416 ὁ
933 2364 1203 2418 διδάσκων
1249 2364 1349 2429 τὰς
1386 2363 1577 2435 χεῖράς
1611 2380 1712 2433 μου
1756 2363 1836 2424 εἰς

256 2456 570 2526 παράταξιν
593 2497 607 2521 ,
662 2457 759 2510 καὶ
788 2457 916 2520 τοὺς
943 2456 1242 2520 δακτύλους
1274 2473 1377 2526 μου
1407 2457 1487 2520 είς
1515 2456 1776 2523 πόλεμον.
1810 2472 1830 2507 ι

254 2546 592 2617 Φοδηθῶμεν
622 2546 682 2601 τὸ
709 2548 1017 2618 ὑπόδειγμα
1040 2548 1134 2601 τοῦ
1158 2547 1469 2619 κρύψαντος
1492 2547 1556 2601 τὸ
1575 2547 1837 2601 τάλαντον

253 2639 339 2702 ei;
382 2638 482 2708 τὴν
522 2639 647 2709 γῆν,
687 2639 776 2691 ἵνα
811 2641 886 2710 μὴ
916 2639 1243 2710 ἀκούσωμεν
1278 2639 1429 2709 παρὰ
1462 2638 1555 2691 τοῦ
1586 2637 1794 2709 Κυρίου
1817 2651 1831 2667 ⁸

261 2748 282 2783 ι
317 2731 481 2784 Δοῦλε
528 2731 735 2802 πονηρέ
783 2732 879 2786 καὶ
916 2731 1139 2805 ὀκνηρέ.
1168 2751 1185 2782 ι
1248 2731 1357 2785 Καί
1382 2748 1396 2763 ο
1455 2750 1473 2781 ι
1505 2732 1708 2800 Ἀρατε
1738 2730 1834 2783 ἀπ’

256 2822 427 2876 αὐτοῦ
454 2822 515 2876 τὸ
538 2822 823 2887 τάλαντον,
855 2823 949 2877 καὶ⁵
975 2823 1066 2876 τὸν
1090 2823 1309 2894 ἀχρεῖον
1335 2821 1517 2876 δοῦλον
1542 2822 1835 2876 ἐκϐάλλετε

254 2914 339 2976 είς
381 2913 443 2966 τὸ
490 2913 757 2985 ἐξώτερον
813 2915 1025 2977 σκότος.
1065 2914 1214 2967 Ἐκεῖ
1268 2913 1423 2967 ἔσται
1469 2915 1497 2967 ὁ
1529 2912 1832 2982 κλαυθμὸς,

254 3006 353 3060 καὶ
381 3008 408 3060 ὁ
435 3005 681 3077 βρυγμὸς
712 3006 818 3059 τῶν
846 3006 1128 3061 ὀδόντων.)
1167 3006 1326 3060 Ἀλλά
1361 3006 1561 3076 μᾶλλον
1594 3005 1835 3058 σπουδά-

256 3116 443 3169 σωμεν
476 3098 710 3153 ἀκοῦσαι
740 3100 802 3153 τό
828 3115 844 3132 ⁸
909 3119 927 3152 ι
964 3096 1035 3154 Εὖ
1057 3142 1071 3164 ,
1121 3098 1279 3153 δοῦλε
1310 3097 1490 3168 ἀγαθέ
1522 3097 1620 3152 καὶ
1648 3095 1830 3160 πιστέ,

255 3192 352 3245 ἐπὶ
398 3193 555 3262 ὀλίγα
605 3189 685 3257 εἷς
728 3196 956 3259 πιστὸς,
1012 3194 1106 3247 ἐπὶ
1137 3191 1352 3245 πολλῶν
1386 3189 1447 3243 σέ
1478 3190 1830 3260 καταστήσω,

1943 616 2162 684 operari
2186 618 2284 671 “.0
2315 618 2561 687 Itemque
2593 636 2605 672 :
2637 637 2654 670 ι
2679 619 2828 674 Vade
2853 619 2921 673 ad
2947 619 3253 689 formicam,
3277 641 3310 679 ο
3333 627 3510 697 piger,

1942 714 1999 760 et
2024 706 2246 762 imitare
2278 708 2396 763 vias
2424 709 2637 779 ejus,et
2668 709 2760 765 illa
2784 718 2908 765 esto
2936 711 3240 781 sapientior
3260 716 3327 768 ³⁷.
3355 734 3372 766 ι
3415 717 3512 772 llla

1939 797 2110 862 enim,
2146 813 2270 854 cum
2336 800 2388 855 ei
2454 817 2564 856 non
2609 812 2866 873 suppetat
2898 804 3006 858 ulla
3033 805 3377 876 agricolatio,
3416 824 3514 863 ne-

1941 906 2049 961 que
2078 891 2289 947 habens
2320 892 2415 962 qui
2446 908 2505 948 se
2532 908 2599 948 eo
2625 887 2834 950 faboris
2857 896 3076 967 adigat,
3129 906 3284 967 parat
3316 902 3513 957 messis

1943 994 2188 1054 tempore
2216 984 2428 1039 cibum.
2482 986 2688 1040 lterum
2742 1005 2755 1040 :
2813 1007 2831 1039 ι
2881 988 3052 1060 Perge
3099 990 3167 1044 ad
3210 992 3509 1061 apiculam,

1941 1093 1975 1131 o
2024 1078 2219 1148 piger,
2271 1085 2329 1132 et
2376 1076 2530 1132 disce
2568 1094 2735 1148 quam
2766 1080 2883 1135 haec
2926 1083 3163 1137 solerter
3188 1098 3253 1137 ac
3282 1092 3513 1139 strenue

1941 1179 2219 1238 operetur.
2253 1186 2273 1221 ι
2324 1167 2474 1239 Opus
2500 1169 2629 1224 facit
2656 1185 2787 1225 sane
2818 1188 2981 1241 quam
3013 1174 3298 1229 munditia:
3326 1184 3382 1230 et
3410 1176 3513 1229 ho-

1941 1261 2175 1317 nestatis
2199 1262 2447 1331 plenum,
2485 1263 2645 1333 cujus
2670 1261 2891 1318 labores
2924 1279 3081 1336 reges
3106 1267 3260 1336 juxta
3287 1284 3351 1323 ac
3375 1268 3515 1324 idio-

1943 1359 2010 1406 ta:
2043 1352 2312 1408 adhibent
2346 1353 2561 1407 tuenda:
2586 1353 2835 1409 sanitati.
2890 1355 3024 1409 Item
3069 1373 3082 1409 :
3133 1377 3149 1407 ‹
3192 1358 3508 1429 Usquequo,

1940 1443 2117 1515 piger,
2142 1444 2419 1501 dormies?
2441 1445 2664 1515 quando
2692 1445 2759 1501 de
2793 1461 2989 1501 somno
3028 1451 3465 1521 expergisceris?
3488 1473 3506 1504 ι

1939 1544 2048 1590 etc.
2110 1556 2129 1588 ι
2174 1536 2369 1592 Postea
2420 1536 2677 1592 adveniet
2718 1538 2817 1592 tibi
2863 1551 3158 1609 paupertas
3187 1553 3245 1597 et
3271 1552 3509 1614 egestas,

1942 1634 2200 1697 tanquam
2223 1629 2404 1685 bonus
2416 1644 2614 1684 cursor
2632 1630 2695 1682 ’3.
2713 1649 2729 1677 ι
2743 1631 2955 1702 1087
2970 1632 3241 1689 Jeremias
3258 1651 3506 1705 quoque:

1948 1737 1966 1769 ι
1995 1719 2368 1774 Dormivimus
2401 1720 2456 1774 in
2485 1720 2811 1776 confusione
2840 1729 3049 1783 nostra.
3084 1732 3141 1777 et
3168 1726 3388 1793 operuit
3411 1737 3512 1783 nos

1940 1810 2244 1881 ignominia
2275 1820 2466 1867 nostra
2518 1829 2532 1865 :
2561 1811 2653 1867 Vae
2682 1811 2845 1866 nobis
2879 1813 3008 1882 quia
3040 1814 3225 1869 miseri
3257 1815 3387 1872 facti
3413 1834 3509 1871 su-

2704 1921 2720 1953 ι
2761 1902 2954 1972 Lapidi
2992 1904 3206 1973 polluto
3254 1922 3509 1976 exaequa-

1936 2000 2027 2049 tus
2056 2003 2140 2049 est
2166 1995 2340 2065 piger,
2381 2001 2437 2049 et
2466 1994 2648 2048 omnis
2673 1993 2988 2048 cxsibilabit
3013 2010 3181 2065 super
3206 1995 3509 2066 ignominia

1936 2088 2057 2158 ejus
2072 2087 2171 2141 ³ο.»
2198 2087 2404 2142 Iterum
2432 2104 2445 2139 :
2478 2104 2495 2136 ι
2523 2084 2705 2155 Piger,
2733 2085 2836 2140 etsi
2862 2086 3180 2156 opprobriis
3204 2089 3505 2158 oppetitur,

1935 2179 2077 2234 nihil
2126 2186 2311 2233 tamen
2365 2177 2726 2248 suppudescit
2784 2193 2797 2231 :
2852 2176 3020 2231 boum
3072 2179 3221 2233 enim
3277 2182 3507 2235 stercori

1937 2278 2287 2340 comparatus
2320 2276 2405 2323 est
2432 2269 2585 2339 piger
2609 2268 2673 2323 ³¹.
2708 2286 2727 2320 ι
2771 2267 2910 2322 Toto
2938 2268 3109 2338 igitur
3135 2279 3359 2333 conatu,
3396 2271 3509 2323 fra-

1940 2369 2079 2427 tres,
2137 2360 2563 2415 submoveamus
2608 2373 2709 2412 nos
2759 2358 2828 2411 ab
2872 2357 2975 2412 hac
3022 2358 3217 2413 incerti
3258 2360 3510 2414 socordia

1937 2461 2103 2522 atque
2128 2451 2267 2515 otio,
2303 2466 2373 2504 ne
2406 2464 2509 2504 nos
2538 2449 2633 2504 illo
2660 2464 2831 2520 regno
2859 2449 3073 2519 privet,
3109 2450 3278 2519 inque
3302 2451 3511 2521 gehen-

1936 2561 2064 2600 nam
2099 2544 2240 2616 ignis
2290 2551 2416 2615 agat
2446 2542 2763 2613 praecipites
2793 2558 2856 2597 ac
2885 2542 3165 2598 deturbet.
3202 2543 3510 2599 Audiamus

1936 2637 2183 2707 Apostoli
2206 2635 2523 2701 consilium,
2545 2634 2783 2690 dicentis
2808 2652 2821 2688 :
2855 2654 2872 2686 ι
2894 2635 3279 2691 Sollicitudine
3296 2651 3406 2690 non
3426 2636 3511 2705 pi-

1935 2730 2042 2801 gri,
2070 2728 2268 2798 spiritu
2293 2726 2592 2793 ferventes,
2621 2725 2854 2781 Domino
2878 2727 3189 2782 servientes
3206 2728 3302 2781 ³³.»
3334 2726 3506 2781 David

1936 2835 2155 2891 quoque
2182 2819 2333 2874 hunc
2361 2818 2416 2873 in
2442 2817 2666 2872 modum
2690 2818 3071 2873 concinentein
3096 2820 3504 2874 auscultemus:

1944 2930 1962 2963 ι
1996 2910 2331 2967 Benedictus
2388 2909 2657 2965 Dominus
2690 2910 2785 2980 qui
2838 2909 3001 2965 docet
3033 2925 3229 2965 manus
3257 2925 3408 2966 meas
3438 2910 3506 2965 ad

1934 3006 2206 3077 praelium,
2242 3013 2299 3060 et
2331 3004 2534 3076 digitos
2565 3020 2716 3060 meos
2748 3004 2816 3059 ad
2843 3005 3169 3060 bellum“.i
3208 3006 3504 3061 Terrorem

1936 3097 2098 3152 nobis
2118 3096 2352 3152 incutiat
2376 3096 2522 3152 servi
2546 3096 2698 3151 illius
2720 3097 3055 3167 exemplum,
3078 3097 3174 3168 qui
3196 3097 3303 3153 sibi
3325 3099 3507 3154 credi-

1938 3195 2054 3243 tum
2078 3188 2342 3243 talentum
2377 3186 2575 3242 infodit
2598 3186 2789 3252 humo,
2823 3197 2879 3242 et
2902 3188 3168 3254 occuluit,
3210 3189 3505 3259 nequando

253 3286 467 3339 εἴσελθε
499 3287 578 3349 εἰς
596 3284 692 3356 τὴν
720 3285 897 3356 χαρὰν
922 3284 1017 3338 τοῦ
1046 3284 1253 3355 Κυρίου
1279 3301 1428 3337 σουλ
1465 3281 1623 3352 Αὑτῴ
1647 3284 1680 3351 ἡ
1701 3280 1827 3347 δόξα

1933 3280 2121 3336 audire
2144 3282 2429 3352 contingat
2458 3296 2490 3335 a
2520 3288 2726 3335 nostra:
2755 3279 3001 3334 omnium
3028 3280 3250 3337 vindice
3277 3282 3506 3338 salutis:

251 3381 336 3442 εἰς
370 3379 491 3440 τοὺς
516 3378 740 3441 αἰῶνας.
788 3378 985 3449 Ἀμήν.

1943 3392 1961 3423 ι
1992 3372 2161 3428 Serve
2190 3371 2331 3426 male
2355 3379 2411 3425 et
2436 3370 2591 3441 piger
2607 3370 2705 3426 ³⁸.»
2740 3370 2844 3425 Et:
2876 3388 2893 3421 ι
2921 3370 3121 3426 Tollite
3148 3372 3217 3427 ab
3239 3388 3306 3428 eo
3334 3375 3507 3428 talen-

253 3484 371 3529 tum
391 3474 488 3525 ³⁸⁵.»
526 3474 636 3529 Et:
675 3492 692 3524 ι
725 3473 881 3527 nunc
912 3471 1164 3526 inutilem
1191 3484 1414 3525 servum
1445 3468 1630 3540 ejicite
1658 3467 1716 3521 in
1781 3467 2039 3521 tenebras
2083 3465 2406 3520 exteriores.
2468 3462 2548 3517 Ibi
2596 3462 2705 3517 erit
2749 3463 2911 3518 ﬂetus
2970 3471 3027 3519 et
3090 3464 3300 3519 stridor
3363 3464 3505 3522 den-

251 3569 394 3623 tium
412 3569 509 3621 “.i
540 3568 890 3622 Festinemus
917 3581 1017 3635 pro
1039 3563 1211 3630 virili,
1232 3562 1529 3635 aliquando
1587 3571 1650 3618 ut
1687 3560 1876 3615 audire
1913 3559 2193 3629 contingat
2220 3576 2233 3612 :
2264 3578 2281 3609 ι
2312 3559 2486 3629 Euge,
2535 3572 2694 3611 serve
2717 3557 2863 3613 bone
2887 3565 2944 3613 et
2967 3558 3168 3624 ﬁdelis,
3187 3575 3356 3630 super
3372 3577 3502 3631 pau-

252 3677 319 3714 ca
354 3660 505 3715 fuisti
534 3659 746 3723 ﬁdelis,
785 3673 952 3729 super
981 3656 1151 3712 multa
1181 3666 1232 3712 te
1261 3655 1594 3712 constituam
1630 3672 1642 3709 :
1676 3653 1820 3708 intra
1858 3652 1912 3707 in
1944 3650 2208 3723 gaudium
2248 3649 2467 3706 Domini
2504 3650 2585 3705 tui
2638 3651 2705 3703 ³⁷.
2735 3667 2753 3700 ι
2814 3648 2925 3721 Ipsi
2954 3651 3128 3724 gloria
3157 3652 3215 3708 in
3274 3654 3501 3711 saecula.

251 3754 453 3811 Amen.

2412 3883 2699 3940 HOMILIA
2738 3881 3005 3939 XXXVII.

1927 4002 2187 4057 Adversus
2209 3999 2487 4072 optimates
2519 4008 2569 4053 et
2616 4000 2887 4122 thefectos
2914 4017 3018 4054 non
3051 4016 3159 4055 esse
3184 4003 3502 4057 contenden-

2674 4087 2781 4122 um.

2674 4087 2781 4123 um.

848 3889 1065 3943 ΛΟΓΟΣ
1112 3887 1232 3943 ΛΖ’.

464 4003 605 4072 Περὶ
640 4002 747 4057 τοῦ
774 4000 861 4073 μὴ
879 4001 1091 4071 ἐρίζειν
1110 4003 1261 4071 μετὰ
1284 4001 1614 4057 δυνάστου.

330 4203 471 4257 Ὑπὸ
498 4203 601 4273 τῆς
626 4201 780 4267 θείας
804 4203 1029 4275 Γραφῆς
1058 4203 1432 4273 παιδευόμεθα
1454 4204 1535 4258 ὅτι
1562 4204 1829 4275 ἀσύμφω-

1997 4207 2211 4265 Divinis
2242 4206 2470 4263 Litteris
2501 4205 2808 4272 erudimur,
2834 4220 2903 4259 ne
2934 4221 3061 4260 cum
3097 4220 3164 4260 eo
3193 4207 3284 4277 qui
3309 4208 3497 4277 publi-

248 4316 341 4352 νον
363 4299 495 4369 ἡμῖν
524 4299 673 4351 ἐστιν
704 4297 843 4368 μετά
873 4297 1135 4351 δυνάστου
1166 4296 1481 4367 ἐρίζειν.ού
1509 4298 1619 4369 γὰρ
1650 4296 1826 4351 ἱκανοί

1933 4316 1987 4356 ea
2010 4300 2258 4370 fungitur
2283 4298 2639 4360 auctoritate,
2675 4296 3005 4353 velitaribus
3038 4298 3226 4353 verbis
3253 4308 3351 4353 aut
3384 4301 3497 4355 liti-

249 4393 421 4460 ἐσμεν
462 4389 718 4462 κριθῆναι
779 4390 916 4459 μετά
970 4390 1572 4459 ἀσυγκρίτου.⁹Ὠσπερ
1609 4390 1720 4460 γὰρ
1777 4391 1825 4442 οί

1933 4393 2027 4449 bus
2088 4390 2494 4446 conﬂictemur.
2556 4389 2840 4461 Ejusmodi
2920 4390 3071 4445 enim
3152 4392 3498 4446 contentiosa

246 4483 446 4538 τέλειοι
484 4482 667 4554 ἰχθύες
692 4483 1101 4553 ἐφεδρεύοντες,
1124 4481 1464 4553 κατάϐρωμα
1494 4480 1671 4535 αὐτῶν
1697 4483 1825 4544 τοὺς

1933 4485 2169 4541 velitatio
2216 4499 2340 4539 cum
2389 4490 2622 4553 potente
2671 4482 2932 4553 quopiam
2967 4482 3108 4537 adeo
3145 4483 3287 4537 nihil
3335 4484 3498 4538 aﬂ‘ert
3575 4476 3583 4484 ’

247 4575 480 4645 ἥττονας
514 4572 760 4627 ποιοῦσιν
786 4574 993 4643 ἰχθύας,
1012 4572 1184 4634 οὕτως
1213 4571 1305 4625 καὶ
1331 4572 1379 4624 oi
1413 4572 1629 4626 δυνατοὶ⁵
1652 4572 1710 4624 εὑ
1720 4589 1825 4641 μα-

1933 4574 2221 4640 commodi,
2245 4583 2308 4629 ut
2330 4573 2703 4629 incommodet
2728 4573 3047 4643 plurimum.
3077 4573 3323 4629 Inidonci
3348 4575 3497 4629 enim

254 4665 367 4738 ρῶς
400 4665 612 4736 ἔχουσιν
650 4666 745 4719 τοῦ
775 4666 1032 4736 ἀδικῆσαι
1085 4664 1213 4726 τοὺς
1240 4663 1556 4727 ἀδυνάτους.
1583 4665 1826 4735 Κέκτην-

1933 4682 2031 4722 nos
2088 4680 2191 4720 nec
2240 4664 2575 4720 sullicientes
2608 4665 2701 4735 qui
2746 4680 2967 4719 causam
3003 4665 3217 4736 judicio
3246 4668 3497 4735 experia-

247 4776 342 4812 ται
394 4758 450 4811 δὲ
494 4757 589 4810 καὶ
617 4757 678 4810 τὸ
706 4756 914 4824 ἀπηνὲς
969 4756 1064 4809 καὶ
1097 4755 1399 4824 ἀνάλγητον
1418 4773 1435 4789 ο
1460 4755 1557 4809 καὶ
1581 4756 1814 4828 διαρπὰ-

249 4850 435 4914 ζοντες
455 4850 525 4905 τὰ
554 4850 663 4903 τῶν
691 4850 942 4919 πενήτων
962 4889 977 4913 ,
1012 4847 1335 4918 θηρεύματα
1364 4847 1502 4901 αὐτὰ
1535 4847 1819 4918 ἡγοῦνται.

249 4943 327 4995 Οὐ
350 4943 459 5012 γὰρ
482 4942 660 4995 ἴσασιν
682 4942 774 4995 τοῦ
799 4940 915 5011 βίου
935 4941 996 4994 τὸ
1018 4940 1232 5011 ἄδηλον.
1255 4940 1316 4993 Et
1336 4940 1445 5012 γὰρ
1464 4940 1558 4994 καὶ
1578 4940 1820 5011 ᾔδεισαν,

247 5033 349 5086 οὐκ
394 5032 459 5086 ἂν
514 5033 582 5086 τὰ
638 5034 992 5104 ὑστερήματα
1044 5032 1152 5086 τῶν
1196 5031 1392 5084 ἐνδεῶν
1442 5031 1821 5102 προστεθήκα-

250 5143 335 5178 σιν
365 5127 443 5189 είς
472 5125 533 5179 τὸ
562 5126 744 5179 αὐτῶν
774 5126 1141 5195 περίσσευμα.
1180 5123 1599 5195 Ἀγωνιζόμενοι
1631 5125 1819 5195 ῶσπερ

248 5219 534 5290 ἀκυρῶσαι
581 5220 683 5289 τὴν
717 5217 939 5289 ἐντολὴν
966 5218 1060 5272 τοῦ
1114 5218 1441 5271 Ἀποστόλου
1491 5219 1814 5286 φάσκοντος,

248 5310 324 5363 Τὸ
381 5328 399 5360 ι
454 5310 607 5379 ὑμῶν
692 5310 1040 5381 περίσσευμα
1102 5312 1182 5374 είς
1246 5310 1305 5363 τὸ
1360 5309 1646 5379 ὑστέρημα
1710 5311 1819 5364 τῶν

249 5401 503 5471 πτωχῶν.
545 5421 564 5454 ι
604 5401 801 5464 Καλῶς
856 5401 988 5471 γοῦν
1045 5404 1079 5473 ἡ
1139 5401 1260 5455 θεία
1324 5402 1515 5473 Γραφὴ
1564 5405 1824 5472 παραινεῖ

246 5495 379 5561 ἡμῖν
409 5492 777 5561 φυλάττεσθαι
813 5493 921 5546 ἀπὸ
954 5492 1061 5547 τῶν
1108 5493 1366 5547 τοιούτων
1394 5510 1407 5525 ⁸
1442 5494 1608 5565 φησὶν
1658 5494 1766 5565 γάρ
1801 5511 1814 5524 ·

253 5605 271 5636 ι
309 5587 398 5656 Μὴ
444 5586 800 5658 παρεκτείνου
850 5586 1019 5656 πένης
1064 5585 1140 5640 ῶν
1182 5587 1460 5641 πλουσίου.
1503 5606 1522 5640 ι
1559 5588 1821 5651 ΙΙλούσιος

346 5788 391 5817 ’⁸
421 5787 579 5841 Prov.
608 5802 719 5849 κει,
749 5786 839 5841 25.
917 5787 961 5818 ⁸⁷
1000 5787 1161 5841 Prov.
1198 5804 1271 5849 vl,
1304 5788 1355 5842 6.
1434 5786 1479 5817 ’⁸
1516 5784 1651 5840 ibid.
1678 5784 1733 5846 9,
1770 5785 1856 5838 il.

1479 5858 1523 5887 ”
1551 5857 1739 5911 Matth.
1781 5872 1901 5921 xxv,
1951 5856 2039 5911 Q6.

247 5858 293 5891 ⁸¹
326 5859 482 5913 liom.
521 5873 613 5920 xu,
645 5857 732 5911 ll.
846 5858 892 5890 ³³
924 5858 1065 5911 Psal.
1104 5872 1282 5922 cum,
1318 5859 1363 5912 Ι.

1922 4776 2048 4814 ηιυι·
2089 4773 2214 4813 cum
2247 4758 2762 4829 incomparabiliter
2802 4757 2965 4813 nobis
3002 4757 3393 4813 eminentiore.
3425 4759 3495 4815 Ut

1918 4854 2065 4909 enim
2119 4852 2302 4922 pisces
2353 4852 2451 4922 qui
2496 4852 2608 4923 jam
2664 4850 3028 4905 adoleVeruut
3065 4851 3213 4921 justa
3244 4851 3493 4920 corporis

1918 4944 2334 5016 magnitudine,
2364 4960 2434 4999 ex
2488 4942 2708 4998 insidiis
2756 4943 3046 4999 imminent
3096 4941 3340 4996 nondum
3393 4959 3493 5012 per

1916 5044 2130 5091 aetatem
2190 5034 2415 5098 adultis,
2446 5048 2556 5102 quo
2611 5032 2737 5087 illos
2774 5040 2970 5102 parent
3021 5032 3077 5085 in
3114 5048 3268 5086 suam
3301 5033 3493 5088 alimo-

1917 5127 2064 5182 niam
2104 5144 2116 5181 :
2148 5128 2223 5181 ita
2248 5136 2304 5181 et
2331 5127 2419 5182 isti
2454 5125 2725 5196 primores
2750 5140 2815 5180 ac
2836 5126 3187 5193 magistratus
3210 5126 3362 5181 nullo
3390 5143 3492 5182 suo

1917 5220 2139 5290 negatio
2190 5219 2378 5289 injurii
2431 5227 2560 5273 sunt
2626 5218 2682 5272 in
2736 5218 2990 5273 imbelles
3026 5226 3081 5272 et
3117 5218 3487 5287 opprimunt:

1915 5312 2010 5384 qui
2040 5312 2084 5367 si
2114 5311 2250 5382 quid
2276 5311 2646 5372 obtinuerint,
2679 5309 2938 5366 indemne
2971 5312 3078 5366 illis
3123 5311 3277 5366 dedit
3304 5322 3362 5367 et
3390 5312 3492 5367 im-

1914 5420 2096 5477 pune,
2149 5419 2328 5474 neque
2378 5404 2508 5459 hinc
2568 5404 2872 5475 quidquam
2939 5405 3189 5460 sentiunt
3237 5404 3486 5468 doloris,

1916 5496 2055 5552 adeo
2090 5503 2150 5550 ut
2179 5511 2307 5550 cum
2339 5503 2499 5566 rapto
2534 5496 2756 5564 vivant,
2790 5496 3038 5567 rapinam
3076 5513 3105 5551 a
3148 5497 3491 5567 pauperibus

1915 5588 1968 5642 vi
2017 5595 2327 5654 extortam,
2368 5602 2522 5641 suam
2550 5586 2819 5659 deputent
2873 5590 3224 5644 venationem
3259 5608 3272 5643 :
3310 5603 3489 5659 neque

3193 5786 3231 5815 "
3264 5785 3397 5839 ibid.
3427 5787 3484 5845 Ξ).

3113 5856 3156 5889 ³⁷
3213 5856 3348 5910 ibid.
3392 5863 3482 5915 ‘Zl.

2571 5786 2617 5819 ³ο
2651 5787 2826 5843 Eccli.
2862 5802 2989 5850 xxu,
3026 5788 3076 5841 ‘l.

2638 5860 2683 5891 ³⁸
2716 5858 2850 5913 ibid.
2923 5860 3007 5912 50.

1931 5786 1974 5816 ’³
2010 5785 2216 5841 Jerem.
2255 5803 2332 5846 ιιι.
2362 5787 2452 5842 25.

2153 5858 2196 5887 ³⁸
2232 5858 2367 5911 ibid.
2435 5857 2523 5911 ‘28.
