4028 6524
574 374 711 468 15.51

1834 376 2203 440 ANTIOCHI
2246 376 2595 437 MONACHI

3658 383 3765 449 1552

568 489 721 545 enim
778 501 967 543 secum
1010 496 1272 559 reputare
1328 496 1573 554 norunt,
1601 487 1716 543 vita
1751 486 1868 543 haec
1898 502 2063 557 quam
2090 486 2157 541 sit

2262 483 2372 555 γὰρ
2414 485 2696 555 ἠδίκησεν,
2726 486 2821 539 καὶ
2849 484 3011 550 αύτδς
3057 486 3584 558 προσενεσριμήιιατο
3612 508 3623 522 ·
3652 510 3770 549 πτω-
3844 500 3845 503 ’

570 578 805 634 incerta.
838 577 1040 647 Utique
1063 578 1110 633 si
1138 589 1386 644 nossem,
1420 593 1705 649 nunquam
1730 593 2156 649 supervacanea

571 674 664 731 isti
680 688 795 729 suae
816 671 990 743 copia:
1018 671 1240 726 fuerant
1259 671 1533 743 adjecturi
1557 671 1872 745 indigorum
1901 672 2156 741 inopum-

572 783 639 822 ve
677 765 991 837 penuriam.
1026 764 1089 819 In
1122 764 1231 819 hoc
1257 763 1445 819 studia
1476 765 1663 820 locant
1690 781 1819 831 sua,
1847 774 1911 820 ut
1936 772 2157 834 aposto-

570 858 682 913 lico
706 858 787 912 illi
823 855 1086 911 mandato
1123 852 1517 913 auctoritatem
1550 855 1849 911 detrahant
1879 864 1936 911 et
1986 855 2156 910 abro-

573 960 753 1022 gent:
801 966 820 1001 ι
863 948 1058 1004 Vestra
1105 948 1447 1004 abundantia
1506 964 1815 1020 pauperum
1903 949 2157 1019 suppleat

576 1045 764 1116 inopia
789 1044 855 1100 ³⁸.
901 1063 922 1098 ι
949 1046 1122 1101 Recte
1151 1044 1321 1116 igitur
1354 1043 1544 1099 divina
1568 1059 1672 1098 nos
1710 1043 1972 1098 admonet
2016 1039 2159 1097 Scri-

575 1148 761 1209 ptura,
786 1137 1019 1193 istorum
1042 1150 1402 1208 congressum
1426 1141 1490 1191 ut
1503 1136 1745 1191 vitemus
1773 1152 1786 1189 :
1813 1134 1948 1190 dicit
1970 1137 2153 1190 enim:

581 1251 599 1283 ι
637 1231 718 1287 Ne
762 1238 814 1286 te
862 1228 1132 1286 extendas
1181 1245 1356 1300 usque
1392 1230 1461 1285 ad
1494 1230 1747 1295 divitem,
1778 1244 1992 1299 pauper
2029 1244 2155 1284 cum

575 1324 653 1378 sis
693 1323 762 1377 ³⁸.
797 1340 816 1374 ι
853 1322 1021 1377 Dives
1055 1321 1227 1387 enim,
1279 1321 1596 1392 quempiam
1632 1321 1678 1376 si
1710 1320 1915 1392 injuria
1944 1320 2154 1385 affecit,

578 1418 967 1475 interminatur
996 1433 1062 1472 ac
1092 1416 1312 1473 frendet
1342 1416 1421 1471 ira
1452 1433 1465 1469 :
1502 1430 1711 1486 pauper
1740 1413 1873 1469 vero
1900 1414 2155 1485 injuriam

576 1511 624 1566 si
674 1510 963 1575 sustinuit,
996 1510 1224 1579 insuper
1258 1518 1315 1565 et
1359 1508 1527 1564 minis
1575 1509 1917 1563 deterretur.
1956 1525 1974 1558 ι
2013 1506 2157 1573 Quid

577 1605 750 1669 enim,
805 1604 883 1659 ait
917 1603 1229 1674 Scriptura,
1269 1601 1710 1658 communicabit
1749 1602 1859 1656 olla
1896 1600 1963 1655 ad
1993 1614 2156 1655 caca-

578 1696 748 1752 bum?
768 1697 887 1767 Ipsa
909 1696 1101 1766 utique
1127 1695 1345 1765 1088
1361 1695 1649 1765 impinget,
1669 1703 1726 1749 et
1747 1694 1940 1749 eadem
1970 1701 2161 1748 conte-

2255 575 2349 646 χὸς
2375 576 2654 648 ἠδίκηται,
2696 578 2791 632 καὶ⁵
2843 578 3005 643 αὐτὸς
3064 580 3639 651 προσαπειληθήσεται.
3669 607 3686 639 ι
3721 590 3773 643 Τί

2255 666 2367 738 γὰρ
2410 670 2729 739 κοινωνήσει
2754 709 2768 734 ,
2806 671 2994 740 φησὶν,
3028 670 3203 744 χύτρα
3233 672 3373 742 πρὸς
3397 672 3621 745 λέϐητα;
3655 681 3779 752 Αὐτὴ

2258 760 2643 831 προσκρούσει,
2680 763 2774 816 καὶ
2801 762 2938 835 αύτὴ
2971 764 3411 836 σσπριὸήσεταιέ
3438 784 3458 817 ι
3481 769 3608 837 Φησὶ
3631 772 3681 824 δὲ
3704 777 3781 827 καὶ

2256 855 2286 907 6
2317 855 2761 925 Παροιμιαστήςο
2803 875 2820 907 ι
2850 856 2940 927 Μὴ
2978 857 3339 927 παρεκτείνου
3372 859 3536 928 πένης
3558 861 3628 913 ὢν
3649 863 3784 915 πλου-

2259 945 2380 1015 σίῳ,
2413 947 2509 999 καὶ
2553 947 2629 1017 μὴ
2682 946 2865 1018 φάγῃς
2915 947 3008 1001 τὸν
3072 947 3261 1018 ψωμόν
3308 966 3403 1002 σου
3461 951 3573 1019 μετ’
3623 952 3780 1007 αἰτοῦ·

2257 1039 2508 1111 ἐξεμέσει
2558 1041 2668 1110 γὰρ
2722 1040 2905 1104 αὐτὸν,
2940 1042 3035 1094 καὶ
3082 1040 3316 1111 λυμανεῖ
3354 1043 3477 1106 τοὺς
3504 1043 3683 1111 λόγους
3710 1064 3786 1100 σου

2255 1134 2384 1197 τοὺς
2431 1132 2657 1196 καλούς.
2692 1152 2712 1184 ι
2750 1133 2858 1186 Καὶ
2885 1133 2914 1186 6
2956 1135 3242 1204 προφήτης
3284 1133 3464 1205 Ἀμὼς
3492 1136 3615 1206 περὶ
3637 1138 3787 1191 αὐτῶν

2257 1242 2423 1295 φησιν
2444 1242 2458 1255 δ
2489 1244 2509 1279 ι
2547 1225 2916 1289 Ἐκονδύλιζον
2942 1228 3021 1290 είς
3042 1225 3284 1296 κεφαλὰς
3312 1226 3559 1297 πτωχῶν,
3587 1229 3675 1281 καὶ
3697 1230 3790 1283 ὁδὸν

2257 1319 2531 1374 ταπεινῶν
2570 1315 3127 1385 ἐξέκλιναν,οἶνον’ἐκ
3164 1319 3534 1388 συκοφαντιῶν
3562 1320 3786 1373 ἔπινονί

2255 1415 2284 1467 6
2308 1414 2366 1467 δέ
2403 1413 2568 1479 καλὸς
2615 1414 2918 1485 εἰσηγητὴς
2975 1414 3301 1477 Ἀπόστολος
3338 1413 3641 1486 Κορινθίοις
3680 1416 3791 1485 γρά-

2258 1522 2374 1575 φων
2421 1505 2608 1573 ἔλεγεν
2629 1524 2643 1537 ο
2674 1524 2693 1558 ι
2735 1505 2834 1557 Διά
2863 1504 2915 1559 τί
2945 1505 3005 1558 ού
3036 1504 3237 1575 μᾶλλον
3267 1504 3651 1575 ἀποστερεῖσθε
3680 1508 3794 1569 ςΔιὰ

2256 1597 2311 1652 τί
2350 1598 2553 1669 μᾶλλον
2600 1598 2723 1668 οὐχὶ
2768 1598 3078 1663 ἀδικείσθες
3110 1597 3226 1651 ἀλλ’
3257 1597 3415 1668 ὑμεῖς
3446 1598 3691 1659 ἀδικεῖτε,
3719 1600 3794 1649 καὶ

2259 1691 2615 1760 ἀποστερεῖτε
2643 1734 2659 1758 ,
2696 1692 2791 1746 καὶ
2852 1689 3034 1756 τοῦτο,
3077 1690 3339 1759 ἀδελφούς
3364 1705 3379 1719 ⁸
3416 1708 3435 1741 ι
3472 1689 3565 1741 καὶ
3591 1690 3791 1756 ἐπάγω

578 1789 846 1845 retur“.»
868 1789 935 1844 Et
960 1808 973 1843 :
998 1807 1015 1840 ι
1042 1788 1120 1845 Ne
1142 1788 1454 1844 comederis
1470 1803 1596 1844 cum
1620 1801 1688 1843 eo
1711 1787 1937 1843 offulam
1960 1794 2111 1841 tuam
2140 1802 2153 1839 :

2266 1804 2286 1836 ι
2325 1785 2504 1848 Ὅλως
2557 1786 2779 1855 ἥττημα
2824 1784 2955 1853 ύμῖν
2992 1785 3161 1848 ἐστιν,
3191 1784 3273 1837 ὅτι
3303 1785 3478 1851 κρῖμα
3526 1783 3666 1851 ἔχετε
3698 1782 3794 1833 καθ’

577 1890 797 1938 evomet
843 1880 992 1935 enim
1048 1879 1219 1946 illam,
1251 1887 1307 1935 et
1366 1879 1652 1950 disperdet
1700 1892 1989 1935 sermones
2032 1885 2158 1932 tuos

578 1974 757 2031 bonos
772 1974 836 2028 “.
869 1992 887 2025 ι
908 1974 983 2028 De
1005 1972 1093 2028 his
1130 1979 1185 2027 et
1210 1973 1377 2027 Amos
1402 1973 1670 2043 propheta
1698 1990 1711 2026 :
1744 1991 1763 2025 ι
1794 1971 2001 2046 Pugnis
2034 1979 2161 2025 tun-

577 2066 785 2131 debant
822 2066 1002 2136 capita
1032 2080 1365 2135 pauperum,
1397 2075 1454 2120 et
1478 2065 1627 2119 viam
1664 2064 1960 2119 humilium
1988 2062 2161 2119 decli-

2263 1876 2492 1931 ἑαυτῶν.
2525 1877 2593 1929 Ἦ
2619 1876 2718 1929 οὐκ
2762 1875 2943 1929 οἴδατε
2986 1874 3068 1927 ὅτι
3099 1872 3274 1928 ἄδικοι
3299 1870 3579 1942 βασιλείαν
3604 1870 3726 1924 Θεοῦ
3749 1872 3797 1924 o5

2264 1968 2807 2039 κληρονομήσουσινς
2856 1984 2875 2017 ι
2915 1966 2973 2020 '0
3003 1966 3060 2019 δὲ
3100 1965 3304 2037 Κύριος
3340 1963 3609 2034 περὶτῶν
3647 1964 3799 2032 Γραμ-

2269 2062 2487 2134 ματέων
2527 2062 2622 2115 καὶ
2668 2060 2982 2131 Φαρισαίων
3011 2058 3207 2130 φησίνο
3238 2077 3256 2109 ι
3288 2059 3653 2127 Δεσμεύουσιν
3695 2073 3793 2125 φορ·

577 2170 870 2216 naverunt.
938 2158 1137 2214 Vinum
1199 2157 1660 2214 calumniantium
1730 2157 2000 2213 bibebant
2033 2156 2098 2211 “.
2140 2177 2157 2210 ι

2258 2156 2345 2209 τία
2398 2156 2571 2227 βαρέα
2638 2154 2736 2209 καὶ
2781 2153 3189 2218 δυσϐάστακτα,
3221 2152 3316 2206 καὶ
3349 2152 3447 2205 ἐπὶ
3491 2150 3616 2213 τοὺς
3650 2150 3801 2219 ὤμους

575 2252 812 2307 Pulchre
859 2260 916 2308 et
967 2251 1163 2307 doctor
1210 2252 1458 2323 gentium
1489 2252 1823 2322 Apostolus,
1857 2249 2157 2306 Corinthiis

2258 2251 2365 2305 τῶν
2414 2249 2721 2323 ἀνθρώπων
2768 2249 3131 2312 ἐπιτιθέασιν,
3155 2247 3235 2317 τῷ
3270 2246 3325 2300 δέ
3359 2243 3614 2315 δακτύλῳ
3652 2243 3801 2296 αὐτῶν

577 2345 829 2400 scribens
855 2361 867 2399 :
909 2363 928 2397 ι
959 2344 1031 2401 Ut
1059 2344 1193 2415 quid
1222 2360 1333 2399 non
1363 2344 1536 2415 magis
1568 2344 1820 2399 fraudem
1864 2342 2157 2414 patimini?

2258 2344 2318 2396 ού
2369 2342 2616 2396 θέλουσιν
2652 2342 2874 2412 κινῆσαι
2914 2341 3081 2395 αὐτὰ.
3126 2359 3145 2393 ι
3181 2338 3340 2409 Δύτῷ
3379 2340 3415 2406 ή
3448 2336 3578 2400 δόξα
3606 2336 3677 2397 εἰς
3705 2337 3802 2397 τοὺς

576 2452 747 2508 quare
782 2452 892 2493 non
926 2437 1103 2508 magis
1132 2437 1393 2508 injuriam
1428 2436 1721 2507 accipitis?
1756 2435 1855 2491 sed
1886 2446 1984 2490 vos
2021 2434 2157 2505 inju-

2258 2434 2486 2497 αἰῶνας.
2531 2436 2588 2489 ’Λ
2601 2436 2730 2506 μήν.

576 2531 714 2586 riam
759 2530 941 2585 facitis
973 2538 1031 2585 et
1058 2529 1352 2595 fraudatis,
1386 2538 1443 2584 et
1474 2529 1579 2585 hoc
1615 2529 1882 2584 fratribus
1910 2527 1974 2582 ⁸³.
2012 2547 2030 2579 ι
2065 2526 2283 2581 lnducit
2316 2544 2327 2556 ·
2374 2544 2392 2578 ι
2431 2526 2670 2582 Omnino
2734 2526 2942 2581 dictum
3009 2533 3097 2581 est
3127 2524 3274 2579 inter
3300 2534 3399 2579 vos
3430 2540 3444 2577 :
3474 2522 3561 2577 An
3616 2521 3805 2577 nescitis

575 2624 708 2696 quia
740 2623 921 2694 iniqui
947 2638 1176 2695 regnum
1207 2624 1306 2680 Dei
1329 2639 1437 2679 non
1461 2624 1875 2695 possidebunt?
1914 2642 1933 2676 ι
1968 2622 2239 2679 Dominus
2290 2622 2424 2679 item
2496 2623 2565 2678 de
2642 2622 2854 2678 Scribis
2895 2632 2952 2678 et
3018 2620 3307 2679 Pharisaeis
3372 2620 3458 2676 ait
3495 2639 3509 2676 :
3546 2640 3565 2672 ι
3604 2619 3805 2689 Allith

575 2735 747 2776 onera
797 2719 982 2792 gravia
1031 2732 1088 2775 et
1122 2719 1512 2791 importabilia,
1549 2729 1604 2775 et
1635 2719 1929 2791 imponunt
1960 2720 2017 2775 in
2052 2719 2317 2775 humeros
2345 2719 2654 2784 hominum,
2692 2719 2865 2789 digito
2891 2729 3075 2774 autem
3110 2719 3307 2774 nolunt
3344 2732 3409 2775 ea
3466 2732 3685 2773 movere
3705 2714 3801 2769 ⁸³.»

575 2812 685 2885 Ipsi
720 2812 893 2885 gloria
927 2812 984 2869 in
1036 2813 1234 2869 saecula
1268 2811 1618 2867 szeculorum.
1648 2812 1841 2868 Amen.

1066 2947 1356 3005 HOMILIA
1372 2947 1664 3003 XXXVIII.

1107 3060 1183 3115 De
1245 3061 1627 3115 inobedientia.

646 3172 1125 3243 Quemadmodum
1157 3172 1326 3227 vitam
1370 3171 1713 3238 obedientia,
1742 3172 1820 3227 ita
1872 3181 1928 3229 et
1970 3173 2162 3229 inobo-

578 3267 788 3323 dientia
842 3264 1140 3322 efﬁcaciter
1198 3274 1437 3321 mortem
1503 3274 1792 3336 operatur.
1856 3265 1978 3321 Meo
2030 3267 2161 3321 huic

580 3356 821 3413 sermoni
892 3355 1277 3411 testimonium
1316 3354 1481 3411 facile
1542 3355 1731 3412 reddit
1780 3356 1948 3411 homo
1982 3356 2027 3411 is
2062 3357 2158 3427 qui

580 3445 794 3516 primus
825 3442 921 3499 Dei
953 3459 1120 3499 manu
1147 3442 1422 3500 formatus
1444 3453 1550 3501 est.
1578 3444 1720 3500 Dum
1751 3446 1901 3501 enim
1937 3447 2023 3501 sui
2046 3447 2163 3517 opi-

581 3540 701 3596 ficis
729 3540 988 3596 mandato
1024 3539 1196 3611 gessit
1224 3555 1458 3604 morem,
1486 3540 1812 3611 neutiquam
1856 3540 1989 3612 ligni
2027 3540 2161 3595 vita-

578 3632 649 3688 lis
678 3632 926 3703 privatus
959 3640 1043 3687 est
1065 3648 1168 3687 usu
1205 3648 1219 3685 :
1252 3640 1469 3698 contra,
1500 3648 1530 3687 a
1570 3632 1811 3702 paradisi
1840 3633 2159 3689 ammnitate

580 3724 638 3778 in
693 3724 836 3778 hanc
893 3722 1347 3794 complorationis
1385 3739 1450 3780 ac
1499 3724 1740 3780 miseriae
1796 3726 1996 3780 vallem
2058 3740 2160 3795 per

582 3813 1019 3870 inobedientiam
1056 3814 1353 3885 relegatus,
1388 3831 1447 3871 se
1474 3829 1741 3887 suamque
1775 3818 2154 3888 posteritatem

580 3914 800 3960 aeterna:
849 3904 1061 3959 addixit
1107 3905 1294 3959 morti.
1325 3904 1556 3961 Audivit
1600 3907 1785 3962 enim:
1825 3926 1843 3960 ι
1878 3908 2050 3963 Terra
2097 3922 2159 3963 es

580 4006 637 4053 et
672 3997 726 4051 in
784 4006 989 4051 terram
1056 3995 1165 4052 ibis
1190 3998 1257 4053 ⁸⁸.
1304 4018 1321 4049 ι
1363 3998 1471 4055 Sed
1523 4006 1580 4054 et
1614 4000 1789 4055 Judaei
1825 3992 2059 4069 profecti
2089 4012 2157 4054 ex

580 4086 835 4159 Egypto,
900 4104 1135 4157 quorum
1191 4089 1462 4144 cadavera
1520 4091 1576 4144 in
1635 4106 1823 4146 eremo
1881 4099 2156 4160 prostrata

581 4190 732 4245 sunt,
772 4199 790 4232 ι
831 4180 952 4235 Νοιι
978 4180 1346 4236 exaudierunt
1378 4196 1571 4237 vocem
1599 4181 1839 4247 Domini,
1868 4191 1923 4236 et
1954 4182 2009 4236 in
2036 4180 2155 4254 lege

580 4276 702 4346 ejus
753 4274 1054 4329 noluerunt
1115 4273 1399 4329 ambulare
1429 4275 1495 4328 ⁸⁷.
1532 4293 1551 4325 ι
1589 4275 1683 4330 Dei
1711 4275 1858 4331 enim
1900 4276 2156 4331 mandato

501 4425 511 4433 ,
574 4369 919 4439 jubebantur
966 4369 1169 4440 singuli
1205 4369 1412 4439 quique
1448 4384 1558 4424 uno
1588 4383 1808 4438 quoque
1838 4367 1926 4422 die
1953 4381 2154 4422 manna

2849 2945 3069 2998 ΛΟΓΟΣ
3118 2941 3249 3000 AII'.

2787 3057 2925 3125 Περὶ
2969 3052 3308 3124 παρακοῆς.

2330 3175 2548 3244 Ὠσπερ
2592 3173 2624 3243 ή
2658 3168 2876 3241 ὑπακοὴ
2911 3170 3057 3239 ζωὴν
3089 3167 3522 3239 κατεργάζεται,
3548 3168 3708 3231 οὕτως
3732 3168 3805 3221 καὶ

2262 3267 2296 3338 ἡ
2330 3266 2583 3337 παρακοὴ
2649 3263 2898 3318 θάνατον.
2924 3263 3036 3315 Καὶ
3088 3263 3358 3332 μαρτυρεῖ
3403 3260 3609 3331 μοιτῷ
3651 3259 3808 3329 λόγφὸ

2262 3359 2482 3430 πρῶτος
2531 3355 2673 3427 χειρὶ
2709 3354 2845 3408 Θεοῦ
2899 3353 3159 3417 πλασθεὶς
3188 3353 3506 3424 ἄνθρωπος.
3539 3354 3598 3407 El
3626 3352 3724 3424 γὰρ
3751 3352 3805 3420 μὴ

2262 3450 2612 3521 παρήκουσεν
2663 3447 2764 3517 τῆς
2823 3447 3046 3515 ἐντολῆς
3094 3445 3187 3499 τοῦ
3223 3443 3603 3517 Δημιουργοῦ,
3633 3446 3724 3498 οὐκ
3758 3442 3806 3497 ἂν

2264 3542 2364 3613 μὲν
2415 3540 2695 3609 ύστερεῖτο
2738 3536 2832 3590 τοῦ
2896 3536 3056 3603 ξύλου
3106 3535 3202 3605 τῆς
3243 3536 3389 3605 ζωῆς
3421 3550 3440 3566 ο
3486 3533 3805 3605 ἐξόριστοςῶ

2258 3630 2354 3686 τοῦ
2421 3630 2750 3702 παραδείσου
2813 3630 3125 3700 γενόμενος,
3179 3628 3408 3682 θάνατον
3475 3626 3805 3696 κατεδικάσθη

2258 3724 2425 3788 αὐτὸς
2458 3724 2553 3777 καὶ
2581 3724 2629 3776 oi
2659 3723 2753 3776 ἀπ’
2784 3720 2949 3775 αὑτοῦ
3011 3720 3103 3775 τὸν
3147 3719 3387 3786 αἰώνιον,
3419 3720 3681 3783 ἀκούσας·
3710 3739 3727 3770 ι
3749 3719 3804 3787 Γῆ

2261 3817 2315 3872 εἴ
2350 3818 2444 3873 καὶ
2479 3818 2562 3880 είς
2589 3817 2695 3887 γῆν
2715 3814 3030 3871 ἀπελεύσει.
3064 3834 3082 3868 ι
3128 3813 3362 3885 Ὁμοίως
3392 3814 3493 3867 καὶ
3523 3816 3574 3867 ol
3602 3811 3805 3879 ἐξελθόν-

2257 3929 2349 3974 τες
2387 3911 2451 3976 ἐξν
2479 3909 2781 3978 Αἰγύπτου,
2807 3902 2881 3963 ὧν
2922 3907 2993 3962 τὰ
3036 3907 3186 3961 κῶλα
3216 3907 3411 3960 ἔπεσεν
3440 3909 3505 3960 ὲν
3532 3909 3598 3977 τῇ
3627 3908 3802 3977 ἐρήμῳ,

2265 4024 2283 4057 ι
2315 4005 2430 4058 Ούκ
2462 4005 2790 4073 εἰσήκουσαν
2818 4004 2917 4073 τῆς
2949 4003 3133 4072 φωνῆς
3161 4000 3257 4055 τοῦ
3288 4001 3526 4072 Κυρίου,
3555 4002 3647 4054 καὶ
3673 4000 3724 4053 ἐν
3747 3998 3804 4067 τῷ

2257 4097 2409 4167 νόμῳ
2449 4095 2616 4149 αὑτοῦ
2677 4096 2779 4148 οὐκ
2823 4094 3210 4166 ἠϐουλήθησαν
3246 4093 3604 4164 πορεύεσθαι.
3644 4112 3663 4144 ι
3691 4094 3804 4161 Dap-

2256 4189 2510 4260 ήγγειλεν
2551 4188 2660 4260 γὰρ
2706 4188 2892 4252 αὐτοῖς
2947 4190 2976 4241 6
3033 4186 3163 4252 Θεὸς
3209 4186 3527 4259 αύθήμερον
3567 4186 3625 4239 τὸ
3662 4186 3802 4256 μάννα

2256 4283 2458 4336 ἐσθίειν
2479 4323 2495 4349 ,
2529 4284 2621 4336 καὶ
2652 4282 2726 4353 μὴ
2755 4281 3189 4352 καταλιμπάνειν
3234 4284 3314 4345 είς
3340 4281 3440 4352 τὴν
3473 4281 3663 4351 αὔριον
3688 4297 3703 4312 ο
3732 4280 3803 4332 καὶ

2256 4369 2745 4441 παρακουσάντων,
2772 4370 2864 4423 καὶ
2895 4370 3338 4439 καταλειψάντων
3371 4371 3479 4435 ἕως
3524 4370 3696 4443 πρωῒ,
3737 4366 3803 4431 ἐξα

579 4471 641 4517 ιιι
701 4471 1084 4525 vescerentur,
1115 4477 1220 4516 nec
1247 4461 1548 4531 quidquam
1578 4476 1646 4515 ex
1676 4476 1743 4516 eo
1776 4460 2155 4529 relinquerent

2258 4462 2487 4533 ήνεγκεν
2516 4461 2828 4532 σκώληκας,
2856 4462 2952 4515 καὶ
2968 4462 3228 4526 ἐπόζεσεν
3249 4479 3262 4491 ·
3295 4464 3385 4516 καὶ
3410 4462 3602 4533 ὥσπερ
3621 4466 3692 4525 εἰς
3711 4464 3803 4515 ἀτι-

579 4554 635 4607 ἰιι
664 4552 987 4608 crastinum.
1014 4552 1263 4622 Cumque
1291 4554 1522 4607 istorum
1557 4550 1806 4606 nonnulli
1838 4551 1892 4604 in
1918 4550 2152 4604 alterum

2259 4554 2389 4624 μίαν
2443 4552 2539 4607 καὶ
2589 4553 2794 4617 δνειδος
2838 4554 3117 4626 ἐχώρησεν
3157 4556 3269 4619 τοῖς
3298 4556 3728 4626 παρακούσασιν.
3755 4556 3802 4603 'tl

577 4645 883 4701 diluculum
902 4644 1010 4700 sibi
1025 4645 1426 4715 seposuisseut,
1450 4659 1552 4715 pro
1571 4659 1770 4697 manna
1795 4650 2151 4712 reportarunt

2258 4646 2356 4717 τῆς
2403 4647 2711 4717 παρακοῆς,
2744 4645 2837 4699 καὶ
2882 4647 3015 4699 αύτὸ
3072 4646 3132 4699 τὺ
3182 4647 3357 4717 μάννα
3396 4648 3696 4717 σκωλήκων
3732 4646 3803 4697 καὶ

574 4754 814 4803 vermes,
852 4738 999 4808 iique
1032 4738 1086 4791 in
1119 4736 1506 4808 putrilaginem
1534 4744 1664 4790 sunt
1688 4734 1834 4790 versi
1872 4750 1885 4788 :
1919 4734 1973 4789 id
2004 4733 2152 4803 quod

2258 4737 2517 4802 δυσωδίας
2552 4737 2725 4791 αἴτιον
2752 4737 3000 4807 γέγονεν.
3032 4738 3290 4793 Φαίνεται
3342 4740 3452 4810 γὰρ
3502 4739 3609 4809 πρὸ
3644 4736 3802 4791 τούτου

577 4831 632 4885 in
671 4831 1027 4901 ignominiam
1066 4839 1233 4900 atque
1264 4829 1509 4883 dedecus
1543 4829 1777 4882 istorum
1811 4827 1983 4882 cessit
2011 4827 2155 4881 male

2258 4830 2424 4901 μηδὲν
2459 4829 2709 4883 τοιοῦτον
2759 4830 3132 4901 γεγενημένον
3156 4846 3170 4860 ⁸
3197 4831 3285 4883 διὰ
3327 4832 3389 4883 τὸ
3441 4831 3674 4902 μάλιστα
3704 4846 3802 4899 spo-

576 4922 1019 4993 morigerorum:
1062 4922 1295 4992 perinde
1353 4929 1520 4991 atque
1577 4921 1793 4976 diceres
1832 4938 1845 4974 :
1884 4919 2013 4975 Sola
2069 4928 2155 4975 est

2258 4924 2361 4995 φὴν
2391 4922 2642 4993 ἀγγέλων
2683 4924 3156 4995 κεχρηματικέναι
3182 4938 3193 4951 ·
3230 4924 3304 4987 ὣς
3352 4942 3522 4995 φησιν
3550 4928 3579 4979 6
3611 4924 3802 4995 Προφήο

575 5013 950 5068 inobedientia
998 5021 1192 5067 auctor
1220 5027 1435 5066 malum
1469 5014 1524 5066 in
1564 5028 1782 5067 vermes
1814 5011 2143 5083 degeneran-

2258 5031 2353 5085 της
2377 5031 2392 5046 ο
2430 5033 2449 5065 ι
2496 5016 2701 5087 Ἄρτον
2728 5015 2979 5083 ἀγγέλων
3011 5014 3216 5083 ἔφαγεν
3242 5016 3557 5088 ἄνθρωπος.
3595 5035 3613 5066 ι
3654 5016 3747 5068 Καὶ
3766 5013 3803 5064 οἱ

576 5104 667 5166 tis,
700 5112 753 5156 et
785 5103 971 5157 odoris
993 5103 1153 5157 istius
1176 5102 1416 5172 graviter
1444 5102 1707 5172 spirantis
1740 5119 1753 5157 :
1786 5102 1940 5172 prius
1973 5102 2144 5167 enim,

2258 5108 2363 5159 υἱοὶ
2402 5107 2542 5173 Ἠλὶ,
2589 5107 2764 5174 Ὀφνὶ,
2791 5107 2997 5172 Φινεὲς,
3029 5108 3127 5160 οὐκ
3162 5108 3488 5178 εἰσήκουσαν
3519 5107 3619 5176 τῆς
3648 5104 3802 5175 φωνῆς

574 5196 716 5251 nihil
783 5196 914 5249 dum
966 5197 1071 5250 tale
1121 5196 1421 5265 contigisse
1470 5196 1855 5265 conspicitur:
1900 5196 1980 5249 0b
2040 5196 2147 5250 hoc

2258 5198 2347 5251 τοῦ
2374 5197 2580 5270 πατρὸς
2611 5198 2793 5253 αὐτῶν
2818 5215 2832 5228 ’
2870 5200 2964 5251 καὶ
2995 5199 3085 5253 διὰ
3116 5198 3277 5253 τοῦτο
3307 5202 3336 5253 ὁ
3376 5199 3603 5272 Κύριος,
3635 5198 3802 5257 αὐτοὺς

572 5289 721 5342 enim
769 5288 924 5359 juxta
971 5288 1178 5358 regium
1220 5288 1461 5352 Psalten,
1489 5289 1967 5343 nomenelaturam
2015 5303 2147 5358 pro-

2258 5292 2372 5362 μὲν,
2397 5291 2491 5344 καὶ
2521 5292 2647 5355 τοὺς
2679 5291 2829 5353 υἱοὺς
2867 5291 2984 5345 ἸΙλὶ
3018 5293 3075 5344 ἐν
3106 5292 3354 5362 ῥομφαίᾳ
3387 5292 3697 5349 ἀπώλεσεν,
3723 5287 3801 5355 τὴν

573 5380 777 5437 meruit
810 5380 1069 5450 angelicae
1092 5380 1366 5436 alimonia:
1394 5399 1406 5435 :
1456 5399 1474 5431 ι
1522 5382 1723 5435 Panem
1749 5381 1896 5435 enim
1920 5380 2147 5451 angelo-

2258 5385 2299 5437 ῑὲ
2336 5384 2567 5437 κιῆωτὸν
2613 5385 2694 5448 εἰς
2741 5387 2933 5455 χεῖρας
2981 5384 3091 5437 τῶν
3122 5384 3443 5454 ἀλλοφύλων
3485 5384 3798 5455 παρέδωκεν.

572 5490 696 5529 rum
753 5472 1109 5529 manducavit
1160 5473 1322 5527 homo
1354 5474 1420 5528 “.
1464 5493 1482 5526 ι
1545 5474 1669 5528 Filii
1734 5472 1967 5543 proinde
2003 5472 2147 5537 Heli,

2258 5475 2459 5544 Ὠσπερ
2511 5475 2605 5529 καὶ
2654 5476 2738 5544 ἐφ’
2770 5478 2903 5546 ἡμῖν
2937 5475 3031 5529 νῦν
3062 5476 3290 5545 γέγονεν
3312 5494 3325 5506 ’
3359 5476 3447 5530 τὸν
3482 5476 3583 5546 μὲν
3622 5474 3737 5527 λαὸν
3760 5473 3798 5523 οἱ

570 5565 752 5637 Opimi
784 5574 840 5622 et
867 5564 1126 5630 Phiuees,
1153 5563 1300 5634 quod
1334 5565 1510 5633 patris
1546 5565 1632 5620 sui
1663 5580 1853 5619 vocem
1876 5563 2147 5618 exaudire

2258 5563 2507 5618 Χαλδαῖοι
2528 5564 2859 5621 ἀπέκτειναν
2885 5567 2943 5618 ἐν
2975 5566 3241 5637 ῥομφαίᾳ,
3262 5570 3318 5620 ἐν
3352 5568 3497 5638 μέσῳ
3521 5564 3615 5621 καὶ
3640 5562 3800 5634 κύκλῳ

639 5749 689 5832 3:
791 5747 919 5832 (ἔρι’.
951 5763 1072 5832 γιιῇ
1103 5745 1187 5832 Μ..
1282 5744 1325 5777 ⁸9
1354 5744 1525 5832 Eceli.
1564 5760 1695 5832 ιξιιι,
1720 5747 1773 5800 2.
1889 5745 2157 5832 “ni‘hidi‘ﬁ

2294 5746 2338 5778 δι
2373 5746 2510 5832 ibid.
2547 5747 2628 5832 6:”
2660 5748 2743 5832 ﬁ“
2768 5751 2940 5832 _Amos
2971 5765 3025 5810 ν.
3079 5750 3165 5832 l1.
3273 5750 3317 5783 ⁸³
3349 5750 3368 5805 l
3411 5749 3534 5805 Cor.
3564 5761 3636 5811 vt,
3670 5745 3718 5809 'a',
3748 5738 3795 5797 8.

579 5817 626 5850 “
655 5818 789 5877 ibid.
824 5821 879 5876 9.
956 5820 999 5851 ⁸⁸
1028 5817 1219 5873 Matth.
1254 5832 1406 5882 χχιιι,
1432 5818 1487 5872 4.
1562 5816 1609 5849 ὀδ
1636 5816 1773 5870 Gen.
1814 5833 1892 5884 ιιι,
1926 5818 2012 5872 19.
2086 5818 2157 5872 ³⁷1

2258 5837 2287 5875 ι.
2317 5834 2390 5886 ιτ,
2421 5820 2507 5874 10.
2584 5821 2631 5852 ⁸⁸
2660 5820 2801 5876 Psal.
2844 5837 3044 5887 Lxxvu,
3097 5822 3187 5878 9.5.
