4028 6518
289 358 427 425 1553

1138 379 1462 441 HOMle
1501 383 1920 447 XXXVIII.—
1958 388 2056 449 DE
2100 389 2668 454 INOBEDIENTIA.

3412 394 3549 460 1554

291 478 653 552 Ἰερουσαλήμ
675 496 690 513 ·
728 484 822 536 καὶ
850 485 952 537 οὑκ
979 481 1047 556 ἦν
1080 490 1108 543 6
1142 489 1383 546 θάπτων.
1410 493 1513 548 Τὸν
1537 495 1593 551 δὲ
1626 496 1859 567 σταυρὸν

1965 501 2267 566 noluerint,
2312 518 2423 558 una
2469 519 2594 560 cum
2645 504 2773 559 llliis
2838 505 3007 561 lsrael
3073 506 3129 561 in
3210 507 3328 562 acie
3382 512 3551 581 gladii

282 572 340 625 ἐν
390 572 701 642 ’Δσσυρίοις
744 576 1043 647 ἀπῴκισεν.
1088 581 1367 649 Ὡσαύτως
1416 588 1513 641 καὶ
1566 589 1596 640 ὁ
1643 589 1861 653 Σαοὺλ,

283 665 797 737 παραλογισάμενος
824 670 925 741 τὴν
950 673 1168 745 ἐντολήν
1203 675 1297 729 τοῦ
1323 678 1481 745 Θεοῦ,
1519 679 1858 753 ἐματαιώθη.

282 760 375 812 καὶ
403 759 498 827 τῆς
537 760 813 830 βασιλείας
863 765 1143 831 ἐξέπεσεν,
1175 770 1267 822 καὶ
1308 770 1580 825 οἴκτιστον
1632 772 1863 829 θάνατον

282 852 625 921 ἁπενέγκατο
643 871 655 883 ·
684 857 778 909 καὶ
801 857 973 913 πολλά
1005 862 1216 915 πενθῶν
1245 865 1373 934 περὶ
1406 864 1573 919 αὑτοῦ
1596 867 1624 919 6
1645 868 1861 939 προφή-

279 963 380 1017 της
405 947 659 1019 Σαμουὴλ
680 988 693 1009 .
719 953 814 1004 καὶ
847 952 938 1004 τὸν
964 953 1097 1006 Θεὸν
1129 956 1489 1027 παρακαλῶν,
1512 958 1665 1012 οὑδέν
1696 959 1861 1015 αὑτὸν

279 1040 511 1112 ὤνησεν.
534 1041 649 1095 ἀλλ’
684 1042 913 1115 ὕστερον
949 1047 1185 1117 ἥκουσεν
1245 1051 1397 1122 παρὰ
1430 1051 1526 1106 τοῦ
1555 1055 1859 1127 προφήτου’

284 1152 304 1184 ι
344 1134 545 1204 ’Δγαθὴ
583 1136 799 1207 ὑπακοὴ
845 1139 985 1210 ὑπὲρ
1029 1140 1242 1205 θυσίαν,
1278 1144 1373 1197 καὶ
1400 1145 1665 1215 ἀκρόασις
1721 1148 1862 1219 ὑπὲρ

279 1226 448 1298 στέαρ
475 1228 663 1299 κριῶν.
703 1247 722 1282 ι
760 1230 950 1286 Ταῦτα
986 1234 1085 1302 μὲν
1114 1235 1172 1287 ἐν
1207 1238 1273 1306 τῇ
1308 1235 1430 1305 θεία
1456 1237 1671 1308 Γραφῇ.
1707 1238 1862 1292 Ἐπεὶ

277 1318 376 1371 καὶ
409 1320 640 1390 ἀνήκοος
674 1322 946 1393 μαθητὴς,
980 1327 1170 1397 ῶσπερ
1204 1326 1366 1394 ξύλον
1393 1328 1857 1400 διεστραμμένον,

276 1412 371 1464 καὶ
389 1411 451 1464 οὑ
486 1410 560 1482 μὴ
584 1413 819 1486 ὀρθωθῇ,
839 1415 1194 1487 ἐλεγχόμενος
1215 1420 1475 1490 συνεχῶς.
1504 1422 1612 1473 Kal
1635 1424 1663 1475 6
1681 1421 1781 1475 ἀσύ
1792 1440 1859 1492 μ-

274 1522 455 1573 φωνος
475 1506 722 1575 ἀδελφὸς,
753 1508 830 1569 ῶς
854 1511 1143 1580 ἀπηχοῦσα
1172 1509 1315 1585 αὖρα
1339 1514 1565 1584 ἀνέμου,
1588 1519 1656 1588 τῇ
1685 1517 1860 1586 ἀσυμ-

273 1596 455 1667 φωνία
478 1598 712 1669 λυομένη
742 1600 838 1654 τοῦ
870 1604 1057 1656 καινοῦ
1090 1605 1307 1673 μέλους,
1331 1609 1423 1660 καὶ
1452 1606 1642 1679 ῶσπερ
1667 1610 1699 1679 ή
1732 1609 1859 1678 σφί-

272 1706 346 1757 κη
401 1690 528 1753 τοὺς
586 1691 785 1757 πόνους
820 1694 931 1747 τῶν
992 1696 1266 1767 μελισσῶν
1311 1700 1517 1767 ἐσθίει,
1548 1701 1725 1765 οὑτως
1762 1703 1859 1757 καὶ

274 1780 521 1851 ῥᾴθυμος
561 1783 819 1852 ἀδελφὸς,
859 1787 1071 1857 ἀχρειοῖ
1106 1790 1352 1855 συνοδίας
1391 1793 1666 1865 ὲναρέτων
1714 1796 1857 1865 πρά-

1965 593 2381 657 conciderunt,
2455 596 2689 652 Domino
2754 595 3021 662 vindice,
3082 597 3179 667 qui
3239 607 3297 654 et
3360 615 3547 658 arcam

1968 682 2022 736 in
2054 698 2250 739 manus
2286 684 2513 740 tradidit
2546 687 3007 759 alienigenarum.
3043 688 3125 745 Ad
3180 689 3326 749 hanc
3357 708 3549 748 exem-

1964 774 2171 845 plarem
2205 774 2500 832 formulam
2527 778 2729 835 divinae
2758 780 2987 836 ultionis
3022 797 3171 837 nunc
3204 782 3368 838 nobis
3406 799 3549 855 quo-

1961 881 2070 937 que
2093 868 2346 939 contigit.
2373 868 2753 927 Circumcirca
2798 873 3105 930 Jerusalem
3133 915 3148 940 ,
3183 876 3447 947 pupulum
3489 877 3546 933 in

1963 959 2020 1014 in
2053 976 2151 1017 ore
2174 961 2340 1031 gladii
2366 961 2607 1020 Chaldaei
2635 964 2981 1031 ceciderunt,
3017 982 3122 1023 nec
3153 976 3239 1022 est
3268 969 3363 1039 qui
3389 985 3549 1041 sepe-

1960 1052 2061 1107 liat
2090 1051 2172 1120 ";
2205 1068 2431 1111 crucem
2462 1072 2594 1111 vero
2624 1055 2749 1129 Syri
2778 1059 2931 1115 velut
2962 1059 3017 1122 in
3051 1060 3329 1117 coloniam
3354 1077 3544 1118 secum

1961 1154 2344 1214 exportarunt.
2377 1145 2735 1203 Consimilem
2765 1150 2819 1203 in
2847 1150 3070 1205 modum
3106 1151 3235 1212 Saul
3267 1153 3362 1208 Dei
3393 1169 3549 1211 man-

1962 1236 2152 1293 datum
2227 1239 2516 1295 venatoria
2565 1249 2735 1312 atque
2790 1243 3025 1298 subdola
3083 1245 3545 1315 interpretatione

1960 1330 2214 1395 eludens,
2278 1341 2461 1388 mente
2488 1340 2639 1388 mota
2668 1334 2928 1390 vesanire
2955 1335 3124 1405 coepit
3150 1347 3313 1406 atque
3337 1338 3547 1394 excidit

1959 1436 2154 1490 regno,
2188 1435 2253 1475 ac
2305 1421 2529 1478 demum
2580 1423 2885 1479 miserabili
2932 1425 3178 1481 concidit
3236 1438 3415 1484 morte
3444 1430 3539 1485 '°:

1965 1506 2184 1576 1089
2219 1509 2435 1565 tametsi
2463 1510 2613 1566 hunc
2644 1512 2917 1582 propheta
2945 1513 3167 1570 Samuel
3196 1518 3370 1573 multo
3400 1528 3542 1575 tem-

1958 1613 2095 1667 pore
2129 1600 2363 1672 lugeret,
2398 1619 2611 1673 proque
2666 1604 2845 1660 salute
2878 1606 3000 1676 ejus
3027 1609 3453 1665 venerabundus
3479 1626 3544 1667 ac

1958 1691 2189 1760 supplex
2242 1704 2584 1761 precaretur,
2617 1694 2757 1749 adeo
2814 1695 2953 1750 nihil
3001 1696 3169 1766 juvit,
3200 1706 3261 1752 ut
3302 1699 3545 1755 audierit

1962 1782 2183 1837 tandem
2225 1784 2361 1839 illud
2410 1801 2544 1841 voce
2592 1786 2957 1857 prophetica:
2990 1806 3009 1840 ι
3045 1788 3238 1844 Melior
3276 1800 3363 1845 est
3410 1790 3545 1846 obc-

270 1873 434 1937 ξεων.
472 1877 581 1929 Kal.
612 1878 803 1951 ῶσπερ
833 1881 1008 1945 δειλὸς
1029 1884 1370 1956 στρατιώτης
1402 1887 1504 1951 τὰς
1529 1890 1721 1959 χεῖρας
1745 1888 1855 1943 τῶν

1959 1870 2168 1928 dientia
2220 1890 2384 1943 quam
2438 1875 2686 1941 victima,
2715 1884 2773 1931 et
2826 1877 3161 1933 auscultatio
3219 1894 3332 1949 prae
3380 1878 3543 1948 adipe

269 1968 618 2038 πολεμιστῶν
672 1974 891 2038 ἐκλύει,
924 1977 1097 2043 οὑτως
1127 1981 1222 2034 καὶ
1249 1983 1485 2052 μοναχὸς
1509 1984 1722 2056 ἀμελὴς
1756 1986 1855 2057 τὴν

266 2064 382 2117 τῶν
438 2065 683 2134 ἀδελφῶν
732 2069 1047 2140 προθυμίαν
1104 2075 1316 2143 χαυνοῖ.
1367 2074 1706 2147 Φοδηθῶμεν
1735 2072 1852 2141 οὖν,

267 2156 516 2223 ἀδελφοὶ,
578 2159 646 2212 τά
692 2161 931 2216 τοσαῦτα
977 2165 1422 2235 παραδείγματα,
1453 2168 1549 2220 καὶ
1587 2168 1853 2241 φύγωμεν

267 2246 364 2299 τὸν
390 2246 611 2319 ὄλεθρον
638 2250 739 2319 τῆς
778 2251 1097 2321 παρακοῆς,
1125 2253 1211 2306 ἵνα
1245 2254 1321 2325 μὴ
1362 2256 1461 2309 σὺν
1490 2257 1607 2320 τοῖς
1649 2258 1854 2330 προλα·

268 2337 463 2393 δοῦσιν
491 2341 937 2412 κατακριθῶμεν.
968 2345 1127 2398 Ποῖον
1150 2346 1258 2414 γὰρ
1281 2346 1478 2416 ὄφελος
1500 2347 1654 2404 ἔσται
1682 2351 1760 2421 τῷ
1792 2352 1854 2406 τὸ

268 2431 433 2499 σῶμα
466 2433 736 2504 παρθένον
768 2437 1092 2507 τηρήσαντι,
1127 2438 1229 2510 τὴν
1274 2439 1331 2493 δὲ
1365 2440 1547 2511 ψυχὴν
1591 2442 1700 2496 ὑπὸ
1751 2445 1853 2516 τῆς

265 2526 560 2597 παρακοῆς
594 2530 1014 2601 μεμοιχευμένῳ
1052 2530 1341 2603 δαίμονος;
1385 2536 1457 2588 Ἢ
1499 2535 1617 2600 πῶς
1648 2554 1851 2606 στεφα-

265 2614 578 2687 νωθήσεται
602 2620 630 2671 6
653 2619 1099 2692 γαστριμαργίας
1131 2621 1231 2691 μὲν
1256 2664 1272 2689 ,
1306 2623 1403 2675 καὶ
1440 2622 1621 2694 πάσης
1656 2625 1852 2680 ἐπιθυ-

267 2708 404 2779 μίας
425 2712 728 2780 κρατήσας,
760 2711 990 2784 οίήσεως
1023 2714 1079 2767 δὲ
1108 2714 1201 2767 καὶ
1228 2714 1533 2784 φιλοδοξίας
1558 2715 1632 2788 μὴ
1658 2718 1854 2788 ἐπιμε-

263 2800 615 2872 λησάμενοςς
654 2803 818 2871 Λέγει
861 2803 919 2858 δὲ
971 2806 1066 2858 καὶ
1120 2807 1149 2859 6
1198 2808 1645 2880 Παροιμιαστής·
1682 2827 1700 2859 ι
1726 2809 1854 2874 Υἱὸς

264 2892 604 2963 πανοῦργος,
664 2893 904 2961 ὑπήκοος
954 2894 1159 2965 πατρί·
1206 2896 1323 2959 υίὸς
1372 2896 1429 2949 δὲ
1491 2897 1745 2967 ἀνήκοος,
1792 2899 1851 2950 ἐν

262 2984 519 3054 ἀπωλείᾳ
570 2984 745 3039 ἔσται.
788 3004 806 3038 ι
844 2986 953 3039 Kal.
1006 2981 1181 3050 αὖθις·
1226 3004 1246 3038 ι
1326 2987 1545 3059 Ἐπειδὴ
1596 2989 1849 3056 ἐκάλουν,

264 3079 370 3130 xal.
392 3078 491 3148 οὑχ
519 3077 894 3149 ὑπηκούσατε,
917 3078 1057 3133 ἀλλά
1087 3079 1327 3151 ἀκύρους
1357 3081 1654 3152 ἐποιήσατε
1683 3081 1854 3152 ἐμοὺς

262 3171 482 3239 λόγους,
532 3170 823 3242 τοιγαροῦν
857 3170 1013 3241 κάγὼ
1062 3175 1127 3243 τῇ
1178 3173 1419 3245 ὑμετέρᾳ
1452 3174 1700 3247 ἀπωλείᾳ
1732 3177 1853 3231 ἐπι·
1883 3204 1926 3263 c

263 3261 596 3328 γελάσομαι.
623 3262 815 3314 Ἔσται
858 3261 968 3333 γὰρ
1016 3262 1145 3317 ὅταν
1175 3264 1575 3336 ἐπικαλέσησθέ
1608 3283 1677 3333 με
1697 3306 1712 3330 ,
1743 3265 1854 3335 ἐγὼ

260 3354 327 3407 δέ
352 3355 455 3408 οὑκ
488 3354 882 3423 είσακούσομαι
908 3370 922 3383 ⁸
956 3353 1252 3426 ζητήσουσι
1296 3357 1403 3428 γάρ
1438 3375 1507 3425 με
1548 3360 1729 3423 κακοὶ,
1763 3359 1857 3413 xal.

262 3447 371 3515 οὑχ
409 3446 753 3516 εὑρήσουσιν,
789 3446 872 3499 ὅτι
910 3445 1002 3499 τὸν
1038 3447 1202 3516 φόὸον
1236 3448 1443 3519 Κυρίου
1481 3448 1541 3502 οὑ
1574 3451 1855 3520 προείλον-

262 3554 353 3591 το.
385 3537 688 3608 Τοιγαροῦν
743 3538 954 3591 ἔδονται
1007 3538 1102 3591 καὶ
1163 3540 1264 3609 τῆς
1322 3538 1533 3592 ἑαυτῶν
1568 3540 1691 3595 ὁδοῦ
1720 3542 1851 3607 τοὺς

262 3631 539 3702 καρπούς.
581 3651 599 3682 ι
637 3631 745 3685 Kal.
784 3632 968 3685 πάλινο
1011 3652 1027 3682 ι
1068 3631 1159 3703 Μὴ
1204 3632 1483 3705 ἀσεϐήσῃς
1513 3634 1686 3689 πολλὰ
1709 3674 1725 3701 ,
1758 3636 1856 3690 καὶ

267 3722 352 3792 μὴ
397 3720 547 3791 γίνου
596 3723 852 3794 σκληρὸς,
896 3724 981 3775 ἵνα
1030 3722 1105 3794 μὴ
1159 3722 1439 3795 ἀποθάνῃς
1490 3725 1549 3778 ἐν
1580 3726 1642 3779 οὑ
1674 3725 1854 3798 καιρῷ

269 3830 393 3869 σου.
422 3833 440 3863 ι
476 3815 585 3867 Kal.
608 3815 793 3868 πάλιν·
820 3833 837 3866 ι
865 3814 926 3869 Ὀ
954 3815 1221 3868 ἐκκλίνων
1244 3815 1305 3869 τὸ
1325 3812 1420 3879 οὖς
1445 3815 1635 3881 αὑτοῦ,
1652 3816 1748 3870 τοῦ
1777 3817 1854 3889 μὴ

264 3906 590 3961 εἰσακοῦσαι
630 3908 820 3979 νόμου,
851 3910 945 3962 καὶ
987 3907 1150 3971 αὑτὸς
1205 3908 1306 3976 τὴν
1354 3909 1664 3980 προσευχὴν
1686 3909 1853 3964 αὑτοῦ

263 3999 611 4054 ἐδδέλυκται.
654 4001 764 4054 Ka‘t
802 3999 982 4065 ἀλλοςο
1021 4020 1039 4053 ι
1090 4000 1148 4055 '0
1178 4001 1582 4071 ἀπολτιπόμενος
1620 4002 1857 4071 φυλάξαι

262 4093 526 4147 παιδείαν
570 4094 796 4162 πατρὸς,
829 4092 1117 4175 μελετήσει
1172 4092 1363 4163 ῥήσεις
1424 4093 1622 4158 κακάς.
1670 4111 1689 4144 ι
1742 4093 1857 4147 Kal.

265 4187 455 4239 πάλιν·
490 4204 508 4237 ι
561 4186 621 4239 '0
654 4188 893 4258 σπείρων
943 4186 1158 4255 φαῦλα,
1195 4186 1404 4257 θερίσει
1446 4186 1615 4241 κακά.
1661 4186 1855 4241 Ἀπαι-

263 4278 445 4349 δεύτῳ
464 4278 573 4349 γὰρ
598 4280 831 4349 συναντᾷ
866 4278 1115 4342 θάνατος.
1153 4297 1171 4331 ι
1208 4280 1370 4347 Λέγει
1397 4278 1454 4333 δὲ
1487 4278 1583 4333 καὶ
1612 4281 1641 4333 6
1686 4278 1855 4349 Ἱερε-

272 4371 425 4440 μίας·
465 4389 483 4421 ι
532 4370 940 4441 Ἐπιστράφητε
979 4370 1113 4442 πρός
1146 4389 1236 4442 με,
1270 4372 1423 4440 λέγει
1460 4372 1665 4442 Κύριος
1698 4389 1712 4404 ·
1758 4372 1856 4427 καὶ

268 4464 374 4515 οὑκ
407 4458 476 4533 ἦν
523 4464 552 4517 6
593 4463 914 4518 είσακούων.
957 4483 975 4516 ι
1014 4466 1124 4518 Καὶ
1155 4468 1182 4518 6
1222 4464 1546 4529 Ἀπόστολος
1575 4481 1590 4495 ⁸
1626 4485 1645 4518 ι
1687 4466 1747 4520 El
1795 4466 1854 4520 δέ

1959 1963 2199 2020 arietum
2234 1966 2300 2020 ".
2341 1985 2360 2018 ι
2392 1966 2518 2023 Haec
2549 1984 2681 2023 sane
2714 1968 2902 2024 divina
2944 1971 3193 2027 continet
3230 1972 3538 2042 Scriptura.

1957 2056 2271 2126 Discipulus
2304 2058 2538 2129 proinde
2585 2061 2725 2116 male
2764 2061 2999 2117 audiens
3036 2062 3187 2118 dicto
3214 2064 3541 2134 superioris.

1957 2148 2190 2218 perinde
2241 2165 2307 2206 ac
2339 2151 2546 2222 lignum
2574 2152 2861 2207 obtortum
2896 2162 2953 2209 et
2993 2154 3219 2225 oblique
3265 2156 3542 2212 interver-

1956 2256 2079 2297 sum
2106 2259 2121 2309 ;
2161 2245 2374 2300 tametsi
2418 2246 2773 2311 continenter
2792 2256 3080 2318 arguatur,
3109 2262 3178 2302 ne
3208 2248 3289 2303 sic
3314 2248 3540 2319 quidem

1957 2350 2200 2404 unquam
2232 2351 2292 2391 se
2327 2337 2394 2392 ad
2425 2338 2817 2395 rectitudinem
2848 2340 3101 2411 recipiet.
3128 2340 3322 2397 Frater
3349 2358 3543 2399 amans

1955 2426 2251 2483 discordia:
2278 2435 2334 2483 et
2368 2429 2502 2493 litis,
2538 2440 2598 2485 ut
2627 2430 2768 2485 lenis
2812 2437 3015 2486 ventus
3050 2432 3147 2487 sed
3177 2432 3451 2489 stridulus
3477 2450 3542 2490 ac

1954 2520 2253 2587 dissonus,
2297 2537 2400 2577 suo
2458 2523 2553 2579 illo
2603 2525 2845 2581 discordi
2910 2526 3152 2581 stridore
3207 2528 3541 2584 concordem

1954 2611 2189 2666 aliorum
2223 2612 2279 2667 in
2313 2628 2607 2671 commune
2647 2615 2803 2671 vitiat
2831 2631 2897 2677 ac
2950 2616 3134 2687 perdit
3175 2627 3541 2686 concentum;

1956 2709 2127 2771 utque
2175 2701 2336 2758 fucus
2367 2704 2588 2761 labores
2626 2705 2695 2760 ad
2745 2706 3076 2762 industriam
3136 2718 3541 2778 argumentosa:

1955 2794 2076 2864 apis
2103 2795 2289 2851 exedit
2342 2812 2406 2852 ac
2458 2798 2801 2869 depascitur,
2835 2801 2911 2856 ita
2940 2810 2996 2857 et
3028 2800 3199 2855 frater
3236 2801 3391 2871 segni
3426 2801 3541 2858 otio

1954 2887 2293 2955 lentescens,
2322 2888 2493 2947 totius
2518 2893 2965 2963 congregationis
2991 2899 3370 2966 operationem
3396 2899 3540 2953 alio-

1956 2979 2050 3049 qui
2084 2979 2361 3045 ellicacem
2397 2981 2594 3037 reddet
2624 2982 2899 3040 inutilem.
2933 2986 3003 3042 Ut
3029 2987 3188 3043 miles
3216 2989 3443 3059 ignavus
3478 3005 3543 3046 ac

1958 3072 2247 3128 timidulus
2310 3088 2508 3129 manus
2575 3075 3016 3132 commilitonum
3072 3078 3327 3136 dissolvit
3376 3091 3542 3152 atque

1959 3174 2211 3228 enervat,
2251 3164 2326 3221 ita
2390 3167 2696 3223 monachus
2754 3184 2986 3225 securus
3045 3185 3193 3227 curae
3254 3172 3435 3233 omnis
3485 3182 3542 3229 et

1960 3261 2129 3326 iners,
2176 3260 2412 3316 fratrum
2460 3263 2802 3319 alacritatem
2843 3264 3074 3320 emollit.
3107 3267 3212 3322 Tot
3260 3283 3325 3323 ac
3376 3268 3543 3325 tantis

1957 3351 2164 3406 eruditi
2204 3353 2471 3422 exemplis
2501 3354 2818 3420 timeamus,
2843 3355 3181 3424 charissimi,
3216 3375 3279 3415 ac
3304 3359 3553 3416 vitemus.

1961 3443 2125 3499 istius
2180 3445 2573 3501 inobedientiaa
2629 3448 2953 3517 perniciem,
2982 3467 3052 3505 ne
3112 3468 3237 3507 cum
3288 3454 3408 3509 istis
3444 3454 3555 3524 qui;

1956 3543 2173 3589 atatem
2222 3544 2469 3592 nostram
2519 3545 2970 3604 anteverterunt,
3015 3539 3362 3597 damnemur.
3398 3544 3557 3611 Quid.

1958 3627 2109 3682 enim
2154 3628 2221 3683 ad
2278 3636 2328 3683 te
2390 3629 2601 3685 resiliet
2654 3631 3054 3698 emolumenti,
3087 3634 3132 3688 si
3166 3634 3540 3705 virginitatem

1960 3719 2318 3776 indelibatam
2363 3721 2588 3791 quidem
2637 3725 2989 3779 conservasti.
3016 3726 3285 3795 corporis,
3322 3733 3378 3781 at
3415 3727 3539 3781 ani-

1959 3831 2105 3871 mam
2151 3815 2386 3873 daenmni
2428 3832 2526 3887 per
2558 3817 2995 3874 inobedientiam
3029 3818 3401 3889 prostituisti?
3430 3820 3544 3875 Aut

1958 3924 2068 3978 qua
2101 3907 2279 3963 fronte
2306 3924 2498 3978 speres
2529 3918 2581 3965 te
2608 3908 2872 3963 donatum
2910 3910 2978 3964 iri
3007 3926 3231 3974 corona,
3262 3912 3354 3981 qui
3404 3928 3540 3967 ven-

1962 3997 2061 4052 tris
2086 3997 2385 4069 ingluviem
2410 4006 2466 4053 et
2490 3998 2754 4068 reliquam
2786 4016 3007 4056 omnem
3036 4002 3540 4071 concupiscentiam

1963 4090 2347 4160 temperantiae
2381 4089 2538 4145 freno
2571 4091 2964 4160 suppressisti;
3000 4093 3092 4146 uni
3122 4102 3308 4147 autem
3338 4110 3536 4164 snper-

1962 4183 2068 4239 bia:
2097 4192 2154 4238 et
2205 4181 2497 4238 ambitioni
2555 4198 2621 4237 ex
2672 4182 2861 4237 animo
2914 4182 3277 4240 deturbanda:
3332 4187 3538 4240 nullam

1962 4275 2279 4346 impcndisti
2326 4274 2714 4346 diligentiam?
2744 4275 2889 4331 Dicit
2918 4277 3346 4334 Parmmiastes:
3384 4297 3403 4331 ι
3447 4279 3538 4334 Fi-

1960 4371 2069 4426 lius
2093 4371 2266 4427 solers
2293 4371 2482 4426 obedit
2508 4372 2649 4441 patri
2684 4387 2805 4435 suo,
2825 4371 2970 4426 [ilius
2998 4379 3182 4427 autem
3214 4373 3541 4429 inobediens
3653 4414 3661 4422 .

1964 4462 2021 4517 in
2073 4461 2384 4532 perditione
2417 4462 2609 4517 erit".
2648 4482 2666 4514 ι
2708 4463 2922 4519 Rursus
2954 4479 2967 4516 :
3008 4483 3027 4514 ε
3068 4463 3205 4530 Quia
3235 4464 3450 4530 vocavi,
3482 4474 3541 4519 et

266 4569 357 4615 τις
383 4554 481 4623 οὑχ
527 4552 793 4607 ὑπακούει
818 4554 995 4624 ήμῶν,
1019 4552 1109 4607 διὰ
1151 4554 1253 4625 τῆς
1304 4553 1597 4625 ἐπιπολῆς
1658 4559 1850 4613 τοῦτον

1959 4570 2067 4610 non
2122 4554 2466 4618 obedivistis,
2496 4554 2592 4611 sed
2640 4554 2794 4610 irrita
2846 4554 3057 4611 fecistis
3102 4555 3332 4611 consilia
3374 4572 3494 4611 mea
3522 4596 3539 4619 ,

272 4644 609 4715 σημειοῦσθε
636 4685 649 4710 ,
676 4646 770 4699 καὶ
807 4647 883 4717 μὴ
932 4663 997 4698 συ
1011 4645 1409 4716 ναναμίγνυσθε
1454 4645 1625 4716 αὑτῷ,
1655 4645 1744 4699 ἵνα
1780 4644 1857 4716 μὴ

269 4740 604 4809 ἐντραπῆτε.
653 4758 670 4789 ι
706 4739 817 4792 Kal.
865 4738 1005 4811 πρὸς
1035 4738 1192 4791 Τῖτόν
1232 4755 1400 4810 φησιν
1435 4756 1449 4770 ⁸
1486 4757 1504 4791 ι
1547 4738 1701 4794 Εἰσὶν
1748 4738 1858 4808 γὰρ

270 4831 463 4884 πολλοὶ
496 4832 885 4899 ἀνυπότακτοι,
937 4832 1309 4903 ματαιολόγοι.
1352 4834 1445 4885 καὶ
1483 4831 1854 4902 φρεναπάται,

268 4924 365 4988 οὒς
394 4925 477 4978 δεῖ
514 4925 909 4995 ἐπιστομίζειν.
954 4945 973 4979 ι
1008 4926 1118 4980 Kal.
1154 4926 1291 4997 πρὸς
1331 4926 1619 4998 Ἐϐραίους
1649 4941 1663 4956 ο
1696 4943 1715 4977 ι
1746 4926 1855 4979 Πε-

272 5019 606 5091 ρισσοτέρως
647 5020 705 5073 δὲ
735 5019 818 5073 δεῖ
840 5022 1129 5092 προσέχειν
1166 5021 1315 5091 ἡμᾶς
1365 5021 1439 5091 μή
1483 5036 1615 5073 ποτε
1664 5036 1854 5090 παρα-

273 5112 513 5181 ρυῶμεν,
542 5131 559 5163 ι
596 5112 954 5183 Ἀποστῶμεν
971 5111 1086 5182 οὖν,
1107 5115 1409 5182 ἀγαπητοὶ,
1439 5114 1549 5166 ἀπὸ
1568 5113 1668 5183 τῆς
1685 5113 1853 5166 θανα-

269 5205 512 5274 τηφόρου
560 5204 766 5276 ταύτης
816 5206 1124 5277 παρακοῆς,
1151 5206 1247 5259 καὶ
1281 5206 1514 5277 ὑπήκοοι
1558 5204 1853 5276 γενώμεθα

274 5300 333 5349 ἐν
371 5295 599 5363 ἅπασιν,
623 5300 737 5360 τοῖς
766 5301 1161 5368 πνευματικοῖς
1218 5298 1501 5369 Πατράσιν
1556 5298 1738 5369 ήμῶν,
1767 5299 1855 5352 ἵνα

273 5388 600 5459 ἀκούσωμεν
649 5390 801 5459 παρά
842 5391 936 5444 τοῦ
984 5392 1213 5463 Kupiou'
1250 5412 1267 5443 ι
1321 5391 1380 5444 Ὀ
1409 5391 1627 5445 ἀκούων
1659 5391 1855 5459 ὑμῶν,

275 5481 412 5548 ἐμοῦ
464 5480 677 5544 ἀκούει,
714 5482 807 5534 καὶ
834 5483 863 5534 6
888 5480 1182 5552 δεχόμενος
1211 5482 1378 5551 ὑμᾶς,
1410 5481 1512 5551 ἐμὲ
1537 5480 1751 5551 δέχεται
1781 5497 1796 5511 ο
1824 5480 1854 5533 6

274 5574 330 5625 δὲ
365 5572 464 5644 ἐμὲ
512 5572 836 5643 δεχόμενος,
874 5574 1086 5645 δέχεται
1127 5574 1219 5627 τὸν
1252 5573 1652 5629 ἀποστείλαντά
1697 5589 1784 5644 με.
1829 5592 1848 5627 ι

278 5662 435 5728 Αὐτῷ
466 5665 498 5733 ή
525 5662 656 5728 δόξα
680 5665 758 5730 είς
792 5665 916 5727 τοὺς
940 5664 1161 5728 αἰῶνας.
1218 5665 1410 5735 Ἀμήν.

352 5778 395 5807 ⁸⁸
428 5776 590 5849 LRes

281 5859 384 5912 νυ,
428 5847 509 5902 18.
567 5847 633 5880 "'
659 5849 818 5904 Prov.
854 5866 1042 5915 nun,
1086 5847 1136 5905 9.
1219 5851 1261 5881 "
1292 5847 1452 5906 Prov.
1486 5868 1572 5906 xv.

600 5796 721 5851 ιδ’,
749 5779 799 5833 ὅ.
879 5779 969 5832 ⁵⁰Ι
1006 5780 1137 5850 Reg.
1174 5797 1237 5833 xv
1280 5796 1431 5851 seqq.
1513 5780 1553 5811 δ’
1588 5780 1604 5832 l
1646 5782 1775 5851 Reg.
1808 5798 1891 5842 xv,
1916 5780 2006 5836 22.

1628 5852 1656 5903 i.
1763 5853 1804 5884 ⁸⁷
1835 5852 1998 5907 Prov.
2038 5868 2146 5907 nn
2172 5893 2185 5919 ,
2221 5853 2271 5907 8.

1960 4647 2127 4719 igitur
2181 4655 2239 4702 et
2276 4656 2472 4703 vestra:
2523 4647 2823 4718 perditioni
2880 4647 3156 4703 insultabo
3189 4663 3204 4701 :
3243 4647 3352 4701 erit
3390 4648 3541 4701 enim

1957 4738 2178 4809 quando
2204 4738 2535 4794 invocabitis
2559 4755 2667 4803 me,
2703 4755 2805 4809 ego
2834 4746 3017 4794 autem
3062 4754 3171 4793 non
3205 4738 3494 4793 exaudiam
3522 4755 3537 4792 :

1957 4840 2206 4901 qumrent
2267 4847 2355 4886 me
2419 4831 2571 4895 mali,
2604 4846 2707 4885 nec
2753 4830 3058 4895 invenient,
3094 4830 3223 4901 quia
3285 4830 3539 4885 timorem

1955 4922 2174 4978 Domini
2235 4924 2577 4979 noluerunt:
2612 4922 2903 4978 comedent
2953 4921 3123 4993 igitur
3176 4920 3391 4976 fructus
3437 4921 3542 4976 viae

1957 5035 2072 5075 sua:
2096 5021 2159 5071 ⁵³.
2202 5039 2219 5069 ι
2248 5019 2452 5073 lterum
2484 5036 2496 5073 ;
2538 5037 2556 5070 ι
2590 5019 2671 5073 Ne
2703 5016 2869 5088 impie
2895 5017 3076 5087 egeris
3106 5017 3362 5082 multum,
3390 5025 3446 5069 et
3470 5030 3540 5069 ne

1958 5112 2036 5167 sis
2058 5111 2233 5166 durus
2262 5128 2274 5165 :
2315 5118 2375 5165 ut
2406 5126 2474 5166 ne
2502 5110 2758 5164 moriaris
2786 5110 2839 5164 in
2880 5118 3129 5179 tempore
3161 5124 3268 5164 non
3305 5118 3398 5163 tuo
3429 5108 3531 5163 “.i

1956 5206 2197 5260 Rursum
2228 5222 2241 5258 :
2274 5223 2291 5255 ι
2329 5203 2432 5270 Qui
2463 5202 2705 5257 declinat
2752 5218 2941 5256 aurem
2995 5218 3063 5257 ne
3116 5202 3306 5257 audiat
3339 5202 3537 5271 legem,

1956 5298 2074 5368 ipse
2128 5312 2350 5367 quoque
2425 5296 2480 5351 in
2550 5296 2805 5350 oratione
2879 5311 2977 5349 sua
3029 5296 3387 5351 exsecrabilis
3413 5297 3480 5350 ⁸⁸.
3515 5314 3534 5347 ι

1962 5390 2164 5445 Alius:
2213 5408 2231 5441 ι
2278 5388 2384 5455 Qui
2434 5388 2616 5443 renuit
2648 5387 2928 5443 custodire
2972 5387 3320 5458 disciplinam
3369 5386 3542 5457 patris

1962 5481 2072 5545 sui,
2099 5481 2434 5552 excogitabit
2457 5481 2768 5536 locutiones
2798 5480 2969 5535 malas
2999 5480 3065 5533 ⁵⁸.
3102 5498 3119 5530 ι
3150 5480 3251 5535 Et:
3292 5499 3309 5531 ι
3358 5478 3539 5534 Semi-

1963 5592 2104 5632 nans
2132 5592 2415 5646 perversa,
2444 5584 2613 5632 metet
2640 5577 2782 5632 mala
2812 5595 2823 5629 :
2860 5575 3140 5633 inerudito
3164 5575 3311 5629 enim
3342 5589 3541 5628 occur-

1963 5668 2037 5722 rit
2086 5684 2238 5724 mors
2262 5669 2327 5722 ".
2353 5687 2371 5721 ι
2426 5668 2739 5724 Jcremias:
2780 5686 2798 5719 ι
2840 5665 3243 5722 Convertimini
3301 5665 3367 5719 ad
3429 5678 3538 5730 me,

2119 5783 2165 5814 ⁸¹
2199 5782 2360 5837 Prov.
2400 5798 2448 5845 χ,
2490 5783 2534 5835 l.
2613 5781 2656 5812 ⁸³
2688 5780 2849 5835 Prov.
2888 5794 2925 5844 ι,
2976 5777 3047 5834 24
3077 5776 3165 5831 51.
3276 5778 3320 5810 5"
3356 5776 3535 5835 Eccle.
