4028 6526
279 367 414 441 1557

1317 388 1645 452 HOMILIA
1688 391 1809 453 XL.
1850 417 1922 431 -
1958 393 2058 455 DE
2096 394 2512 460 CALUMNIA.

3398 402 3532 468 1558

275 509 293 542 ι
332 491 395 543 (It
449 489 648 552 δοῦλοι.
705 492 1010 548 ὑπακούετε
1043 496 1156 559 τοῖς
1205 499 1348 553 κατὰ
1405 500 1585 571 σάρκα
1630 501 1840 573 κυρίοις

1954 503 2199 559 liduciam
2227 504 2440 562 habens
2462 506 2517 562 in
2544 507 2795 575 Domino,
2831 514 2888 565 et
2918 507 3126 566 cibabit
3155 518 3207 564 te
3233 509 3396 567 bonis
3426 522 3534 567 ter-

271 581 446 650 ὑμῶν,
475 584 548 654 μὴ
579 587 696 638 κατ’
712 585 1227 657 όφθαλμοδουλείας,
1254 590 1330 654 ὡς
1357 592 1838 664 ἀνθριοιπάρεσκοι,

269 674 384 728 ἀλλ’
410 678 467 728 ἐν
487 676 637 746 φύσῃ
661 677 819 732 Θεοῦ.
841 699 858 730 ι
885 681 991 733 Kal
1008 681 1266 754 ἀλλαχοῦο
1292 701 1310 734 ι
1331 683 1431 736 Διὰ
1446 684 1605 738 τοῦτο
1623 684 1842 756 ἔγραψα

269 767 399 838 ὑμῖν
433 768 518 821 ἵνα
557 769 670 838 γνῶ
701 769 800 842 τὴν
833 771 1064 845 δοκιμὴν
1105 774 1280 844 ὑμῶν,
1317 777 1363 830 εἰ
1403 777 1484 839 είς
1517 778 1697 832 πάντα
1735 777 1842 832 ὕπ-

271 862 426 930 ἡκοοί
458 864 606 919 ἐστε.
630 881 648 915 ι
695 863 715 936 ι
747 865 876 920 Καίο
907 886 925 918 ι
955 867 1022 921 Εἰ
1061 885 1147 933 τις
1174 869 1274 940 οὐχ
1333 869 1599 924 ὑπακούει
1663 868 1842 942 ὑμῶν,

267 956 357 1008 τὸν
426 955 670 1010 τοιοῦτον
757 957 845 1012 διὰ
945 961 1045 1031 τῆς
1101 961 1396 1033 ἐπιστολῆς
1466 963 1794 1033 σημειοῦσθε
1824 1005 1840 1027 ,

267 1050 361 1102 καὶ
418 1050 492 1122 μὴ
544 1053 1017 1122 συναναμίγνυσθε
1060 1054 1234 1127 αὐτῷ.
1269 1055 1316 1129 ι]
1349 1057 1458 1111 Kal
1488 1054 1665 1120 αὖθιςο
1707 1075 1726 1106 ι
1777 1056 1842 1111 Ἦ

267 1140 374 1211 γάρ
401 1139 556 1210 ὑμῶν
590 1142 805 1216 ὑπακοὴ
848 1145 930 1210 είς
976 1144 1188 1209 πάντας
1231 1146 1481 1216 ἀφίκετο.
1520 1166 1540 1198 ι
1579 1147 1688 1201 Kal
1713 1149 1843 1218 περὶ

265 1234 359 1286 τοῦ
389 1235 594 1306 Κυρίου
617 1249 630 1264 ’
675 1255 692 1288 ι
731 1237 949 1310 Καίπερ
975 1239 1052 1294 ὢν
1077 1240 1205 1306 Υἱὸς
1225 1239 1432 1313 ἔμαθεν
1455 1240 1549 1310 ἀφ’
1571 1235 1648 1296 ὧν
1671 1240 1843 1295 ἔπαθε

263 1326 365 1397 τὴν
421 1327 692 1400 ὑπακοὴν,
735 1331 832 1384 καὶ
881 1332 1195 1399 τελειωθεὶς
1247 1335 1468 1405 ἐγένετο
1527 1337 1666 1390 πᾶσι
1724 1339 1841 1401 τοῖς

265 1419 636 1476 ὑπακούουσιν
672 1423 826 1495 αὖτῷ
858 1427 1032 1492 σίτιος
1063 1428 1342 1499 σωτηρίας
1382 1429 1624 1484 αίωνίου.
1671 1449 1689 1482 ι
1730 1431 1843 1484 Kal

262 1513 294 1563 ὁ
327 1512 549 1583 Κύριος·
589 1533 608 1567 ι
653 1516 1052 1588 Καταϐἐσηκα,
1088 1522 1277 1590 φησὶν,
1328 1522 1394 1574 ὲκ
1434 1521 1529 1575 τοῦ
1584 1523 1840 1594 οὐρανοῦ,

262 1604 362 1674 οὐχ
395 1605 481 1660 ἵνα
510 1606 651 1662 ποιῶ
667 1608 729 1662 τὸ
758 1609 972 1681 θέλημα
995 1612 1059 1665 τὺ
1079 1611 1234 1682 ὲμδν,
1255 1613 1391 1667 ἀλλὰ
1415 1615 1476 1667 τὺ
1504 1614 1716 1686 θέλημα
1745 1615 1840 1670 τοῦ

262 1696 582 1768 πέμψαντός
619 1719 686 1772 με
732 1703 967 1775 Πατρός.
997 1703 1134 1776 [Kal
1167 1706 1354 1760 πάλινο
1392 1726 1410 1759 ‹
1451 1705 1510 1762 ’0
1554 1707 1842 1778 δεχόμενος

262 1787 434 1859 ὑμᾶς,
461 1791 560 1862 ἐμὲ
593 1793 828 1864 δέχεται.
869 1814 888 1848 ι
918 1797 1029 1850 Kal
1051 1793 1230 1862 αὖθις·
1273 1818 1293 1851 ‹
1335 1799 1395 1852 '0
1421 1798 1636 1854 ἀκούων
1674 1801 1839 1872 ὑμᾶς,

1947 609 2021 649 rm
2042 593 2108 648 “.
2149 613 2168 646 ι
2205 593 2465 652 Salomon
2503 598 2637 654 item
2674 617 2690 654 :
2732 618 2751 652 ι
2786 599 2962 655 Filius
3011 597 3092 654 fui
3138 609 3194 656 et
3235 616 3339 672 ego
3391 603 3532 672 patri

1946 691 2235 760 obcdions,
2279 697 2336 747 et
2389 691 2629 748 dilectus
2667 692 2727 747 in
2776 699 3082 762 conspectu
3116 693 3312 747 matris
3339 708 3473 748 mea:
3509 712 3521 746 :

1945 784 2042 853 qui
2074 784 2350 840 docebant
2381 800 2468 840 me
2497 784 2748 840 dicentes
2776 801 2790 837 :
2816 783 3194 840 Conﬁrmetur
3221 798 3404 838 sermo
3435 799 3532 837 nu-

1946 885 2063 932 ster
2098 877 2156 933 in
2190 878 2359 934 corde
2387 887 2482 932 tuo
2499 879 2562 931 ⁸⁸.
2607 896 2628 930 ο
2662 877 2822 932 Alius
2853 877 3123 948 insuper:
3164 897 3182 931 ι
3217 877 3321 945 Qui
3350 889 3534 934 custo-

1946 967 2026 1023 dit
2058 969 2398 1032 mandatum,
2419 977 2713 1024 conservat
2734 968 2971 1024 animam
2996 984 3151 1024 suam
3173 986 3186 1035 ;
3208 969 3306 1039 qui
3343 978 3531 1024 autem

1945 1058 2178 1130 negligit‘
2215 1058 2335 1114 vias
2379 1073 2530 1122 suas,
2555 1058 2828 1113 morietur
2864 1058 2930 1113 ⁸⁸.
2969 1077 2988 1110 ›
3026 1060 3240 1114 Rursus
3275 1076 3290 1114 :
3338 1078 3356 1111 ι
3397 1060 3533 1115 Bea-

1947 1157 2036 1205 tus
2060 1151 2146 1204 vir
2165 1149 2259 1221 qui
2288 1148 2447 1206 timet
2474 1149 2657 1204 omnia
2682 1164 2781 1219 per
2808 1148 3365 1220 circumspectionem
3395 1167 3409 1216 ;
3438 1149 3531 1220 qui

1945 1245 2092 1300 enim
2151 1245 2397 1301 custodit
2449 1245 2796 1310 mandatum,
2839 1261 2952 1301 non
2996 1246 3201 1301 sentiet
3230 1245 3530 1316 quidquam

1947 1341 2076 1396 mali
2115 1343 2180 1397 ⁶’.
2221 1361 2241 1394 ‹
2300 1341 2541 1398 Proinde
2569 1342 2768 1397 Petrus
2822 1357 2923 1414 per
2979 1341 3286 1412 Epistolam
3343 1340 3478 1397 dicit
3515 1359 3528 1394 :

1953 1455 1972 1487 ι
2038 1435 2287 1507 Subjecti
2361 1434 2533 1506 igitur
2588 1443 2765 1490 estote
2838 1434 2984 1490 omni
3066 1434 3321 1489 humanm
3375 1450 3531 1488 crea-

1944 1538 2081 1583 turae
2136 1538 2364 1599 propter
2433 1529 2728 1583 Dominum
2791 1527 2857 1582 ⁸⁸.
2937 1545 2956 1579 ι
3007 1527 3076 1582 Ει
3133 1544 3146 1580 :
3220 1546 3239 1578 ‹
3320 1524 3531 1580 Famuli

1945 1620 2182 1694 subjecti
2242 1622 2297 1676 in
2346 1621 2497 1676 omni
2556 1621 2700 1686 loco,
2728 1617 2972 1675 dominis
3011 1634 3123 1674 non
3158 1618 3334 1673 solum
3371 1617 3535 1672 bonis

1945 1722 2002 1769 et
2030 1713 2318 1778 modestis,
2350 1712 2450 1770 sed
2507 1714 2675 1769 etiam
2729 1712 2970 1785 dyscolis
2997 1713 3063 1766 ".
3100 1732 3118 1763 ι
3173 1709 3420 1765 Similem
3478 1710 3531 1762 in

1948 1803 2172 1858 modum
2200 1804 2404 1859 Paulus
2439 1820 2453 1858 :
2494 1823 2512 1856 ι
2545 1801 2692 1866 Filii,
2725 1801 2945 1857 obedite
2969 1799 3310 1871 parentibus.
3352 1817 3369 1848 ι
3407 1797 3474 1852 Et
3518 1815 3530 1850 :

259 1881 400 1950 ἒ.μοῦ
425 1884 634 1940 ἀκούει.
665 1905 688 1940 ›
709 1886 732 1960 ]
757 1889 968 1961 Αὒτῷή
993 1889 1121 1956 δόξα
1144 1891 1226 1955 είς
1247 1892 1374 1955 τοὺς
1395 1892 1620 1956 αἰῶνας.
1650 1895 1704 1948 ’Δ
1717 1897 1846 1967 μὴν.

1959 1915 1977 1946 ι
2021 1895 2202 1962 Servi,
2243 1895 2467 1951 obedite
2524 1894 2844 1950 carnalibus
2889 1892 3132 1948 dominis
3172 1890 3394 1951 vestris,
3424 1905 3533 1942 non

258 1975 332 2029 ad
356 1978 575 2033 oculum
599 1980 925 2047 servientes,
960 1983 1118 2053 quasi
1149 1983 1432 2053 placentes
1464 1984 1805 2054 hominibus,
1829 1987 2038 2058 1091
2063 1987 2158 2043 sed
2192 1989 2246 2043 in
2278 1989 2483 2044 timore
2505 1988 2601 2044 Dei
2629 1989 2726 2042 ⁷ί.›
2759 1987 2881 2042 ΑΙίο
2905 1985 3036 2042 item
3066 1985 3189 2040 loco
3218 2002 3232 2038 :
3265 2003 3283 2035 ‹
3307 1982 3536 2052 Propter
3612 2020 3617 2027 .

261 2068 372 2122 hoc
417 2070 617 2142 scripsi
657 2075 842 2141 vobis,
871 2084 935 2131 ut
963 2071 1292 2146 intelligatis'
1344 2077 1734 2147 probationem
1801 2089 2066 2145 vestram,
2092 2081 2138 2136 si
2173 2080 2228 2135 in
2267 2081 2528 2137 omnibus
2581 2081 2908 2138 obedientcs
2935 2081 3070 2136 estis
3101 2081 3169 2133 "'.
3211 2098 3228 2130 ι
3265 2076 3478 2131 Rursus
3517 2092 3528 2126 :

263 2179 286 2212 c
327 2163 518 2218 Vestra
569 2167 718 2223 enim
759 2169 1076 2225 obedientia
1141 2170 1209 2225 ad
1252 2185 1448 2226 omnes
1499 2174 1754 2243 pervenit
1801 2174 1871 2230 ".
1935 2193 1954 2227 ι
2005 2176 2075 2232 Et
2104 2176 2174 2232 de
2200 2176 2432 2232 Domino
2475 2194 2495 2232 :
2534 2195 2552 2228 ι
2602 2177 2671 2231 Ει
2709 2177 2934 2248 quidem
2963 2191 3090 2231 cum
3129 2183 3276 2229 esset
3340 2171 3532 2233 Filius,

261 2257 464 2314 didicit
505 2276 573 2316 ex
626 2263 694 2319 iis
759 2281 882 2335 qua:
915 2281 1110 2337 passus
1142 2275 1248 2332 est,
1280 2266 1682 2335 obedientiam,
1739 2277 1797 2324 et
1846 2280 2266 2327 consummatus
2334 2271 2513 2327 factus
2563 2281 2648 2328 est
2711 2272 2973 2328 omnibus
3026 2266 3531 2339 obtemperantibus

261 2351 397 2418 sibi,
438 2371 603 2411 causa
648 2357 842 2413 salutis
873 2369 1098 2415 aeterna:
1131 2361 1200 2414 ".
1245 2379 1263 2412 ι
1309 2361 1576 2418 Dominus
1626 2362 1868 2432 denique
1907 2364 1981 2420 ait
2013 2382 2026 2419 :
2066 2385 2085 2416 ι
2131 2365 2401 2420 Descendi
2425 2367 2493 2422 de
2517 2367 2678 2429 coelo,
2715 2381 2826 2422 non
2867 2374 2926 2421 ut
2963 2365 3160 2421 faciam
3194 2365 3534 2419 voluntatem

263 2465 469 2516 meam,
493 2450 590 2507 sed
616 2453 1113 2526 voluntatemejus,
1135 2454 1232 2526 qui
1250 2454 1529 2524 misitme,
1555 2455 1732 2513 Patris
1763 2458 1808 2490 ⁷⁵
1853 2476 1866 2512 :
1896 2478 1914 2511 ι
1960 2458 2047 2514 cui
2083 2465 2142 2514 ct
2185 2459 2357 2530 gloria
2405 2468 2462 2516 et
2498 2459 2792 2530 imperium
2829 2459 2884 2514 in
2940 2459 3139 2514 saecula
3186 2457 3531 2514 szeculorum.

269 2530 477 2596 Amen.

886 2661 1108 2716 ΛΟΓΟΣ
1132 2663 1224 2719 Μ’.

767 2773 906 2844 Περὶ
921 2777 1356 2848 συκοφαντίας.

349 2885 532 2940 Δεινδν
569 2887 632 2941 τὸ
669 2889 770 2961 τῆς
799 2893 1169 2963 συκοφαντίας
1199 2894 1395 2960 πάθος,
1442 2895 1646 2965 μᾶλλον
1675 2897 1732 2952 δὲ
1760 2898 1856 2952 καὶ

268 2978 605 3046 διαϐολικδν,
635 2983 776 3038 κατὰ
807 2984 868 3037 τὸ
909 2987 1039 3057 περὶ
1067 2986 1233 3041 αὑτοῦ
1264 2989 1323 3041 ὲν
1351 2989 1604 3060 Ψαλμοῖς
1627 2991 1855 3062 εἰρημέ-

271 3089 370 3127 νον
393 3089 409 3103 ·
442 3071 809 3131 Ταπεινὼσει
843 3078 1262 3148 συκοφάντην.
1292 3081 1584 3136 ’Δσπονδοι
1621 3082 1731 3154 γὰρ
1763 3082 1855 3136 ὅν-

269 3180 372 3226 τες
419 3165 516 3218 καὶ
561 3166 872 3238 θεοστυγεῖς
914 3170 964 3224 οί
1012 3172 1350 3242 συκοφάνται
1377 3217 1391 3238 ,
1441 3175 1723 3239 κοινωνοὶ,
1759 3175 1856 3229 καὶ

2528 2666 2811 2723 HOMILIA
2851 2667 2964 2722 XL.

2546 2781 2624 2837 De
2665 2780 2960 2837 calumnia.

2029 2899 2290 2954 Pervicax
2323 2907 2380 2954 et
2407 2898 2667 2969 perplexa
2697 2907 2782 2954 est
2813 2895 3032 2952 all‘ectio
3065 2894 3181 2950 haec
3207 2893 3532 2958 calumniae;

1955 2991 2142 3047 verius
2169 2990 2402 3047 dixerim
2431 3005 2554 3048 esse
2583 2990 2935 3052 diabolicam,
2972 2987 3277 3044 secundum
3311 2986 3365 3042 id
3388 2985 3536 3057 quod

1957 3083 2026 3138 de
2049 3099 2115 3138 ea
2143 3083 2198 3138 in
2232 3083 2462 3138 Psalmis
2483 3082 2694 3138 dictum
2723 3091 2810 3137 est
2842 3099 2855 3136 :
2889 3079 3209 3136 Humiliabit
3231 3077 3535 3132 calumnia-

1959 3177 2219 3230 torem".
2277 3175 2438 3231 Tales
2498 3175 2705 3230 nemini
2775 3172 3163 3236 conciliantur,
3215 3171 3368 3226 inﬁdi
3409 3185 3539 3226 cum

275 3256 637 3327 συμμέτοχοι,
669 3259 764 3312 καὶ
796 3259 1230 3332 συγκληρονόμοι
1251 3262 1494 3330 γίνονται
1517 3265 1630 3329 τοῖς
1647 3263 1852 3335 προδόν

1959 3267 2090 3332 sint,
2119 3276 2176 3323 et
2203 3283 2301 3338 per
2331 3267 2457 3334 hoc,
2486 3268 2598 3322 Deo
2620 3266 2782 3322 invisi
2807 3265 3064 3322 maxime.
3096 3264 3318 3319 Illorum
3343 3277 3538 3318 accen-

273 3361 440 3398 σασιν
464 3347 559 3399 καὶ
582 3347 1083 3420 σταυρώσασινξτὴν
1113 3349 1372 3420 ἀλήθειαν
1391 3367 1404 3381 ο
1436 3349 1736 3415 τουτέστιν,
1766 3350 1860 3404 τὸν

273 3437 488 3510 Κύριον
533 3440 689 3509 ἡμῶν
739 3441 950 3511 Ἰησοῦν
990 3441 1246 3512 Χριστόν.
1288 3461 1306 3494 ι
1357 3441 1500 3511 Ἐγὼ
1546 3441 1656 3514 γάρ
1705 3443 1856 3513 είμι,

274 3530 467 3600 φησὶν,
501 3531 789 3602 ὴάλήθεια
815 3573 830 3597 ,
858 3532 954 3587 καὶ
985 3533 1018 3604 ἡ
1045 3533 1182 3604 ζωή.
1219 3551 1239 3585 ι
1280 3533 1730 3605 Παρακελεύεται
1765 3530 1861 3589 οὖν

270 3623 307 3674 ὁ
337 3622 500 3692 νόμος
526 3621 722 3691 λέγων,
753 3624 866 3678 Οὐκ
899 3625 1129 3695 ἐμμένει
1165 3625 1378 3696 μάρτυς
1411 3618 1491 3688 εἷς
1515 3625 1657 3679 κατὰ
1679 3627 1862 3681 πᾶσαν

275 3715 496 3769 ἀδικίαν
519 3719 614 3771 καὶ
646 3718 926 3790 ἁμαρτίαν
957 3719 1024 3790 ἣν
1047 3721 1320 3790 ἥμαρτεν.
1351 3737 1369 3772 ι
1410 3719 1538 3774 Ἐπὶ
1569 3719 1860 3790 στόματος,

275 3808 450 3877 φησὶν
474 3847 489 3870 ,
527 3808 622 3863 δύο
651 3808 685 3880 ἦ
715 3809 882 3879 τριῶν
925 3808 1226 3882 μαρτύρων
1259 3810 1591 3882 σταθήσεται
1627 3812 1735 3865 πᾶν
1767 3811 1865 3883 ῥῆ-

281 3916 384 3970 μα.
425 3916 444 3950 ι
493 3899 551 3954 '0
596 3901 652 3955 δὲ
699 3901 872 3956 Σαοὺλ
916 3903 1444 3974 παρακρουσόμενος
1489 3902 1590 3971 τὴν
1641 3903 1864 3976 ἐντολὴν

275 3992 511 4063 ταύτην,
532 3993 660 4057 τοὺς
679 3995 1027 4065 τριακοσίους
1053 3998 1218 4067 ἱερεῖς
1237 3996 1333 4050 τοῦ
1364 3998 1572 4068 Κυρίου
1606 3999 1867 4054 ἀπέκτει-

279 4101 378 4138 νεν
408 4083 498 4137 διὰ
540 4083 640 4152 τῆς
689 4086 1004 4158 μαρτυρίας
1035 4087 1155 4152 ἑνὸς
1202 4089 1543 4158 συκοφάντου
1568 4090 1729 4162 Δωὴκ
1760 4090 1858 4146 τοῦ

282 4176 484 4248 Σύρου.
524 4177 642 4232 Καὶ
675 4173 853 4242 αὖθις*
892 4197 911 4231 ι
939 4179 1014 4232 Οὐ
1068 4180 1471 4252 συκοφαντήσει
1509 4183 1744 4248 ἕκαστος
1774 4183 1867 4238 τὸν

281 4268 517 4338 πλησίον
537 4267 726 4325 αὐτοῦ.
760 4287 777 4320 ι
807 4269 958 4325 Καὶό
978 4271 1413 4344 Παροιμιαστή-ς·
1451 4292 1471 4325 ι
1517 4274 1578 4328 '0
1601 4291 1869 4345 συκοφαν-

281 4361 396 4415 τῶν
422 4362 650 4433 πένητα,
694 4361 986 4435 παροξύνει
1011 4363 1102 4417 τὸν
1133 4366 1442 4437 ποιήσαντα
1469 4366 1656 4422 αὐτόν.
1705 4386 1723 4419 ι
1754 4367 1868 4422 Kal

284 4454 519 4523 ἐπάγει’
579 4475 598 4508 ι
669 4455 808 4522 Δόξα
857 4457 1015 4529 ἀνδρὶ
1071 4459 1514 4531 ἀποστρέφεσθαι
1573 4460 1866 4533 λοιδορίας.

285 4548 404 4611 Πᾶς
425 4548 482 4602 δὲ
509 4549 697 4619 ἄφρων
721 4549 934 4614 τούτοις
965 4551 1438 4624 συμπλακήσεται.
1471 4571 1489 4604 ι
1509 4552 1568 4607 '0
1597 4553 1655 4607 δὲ
1680 4555 1864 4609 Δαυΐδ*

294 4659 314 4691 ι
371 4640 529 4711 Ἐμοὶ
559 4640 660 4712 μὲν
689 4642 942 4714 είρηνικὰ
969 4643 1216 4706 ἐλάλουν,
1245 4644 1338 4698 καὶ
1369 4645 1457 4697 ἐπ’
1481 4645 1651 4716 ὀργὴν
1681 4646 1867 4710 δόλους

1962 3355 2117 3411 sendi
2145 3364 2275 3412 sunt
2307 3358 2609 3418 consortio.
2635 3355 2950 3427 participio,
2990 3370 3092 3410 nec
3113 3353 3318 3424 dispari
3359 3353 3538 3409 haere-

1963 3443 2152 3509 dilati,
2193 3445 2286 3515 qui
2325 3445 2616 3500 veritatem
2657 3445 2833 3514 ipsam
2868 3441 3235 3515 perﬁdissime
3271 3441 3536 3512 prodide-

1964 3543 2114 3595 runt,
2151 3535 2390 3605 denique
2415 3535 2566 3590 cruci
2595 3534 2922 3598 allixerunt,
2967 3533 3071 3588 hoc
3097 3541 3200 3598 est,
3242 3531 3534 3586 Dominum

1962 3635 2212 3681 nostrum
2251 3625 2438 3682 Jesum
2458 3625 2764 3683 Christum.
2794 3626 2916 3696 Ipse
2943 3625 3091 3682 enim
3138 3623 3280 3680 dixit
3312 3641 3326 3678 :
3367 3643 3384 3675 σ
3425 3623 3539 3694 Ego

1963 3733 2086 3774 sum
2125 3718 2332 3774 veritas
2356 3731 2412 3775 et
2443 3719 2556 3774 vita
2577 3721 2646 3773 ⁷⁷.
2682 3738 2700 3770 ι
2735 3718 2904 3775 Cavet
2930 3719 3077 3773 enim
3099 3718 3185 3773 lex
3211 3732 3280 3772 ne
3315 3733 3457 3771 unus
3483 3725 3540 3770 et

1963 3811 2116 3867 solus
2140 3811 2406 3868 consistat
2432 3813 2608 3878 testis,
2635 3812 2701 3868 ad
2727 3811 3133 3883 perhibendum
3161 3811 3540 3866 testimonium

1965 3903 2234 3960 adversus
2266 3913 2558 3975 peccatum
2596 3919 2760 3960 omne
2809 3919 2920 3974 quo
2952 3904 3077 3974 quis
3103 3903 3372 3973 peccavit.
3419 3917 3440 3953 ι
3479 3901 3540 3956 ln

1965 4013 2088 4062 ore,
2128 3998 2232 4064 ait,
2274 3998 2510 4053 duorum
2559 4007 2655 4052 aut
2709 3996 2875 4052 trium
2923 3995 3146 4051 testium
3188 3995 3356 4050 stabit
3379 4009 3542 4048 omne

1966 4088 2200 4144 verbum
2231 4090 2299 4143 ".
2363 4107 2381 4142 ι
2421 4087 2531 4145 Sed
2565 4096 2622 4144 ct
2673 4086 2828 4152 Saul,
2877 4095 3214 4158 praeceptum
3261 4086 3368 4140 hoc
3415 4100 3540 4139 cum

1964 4179 2138 4234 veluti
2173 4179 2394 4250 objecto
2416 4180 2607 4235 cubito
2645 4195 2675 4233 a
2701 4193 2759 4234 se
2782 4177 2978 4233 fuisset
3005 4177 3267 4232 amolitus
3288 4193 3352 4231 ac
3381 4190 3545 4243 repu—-

1967 4270 2194 4336 diasset,
2225 4269 2295 4325 ad
2341 4268 2506 4325 unius
2547 4267 2898 4342 sycophanta:
2927 4268 3077 4338 Doeg
3127 4266 3252 4338 Syri
3292 4265 3542 4321 testimo—

1967 4363 2145 4429 nium,
2194 4371 2507 4420 tercentum
2555 4361 2875 4418 sacerdotes
2921 4359 3137 4414 Domini
3189 4359 3423 4430 peremit
3475 4360 3539 4410 τ’.

1969 4456 2182 4512 Rursus
2231 4455 2413 4512 edicto
2452 4463 2628 4537 cavet],
2676 4470 2747 4510 ne
2792 4454 2918 4524 quis
2969 4454 3230 4524 proximo
3259 4470 3360 4508 suo
3388 4453 3546 4507 faciat

1972 4549 2325 4606 calumniam.
2362 4547 2748 4604 Parcemiastes
2772 4546 2904 4602 item
2938 4564 2950 4600 :
2985 4565 3004 4597 ‹
3045 4546 3148 4612 Qui
3178 4545 3546 4601 calumniatur

1899 4611 1943 4668 θ
1972 4657 2297 4712 pauperem,
2347 4639 2650 4697 exacerbat
2678 4654 2805 4694 eum
2836 4638 2934 4708 qui
2961 4611 3264 4692 fecitillum
3298 4635 3366 4689 ⁸ο.
3412 4656 3429 4688 ι
3463 4637 3548 4689 In-

285 4735 671 4805 διελογίζοντο.
719 4755 738 4788 ι
793 4738 906 4791 Kal
952 4736 1116 4800 αὐτὸς
1171 4736 1470 4808 ἐπεύχεται
1523 4737 1853 4808 λυτρωθῆνσν

1969 4733 2124 4790 ducit
2156 4751 2170 4788 :
2214 4752 2232 4784 ι
2263 4733 2451 4789 Gloria
2483 4739 2569 4787 est
2601 4730 2725 4786 viro
2745 4730 2840 4800 qui
2877 4729 3079 4785 avertit
3102 4745 3161 4784 se
3191 4745 3218 4784 a
3249 4728 3538 4792 conviciis,

288 4828 402 4883 ἀπὸ
434 4829 802 4899 συκοφαντίας
828 4828 1135 4901 ἀνθρώπων
1157 4846 1172 4864 ο
1198 4829 1294 4884 καὶ
1335 4830 1738 4899 ἐπαγγέλλεται
1767 4847 1853 4899 cpu-

1970 4825 2066 4896 qui
2113 4834 2299 4881 autem
2346 4823 2671 4895 imprudens
2713 4830 2800 4878 est
2851 4821 3257 4876 immisccbitur
3296 4821 3381 4876 his
3419 4821 3487 4874 ⁸⁸.
3523 4839 3541 4872 ι

289 4921 518 4975 λάσσειν
556 4921 658 4985 τὰς
683 4921 904 4985 ἐντολὰς
937 4920 1126 4976 αὐτοῦ.
1161 4922 1272 4976 Καὶ
1301 4919 1460 4986 αὖθις
1483 4937 1497 4951 ·
1530 4941 1550 4974 ‹
1587 4919 1853 4974 Σκέπασόι

1970 4917 2144 4974 David
2173 4935 2186 4971 :
2229 4936 2249 4968 ι
2282 4915 2413 4971 Mihi
2445 4915 2669 4986 quidem
2697 4913 2927 4985 paciﬁce
2958 4913 3328 4983 loquebantur
3354 4954 3366 4978 ,
3408 4921 3462 4969 et
3493 4913 3547 4966 in

295 5029 369 5082 με
415 5011 522 5065 ἀπὸ
565 5011 932 5081 συκοφαντίας
953 5009 1287 5084 ἀνθρώπων,
1319 5012 1417 5066 καὶ
1445 5011 1756 5082 συστροφῆς
1777 5028 1853 5066 πο

1974 5008 2268 5065 iracundia.
2293 5009 2452 5064 dolos
2476 5007 2796 5079 cogitabant
2822 5008 2890 5061 ⁸³.
2933 5026 2951 5058 ι
2985 5007 3135 5062 Idem
3169 5007 3396 5076 supplex
3429 5016 3550 5062 orat

293 5102 700 5173 νηρευομένων,
750 5102 809 5156 οῖ
847 5119 994 5168 τινες
1036 5102 1313 5173 ἠκόνησαν
1354 5102 1430 5166 ὡς
1459 5101 1749 5174 ’ῥομφαίαν
1778 5100 1853 5155 τὰς

1976 5102 2141 5157 eximi
2161 5101 2278 5157 sive
2303 5100 2504 5156 redimi
2523 5116 2555 5154 a
2577 5099 2870 5155 calumniis
2894 5099 3206 5164 hominum,
3232 5105 3398 5168 atque
3421 5099 3552 5154 hinc

294 5193 548 5261 γλώσσας
591 5191 794 5248 αὐτῶν.
833 5212 852 5247 ι
888 5193 998 5248 Καὶ
1041 5194 1257 5262 ὲπάγει’
1291 5211 1311 5245 ι
1348 5193 1634 5264 Μακάριος
1659 5191 1800 5264 ἀνὴρ

1977 5193 2251 5262 promisso
2295 5191 2594 5262 obstringit
2616 5207 2675 5246 se
2707 5191 2774 5246 ad
2806 5191 3114 5247 custodiam
3169 5191 3551 5247 mandatorum

293 5286 360 5339 οὐ
394 5287 468 5356 μὴ
493 5286 780 5354 λογίσηται
808 5287 1014 5356 Κύριος
1037 5286 1317 5357 ἁμαρτίαν
1339 5325 1355 5352 ,
1387 5285 1509 5340 οὐδὲ
1534 5289 1682 5340 ἔστιν
1711 5287 1770 5338 ὲν
1799 5285 1853 5354 τι]

1979 5284 2096 5339 Dei.
2124 5285 2365 5340 Rursum
2399 5301 2412 5338 :
2447 5301 2466 5335 ι
2494 5285 2727 5354 Protege
2753 5300 2840 5340 me
2866 5299 2896 5339 a
2926 5293 3204 5340 conventu
3245 5284 3550 5356 malignan-

300 5377 528 5448 στόματι
575 5377 741 5434 αὑτοῦ
773 5377 943 5442 δόλος.
982 5396 1000 5431 ι
1052 5379 1163 5432 Kal
1195 5378 1387 5442 ἄλλος·
1433 5397 1453 5430 ι
1506 5379 1578 5432 ’0-
1602 5394 1853 5445 συκοφανι

1978 5376 2112 5432 tium
2146 5417 2160 5442 ,
2196 5396 2214 5426 ι
2251 5376 2347 5446 qui
2377 5376 2602 5446 quidem
2641 5394 2660 5427 ι
2695 5384 3038 5432 exacuerunt
3082 5387 3143 5433 ut
3173 5377 3415 5448 gladium
3446 5377 3553 5430 lin-

298 5468 410 5524 τῶν
436 5470 654 5542 πτωχὸν
679 5511 695 5536 ,
723 5471 895 5525 πολλὰ
922 5473 1066 5525 ποιεῖ
1089 5471 1159 5524 τά
1201 5470 1396 5526 ἑαυτοῦ
1437 5471 1603 5526 κακά.
1649 5489 1668 5523 ι
1707 5470 1818 5525 Kal
1848 5493 1853 5518 ι

1973 5484 2108 5540 guas
2135 5484 2265 5524 suas
2285 5469 2352 5524 ⁸³.
2390 5487 2409 5520 ι
2443 5468 2699 5525 lnducit:
2735 5485 2753 5520 ι
2785 5469 2986 5524 Beatus
3011 5467 3096 5522 vir
3119 5467 3206 5523 cui
3230 5483 3337 5522 non
3373 5467 3553 5536 impu-

372 5626 416 5655 °‘
449 5626 550 5679 lsa.
585 5641 729 5688 LVIII,
760 5623 846 5690 10,
882 5625 970 5680 11.
1044 5625 1088 5658 "
1117 5626 1277 5681 Prov.
1303 5643 1376 5690 IV,
1407 5626 1460 5680 5.
1538 5627 1582 5658 ⁸⁸
1600 5627 1762 5680 Prov.
1792 5642 1846 5679 xl

1954 5624 2029 5680 l6.
2105 5624 2150 5656 ⁸⁷
2187 5623 2370 5679 Eccle.
2397 5639 2516 5683 vul.
2553 5622 2606 5677 5.
2684 5621 2772 5676 ⁸⁸1
2805 5622 2954 5679 Pctr.
3001 5636 3060 5685 ιι,
3107 5622 3192 5676 1'5.
3269 5621 3358 5675 "1
3388 5621 3532 5676 Pctr.

307 5711 364 5753 ιι.
405 5698 486 5749 18.
561 5696 608 5728 ⁷ο
643 5696 846 5766 Ephes.
893 5713 966 5762 vn,
1019 5696 1070 5749 1.
1146 5697 1188 5726 '”
1220 5696 1429 5754 ihid.5.
1503 5697 1615 5751 "ll
1652 5696 1778 5752 Cor.
1811 5714 1846 5752 ιι

1954 5736 1966 5750 .
2043 5695 2090 5727 ⁷³
2123 5695 2285 5752 Rcui.
2332 5711 2452 5766 xvi.
2488 5693 2572 5766 19.
2676 5692 2724 5724 ""
2757 5692 2923 5766 Hebr.
2957 5708 3010 5757 v,
3035 5691 3074 5766 ξ
3098 5692 3207 5766 ,λ9.
3317 5692 3363 5723 ⁷⁸
3387 5691 3542 5766 Junii.

307 5781 381 5825 vi.
408 5768 497 5821 58.
574 5767 620 5798 ⁷⁸
653 5760 798 5821 Psal.
831 5760 973 5831 ωιχι,
1004 5767 1055 5821 1.
1169 5767 1215 5798 ⁷⁷
1253 5766 1412 5823 Joan.
1439 5784 1548 5828 xw,
1575 5770 1627 5820 6.
1739 5767 1786 5798 ⁷⁸
1821 5767 1853 5821 ll

1954 5782 2026 5821 )r.
2061 5781 2177 5832 xm,
2214 5767 2264 5823 1.
2376 5761 2466 5820 ’³1
2503 5764 2638 5833 Reg.
2681 5779 2811 5828 χχιι,
2837 5763 2922 5818 18.
3033 5762 3078 5793 ⁸ο
3110 5761 3268 5818 Prov.
3299 5777 3426 5829 χιιι,
3463 5760 3548 5818 16.

308 5836 349 5867 ⁸⁸¹
388 5839 546 5893 Prov.
592 5854 679 5899 xx,
704 5838 756 5892 5.
835 5841 878 5872 ³³
914 5838 1051 5893 Psal.
1079 5853 1258 5901 xsxn',
1287 5838 1375 5891 ‘20.
1466 5839 1510 5870 ⁸³
1544 5839 1682 5893 l’szil.
1716 5854 1861 5899 LXIII,
1890 5837 1945 5902 ’5,
1976 5838 2028 5891 4.
