4028 6546
508 375 645 440 1559

1739 377 2105 440 ANTIOCHI
2146 382 2493 443 MONACHI

3579 377 3689 447 1560

502 495 642 550 tabit
676 491 944 548 Dominus
972 500 1281 562 peccatum,
1318 505 1495 560 neque
1520 500 1605 545 est
1630 490 1686 544 iu
1714 507 1812 546 ore
1835 493 1959 563 ejus
1990 492 2080 547 ἀοι

2192 496 2605 568 Παροιμιαστὴς
2629 512 2820 567 φησιν·
2855 513 2874 545 ι
2930 492 3199 563 Ἀνδρεῖος
3228 492 3284 543 ἐν
3316 488 3533 553 ἀσεδεία,
3562 510 3693 550 συκο-

499 587 589 641 lus
610 584 677 639 “.
723 605 745 637 ι
786 582 945 637 Alius
979 600 993 635 :
1026 601 1044 633 ι
1073 580 1178 648 Qui
1212 579 1545 636 calumniam
1594 583 1799 637 astruit
1823 585 2078 654 pauperi,

500 684 761 747 aggravat
791 690 890 730 sua
925 672 1098 743 ipsius
1120 680 1364 743 peccata.
1406 691 1423 723 ι
1453 673 1843 731 Parmmiastes
1876 692 1889 728 :
1927 695 1945 726 ι
1977 676 2081 742 Qui

500 769 569 822 ad
604 767 943 837 impietatem
968 765 1128 821 fortis
1157 774 1261 831 est,
1286 765 1656 821 calumniatur
1689 783 1961 838 pauperes
1976 769 2076 823 ⁸⁵.»

502 859 709 914 lterum
746 876 761 911 :
791 877 810 910 ι
858 857 970 912 Leo
1003 856 1292 924 esuriens,
1323 866 1381 913 et
1417 858 1582 928 lupus
1610 858 1806 913 sitiens
1822 859 1890 923 ⁸⁸,
1934 878 1952 910 ›
1985 860 2082 929 qui

502 964 630 1003 cum
662 947 720 1002 fit
742 963 973 1018 pauper,
1001 947 1287 1018 tyrannide
1317 951 1519 1018 premit
1538 957 1755 1020 gentem
1776 965 2086 1019 paupercu-

502 1040 703 1095 lorum.
740 1039 951 1109 1092
1001 1040 1113 1094 Et:
1152 1058 1170 1091 ι
1230 1040 1345 1095 Rex
1394 1041 1648 1113 indigens
1694 1052 2082 1113 proventuum,

503 1146 735 1203 magnus
757 1141 841 1188 est
871 1130 1261 1186 calumniator.
1309 1150 1327 1185 ι
1367 1133 1471 1187 Et:
1514 1153 1531 1184 ι
1568 1133 1673 1200 Qui
1702 1133 1841 1189 fodit
1870 1134 2084 1190 foveam

504 1225 777 1295 proximo,
817 1225 1029 1281 incidet
1051 1224 1107 1278 in
1133 1240 1254 1280 eam
1280 1224 1349 1282 ⁸⁷.
1389 1244 1407 1277 ι
1442 1225 1807 1281 Ecclesiastes
1844 1243 1857 1280 :
1887 1244 1904 1277 ι
1939 1226 2087 1283 Con-

502 1316 644 1371 verti
707 1331 810 1387 ego
861 1331 971 1383 me,
1029 1324 1087 1370 et
1141 1315 1256 1370 vidi
1294 1316 1583 1372 universas
1614 1317 1920 1374 calumnias
1964 1334 2086 1389 qua:

506 1408 644 1463 fiunt
690 1410 793 1465 sub
832 1411 969 1473 sole,
1017 1418 1072 1465 et
1097 1425 1227 1465 ecce
1254 1410 1511 1483 lacryma:
1531 1428 1725 1467 eorum
1761 1412 1855 1483 qui
1893 1414 2085 1484 oppri-

505 1509 734 1556 muntur
786 1502 1117 1568 calumniis,
1176 1512 1236 1558 et
1304 1518 1414 1559 non
1467 1512 1553 1559 est
1616 1504 1713 1575 qui
1768 1506 2088 1562 consoletur

503 1610 602 1649 eos
624 1593 691 1647 ⁸⁸.
725 1614 743 1646 ›
774 1596 1020 1651 Rursus:
1046 1614 1064 1645 ι
1095 1594 1435 1666 Circumagit
1456 1611 1519 1650 ac
1542 1596 1837 1667 perturbat
1866 1598 2087 1668 sapien-

506 1695 638 1750 tem,
682 1694 737 1741 et
770 1686 955 1757 perdit
1005 1687 1437 1758 generositatem
1477 1689 1600 1759 ejus
1645 1688 1714 1742 δ’.
1750 1707 1769 1742 ι
1819 1689 2088 1745 Dominus

504 1785 688 1831 autem
732 1796 750 1828 ι
789 1777 981 1833 Salvos
1002 1777 1170 1833 faciet
1198 1777 1340 1834 ﬁlios
1367 1794 1697 1849 pauperum,
1731 1789 1790 1835 et
1822 1781 2086 1836 humilia-

504 1867 586 1921 bit
618 1869 1074 1924 calumniatorem
1114 1871 1179 1923 ’°.
1227 1890 1245 1921 ι
1293 1870 1727 1925 Praemuniamus
1777 1870 1945 1941 igitur
1982 1887 2085 1927 nos

504 1958 678 2029 ipsos,
718 1960 913 2015 fratres
944 1961 1075 2026 mei,
1102 1961 1369 2015 adversus
1405 1960 1759 2027 calumniam,
1791 1962 1939 2016 nulla
1974 1977 2085 2017 non

503 2052 589 2106 sui
613 2060 767 2122 parte
798 2052 1151 2122 pestilentem
1182 2067 1246 2106 ac
1275 2052 1673 2123 perniciosam,
1698 2068 1889 2108 eorum
1910 2053 2085 2109 atroci

504 2146 780 2216 supplicio
838 2146 1111 2210 exterriti,
1150 2145 1245 2216 qui
1299 2145 1679 2200 ambitiosiore
1730 2146 1915 2200 studio
1964 2162 2088 2202 eam

500 2238 890 2292 excoluerunt.
951 2238 1261 2293 Adversum
1319 2237 1461 2292 hanc
1516 2238 1781 2292 melicum
1830 2236 1967 2291 illud
2029 2247 2087 2294 et

502 2345 771 2401 perquam
798 2346 966 2386 suave
997 2331 1155 2386 Pauli
1193 2331 1424 2386 verbum
1458 2345 1586 2384 cum
1620 2329 1813 2385 eodem
1838 2330 2087 2385 camille-

501 2437 673 2478 mus:
741 2441 759 2475 ι
820 2423 1275 2479 Persecutionem
1327 2423 1592 2493 patimur,
1640 2432 1696 2477 et
1725 2422 2085 2486 sustinemus,

502 2515 978 2586 blasphemamur,
1020 2526 1078 2571 et
1123 2516 1480 2571 obsecramus
1507 2555 1522 2579 ,
1574 2527 1835 2585 tanquam
1888 2531 2089 2584 purga-

502 2618 689 2664 menta
740 2608 931 2663 mundi
996 2607 1127 2663 facti
1178 2623 1394 2667 sumus,
1460 2606 1707 2662 omnium
1776 2605 2088 2676 peripsema

502 2717 676 2772 usque
695 2701 877 2757 adhuc
896 2703 975 2756 91:
1004 2722 1023 2754 ι
1047 2708 1107 2756 ιιι
1124 2717 1195 2756 ne
1211 2716 1338 2756 cum
1359 2699 1564 2756 Iudaeis
1579 2699 1675 2770 qui
1696 2698 1980 2754 Christum
2010 2699 2094 2753 iu-

500 2794 660 2849 fenso
690 2802 858 2865 atque
893 2794 1084 2849 hostili
1110 2794 1345 2848 oderant
1376 2793 1588 2858 animo,
1614 2792 1861 2861 compari
1892 2791 2095 2845 multe-

499 2902 626 2941 mur
677 2886 1056 2943 damnatione.
1111 2887 1207 2943 Isti
1243 2888 1311 2943 ad
1357 2887 1593 2943 Pilatum
1625 2901 1753 2941 cum
1782 2884 2093 2948 venissent,

2180 589 2376 656 φαντεῖ
2404 586 2677 658 πτωχούς.
2732 604 2752 640 ι
2791 586 2902 640 Καὶ
2933 584 3099 639 πάλιν
3120 599 3135 612 ·
3175 602 3192 633 ι
3224 584 3367 636 Λέων
3395 584 3593 647 πεινιίιν,
3622 589 3698 642 καὶ

2180 678 2343 743 λύκος
2367 678 2559 747 διψῶν,
2597 699 2615 732 ι
2652 679 2711 744 δς
2742 680 3019 751 τυραννεῖ,
3048 674 3261 746 πτωχῦς
3284 675 3387 742 ῶν,
3418 674 3551 739 llius;
3576 696 3701 733 πενι-

2184 772 2339 843 χρόν.
2374 772 2503 827 Καί·
2526 792 2543 824 ι
2570 772 2836 836 Βασιλεὺς
2857 770 3040 841 ἐνδεὴς
3072 768 3365 839 προσόδων,
3395 768 3548 837 μέγας
3574 785 3705 823 συκο-

2182 865 2410 935 φάντος.
2476 885 2494 915 ³
2535 864 2663 918 Καί·
2696 884 2715 916 ι
2757 863 2818 917 '0
2859 862 3113 935 ὀρύσσων
3166 859 3351 929 βόθρον
3394 859 3466 929 τῷ
3508 860 3706 932 «uincam

2182 958 2504 1027 ἐμπεσεῖται
2533 958 2613 1020 είς
2632 955 2819 1011 αὐτόν.
2843 974 2863 1008 ι
2880 956 2989 1010 Kal
3015 957 3044 1008 ὁ
3083 952 3530 1023 Ἑκκλησιαστής·
3555 969 3572 1002 ι
3604 953 3710 1007 Ἐπ-

2185 1048 2426 1119 έστρεψα
2470 1048 2603 1116 ἐγὼ,
2642 1048 2738 1101 καὶ
2777 1048 2886 1102 ἴδον
2921 1046 3103 1109 πάσας
3134 1045 3234 1107 τὰς
3274 1043 3611 1112 συκοφαντίας
3630 1042 3712 1108 τὰς

2184 1141 2485 1210 γενομένας
2518 1142 2623 1195 ὑπὸ
2661 1140 2753 1195 τὸν
2779 1141 2933 1211 ἥλιον
2954 1157 2968 1170 ·
3014 1142 3111 1193 καὶ
3141 1138 3252 1192 ίδοῦ
3282 1138 3485 1207 δάκρυα
3509 1136 3607 1188 τῶν
3636 1153 3713 1189 συ-

2184 1234 2675 1303 κοφαντουμένων·
2708 1233 2805 1288 καὶ⁸
2857 1234 2964 1287 οὐκ
3012 1232 3164 1286 ἔστιν
3204 1230 3399 1293 αὐτοὺς
3440 1230 3468 1282 ό
3495 1245 3713 1299 παρακα-

2184 1326 2314 1381 λῶν.
2371 1344 2389 1377 ι
2424 1326 2534 1380 Kal
2569 1321 2728 1390 αὖθις
2754 1341 2769 1355 ’
2821 1346 2839 1377 ι
2887 1326 2951 1379 Ἦ
2988 1323 3321 1391 συκοφαντία
3355 1321 3621 1392 περιφέρει
3647 1336 3718 1373 σου

2187 1413 2308 1485 φὺν,
2340 1416 2433 1469 καὶ
2456 1414 2713 1470 ἀπολλύει
2736 1416 2835 1486 τὴν
2866 1414 3098 1487 καρδίαν
3124 1412 3399 1481 εὐγενείας
3432 1409 3617 1471 αὑτοῦ,
3638 1410 3719 1465 »⁸0

2186 1504 2243 1559 δὲ
2270 1506 2474 1576 Κύριος
2508 1524 2527 1557 ι
2568 1505 2731 1559 σώσει
2765 1507 2899 1569 τοὺς
2922 1506 3073 1567 υἱοὺς
3101 1504 3212 1557 τῶν
3244 1503 3508 1572 πενήτων.
3534 1503 3621 1553 καὶ
3640 1518 3720 1554 τα-

2187 1595 2443 1650 πεινώσει
2472 1598 2837 1668 συκοφάντην.
2864 1615 2881 1649 ι
2917 1594 3368 1665 Ἀσφαλισὼμεθα
3388 1588 3479 1646 οὖν
3506 1593 3721 1655 ἑαυτοὺς,

2187 1686 2408 1757 ἀδελφοὶ
2436 1728 2452 1751 ,
2498 1688 2607 1741 ἀπὸ
2656 1688 2757 1759 τῆς
2786 1688 3076 1755 παγκὰκου
3110 1684 3495 1754 συκοφαντίας,
3521 1682 3724 1745 δεδιότες

2187 1779 2288 1849 τὴν
2318 1779 2524 1851 πικρὰν
2556 1780 2778 1834 κόλασιν
2812 1779 2923 1833 τῶν
2947 1779 3154 1848 ταύτην
3188 1777 3500 1846 μετιόντων.
3522 1775 3726 1827 Τούναν-

2186 1871 2299 1923 τίον
2329 1871 2404 1936 δὲ,
2446 1871 2514 1925 τὰ
2550 1870 2645 1924 τοῦ
2680 1870 2894 1927 Παύλου
2919 1911 2935 1935 ,
2970 1872 3067 1925 σὺν
3097 1869 3177 1939 τῷ
3208 1869 3406 1937 Παύλῳ
3440 1866 3727 1938 μελῳδὴσω·

2186 1980 2309 2035 μεν·
2347 1984 2366 2016 ι
2403 1964 2831 2036 Λοιδορούμενοιν
2854 1963 3207 2033 εὐλογοῦμεν,
3229 1961 3549 2030 διωκόμενοι
3572 1957 3729 2026 ἀνεχόι

2187 2055 2345 2125 μεθα,
2376 2053 2859 2126 βλασφημούμενοι
2894 2052 3343 2125 παρακαλοῦμεν.
3374 2049 3618 2119 Ὢσπερεὶ
3651 2065 3732 2101 κα-

2188 2146 2449 2218 θάρματα
2470 2146 2565 2201 τοῦ
2590 2147 2796 2217 κόσμου
2828 2146 3063 2216 ἐγενήθη
3073 2162 3195 2214 μεν,
3226 2145 3451 2197 πάντων
3475 2140 3734 2210 περίψημα

2183 2237 2289 2300 ἓως
2318 2238 2465 2309 ἄρτι.
2503 2258 2523 2291 ι
2571 2238 2664 2307 Μὴ
2711 2235 3248 2306 συγκατακριθῶμεν
3284 2235 3401 2296 τοῖς
3444 2229 3734 2301 δυσμενέσιν

2183 2329 2397 2399 ἐχθροῖς
2426 2328 2521 2383 τοῦ
2546 2327 2808 2401 Χριστοῦ,
2850 2328 3130 2389 Ἰουδαίοις
3152 2342 3166 2357 ·
3207 2325 3410 2387 οἵτινες
3449 2321 3740 2391 προσελθόν-

2182 2439 2275 2485 τες
2319 2420 2397 2493 τῷ
2439 2422 2660 2491 unam»
2680 2462 2698 2487 ,
2738 2420 2886 2475 κατὰ
2908 2419 3005 2474 τοῦ
3034 2419 3244 2491 Κυρίου
3267 2417 3477 2485 ελεγονο
3519 2433 3536 2466 ι
3566 2411 3740 2467 Τοῦτον

2186 2514 2433 2585 ηὖραμεν
2468 2514 2862 2584 διαστρέφοντα
2902 2512 2965 2565 τὸ
3004 2512 3175 2575 ἔθνος,
3204 2511 3300 2564 καὶ
3331 2507 3599 2563 κωλύοντα
3627 2506 3741 2558 Καί-

2189 2624 2315 2677 σαρι
2344 2604 2545 2677 διδόναι
2590 2605 2813 2676 φόρους,
2856 2604 3088 2672 λέγοντα
3128 2601 3324 2656 ἑαυτὸν
3359 2597 3586 2670 Χριστὸν
3612 2596 3742 2668 βασι-

2189 2698 2287 2751 λέα
2315 2690 2476 2766 εἶναι.
2522 2716 2540 2749 ι
2580 2695 2753 2760 Αὐτὸς
2784 2696 2842 2750 δὲ
2878 2697 3057 2749 πάντα
3091 2693 3168 2758 ὡς
3199 2693 3390 2765 ἀρνίον
3430 2692 3626 2746 ἄκακον
3656 2705 3744 2758 μα·

2192 2788 2484 2860 κροθύμως
2522 2788 2739 2860 ἔφερεν.
2787 2786 2952 2859 Αύτῷ
2996 2788 3031 2858 ἡ
3080 2786 3207 2852 δόξα
3249 2787 3334 2850 είς
3385 2784 3511 2847 τοὺς
3546 2780 3741 2843 αἰῶνας.

2207 2883 2262 2936 Ἀ
2274 2882 2405 2950 μήν.

499 2989 719 3037 exserta
759 2998 893 3038 voce
924 2984 1192 3039 adversus
1220 2981 1514 3037 Dominum
1549 2979 1809 3035 dicebant
1844 2996 1858 3033 :
1895 2997 1913 3029 ι
1960 2975 2118 3031 Hunc
2157 2975 2473 3030 invenimus
2510 2975 2928 3030 subvertentem
2980 2982 3221 3045 gentem,
3261 2980 3321 3029 et
3374 2969 3745 3043 prohibentem

504 3071 714 3127 tributa
754 3072 875 3129 dari
913 3073 1139 3133 (ἔθεσι-ἰ.
1170 3073 1448 3128 dicentem
1496 3085 1558 3127 se
1584 3069 1870 3126 Christum
1938 3081 2125 3139 regem
2163 3081 2287 3120 esse
2308 3068 2355 3098 ⁹¹
2393 3082 2408 3120 :
2446 3086 2463 3116 ι
2502 3065 2619 3137 ipse
2648 3074 2833 3121 autem
2880 3074 2942 3120 ut
3000 3082 3177 3138 agnus
3206 3058 3747 3131 iunocens,lougani-

501 3165 579 3221 mi
615 3165 904 3221 tolerantia
933 3175 1131 3222 cuncta
1174 3165 1509 3236 perferebat.
1553 3164 1664 3236 lpsi
1690 3163 1864 3235 gloria
1892 3162 1949 3217 in
1993 3156 2197 3215 saecula
2226 3159 2424 3215 Amen.

1066 3299 1349 3357 HOMILIA
1387 3299 1520 3354 XLI.

1152 3413 1228 3469 De
1260 3415 1423 3485 furto.

2779 3294 3001 3349 ΛΟΙὊΣ
3034 3294 3172 3351 MA'.

2758 3410 2901 3478 Περὶ
2942 3408 3205 3478 κλοπῆς.

575 3529 800 3587 Damon
837 3529 929 3585 hic
971 3528 1322 3598 improbandi
1372 3527 1508 3584 furti
1559 3530 1833 3600 reprobus
1885 3530 2083 3588 artifex

2263 3518 2434 3588 Οὗτος
2477 3524 2505 3577 ό
2532 3524 2863 3594 κακότεχνος
2904 3523 3004 3594 τῆς
3032 3523 3242 3594 κλοπῆς
3285 3522 3526 3595 δαίμων,
3559 3522 3755 3595 πρῶτον

504 3620 746 3693 primunt
763 3618 987 3690 quidem
1010 3633 1041 3673 a
1061 3617 1266 3672 vilibus
1288 3626 1343 3673 et
1365 3618 1579 3688 exiguis
1594 3622 1762 3674 rebus
1781 3620 2089 3689 auspicium

505 3713 677 3769 sumit
720 3727 835 3767 suae
889 3712 1046 3767 artis.
1102 3710 1268 3781 Atqui
1322 3710 1587 3780 temporis
1659 3727 1957 3781 progressu
2020 3710 2089 3766 ad

505 3820 702 3875 magna
730 3803 934 3859 sensim
962 3803 1309 3874 provehitur,
1338 3818 1401 3858 ac
1429 3802 1652 3857 tandem
1682 3804 1736 3859 in
1769 3802 2091 3859 difﬁcillima

507 3911 740 3966 queque
770 3894 993 3949 desinit.
1028 3894 1232 3948 Eorum
1255 3894 1401 3948 enim
1426 3908 1549 3963 qua:
1583 3893 1721 3948 fiunt
1744 3894 2093 3965 unumquod-

508 4003 638 4058 que,
667 4004 698 4042 a
737 3987 967 4041 minimo
999 4002 1159 4040 suum
1199 3986 1350 4055 capit
1387 3985 1719 4046 exordium:
1761 3987 1853 4042 ubi
1904 4000 2090 4043 autem

507 4097 573 4135 ea
598 4095 686 4135 res
714 4087 931 4149 sumpta
968 4078 1235 4149 paulatim
1277 4078 1536 4133 alimonia
1566 4077 1895 4144 adoleverit,
1926 4095 2085 4148 grau-

508 4171 692 4228 descit
735 4172 850 4243 jam
907 4171 1233 4242 quotidiana
1285 4172 1625 4227 accessione.
1674 4170 1891 4226 Malitia:
1939 4171 2090 4225 enim

510 4260 673 4316 istius
703 4259 1160 4331 deploratissinue
1182 4276 1292 4322 ars,
1342 4270 1459 4314 rete
1484 4258 1760 4329 quoddam
1800 4268 1887 4314 est
1935 4259 2093 4313 miris

512 4352 730 4407 technis
763 4352 1063 4423 implexum
1098 4360 1155 4406 et
1182 4351 1493 4406 involutum
1528 4349 1663 4419 :qui
1698 4350 1884 4420 aliquo
1914 4366 2092 4420 usque

511 4462 571 4501 se
619 4445 734 4517 jam
789 4445 918 4500 sivit
975 4445 1083 4501 hoc
1160 4443 1431 4513 implicari
1511 4443 1749 4512 laqueo,
1812 4442 2091 4513 siquidem

422 4524 426 4529 ⁷
511 4547 807 4597 cunctetur
835 4547 892 4593 et
916 4538 1155 4609 negligat
1188 4537 1273 4592 bis
1296 4535 1447 4591 tricis
1469 4535 1745 4605 explicare
1779 4550 1838 4590 se
1864 4543 1921 4590 et
1943 4536 2096 4591 evol-

512 4650 664 4700 vere,
695 4633 844 4687 omni
893 4648 1019 4687 mox
1046 4647 1114 4687 ex
1156 4639 1312 4700 parte
1363 4628 1711 4698 astringitur.
1757 4628 1898 4684 Dum
1942 4629 2093 4684 enim

511 4730 772 4778 extenuat
820 4719 952 4775 furti
992 4719 1337 4791 gravitatem,
1389 4731 1577 4771 secum
1606 4715 2094 4773 admurmuratta-

512 4816 661 4869 citus
695 4832 707 4866 :
769 4828 937 4884 parva
978 4820 1110 4866 sunt
1150 4811 1285 4875 haec,
1341 4809 1477 4863 nihil
1512 4808 1630 4863 hzec
1667 4817 1822 4874 sunt,
1868 4825 1979 4863 non
2010 4818 2096 4865 est

2197 3618 2299 3688 μὲν
2321 3616 2534 3689 μικρῶν
2559 3617 2669 3670 τῶν
2692 3617 3036 3688 πραγμάτων
3058 3617 3397 3687 ἀπάρχεται.
3428 3616 3539 3669 Kal
3570 3615 3755 3686 προϊὼν

2193 3709 2275 3772 είς
2309 3707 2524 3779 μεγάλα
2558 3709 2650 3762 κα)⁸
2685 3708 2865 3779 παχέα
2893 3708 3211 3778 καταλήγει.
3244 3709 3357 3762 Kal
3390 3709 3502 3780 γὰρ
3535 3709 3625 3762 καὶ
3651 3709 3756 3761 ἔκαε

2194 3818 2319 3854 στον
2330 3800 2438 3855 τῶν
2463 3800 2761 3872 γινομένων
2789 3801 2897 3855 ἀπὸ
2927 3800 3132 3871 μικροῦ
3159 3800 3496 3872 ἁπάρχεται,
3522 3802 3613 3855 καὶ
3634 3800 3758 3855 κατα

2196 3893 2362 3964 μέρος
2402 3895 2736 3965 τρεφόμενον
2786 3893 3056 3963 λαμϐάνει
3103 3893 3202 3963 τὴν
3245 3893 3523 3965 αὔξησιν*
3579 3896 3655 3949 δτι
3692 3894 3758 3947 δί-

2193 3985 2354 4039 κτυόν
2383 3984 2531 4038 ἐστιν
2557 3984 2894 4038 πολύπλοκον
2920 3985 3017 4053 τῆς
3042 3986 3240 4049 κακίας
3264 3987 3510 4055 μέθοδος.
3550 3987 3607 4040 '0
3632 4002 3759 4055 μεριο

2194 4076 2306 4138 κῶς
2336 4076 2660 4145 ἐμπλακεὶς,
2695 4077 2789 4130 ἐὰν
2838 4076 3110 4149 ἀμελήσῃ,
3148 4077 3523 4149 περιεκτικῶς
3554 4076 3760 4146 σφίγγε-

2193 4184 2320 4221 ται·
2351 4167 2655 4232 Εὑτελίζων
2700 4168 2809 4238 γὰρ
2838 4168 2907 4222 τὰ
2937 4169 3111 4240 μικρὰ
3134 4210 3148 4233 ,
3183 4170 3373 4238 φησὶν,
3406 4168 3579 4224 Οὐδέν
3619 4170 3758 4233 εἰσιν,

2194 4261 2294 4315 οὐκ
2336 4261 2484 4315 ἔστιν
2538 4261 2781 4331 ἁμαρτία
2802 4277 2817 4294 °
2851 4261 2948 4316 καὶ
2983 4262 3172 4316 λοιπον
3216 4262 3513 4332 συνηθείας
3547 4266 3760 4333 ἐπικρα-

2192 4351 2415 4424 τούσης,
2440 4352 2517 4415 ὡς
2539 4352 2849 4423 γάγγραινα
2874 4353 3043 4423 νομὴν
3067 4352 3508 4423 εὑρίσκει.Ἕθος
3530 4352 3655 4424 γὰρ,
3680 4369 3765 4424 qn}.

2197 4448 2303 4511 σιν,
2331 4445 2562 4516 δευτέρα
2598 4445 2785 4516 φύσις.
2820 4446 2931 4499 Kal
2966 4444 3144 4515 πολλῷ
3167 4445 3325 4516 κόπῳ
3350 4446 3440 4509 τίς
3466 4445 3763 4511 ἐλευθεροῦ·

2192 4557 2285 4594 ται
2331 4539 2867 4609 κατακυριευόμενος
2903 4539 2995 4592 ὑπ’
3037 4538 3231 4605 αὐτοῦ,
3280 4540 3333 4592 εί
3383 4540 3461 4610 μὴ
3493 4538 3765 4602 ἁνενδότως

2196 4635 2291 4688 καὶ
2318 4631 2551 4696 ἀναιδῶς
2582 4630 2861 4703 προσέλθῃ
2880 4630 2960 4701 τῷ
2975 4631 3219 4701 Δεσπότῃ
3240 4630 3469 4701 Χριστῷ
3500 4631 3589 4684 διὰ
3609 4645 3764 4699 προσ-

2196 4725 2367 4796 ευχῆς
2414 4727 2509 4779 καὶ
2564 4725 2840 4796 νηστείας.
2878 4724 2971 4777 καὶ
3020 4723 3421 4793 δλεημοσύνης,
3455 4724 3676 4794 κράζων
3698 4718 3766 4790 τῷ

2196 4817 2393 4888 Ἰησοῦ,
2414 4819 2504 4871 καὶ
2526 4817 2718 4884 λέγων·
2748 4815 3144 4885 Ἐλευθὲρωσόν
3176 4832 3267 4884 με,
3290 4816 3570 4875 Δέσποτα,
3598 4814 3670 4877 ὠς
3685 4814 3766 4865 τὸν

514 4917 802 4978 peccatum
844 4926 855 4960 :
887 4922 951 4981 ac
992 4906 1065 4961 ita
1098 4905 1362 4974 deinceps
1398 4903 1772 4959 invalescente
1796 4914 2088 4959 consuetu-

2199 4885 2654 4978 συσταυρωθέντα
2681 4924 2761 4960 σοι
2790 4905 3016 4977 λῃστὴν,
3052 4906 3147 4959 καὶ
3169 4906 3356 4968 Λευὶν,
3386 4906 3485 4959 καὶ
3510 4905 3767 4974 Ζακχαίον

515 5000 669 5061 dine,
715 5013 1018 5069 gangraena}
1065 4996 1119 5051 in
1166 5010 1397 5059 morem,
1446 4995 1500 5049 in
1544 4996 1704 5050 ulcus
1748 4994 2097 5050 fedissimum

517 5102 845 5159 proserpere
896 5088 1197 5143 invenitur.
1249 5086 1609 5144 Consuetudo
1653 5086 1825 5151 enim,
1857 5088 1936 5141 ait
1982 5088 2097 5153 ille,

516 5181 689 5236 altera
731 5191 817 5235 est
862 5189 1079 5235 natura.
1133 5181 1337 5251 Ecquis
1366 5180 1591 5235 tandem
1623 5180 1695 5235 ab
1740 5180 1845 5235 hac
1876 5181 2096 5236 furandi

516 5272 943 5335 consuetudine,
988 5273 1433 5343 quantiseunque
1504 5272 1792 5328 laboribus
1833 5274 2097 5329 eximitur

518 5376 575 5422 et
598 5366 995 5436 emancipatur,
1038 5365 1125 5421 vel
1153 5367 1324 5422 semel
1354 5367 1421 5422 ab
1447 5382 1509 5422 ea
1544 5367 1856 5422 edomitus?
1888 5368 1943 5423 ni
1978 5367 2091 5423 for-

520 5474 617 5513 san
647 5459 693 5513 is
720 5474 829 5512 non
857 5456 1232 5527 perfunctorie
1271 5473 1333 5513 ac
1366 5459 1520 5513 nullo
1548 5469 1859 5515 remorante
1882 5462 2094 5531 pudore

519 5548 725 5605 Christi
751 5549 968 5605 Domini
993 5549 1223 5619 supplex
1254 5550 1502 5620 procidat
1538 5549 1772 5620 pedibus
1792 5593 1806 5615 .
1841 5567 1938 5621 per
1969 5568 2095 5606 ora-

594 5735 641 5765 “
678 5734 821 5789 Psal.
852 5748 998 5797 xui,
1024 5732 1079 5787 2.
1196 5734 1239 5767 ⁸⁸
1274 5734 1442 5791 Eccli.
1480 5752 1593 5800 xm,
1616 5737 1703 5791 50.

1818 5738 1863 5768 ⁸⁸
1890 5738 2047 5793 Prov.
2086 5751 2269 5797 xxvm,
2299 5734 2384 5789 l5.

2196 5002 2323 5064 τοὺς
2352 4999 2626 5064 τελώνας;
2664 5000 2784 5072 Χρὴ
2821 4999 2877 5052 δὲ
2908 4999 3001 5051 καὶ
3030 5000 3243 5069 δάκρυα
3278 4998 3658 5069 προσκομίσαι
3682 4994 3767 5047 ab»

2195 5093 2298 5162 τῷ,
2345 5094 2425 5147 ὅτι
2462 5091 2531 5146 τὰ
2557 5092 2768 5161 δάκρυα
2813 5091 2978 5144 δεκτὰ
3008 5091 3161 5161 αύτῷ
3180 5092 3338 5144 εἰσιν.
3364 5091 3481 5145 Kal
3510 5088 3718 5159 βλέπων
3741 5084 3767 5137 ὁ

2195 5186 2328 5248 Θεὸς
2386 5184 2487 5252 τὴν
2528 5185 2819 5255 μετάνοιαν
2868 5182 3055 5248 αὐτοῦ,
3099 5183 3335 5254 παρέχει
3376 5181 3534 5252 αὐτῷ
3576 5179 3767 5247 ἀγαθὸν

2196 5277 2457 5348 λογισμὸν
2477 5276 2575 5329 τού
2607 5276 2681 5348 μὴ
2705 5275 2991 5346 ὀρέγεσθαι
3022 5277 3090 5329 τὰ
3111 5277 3203 5329 τού
3229 5276 3481 5344 πλησίον.
3524 5275 3583 5327 ’0
3607 5273 3766 5326 θέλων

2198 5365 2315 5435 οὖν,
2342 5369 2417 5432 ὡς
2446 5368 2659 5439 εἴρηται
2683 5410 2697 5432 ,
2728 5369 2828 5438 τῆς
2855 5368 3064 5439 ἀνόμου
3095 5368 3300 5439 ταύτης
3328 5368 3595 5439 ἐργασίας
3622 5365 3765 5417 ἐλευ-

2203 5461 2390 5533 θερίας
2412 5463 2618 5530 τυχεῖν,
2641 5461 2921 5531 εύμαρῶς,
2948 5460 3017 5513 δι’
3039 5460 3445 5531 ἀκτημοσύνης,
3475 5460 3569 5511 καὶ
3596 5456 3765 5522 ὀλιγο-

2206 5554 2403 5618 σιτίας,
2458 5554 2553 5607 καὶ
2602 5554 2952 5626 προσευχῆς,
2999 5552 3096 5607 καὶ
3150 5552 3251 5624 τῆς
3305 5552 3413 5605 τῶν
3469 5549 3765 5621 μελλόντων

2498 5733 2543 5767 ⁸⁷
2592 5735 2754 5790 Prov.
2826 5747 2973 5793 κατι,
3034 5730 3123 5785 ετ.
3214 5729 3259 5762 ⁸³
3294 5726 3475 5785 Eccle.
3532 5741 3604 5786 tv.
3640 5717 3762 5786 με.

526 5804 569 5836 "
601 5806 781 5862 Eccle.
810 5821 904 5872 vti,
930 5803 982 5858 8.
1060 5806 1105 5837 ’°
1136 5804 1438 5871 Psal.t.xx1,
1477 5809 1528 5862 4.
1604 5811 1645 5841 ’³
1680 5809 1698 5863 Ι
1728 5810 1854 5863 Cor.
1895 5826 1966 5873 t\‘,
2004 5807 2083 5875 l2,

2190 5844 2200 5859 .
2265 5809 2309 5840 "
2349 5807 2482 5861 l.uc.
2519 5822 2666 5872 mu,
2704 5806 2761 5860 9..

3934 2628 3935 2669 1

3935 2732 3937 2803 1

3938 2838 3939 2883 1

3939 2942 3941 2981 1

3941 3048 3943 3111 1

3943 3152 3945 3203 1

3945 3256 3947 3307 1
