4028 6536
263 372 399 441 1561

1370 386 1697 448 HOMILIA
1738 390 1892 452 XLI.
1925 414 1997 427 -
2036 393 2133 456 DE
2171 393 2446 457 FURTO.

3339 379 3346 386 ’
3390 396 3530 465 1562

262 486 629 558 προσδοκίας,
688 486 887 558 ῥᾳδίως
944 488 1379 547 ἀπαλλάσσεται.
1441 494 1502 551 Ὀ
1548 497 1840 565 φυλάττων

1953 503 2175 572 Lionem,
2224 506 2521 576 jejunium,
2555 515 2614 562 et
2662 506 3094 579 eleemosynam,
3121 522 3340 567 exserta
3395 528 3526 568 voce

258 578 370 648 γὰρ
402 577 492 631 τὸν
517 578 683 649 νόμον
703 619 719 643 ,
757 580 1089 649 φυλάττεται
1118 585 1224 638 ὑπὸ
1252 589 1542 657 νομοδότου
1576 592 1837 661 Χριστοῦ.

256 670 348 737 Μὴ
379 666 472 723 οὖν
500 671 888 743 ἀμελήσωμεν,
911 677 1207 748 ἀγαπητοὶ,
1233 679 1330 733 τοῦ
1364 682 1644 753 συντόμως
1673 685 1843 738 ἀπαλ-

259 761 493 831 λαγῆναι
521 763 620 832 τῆς
654 762 911 837 τοιαύτης
942 766 1226 839 αἰσχύνης
1263 768 1412 824 ἐστιν
1438 773 1549 845 γάρ
1575 773 1636 826 τὸ
1668 774 1841 840 πάθος

258 852 416 907 τοῦτο
435 855 881 911 δυσαπάλλακτον
907 872 922 887 ’
955 860 1144 932 ἐπειδὴ
1166 861 1468 932 θυμηδέστε
1477 881 1567 934 ρον
1590 866 1840 935 φαίνεται

257 946 337 1017 τῷ
363 946 570 1021 κλέπτῃ
599 948 888 1021 ἐπιθυμεῖν
912 950 1022 1005 τῶν
1052 953 1372 1025 ἀλλοτρίων.
1408 958 1519 1011 Kal
1547 958 1721 1014 δοκῶν
1754 960 1844 1032 οη-

263 1038 444 1105 ρεύειν
475 1040 546 1093 τά
586 1041 660 1110 μὴ
689 1041 877 1106 αὐτοῦ,
907 1043 1205 1100 ἀπόλλυσιν
1232 1045 1304 1101 τά
1335 1048 1526 1102 αὑτοῦ.
1560 1051 1840 1120 Συνῆπται

259 1130 317 1184 δέ
352 1132 447 1185 καὶ
473 1135 541 1203 τῇ
579 1133 751 1206 κλοπῇ
783 1135 844 1188 τὺ
870 1134 1068 1204 ψεῦδος
1105 1139 1202 1194 καὶ
1229 1141 1264 1211 ἡ
1305 1144 1663 1211 συκοφαντία.
1703 1146 1843 1214 Φησὶ

258 1225 370 1296 γάρ
401 1226 430 1278 6
467 1226 630 1298 νόμος
653 1242 667 1258 °
706 1246 725 1279 ι
767 1229 842 1282 Ού
878 1229 1121 1300 κλέψεις,
1151 1232 1213 1285 ού
1240 1232 1487 1302 ψεύσεις,
1517 1237 1639 1292 ούδέ
1681 1255 1845 1293 συκο-

261 1318 557 1387 φαντήσεις
587 1323 680 1373 τὸν
706 1320 933 1389 πλησίον
963 1340 1079 1378 σου.
1120 1343 1140 1377 ι
1178 1324 1239 1379 '0
1267 1325 1326 1379 δὲ
1360 1326 1540 1399 ’Ἂχαρ
1569 1330 1622 1395 ιι,
1658 1348 1841 1402 παρα-

260 1410 431 1481 ϐάτης
456 1411 623 1483 νόμου
660 1415 755 1467 καὶ
790 1416 1014 1487 ἐντολῆς
1040 1418 1354 1490 γενόμενος,
1380 1421 1609 1493 ἔκλεψεν
1654 1426 1717 1478 ἐκ
1744 1424 1839 1480 τοῦ

259 1501 625 1575 ἀναθέματος,
641 1506 861 1579 ψελλὴν,
876 1511 971 1565 καὶ
987 1510 1244 1579 γλῶσσαν
1266 1514 1495 1586 χρυσῆν,
1517 1518 1611 1570 καὶ
1629 1517 1844 1590 δίδραγ-
1892 1570 1905 1587 κ

262 1609 342 1663 μα
376 1595 665 1652 διακόσια⁶
712 1602 808 1655 καὶ
850 1602 938 1656 διά
980 1602 1079 1676 τὴν
1109 1604 1276 1659 αὐτοῦ
1327 1607 1605 1680 ἁμαρτίαν
1646 1611 1675 1664 6
1713 1612 1844 1676 λαὸς

257 1684 451 1752 ὤλετο,
492 1691 542 1744 εἰ
577 1690 653 1764 μὴ
683 1695 712 1747 ό
761 1693 1020 1767 θεράπων
1061 1697 1270 1769 Ἰησοῦς
1298 1698 1531 1770 ἐϐόησεν
1563 1702 1701 1774 πρὸς
1726 1705 1844 1759 Κύ-

1940 596 2136 652 dicens
2170 615 2183 651 :
2219 598 2375 660 Jesu,
2410 608 2490 663 tu,
2525 599 2601 654 mi
2648 600 2903 667 Domine,
2939 601 3139 667 libera,
3170 619 3380 673 quaeso,
3414 622 3526 670 me,

1943 688 2151 742 utolim
2179 688 2426 745 liberasti
2450 690 2722 746 latronem
2752 707 2860 746 una
2887 700 3069 747 tecum
3092 695 3246 749 cruci
3275 695 3522 763 anisum,

1940 780 2073 838 lxvi
2134 782 2360 852 insuper
2401 792 2459 838 et
2510 782 2833 840 Zacchteum
2880 786 3241 856 publicanos?
3288 789 3527 846 Necesse

1942 876 2176 947 proinde
2234 876 2328 941 sit,
2378 877 2526 933 hunc
2568 878 2731 933 talem
2773 878 2840 933 ad
2904 880 3198 935 Dominum
3256 882 3529 953 lacrymas

1941 970 2276 1042 praemittere
2330 982 2386 1026 et
2433 970 2636 1026 otferre
2678 988 2694 1024 :
2745 973 2952 1027 etenim
3004 974 3260 1046 lacrymae
3294 976 3373 1030 illi
3404 992 3532 1047 per-

1942 1078 2105 1132 quam
2142 1071 2382 1131 acceptze
2419 1068 2569 1116 sunt.
2597 1060 2770 1116 Simul
2806 1063 2955 1117 enim
2990 1063 3137 1120 Deus
3161 1075 3223 1121 ut
3254 1066 3414 1121 istius
3441 1065 3529 1121 vi-

1943 1154 2036 1209 dct
2074 1153 2478 1224 pmnitentiam,
2529 1153 2727 1208 bonam
2781 1169 2908 1208 mox
2941 1156 3151 1225 aspirat
3191 1156 3347 1211 cordi
3381 1157 3531 1229 cogi-

1944 1247 2247 1309 tationem,
2280 1252 2342 1299 ut
2380 1260 2450 1299 ne
2480 1245 2535 1298 in
2576 1253 2863 1313 posterum
2894 1246 3196 1316 quidquam
3228 1248 3367 1303 male
3392 1264 3529 1303 con-

1943 1336 2194 1404 cupiscat
2238 1350 2433 1389 eorum
2491 1351 2613 1404 qua:
2675 1334 2731 1388 in
2796 1335 3016 1404 peculio
3067 1346 3198 1392 sunt
3264 1339 3529 1408 proximi.

1948 1426 2162 1498 1093
2211 1425 2476 1496 Quisquis
2521 1427 2709 1497 igitur,
2754 1426 2825 1481 ab
2865 1427 2969 1483 hac
3006 1428 3196 1498 exlege
3233 1440 3291 1487 et
3335 1431 3529 1502 iniqua

1943 1520 2266 1588 operatione
2319 1535 2428 1572 non
2488 1535 2690 1590 magno
2746 1521 3043 1579 admodum
3097 1522 3321 1593 negotio
3372 1524 3530 1594 cupit

1943 1615 2285 1684 cmancipari
2331 1625 2388 1669 et
2434 1615 2692 1674 libertate
2730 1618 2963 1687 perfrui,
3006 1635 3140 1673 sane
3180 1620 3229 1674 is
3258 1635 3357 1690 per
3383 1622 3531 1676 elee-

1944 1719 2231 1774 mosynam
2266 1714 2323 1759 et
2362 1703 2730 1775 frugalitatem
2761 1707 2875 1760 sive
2903 1707 3300 1777 pareimoniam
3324 1709 3525 1773 victus,

261 1796 400 1849 ριον,
432 1782 525 1836 καί
553 1782 716 1849 αὐτὸς
759 1786 1107 1858 ἐφανέρωσεν
1135 1790 1286 1863 αύτῷ
1329 1792 1518 1849 αὐτόν.
1554 1794 1665 1849 Kal
1688 1793 1843 1851 εἶπεν

1953 1812 2046 1867 per
2088 1796 2396 1851 orationem
2441 1804 2499 1851 et
2535 1796 2852 1852 futurorum
2883 1814 3037 1869 spem
3076 1800 3335 1854 neutrubi
3362 1802 3532 1856 vacil-

273 1871 488 1969 Ἰησοῦς
515 1891 532 1907 ο
569 1892 589 1926 ι
638 1876 706 1930 Τί
750 1877 833 1932 ὅτι
879 1879 1090 1948 ὤλεσας
1127 1884 1314 1953 huic;
1342 1884 1740 1969 6501009666“
1784 1905 1844 1943 σε

1953 1891 2171 1957 tantem,
2232 1889 2389 1945 facile
2417 1889 2532 1944 voti
2586 1889 2948 1960 ficteompos.
2981 1890 3085 1958 Qui
3133 1900 3318 1947 autem
3347 1900 3532 1948 servat

263 1964 493 2037 Κύριος.
540 1987 560 2022 ι
608 1971 719 2025 Kal
763 1973 1040 2029 ἀπέλαϐεν
1071 1965 1358 2050 ἰσόρροπον
1404 1978 1500 2034 τοῦ
1529 1979 1846 2054 κλέμματος

262 2057 367 2128 τῆς
411 2064 781 2135 παρανομίας.
836 2067 1253 2139 Ἐλιθοϐόλησεν
1295 2073 1407 2144 γάρ
1454 2073 1622 2128 αὑτὸν
1659 2076 1770 2140 πᾶς
1816 2077 1848 2131 6

264 2149 395 2216 λαὸς
451 2153 550 2208 σὺν
606 2158 777 2212 πᾶσιν
828 2162 941 2225 τοῖς
980 2162 1168 2230 αὐτοῦ,
1204 2163 1299 2218 καὶ
1348 2165 1639 2221 ἀπέθανεν.
1669 2168 1781 2221 Kal
1818 2169 1847 2223 6

267 2245 552 2318 προφήτης
577 2249 855 2322 Ζαχαρίας
882 2252 1141 2323 περὶτῶν
1169 2254 1428 2311 τοιούτων
1461 2256 1648 2326 φησίν·
1686 2276 1706 2310 ι
1733 2257 1849 2313 Kal

266 2338 639 2397 εἰσελεύσεται
678 2346 712 2417 ἡ
774 2347 885 2418 ἀρὰ
916 2349 997 2423 εἰς
1029 2349 1123 2403 τὸν
1149 2346 1299 2405 οἷκον
1322 2351 1420 2406 τοῦ
1452 2352 1687 2407 κλέπτου
1706 2393 1724 2419 ,
1754 2352 1849 2408 καὶ

267 2432 350 2494 εἰς
370 2430 460 2486 τὸν
481 2430 630 2489 οἰκον
662 2436 753 2491 τοῦ
777 2438 1095 2509 ὀμνύοντος.
1138 2443 1234 2497 καὶ
1264 2443 1563 2499 καταλύσει
1595 2444 1656 2499 ἐν
1696 2444 1851 2516 μέσῳ

267 2524 457 2579 αὐτοῦ.
484 2545 503 2577 ι
540 2526 695 2599 Ἔχει
717 2528 773 2583 δὲ
799 2531 896 2584 καὶ
922 2534 952 2586 6
980 2532 1245 2606 κλέπτης,
1278 2536 1376 2590 καὶ
1405 2536 1500 2590 τὸν
1526 2537 1689 2609 ὅρκον
1718 2554 1849 2591 συν-

269 2616 624 2688 επισχύοντα,
653 2620 794 2676 ὥστε
820 2624 931 2677 πᾶν
960 2624 1197 2697 κλέμμα
1225 2626 1496 2697 ἀνάθεμα.
1527 2627 1585 2683 Ὀ
1613 2627 1671 2681 δέ
1700 2629 1850 2700 Παρ-

268 2712 599 2781 οιμιαστήςο
636 2730 656 2766 ι
706 2713 894 2781 Ὁδοὺς
921 2717 1139 2773 ἀσεϐῶν
1172 2719 1248 2792 μὴ
1300 2721 1561 2796 ἐπέλθῃς,
1584 2720 1853 2798 γεκκλινον

270 2799 366 2853 ἀπ’
395 2803 586 2875 αὐτῆς,
617 2806 713 2860 καὶ
738 2809 1103 2880 παράλλαξον.
1150 2831 1170 2865 ι
1225 2812 1476 2868 Ἀσέϐεια
1522 2815 1633 2886 γάρ
1678 2817 1847 2882 ἐστιν,

270 2894 342 2948 τά
389 2896 499 2951 τῶν
548 2898 727 2953 ἄλλων
767 2902 1178 2960 οἰκειώσασθαι.
1220 2906 1331 2960 Kal
1365 2906 1596 2975 ἐπάγει·
1633 2909 1694 2962 Εἰ
1740 2909 1850 2980 γὰρ

271 2987 601 3061 ἐπορεύοντο
664 2992 887 3062 τρίϐους
938 2995 1173 3064 ἀγαθάς,
1228 2996 1464 3070 ε’ύροσαν
1510 2999 1579 3056 ἀν
1626 2999 1853 3073 τρίϐους

270 3082 641 3155 δικαιοσύνης.
672 3088 784 3142 Kal
818 3089 848 3143 6
900 3090 1111 3156 Παῦλος
1147 3094 1434 3163 παραινῶν
1455 3111 1624 3166 φησιν
1652 3111 1668 3127 ο
1697 3114 1716 3149 ι
1756 3096 1850 3168 Μὴ

1946 1985 2144 2057 legem,
2197 1984 2388 2055 utique
2436 1983 2507 2037 ab
2560 1998 2632 2037 eo
2672 1984 2983 2054 protegitur
3025 1994 3083 2039 et
3126 1992 3382 2039 servatur
3430 1982 3529 2053 qui

1946 2080 2129 2136 sanxit
2173 2078 2372 2150 legem,
2416 2076 2659 2132 Christo.
2697 2076 2776 2131 Ne
2810 2071 3354 2146 igitur,'charissimi
3395 2092 3534 2132 cun-

1948 2183 2163 2230 ctemur
2194 2172 2264 2227 ab
2293 2171 2400 2227 hoc
2424 2186 2524 2241 per
2551 2185 2610 2225 se
2640 2167 2901 2240 pudendo
2922 2178 2979 2224 et
3019 2168 3387 2239 ignominioso
3429 2169 3529 2225 de-

1948 2266 2170 2329 decore,
2198 2278 2363 2333 quam
2392 2262 2650 2318 ocissime
2673 2261 3034 2330 emancipari.
3078 2261 3205 2315 Haec
3233 2259 3383 2315 enim
3413 2259 3534 2315 ani-

1949 2357 2025 2413 mi
2047 2355 2322 2428 aegritudo
2344 2355 2592 2410 insidens
2615 2354 2802 2409 animo
2832 2353 3026 2417 semel,
3051 2353 3120 2408 ab
3148 2368 3216 2408 eo
3243 2352 3532 2424 aegerrime

1949 2468 2008 2509 se
2035 2451 2170 2508 sinit
2200 2450 2384 2513 avelli,
2425 2464 2550 2504 cum
2590 2448 2680 2503 fur
2709 2448 2919 2513 credat,
2953 2446 3314 2516 cupiditatem
3352 2444 3534 2503 aliena

1951 2544 2253 2614 soppilare,
2276 2559 2392 2598 rem
2430 2557 2553 2596 esse
2586 2556 2921 2612 magnOpere
2946 2539 3310 2609 expetendam
3344 2552 3409 2591 ac
3431 2536 3533 2591 de-

1950 2635 2261 2693 lectabilem
2298 2653 2313 2689 :
2351 2633 2479 2689 inde
2502 2633 2563 2687 fit
2584 2643 2663 2697 ut,
2690 2648 2816 2686 cum
2847 2632 3070 2687 videtur
3100 2646 3210 2685 non
3237 2645 3335 2684 sua
3362 2643 3534 2684 vena-

1951 2738 2132 2785 torum
2175 2743 2328 2782 more
2364 2725 2693 2791 consectari,
2717 2740 2839 2794 qua:
2882 2723 2967 2779 sui
3005 2732 3137 2777 sunt
3168 2722 3312 2793 juris
3339 2719 3535 2791 perdat

1951 2822 2139 2878 miser.
2170 2819 2341 2875 Furto
2368 2818 2720 2874 mendacium
2748 2825 2913 2887 atque
2943 2814 3219 2871 calumnia
3250 2812 3367 2883 pari
3401 2813 3535 2884 jugo

1953 2914 2409 2971 oonfmderantur
2446 2929 2461 2966 :
2514 2910 2791 2981 siquidem
2833 2910 2918 2965 lex
2948 2909 3028 2963 ait
3058 2925 3074 2962 :
3105 2926 3125 2959 ι
3163 2907 3284 2963 Non
3323 2906 3535 2962 furtum

1952 3005 2144 3066 facies,
2164 3020 2275 3058 non
2298 3000 2607 3067 mentieris,
2634 3017 2743 3056 non
2769 2999 3203 3056 calumniaberis
3221 2998 3534 3069 proximum

1957 3105 2114 3151 tuum
2140 3094 2212 3149 ⁸³.
2255 3113 2275 3146 ι
2308 3091 2492 3148 Achar
2529 3091 2622 3146 ille
2655 3090 2883 3145 sancitze
2922 3088 3060 3161 legis
3087 3088 3247 3144 istius
3284 3102 3349 3142 ac
3378 3103 3537 3141 man-

270 3172 442 3228 δίδοτε
475 3175 641 3233 τόπον
675 3177 752 3249 τῷ
782 3179 1045 3251 διαϐόλῳ·
1082 3182 1110 3236 6
1159 3183 1435 3248 κλέπτων,
1484 3186 1684 3257 μηκέτι
1722 3186 1850 3241 κλε-

1958 3187 2071 3243 dati
2130 3184 2520 3258 praevaricator
2565 3182 2763 3247 factus,
2814 3180 3029 3236 furatus
3061 3188 3148 3236 est
3195 3195 3264 3235 ex
3303 3178 3538 3234 anathe-

272 3265 472 3333 πτέτω,
517 3269 717 3338 μᾶλλον
745 3270 804 3324 δέ
828 3273 1096 3339 κοπιάτω,
1136 3274 1509 3346 ἐργαζόμενος
1539 3280 1662 3340 ταῖς
1693 3276 1854 3341 ίδίαις

273 3361 460 3431 χερσὶν
497 3362 558 3415 τὸ
585 3362 829 3432 ἀγαθὸν,
888 3365 974 3420 ἵνα
1010 3366 1109 3437 ἔχῃ
1162 3367 1507 3438 μεταδιδόναι
1545 3366 1623 3439 τῷ
1661 3369 1856 3440 χρείαν

272 3451 470 3522 ἔχοντι,
522 3473 540 3506 ι
585 3456 692 3509 Kal
740 3455 918 3520 αὖθιςο
971 3474 990 3509 ι
1052 3457 1236 3526 Ἔγνω
1287 3457 1491 3530 Κύριος
1528 3459 1656 3525 τοὺς
1697 3459 1858 3524 ὄντας

269 3545 463 3601 αὐτοῦ.
495 3564 514 3599 ι
542 3547 668 3601 Καί·
699 3568 716 3599 ι
740 3548 1062 3619 Ἀποστήτω
1095 3551 1203 3604 ἀπὸ
1228 3550 1445 3614 ἀδικίας
1469 3553 1577 3615 πᾶς
1608 3554 1636 3606 6
1658 3551 1858 3623 ὀνομά-

271 3635 386 3699 ζων
406 3638 471 3691 τὸ
499 3639 672 3710 δνομα
708 3641 938 3712 Κυρίου.
982 3661 1000 3694 ι
1054 3642 1163 3697 Kal
1191 3644 1448 3715 ἐπιφέρει
1468 3659 1483 3675 ·
1529 3662 1549 3696 ι
1608 3643 1738 3698 Ἐὰν
1762 3644 1858 3698 οὖν

270 3728 559 3802 ἐκκαθάρῃ
602 3748 688 3797 τις
715 3733 911 3788 ἐαυτὸν
940 3733 1050 3789 ἀπὸ
1086 3733 1295 3788 τούτοιν
1314 3777 1330 3801 ,
1369 3736 1524 3791 ἐσται
1554 3735 1746 3801 σκεῦος
1778 3737 1860 3800 εἰς

268 3820 441 3892 τιμὴν
469 3824 827 3893 ἡγιασμένον.
866 3844 885 3878 ι
920 3828 1028 3880 Καὶ
1054 3827 1361 3882 ἐπιστέλλει
1385 3827 1463 3899 τῷ
1484 3828 1651 3897 Τίτῳ·
1682 3846 1701 3880 ι
1729 3827 1861 3881 Δού-

272 3912 405 3974 λους
431 3913 725 3982 δεσπόταις
760 3916 910 3981 ἰδίοις
941 3917 1348 3974 ὑποτάσσεσθαι
1374 3920 1431 3973 ἐν
1455 3920 1644 3984 πᾶσιν,
1664 3920 1861 3991 εὐαρέ-

270 4024 437 4073 στους
470 4004 632 4073 εἶναι,
680 4028 699 4061 ι
748 4011 823 4082 μὴ
863 4011 1267 4080 ἀντιλέγοντας,
1303 4011 1378 4084 μὴ
1408 4013 1857 4083 νοσφιζομένους,

271 4099 416 4154 ἀλλά
454 4103 635 4155 πᾶσαν
680 4102 866 4156 πίστιν
918 4103 1362 4175 ἐνδεικνυμένους
1390 4105 1623 4177 ἀγαθήν.
1655 4107 1717 4160 Εἰ
1748 4106 1859 4179 γάρ

273 4196 346 4248 ἐκ
378 4194 489 4247 τῶν
532 4195 750 4249 οἰκείων
789 4196 1180 4267 νοσφισάμενοι
1200 4238 1217 4262 ,
1251 4197 1497 4253 τοιοῦτον
1529 4199 1687 4263 τέλος
1714 4200 1859 4271 ἀπη-

271 4287 566 4355 νέγκαντο,
622 4286 873 4351 ’Δνανίας
904 4288 1000 4343 καὶ
1031 4290 1321 4362 Σάπφειρα
1351 4291 1423 4361 (οἰ
1448 4292 1506 4344 ἐν
1534 4292 1659 4354 ταῖς
1706 4292 1862 4362 Πρά-

276 4380 454 4447 ξεσιν,
487 4380 676 4452 φημὶ),
705 4380 857 4451 πόσῳ
892 4381 1093 4451 μᾶλλον
1119 4383 1168 4435 οἰ
1190 4383 1257 4437 ἐκ
1280 4383 1392 4437 τῶν
1418 4382 1754 4455 ἀλλοτρίων;
1790 4383 1863 4436 Τδ

276 4474 393 4542 γὰρ
445 4472 672 4543 κλέμμα
724 4472 997 4544 σύμϐολόν
1044 4475 1195 4529 ἐστιν
1241 4475 1338 4530 τοῦ
1393 4476 1727 4545 ἀφίστασθαι
1762 4477 1863 4546 τῆς

1956 3287 2101 3334 male
2138 3275 2379 3332 militare
2424 3273 2651 3344 pallium
2688 3282 2746 3326 et
2790 3270 3034 3342 linguam
3074 3284 3301 3325 auream
3331 3278 3391 3325 et
3435 3267 3542 3323 du-

1957 3378 2147 3427 centas
2185 3367 2542 3423 didrachmas
2574 3383 2588 3419 :
2626 3375 2794 3435 atque
2825 3364 2899 3418 ob
2933 3363 3041 3417 hoc
3081 3370 3372 3433 peccatum
3406 3375 3541 3431 per-

1958 3464 2099 3519 ierat
2150 3460 2413 3531 pOpulus,
2480 3458 2590 3513 nisi
2656 3458 2825 3512 Josue
2877 3455 3121 3511 famulus
3175 3453 3393 3509 Domini
3468 3451 3537 3508 ad

1957 3557 2129 3611 Deum
2181 3553 2411 3623 supplex
2450 3552 2835 3606 exclamasset.
2866 3548 2936 3604 At
2982 3548 3075 3603 hic
3127 3546 3336 3602 furtum
3375 3562 3538 3601 suum

1958 3644 2207 3717 prodidit
2256 3643 2443 3706 Josue,
2479 3641 2574 3711 qui
2618 3651 2675 3696 et
2721 3639 2905 3694 dixit:
2945 3657 2964 3690 ι
3002 3637 3074 3694 Ut
3112 3636 3247 3707 quid
3299 3634 3539 3690 turbasti

1958 3738 2092 3794 nos?
2143 3736 2403 3793 exturbet
2452 3741 2506 3789 te
2566 3729 2915 3788 Dominus”.
2961 3748 2979 3781 ι
3027 3729 3269 3798 Ecquem
3331 3725 3542 3796 recepit

1958 3830 2203 3885 fructum
2229 3828 2298 3883 de
2350 3825 2497 3880 furto
2548 3820 3063 3894 pra-.varicationis?
3107 3819 3244 3875 Cum
3280 3818 3541 3873 universo

1960 3922 2235 3994 siquidem
2263 3919 2479 3991 peculio
2514 3916 2630 3988 ipse
2668 3914 2972 3979 intercidit,
3002 3929 3066 3967 ac
3093 3922 3345 3966 mortuus
3366 3918 3475 3975 est,
3507 3926 3540 3966 a

1960 4015 2167 4088 populo
2216 4011 2498 4083 appetitus
2571 4007 2874 4078 lapidibus.
2904 4004 3199 4060 Zacharias
3243 4004 3537 4074 propheta,

1960 4110 2028 4165 de
2054 4104 2325 4178 ejusmodi
2350 4120 2363 4157 :
2397 4121 2415 4154 ι
2445 4103 2514 4157 Ει
2536 4099 2880 4171 ingredietur
2899 4096 3212 4152 maledictio
3236 4096 3289 4150 in
3315 4095 3541 4150 domum

1961 4201 2119 4265 furis,
2147 4209 2204 4254 et
2240 4198 2295 4252 in
2332 4196 2556 4251 domum
2580 4191 2839 4264 jurantis,
2879 4200 2937 4246 et
2964 4189 3181 4245 eversio
3213 4189 3304 4244 flet
3336 4188 3393 4243 in
3423 4204 3543 4243 me-

1962 4296 2055 4349 dio
2075 4294 2272 4348 domus
2303 4290 2520 4345 illorum
2534 4288 2601 4343 °'.
2641 4308 2661 4340 ι
2689 4286 2864 4341 Habet
2885 4285 3036 4340 enim
3061 4283 3542 4354 furjuramcntum

1962 4403 2074 4459 quo
2118 4401 2177 4441 se
2209 4383 2365 4439 fulcit
2395 4397 2460 4437 ac
2503 4380 2703 4434 firmat.
2739 4379 2925 4449 Itaque
2956 4377 3165 4432 furtum
3210 4392 3373 4432 omne
3418 4393 3547 4432 ana-

1963 4482 2145 4536 thema
2182 4486 2288 4534 est.
2333 4474 2720 4532 Parmmiastes
2758 4489 2774 4527 :
2813 4491 2832 4523 ι
2862 4471 2943 4526 Ad
2972 4470 3091 4525 vias
3125 4469 3428 4540 impiorum
3472 4486 3542 4525 ne

277 4564 546 4637 ἀληθείας
569 4582 584 4597 ·
623 4565 826 4637 μᾶλλον
848 4567 904 4622 δέ
928 4568 1021 4621 καὶ¹
1051 4568 1152 4637 τῆς
1184 4567 1511 4641 δεσποτικῆς
1542 4570 1854 4641 προδοσίας.

1966 4570 2286 4635 accesseris,
2317 4566 2413 4623 sed
2460 4564 2678 4621 declina
2711 4564 2781 4619 ab
2807 4562 2888 4619 eis
2912 4571 2969 4618 et
2995 4561 3220 4618 discede
3242 4561 3310 4615 ".
3348 4579 3367 4613 ι
3399 4559 3544 4616 Sane

280 4661 602 4730 Γέγραπται
656 4660 767 4729 γάρ
819 4660 878 4713 ἐν
918 4660 997 4731 τῷ
1033 4661 1178 4715 κατά
1218 4661 1474 4733 Ἰωάννην
1515 4662 1861 4733 Εὑαγγελίῳο

287 4770 312 4803 ι
354 4751 519 4819 Λέγει
546 4746 639 4805 οὖν
681 4747 762 4815 εἷς
786 4751 852 4806 ἐκ
895 4751 1004 4807 τῶν
1034 4752 1328 4823 μαθητῶν,
1379 4752 1580 4817 Ἰούδας
1627 4754 1809 4826 Σίμων
1837 4755 1866 4807 6

296 4840 676 4911 Ἰσκαριώτηςο
730 4841 829 4896 Διά
884 4841 940 4895 τί
988 4842 1149 4896 τοῦτο
1188 4842 1250 4896 τὸ
1299 4842 1472 4914 μύρον
1502 4845 1604 4897 οὐκ
1648 4843 1864 4916 ἐπράθη

279 4933 620 5003 τριακοσίων
661 4934 934 5006 δηναρίων
962 4976 976 4998 ,
1014 4935 1108 4989 καὶ
1154 4935 1309 5005 ἐδόθη
1370 4940 1643 5007 πτωχοϊς;
1696 4932 1866 4991 Εἶπεν

281 5027 347 5084 δὲ
384 5025 542 5082 τοῦτο
562 5067 578 5091 ,
621 5027 720 5098 οὐχ
749 5028 830 5082 δτι
860 5029 989 5101 περὶ
1020 5029 1132 5082 τῶν
1179 5029 1410 5100 πτωχῶν
1438 5029 1642 5101 ἔμελεν
1690 5030 1865 5100 αύτῷ,

285 5117 407 5172 ἀλλ’
434 5118 518 5172 ὅτι
559 5117 801 5187 κλέπτης
829 5115 918 5191 ἦν.
945 5121 1042 5175 καὶ
1070 5122 1131 5176 τὸ
1155 5121 1544 5195 γλωσσόκομον
1576 5123 1739 5193 ἔχων,
1775 5123 1869 5177 καὶ

285 5210 363 5264 τὰ
387 5209 691 5281 βαλλόμενα
718 5210 1039 5278 ἐϐάσταζεν.
1078 5233 1097 5268 ι
1148 5216 1213 5268 ’0
1240 5213 1297 5269 δὲ
1326 5213 1531 5284 Κύριος
1589 5214 1867 5285 μακροθύ-

294 5322 413 5377 μως
454 5305 633 5360 πάντα
670 5306 889 5377 ἔφερεν.
918 5308 1078 5380 Αὐτῷ
1116 5309 1149 5381 ή
1198 5310 1325 5375 δόξα
1354 5309 1432 5374 εἰς
1468 5310 1594 5375 τοὺς
1640 5311 1866 5373 αἰῶνας.

306 5395 502 5467 Ἀμήν.
1090 5402 1093 5403 ⁷

400 5550 643 5624 f’jlxod.
681 5566 769 5624 xv,
810 5551 891 5606 15.
995 5552 1041 5584 ⁸⁵
1069 5552 1237 5611 Josue
1256 5573 1345 5624 vn,
1381 5557 1471 5614 25.

298 5620 347 5653 ³⁸
368 5621 411 5676 ll
444 5621 583 5676 Tim.
624 5637 657 5675 lt
692 5622 821 5687 ,19.
899 5624 945 5655 ⁸³
979 5623 1116 5679 ibid.

1572 5558 1621 5591 ’³
1658 5557 1887 5615 Zachar.
1921 5573 1975 5624 v,
2021 5557 2077 5611 5.
2174 5556 2221 5589 ’³
2249 5556 2410 5614 Prov.
2466 5572 2540 5623 tv,
2584 5555 2672 5622 14,
2715 5554 2803 5611 l5.

1962 4661 2263 4734 impietatis
2289 4667 2375 4715 est
2404 4658 2510 4714 sibi
2555 4656 2839 4711 vindicare
2875 4670 2997 4725 quae
3034 4653 3201 4708 alieni
3230 4652 3543 4723 suntjuris.

1964 4756 2021 4813 Si
2050 4755 2197 4810 enim
2244 4752 2333 4808 isti
2378 4759 2524 4805 recta
2561 4748 2792 4820 ingressi
2832 4745 3087 4809 fuissent,
3137 4744 3401 4800 nimirum
3454 4743 3545 4798 in-

1964 4845 2243 4900 venissent
2299 4840 2524 4897 semitas
2584 4836 2831 4909 justitite.
2882 4835 3014 4891 Jure
3063 4834 3231 4905 igitur
3281 4833 3543 4888 admonet

1965 4938 2211 4993 Paulus:
2250 4954 2267 4985 ι
2321 4933 2400 4989 Ne
2438 4930 2705 4987 dederitis
2733 4930 2914 4984 locum
2943 4926 3165 4982 diabolo
3196 4945 3211 4980 :
3246 4925 3341 4996 qui
3386 4924 3541 4980 fura-

1966 5027 2152 5089 batur,
2183 5026 2293 5095 jam
2323 5040 2393 5078 ne
2424 5023 2665 5086 foretur;
2707 5020 2880 5090 magis
2905 5027 3089 5073 autem
3138 5016 3375 5081 laboret,
3407 5030 3543 5085 ope-

1968 5136 2098 5175 rans
2128 5118 2243 5174 suis
2273 5117 2528 5173 manibus
2551 5116 2696 5187 quod
2722 5115 2924 5170 bonum
2952 5122 3058 5177 est,
3088 5121 3150 5167 ut
3170 5112 3371 5168 habeat
3399 5109 3548 5166 unde

1968 5214 2176 5269 tribuat
2229 5211 2615 5267 necessitatem
2658 5207 2970 5265 habenti".
3020 5226 3040 5260 ι
3083 5208 3339 5263 Rursus:
3384 5205 3548 5261 Novit

1967 5307 2237 5362 Dominus
2277 5304 2373 5376 qui
2418 5313 2547 5359 sunt
2585 5304 2705 5375 ejus
2722 5304 2791 5358 ’⁸.
2836 5301 2902 5357 Et
2935 5317 2951 5356 :
2990 5320 3010 5353 ι
3044 5300 3321 5357 Abscedat
3347 5300 3417 5355 ab
3445 5299 3523 5353 ini

1968 5400 2180 5471 quitatc
2202 5398 2384 5454 omnis
2409 5397 2504 5470 qui
2541 5396 2789 5453 nominat
2818 5410 3022 5452 nomen
3065 5393 3371 5451 Domini”.
3408 5412 3426 5446 ι
3478 5391 3548 5447 Et

2916 5554 2966 5589 "
2993 5553 3198 5626 Ephes.
3225 5568 3296 5620 IV,
3329 5552 3421 5621 27,
3450 5548 3545 5610 28.

1589 5736 1818 5793 νΛΙὶΙᾹζ
1863 5735 2265 5793 ιΕΟΤιΟΝΕδ.

377 5827 405 5868 ιι
438 5826 637 5897 Ἀχαρ,
668 5827 780 5895 dic,
804 5830 1031 5886 Aeliam.
