4028 6520
564 378 702 450 1563
1800 392 2165 454 ANTIOCHI
2207 396 2553 458 MONACHI
3666 411 3775 477 1564

561 490 727 551 infert
764 514 776 552 :
809 517 826 550 ι
858 496 915 553 Si
946 498 1072 568 quis
1103 496 1270 567 igitur
1294 513 1353 553 se
1391 497 1777 555 emundaverit
1836 502 1907 557 ab
1934 503 2040 565 his,
2073 503 2179 558 erit
2216 522 2312 561 vas
2357 507 2413 561 in
2462 507 2733 564 honorem
2796 512 3201 569 sanctificatum
3226 515 3267 570 ¹.
3320 534 3340 570 ι
3381 516 3485 574 Per
3518 520 3776 590 Epistulam

554 587 710 657 jubet
742 601 798 645 et
833 592 958 647 Tito
1007 611 1019 646 ε
1061 611 1078 643 ι
1112 591 1269 646 Servi
1308 601 1365 645 ut
1391 591 1502 646 sint
1529 592 1771 648 dominis
1811 596 1927 649 suis
1956 597 2190 667 subjecti
2221 600 2266 663 ⁸,
2298 619 2316 650 ι
2353 610 2525 671 utque
2553 601 2609 655 in
2677 606 2938 660 omnibus
3005 608 3119 662 sint
3151 611 3312 681 grati,
3375 628 3482 667 non
3538 615 3654 669 item
3674 635 3780 673 con-

559 684 914 752 tradicentes,
946 702 1058 740 non
1083 687 1352 749 furantes,
1393 686 1489 740 sed
1517 694 1576 740 ut
1601 702 1818 741 omnem
1845 688 2007 742 fidem
2040 687 2421 745 demonstrent
2453 695 2674 753 bonam.
2707 698 2763 753 Si
2793 701 2941 755 enim
3007 704 3103 774 qui
3165 722 3231 761 ex
3296 709 3515 778 przediis
3580 715 3781 782 propriis

557 778 942 846 suppilarunt,
988 779 1151 833 talem
1202 787 1557 847 reportarunt
1599 795 1668 833 ex
1718 778 1867 834 furto
1924 778 2133 833 exitum
2172 779 2463 851 (Ananiam
2495 785 2622 841 dico
2688 797 2745 842 et
2807 789 3099 861 Saphiram
3121 794 3161 859 ³;
3212 805 3271 849 ut
3310 797 3365 850 in
3398 778 3781 867 apostolico-rum

558 870 794 925 Actuum
842 872 1073 926 historia
1128 872 1407 941 proditum
1454 873 1585 942 est),
1636 883 1844 943 quanto
1893 873 2139 928 atrocius
2176 873 2300 928 illos
2331 887 2517 933 manet
2575 882 2931 951 supplicium,
2969 884 3064 954 qui
3105 901 3171 941 ex
3230 886 3409 942 alieno
3436 891 3709 959 compilant
3740 905 3781 949 et

559 962 829 1016 arrodunt
862 963 1126 1032 peculio?
1165 962 1446 1033 Ejusmodi
1513 964 1659 1017 enim
1717 962 1920 1018 furtiva
1952 962 2272 1033 eompilatio
2311 969 2526 1035 pararia
2563 979 2650 1026 est
2696 972 2913 1027 consilii
2950 990 3062 1044 quo
3117 976 3187 1030 ab
3221 977 3337 1047 ipsa
3399 978 3614 1036 deﬁcias
3665 989 3785 1040 veri-

562 1064 694 1117 tate.
742 1059 916 1128 magis
959 1067 1143 1115 autem
1187 1069 1385 1115 auctor
1438 1061 1737 1116 Dominicze
1778 1060 2131 1131 proditionis.
2176 1060 2455 1133 Scriptum
2482 1068 2689 1139 quippe
2722 1079 2808 1125 est
2867 1072 2920 1127 in
2981 1072 3208 1129 Joannis
3236 1075 3529 1145 Evangelio
3562 1098 3574 1131 :
3611 1081 3788 1155 1094

566 1171 584 1203 ι
625 1151 768 1206 Dicit
800 1153 967 1223 igitur
995 1170 1138 1208 unus
1157 1171 1223 1209 ex
1246 1155 1534 1225 discipulis
1594 1157 1768 1225 ipsius
1828 1156 2000 1211 Judas
2032 1156 2275 1211 Simonis
2309 1158 2399 1214 ille
2438 1162 2731 1221 lseariotes
2762 1183 2775 1220 :
2802 1187 2820 1218 ι
2864 1167 3064 1237 thuid
3105 1180 3443 1241 unguentum
3514 1174 3649 1229 istud
3700 1151 3784 1231 non

564 1245 734 1299 veniit
770 1247 1030 1301 trecentis
1052 1246 1314 1312 denariis,
1340 1258 1396 1303 et
1416 1248 1603 1302 datum
1641 1257 1727 1303 est
1748 1248 2136 1319 pauperibus?
2176 1250 2529 1308 Dixitautem
2560 1256 2688 1321 hoc,
2724 1272 2835 1312 non
2904 1260 3034 1329 quia
3073 1260 3141 1316 de
3198 1264 3537 1333 pauperibus
3577 1283 3694 1321 cura
3724 1272 3784 1325 illi

559 1347 698 1403 erat,
749 1339 844 1393 sed
881 1340 1011 1411 quia
1050 1340 1139 1395 fur
1178 1350 1299 1396 erat
1335 1352 1391 1398 et
1464 1343 1677 1398 loculos
1746 1341 2006 1407 habebat,
2049 1350 2106 1396 et
2144 1356 2208 1396 ea
2246 1360 2367 1413 qua:
2396 1349 2797 1417 mittebantur,
2828 1354 3154 1423 exportabat
3184 1356 3228 1410 ’⁵.
3278 1376 3296 1408 ι
3329 1358 3594 1416 Dominus
3634 1374 3785 1417 autem

564 1432 700 1486 nihil
750 1447 858 1486 non
902 1432 1219 1503 perferebat
1253 1434 1659 1505 longanimiter.
1685 1433 1802 1504 .lpsi
1860 1432 2033 1503 gloria
2086 1432 2142 1486 in
2182 1437 2380 1491 saacula
2415 1440 2765 1496 sa'culorum.
2797 1443 2991 1498 Amen.

1116 1543 1402 1601 HOMILIA
1432 1547 1596 1601 XLII.

2846 1559 3067 1611 ΛΟΓΟΣ
3103 1561 3239 1616 MB'.

1150 1659 1228 1713 De
1262 1660 1554 1715 mendacio.

2803 1672 2940 1740 Περὶ
2977 1674 3270 1740 ψεύδους.

2321 1778 2394 1831 Τὸ
2415 1778 2609 1849 ψεῦδος
2630 1781 2799 1854 ἀρδην
2822 1786 3199 1858 ἀπηγόρευται
3214 1789 3584 1860 Χριστιανοῖς.
3612 1793 3788 1864 Ὠσπερ

2249 1871 2359 1942 γὰρ
2385 1872 2414 1923 6
2453 1872 2836 1943 άληθινολάλος
2882 1877 3070 1941 δοῦλός
3126 1882 3275 1933 ἐστιν
3317 1880 3415 1933 τοῦ
3456 1882 3693 1951 ἀληθινοῦ
3718 1886 3783 1938 λό-

2249 1980 2345 2032 γου
2370 1981 2382 1994 ·
2416 1965 2588 2030 οὕτως
2606 1967 2698 2019 καὶ
2720 1967 3086 2038 ὁψευδολόγος
3109 1970 3204 2023 τοῦ
3231 1970 3465 2039 ψευδοῦς
3485 1972 3656 2041 λόγου,
3681 1978 3790 2045 μᾶλα

639 1771 987 1828 Mendacium
1022 1789 1251 1843 prorsus
1289 1772 1647 1830 interdictum
1679 1774 2010 1832 Christianis
2040 1783 2146 1830 est.

567 1864 638 1920 Ut
667 1865 813 1918 enim
842 1882 966 1920 vera
1003 1867 1096 1936 qui
1145 1866 1411 1936 loquitur,
1450 1868 1604 1923 verbi
1632 1868 1882 1923 veritatis
1907 1885 1966 1923 se
2008 1868 2147 1922 nihil

567 1955 802 2009 obsoure
837 1957 1083 2011 declarat
1105 1973 1227 2013 esse
1250 1974 1505 2028 servum;
1532 1962 1606 2016 ita
1635 1960 1729 2031 qui
1755 1977 1850 2016 ore
1873 1961 2010 2016 nihil
2038 1962 2146 2016 du-

569 2048 703 2101 bitat
751 2049 1037 2105 mendacia
1066 2051 1414 2120 depromere,
1465 2054 1772 2124 mancipem
1806 2069 1864 2109 se
1897 2070 2018 2110 esse
2044 2054 2147 2110 de-

568 2151 836 2196 monstrat
862 2144 1016 2198 verbi
1058 2147 1373 2212 mendacis;
1405 2149 1579 2220 magis
1610 2163 1742 2204 vero
1789 2150 1963 2219 patris
1991 2166 2146 2206 men-

566 2234 718 2289 dacis
755 2253 769 2290 :
826 2255 845 2287 ι
884 2238 928 2292 Α
956 2255 1065 2309 quo
1116 2242 1263 2296 enim
1291 2244 1418 2312 quis
1450 2244 1629 2299 victus
1681 2252 1787 2309 est,
1819 2245 1950 2300 huic
1981 2254 2038 2301 et
2091 2245 2145 2301 in

567 2329 887 2385 servitutem
926 2333 1195 2405 redigitur
1223 2338 1265 2398 ³,
1308 2356 1326 2389 ›
1356 2338 1433 2391 ait
1460 2337 1675 2392 Petrus.
1718 2337 1859 2393 Sunt
1880 2338 2028 2393 enim
2056 2338 2144 2393 in-

568 2428 652 2475 ter
681 2422 879 2478 anima:
910 2425 1137 2480 vitiosas
1170 2427 1494 2483 affectiones
1522 2431 1800 2501 pleraeque
1830 2432 1972 2498 alize,
2007 2448 2147 2502 quas

566 2514 651 2567 ιρι
686 2513 803 2583 ipso
838 2526 1049 2572 natura;
1084 2534 1251 2575 sensu
1293 2520 1762 2591 deprehendimus
1799 2540 1921 2580 esse
1944 2540 2147 2595 pecca-

568 2614 659 2670 ta;
706 2606 1056 2663 mendacium
1101 2619 1328 2677 autem,
1374 2613 1465 2667 ubi
1518 2614 1840 2671 assiduitate
1885 2617 2147 2673 occalluit

564 2706 731 2766 atque
777 2698 1071 2765 induruit,
1105 2717 1174 2756 ne
1206 2718 1349 2757 unus
1390 2703 1612 2773 quidem
1660 2705 1939 2780 intelligit,
1977 2724 2144 2781 quam

2248 2704 2343 2760 τοῦ
2385 2705 2659 2777 ἀψεύστου
2687 2710 2975 2778 ἁγιάζεται
3018 2713 3083 2765 ὲκ
3133 2712 3233 2781 τῆς
3264 2713 3529 2783 ἀληθείας
3569 2718 3586 2783 (
3620 2735 3636 2767 ι
3680 2715 3791 2783 Ἐγὼ

566 2788 639 2843 sit
684 2788 799 2845 hau:
859 2790 1031 2847 animi
1079 2794 1348 2864 tegritudo
1395 2796 1658 2863 molesta,
1711 2799 1822 2856 imo
1879 2803 2142 2861 exitialis.

2248 2801 2357 2872 γάρ
2397 2804 2511 2871 εἰμι
2548 2805 2581 2872 ἡ
2617 2802 2868 2873 ἀλήθεια,
2908 2805 3075 2874 φησιν
3095 2806 3123 2859 6
3154 2804 3364 2876 Κύριος
3397 2824 3417 2858 ι
3448 2808 3465 2876 )
3491 2824 3504 2836 ·
3531 2806 3691 2870 οὕτως
3718 2825 3791 2877 μο-

566 2878 801 2937 Prorsus
839 2885 1124 2942 sanctione
1161 2888 1363 2944 divinae
1404 2890 1703 2961 Scriptura:
1756 2894 2144 2953 interdicimur

2248 2893 2466 2947 λύνεται
2504 2896 2533 2948 6
2567 2894 2899 2966 ψευδόμενος
2928 2897 2993 2949 ὲκ
3032 2896 3128 2950 τοῦ
3154 2898 3368 2969 πατρὸς
3399 2897 3565 2952 αὐτοῦ
3592 2898 3680 2952 τοῦ
3702 2899 3790 2952 δισ-

567 2972 878 3029 mcndacio.
920 2976 1017 3033 Est
1045 2978 1193 3034 enim
1241 2983 1453 3037 caeteris
1483 2986 1993 3054 perturbationibus
2022 2991 2144 3045 ani-

2248 2987 2426 3041 6όλου.
2468 2987 2542 3040 Τὸ
2569 2988 2676 3059 γάρ
2701 2987 2896 3057 ψεῦδος
2926 2989 2989 3042 ὲκ
3015 2988 3111 3042 τοῦ
3144 2988 3392 3060 πονηροῦ
3436 2985 3573 3043 εἶναι
3599 2990 3791 3058 σαφῶςό

2249 2055 2339 2109 λον
2367 2057 2425 2110 δὲ
2452 2056 2546 2111 τοῦ
2567 2059 2775 2130 πατρὸς
2804 2059 2897 2113 τοῦ
2913 2061 3163 2131 ψεύδους·
3201 2082 3221 2113 ‹
3255 2056 3326 2133 ⁷ῼ
3356 2066 3469 2134 γάρ
3497 2082 3608 2129 τις,
3638 2070 3787 2137 φησιν,

2247 2151 2515 2221 ἥττηται,
2584 2153 2762 2224 τούτῳ
2826 2155 2925 2208 καὶ
2975 2154 3321 2211 δεδούλωται.
3370 2177 3388 2209 ι
3426 2159 3509 2211 Τά
3577 2159 3668 2227 μὲν
3706 2162 3789 2228 γὰρ

2249 2242 2470 2297 πλείονα
2504 2244 2614 2298 τῶν
2642 2245 2819 2299 ἄλλων
2851 2246 3042 2301 παθῶν
3071 2249 3450 2319 αἰσθανόμεθα
3474 2250 3555 2303 ὅτι
3584 2251 3788 2323 ἁμαρτία

2247 2336 2417 2402 ἐστὶν,
2446 2337 2505 2391 τὸ
2538 2337 2595 2392 δὲ
2638 2338 2833 2408 ψεῦδος
2864 2341 2930 2394 ἐκ
2961 2339 3056 2395 τοῦ
3086 2341 3256 2396 αὐτοῦ
3298 2342 3651 2414 ἐνδελεχίζειν
3693 2346 3788 2397 οὐδὲ

2249 2428 2410 2497 ἴσμεν
2434 2445 2450 2460 ·
2487 2430 2571 2484 ὅτι
2619 2430 2856 2500 χαλεπὸν
2906 2434 3001 2486 καὶ
3037 2433 3282 2506 ὀλέθριόν
3324 2437 3499 2490 ἐστιν.
3545 2438 3684 2490 Πάνυ
3707 2437 3789 2509 γὰρ

2248 2520 2403 2592 παρά
2434 2524 2500 2593 τῇ
2537 2522 2659 2593 θείᾳ
2693 2523 2887 2595 Γραφῆ
2920 2526 3320 2597 ἀπηγόρευται.
3347 2529 3448 2582 καὶ
3486 2529 3631 2583 ἔστιν
3658 2535 3790 2601 χαλε-

2249 2611 2497 2683 πώτερον
2525 2614 2742 2671 πάντων
2769 2616 2879 2670 τῶν
2912 2618 3121 2672 παθῶν.
3158 2619 3376 2687 ’Ὠσπερ
3403 2620 3517 2692 γὰρ
3562 2620 3620 2673 τὸ
3652 2623 3789 2693 στόμα

568 3082 669 3121 mat
692 3083 801 3122 non
822 3071 981 3137 paulo
1008 3072 1131 3140 plus
1154 3073 1392 3129 allerens
1410 3078 1677 3133 molestia:
1698 3088 1863 3149 atque
1888 3082 2141 3150 periculi.

575 3178 593 3210 ι
644 3160 756 3231 Ego
786 3162 933 3217 enim
965 3179 1108 3229 sum,
1141 3166 1218 3219 ait
1242 3167 1529 3231 Dominus,
1566 3170 1772 3225 veritas
1793 3182 1849 3226 et
1880 3174 1990 3229 vita
2014 3176 2034 3208 ⁸
2062 3193 2076 3231 :
2121 3196 2138 3228 ι

566 3252 705 3307 adeo
741 3268 799 3308 se
822 3253 1076 3325 inquinat
1103 3273 1167 3312 ac
1185 3259 1428 3315 deftedat
1449 3262 1701 3333 quisquis
1726 3266 1899 3335 patris
1939 3269 2144 3325 diaboli

566 3346 929 3414 persuasione
982 3348 1183 3405 falsum
1210 3351 1316 3406 sibi
1348 3366 1567 3424 arrogat
1606 3373 1807 3413 nomen
1835 3378 1847 3413 :
1875 3376 1963 3415 res
1995 3363 2143 3417 enim

566 3437 683 3505 ipsa
721 3438 1033 3496 luculenter
1077 3443 1238 3499 docet
1285 3446 1631 3503 mendacium
1699 3466 1731 3505 a
1770 3453 1913 3506 malo
1974 3455 2143 3523 proli.

564 3530 721 3584 eisei.
749 3530 852 3597 Qui
879 3532 1047 3604 igitur
1064 3535 1353 3591 veritatem
1384 3538 1583 3611 diligit,
1616 3541 1754 3596 nihil
1784 3543 2024 3600 obscure
2053 3546 2147 3602 hic

566 3622 859 3677 Dominum
886 3635 943 3680 et
975 3626 1173 3697 diligit.
1209 3628 1320 3684 Lex
1352 3631 1442 3685 illa
1473 3633 1627 3701 prior
1652 3633 1835 3689 edicto
1870 3646 2048 3701 cavet,
2073 3653 2145 3692 ne

566 3717 691 3785 quis
713 3717 981 3773 adversus
1001 3721 1314 3790 proximum
1340 3725 1536 3780 falsum
1560 3727 1705 3783 dicat
1731 3729 2102 3785 testimonium
2127 3746 2141 3783 :

564 3808 870 3879 eademque
917 3812 1096 3881 jubet,
1138 3814 1366 3869 verbum
1393 3831 1555 3871 omne
1620 3816 1871 3889 iniquum
1908 3832 1969 3875 ut
1989 3836 2147 3876 aver-

566 3917 711 3957 sere.
744 3901 850 3957 Sed
874 3912 930 3959 et
954 3903 1233 3975 Sapientia
1270 3926 1282 3961 :
1314 3926 1332 3959 ι
1363 3908 1436 3965 Os
1462 3911 1606 3979 quod
1633 3912 1918 3979 mentitur,
1941 3914 2144 3971 occidit

566 3991 804 4046 animam
836 3995 877 4048 ⁷.
919 4013 936 4046 ι
986 3995 1251 4052 Rursus:
1297 4017 1315 4049 ι
1368 3999 1447 4054 Ne
1499 4017 1695 4056 exares
1735 4012 1790 4057 et
1844 4003 2145 4060 concinnes

567 4083 915 4141 mendacium
958 4087 1225 4145 adversus
1271 4090 1495 4147 fratrem
1551 4102 1726 4157 tuum,
1774 4105 1833 4149 et
1872 4111 1943 4150 ne
2005 4096 2144 4152 velis

567 4176 789 4231 mentiri
842 4193 1006 4234 omne
1057 4181 1446 4250 mendacium;
1495 4184 1789 4241 assiduitas
1837 4187 1984 4241 enim
2024 4188 2144 4259 ejus

2246 3080 2452 3151 Κύριος
2477 3080 2740 3137 διδάσκει.
2775 3081 2832 3135 Ὀ
2854 3077 2947 3135 οῦν
2973 3082 3201 3150 ἀγαπῶν
3229 3084 3327 3154 τὴν
3356 3082 3641 3154 ἀλήθειαν,
3668 3083 3792 3151 δῆλον

2245 3172 2327 3245 ὅτι
2358 3171 2450 3224 τὸν
2484 3170 2687 3242 Κύριον
2720 3171 2944 3243 ἀγαπᾷ·
2977 3174 3073 3225 καὶ
3106 3174 3135 3226 6
3170 3174 3388 3245 χαίρων
3419 3173 3501 3241 τῷ
3536 3172 3721 3242 ψεύδει,
3745 3175 3793 3223 τὸ

2247 3244 2459 3333 θέλημα
2485 3263 2577 3317 τοῦ
2600 3259 2897 3333 δυσμενοῦς
2920 3266 3127 3335 ἀγαπᾷ.
3158 3244 3386 3336 Πρῶτος
3410 3268 3438 3319 6
3468 3265 3626 3335 νόμος
3653 3282 3793 3333 παρα·

2248 3353 2531 3407 κελεύεται
2551 3371 2565 3386 ·
2589 3354 2664 3408 Οὐ
2696 3353 3246 3426 ψευδομαρτυρήσεις
3288 3356 3440 3408 κατὰ
3472 3354 3567 3409 τοῦ
3607 3354 3793 3425 πλησίον

2249 3463 2342 3500 σου
2386 3447 2691 3518 μαρτυρίαν
2715 3447 2888 3519 ψευδῆ
2923 3462 2936 3476 ·
2971 3447 3080 3502 ἀπὸ
3114 3448 3315 3511 παντὸς
3355 3450 3606 3521 ῥήματος
3640 3447 3791 3502 ἀδίκου

2248 3538 2558 3609 ἀποστήσῃ.
2601 3539 2778 3611 Καλή
2817 3540 3008 3607 Σοφία·
3048 3559 3066 3591 ι
3129 3540 3313 3609 Στόμα
3351 3540 3792 3610 καταψευδόμενον

2248 3631 2464 3702 ἀναιρεῖ
2489 3632 2689 3702 ψυχήν.
2739 3651 2757 3683 ι
2802 3633 2910 3685 Ka‘t
2961 3632 3146 3686 πᾶλιν·
3179 3652 3199 3685 ι
3237 3633 3332 3704 Μὴ
3367 3634 3604 3706 ἁροτρία
3631 3631 3792 3702 ψεῦδος

2249 3725 2339 3777 ἐπὶ
2362 3725 2591 3793 ἀδελφόν
2616 3742 2731 3789 σου,
2761 3726 2857 3777 καὶ
2894 3725 2968 3796 μὴ
2995 3725 3116 3779 θέλε
3146 3725 3449 3796 ψεύδεσθαι
3480 3729 3586 3780 πᾶν
3612 3725 3789 3796 ψεῦδος.

2258 3816 2316 3868 ’0
2347 3817 2458 3887 γὰρ
2502 3816 2883 3888 ἐνδελεχισμὸς
2933 3817 3099 3872 αὑτοῦ
3129 3819 3230 3873 οὐκ
3264 3821 3347 3883 εἰς
3390 3820 3616 3887 ἀγαθόν,
3655 3840 3671 3870 ι
3706 3818 3788 3871 Καὶ

2248 3908 2433 3971 πάλιν,
2501 3927 2519 3960 ι
2572 3908 2815 3963 Ἑκκαίει
2874 3908 3071 3979 ψεῦδος
3130 3911 3343 3980 μάρτυς
3400 3912 3606 3973 ἄδικος,
3661 3930 3677 3961 ι
3719 3910 3790 3962 καὶ

2248 3999 2555 4069 ἐπιπέμπει
2579 4000 2788 4071 κρίσεις
2814 4001 2917 4054 ἀνά
2945 4001 3109 4071 μέσον
3133 4002 3403 4071 ἀδελφῶν.
3446 4004 3507 4057 ὐ
3535 4004 3589 4058 δὲ
3603 4003 3789 4063 Ἠσαίας

2248 4092 2375 4160 περὶ
2405 4089 2497 4142 τοῦ
2527 4090 2851 4161 ἀειψεύστου
2880 4090 3010 4144 λαοῦ
3060 4091 3235 4156 οὕτως
3266 4093 3459 4162 φησίν
3499 4112 3518 4144 ι
3554 4095 3646 4146 Διά
3681 4110 3789 4162 φαυ·

2247 4180 2439 4253 λισμὺν
2469 4184 2712 4253 χειλέων,
2747 4186 2842 4237 καὶ
2862 4185 2951 4239 διὰ
2987 4183 3237 4257 γλώσσης
3274 4188 3498 4257 ἑτέρας.
3545 4206 3562 4239 ι
3589 4188 3688 4240 Kal.
3719 4179 3791 4237 αῦ-

567 4281 677 4320 non
729 4268 872 4323 cedit
902 4269 1110 4326 bonum
1134 4273 1175 4325 ⁸.
1220 4292 1238 4325 ι
1284 4275 1536 4330 Rursus:
1572 4296 1591 4327 ι
1624 4278 1893 4334 Accendit
1922 4281 2144 4335 menda-

2249 4241 2367 4337 οιςῖ
2412 4293 2431 4326 ι
2464 4241 2575 4329 ἆξαι
2598 4241 2880 4346 suam»,
2919 4241 3115 4344 ψεῦδος
3142 4241 3239 4347 ei};
3285 4241 3690 4349 ἐλπίδάήμῶν,
3720 4276 3791 4329 καὶ

566 4358 711 4413 cium
745 4361 901 4416 testis
933 4361 1220 4433 iniquus’,
1260 4383 1279 4416 ι
1316 4367 1487 4423 mittit
1519 4369 1903 4427 accusationes
1941 4371 1997 4427 in
2028 4389 2144 4430 me-

2248 4363 2324 4435 τῷ
2371 4365 2561 4436 ψεύδει
2608 4364 3130 4436 σκεπασθησόμεθα.
3204 4385 3222 4417 ι
3286 4368 3401 4421 Καὶ
3460 4371 3489 4422 6
3530 4364 3789 4437 Ἱερεμίας,

567 4448 723 4504 dium
777 4450 1028 4508 fratrum.
1072 4454 1241 4511 Isaias
1280 4457 1411 4513 item
1456 4459 1524 4515 de
1572 4462 1666 4516 illo
1694 4479 1974 4533 nunquam
2030 4484 2143 4523 non

568 4540 817 4595 mendaci
853 4544 1057 4613 populo
1072 4545 1139 4600 ad
1164 4545 1306 4602 hanc
1331 4548 1577 4618 loquitur
1599 4550 1889 4607 formulam
1921 4571 1935 4607 :
1968 4574 1986 4605 ι
2009 4555 2147 4612 Pro-

568 4642 691 4699 pter
723 4633 984 4688 malitiam
1021 4636 1293 4692 labiorum
1313 4681 1328 4704 ,
1358 4656 1457 4709 per
1485 4640 1727 4712 linguam
1752 4644 1983 4699 alteram
2012 4648 2079 4702 ⁸ο.
2118 4667 2138 4700 ι

570 4722 780 4777 Rursus
817 4741 829 4777 :
866 4743 883 4775 ι
918 4726 986 4782 Et
1014 4728 1302 4796 posuimus
1327 4732 1673 4787 mendacium
1697 4751 1849 4804 spem
1872 4747 2140 4806 nostram,

567 4822 625 4869 et
657 4816 943 4873 mendacio
972 4821 1204 4887 protecti
1240 4838 1431 4878 sumus
1462 4824 1528 4879 ιι.
1560 4844 1578 4875 ι
1617 4824 1724 4881 Sed
1749 4835 1806 4883 et
1832 4829 2100 4888 Jeremias
2128 4850 2142 4887 :

2253 4477 2272 4510 ι
2309 4458 2433 4512 Ὅτι
2488 4457 2726 4528 ψεῦδος,
2778 4460 2871 4513 καὶ
2925 4460 2988 4512 οὐ
3030 4460 3216 4525 πίστις
3268 4461 3557 4530 ἐνίσχυσεν
3600 4460 3684 4512 ἐπὶ
3715 4459 3791 4526 τῆς

2246 4551 2370 4621 γῆς.
2410 4571 2428 4603 ι
2467 4552 2526 4605 Ὀ
2554 4553 2611 4605 δὲ
2638 4552 2799 4606 Δαυῖδ
2817 4570 2832 4586 ·
2870 4573 2890 4607 ι
2927 4554 3049 4607 Υἱοὶ
3078 4552 3353 4623 ἀλλότριοι
3379 4553 3671 4623 ὲψεύσαντό
3696 4566 3789 4622 μοι·

2248 4646 2354 4699 υἱοὶ
2403 4645 2674 4715 ἀλλότριοι
2723 4646 3146 4718 ὲπαλαιώθησαν
3178 4665 3193 4679 ·
3246 4646 3342 4700 καὶ
3390 4646 3663 4717 ὲχὼλαναν
3710 4644 3793 4696 ἀπὸ

2246 4736 2358 4790 τῶν
2377 4737 2579 4809 τρίϐων
2606 4738 2806 4793 αὐτῶν.
2847 4758 2866 4791 ι
2889 4742 2951 4793 Ui
2968 4740 3078 4813 γὰρ
3114 4739 3389 4812 ἀλλότριοι
3422 4740 3526 4809 τῆς
3554 4736 3791 4807 ἀληθείας,

2249 4828 2601 4900 χωλαίνουσιν
2641 4831 3010 4902 ἐκτραπέντες
3028 4833 3130 4904 τῆς
3150 4832 3364 4896 εὐθείας
3380 4832 3526 4897 ὁδοῦ,
3560 4831 3792 4886 τουτέστιν

576 4924 595 4957 ι
627 4907 765 4973 Quia
796 4910 1144 4967 mendacium
1172 4923 1229 4970 et
1252 4931 1362 4970 non
1394 4916 1531 4972 fides
1567 4917 1799 4975 invaluit
1829 4937 1996 4993 super
2032 4933 2146 4981 ter-

569 5014 687 5052 ram
720 5001 784 5055 “.
812 5002 983 5057 David
1013 5020 1234 5076 quoque
1268 5024 1281 5061 :
1320 5027 1338 5060 ι
1370 5008 1493 5064 Filii
1517 5011 1681 5066 alieni
1706 5012 1994 5072 inveterati
2018 5029 2147 5074 sunt

566 5096 625 5143 et
653 5090 1105 5149 claudicaverunt
1130 5113 1161 5149 a
1193 5098 1405 5154 semitis
1437 5099 1552 5157 suis
1584 5102 1651 5159 ”.
1686 5123 1704 5156 ι
1739 5105 2024 5176 Siquidem
2052 5112 2145 5181 qui

568 5182 733 5237 alieni
768 5200 799 5239 a
845 5188 1080 5243 veritate
1110 5200 1242 5245 sunt
1285 5193 1475 5264 utique
1516 5195 1849 5267 elaudieant,
1884 5217 2081 5273 nempe
2114 5220 2146 5260 a

569 5274 908 5333 rectitudine
947 5279 1049 5334 viae
1101 5280 1258 5352 (qua:
1305 5284 1556 5343 Christus
1579 5294 1698 5360 est)
1749 5296 2053 5351 transversi
2083 5313 2148 5353 ac

568 5364 767 5421 detorti
804 5388 817 5423 :
847 5387 866 5421 ι
895 5372 1008 5443 Ego
1032 5375 1182 5429 enim
1209 5374 1297 5431 via
1325 5393 1445 5434 sum
1465 5389 1523 5435 et
1550 5383 1755 5439 veritas
1777 5385 1841 5453 “,
1882 5405 1900 5438 ι
1931 5386 2008 5442 ait
2039 5389 2144 5446 Do-

2250 5388 2433 5442 ἀδικία
2460 5389 2650 5461 ἑαυτῇ.
2696 5390 2867 5460 Χείλη
2894 5364 3007 5464 γὰρ
3038 5392 3189 5447 δόλια
3217 5395 3273 5446 ὲν
3315 5392 3513 5462 καρδίᾳ.
3535 5364 3793 5457 -ὲλάλησσν

567 5457 773 5515 minus.
827 5462 896 5518 Ει
922 5464 1055 5519 illud
1100 5484 1113 5520 :
1169 5486 1190 5519 ι
1245 5469 1462 5527 Inimici
1502 5474 1719 5532 Domini
1750 5479 1968 5534 mentiti
2014 5491 2144 5537 sunt

2248 5479 2443 5552 ψευδῆ.
2487 5500 2504 5531 ι
2546 5483 2604 5535 '0
2631 5483 2689 5536 δὲ
2720 5484 3033 5553 σοφώτατος
3055 5485 3310 5555 Σολομῶν
3338 5502 3351 5515 ·
3386 5505 3403 5536 ι
3434 5482 3537 5536 Δύο
3570 5479 3792 5546 αἰτοῦμαι

566 5550 700 5607 ei".
722 5570 749 5607 ,ι
780 5552 1125 5627 Quapropter
1149 5558 1277 5615 odio
1305 5561 1473 5619 habet
1500 5581 1693 5623 omnes
1722 5569 1816 5638 qui
1843 5580 2144 5641 operantur

2256 5572 2395 5645 πρὸς
2409 5550 2576 5641 Θεὸν,
2613 5576 2778 5645 φησίν
2796 5550 2818 5608 ὀ
2848 5577 2940 5647 Μὴ
2969 5576 3175 5649 ἀφέλῃς
3195 5550 3301 5631 ’ἀπ’
3335 5575 3465 5648 ἐμοῦ
3499 5574 3604 5645 πρὸ
3625 5570 3708 5625 ’τοὖ
3738 5568 3793 5639 μὲ

645 5690 733 5744 ¹ΙΙ
757 5689 996 5779 ,γέμῃ-ιι,
1027 5696 1118 5749 Ἣ.
1145 5698 1215 5779 __'
1246 5697 1359 5779 'I_'i_t.
1387 5718 1444 5779 n2
1615 5703 1635 5734 ³
1663 5706 1785 5779 Actt
1810 5721 1868 5779 δ’,
1913 5706 1964 5758 1.
2010 5708 2144 5779 7‘10

2268 5726 2357 5764 xu.
2388 5709 2508 5766 4-6.
2586 5712 2608 5742 ⁵
2636 5712 2677 5766 ll
2709 5713 2859 5768 Pctr.
2892 5730 2950 5773 tl.
2973 5714 3027 5768 6.
3105 5714 3300 5769 ‘Joan.
3327 5731 3433 5779 xw,
3455 5713 3511 5768 θ.
3585 5712 3736 5777 ’Sap.
3759 5719 3791 5779 ε.

571 5760 656 5811 ιι.
737 5763 1097 5849 _:Eccli._vu.
1142 5768 1350 5849 15,“.
1426 5760 1727 5849 impun.
1765 5760 1866 5829 19$
1931 5778 2144 5837 '°lsa.:

2250 5760 2437 5844 IlI-rill-
2467 5760 2479 5766 ⁷
2523 5782 2561 5814 ¹¹
2598 5782 2730 5837 ibid.
2758 5785 2842 5841 15.
2925 5760 2966 5816 ’ν’
3019 5785 3136 5841 lino
3171 5784 3312 5842 Osee
3357 5760 3433 5849 IV:
3451 5786 3503 5839 2.
3602 5776 3788 5835 "l’sal.

570 5846 699 5896 xvn,
727 5834 817 5888 46.
897 5838 937 5868 ’⁵
966 5838 1125 5894 Juan.
1171 5857 1278 5904 xu“,
1319 5844 1370 5896 ti.
1455 5846 1495 5875 ¹⁵
1541 5845 1679 5899 l‘sal.
1712 5834 1871 5911 ιω,
1908 5848 1988 5904 ιο.

2248 4923 2359 4976 ἀπὸ
2377 4923 2605 4994 Κυρίου.
2628 4923 2678 4993 (ι
2703 4924 2847 4993 Ἐγὼ
2872 4926 2979 4998 γάρ
2999 4927 3116 4997 εἰμι
3139 4928 3173 4996 ἡ
3201 4926 3319 4990 666;
3346 4926 3443 4980 καὶ
3468 4928 3501 4997 ἠ
3532 4925 3786 4994 difﬁsum

2249 5014 2416 5085 φησὶν
2452 5016 2481 5068 6
2534 5015 2757 5088 Κύριος.
2796 5018 2813 5087 )
2847 5016 2995 5071 Καί·
3037 5038 3056 5070 ι
3098 5018 3162 5071 Oi
3191 5018 3380 5090 ἐχθροὶ
3426 5018 3632 5090 Κυρίου
3671 5014 3794 5083 ἐψεύ-

2253 5125 2414 5164 σαντο
2446 5108 2627 5181 αὐτῷ·
2675 5128 2695 5162 ι
2727 5111 2822 5164 καὶ
2864 5111 2953 5164 διὰ
2984 5111 3145 5165 τοῦτο
3180 5112 3445 5183 ἐμίσησεν
3466 5112 3667 5170 πάντας
3694 5107 3793 5166 τοὺς

2249 5201 2654 5273 ἐργαζομένους
2681 5203 2780 5274 τὴν
2823 5204 3078 5274 ἀνομίαν.
3105 5204 3250 5257 Καί·
3291 5223 3309 5257 ι
3350 5206 3594 5266 Ἀπολείς
3620 5201 3793 5260 πάντας

2247 5297 2374 5358 τοὺς
2430 5295 2728 5361 λαλοῦντας
2772 5298 2833 5350 τὸ
2879 5297 3097 5367 ψεῦδος.
3139 5316 3159 5349 ι
3183 5328 3254 5338 -
3283 5316 3301 5349 ι
3341 5299 3463 5352 Ὅτι
3492 5290 3792 5367 ἐψεύσατοή
