4028 6510
238 369 381 437 1565

1168 389 1497 453 ΙΙΟΜΙΙΛΑ
1540 394 1761 454 XLIII.
1800 422 1868 430 -
1911 396 2007 456 DE
2054 397 2273 459 [NANI
2314 400 2625 461 GLORIA.

3379 399 3517 465 1566

228 489 523 544 ἀποθανεῖν
560 507 575 523 ο
636 493 871 563 μάταιον
900 495 1079 566 λόγον,
1116 504 1435 576 καὶψευδῆ,
1473 511 1692 579 μακρὰν
1719 509 1814 563 ἀπ’

1921 512 2288 584 iniquitatem.
2311 516 2413 572 Et:
2440 538 2457 569 ι
2482 516 2689 573 Perdes
2706 530 2900 574 omnes
2915 518 3009 589 qui
3034 519 3340 590 loquuntur
3362 537 3515 577 men-

229 584 367 652 ἐμοῦ
409 585 657 656 ποίησον.
687 586 975 661 Βδέλυγμα
1014 596 1120 667 γὰρ
1148 598 1338 671 Κυρίῳ
1364 603 1517 674 χείλη
1544 603 1717 674 ψευδῆ
1748 620 1762 633 ·
1793 606 1820 658 6

226 676 283 730 δὲ
321 678 495 731 ποιῶν
528 680 763 747 πίστεις,
792 685 982 751 δεκτὸς
1013 691 1145 762 παρ’
1175 693 1366 750 αὑτοῦ.
1412 716 1430 748 ι
1477 730 1548 738 -
1579 720 1598 752 ι
1636 704 1732 767 Ὃς
1764 702 1822 756 δὲ

229 770 502 861 ἐρείδεται
538 772 632 826 ἐπὶ
662 774 935 844 ψεύδεσιν,
980 776 1135 848 οὗτος
1170 791 1428 855 ποιμανεῖ
1463 790 1720 861 ἀνέμους.
1757 793 1820 848 Ἡ

228 862 341 929 γὰρ
365 860 570 956 ψευδὴς
595 866 819 956 γλῶσσα.
878 875 1030 940 μισεῖ
1060 874 1341 947 ἀλήθειαν.
1383 899 1401 932 ι
1434 883 1544 937 Καί
1570 860 1588 916 ν·
1620 903 1638 936 ι
1667 887 1823 956 Μάρ-

228 968 328 1042 τυς
372 951 575 1024 ψευδὴς
615 955 714 1011 οὐκ
771 958 1121 1034 ἀτιμώρητος
1162 967 1363 1023 ἔσται’
1396 971 1424 1024 6
1479 972 1536 1026 δὲ
1570 951 1821 1042 ὲγκαλών

230 1041 457 1140 ἀδίκως.
511 1046 572 1098 οὐ
615 1048 688 1118 μὴ
740 1050 1001 1126 διασωθῇ.
1048 1076 1066 1107 ι
1109 1059 1257 1113 Καί·
1298 1080 1318 1114 ι
1351 1063 1580 1135 Μάρτυς
1612 1064 1822 1140 ψευδὴς

231 1136 541 1231 ἀπολεῖται.
578 1140 742 1214 Ἀνὴρ
773 1145 830 1198 δὲ
863 1147 1101 1220 ὑπήκοος
1130 1153 1565 1227 φυλασσόμενος,
1596 1136 1822 1231 λαλήσει

230 1229 517 1326 ἀλήθειαν.
558 1254 576 1285 ι
617 1237 726 1291 Καὶ
762 1239 927 1295 πάλιν
953 1260 966 1274 ·
1014 1262 1032 1295 ι
1070 1246 1162 1318 Μὴ
1198 1247 1308 1302 τσθι
1349 1248 1552 1322 ψευδὴς
1611 1229 1824 1326 μάρτυς

233 1324 457 1415 ἐπὶγσον
499 1329 747 1402 πολίτην,
783 1351 802 1386 ι
850 1337 1151 1405 τουτέστιν,
1200 1340 1293 1394 ἐπὶ
1343 1343 1435 1395 σδν
1473 1324 1771 1415 ὁμόπιστον
1805 1364 1819 1378 ·

240 1433 257 1464 ι
294 1414 444 1483 Μηδὲ
478 1416 752 1472 πλατύνου
784 1422 880 1475 ἐπὶ
920 1426 1036 1487 σοῖς
1090 1427 1347 1496 χείλεσιν.
1383 1448 1402 1481 ι
1454 1414 1566 1486 καὶ
1621 1432 1781 1497 ἄλλος
1803 1449 1820 1465 ·

239 1525 259 1557 ι
298 1507 492 1579 μῶμος
532 1513 793 1584 πονηρὸς,
821 1515 1021 1585 ψεῦδος
1052 1520 1109 1571 ἐν
1131 1520 1426 1594 ἀνθρώπῳ.
1464 1523 1522 1578 '0
1543 1525 1598 1579 δὲ
1632 1527 1824 1592 πιστὸς

237 1599 448 1668 μάρτυς
489 1602 549 1655 ού
600 1603 876 1672 ψεύδεται.
943 1627 962 1659 ι
1011 1609 1123 1663 Kal
1159 1612 1322 1666 πάλιν
1348 1628 1365 1645 ·
1408 1632 1428 1667 ι
1459 1616 1701 1681 Ἀκακος
1732 1635 1825 1671 πι-

236 1690 417 1744 στεύει
450 1694 615 1747 παντὶ
647 1694 811 1765 λόγῳ,
863 1699 1170 1771 πανοῦργος
1213 1704 1270 1758 δὲ
1304 1704 1522 1777 ἔρχεται
1548 1709 1628 1772 είς
1654 1709 1820 1779 μετά·

232 1800 405 1839 νοιαν.
436 1804 455 1837 ι
508 1787 620 1842 Καὶ
658 1790 821 1845 πάλιν
847 1808 861 1822 ·
925 1811 944 1845 ι
975 1794 1087 1864 υύχ
1132 1796 1365 1867 ἁρμόσει
1417 1800 1613 1871 ἄφρονι
1663 1801 1817 1873 χείλη

233 1877 423 1939 πιστὰ,
454 1878 571 1933 οὐδὲ
597 1880 791 1954 δικαίῳ
811 1883 963 1955 χείλη
989 1885 1181 1957 ψευδῆ.
1220 1909 1239 1942 ι
1274 1891 1386 1945 Καὶ
1408 1893 1634 1962 ἐπάγειο
1679 1913 1697 1945 ι
1723 1893 1819 1947 Αἱ·
1851 1873 1893 1929 Β

237 1968 542 2040 ρετώτερον
577 1972 819 2039 κλέπτης
866 1976 900 2049 ἢ
941 1979 968 2031 6
999 1978 1350 2050 ἐνδελεχίζων
1381 1982 1574 2055 ψευδῆ.
1616 2004 1633 2036 ι
1678 1985 1734 2040 ’0
1762 1986 1820 2040 δὲ

231 2059 533 2125 ἀπόστολος
586 2063 802 2131 Παῦλος
832 2080 847 2095 ⁸
907 2091 924 2120 ι
966 2069 1058 2139 Μὴ
1105 2070 1366 2141 ψεύδεσθε
1410 2077 1490 2138 είς
1532 2077 1816 2149 ἀλλήλους,

232 2150 373 2206 ἀλλὰ
405 2152 739 2225 ἀποθέμενοι
778 2160 838 2213 τὸ
883 2159 1100 2230 ψεῦδος,
1137 2163 1352 2219 λαλεῖτε
1381 2166 1659 2238 ἀλήθειαν,
1686 2170 1820 2224 ἕκα-

235 2260 361 2307 στος
394 2246 532 2315 μετὰ
569 2248 664 2301 τοῦ
696 2250 926 2322 πλησίον
956 2254 1143 2310 αὐτοῦ.
1182 2276 1201 2308 ι
1236 2258 1345 2311 Καὶ
1376 2259 1433 2311 ὲν
1458 2263 1577 2325 ταῖς
1609 2261 1819 2333 Πράξε·

235 2353 323 2389 σιν
348 2337 375 2390 6
402 2338 608 2409 Πέτρος
642 2342 721 2412 τῷ
757 2342 979 2417 ’Λνανία
1006 2364 1020 2379 σ
1060 2365 1079 2399 ι
1114 2349 1214 2403 Διά
1239 2350 1313 2412 τί,
1346 2352 1532 2422 φησὶν,
1561 2353 1818 2425 ἐπλήρω-

235 2443 331 2479 σεν
362 2428 665 2495 ὀΣατανᾶς
713 2433 815 2503 τὴν
856 2436 1087 2508 καρδίαν
1140 2457 1236 2493 σου
1287 2440 1595 2510 ψεύσασθαί
1646 2461 1704 2497 σε
1758 2444 1820 2498 τὸ

234 2519 462 2592 Πνεῦμα
490 2522 578 2576 τδθ
604 2523 783 2593 ἆγιον,
824 2528 918 2581 καὶ
953 2530 1312 2601 νοσφίσασθαι
1351 2535 1460 2587 ἀπὸ
1524 2537 1627 2606 τῆς
1653 2540 1820 2608 τιμῆς

230 2612 330 2667 τοῦ
360 2616 562 2685 χωρίου
584 2633 598 2680 ;
620 2636 639 2671 ι
674 2619 781 2673 Καὶ
802 2621 1031 2691 ὲπάγειο
1065 2644 1083 2676 ι
1112 2626 1224 2681 Οὐκ
1252 2627 1466 2697 ἐψεύσω
1490 2630 1814 2701 ἀνθρώποις,

231 2706 371 2796 ἀλλά
424 2707 500 2779 τῷ
550 2709 689 2781 Θεῷ.
728 2731 746 2763 ι
806 2714 916 2767 Kal
941 2717 970 2770 6
1011 2717 1266 2782 Ἰάκωϐος
1296 2736 1311 2751 ⁸
1373 2738 1392 2773 ι
1432 2722 1585 2777 Ἐπεὶ
1623 2726 1818 2796 μικρὸν

231 2794 399 2865 ζῆλον
426 2799 577 2868 ἔχετε
611 2803 668 2855 ὲν
709 2805 818 2867 ταῖς
845 2807 1093 2877 καρδίαις
1119 2810 1291 2880 ὑμῶν,
1340 2812 1415 2884 μὴ
1449 2794 1813 2886 καταυχᾶσθε,

234 2889 337 2942 καὶ
374 2888 638 2958 ψεύδεσθε
699 2895 839 2948 κατά
873 2896 972 2967 τῆς
1011 2898 1290 2969 ἀληθείας.
1331 2918 1349 2952 ι
1419 2902 1475 2955 Ὀ
1517 2903 1571 2957 δὲ
1613 2907 1818 2979 Κύριος

230 2981 487 3051 περὶτοῦ
527 2985 941 3057 Ἀντιχρίστου’
1009 3010 1028 3043 ι
1089 2993 1260 3048 ’Όταν
1324 2994 1496 3061 λαλεῖ,
1550 3000 1704 3070 φησὶ,
1757 3001 1817 3054 τὸ

228 3072 451 3141 ψεῦδος,
475 3078 538 3129 ὲκ
568 3078 676 3131 τῶν
708 3080 853 3134 ίδίων
895 3082 1065 3149 λαλεῖ,
1100 3085 1181 3138 ὅτι
1221 3086 1465 3159 ψεύστης
1516 3093 1687 3158 ἐστὶν,
1740 3093 1817 3157 ὡς

1924 603 2144 659 dacium
2170 606 2231 660 ¹⁶.
2260 626 2278 658 ι
2306 607 2409 661 Et:
2445 627 2463 658 ι
2490 606 2627 674 Quia
2654 606 2884 663 mentita
2914 618 2999 663 est
3020 608 3286 679 iniquitas
3312 605 3417 664 sibi
3447 612 3512 676 ‘7,

1922 697 2067 752 labia
2091 698 2238 753 enim
2261 698 2452 754 dolosa
2476 701 2536 755 in
2550 700 2717 756 corde
2730 701 2860 756 etin
2880 700 3243 759 cordelocuta
3260 711 3392 757 sunt
3415 703 3458 735 ’⁸
3488 729 3506 755 ο

1922 791 2295 847 mendacium.
2314 792 2458 861 Quin
2489 794 2939 864 sapientissimus
2963 795 3224 852 Salomon
3251 797 3365 852 Deo
3395 798 3511 852 ait:

1927 905 1946 938 ι
1975 886 2094 942 Duo
2118 898 2249 943 sunt
2274 904 2397 959 quae
2426 897 2576 960 peto,
2605 906 2675 945 ne
2701 891 2940 963 deneges
2962 892 3079 948 sive
3106 892 3326 947 auferas
3348 909 3377 947 a
3400 908 3514 957 me,

1923 981 2246 1051 priusquam
2266 982 2490 1037 moriar.
2520 982 2844 1039 Sermonem
2872 1000 3076 1039 vanum
3098 1001 3162 1041 ac
3189 985 3512 1040 mendacem

1926 1071 2138 1142 1095
2155 1072 2316 1143 longe
2335 1073 2422 1128 fac
2445 1088 2475 1127 a
2497 1088 2583 1128 me
2600 1072 3037 1129 ".Ahominatio
3060 1074 3208 1128 enim
3233 1073 3378 1144 apud
3402 1072 3512 1127 Do-

1921 1162 2132 1217 minum
2154 1162 2300 1218 labia
2325 1163 2649 1230 mendacia;
2675 1164 2771 1235 qui
2800 1177 2987 1221 autem
3020 1164 3200 1220 ﬁdelis
3218 1173 3325 1230 est,
3353 1180 3513 1220 acce-

1923 1261 2053 1323 ptus
2075 1262 2159 1308 est
2176 1253 2324 1324 apud
2361 1254 2536 1309 Deum
2564 1254 2632 1307 ¹⁶.
2672 1272 2689 1304 ι
2721 1253 2791 1308 Et
2824 1270 2838 1308 :
2881 1273 2899 1305 ι
2921 1251 3029 1320 Qui
3055 1253 3255 1308 nititur
3283 1251 3514 1308 menda-

1924 1345 2046 1410 clis,
2082 1346 2175 1401 hic
2192 1357 2382 1418 pascet
2408 1356 2605 1403 ventos
2634 1348 2716 1414 ²¹;
2747 1346 2986 1403 mendax
3012 1348 3159 1402 enim
3187 1342 3379 1417 lingua
3395 1346 3513 1402 odit

1921 1440 2213 1496 veritatem
2232 1443 2330 1495 η.)
2351 1441 2453 1496 Et:
2479 1460 2497 1492 ι
2534 1439 2713 1496 Testis
2733 1438 2971 1494 mendax
2992 1455 3100 1494 non
3123 1449 3247 1494 erat
3274 1439 3514 1510 impuni-

1922 1537 2039 1597 tus;
2065 1531 2159 1601 qui
2180 1540 2365 1587 autem
2387 1531 2570 1587 defert
2591 1532 2815 1603 injuste,
2834 1547 2947 1586 non
2964 1531 3347 1586 salvabitur".
3364 1551 3381 1583 ι
3403 1532 3470 1586 Ει
3493 1549 3507 1585 :

1928 1638 1948 1673 ι
1986 1620 2167 1677 Testis
2223 1623 2460 1678 mendax
2506 1622 2712 1693 peribit
2748 1622 2835 1689 ἰς
2874 1622 2961 1677 vir
3012 1630 3198 1677 autem
3244 1622 3512 1677 obediens

1919 1711 2015 1780 qui
2051 1712 2155 1766 sibi
2179 1721 2356 1779 cavet,
2380 1712 2643 1783 loquetur
2664 1712 2959 1768 veritatem
2997 1713 3064 1766 ”.
3107 1730 3125 1763 ι
3162 1711 3270 1766 Et:
3307 1712 3388 1767 Ne
3433 1712 3513 1766 sis

1922 1805 2082 1860 testis
2113 1805 2349 1861 mendax
2384 1805 2653 1861 adversus
2692 1805 2978 1860 concivem
3027 1813 3182 1860 tuum
3230 1805 3297 1870 ",
3336 1823 3354 1856 ι
3405 1803 3510 1858 hoc

1921 1910 2006 1956 est
2027 1899 2296 1955 adversus
2329 1899 2680 1965 confidelem,
2741 1916 2759 1950 ι
2795 1907 2853 1955 et
2913 1915 2982 1955 ne
3044 1898 3291 1953 dilateris
3348 1896 3511 1953 labiis

1924 1992 2035 2047 tuis
2067 1992 2134 2046 ²⁷.
2167 2010 2185 2044 ι
2230 1992 2388 2047 Alius
2422 1993 2553 2047 item
2591 2008 2605 2045 :
2658 2011 2676 2045 ‹
2714 1991 3098 2062 Reprehensio
3134 1991 3300 2055 mala,
3350 2006 3509 2045 men-

1921 2082 2141 2139 dacium
2178 2084 2233 2138 in
2264 2082 2533 2149 homine;
2567 2082 2664 2153 qui
2722 2090 2908 2137 autem
2958 2080 3139 2149 fidelis
3191 2089 3276 2135 est
3328 2080 3505 2144 testis,

1920 2193 2031 2233 non
2060 2177 2328 2232 mentitur
2356 2176 2423 2230 ’⁸.
2463 2195 2481 2227 ι
2527 2175 2707 2229 Item:
2760 2194 2778 2225 ι
2814 2173 3089 2229 lnnocens
3130 2171 3309 2227 credit
3356 2173 3507 2227 omni

1919 2270 2114 2335 verbo,
2143 2277 2510 2324 veteratorem
2538 2277 2723 2323 autem
2747 2274 2805 2321 et
2826 2273 3069 2320 astutum
3094 2263 3384 2335 pmnitebit
3402 2265 3500 2319 ⁸⁸.»

1920 2361 2030 2416 Et:
2064 2379 2082 2411 ι
2113 2360 2231 2415 Non
2262 2358 2607 2414 conveniunt
2660 2358 2834 2413 stulto
2882 2355 3029 2411 labia
3079 2355 3285 2420 fidelia,
3327 2371 3508 2425 neque

1915 2454 2068 2523 justo
2091 2451 2259 2506 verba
2308 2449 2599 2505 mendacia
2648 2449 2714 2502 ³⁰.
2743 2466 2762 2499 ι
2822 2447 3084 2503 lnducit:
3146 2466 3164 2498 ι
3198 2446 3510 2518 Eligibilius

1919 2542 2051 2613 quid
2085 2549 2170 2597 est
2199 2540 2307 2606 fur,
2342 2556 2507 2611 quam
2541 2540 2637 2611 qui
2667 2538 2891 2595 assidue
2920 2538 3189 2595 mentitur
3209 2539 3277 2593 ³¹.
3313 2558 3330 2591 ι
3356 2538 3506 2610 Apo-

1919 2635 2096 2690 stolus
2122 2634 2255 2689 item
2298 2634 2504 2689 Paulus
2535 2651 2550 2688 :
2595 2653 2613 2686 ι
2649 2631 2967 2703 Loquimini
3001 2632 3296 2688 veritatem
3338 2649 3511 2688 unus-

1919 2726 2162 2797 quisque
2185 2743 2311 2781 cum
2334 2727 2587 2797 proximo
2615 2741 2718 2781 suo
2754 2726 2820 2779 ³⁸.
2862 2743 2881 2777 ι
2912 2725 2973 2781 In
3005 2724 3237 2781 Actibus
3285 2741 3508 2796 quoque

1919 2819 2116 2875 Petrus
2147 2818 2376 2873 Ananize
2406 2818 2546 2873 dixit
2580 2836 2594 2873 :
2638 2838 2654 2869 ι
2689 2818 2760 2874 Ut
2798 2816 2933 2888 quid
2977 2817 3229 2887 implevit
3272 2818 3503 2873 Satanas

1917 2924 2015 2964 cor
2053 2894 2491 2973 tuumfmentiri
2535 2918 2589 2965 te
2636 2908 2869 2979 Spiritui
2920 2918 3134 2976 sancto,
3169 2920 3225 2965 et
3255 2909 3507 2965 fraudare

1917 3000 1986 3057 de
2009 3002 2189 3071 pretio
2220 3001 2335 3071 agri
2362 3001 2444 3055 ³³⁸2
2482 3019 2500 3051 ι
2530 3000 2752 3055 lnducit
2783 3019 2797 3055 :
2836 3019 2854 3052 ι
2884 3000 3082 3056 Nones
3105 3001 3377 3057 mentitus
3402 3002 3506 3057 ho-

1916 3091 2183 3156 minibus,
2231 3090 2329 3146 sed
2376 3092 2489 3147 Deo
2530 3091 2593 3146 ".
2633 3111 2650 3144 ι
2695 3092 2972 3147 Jacnbus:
3025 3110 3044 3144 ι
3082 3092 3220 3149 Cum
3259 3109 3505 3148 amarum

231 3167 333 3219 καὶ
365 3169 392 3220 6
423 3170 605 3240 πατὴρ
647 3171 832 3227 αὑτοῦ.
870 3193 889 3226 ι
952 3177 1309 3244 Ἀκούσαντες
1351 3176 1466 3243 οὖν.
1511 3183 1811 3254 ἀγαπητοὶ,

231 3258 326 3279 -ὶ..
387 3276 444 3279 _,
499 3278 509 3279 γ
563 3262 575 3279 \
662 3263 674 3279 I
702 3263 715 3279 ο
929 3265 955 3277 η
1002 3267 1026 3279 μ
1094 3268 1120 3279 Α
1152 3270 1168 3279 ι
1278 3271 1303 3279 .-
1365 3272 1378 3279 -
1438 3274 1479 3279 --
1722 3277 1730 3279 .

1919 3184 2096 3239 zelum
2137 3183 2390 3240 habeatis
2426 3185 2479 3239 in
2522 3184 2789 3240 cordibus
2823 3186 3047 3251 vestris,
3077 3185 3249 3240 nolite
3279 3186 3507 3257 gloriari

228 3258 327 3310 τὶν
382 3262 618 3351 πονηρὸν
646 3263 813 3332 ψόγον
859 3265 957 3320 τοῦ
997 3267 1306 3325 διαϐολικοῦ
1349 3272 1599 3342 ψεύδους,
1659 3277 1812 3351 πάσῃ

1919 3285 1974 3333 et
1999 3276 2220 3333 mentiri
2246 3276 2513 3333 adversus
2544 3278 2860 3333 veritatem.
2893 3277 3000 3333 Sed
3034 3286 3091 3333 et
3120 3278 3409 3344 Dominus,
3439 3278 3507 3333 de

232 3348 439 3440 σπουδῇ
472 3351 734 3423 φύγωμεν
765 3356 859 3409 ἀπ’
901 3357 1090 3424 αὑτοῦ,
1124 3361 1219 3415 καὶ
1264 3365 1702 3437 προσδράμωμεν

228 3439 484 3514 ἀληθείᾳ,
541 3445 599 3508 ὃς
652 3448 801 3501 ἐστιν
846 3450 1083 3519 Χριστὸς
1112 3453 1141 3505 6
1185 3454 1440 3525 ἀληθινὸς
1468 3457 1601 3522 Θεὸς
1631 3439 1809 3529 ἡμῶν.

227 3534 390 3603 Λύτῷ
414 3538 447 3604 ἡ
477 3536 604 3601 δόξα
635 3540 714 3599 είς
739 3541 869 3605 τοὺς
902 3543 1127 3607 αἰῶνας.
1162 3545 1361 3617 ’Δμήν.

1918 3369 2265 3425 Autichristo
2296 3388 2309 3425 :
2355 3390 2372 3421 ι
2401 3370 2539 3426 Cum
2573 3370 2721 3426 enim
2753 3370 3000 3441 loquitur
3026 3370 3399 3438 mendacium,
3438 3388 3507 3427 ex

1920 3462 2162 3531 propriis
2188 3462 2477 3532 loquitur;
2528 3463 2656 3533 quia
2691 3462 2926 3518 mendax
2968 3474 3079 3545 est,
3135 3472 3196 3517 ut
3241 3471 3297 3518 et
3349 3473 3506 3534 pater

1922 3552 2044 3621 ejus
2070 3553 2137 3606 ⁸⁵,
2167 3571 2185 3603 ι
2214 3552 2416 3609 Audita
2443 3553 2634 3624 igitur,
2664 3552 3001 3617 cliarissimi,
3046 3550 3311 3607 diabolici
3347 3568 3506 3607 inen-

228 3625 379 3728 dacii
403 3629 756 3728 vituperabili
789 3637 1150 3728 malignitate,
1179 3657 1343 3711 quam
1381 3643 1701 3716 longissime
1742 3647 1811 3703 ab
1852 3648 1948 3702 illo
1972 3648 2298 3704 secedamus
2333 3666 2347 3716 ;
2412 3649 2480 3704 ad
2516 3649 2864 3719 complexum
2902 3664 3035 3703 vero
3100 3648 3353 3703 veritatis
3392 3656 3507 3703 stu-

228 3716 327 3772 dio
371 3723 522 3776 omni
567 3726 966 3785 contendamus
1014 3733 1351 3805 pertingere,
1405 3739 1501 3809 qui
1552 3738 1809 3797 Christus
1846 3749 1931 3796 est
1961 3742 2108 3797 Deus
2140 3750 2330 3797 noster
2358 3756 2544 3797 verus.
2571 3740 2678 3812 Ipsi
2737 3740 2910 3813 gloria
2963 3741 3019 3795 in
3061 3740 3502 3797 sxecula.Amen.

830 3844 1050 3899 ΛΟΓΟΣ
1089 3849 1219 3904 Ml".

748 3958 887 4026 Περὶ
927 3961 1302 4031 κενοδοξίας.

320 4065 378 4121 '0
406 4069 683 4136 κενόδοξος
731 4072 883 4143 δηλοῖ
941 4075 1023 4129 ὅτι
1079 4078 1405 4149 πρόσκειται
1455 4085 1521 4154 τῇ
1577 4085 1817 4158 μισοθέῳ

229 4158 382 4230 δόξῃ.
444 4161 676 4217 ’Ἥδιστα
722 4163 831 4236 γὰρ
887 4165 1107 4237 θηρεύει
1139 4172 1267 4236 τοὺς
1299 4173 1556 4240 ἐπαίνους
1581 4177 1693 4231 τῶν
1720 4180 1818 4232 ἀν-

2452 3854 2739 3910 HOMILIA
2768 3853 2957 3909 XLIII.

2468 3966 2546 4021 De
2572 3968 2725 4022 inani
2750 3965 2948 4038 gloria.

1984 4082 2335 4154 Vaniglorius
2378 4081 2563 4152 reipsa
2591 4080 2839 4136 declarat
2858 4095 3080 4136 exosam
3098 4096 3157 4135 se
3180 4078 3385 4134 habere
3406 4079 3504 4135 Dei

1912 4175 2142 4246 gloriam
2182 4193 2195 4228 :
2232 4174 2302 4229 ab
2331 4173 2655 4228 hominibus
2683 4171 2834 4226 enim
2869 4171 3063 4227 laudes
3087 4178 3273 4242 captat
3306 4186 3369 4226 ac
3405 4187 3504 4227 ve-

232 4248 492 4319 θρώπων,
529 4254 624 4306 καὶ
652 4255 735 4317 είς
779 4256 978 4321 αὐτοὺς
1027 4260 1383 4332 ἐναϐρύνεται
1430 4265 1573 4339 ὑπὲρ
1629 4269 1815 4338 ὲσμῶν

1919 4277 2073 4322 natur
2100 4283 2365 4338 perquam
2392 4265 2661 4321 suaviter.
2696 4263 2837 4319 Hinc
2866 4264 2934 4318 ad
2970 4280 3066 4320 eas
3095 4280 3282 4320 secum
3327 4265 3504 4320 ambi-

232 4341 553 4405 ἑστιάσεως.
586 4344 645 4397 '0
683 4347 926 4411 τοιοῦτος
952 4349 1029 4413 ὼς
1050 4351 1511 4427 ἀνθρωπάρεσκος
1541 4359 1813 4431 κρίνεται,

228 4434 315 4486 ὅτι
340 4434 531 4506 ἀγαπᾷ
551 4436 651 4507 τὴν
676 4436 835 4502 δόξαν
864 4440 972 4494 τῶν
1005 4443 1309 4515 ἀνθρώπων
1363 4448 1501 4521 ὑπὲρ
1527 4451 1626 4523 τὴν
1659 4453 1815 4518 δόξαν

230 4524 327 4577 τού
380 4525 537 4589 Θεοῦ.
571 4530 712 4582 κατά
742 4529 834 4583 τὸν
889 4533 1281 4609 εὐαγγελιστὴν
1340 4539 1592 4614 Ἰωάννην
1625 4558 1640 4574 ο
1700 4545 1816 4599 ἀλλ’

1911 4360 2105 4415 tiosius
2140 4359 2415 4415 subsultat
2443 4374 2507 4414 ac
2538 4357 2820 4429 praegestit
2850 4357 3147 4429 gloriosius
3194 4374 3366 4428 quam
3415 4358 3504 4412 vel

1910 4452 2280 4521 cocpulonum
2307 4450 2684 4522 quantuslibet
2722 4461 2921 4505 coetus.
2958 4450 3106 4505 Talis
3164 4458 3226 4505 ut
3276 4450 3503 4505 humani

1909 4544 2115 4599 favoris
2141 4552 2395 4614 captator
2416 4542 2736 4614 judicatur:
2764 4543 2833 4597 ab
2862 4542 3184 4597 hominibus
3212 4542 3361 4597 enim
3393 4542 3501 4597 sibi

230 4617 426 4689 ὥσπερ
466 4619 556 4674 διά
595 4620 827 4690 θλίψεως
866 4625 936 4679 τὰ
978 4628 1161 4697 ἀγαθά
1189 4633 1303 4695 τοῖς
1331 4632 1639 4706 ἀνθρώποις
1667 4638 1811 4709 ἡτοί-

1919 4638 2213 4693 exhibitam
2262 4636 2517 4708 gloriam,
2572 4652 2686 4707 pra:
2737 4636 2909 4707 gloria
2961 4635 3059 4691 Dei
3104 4635 3302 4707 diligit,
3346 4636 3504 4707 juxta

232 4727 463 4779 μασται,
511 4712 687 4779 οὕτως
739 4717 835 4770 καὶ
895 4718 962 4773 τὰ
1022 4723 1168 4776 κακὰ
1234 4725 1323 4779 διὰ
1366 4728 1669 4795 κενοδοξίας
1721 4732 1816 4787 καὶ

230 4803 448 4873 ἡδονῆς.
495 4805 647 4872 Ῥίζα
674 4808 784 4880 γὰρ
834 4813 1069 4886 αἰσχρᾶς
1121 4817 1419 4889 ἐπιθυμίας
1470 4822 1815 4894 ἀνθρώπινος

229 4894 456 4962 ἔπαινος
490 4913 503 4927 ’
539 4900 639 4973 οὐχ
663 4902 793 4955 ὅταν
826 4904 1115 4976 ἀκούωμεν
1147 4909 1307 4973 αὐτὰ,
1342 4912 1458 4966 ἀλλ’
1510 4915 1639 4969 ὅταν
1674 4918 1815 4972 αὑτά

231 4987 670 5082 καταδεχὼμεθα
700 4994 894 5064 ἡδέως.
941 4996 1005 5050 Ἥ
1045 4999 1156 5071 γὰρ
1187 5002 1485 5071 κενοδοξία,
1514 5008 1607 5060 καὶ
1622 5009 1809 5082 ἡδονὴ,

232 5076 386 5172 αἴτια
416 5080 655 5154 ὑπάρχει
704 5087 889 5159 πάσης
923 5090 1140 5155 κακίας.
1183 5093 1255 5146 Τὸ
1295 5096 1466 5160 πάθος
1514 5076 1674 5153 τοῦτο
1713 5076 1816 5172 “cii;

236 5170 545 5239 κενοδοξίας
570 5176 713 5230 πάνυ
745 5180 1099 5254 πολύμορφόν
1138 5185 1287 5238 ἐστιν
1333 5188 1429 5241 καὶ
1468 5170 1811 5259 λεπτότατον,

234 5260 334 5315 καὶ
361 5263 420 5316 οὐ
449 5267 677 5337 ταχέως,
701 5268 812 5323 οὐδ’
838 5273 929 5325 ὑπ’
954 5275 1119 5328 αὑτοῦ
1159 5276 1253 5331 τοῦ
1287 5282 1682 5352 πειραζομένου
1719 5303 1819 5341 κα-

231 5353 734 5431 ταλαμϐανόμενον.
793 5363 919 5417 Ἐπὶ
969 5367 1077 5439 γὰρ
1128 5368 1238 5423 τῶν
1288 5371 1464 5426 ἄλλων
1512 5376 1697 5430 παθῶν
1759 5380 1817 5432 ai

234 5451 540 5519 προσϐολαὶ
589 5456 966 5529 φανερώτεραι
1012 5464 1417 5533 τυγχάνουσινθ
1466 5468 1562 5520 καὶ
1609 5470 1818 5545 ἡψυχὴ

314 5604 358 5690 [ξ
383 5605 526 5661 Psal.
562 5625 615 5672 v,
652 5612 741 5690 7.,
780 5615 822 5645 ³⁷
851 5615 996 5690 Psal.
1032 5634 1176 5682 xxvi,
1212 5620 1298 5675 l2.
1377 5623 1420 5655 ¹⁸
1460 5624 1601 5680 Psal.
1635 5644 1707 5690 ει,
1745 5631 1797 5684 5.

238 5747 291 5817 ν
329 5746 486 5802 Prov.
519 5767 627 5817 xlv,
660 5753 709 5815 5.
820 5758 864 5787 ²⁹
892 5757 1027 5813 ibid.
1064 5759 1147 5813 l5.

249 5765 291 5825 ἐξ
330 5765 486 5827 ιτρν.
519 5767 627 5817 xlv,
660 5765 709 5815 ξ).
820 5765 864 5787 "
892 5765 1027 5813 ibid.
1064 5765 1147 5813 15.
1259 5765 1300 5796 ³ο
1334 5765 1494 5819 Prov.
1533 5784 1640 5823 ιιι-ιι
1698 5773 1749 5825 4.

249 5816 295 5848 ὀ
337 5817 469 5872 ibid.
508 5820 559 5875 4.
638 5823 682 5855 ³³
712 5824 866 5880 Joan.
900 5845 1015 5892 vui,
1048 5831 1136 5885 ll.
1649 5812 1662 5836 ⁷

1913 4731 2302 4801 evangelistam
2323 4730 2592 4785 Joannem
2619 4746 2634 4783 :
2665 4744 2797 4784 sane
2829 4737 2890 4783 ut
2914 4736 3042 4783 sunt
3066 4728 3383 4783 hominibus
3409 4744 3507 4798 ap-

1913 4832 2101 4893 parata
2131 4823 2274 4877 bona
2306 4838 2405 4892 per
2423 4821 2786 4876 aﬂlictionum
2814 4821 3186 4887 tolerantiam,
3215 4822 3285 4876 ita
3317 4830 3373 4875 et
3406 4836 3507 4890 per

1913 4913 2129 4967 inanem
2176 4914 2403 4984 gloriam
2446 4922 2611 4983 atque
2639 4913 2955 4968 illecebram
2990 4914 3288 4983 voluptatis
3319 4914 3476 4968 conci

1910 5006 2116 5061 liantur
2148 5008 2308 5062 mala.
2344 5007 2521 5062 Radix
2546 5006 2784 5077 proinde
2805 5006 3063 5063 obscena:
3085 5023 3149 5062 ac
3175 5006 3353 5077 turpis
3372 5022 3503 5063 con-

1913 5097 2271 5168 cupiscentia:
2304 5106 2390 5153 est
2437 5114 2506 5153 ex
2554 5098 2879 5153 hominibus
2932 5098 3195 5168 aucupari
3252 5098 3496 5165 laudem,

1913 5205 2023 5244 non
2045 5189 2269 5259 quidem
2299 5190 2418 5257 ipso
2452 5189 2639 5245 statim
2698 5190 2937 5246 articulo
2996 5192 3339 5258 tentationis,
3402 5192 3500 5246 sed

1914 5289 2047 5337 tunc
2062 5298 2186 5336 cum
2206 5291 2466 5352 exceptas
2489 5282 2635 5337 illam
2661 5290 2719 5337 et
2743 5298 3006 5353 perquam
3038 5284 3280 5338 suaviter
3299 5283 3501 5337 admit-

1916 5374 2005 5429 tis.
2038 5377 2203 5430 Plane
2241 5376 2466 5431 malitia:
2505 5377 2690 5432 omnis
2727 5376 2929 5431 artifex
2973 5391 3112 5431 vana
3173 5384 3259 5430 est
3304 5376 3497 5446 gloria,

1917 5474 2080 5529 simul
2116 5485 2173 5531 ct
2208 5476 2484 5547 voluptas.
2523 5475 2738 5546 1096
2780 5474 3018 5531 All'ectio
3052 5476 3283 5547 proinde
3325 5474 3501 5530 ambi-

234 5676 282 5704 ι.
314 5630 630 5704 ἷζῖζῗωζηῖἳ.
662 5630 743 5704 ἐς..
780 5630 817 5645 ”
843 5630 996 5704 .¹Ῐ⁸Ξ¹.¹·
1032 5634 1176 5682 κπνκ
1212 5630 1338 5704 ης..
1377 5630 1708 5704 ¹⁸-Ρῆτὲ¹.υ.³¹κ
1745 5631 1797 5684 5-

1919 5638 1921 5653 ’
1955 5631 2113 5687 Prov.
2145 5648 2272 5704 xxx,
2294 5634 2348 5698 7,
2380 5632 2432 5687 8.
2513 5632 2560 5665 ¹⁰
2586 5632 2747 5688 Prov.
2783 5649 2881 5697 χιι,
2910 5632 2998 5687 22.
3079 5633 3120 5665 ’⁸
3159 5634 3325 5688 Prov.
3355 5650 3409 5696 ι,
3435 5635 3495 5688 4.

262 5675 479 5768 ζετογ.
511 5681 764 5768 “H.328.
820 5675 1237 5768 _:".‘lfr_ov_._xix,
1277 5693 1358 5748 15.
1421 5675 1819 5754 .²Ῑνίνίίί-ι1.νί).ν’τ

1919 5706 2049 5755 'rov.
2079 5718 2191 5766 XXI,
2332 5675 2348 5698 ’
2390 5706 2434 5736 ²⁶
2467 5706 2628 5761 Prov.
2660 5720 2816 5768 xxiv,
2859 5675 2951 5757 é8.

1868 5774 1907 5803 ³¹
1946 5773 2106 5830 Prov.
2166 5790 2273 5839 nx,
2318 5774 2408 5828 22.

3051 5704 3093 5735 ²⁷
3124 5705 3286 5758 Prov.
3354 5720 3408 5767 v,
3441 5704 3474 5757 9

2522 5777 2566 5809 ³⁸
2595 5743 2905 5844 Ειιίιοε.ἰν,
2934 5743 3050 5829 25..
3122 5775 3164 5807 ³³
3204 5774 3323 5830 Act.
3366 5744 3419 5841 ν’,
3442 5774 3496 5829 ὅ.
