4028 6520
548 368 687 437 1567

1812 373 2183 439 ANTIOCHI
2225 375 2573 436 MONACHI

3637 379 3749 448 1568

545 478 738 534 tiosior
766 476 953 550 gloria:
987 475 1146 534 istius
1171 475 1370 541 inanis,
1393 491 1557 546 quam
1596 486 1682 531 est
1731 478 2117 532 multiformis!

2241 481 2406 551 Εᾲδιον
2451 481 2810 550 ἐπιγινώσκει
2845 484 2935 537 τὸν
2975 486 3110 555 πρὶς
3144 485 3278 538 αὖτᾶ
3307 485 3546 558 πόλεμον,
3573 490 3657 543 καὶ
3679 494 3750 550 διὰ

544 585 710 642 quam
737 578 826 627 est
859 569 1064 626 malum
1095 567 1335 628 subtile!
1375 567 1525 623 Adeo
1554 567 1702 622 enim
1739 569 1929 638 nequit
1965 569 2126 638 plane

543 660 872 726 internosci,
927 668 986 715 ut
1040 675 1110 715 ne
1160 659 1244 716 vel
1279 659 1348 714 ab
1398 675 1467 716 eo
1495 660 1588 730 qui
1627 669 1896 727 tentatur,
1926 659 2126 729 depre-

548 755 715 812 hendi
776 752 941 812 facile
985 751 1202 823 possint
1246 752 1635 825 impressiones
1686 752 1834 807 illius
1882 753 1964 808 sic
1994 752 2128 806 insi-

546 849 734 904 diosae.
766 849 1018 904 Attamen
1051 861 1175 917 qua:
1198 843 1489 901 adversum
1538 861 1596 907 se
1653 845 1852 904 instrui
1896 845 2125 912 bellum,

550 943 710 998 initio
741 941 860 1012 ipso
883 939 1040 994 novit
1097 939 1301 1004 anima,
1358 938 1629 1012 ejusmodi
1682 941 1940 995 incursus
1983 953 2013 992 a
2067 953 2126 994 se

547 1035 708 1090 facile
741 1032 1050 1093 remollitur
1087 1047 1152 1090 ac
1181 1031 1427 1104 depellit,
1461 1032 1505 1092 si
1551 1031 1775 1102 quidem
1807 1031 1874 1090 ad
1911 1032 2125 1102 asylum

547 1123 838 1196 suffugerit
906 1123 1192 1183 orationis.
1267 1123 1334 1185 Et
1407 1122 1630 1193 quidem
1675 1123 1866 1182 isthmc
1919 1122 2128 1182 malitia

547 1232 672 1270 cum
702 1223 784 1272 tot
820 1214 1013 1273 induat
1049 1213 1276 1279 formas,
1326 1212 1433 1270 dici
1478 1214 1569 1270 vix
1613 1213 1788 1283 possit
1838 1229 2000 1282 quam
2045 1221 2128 1268 est

548 1308 786 1366 difﬁcilis
830 1317 1166 1380 eXpugnatu.
1205 1307 1266 1362 ln
1307 1306 1454 1361 omni
1495 1321 1666 1379 prope
1688 1304 1907 1376 negotio
1936 1305 2130 1374 irrepit

549 1403 709 1468 clam,
745 1402 800 1460 in
826 1400 1043 1463 habitu.
1075 1400 1133 1459 in
1181 1399 1451 1471 elegantia
1496 1399 1704 1460 formae,
1755 1399 1812 1453 in
1866 1399 1984 1469 ipso
2039 1399 2126 1458 in—

547 1511 729 1559 cessu,
766 1495 826 1552 in
852 1509 988 1550 voce
1019 1508 1085 1552 ac
1113 1506 1389 1558 sermone,
1434 1491 1492 1550 in
1535 1489 1776 1556 silentio,
1832 1490 1888 1548 in
1937 1505 2125 1561 opere,

551 1585 606 1639 in
649 1584 873 1655 vigiliis,
909 1582 966 1644 in
1017 1583 1266 1658 jejuniis,
1307 1583 1363 1638 in
1390 1581 1662 1646 oratione,
1695 1581 1749 1636 in
1779 1581 2037 1643 lectione,
2073 1581 2128 1636 in

549 1676 759 1746 quiete,
794 1677 850 1735 in
881 1675 1179 1746 longanimi
1217 1675 1533 1733 tolerantia.
1554 1675 1659 1734 Per
1680 1675 1798 1730 haec
1817 1675 2003 1732 omnia
2030 1674 2130 1728 ho-

550 1766 756 1822 minem
788 1765 882 1822 Dei
942 1780 1274 1838 magnopere
1327 1764 1514 1822 studet
1562 1763 1736 1833 gloria
1791 1760 1972 1816 inanis
2013 1760 2129 1815 suis

2230 571 2538 640 προσευχῆς
2567 569 2757 626 τοῦτον
2781 574 3102 646 ἀνατρέπει.
3147 575 3215 629 Ἦ
3249 575 3304 632 δὲ
3343 577 3441 647 τῆς
3490 581 3751 649 κενοδοξίας

2229 663 2422 729 κακία,
2465 663 2541 727 ὡς
2581 659 2716 720 οὖσα
2745 665 3116 737 πολύμορφος.
3145 666 3628 736 δυσκαταγώνιστος
3650 689 3753 742 τυγ-

2229 755 2403 823 χάνει.
2448 755 2538 814 Ἐν
2563 756 2728 811 παντὶ
2755 757 2865 828 γὰρ
2918 756 3317 827 ἐπιτηδεύματι
3370 761 3755 830 παρυφὶσταται,

2229 845 2286 898 ἐν
2340 863 2400 899 τε
2456 847 2696 916 σχήματι
2758 848 2855 902 καὶ
2910 850 2968 900 ὲν
3019 851 3203 920 μορφῇ
3248 849 3341 902 καὶ
3373 853 3430 903 ὲν
3483 850 3756 922 βαδίσματι,

2229 937 2326 990 καὶ
2356 939 2414 990 ἐν
2444 941 2617 1011 φωνῇ,
2648 940 2742 993 καὶ
2789 941 2846 994 ἐν
2875 939 3038 1012 λόγῳ,
3087 941 3183 994 καὶ
3237 940 3298 993 ὲν
3348 945 3542 1014 σιωπῇ,
3589 944 3673 998 καὶ
3713 950 3759 1000 ὲν

2229 1026 2396 1098 ἔργῳ,
2425 1029 2518 1085 καὶ
2550 1031 2608 1088 ἐν
2635 1030 2988 1100 ἀγρυπνίαις,
3021 1031 3116 1086 καὶ
3144 1033 3204 1084 ὲν
3249 1033 3539 1103 νηστείαις,
3585 1038 3670 1090 καὶ
3713 1039 3760 1092 ἐν

2229 1120 2386 1191 εὐχῇ,
2426 1121 2521 1176 καὶ
2562 1122 2620 1176 ἐν
2655 1122 2985 1190 ἀναγνώσει,
3016 1124 3111 1177 καὶ
3137 1125 3195 1176 ὲν
3230 1124 3449 1198 ἠσυχίᾳ,
3485 1127 3575 1185 καὶ.
3606 1128 3658 1182 ὲν
3679 1147 3759 1198 μα-

2230 1212 2501 1283 κροθυμίᾳ
2535 1229 2550 1243 ”
2579 1212 2669 1271 διὰ
2713 1207 2919 1272 τούτων
2975 1214 3195 1271 πάντων
3249 1217 3517 1285 ᾂπιχειρεί
3565 1218 3648 1271 τὸν
3685 1221 3760 1274 τοῦ

2229 1300 2366 1354 Θεοῦ
2422 1301 2712 1374 ἄνθρωπον
2753 1302 3161 1369 κατατοξεύειν.
3219 1305 3387 1358 Ὅταν
3429 1306 3536 1378 γὰρ
3593 1309 3660 1379 μὴ
3699 1311 3766 1364 δυ.

2229 1392 2367 1465 νηΘῇ
2388 1392 2477 1451 διὰ
2503 1394 2811 1454 πολυτελῶν
2841 1396 2962 1449 ὲνδυ
2971 1396 3156 1470 μάτων
3178 1397 3315 1468 πρὸς
3338 1399 3635 1464 κενοδοξίαν
3655 1403 3763 1457 auo-

2232 1484 2452 1561 στῆσαι,
2482 1486 2551 1544 δι’
2589 1487 2822 1544 εὐτελῶν
2845 1489 3117 1562 ἐπιχειρεί
3146 1491 3448 1563 πειράζειν.
3475 1495 3580 1550 Kal
3609 1494 3662 1548 δν
3685 1497 3765 1550 οὐχ

2229 1579 2469 1650 ἠδυνήθη
2509 1581 2600 1637 διὰ
2652 1582 2818 1657 τιμῆς
2862 1583 3088 1655 ἐπᾶραι,
3139 1583 3327 1638 τοῦτον
3377 1584 3465 1640 ara
3513 1586 3572 1639 τδ
3613 1588 3767 1656 φέρειν

2228 1670 2392 1741 δῆθεν
2421 1672 2668 1745 ἀτιμίαν,
2701 1675 2782 1739 είς
2814 1675 3073 1730 ἀπόνοιαν
3113 1674 3280 1747 αἴρει.
3312 1677 3424 1731 Kal
3451 1676 3510 1730 δν
3537 1678 3631 1734 οὐκ
3672 1679 3769 1749 ήδυι

2232 1763 2374 1836 νήθη
2404 1768 2594 1824 πείσαι
2626 1765 2692 1826 δι’
2734 1767 3043 1840 ἐπιστήμην
3069 1769 3244 1839 λόγων
3272 1769 3584 1836 κενοδοξεῖν,
3613 1771 3769 1828 τοῦτον

549 1857 820 1913 conﬁcere
856 1855 1001 1914 telis.
1036 1854 1094 1910 Si
1132 1836 1356 1925 quando
1383 1849 1724 1922 perspexerit
1747 1864 1855 1902 non
1883 1847 2128 1922 potuisse

2241 1855 2319 1914 5ιά
2369 1857 2584 1928 σιωπῆς
2630 1855 2707 1921 ὡς
2751 1836 2954 1931 ἥσυχον
2983 1836 3155 1932 δῆθεν.
3169 1860 3414 1926 δελεάζει
3447 1880 3462 1896 ·
3496 1864 3589 1918 καὶ
3611 1864 3665 1916 ὃν
3689 1865 3769 1921 οὐκ

549 1973 609 2014 se
635 1974 733 2029 per
764 1957 1218 2015 vestimentorum
1245 1955 1434 2013 luxum
1461 1952 1824 2023 profusiorem
1852 1949 2130 2005 hominem

549 2051 819 2120 prolicere
848 2049 915 2104 ad
943 2049 1027 2104 sui
1049 2062 1402 2108 consensum.
1430 2045 1585 2104 illum
1613 2043 1886 2108 adoritur,
1923 2050 1983 2095 ut
2008 2051 2131 2096 ten-

552 2149 629 2196 tet
641 2156 740 2210 per
757 2139 930 2196 vestis
951 2137 1260 2196 sorditiem.
1277 2135 1449 2207 Cujus
1462 2135 1708 2193 animum
1727 2132 2040 2204 nequiverit
2061 2129 2131 2186 ad

550 2243 878 2286 consensum
907 2227 1167 2286 elationis
1207 2225 1500 2286 deﬂectere
1531 2225 1845 2297 objectione
1879 2221 2128 2288 honoris,

551 2321 700 2378 hunc
719 2336 786 2375 eo
809 2320 970 2386 tollit,
1006 2329 1066 2375 ut
1095 2319 1180 2378 vel
1200 2320 1312 2390 iam
1328 2318 1641 2378 consentiat
1661 2315 2009 2387 arrogantiae.
2033 2330 2132 2382 per

549 2411 656 2466 hoc
677 2408 827 2485 quod
844 2426 1004 2480 aequo
1019 2410 1326 2468 fertanimo
1339 2425 1398 2465 se
1417 2408 1716 2480 ignominia
1734 2407 1969 2478 aspergi.
1991 2407 2133 2462 Ilur-

550 2519 664 2565 sus,
701 2502 747 2558 si
777 2501 1002 2572 quando
1028 2501 1365 2573 persuadere
1397 2500 1733 2571 nequiverit,
1764 2508 1826 2560 ut
1855 2499 1982 2569 quis
2011 2514 2131 2553 ma-

549 2591 744 2662 gnifice
776 2592 1045 2663 glorietur
1076 2592 1223 2662 quod
1245 2591 1318 2650 sit
1340 2591 1629 2661 eloquens,
1660 2588 1917 2648 eumdem
1939 2604 2132 2660 aggre-

549 2687 701 2741 ditur
723 2684 882 2756 quasi
911 2687 1006 2756 qui
1040 2687 1325 2758 requietus
1348 2683 1420 2740 sit
1441 2694 1498 2740 et
1525 2684 1858 2747 taciturnus,
1905 2697 1970 2738 ac
2003 2697 2134 2753 pro-

549 2777 845 2848 pemodum
911 2777 1120 2836 inescat
1171 2789 1228 2836 et
1290 2776 1511 2848 prolicit
1553 2775 1620 2836 ad
1655 2789 1986 2830 consensum
2035 2788 2136 2844 per

551 2868 1008 2925 taciturnitatem.
1060 2869 1234 2935 Quem
1261 2885 1369 2924 non
1404 2869 1650 2940 potuerit
1673 2867 1741 2924 ad
1774 2867 2134 2924 ambitionem

549 2961 736 3033 gloria:
758 2962 1008 3019 emollire
1039 2978 1138 3032 per
1168 2961 1482 3016 eduliorum
1509 2969 1762 3030 sumptus
1792 2957 2131 3032 magnificos,

553 3053 704 3112 hunc
723 3053 977 3112 dissolvit
997 3051 1146 3108 laudi
1179 3053 1412 3123 propriae
1441 3060 1503 3107 ut
1543 3050 1856 3108 consentiat
1906 3065 2004 3121 per
2049 3051 2136 3122 je-

549 3147 770 3218 junium
803 3157 860 3201 et
892 3145 1023 3202 vita:
1053 3145 1444 3215 frugalitatem.
1467 3145 1648 3214 thue
1673 3143 2002 3241 compendio
2040 3142 2136 3241 ab:
2163 3179 2209 3241 ϐ

555 3241 788 3304 solvam,
820 3237 1034 3294 nullum
1075 3253 1182 3292 non
1213 3252 1387 3307 genus
1433 3235 1850 3292 exercitationis
1899 3233 2135 3294 «ιπηιοηὶ

555 3327 688 3383 huic
721 3327 956 3398 reprobo
999 3327 1345 3382 occasionem
1400 3325 1646 3396 suggerit
1697 3322 1990 3383 cont-icndi
2038 3323 2140 3378 ad-

555 3436 776 3476 versum
803 3435 904 3478 nos
944 3419 1095 3478 belli.
1138 3419 1386 3488 Denique
1437 3417 1742 3472 monachus
1800 3414 2142 3486 comperitur

558 3513 790 3570 honoris
828 3529 949 3570 esse
1007 3511 1415 3576 ambitiosulus,
1465 3519 1527 3565 ut
1583 3509 1676 3580 qui
1727 3507 2016 3564 beneficus
2067 3507 2141 3563 sit

558 3607 697 3662 citra
733 3604 1060 3676 condignam
1099 3601 1409 3659 mercedem
1442 3619 1456 3655 :
1492 3602 1735 3657 laborem
1771 3601 1921 3658 enim
1975 3601 2142 3656 susti-

560 3695 704 3762 nuit,
759 3710 862 3752 nee
923 3693 1121 3764 recipit
1163 3693 1248 3748 sui
1314 3691 1624 3750 mercedem
1667 3691 1893 3746 laboris.
1945 3689 2142 3747 Isthmo

561 3787 749 3859 gloria:
807 3795 1086 3842 momento
1142 3784 1522 3841 evanescentis
1572 3783 1885 3854 cupiditas,
1939 3782 2140 3838 misere

563 3875 749 3948 perdit
776 3876 1062 3932 mercedes
1084 3875 1302 3930 debitas
1332 3874 1546 3928 virtuti.
1578 3874 1645 3929 Et
1671 3872 2138 3944 quemadmodum

564 3969 707 4039 lapis
747 3969 803 4025 in
853 3983 980 4024 aera
1039 3976 1348 4032 contortus,
1395 3965 1465 4021 ad
1506 3966 1632 4022 cmli
1671 3981 1847 4036 usque
1898 3980 2143 4020 convexa

565 4077 845 4130 nunquam
894 4060 1179 4132 pertingit,
1226 4060 1301 4122 ita
1342 4075 1446 4120 nec
1473 4058 1715 4116 hominis
1743 4059 1922 4116 oratio
1949 4059 2146 4114 huma-

565 4169 668 4210 nos
690 4152 906 4208 favores
925 4152 1198 4222 captantis
1244 4151 1312 4206 ad
1359 4168 1523 4210 aures
1564 4152 1662 4206 Dei
1720 4167 1964 4220 unquam
2013 4166 2148 4206 con-

565 4245 812 4301 scendet.
839 4245 952 4311 Vir,
996 4245 1242 4315 prudens
1275 4244 1320 4300 si
1366 4252 1472 4307 est,
1535 4244 1876 4306 thesaurum,
1918 4259 2144 4316 suaeque

566 4336 791 4392 virtutis
840 4336 1086 4395 laborem
1139 4337 1345 4394 occulit
1392 4352 1459 4390 ac
1513 4335 1784 4393 recondit.
1850 4336 2148 4393 Monachus

568 4429 883 4501 intelligens
933 4428 1270 4500 ingeniosam
1315 4436 1373 4484 et
1395 4428 1653 4484 solertem
1683 4428 1930 4484 imitatur
1957 4429 2148 4500 apicu-

2229 1948 2478 2022 ἠδυνήθη
2511 1949 2600 2007 διά
2627 1949 2979 2016 πολυτελείας
3015 1952 3320 2025 βρωμάτων
3348 1955 3643 2025 χαυνῶσαι,
3667 1956 3769 2010 τοῦ·

2228 2039 2426 2093 τονδιά
2466 2040 2722 2112 νηστείας
2746 2041 2884 2113 πρὸς
2917 2041 3138 2097 ἔπαινον
3192 2045 3396 2102 ἐκλύει.
3450 2045 3561 2108 Kal
3616 2047 3770 2112 ἀπλῶς

2231 2133 2340 2188 πᾶν
2381 2133 2724 2206 ὶπιτήδευμα
2764 2137 3040 2207 πρόφασιν
3062 2138 3294 2210 παρέχει
3322 2138 3563 2209 πολέμου
3596 2140 3667 2209 τῷ
3695 2159 3771 2195 πο-

2232 2224 2383 2298 νηρῷ
2413 2227 2588 2298 τούτῳ
2618 2226 2856 2297 δαίμονι.
2891 2229 3093 2290 Λοιπὸν
3122 2230 3440 2299 εὑρίσκεται
3469 2232 3500 2285 δ
3531 2231 3771 2297 κενόδοξος

2236 2316 2465 2386 μοναχὺς
2489 2317 2564 2381 ὡς
2587 2317 2828 2392 ἐργάτης
2857 2318 3110 2388 ἄμισθος.
3136 2319 3241 2374 Τὸν
3258 2322 3370 2393 γὰρ
3394 2321 3558 2376 πόνον
3577 2322 3770 2393 ὑπέστη,

2233 2410 2327 2465 xal
2352 2409 2448 2465 τὸν
2481 2410 2672 2480 μισθὸν
2701 2412 2800 2465 ούκ
2829 2412 3044 2467 ἐλαϐεν.
3083 2412 3148 2466 Ἢ
3178 2414 3289 2485 γὰρ
3317 2415 3594 2480 κενοδοξία
3640 2416 3774 2473 ἀτόλ-

2232 2500 2387 2559 λυσιν
2445 2502 2673 2572 μισθοὺς
2726 2504 2957 2574 ἀρετῶν.
3011 2504 3122 2563 Kal
3153 2503 3345 2577 ὥσπερ
3396 2505 3549 2561 λίθου
3587 2507 3700 2580 βολὴ
3725 2509 3773 2563 οὐ

2235 2593 2414 2666 φθάντι
2439 2597 2520 2658 εἰς
2550 2595 2802 2666 οὐρανὸν,
2835 2595 3010 2661 οὕτως
3059 2597 3181 2651 οὐδὲ
3219 2600 3503 2670 προσευχὴ
3551 2602 3774 2670 ἀνθρωπ-

2235 2707 2268 2742 α
2275 2688 2474 2762 ρέσκου
2492 2689 2668 2761 ἀναὸή
2677 2706 2832 2744 σεται
2855 2690 2993 2761 πρὸς
3013 2689 3105 2744 τὸν
3129 2690 3283 2746 Θεόν.
3307 2692 3368 2750 '0
3386 2693 3644 2764 φρόνιμος
3662 2693 3775 2764 ἀνὴρ

2235 2779 2467 2852 κρύπτει
2490 2781 2783 2853 θησαυρὸν,
2815 2784 2912 2838 καὶ
2945 2782 3150 2853 ἀρετῆς
3176 2782 3338 2841 πόνον
3370 2799 3385 2815 ι
3441 2783 3652 2847 συνετὸς
3701 2801 3776 2853 μσ-

2236 2872 2399 2946 ναχδς
2427 2872 2525 2945 τὴν
2553 2873 2822 2946 μέλισσαν
2852 2877 3126 2946 μιμεῖται,
3175 2875 3376 2942 ἔξωθεν
3432 2877 3608 2948 φέρων
3645 2876 3774 2947 ἄνθη,

2237 2966 2330 3023 καὶ
2376 2964 2580 3024 ἔσωθεν
2624 2965 2816 3036 κηρίον
2850 2965 3240 3040 ἐργαζόμενος.
3270 2969 3363 3038 Μὴ
3398 2968 3651 3041 πωλήσῃς
3675 2970 3776 3033 τοὺς

2237 3060 2436 3122 πόνους
2499 3076 2593 3112 σου
2648 3057 2777 3131 δόξῃ
2817 3057 3152 3131 ἀνθρωπίνῃ,
3213 3059 3350 3131 μηδὲ
3379 3061 3484 3131 τὴν
3519 3061 3776 3132 μέλλουσαν

2238 3151 2397 3217 δόξαν
2421 3147 2634 3220 προδῷς
2658 3148 2724 3202 δι’
2751 3148 2940 3220 εὐτελῆ
2971 3150 3270 3221 εὐφημίαν.
3293 3150 3440 3216 Δόξα
3471 3153 3578 3223 γὰρ
3601 3153 3776 3221 ἀνδρων-

2241 3241 2374 3312 πίνη
2409 3242 2488 3304 εἰς
2518 3240 2649 3310 χοῦν
2672 3243 3030 3312 κατασκηνοί,
3064 3243 3157 3298 καὶ
3183 3242 3249 3296 τὸ
3280 3241 3442 3308 κλέος
3466 3245 3632 3314 αὐτῆς
3653 3245 3776 3301 66h-

2239 3351 2415 3390 νυται.
2462 3332 2526 3390 Ἦ
2550 3333 2609 3392 δὲ
2642 3332 2740 3404 τῆς
2763 3332 2966 3404 ἀρετῆς
2999 3333 3128 3399 δόξα
3174 3334 3326 3404 μένει
3374 3338 3461 3398 εἰς
3501 3336 3592 3390 τδν
3617 3337 3776 3392 alim.

2252 3421 2444 3494 Ἡμεῖς
2474 3418 2588 3490 οὖν,
2641 3425 2940 3495 ἀγαπητοὶ,
2996 3425 3072 3498 μὴ
3117 3426 3300 3496 δῶμεν
3351 3426 3542 3499 χώραν
3583 3426 3781 3490 tamab

2241 3515 2410 3579 πάθος
2435 3515 2590 3570 τοῦτο
2621 3516 2911 3587 κυριεῦσαι
2963 3517 3123 3588 ἡμῶν
3156 3535 3170 3549 ·
3224 3519 3556 3590 φοϐούμενοι
3593 3519 3676 3574 τὸν
3714 3519 3779 3574 λέ-

2241 3623 2428 3678 γονταο
2461 3627 2479 3660 ι
2526 3608 2586 3660 ’0
2607 3608 2741 3671 Θεὸς
2767 3609 3095 3682 ἐσκόρπισεν
3119 3611 3256 3665 ὀστᾶ
3275 3611 3776 3682 ἀνθρωπαρέσκων.ι

2252 3699 2540 3768 Ἑπόμενοι
2581 3700 2639 3760 δὲ
2680 3701 2886 3772 μᾶλλον
2918 3701 2996 3774 τῷ
3018 3703 3364 3776 ἀποστολικῷ
3398 3705 3552 3776 ῥητῷ
3578 3706 3782 3775 εἴπωμεν

2241 3792 2552 3864 εἰλικρινῶς
2587 3810 2600 3823 ·
2648 3812 2667 3845 ι
2709 3794 2869 3865 ’Ἄρτι
2895 3794 3002 3865 γὰρ
3031 3794 3353 3868 ἀνθρώπους
3393 3798 3588 3861 πείθω,
3641 3797 3670 3867 ή
3713 3798 3782 3850 τὸν

2241 3884 2413 3950 Θεὸν,
2474 3883 2508 3954 ἢ
2565 3884 2714 3954 ζητῶ
2761 3884 3073 3955 ἀνθρώποις
3125 3888 3427 3956 ἀρέσκειν;
3480 3888 3542 3941 Εἰ
3594 3889 3692 3957 γὰρ
3722 3887 3781 3940 ἔτι

2243 3973 2555 4047 ἀνθρώποις
2586 3976 2844 4047 ἤρεσκον,
2873 3975 3115 4046 Χριστοῦ
3146 3977 3330 4042 δοῦλος
3351 3980 3460 4034 οὐκ
3493 3979 3560 4034 ἂν
3585 3980 3732 4052 ήμην.
3763 3994 3778 4028 ι

2245 4070 2356 4124 Kal
2388 4065 2546 4132 αὖθις
2574 4084 2588 4100 ·
2625 4088 2643 4120 ι
2679 4068 2864 4132 Οὕτως
2897 4067 3192 4140 λαλοῦμεν,
3221 4071 3320 4140 οὐχ
3369 4071 3453 4136 ὡς
3502 4073 3781 4144 ἀρέσκοντες

2245 4159 2571 4232 ἀνθρώποις,
2599 4159 2735 4214 ἀλλὰ
2754 4159 2834 4231 τῷ
2856 4159 2976 4231 Θεῷ
2994 4160 3072 4232 τῷ
3097 4160 3449 4233 δοκιμάζοντι
3477 4163 3576 4228 τὰς
3597 4161 3783 4234 καρδίας

2245 4251 2426 4324 ἡμῶν.
2463 4250 2599 4306 Οὔτε
2621 4249 2730 4322 γὰρ
2760 4251 2971 4321 (φησὶν)
2999 4252 3057 4305 ὲν
3082 4252 3224 4324 λόγῳ
3251 4252 3545 4318 κολακείας
3567 4252 3784 4324 ἐγενήθη-

2251 4358 2350 4414 μεν
2371 4343 2514 4415 πρὸς
2532 4343 2703 4414 ὑμᾶς.
2728 4341 2912 4407 καθὼς
2937 4345 3137 4407 οἴδατε,
3169 4343 3296 4399 οὕτε
3321 4347 3598 4417 προφάσει
3631 4345 3782 4398 πλεον-

2249 4439 2399 4504 εξίας
2423 4437 2576 4510 (Θεὸς
2610 4436 2866 4508 μάρτυς),
2917 4434 3041 4490 οὕτε
3093 4435 3384 4506 ζητοῦντες
3416 4435 3478 4502 ἐξ
3527 4436 3785 4507 ἀνθρώπιον

566 4520 698 4576 lam.
751 4520 900 4587 Quos
947 4529 1179 4577 externe
1230 4521 1489 4591 selegerit
1537 4519 1814 4589 ﬂosculos,
1865 4521 2046 4578 defert
2094 4521 2140 4576 in

2249 4529 2429 4596 δόξαν.
2451 4549 2471 4582 ι
2493 4558 2562 4571 συ-
2586 4548 2603 4578 ι
2631 4529 2706 4582 Οὐ
2736 4528 2848 4600 γὰρ
2871 4529 2901 4582 ὁ
2929 4527 3121 4582 ἑαυτὸν
3141 4528 3499 4594 συνιστάνων,
3519 4523 3786 4588 ὲκείνοςδό-

567 4613 895 4675 alvcarinm,
937 4613 1152 4670 interne
1186 4614 1522 4670 mellilicium
1546 4612 1843 4685 favumque
1866 4615 2156 4686 operosius

569 4704 812 4762 conficit.
831 4705 908 4760 Ne
931 4705 1148 4760 labores
1168 4705 1380 4776 1097
1397 4714 1520 4764 tuos
1535 4705 1788 4761 humana:
1805 4705 1891 4761 isti
1910 4706 2154 4776 gloriola:

568 4814 813 4868 exponas
851 4798 1039 4859 venui,
1065 4814 1203 4854 neve
1229 4798 1471 4854 futuram
1509 4799 1740 4870 gloriam
1792 4799 1994 4868 prodas
2041 4809 2148 4854 tam

570 4891 666 4946 vili
689 4889 1026 4955 mercedula,
1048 4905 1244 4960 nempe
1271 4889 1342 4949 ob
1376 4891 1818 4961 qualemcunque
1864 4891 2148 4948 hominum

571 4981 838 5040 favorem.
865 4982 1114 5039 Humana
1153 4983 1327 5057 gloria
1366 4983 1624 5040 deorsum
1648 4983 1703 5039 in
1730 4984 1954 5056 pulvere
1994 4999 2156 5039 suum

574 5074 692 5145 ﬁgit
715 5074 1133 5136 tabernaculum
1164 5092 1179 5132 :
1217 5092 1391 5148 quare
1427 5077 1546 5147 ejus
1580 5078 1700 5132 laus
1737 5085 2016 5133 momento
2065 5093 2161 5133 ex-

575 5166 872 5236 stinguitur
891 5183 957 5223 ac
977 5166 1234 5239 deperit;
1281 5186 1403 5240 quae
1458 5180 1643 5230 autem
1693 5171 1883 5225 virtuti
1927 5171 2162 5227 debetur

576 5252 770 5322 gloria,
809 5253 963 5309 nullo
1007 5254 1390 5326 intercipietur
1417 5275 1556 5316 aevo.
1592 5259 1704 5316 Nos
1731 5259 1922 5332 igitur,
1946 5260 2162 5315 charis-

577 5343 727 5407 simi,
757 5344 888 5400 huic
911 5345 1110 5403 animae
1140 5351 1545 5418 perturbationi
1569 5352 1751 5409 locum
1782 5369 1852 5411 ne
1874 5352 2155 5419 cedamus,

579 5453 649 5492 ne
679 5437 900 5507 quando
956 5440 1133 5496 nostri
1187 5441 1523 5500 dominetur.
1578 5445 1717 5502 Cum
1771 5446 1966 5501 timore
2027 5461 2156 5501 eum

578 5528 940 5608 exaudiamus
978 5530 1073 5600 qui
1120 5531 1298 5587 dicit:
1359 5553 1377 5584 ι
1417 5536 1560 5591 Deus
1591 5537 1879 5608 dissipavit
1907 5553 2031 5593 ossa
2063 5553 2158 5592 eo-

583 5635 705 5676 rum
735 5620 832 5690 qui
856 5621 1176 5681 hominibus
1203 5626 1420 5698 placent
1440 5629 1503 5686 “‘.
1537 5649 1555 5683 ι
1583 5631 1950 5702 Λνοειυίίοιιῐη
1974 5631 2156 5703 potius

660 5803 708 5835 ⁸⁸
749 5803 889 5859 Psal.
936 5821 1030 5870 ιιι,
1061 5805 1113 5860 6.

2251 4638 2437 4693 κιμος,
2463 4619 2576 4678 ἀλλ’
2596 4621 2655 4675 ὃν
2675 4623 2704 4674 6
2728 4619 2932 4693 Κύριος
2961 4619 3297 4689 συνίστησινο
3329 4637 3350 4671 ι
3378 4618 3564 4683 καθώς
3595 4615 3785 4688 φησινίι

2257 4715 2508 4788 μακαρία
2539 4715 2708 4768 Ἀννα
2738 4714 2770 4784 ή
2797 4713 2892 4769 τοῦ
2917 4712 3175 4782 Σαμουὴλ
3208 4729 3223 4744 ο
3263 4731 3286 4764 ι
3319 4711 3411 4784 Μὴ
3456 4710 3731 4783 καυχάσθω
3765 4708 3785 4758 ὁ

2255 4806 2518 4878 φρόνιμος
2566 4807 2624 4859 ὲν
2674 4808 2740 4876 τῇ
2791 4805 3057 4876 φρονήσει
3098 4802 3288 4870 αὑτοῦ,
3315 4811 3411 4864 καὶ
3451 4807 3482 4858 ὁ
3515 4803 3721 4865 δυνατὸς
3743 4801 3786 4852 ἐν

2255 4901 2323 4968 τῇ
2347 4897 2576 4973 δυνάμει
2619 4897 2804 4960 αὑτοῦ,
2837 4897 2932 4956 καὶ
2983 4899 3012 4950 ό
3066 4896 3321 4960 πλούσιος
3369 4897 3428 4950 ὲν
3483 4897 3561 4968 τῷ
3609 4893 3789 4960 πλούτῳ

2256 4988 2423 5044 αὐτοῦ
2455 5006 2471 5020 ο
2500 4987 2613 5042 ἀλλ’
2639 4991 2698 5042 ὲν
2737 4985 2816 5058 τῷ
2847 4986 3109 5048 συνιέναι,
3154 4987 3247 5042 καὶ
3293 4988 3470 5041 ποιεῖν
3519 4988 3684 5058 κρίμα
3714 4979 3787 5035 καὶ

2255 5082 2627 5154 δικαιοσύνην.
2667 5101 2687 5134 ι
2741 5081 2799 5133 '0
2826 5081 2883 5133 δὲ
2929 5079 3185 5150 βασιλεὺς
3229 5078 3499 5143 Ἐζεκίας,
3540 5080 3635 5147 τὴν
3663 5075 3788 5140 δόξαν

2257 5174 2366 5230 τῶν
2395 5174 2696 5245 ἀνθρώπων
2730 5170 3068 5243 Θήρὼμενος,
3102 5171 3196 5224 καὶ
3238 5169 3564 5242 περιχαρεία
3600 5163 3790 5239 κρατού·

2262 5283 2442 5339 μενος,
2477 5265 2647 5330 ἔδειξε
2677 5265 2790 5328 τοῖς
2829 5261 3120 5326 Χαλδαίοις
3149 5262 3275 5325 τοὺς
3305 5261 3610 5334 θησαυροὺς
3635 5255 3785 5314 αὑτοῦ.

2265 5359 2374 5414 Καὶ
2426 5356 2714 5413 ἀπέστειλε
2769 5356 2974 5426 Κύριος
3018 5355 3112 5409 τὸν
3169 5355 3399 5409 Ἡσαΐαν
3428 5396 3443 5419 ,
3489 5354 3622 5422 πρὸς
3661 5347 3794 5404 αὐτὸν

2264 5449 2437 5518 λέγων
2467 5468 2480 5480 ·
2521 5467 2539 5501 ι
2582 5447 2713 5501 Ἰδοὺ
2753 5447 2963 5518 ήμέραι
2995 5447 3270 5518 ἔρχονται,
3315 5447 3414 5501 καὶ⁷
3462 5445 3794 5516 ληφθήσοντσι

2265 5543 2442 5596 πάντα
2487 5540 2523 5594 ἃ
2565 5539 2696 5606 ἴδον,
2738 5540 2818 5602 είς
2860 5538 3178 5593 Βαϐυλῶνα.
3221 5557 3240 5590 ι
3302 5537 3392 5601 Ὠς
3446 5537 3538 5590 καὶ
3567 5532 3646 5604 ἐφ’
3686 5531 3792 5598 ἡμῖν

2264 5630 2358 5685 νῦν
2384 5630 2628 5700 γέγονεν.
2671 5625 2979 5699 Ἐπαχύνθη
2989 5643 3087 5698 μεν
3111 5625 3219 5698 γὰρ
3252 5627 3350 5681 καὶ
3370 5623 3791 5692 ἀπελακτίσαμιν,
