4028 6530
265 345 405 413 1569

1288 349 1620 411 HOMILIA
1656 349 1861 412 XLIV.
1891 373 1957 384 ’-
1988 350 2087 410 DE
2126 352 2527 414 SUPERBIA.

3394 358 3534 427 1570

258 464 357 519 καὶ
378 462 699 536 παρέδωκεν
734 463 943 536 Κύριος
987 463 1090 536 τὴν
1132 464 1287 535 ίσχὺν
1326 465 1507 537 ἡμῶν,
1536 465 1628 519 τὸν
1662 465 1835 535 τίμιοι

1945 465 2186 520 aemulati
2247 467 2581 522 sententiam
2632 466 2848 524 sincero
2899 478 3123 540 pectore
3176 486 3532 541 promamus:

259 552 517 624 σταυρὸν,
552 554 666 617 τοῖς
697 553 1013 621 Χαλδαίοις,
1058 553 1155 608 καὶ
1182 554 1254 609 τὰ
1282 555 1414 624 ἅγια
1441 554 1600 627 ἡμῶν
1623 555 1846 626 ἐρήμω-

259 661 383 698 σαν.
418 642 617 708 Καλῶς
645 640 742 699 οὖν
765 646 794 698 6
836 646 1253 718 Παροιμιαστὴς
1280 645 1429 713 λέγει
1452 660 1467 675 ’
1506 664 1525 697 ι
1560 646 1845 716 Κρείσσων

256 736 398 808 ἀνὴρ
452 738 511 790 ὲν
566 738 765 810 ἀτιμίᾳ
811 737 993 809 ἑαυτῷ
1034 736 1321 803 δουλεύων,
1356 737 1444 810 ἢὸ
1471 738 1640 810 τιμὴν
1669 736 1845 807 ἑαυτῷ

258 827 527 900 περιθεὶς,
554 830 649 882 καὶ
676 828 994 900 ἐνδεόμενος
1022 828 1214 900 ἄρτου.
1236 846 1257 881 ι
1294 827 1406 882 Καὶ
1431 828 1597 883 πάλιν
1618 844 1632 859 ο
1666 847 1685 880 ι
1722 829 1845 898 Ἐγ.

257 922 591 992 κωμιαζέτω
622 939 679 975 σε
702 923 732 976 6
774 923 965 987 πέλας,
986 924 1082 975 καὶ
1121 921 1200 993 μὴ
1232 922 1294 975 τὸ
1328 920 1419 974 σὺν
1447 920 1646 991 στόμα·
1681 920 1843 975 ἁλλό·

253 1029 429 1083 τριος,
462 1014 555 1066 καὶ
578 1012 655 1085 μὴ
675 1013 743 1067 τὰ
777 1013 849 1067 σὰ
873 1013 1052 1084 χείλη.
1092 1033 1113 1068 ι
1152 1013 1211 1067 '0
1237 1013 1295 1067 δὲ
1320 1013 1629 1087 Ψαλμῳδός
1661 1032 1676 1047 ·
1712 1031 1731 1065 ι
1780 1010 1840 1066 ’0

253 1104 389 1167 θεὸς
408 1104 795 1177 διεσκόρπισεν
827 1104 964 1160 ὀστᾶ
981 1105 1467 1179 ἀνθρωπαρέσκων
1484 1121 1499 1137 ⁸
1526 1105 1842 1176 κατῃσχύν-

253 1197 429 1267 θησαν
461 1198 544 1251 ὃτι
575 1200 605 1251 6
627 1197 761 1261 Θεὸς
790 1198 1156 1263 ὲξουδένωσεν
1185 1198 1404 1264 αὐτούς.
1442 1218 1462 1251 ι
1491 1199 1601 1255 Καὶ
1620 1202 1648 1252 6
1683 1198 1841 1252 Ἀπό-

1947 576 1967 608 ι
2007 558 2169 612 Modo
2194 560 2347 614 enim
2383 560 2704 617 hominibus
2727 562 2951 628 suadeo,
2985 579 3055 618 an
3078 564 3227 620 Deo?
3250 582 3320 620 an
3347 582 3534 637 qner

1942 648 2265 707 hominibus
2292 652 2551 723 placere?
2586 652 2644 708 Si
2673 652 2822 708 enim
2853 654 3036 711 adhuc
3064 656 3387 715 hominibus
3412 661 3533 730 pla-

1940 757 2147 809 eerem,
2186 742 2395 799 Christi
2446 760 2641 801 servus
2688 761 2801 801 non
2851 761 3029 802 essem
3082 749 3145 801 ιτ.
3190 768 3208 800 ι
3260 750 3476 806 Rursus
3515 774 3528 807 :

1946 850 1966 885 ι
2006 832 2099 889 Sic
2123 834 2405 905 loquimur
2423 852 2536 891 non
2569 837 2727 906 quasi
2750 837 3072 893 hominibus
3099 839 3401 909 placentes,
3433 841 3532 897 sed

1940 924 2076 993 Deo,
2107 927 2204 997 qui
2238 928 2441 998 probat
2468 928 2640 983 corda
2673 938 2862 985 nostra
2892 947 2908 997 ;
2940 947 3125 1002 neque
3151 932 3323 999 enim,
3349 933 3449 998 ait,
3476 934 3533 991 in

1940 1035 2196 1077 sermone
2218 1020 2554 1077 adulationis
2578 1021 2786 1077 fuimus
2810 1024 2956 1094 apud
2975 1040 3096 1090 vos,
3121 1026 3266 1081 sicut
3284 1034 3341 1081 et
3356 1027 3529 1094 scitis,

1937 1128 2121 1183 neque
2153 1114 2211 1169 in
2242 1114 2532 1169 occasione
2581 1114 2865 1169 avaritiae:
2897 1116 3043 1172 Deus
3097 1119 3293 1174 testis:
3351 1134 3533 1189 neque

1936 1216 2248 1278 quaerentes
2273 1206 2344 1262 ab
2373 1207 2693 1262 hominibus
2716 1208 2945 1278 gloriam
2959 1207 3027 1262 ³⁸.
3052 1228 3072 1261 ι
3091 1240 3162 1249 —
3186 1231 3203 1261 ι
3228 1210 3349 1265 Νοιι
3381 1212 3531 1267 enim

254 1293 444 1355 στολος
464 1306 476 1319 °
519 1311 537 1344 ι
572 1293 638 1345 Τί
670 1292 779 1363 γὰρ
803 1290 970 1362 ἔχεις,
1007 1291 1036 1344 6
1057 1292 1157 1345 οὐκ
1186 1290 1380 1354 ἔλασις
1407 1307 1422 1357 ;
1457 1293 1506 1344 εί
1536 1290 1594 1345 δὲ
1625 1290 1835 1354 ἔλαϐες,

1939 1301 2035 1370 qui
2057 1302 2302 1371 seipsum
2331 1300 2704 1365 commendat,
2725 1300 2819 1354 ille
2839 1300 3107 1371 probatus
3122 1311 3229 1367 est,
3248 1302 3343 1358 sed
3365 1318 3530 1373 quem

250 1383 307 1436 τί
324 1385 596 1454 καυχᾶσαι
620 1383 697 1447 ὼς
721 1385 798 1455 μὴ
818 1383 1032 1442 λαϐώνὶ
1061 1403 1079 1434 ι
1106 1384 1217 1438 Καὶ
1244 1386 1356 1447 τοῖς
1377 1384 1435 1437 ὲν
1455 1384 1672 1455 Κρήτῃο
1698 1400 1716 1434 ι
1746 1381 1835 1454 Μὴ

1942 1394 2211 1448 Dominus
2241 1392 2595 1449 commendat
2626 1394 2691 1447 ”.
2727 1410 2745 1443 ι
2790 1392 2849 1447 ln
2893 1393 3042 1448 hunc
3086 1395 3254 1449 etiam
3303 1396 3528 1451 modum

253 1476 312 1527 ὲν
334 1474 802 1546 ὀφθαλμοδουλείᾳ
821 1514 836 1540 ,
873 1475 949 1539 ὡς
999 1474 1477 1545 ἀνθρωπάρεσκοι,
1533 1474 1650 1527 ἀλλ’
1681 1474 1711 1527 ὃ
1743 1476 1835 1528 ἐὰν

1940 1484 2189 1555 loquitur
2218 1486 2378 1540 beata
2410 1486 2501 1540 illa
2528 1472 2801 1541 Samuelis
2823 1494 3000 1540 mater
3022 1486 3181 1541 Anna
3211 1504 3224 1540 :
3256 1506 3273 1539 ι
3303 1489 3381 1542 Ne
3414 1488 3531 1559 glo-

250 1570 481 1628 ποιεῖτε,
514 1571 579 1622 ἐκ
606 1569 783 1641 ψυχῆς
816 1568 1142 1641 ἐργάζεσθε,
1175 1568 1251 1633 ὡς
1270 1569 1350 1640 τῷ
1382 1568 1592 1641 Κυρίῳ,
1614 1569 1708 1623 καὶ
1736 1569 1835 1624 ούκ

1942 1575 2120 1630 rietur
2162 1577 2408 1647 prudens
2446 1578 2501 1631 in
2548 1577 2844 1647 prudentia
2875 1594 2995 1644 sua,
3023 1588 3080 1633 et
3110 1589 3306 1648 potens
3337 1580 3391 1635 in
3426 1595 3529 1650 po-

249 1662 562 1732 ἀνθρώποις
585 1662 947 1727 δουλεύοντες.
984 1682 1004 1716 ι

1942 1667 2117 1722 tentia
2158 1682 2277 1733 sua,
2315 1676 2373 1723 et
2401 1667 2557 1723 dives
2581 1668 2636 1723 in
2674 1668 2887 1724 divitiis
2911 1670 3047 1737 suis,
3076 1670 3174 1725 sed
3207 1671 3261 1725 iu
3287 1670 3393 1726 hoc
3414 1672 3530 1742 glo-

252 1761 452 1826 rietur,
477 1762 524 1816 si
549 1761 809 1834 intelligit
839 1770 896 1816 et
920 1760 1339 1833 facitjudicium
1366 1769 1426 1816 et
1464 1761 1733 1833 justitiam
1770 1762 1837 1815 ⁸ο.
1887 1781 1904 1813 ι
1949 1762 2067 1819 Rex
2108 1764 2412 1819 etiamnum
2448 1764 2718 1820 Ezechias
2766 1764 3054 1821 hominum
3102 1766 3329 1837 gloriam
3371 1770 3529 1837 quasi

248 1853 486 1923 quadam
517 1854 909 1909 venatiuncula
944 1862 1193 1924 captans,
1243 1869 1309 1909 ac
1348 1854 1666 1924 profusiore
1701 1853 1903 1924 gaudio
1923 1854 2125 1919 victus,
2170 1869 2301 1911 suos
2359 1871 2555 1910 omnes
2608 1855 2905 1910 thesauros
2932 1853 3207 1910 Chaldaeis
3271 1856 3529 1911 visendos

248 1947 574 2017 explicuit“
599 1955 828 2003 :etecce
843 1947 899 2002 iu
913 1946 1314 2018 vestigiomisit
1334 1946 1602 2002 Dominus
1619 1945 1835 2010 Isaiam,
1877 1945 1973 2016 qui
2010 1945 2267 2001 diceret:
2304 1966 2323 1997 ι
2357 1947 2501 2003 Ecce
2527 1947 2647 2002 dies
2668 1948 2897 2002 venient
2928 1955 2984 2001 et
3013 1958 3235 2003 sument
3266 1962 3388 2017 quae
3442 1949 3528 2005 vi-

254 2040 461 2096 derunt
493 2041 701 2109 omnia,
738 2042 793 2098 in
834 2042 1174 2114 Babylonem
1201 2043 1268 2109 δ’,
1304 2060 1323 2094 ι
1356 2041 1503 2097 sicut
1551 2041 1713 2096 nobis
1745 2054 1968 2111 quoque
2005 2056 2155 2096 nunc
2193 2040 2449 2113 contigit;
2496 2042 2779 2098 Dedecore
2827 2050 2992 2112 atque
3038 2042 3341 2114 ignominia
3395 2057 3523 2114 per-

249 2139 360 2194 fusi
391 2154 605 2203 sumus,
644 2146 702 2194 et
742 2154 872 2195 ecce
903 2138 1225 2195 rebellionis
1258 2139 1439 2195 calces
1477 2138 1852 2194 obtrudimus.
1894 2137 2148 2193 Tradidit
2192 2138 2459 2194 Dominus
2504 2138 2631 2194 ﬁdei
2690 2148 2893 2194 nostra:
2932 2138 3107 2195 robur
3144 2140 3524 2196 venerabilem

249 2243 308 2291 et
344 2235 557 2290 honore
588 2235 869 2306 praecipuo
908 2235 1129 2306 dignam
1180 2250 1401 2291 crucem
1450 2230 1745 2300 Chaldaeis,
1794 2232 2111 2289 sanctuaria
2156 2243 2347 2291 nostra
2401 2233 2456 2287 in
2497 2233 2856 2289 solitudinem
2908 2235 3131 2291 redacta
3194 2241 3343 2289 sunt.
3395 2232 3529 2287 Pul-

250 2332 385 2386 chre
437 2331 611 2402 igitur
645 2331 1033 2387 Parmmiastes
1061 2330 1235 2387 dicit:
1273 2351 1289 2383 ι
1344 2330 1540 2386 Melior
1572 2330 1658 2385 vir
1685 2328 1863 2400 quiin
1902 2329 2202 2399 ignominia
2237 2344 2337 2383 sua
2392 2328 2583 2394 servit,
2630 2344 2791 2399 quam
2851 2329 2947 2399 qui
2998 2328 3221 2384 asciscit
3263 2327 3367 2383 sibi
3425 2327 3529 2381 ali-

249 2428 431 2483 cunde
478 2406 767 2492 honorem,
825 2436 883 2484 et
936 2427 1146 2499 indiget
1198 2443 1339 2498 pane
1395 2427 1459 2481 “.
1500 2444 1518 2478 ι
1574 2426 1832 2481 Rursus:
1882 2444 1899 2476 ι
1927 2424 2211 2480 Laudette
2243 2425 2547 2494 proximus,
2599 2433 2656 2479 et
2703 2439 2905 2479 nouos
2940 2433 3140 2490 tuum;
3189 2424 3425 2490 alienus,
3468 2429 3527 2479 et

248 2535 361 2575 non
387 2520 532 2575 labia
564 2528 656 2575 tua
712 2519 780 2573 δι.
822 2538 840 2570 ι
901 2519 1113 2574 Psaltes
1166 2519 1297 2575 item
1356 2518 1583 2590 regius:
1648 2537 1665 2569 ι
1696 2517 1842 2573 Deus
1877 2516 2169 2586 dissipavit
2203 2530 2329 2571 ossa
2369 2532 2562 2571 eorum
2621 2517 2717 2587 qui
2756 2516 3077 2573 hominibus
3104 2518 3341 2588 placent,
3392 2531 3526 2572 con-

250 2616 360 2672 fusi
381 2624 512 2672 sunt
533 2616 793 2687 quoniam
815 2616 963 2672 Deus
984 2618 1193 2687 sprevit
1219 2632 1317 2673 eos
1342 2618 1408 2670 “.
1450 2634 1470 2669 ι
1513 2615 1847 2686 Apostolus:
1892 2633 1910 2666 ι
1942 2613 2085 2682 Quid
2124 2613 2275 2669 enim
2319 2612 2490 2669 habes
2522 2615 2670 2685 quod
2697 2631 2809 2670 non
2843 2616 3105 2686 accepisti
3136 2618 3159 2669 ?
3221 2616 3353 2685 quid
3406 2616 3524 2687 glo-

249 2710 435 2776 riaris,
465 2711 624 2781 quasi
651 2725 763 2766 non
792 2713 1071 2782 acceperis
1121 2710 1207 2765 “1'
1234 2729 1253 2764 ι
1303 2710 1663 2767 Colossenses
1702 2711 1835 2765 item
1873 2710 2179 2765 admonens
2210 2726 2223 2763 :
2259 2726 2277 2760 ι
2326 2711 2447 2763 Non
2478 2709 2545 2764 ad
2581 2711 2803 2765 oculum
2830 2711 3137 2766 servientes
3156 2710 3313 2780 quasi
3341 2709 3524 2765 homi-

246 2805 415 2861 nibus
442 2805 743 2877 plaeentes,
782 2807 879 2862 sed
908 2807 1279 2878 quodcunque
1314 2805 1519 2874 facitis,
1558 2820 1627 2862 ex
1658 2804 1844 2861 animo
1881 2804 2213 2876 operemini,
2265 2804 2423 2875 quasi
2473 2804 2707 2859 Domino
2753 2814 2810 2859 et
2861 2817 2973 2860 non
3021 2803 3341 2859 hominibus
3387 2816 3511 2858 ser-

247 2902 467 2958 vientes
494 2903 560 2958 ".
599 2922 617 2955 ι

321 2992 505 3051 Δεινὸν
527 2992 621 3053 οῦν
644 2999 814 3065 εστιν,
852 2997 929 3063 ὡς
978 2999 1213 3070 εἴρηται,
1272 2998 1334 3052 τὺ
1378 2998 1478 3069 τῆς
1530 2997 1835 3063 κενοδοξίας

2013 2990 2142 3047 Haec
2175 2989 2357 3046 inanis
2386 2991 2576 3062 gloriae
2599 2989 2819 3046 affectio
2847 3004 2977 3045 sane
3014 3005 3178 3061 quam
3232 2991 3528 3051 vehemens

246 3089 423 3155 πάθος
451 3105 465 3119 °
499 3091 594 3145 καὶ
617 3092 798 3156 πάσας
821 3092 921 3157 τὰς
951 3093 1157 3164 ἀρετὰς
1210 3091 1277 3156 ἃς
1310 3092 1606 3165 ἐργάζεται
1658 3091 1687 3145 6
1740 3091 1837 3146 ἄνευ

246 3183 486 3253 θρωπος,
522 3184 894 3255 παρεμϐάλλει
944 3185 1122 3256 ἑαυτῷ
1144 3200 1160 3216 ⁸
1186 3185 1281 3238 καὶ
1319 3184 1612 3251 σπουδάζει
1641 3183 1838 3255 ἀχρει-

244 3275 387 3328 ῶσαι
429 3275 554 3339 τοὺς
609 3276 860 3347 καρποὺς
909 3277 1005 3332 τοῦ
1062 3277 1323 3349 μοναχοῦ.
1356 3278 1466 3332 Kal
1497 3276 1558 3332 τδ
1588 3275 1837 3349 χαλεπώ-

241 3383 403 3439 τερον
434 3384 449 3400 ο
481 3368 566 3421 ὅτι
625 3368 721 3421 ἐπὶ
767 3368 867 3440 μὲν
920 3368 1029 3422 τῶν
1092 3369 1267 3423 ἄλλων
1314 3367 1526 3431 παθῶν,
1575 3368 1836 3439 πορνείας

243 3457 414 3528 φημὶ,
439 3460 532 3512 καὶ
560 3457 753 3530 ὀργῆς,
789 3459 1112 3531 λυπούμεθα
1151 3460 1320 3526 είκδς,
1365 3460 1461 3515 καὶ
1497 3458 1832 3531 θρηνοῦμεν,

241 3553 344 3606 κα)⁹
375 3552 650 3624 εὐχόμεθα
673 3553 1061 3626 ἀπαλλαγῆναι
1087 3571 1103 3586 ο
1140 3553 1236 3608 ἐπὶ
1276 3552 1335 3607 δὲ
1378 3555 1477 3625 τῆς
1528 3552 1835 3619 κενοδοξίας

240 3641 370 3698 οὔτε
400 3644 693 3715 πονοῦμεν,
734 3646 860 3700 οὕτε
900 3646 1246 3718 λυπούμεθα,
1283 3645 1409 3699 οὔτε
1436 3646 1530 3699 τὸν
1565 3645 1697 3698 Θεὸν
1724 3661 1835 3697 πα-

245 3736 595 3807 ρακαλοῦμεν
648 3737 1091 3810 ἔλευθερωθῆναι
1142 3739 1202 3808 ἐξ
1241 3738 1434 3810 αὐτῆς.
1492 3738 1835 3810 Μισήσωμεν

238 3821 361 3886 οῦν,
410 3824 657 3897 ἀδελφοὶ,
697 3826 759 3881 τὸ
806 3827 1015 3881 τέλειον
1059 3830 1236 3900 μῖσος,
1283 3828 1346 3882 τὸ
1381 3827 1484 3898 τῆς
1524 3826 1833 3893 κενοδοξίας

238 3916 438 3981 πάθος,
462 3917 552 3971 ἵνα
572 3916 646 3989 μὴ
668 3918 1031 3989 ἀπολέσωμεν
1066 3919 1194 3982 τοὺς
1219 3917 1502 3989 καμάτους
1522 3915 1680 3988 ἡμῶν
1698 3932 1713 3948 ·
1734 3916 1833 3987 τῆς

238 4010 355 4082 γὰρ
385 4010 476 4064 τοῦ
502 4010 746 4083 Χριστοῦ
766 4012 1016 4076 δουλείας
1040 4011 1135 4066 καὶ
1169 4012 1270 4084 τῆς
1295 4012 1376 4075 είς
1411 4010 1547 4064 Θεὸν
1591 4008 1831 4072 πίστεως

239 4104 537 4176 ἀφίστησιν
555 4105 646 4160 τὸν
666 4105 973 4176 ἄνθρωπον,
992 4105 1175 4169 καθώς
1190 4121 1353 4174 φησιν
1369 4105 1397 4158 6
1413 4103 1635 4174 Κύριος·
1664 4120 1682 4153 ι
1706 4101 1833 4165 Πῶς

237 4195 474 4249 δύνασθε
502 4196 789 4250 πιστεύειν
823 4199 904 4261 εἰς
926 4196 1047 4267 ἐμὲ,
1068 4194 1227 4261 δόξαν
1254 4194 1385 4265 παρ’
1410 4192 1659 4263 ἀλλήλων
1683 4188 1828 4261 λαμ-

1943 3091 1999 3138 et
2020 3082 2281 3153 perplexa
2316 3091 2421 3149 est,
2444 3084 2602 3152 juxta
2632 3082 2976 3153 superiorem
3004 3083 3335 3139 sententiam
3361 3103 3373 3139 :
3401 3087 3528 3141 nul-

1939 3174 2051 3230 lam
2101 3174 2247 3229 enim
2282 3174 2549 3245 relinquit
2574 3174 2841 3227 virtutum
2873 3186 3012 3244 quas
3040 3185 3304 3244 operetur
3338 3177 3525 3245 homo,

1940 3264 2030 3320 cui
2063 3279 2176 3319 non
2198 3263 2578 3335 impudentius
2601 3263 2938 3329 obluctetur,
2976 3279 3147 3335 seque
3183 3266 3430 3337 objiciat.
3466 3268 3526 3323 ιιι

1938 3355 2044 3411 hoc
2067 3370 2288 3426 operam
2312 3365 2475 3411 navat
2495 3357 2985 3423 accuratissimam,
3018 3357 3233 3412 fructus
3265 3359 3520 3415 monachi

1940 3448 2275 3520 intercipere
2318 3458 2381 3503 ut
2422 3449 2600 3519 possit
2650 3458 2707 3505 et
2733 3450 2964 3505 reddere
2999 3449 3245 3505 inutiles.
3272 3452 3448 3507 Habet
3470 3453 3526 3508 in

1935 3557 1995 3597 se
2030 3541 2219 3597 ethoc
2276 3542 2493 3597 caeteris
2540 3542 2927 3611 periculosius.
2993 3543 3141 3598 Inter
3193 3545 3329 3599 alias
3375 3546 3522 3601 enim

1936 3633 2105 3688 animi
2157 3633 2601 3704 perturbationes
2651 3636 2951 3692 constituta
3006 3636 3158 3709 (puta
3194 3638 3247 3692 in
3284 3637 3527 3694 fornica-

1936 3726 2111 3791 tione,
2151 3734 2210 3782 et
2246 3726 2348 3797 ira)
2398 3740 2638 3783 maerore
2680 3729 3027 3795 conficimur,
3061 3746 3165 3785 nec
3188 3728 3411 3800 injuria,
3442 3732 3528 3785 lu-

1935 3832 2130 3889 gemus
2182 3830 2425 3887 quoque,
2479 3833 2703 3874 oramus
2756 3819 2982 3889 insuper
3018 3821 3183 3876 eximi
3216 3838 3405 3878 earum
3448 3823 3528 3878 la-

1935 3910 2145 3983 queis:
2200 3910 2466 3967 adversus
2522 3912 2741 3967 inanem
2800 3912 3029 3985 gloriam
3082 3932 3152 3970 ne
3208 3915 3525 3973 laboramus

1935 4004 2182 4076 quidem,
2233 4003 2370 4058 nihil
2422 4020 2525 4061 nos
2565 4006 2897 4061 contristant
2926 4008 3164 4078 pellaces
3212 4008 3360 4064 illius
3406 4009 3525 4066 ille-

1935 4098 2138 4165 cebrae,
2172 4097 2268 4154 sed
2304 4112 2408 4153 nec
2434 4098 2605 4153 Deum
2631 4097 3005 4164 obsecramus,
3030 4117 3132 4157 nos
3164 4110 3224 4156 ut
3250 4100 3447 4158 liberet
3468 4112 3524 4157 et

1932 4189 2207 4245 subducat
2244 4187 2395 4243 illius
2435 4189 2588 4260 iugo.
2614 4188 2757 4244 Sane
2805 4190 3217 4247 blandissimam
3253 4193 3395 4249 hanc
3425 4194 3522 4249 sed

238 4287 519 4350 ϐἀνοντες.
558 4288 653 4343 καὶ
685 4286 786 4359 τὴν
811 4285 971 4352 δόξαν
994 4287 1093 4357 τὴν
1135 4287 1291 4356 παρὰ
1331 4284 1427 4339 τοῦ
1478 4284 1642 4356 μόνου
1690 4280 1827 4336 Θεοῦ

1939 4290 1988 4338 et
2014 4282 2414 4337 veteratoriam
2450 4281 2838 4352 intemperiem
2874 4283 3065 4355 gloria
3115 4285 3298 4342 inanis
3340 4284 3525 4341 oderi-

238 4378 307 4433 ού
347 4380 681 4453 ζητοῦντες;
720 4400 740 4433 ι
796 4379 958 4452 Αύτῷ
1007 4380 1042 4451 ἡ
1090 4378 1217 4447 δόξα
1279 4379 1359 4445 είς
1414 4377 1542 4442 τοὺς
1590 4376 1819 4440 αἰῶνας.

1939 4388 2075 4439 mus,
2108 4388 2317 4444 quaeso,
2349 4372 2570 4439 fratres,
2602 4374 2733 4429 odio
2759 4391 2990 4443 prorsus
3023 4376 3292 4447 perfecto,
3347 4386 3407 4433 ut
3452 4394 3522 4433 nc

236 4472 423 4543 Λμήν.
1920 4483 2021 4539 per
2046 4482 2166 4522 eam
2212 4467 2627 4537 quanticunque
2657 4467 2831 4522 nostri
2866 4466 3086 4524 labores
3120 4478 3245 4524 eant
3269 4486 3514 4541 pessum,

237 4564 464 4638 sintque
492 4566 650 4622 vacui
676 4574 732 4621 et
754 4566 946 4622 inanes
972 4565 1145 4639 frugis
1182 4566 1362 4622 bona.
1400 4564 1692 4622 Hominem
1735 4563 1886 4620 enim
1945 4565 2063 4635 ipsa
2096 4571 2344 4619 evocata
2372 4561 2578 4619 Christi
2614 4565 2917 4620 servitute:
2969 4564 3208 4635 denique
3249 4576 3304 4622 et
3339 4584 3369 4622 a
3412 4567 3517 4627 ﬁdc

235 4676 351 4730 qua
400 4660 456 4715 in
491 4662 662 4716 Deum
742 4660 1041 4727 credimus,
1090 4660 1431 4733 transfugam
1478 4660 1665 4717 reddit
1729 4669 1787 4717 et
1848 4660 2215 4725 desertorem,
2266 4659 2354 4713 vel
2406 4669 2546 4715 teste
2604 4660 2839 4715 Domino
2875 4679 2889 4716 :
2924 4681 2941 4711 ι
2972 4660 3280 4727 Quomodo.
3318 4664 3515 4734 inquit,

237 4751 473 4821 potestis
519 4752 750 4809 credere
794 4753 849 4807 in
884 4767 993 4819 me,
1027 4754 1122 4824 qui
1151 4753 1383 4824 gloriam
1411 4754 1712 4826 vobisipsis
1778 4754 2001 4823 capitis,
2065 4762 2121 4809 et
2185 4751 2413 4825 gloriam
2461 4768 2584 4823 quae
2632 4768 2662 4807 a
2714 4748 2833 4807 solo
2883 4753 2995 4808 Deo
3043 4764 3149 4819 est,
3202 4771 3310 4809 non
3362 4772 3484 4826 qua:

238 4842 365 4900 ritis
389 4844 475 4899 "1'
506 4864 523 4895 ι
549 4844 657 4916 Ipsi
690 4844 862 4916 gloria
894 4845 951 4900 in
979 4847 1199 4901 saecula.
1231 4846 1430 4902 Amen.

842 4956 1062 5014 ΛΟΓΟΣ
1092 4960 1222 5014 ΜΔ’.

720 5072 861 5141 Περὶ
900 5074 1340 5144 ὑπερηφανίας.

311 5182 388 5235 T6
410 5182 509 5254 τῆς
532 5182 916 5255 ὑπερηφανίας
946 5185 1163 5256 νόσημα
1193 5186 1375 5256 χεῖρον
1397 5183 1658 5255 τυγχάνει
1687 5183 1823 5236 ὅλων

236 5276 350 5330 τῶν
377 5273 590 5344 παθῶν,
623 5277 722 5332 κα)⁸
741 5276 1106 5349 θεοστύγητον
1144 5280 1289 5334 πάνυ
1326 5280 1421 5332 καὶ
1467 5278 1544 5351 μὴ
1582 5277 1824 5347 ἁρμόζον

237 5368 377 5431 ὅλως
410 5367 742 5439 ἀνθρώποις,
779 5368 897 5421 ἀλλ’
933 5369 1085 5438 αὐτῷ
1127 5370 1272 5440 μόνῳ
1306 5368 1385 5440 τῷ
1419 5369 1679 5440 δυσμενεῖ
1704 5368 1821 5421 δια-

238 5460 405 5532 ςὸλῳ,
437 5461 576 5532 πρὸς
603 5461 702 5532 τὴν
729 5458 899 5515 αὐτοῦ
940 5460 1161 5526 κακίαν,
1195 5459 1273 5531 τῷ
1319 5460 1388 5513 δι’
1438 5460 1819 5533 ὑπερηφανίαν

344 5640 391 5673 ³⁷
425 5640 600 5696 Galat.
633 5640 788 5706 ι,10.
895 5640 940 5673 ³⁸
972 5640 992 5695 1
1025 5631 1222 5696 Thess.
1258 5657 1318 5705 ιι,
1352 5641 1471 5695 4οϐ.

242 5714 289 5745 δ’
320 5713 424 5766 lsa.
450 5726 543 5775 ιιι,
565 5710 657 5766 20.
769 5713 817 5746 ”
840 5711 1001 5769 Prov.
1028 5726 1125 5779 xu,
1154 5712 1209 5769 9.

240 5784 289 5818 “
319 5782 477 5839 Joan.
506 5798 562 5847 v,
583 5783 673 5837 M.

1576 5640 1619 5673 ³⁹
1648 5640 1692 5696 ll
1721 5640 1849 5697 Cor.
1887 5659 1941 5700 κ.
1981 5643 2067 5697 l8.

1314 5711 1361 5744 “
1388 5711 1549 5768 Prov.
1580 5728 1746 5777 xxvn,
1781 5715 1834 5768 2.
1914 5714 1959 5746 ⁸⁸
1981 5714 2120 5770 Psal.
2149 5729 2241 5784 ιιι,
2267 5716 2321 5772 6.

2458 4954 2743 5013 llOMlLlA
2807 4958 2992 5014 XLIV.

2400 5070 2617 5142 1098
2647 5071 2725 5125 De
2767 5073 3034 5141 superbia.

2003 5178 2292 5252 Superbia:
2353 5183 2623 5255 agritudo
2698 5186 2967 5256 gravitate
3021 5187 3243 5243 malitiae
3292 5198 3521 5247 caeteras

1928 5277 2097 5332 animi
2162 5280 2514 5335 turbulentas
2566 5280 2889 5336 affectiones
2945 5282 3106 5353 longe
3181 5296 3517 5355 exsuperat:

1928 5386 2091 5440 quam
2140 5381 2197 5428 et
2250 5372 2395 5428 Deus
2446 5372 2564 5428 odit
2595 5373 2988 5439 infensissime,
3028 5393 3131 5433 nec
3163 5379 3258 5434 ulli
3293 5396 3522 5450 prorsus

1927 5463 2215 5519 hominum
2250 5473 2620 5521 consentanea
2654 5474 2739 5521 est
2766 5474 2862 5521 aut
2900 5480 3233 5538 congruens.
3282 5468 3517 5523 Pulchre

2170 5644 2215 5676 “
2251 5644 2455 5701 Jerem.
2506 5660 2581 5709 ix,
2632 5646 2722 5711 25,
2780 5648 2871 5702 24.

2434 5717 2479 5749 ⁸⁵
2509 5716 2531 5771 ι
2568 5718 2695 5774 Cor.
2728 5735 2801 5785 1v,
2833 5719 2886 5774 7.

2972 5648 3015 5679 ⁸⁸
3046 5648 3115 5702 IV
3140 5644 3273 5716 Reg.
3309 5663 3399 5713 xx,
3430 5647 3517 5701 l3.

2998 5721 3042 5752 ⁸⁷
3072 5716 3282 5774 Coloss.
3319 5734 3401 5784 ιιι,
3427 5718 3517 5772 22.
