4028 6528
548 350 694 417 1571

1835 344 2202 408 ANTIOCHI
2246 346 2592 409 MONACHI
3659 355 3769 420 15ῗὲ

551 460 634 515 illi
655 458 919 530 competit
947 467 1004 513 et
1029 457 1133 514 soli
1162 458 1260 529 ‘qui
1289 466 1492 514 nostrae
1533 468 1622 514 est
1651 460 1886 515 aemulus
1922 462 2135 527 salutis,

2240 459 2298 526 ἐξ
2325 460 2560 532 οὐρανοῦ
2591 477 2834 514 πεσοντι.
2877 461 2938 514 '0
2981 461 3090 532 γάρ
3133 461 3562 532 καυχησάμενος,
3597 470 3680 523 καὶ
3703 470 3773 525 λέ.

549 567 750 622 nempe
776 551 1020 613 diabolo,
1039 551 1108 605 ad
1133 566 1286 605 suam
1314 551 1488 621 ipsius
1501 552 1827 622 explendam
1846 553 2133 617 malitiam,

548 661 676 700 cum
713 661 809 714 per
830 661 950 700 eam
988 644 1318 699 deturbatus
1336 644 1410 699 sit
1431 660 1600 714 regno
1625 647 1911 701 caelorum.
1941 646 1992 700 ls
2009 660 2135 700 cum

551 738 848 806 gloriosius
914 735 1288 796 subsultaret,
1347 751 1412 789 ac
1445 736 1804 806 praegestiens
1867 737 2128 791 diceret:

556 843 575 874 ε
617 826 818 879 l’onam
851 825 1110 878 thronum
1146 838 1332 877 meum
1389 839 1560 894 super
1623 834 1771 879 astra
1819 825 1942 880 cmli
2004 825 2071 890 δ’,
2112 843 2130 876 ι

549 928 829 972 momento
854 918 1110 971 inventus
1125 924 1209 970 est
1233 933 1342 971 non
1373 917 1584 972 habens
1618 919 1790 972 ullum
1824 917 2137 988 tranquillae

559 1010 766 1079 quietis
788 1013 996 1070 locum,
1032 1009 1128 1063 sed
1160 1009 1315 1080 quasi
1348 1026 1492 1064 unus
1517 1010 1717 1079 aliquis
1752 1025 2013 1080 manceps
2036 1010 2139 1065 mi-

550 1100 798 1155 serrimae
833 1101 1204 1170 captivitatis,
1250 1101 1448 1171 quovis
1481 1102 1728 1156 locorum
1767 1103 2138 1172 triumphatus

550 1201 862 1248 ostentatur
892 1194 958 1247 ad
989 1194 1216 1263 gloriam
1260 1195 1458 1249 summi
1493 1195 1609 1249 Dei.
1649 1196 1829 1266 Atque
1866 1197 1939 1250 ita
1971 1212 2140 1267 pecu-

548 1286 700 1340 liaris
728 1286 819 1340 hic
859 1286 1075 1340 daemon
1103 1286 1399 1355 superbiae,
1430 1302 1554 1340 cum
1586 1295 1786 1356 praeter
1806 1296 2032 1342 caateras
2058 1287 2140 1342 af-

548 1380 815 1433 lectiones
837 1380 1078 1434 animam
1131 1377 1442 1433 miserrimc
1502 1378 1727 1433 alllictet
1781 1388 1837 1434 et
1885 1379 2134 1446 cruciet;

549 1489 646 1527 ros
677 1481 857 1526 tamen
884 1475 1132 1526 omnium
1171 1473 1407 1526 maxime
1438 1472 1742 1544 impugnat,
1770 1487 1827 1528 et
1856 1482 1914 1528 ut
1944 1474 2137 1529 detur-

551 1565 645 1621 bet
672 1574 836 1634 atque
864 1573 1100 1626 evertat.
1130 1565 1470 1636 aggreditur,
1526 1567 1624 1636 qui
1670 1567 1920 1636 profectu
1960 1571 2137 1625 virtu-

551 1665 668 1711 tum
697 1657 1062 1726 aliquousque
1083 1658 1195 1727 jam
1247 1667 1661 1727 promoverunt.
1703 1659 1970 1731 Superbia
2011 1679 2137 1732 per-

551 1749 680 1804 inde
729 1758 815 1804 est
863 1765 928 1804 ac
978 1750 1206 1804 llltll‘bllS
1242 1751 1462 1820 quidam
1490 1753 1753 1822 pestilens
1776 1763 1831 1809 et
1862 1756 2133 1822 tabilicus,

2240 568 2378 619 γων-
2422 571 2441 604 ι
2472 552 2637 624 Θήσω
2669 551 2764 606 τὸν
2801 552 2992 623 θρόνον
3025 569 3126 624 μου
3171 553 3258 606 ἐπ’
3301 554 3410 607 ἄνω
3447 554 3552 608 τῶν
3595 557 3774 630 ἄστρων

2237 644 2334 697 τοῦ
2359 643 2614 714 οὐρανοῦ,
2649 663 2667 696 ι
2709 644 2914 716 εὑρέθη
2947 645 3024 715 μὴ
3059 645 3198 715 ἔχων
3222 645 3406 716 χώραν
3437 649 3775 719 ἀναπαύσεως,

2240 737 2358 791 ἀλλ’
2389 738 2466 801 ὡς
2506 738 2857 808 αἰχμάλωτος
2896 736 3176 807 πανταχοῦ
3205 737 3608 808 θριαμϐεὑεται.
3639 737 3777 810 Οὑτος

2237 829 2266 881 ὁ
2323 829 2424 899 τῆς
2477 828 2862 899 ὑπερηφανίας
2914 828 3128 900 δαίμων
3173 829 3553 899 χαλεπώτατος
3594 835 3779 889 πάντων

2238 919 2350 972 τῶν
2379 920 2568 974 παθῶν
2592 921 2876 991 ὑπάρχων,
2903 920 3046 974 πάνυ
3071 920 3196 984 τοὺς
3217 922 3276 973 ἐν
3300 925 3547 993 προκοπῇ
3567 923 3776 994 πολεμεῖ,

2237 1014 2334 1068 καὶ
2359 1015 2634 1085 ἐπιχειρεῖ
2663 1015 3086 1086 καταστρέφειν.
3121 1015 3232 1070 Καὶ
3262 1016 3515 1088 καθάπερ
3539 1020 3678 1085 νόσος
3695 1023 3782 1076 λοι-

2242 1107 2377 1177 μικὴ
2436 1109 2532 1160 καὶ
2563 1108 2893 1180 φθοροποιδς
2919 1108 3020 1180 οὑχ
3065 1107 3124 1161 ἓν
3179 1109 3344 1180 μέλος
3395 1111 3492 1164 τοῦ
3543 1112 3781 1186 σώματος,

2235 1198 2352 1251 ἀλλ’
2382 1198 2503 1252 ὅλον
2541 1199 2865 1271 διαφθείρει,
2899 1201 3045 1253 οὑτω
3080 1201 3172 1254 καὶ
3209 1202 3271 1255 τὸ
3302 1202 3473 1266 πάθος
3505 1205 3673 1260 τοῦτο.
3698 1211 3784 1263 Καὶ

2237 1289 2305 1342 τά
2330 1290 2429 1361 μὲν
2459 1289 2595 1346 ἄλλα
2625 1291 2775 1361 πάθη
2800 1293 2864 1344 ἐκ
2903 1293 3104 1363 μέρους
3127 1293 3476 1348 ἐπισκοποῦσι
3498 1297 3593 1363 τὴν
3618 1297 3782 1369 ψυχὲιν,

2236 1381 2270 1450 ἢ
2302 1383 2397 1435 καὶ
2435 1383 2808 1454 ταράσσουσιν
2851 1383 3025 1455 αὑτήν
3050 1399 3065 1414 ·
3118 1385 3180 1438 τὸ
3212 1386 3270 1439 δὲ
3306 1387 3406 1456 τῆς
3444 1389 3785 1459 ὑπερηφανίας

2238 1473 2412 1536 πάθος
2445 1475 2627 1528 πᾶσαν
2657 1477 2832 1548 αὑτὴν
2870 1481 3075 1543 σκοτεῖ,
3109 1477 3205 1530 καὶ
3231 1480 3313 1542 είς
3335 1478 3580 1548 μεγάλην
3613 1481 3785 1532 πτῶσιν

2236 1564 2489 1632 κατάγει.
2547 1563 2611 1617 Ἥ
2646 1565 2753 1635 γὰρ
2812 1565 2960 1637 ψυχὴ
3005 1565 3099 1620 τοῦ
3148 1565 3503 1635 ὑπερηφάνου
3556 1565 3630 1627 εἰς
3677 1563 3786 1632 ὕψος

2242 1655 2389 1726 μέγα
2421 1655 2736 1710 ἀναϐαίνει·
2766 1658 3023 1712 κάκεῖθεν
3045 1657 3236 1712 ἑαυτὸν
3261 1657 3339 1720 είς
3363 1656 3526 1726 βυθὸν
3550 1658 3787 1711 καταϐάλ-

2238 1745 2342 1801 λει.
2396 1749 2608 1820 Ὥσπερ
2653 1750 2762 1820 γὰρ
2809 1751 2975 1821 βάρος
3029 1748 3263 1815 κατέαξε
3305 1750 3490 1804 κλῶνα
3520 1751 3785 1823 ἔγκαρπον,

550 1839 648 1909 qui
672 1857 780 1894 non
810 1857 979 1894 unum
1007 1841 1172 1894 modo
1194 1842 1442 1912 corporis
1463 1843 1794 1901 membrum.
1815 1847 1908 1901 sed
1941 1863 2137 1917 corpus

2242 1837 2419 1902 οὕτως
2456 1839 2809 1910 ὑπερηφανία
2835 1841 3011 1912 ψυχὴν
3045 1843 3300 1912 ἐνάρετον
3328 1841 3672 1896 καταϐάλλει.
3704 1843 3789 1896 Καὶ

550 1930 733 2001 ipsum
770 1931 894 1986 dira
942 1932 1277 2003 putrilagine
1319 1933 1659 2004 depascitur,
1689 1936 1869 1999 vitiat,
1893 1939 2132 1993 coniicit.

547 2022 690 2078 Alite
740 2024 888 2078 enim
957 2033 1395 2095 quantacunque
1449 2027 1734 2096 passiones
1788 2029 1920 2092 sint,
1971 2046 2136 2085 unam

549 2116 790 2187 aliquam
818 2117 1127 2186 portionem
1156 2117 1352 2172 anima:
1389 2118 1504 2172 suis
1533 2119 1828 2174 offundunt
1869 2120 2135 2186 tenebris,

549 2218 714 2281 atque
731 2225 850 2264 eam
873 2210 1176 2264 obturbant
1199 2228 1210 2262 :
1241 2211 1518 2280 superbia:
1545 2212 1898 2283 intemperies
1927 2215 2136 2269 nullam

550 2317 662 2356 non
693 2300 891 2356 anima:
916 2300 1026 2354 vim
1053 2301 1330 2355 horrenda
1356 2301 1587 2373 caligine
1617 2303 2031 2368 circumfundit,
2056 2305 2140 2358 in-

550 2410 659 2464 que
677 2409 784 2448 non
811 2394 1118 2463 simplicem
1144 2394 1362 2449 ruinam
1389 2395 1502 2466 agit
1547 2397 1904 2466 prazcipitem.
1943 2397 2137 2452 Anima

551 2487 701 2542 enim
745 2485 972 2556 superbi
1005 2485 1062 2540 in
1096 2487 1418 2556 praecelsum
1438 2488 1665 2558 aliquod
1699 2504 1764 2543 ac
1790 2489 2024 2545 sublime
2055 2489 2138 2544 fa-

551 2577 773 2648 stigium
810 2577 1011 2632 sinitur
1047 2577 1443 2643 conscendere,
1493 2577 1638 2633 unde
1675 2579 2018 2634 commodius
2049 2580 2142 2635 de-

553 2670 806 2725 turbetur
849 2669 904 2724 in
961 2669 1267 2740 subjectam
1317 2670 1551 2724 foveam.
1611 2669 1681 2725 Ut
1725 2686 1935 2725 ramum
1981 2671 2138 2742 cepia

551 2763 834 2817 fructuum
868 2763 1262 2816 cxuberaulem
1322 2763 1496 2817 moles
1534 2777 1768 2818 onerosa
1817 2763 2137 2834 diﬂ'ringere

551 2856 716 2920 solet,
779 2854 861 2909 sic
909 2855 1150 2909 animam
1209 2871 1531 2927 generosam
1587 2857 1990 2927 multiplicique
2020 2858 2135 2913 fetu

551 2947 820 3001 virtutum
861 2946 1213 3016 praefertilcm
1265 2948 1591 3018 plerumque
1641 2949 1896 3019 superbia
1951 2949 2139 3020 dejicit

552 3039 748 3111 gradu.
779 3039 1252 3106 Quemadmodum
1311 3041 1527 3096 fructus
1572 3057 1821 3097 marcore
1853 3052 1948 3096 aut
1989 3042 2138 3097 carie

556 3131 781 3185 vitiatus
809 3131 1009 3185 cultori
1037 3146 1139 3186 suo
1167 3131 1306 3185 nihil
1332 3132 1494 3186 aﬂert
1521 3133 1816 3201 commodi,
1858 3134 1933 3189 ita
1962 3143 2018 3189 et
2038 3150 2136 3189 su-

553 3222 710 3292 perbi
744 3223 919 3276 oratio
943 3222 1078 3276 nihil
1109 3238 1175 3276 ex
1199 3223 1310 3277 Deo
1365 3223 1607 3278 relatura
1639 3231 1722 3278 est
1753 3223 1927 3294 frugis
1955 3224 2134 3280 bonae.

551 3309 633 3366 Ne
679 3309 898 3366 dederis
953 3311 1228 3382 superbia:
1270 3312 1509 3366 animam
1548 3320 1739 3379 tuam;
1780 3324 1836 3370 et
1871 3313 2137 3386 imagines

555 3405 859 3460 horrendas
884 3413 1050 3475 atque
1074 3405 1263 3476 plenas
1291 3405 1600 3461 formidinis
1636 3423 1744 3462 non
1771 3408 1984 3480 cogeris
2013 3425 2140 3478 per-

553 3496 812 3568 spicere;
870 3497 1054 3552 anima
1113 3497 1262 3552 enim
1313 3496 1538 3566 superbi
1588 3497 1775 3552 divino
1818 3498 2140 3554 destituitur

555 3589 850 3659 praesidio:
891 3605 1000 3659 quo
1029 3587 1109 3653 iit,
1147 3596 1208 3643 ut
1241 3588 1297 3642 in
1331 3588 1642 3643 dmmonum
1699 3599 1946 3646 vertatur
1993 3591 2138 3646 ludi-

556 3676 738 3731 brium
794 3692 860 3731 ac
907 3675 1270 3731 deridiculam
1335 3678 1785 3748 gratulationem.
1839 3680 2140 3737 Monachus

556 3767 832 3839 superbus
854 3768 1022 3822 arbor
1045 3782 1275 3837 prorsus
1302 3768 1620 3840 infrugii‘era
1642 3778 1757 3826 est:
1785 3771 1988 3842 quippe
2015 3789 2138 3843 quae

555 3859 798 3914 radicem
831 3876 940 3913 non
971 3859 1158 3923 habet,
1203 3874 1380 3929 eoque
1428 3860 1702 3917 violentas
1747 3862 2139 3934 impressiones

554 3958 848 4004 ventorum
886 3948 1251 4004 assilientium
1299 3965 1581 4021 nunquam
1645 3952 1807 4008 feret.
1861 3952 2138 4020 Quemad-

555 4045 779 4100 modum
824 4045 1148 4100 inundantis
1179 4062 1336 4117 aqum
1370 4047 1541 4114 bulla,
1579 4064 1704 4103 mox
1741 4058 1802 4104 ut
1839 4051 2136 4120 rumpitur,

556 4154 684 4193 mox
713 4138 1014 4202 evanescit,
1052 4138 1128 4192 ita
1171 4139 1398 4209 superbi
1431 4141 1697 4196 memoria
1745 4157 1776 4196 a
1827 4153 2005 4198 morte
2052 4145 2139 4199 vel

555 4234 836 4296 momento
866 4225 1084 4297 deperit
1103 4237 1267 4298 atque
1289 4229 1642 4299 intercipitur
1663 4230 1958 4288 oblivione.
1986 4233 2140 4290 Sicut

555 4319 792 4374 modesti
830 4319 946 4374 sive
969 4319 1196 4375 humilis
1221 4321 1401 4375 oratio
1448 4321 1545 4375 Dei
1587 4321 1818 4379 inﬂectit
1851 4325 2015 4390 iram,
2065 4325 2140 4381 ita

557 4409 781 4480 superbi
834 4409 1154 4480 deprecatio
1208 4411 1503 4467 exacerbat
1558 4412 1754 4467 Deum.
1812 4413 2139 4485 Quicunque

2237 1927 2426 2001 ὥσπερ
2475 1933 2686 2002 καρπὸς
2731 1932 2986 2002 σεσηπὼς
3037 1934 3316 2005 ἄχρηστος
3357 1931 3614 2006 γεωργῷ,
3643 1936 3790 1999 οὕτως

2235 2018 2407 2092 ἀρετὴ
2456 2022 2807 2093 ὑπερηφάνου
2852 2025 2913 2078 οὑ
2954 2023 3284 2096 χρησιμεύει
3317 2026 3398 2097 τῷ
3424 2025 3564 2096 Θεῷ.
3597 2027 3680 2095 Μή
3705 2025 3788 2096 δῷς

2239 2113 2590 2186 ὑπερηφανίᾳ
2622 2115 2720 2186 σὴν
2755 2115 2958 2188 ψυχὴν,
2993 2120 3090 2171 καὶ
3119 2119 3179 2171 οὑ
3228 2117 3302 2188 μὴ
3351 2118 3486 2181 ἴδοις
3525 2119 3790 2188 φαντασίας

2239 2206 2492 2276 φρικτάς.
2550 2207 2712 2278 Ψυχὴ
2766 2210 2872 2280 γάρ
2926 2210 3280 2282 ὑπερηφάνου
3347 2210 3790 2280 καταλιμπάνεται

2239 2299 2344 2353 ὑπὸ
2395 2299 2490 2353 τοῦ
2544 2299 2702 2366 Θεοῦ,
2769 2305 2864 2355 καὶ
2917 2303 3133 2370 γίνεται
3185 2303 3462 2374 δαιμόνων
3511 2303 3789 2373 ἐπίχαρμα.

2249 2387 2631 2462 ’Υπερήφανος
2657 2394 2888 2466 μοναχὸς
2915 2397 3135 2467 δένδρον
3154 2396 3430 2470 ἄκαρπον,
3457 2398 3554 2452 καὶ
3576 2398 3790 2470 ἄρριζον.

2236 2483 2334 2535 καὶ
2388 2483 2451 2534 οὑ
2507 2483 2582 2556 μὴ
2635 2485 2838 2560 ἐνέγκῃ
2901 2488 3034 2542 ποτὲ
3095 2489 3402 2560 προσϐολὴν
3454 2491 3673 2561 ἀνέμου.
3702 2491 3791 2542 Kal

2237 2573 2428 2646 ὥσπερ
2477 2577 2763 2647 πομφόλυξ
2789 2582 3021 2650 ραγεῖσα
3053 2581 3374 2649 ἀφανίζεται
3407 2595 3421 2609 ·
3461 2581 3605 2634 οὑτω
3633 2584 3790 2651 μνήμη

2239 2665 2594 2738 ὑπερηφάνου
2627 2668 2768 2738 μετὰ
2794 2669 3024 2724 θάνατον
3049 2671 3268 2726 ὄλλυται
3288 2689 3304 2703 ·
3329 2672 3429 2725 καὶ
3451 2671 3637 2742 ὥσπερ
3662 2687 3792 2742 προσ·

2237 2757 2374 2827 ευχὴ
2405 2757 2664 2811 ταπεινοὺ
2723 2760 2965 2830 κάμπτει
3002 2761 3157 2827 Θεὸν,
3187 2761 3332 2816 οὑτω
3365 2763 3666 2835 παροξύνει
3684 2763 3790 2816 Θεὸν

2237 2846 2422 2917 δέησις
2452 2849 2826 2922 ὑπερηφάνου.
2861 2852 2972 2905 Kal
3001 2854 3116 2908 ὅσοι
3156 2855 3223 2908 δι’
3262 2857 3648 2927 ὑπερηφανίαν
3704 2856 3790 2924 ἀφ-

2238 2941 2524 3012 ηνιάζουσι
2553 2943 2644 2996 τὸν
2674 2941 2925 3014 ἀδελφὸν,
2972 2945 3050 3016 τῷ
3093 2946 3322 3018 διαϐόλῳ
3354 2947 3708 3019 ἁμιλλῶνται.
3730 2948 3788 2998 Oti

2238 3036 2349 3103 γὰρ
2397 3037 2604 3109 φυσική
2651 3037 2865 3109 ὲστινή
2905 3039 3277 3110 ὑπερηφανία.
3324 3040 3446 3094 ἀλλ’
3478 3041 3695 3110 ίνδαλμα
3713 3039 3790 3092 τοῦ

2239 3127 2576 3196 ἀφηνιαστοῦ
2625 3129 2919 3199 δαίμονος’
2971 3132 3155 3196 καθὼς
3212 3136 3489 3204 μαρτυρεῖ
3531 3136 3565 3204 ἡ
3606 3133 3787 3204 Γραφή.

2193 3217 2208 3237 ⁸
2239 3219 2409 3289 Φησὶν
2451 3219 2560 3291 γάρ
2585 3236 2600 3251 ·
2644 3240 2662 3273 ι
2700 3221 2776 3276 Οὑ
2812 3223 3163 3277 συνέκτισται
3189 3224 3512 3294 ἀνθρώποις
3543 3227 3790 3298 ὑπιρηςαο

2239 3311 2346 3365 νεα.
2387 3332 2405 3364 ι
2451 3313 2558 3366 Καὶ
2583 3309 2738 3380 αὖθις
2765 3327 2781 3346 ⁸
2831 3334 2849 3367 ι
2878 3315 3118 3386 Θρόνους
3146 3318 3425 3388 ἀρχόντων
3457 3319 3791 3390 ὑπερηφάνω

2239 3404 2458 3457 καθεῖλε
2490 3404 2717 3478 Κύριος.
2758 3427 2777 3460 ι
2838 3407 3009 3480 Ἀρχὴ
3059 3407 3171 3482 γάρ
3211 3409 3599 3481 ὑπερηφανίας
3618 3409 3791 3482 ἀνθρώ-

2240 3514 2342 3551 που
2363 3498 2666 3570 ἀποστῆναι
2697 3500 2806 3555 ἀπὸ
2833 3503 3043 3574 Κυρίου
3095 3503 3219 3556 Ὅτι
3267 3522 3286 3555 ι
3335 3502 3510 3574 Ἀρχὴ
3552 3502 3790 3573 ἁμαρτίας

2238 3589 2592 3661 ὑπερηφανία
2624 3608 2639 3622 ·
2677 3592 2775 3646 καὶ
2816 3594 2844 3647 ό
2879 3593 3100 3664 κρατῶν
3132 3593 3324 3665 αὑτὴν,
3351 3594 3665 3665 ἐξομϐρίσει
3697 3591 3789 3662 βδέ-

2238 3681 2444 3754 λυγμα,
2470 3686 2564 3739 καὶ
2598 3687 3120 3759 καταστραφήσεται
3149 3689 3230 3751 εἰς
3257 3687 3432 3751 τέλος.
3466 3706 3486 3739 ι
3524 3689 3630 3741 Kal
3659 3687 3711 3739 ἑν
3731 3685 3792 3755 τῷ

2239 3776 2390 3848 νόμῳ
2417 3775 2476 3831 δὲ
2512 3777 2822 3850 γέγραπται
2849 3796 2861 3808 ·
2897 3799 2916 3832 ι
2945 3779 3108 3852 Ψυχὴ
3147 3781 3269 3851 ἣτις
3298 3781 3561 3852 ἐποίησεν
3587 3783 3642 3834 ὲν
3675 3781 3791 3849 χειρὶ

2241 3867 2646 3939 ὑπερηφανίας,
2692 3869 3081 3940 ἐκτριϐήσεται
3122 3873 3186 3924 ἐκ
3231 3870 3325 3924 τοὺ
3373 3871 3534 3927 λαοῦ.
3569 3891 3587 3924 ι
3640 3874 3792 3924 Καὶὸ

2252 3954 2524 4020 Ἡσαΐας·
2601 3975 2619 4007 ι
2653 3957 2764 4011 Kal
2832 3957 3019 4012 ἀπολῶ
3077 3960 3286 4022 πάντας
3342 3960 3786 4033 ὑπερηφάνους.»

2243 4048 2354 4102 Kal
2411 4049 2440 4100 ό
2471 4047 2777 4120 Ψαλμῳδός
2801 4064 2814 4079 ο
2875 4068 2894 4101 ι
2924 4049 3025 4104 Διὰ
3071 4049 3234 4104 τοῦτο
3280 4052 3591 4122 ἐκράτησεν
3627 4053 3791 4114 αὑτοὺς

2241 4139 2595 4210 ὑπερηφανία
2631 4141 2712 4204 εἰς
2762 4139 2937 4206 τέλος,
2995 4143 3078 4195 ὅτι
3131 4144 3558 4214 περιεϐάλλοντο
3613 4145 3791 4200 ἀδικίαν

2240 4229 2339 4282 καὶ
2362 4230 2620 4284 ἀσέϐειαν
2683 4231 2888 4287 αὑτῶν.
2928 4251 2948 4286 ι
2992 4235 3104 4288 Καί
3131 4248 3147 4262 ο
3195 4255 3213 4286 ι
3263 4233 3549 4300 Ἐξέλιπον
3584 4236 3674 4290 καὶ
3704 4237 3790 4289 άπ-

2241 4319 2443 4375 ώλοντο
2469 4322 2557 4376 διὰ
2590 4325 2689 4394 τὴν
2724 4325 2954 4398 ἀνομίαν
3006 4326 3206 4380 αὑτῶν.
3239 4345 3256 4380 ι
3297 4327 3408 4380 Kal
3441 4324 3604 4392 αὖθις
3635 4345 3649 4358 ο
3683 4347 3701 4380 ι
3742 4327 3791 4379 Ἦ

2244 4411 2595 4484 ὑπερηφανία
2629 4413 2737 4469 τῶν
2761 4416 3067 4486 μισούντων
3104 4433 3164 4468 σε
3196 4417 3364 4487 ἀνέϐη
3396 4417 3488 4471 διά
3535 4417 3741 4480 παντός.
3771 4433 3787 4467 ι

559 4511 848 4572 turgentes
873 4502 1151 4571 superbia:
1191 4511 1405 4558 tumore
1429 4519 1494 4558 ac
1525 4503 1856 4561 dissidentes
1881 4523 2003 4563 cum
2029 4510 2137 4564 fra-

2246 4505 2412 4558 ’Ὀθεν
2446 4506 2597 4578 πάσῃ
2626 4509 2826 4580 σπουδῇ
2858 4509 3153 4580 κέχρηνται
3182 4509 3251 4562 τὰ
3279 4510 3401 4580 ἱερά
3431 4528 3531 4564 σου
3555 4510 3790 4571 καθελεῖν,

561 4593 736 4658 tribus
770 4593 1082 4648 detrectant
1123 4593 1442 4664 imperium,
1472 4595 1722 4652 eamdem
1758 4613 1882 4652 cum
1919 4599 2140 4657 diabolo

557 4694 855 4741 conserunt
900 4701 1161 4756 pugnam.
1203 4685 1392 4756 Neque
1428 4688 1576 4742 enim
1627 4692 1894 4747 naturalis
1935 4703 2020 4749 est
2045 4711 2142 4749 su-

558 4774 774 4844 perbia,
819 4773 915 4828 sed
954 4772 1423 4829 contumacissimi
1471 4775 1737 4832 daemonis
1761 4779 2140 4847 simulacrum,

557 4870 852 4917 atlestante
879 4861 1210 4932 Scriptura:
1247 4880 1264 4911 ι
1303 4861 1424 4916 Non
1473 4875 1764 4919 concreata
1807 4875 1892 4922 est
1929 4868 2140 4923 homini

558 4954 840 5025 superbia.
868 4973 886 5005 ι
918 4954 1166 5009 Rursus:
1199 4973 1216 5005 ι
1247 4953 1419 5010 Sedes
1439 4957 1752 5028 principum
1774 4961 2139 5031 superborum

558 5044 829 5098 destruxit
859 5043 1123 5097 Dominus
1151 5043 1217 5096 '°.
1259 5061 1276 5095 ι
1331 5042 1669 5114 Principium
1717 5047 1866 5100 enim
1914 5049 2138 5118 superbi

559 5133 799 5189 hominis
848 5142 933 5188 est
979 5132 1240 5189 recedere
1290 5150 1322 5188 a
1372 5134 1628 5200 Domino,
1679 5138 1810 5206 quia
1861 5156 1879 5190 ι
1918 5141 2135 5195 initium

560 5227 768 5298 peccati
801 5226 1059 5297 superbia
1088 5244 1102 5294 ;
1137 5237 1196 5284 et
1227 5228 1320 5298 qui
1361 5230 1599 5285 tenuerit
1640 5229 1813 5296 illam,
1847 5231 2140 5290 inundabit

560 5318 617 5372 in
645 5318 799 5373 illum
826 5319 1188 5384 abominatio,
1229 5330 1286 5376 et
1335 5321 1393 5376 in
1447 5321 1554 5377 line
1598 5322 1955 5379 subvertetur
2001 5327 2069 5380 ⁵⁸.
2111 5347 2130 5380 ι

559 5411 616 5466 In
662 5411 779 5483 lege
819 5412 949 5467 item
1000 5413 1265 5484 scriptum
1301 5422 1432 5468 est:
1477 5432 1495 5465 ι
1527 5413 1722 5468 Anima
1762 5431 1882 5486 quae
1916 5416 2137 5486 quidvis

562 5505 756 5560 fecerit
783 5505 838 5559 in
867 5522 1029 5560 manu
1066 5505 1358 5576 superbire,
1382 5514 1664 5561 exteretur
1698 5505 1766 5561 dc
1796 5509 1997 5578 populo
2027 5509 2128 5564 ⁸³.»

565 5599 780 5669 1099
831 5600 891 5654 In
930 5600 1071 5655 Isaia
1109 5617 1123 5653 :
1191 5619 1208 5651 ι
1240 5600 1307 5654 Ει
1360 5600 1673 5670 disperdam
1718 5617 1910 5657 omnes
1944 5619 2136 5674 super-

2243 4595 2340 4649 καὶ
2378 4597 2446 4650 τὰ
2482 4596 2616 4666 ἀγιά
2656 4615 2750 4652 σου
2781 4600 3094 4671 ἐρημῶσαι.
3155 4600 3295 4654 Ἀλλ’
3331 4599 3540 4672 ἐπαρον
3576 4602 3669 4666 τάς
3701 4603 3791 4671 χεί-

2242 4687 2345 4758 ράς
2377 4705 2471 4741 σου
2499 4688 2596 4742 ἐπὶ
2627 4690 2728 4752 τὰς
2755 4691 3134 4763 ὑπερηφανίας
3164 4693 3345 4746 αὑτῶν
3372 4695 3451 4757 είς
3477 4695 3649 4760 τέλος,
3672 4694 3792 4753 ὅπως

2239 4780 2666 4851 αἰσχυνθείησαν
2709 4784 2760 4836 el
2792 4784 3152 4855 ὑπερήφανοι,
3188 4787 3271 4839 ὃτι
3303 4786 3505 4850 ἀδίκως
3540 4787 3790 4857 ήνόμησαν

2239 4875 2320 4936 εἰς
2349 4875 2521 4944 ἡμᾶς.
2576 4875 2688 4928 Ἀεὶ
2718 4875 2825 4948 γάρ
2861 4877 3206 4949 ὑπερήφανοι
3241 4879 3316 4943 ὡς
3347 4881 3398 4933 ei
3426 4883 3484 4932 ἐν
3523 4884 3589 4951 τῇ
3627 4880 3789 4950 ἐρήμῳ

2241 4965 2479 5037 πατέρες
2511 4967 2690 5020 αὐτῶν
2714 4969 3067 5040 παρηνόμουν
3087 4971 3192 5034 ἓως
3214 4971 3439 5042 σφόδρα.
3479 4971 3540 5024 Ὀ
3555 4972 3611 5025 δὲ
3631 4970 3787 5032 δοῦλός

2241 5073 2334 5110 σου
2364 5057 2528 5112 Δαυῒδ
2558 5059 2667 5112 ἀπ’)
2692 5060 2784 5113 τοῦ
2832 5061 3000 5132 νόμου
3041 5079 3136 5116 σου
3181 5065 3284 5117 οὑκ
3344 5063 3586 5129 ἐξέκλινε
3616 5080 3630 5094 ·
3686 5062 3788 5116 olm

2241 5167 2259 5200 σ
2301 5150 2638 5224 ὑπερηφάνῳ
2667 5153 2930 5226 ὀφθαλμῷ
2957 5156 3050 5208 καὶ
3093 5155 3360 5228 ἀπλήστῳ
3399 5157 3599 5227 καρδίᾳ
3629 5174 3646 5207 ι
3687 5171 3789 5206 συν-

2239 5242 2452 5313 ήσθιεν,
2482 5245 2591 5297 οὐδ’
2638 5246 2775 5310 ὅλως
2813 5248 3054 5318 κατῴκει
3098 5267 3118 5300 ι
3153 5250 3212 5302 ὲν
3259 5251 3410 5320 μέσῳ
3443 5249 3543 5318 τῆς
3578 5249 3742 5306 οἰκίας
3768 5265 3783 5296 ι

2241 5333 2430 5400 αὑτοῦ,
2457 5335 2720 5408 λογισμὸς
2749 5339 2920 5393 ποιῶν
2973 5341 3377 5412 ὑπερηφανίαν.
3429 5344 3536 5397 Kal
3560 5344 3588 5394 ὁ
3616 5344 3789 5412 Παροι-

2247 5427 2481 5497 μιαστής
2503 5442 2517 5456 '
2552 5446 2571 5480 ι
2605 5427 2774 5494 Φόϐος
2795 5429 3003 5502 Κύριου
3031 5435 3180 5502 μισεῖ
3204 5433 3424 5500 κακίαν,
3455 5433 3611 5504 ὓϐριν
3632 5449 3684 5485 τε
3711 5432 3790 5484 καὶ

2245 5516 2650 5588 ὑπερηφανίαν,
2678 5519 2772 5572 καὶ
2800 5519 2953 5584 όδοὺς
2976 5521 3238 5593 πονηράς.
3259 5542 3277 5576 ι
3324 5524 3542 5592 Ἐπάγει
3567 5540 3582 5553 ·
3614 5542 3632 5574 ι
3663 5523 3790 5590 Ὀσῳ

2247 5608 2420 5679 μέγας
2453 5603 2527 5677 εἴ,
2579 5611 2833 5668 τοσοῦτον
2881 5613 3114 5670 ταπείνα
3152 5615 3402 5683 σεαυτὸν,
3435 5616 3524 5671 καὶ
3560 5616 3790 5687 εὑρήσεις

628 5771 675 5804 δ’
702 5772 806 5829 lsa.
833 5791 940 5844 xiv,
973 5773 1062 5830 44.
1141 5774 1188 5808 ⁸ο
1215 5775 1386 5833 Eccli.
1421 5794 1476 5846 κ,
1505 5778 1596 5834 9.2.
1673 5781 1714 5815 "
1743 5779 1883 5836 ibid.
1909 5781 1996 5840 15.
2073 5784 2119 5818 ⁸⁸

2238 5785 2334 5843 vit.
2366 5803 2514 5857 xxvi,
2543 5789 2628 5846 l9.
