4028 6520
254 333 277 399 1
289 336 392 400 ῖιἿ3

746 335 1077 397 HOMILIA
1113 337 1284 400 XLV.
1315 362 1384 372 —
1406 336 1613 408 QUOD
1653 337 1804 398 NON
1847 338 1966 398 SIT
2009 339 2106 400 DE
2143 341 2232 401 SE
2269 342 2461 403 ALTE
2501 339 3024 405 SENTIENDUM.

3357 342 3502 409 ,15Ἰᾶ

250 450 413 518 χάριν
449 443 628 501 ἔναντι
660 445 884 518 Κυρίου.
919 465 938 498 ι
978 447 1088 500 Καί
1123 463 1136 476 ·
1180 465 1198 498 ι
1229 447 1322 518 Μὴ
1354 447 1552 517 ἐξύψου
1596 447 1822 500 σεαυτὸν

1927 449 2027 503 bos
2057 449 2125 502 ⁵³.
2154 468 2172 500 ι
2212 450 2422 504 Psaltcs
2457 449 2642 518 regius
2676 467 2689 502 :
2724 468 2740 499 ι
2773 449 2901 504 ldco
2947 452 3124 508 tenuit
3168 471 3266 512 eos
3303 472 3501 527 super-

250 539 338 593 ῖνα
371 538 447 609 μὴ
479 538 677 609 πέσῃς,
710 539 793 592 ὅτι
833 537 1058 609 μισητδς
1087 537 1266 592 ἔναντι
1317 540 1520 607 Κυρίου
1585 540 1681 592 καὶ
1727 539 1823 592 ἁν-

247 630 468 702 θρῶπου
502 630 609 693 πᾶς
637 629 1009 701 ὑπερήφανος.
1048 649 1066 682 ι
1105 630 1262 684 Καὶό
1302 628 1596 691 Ἰἁκωϐοςο
1635 629 1825 702 ’Υπερο

247 721 476 791 ηφάνοις
506 719 712 792 Κύριος
746 719 1152 786 ἀντιτάσσεται,
1194 723 1476 784 ταπεινοῖς
1506 720 1690 775 δίδωσι
1738 722 1826 792 χά-

251 829 357 882 ριν.
401 830 420 862 ι
458 811 566 864 Καὶ
605 811 899 881 ἐπιφέρει·
940 829 961 862 ι
993 811 1384 882 Ταπεινώθητε
1425 809 1520 866 οὖν
1575 813 1683 866 ὑπὸ
1726 816 1825 883 τὴν

250 900 520 972 κρατέων
549 903 708 972 χεῖρα
739 900 832 955 τοῦ
859 900 1018 967 Θεοῦ,
1050 902 1136 955 ἵνα
1172 902 1364 973 ὑψώσῃ
1393 904 1560 974 ὑμᾶς.
1599 923 1617 956 ι
1649 904 1822 973 Φοϐη-

250 992 437 1062 θῶμεν
473 987 589 1054 οὖν,
629 991 870 1062 ἀδελφοὶ,
915 992 1010 1045 καὶ
1057 993 1208 1067 πάσῃ
1252 995 1466 1065 φυλακῇ
1493 997 1826 1068 τηρήσωμεν

246 1083 345 1152 τὴν
369 1081 578 1135 ἑαυτῶν
601 1082 831 1153 καρδίαν
853 1084 959 1136 ἀπὸ
987 1083 1084 1137 τοῦ
1111 1085 1487 1157 θανατηφόρου
1517 1088 1827 1158 πνεύματος

246 1173 348 1242 τῆς
408 1172 812 1244 ὑπερηφανίας.
867 1173 1037 1228 Ὅταν
1088 1174 1197 1247 γὰρ
1249 1177 1662 1250 κατακυριεὺση
1726 1179 1826 1250 τῆς

246 1265 441 1327 ἀθλίας
471 1264 674 1335 ψυχῆς,
699 1263 891 1336 ῶσπερ
913 1283 995 1330 τις
1023 1266 1409 1337 χαλεπώτατος
1439 1271 1702 1340 τύραννος
1726 1288 1825 1342 με-

245 1358 422 1428 γάλην
454 1356 609 1410 πόλιν
659 1357 754 1410 καὶ
810 1355 1021 1428 ὑψηλὴν
1069 1359 1425 1430 παραλαϐὼν,
1477 1361 1607 1432 ὅλην
1655 1364 1827 1434 αὐτὴν

246 1450 612 1520 καταστρέφει
651 1449 744 1502 καὶ
778 1449 1175 1504 κατασκάπτει.
1215 1451 1322 1504 Καὶ
1349 1452 1409 1506 τὸ
1443 1455 1824 1520 ὲλεεινότατον,

245 1542 328 1594 ὅτι
362 1537 514 1606 οὗτος
539 1542 566 1594 6
597 1542 1003 1614 ἑπικατάρατος
1040 1543 1250 1612 δαίμων
1283 1545 1408 1608 τοὺς
1449 1544 1709 1610 τελείους,
1750 1546 1826 1612 ὼς

244 1632 486 1702 εἴρηται,
528 1634 785 1704 μάλιστα,
812 1634 906 1687 καὶ
945 1636 1025 1697 είς
1047 1633 1106 1687 τὺ
1147 1633 1282 1705 ῦψος
1309 1635 1421 1689 τῶν
1451 1637 1664 1708 ἀρετῶν
1697 1641 1828 1692 ἁνα-

246 1721 552 1792 6ε6ηκότας
600 1724 870 1794 ἐπιχειρεῖ
916 1725 1358 1794 καταστρέφειν
1406 1727 1499 1779 καὶ
1531 1727 1654 1780 οὑδὲ
1688 1729 1826 1801 πρὸς

1925 539 2014 596 bia
2050 541 2104 596 in
2135 541 2321 607 ﬁnem,
2349 541 2478 611 quia
2499 542 2676 612 operti
2711 550 2840 596 sunt
2867 541 3157 612 iniquitate
3202 555 3259 604 et
3308 548 3505 618 impie-

1927 643 2036 692 tate
2067 650 2166 690 sua
2199 636 2266 690 ⁸⁸.
2300 654 2318 687 ι
2359 635 2463 690 Et:
2501 653 2520 686 ι
2549 635 2879 691 Defecerunt
2925 645 2981 692 et
3028 639 3316 708 perierunt
3366 657 3500 712 pro-

1925 737 2046 799 pter
2075 727 2414 797 impietatem
2448 741 2602 781 suam
2639 726 2708 782 ⁸⁵.
2748 747 2766 779 ι
2795 728 2863 782 Ει
2891 746 2904 781 :
2944 748 2962 780 ι
3003 728 3275 800 Superbia
3305 747 3498 788 eorum

1924 821 2016 890 qui
2043 827 2096 876 te
2119 819 2382 885 oderunt,
2407 819 2654 874 ascendit
2681 836 2899 890 semper
2929 821 2995 880 ³⁸.
3017 841 3034 874 ›
3073 822 3229 878 Unde
3264 833 3322 879 et
3349 825 3500 880 omni

1924 913 2110 968 studio
2143 911 2227 967 usi
2259 920 2406 978 sunt,
2435 919 2622 968 saneta
2667 919 2759 966 tua
2789 921 2849 967 ut
2897 912 3316 980 demolirentur,
3375 931 3500 971 san-

1924 1008 2134 1065 ctuaria
2158 1019 2250 1064 tua
2280 1008 2336 1062 in
2363 1007 2714 1062 solitudinem
2741 1007 3074 1079 redigerent.
3116 1009 3408 1073 Caeterum,
3439 1019 3498 1066 tu

1923 1090 2098 1157 alleva
2123 1116 2320 1156 manus
2343 1109 2465 1154 tuas
2494 1099 2548 1154 in
2595 1100 2881 1170 superbias
2909 1117 3103 1156 eorum
3142 1102 3196 1155 in
3235 1103 3399 1157 finem
3429 1104 3498 1170 ⁵⁷,

1925 1203 1988 1248 ιιι
2015 1191 2425 1248 confundantur
2473 1192 2720 1260 superbi,
2768 1193 2896 1262 quia
2944 1193 3145 1264 injuste
3195 1203 3252 1250 et
3313 1195 3500 1265 inique

1923 1287 2159 1349 egerunt
2180 1287 2371 1334 contra
2397 1293 2502 1334 nos
2545 1278 2613 1333 ⁸⁸.
2652 1280 2880 1350 Semper
2924 1283 3073 1336 enim
3117 1283 3338 1352 superbi
3385 1286 3498 1349 isti,

1925 1370 2386 1439 quemadmodum
2415 1378 2599 1440 patres
2623 1386 2812 1425 eorum
2840 1372 2893 1425 in
2916 1387 3123 1437 eremo,
3150 1375 3314 1431 nimis
3337 1392 3498 1446 quam

1925 1460 2264 1530 praevaricati
2315 1470 2444 1516 sunt
2503 1461 2675 1532 legem
2713 1471 2882 1518 tuam.
2937 1464 3103 1536 Atqui
3142 1483 3335 1522 servus
3376 1477 3503 1525 tuus

1927 1551 2098 1605 David
2128 1567 2238 1606 non
2267 1552 2563 1607 declinavit
2589 1569 2618 1607 a
2644 1554 2762 1625 lege
2785 1566 2894 1619 tua,
2930 1573 3035 1612 nec
3061 1573 3185 1612 cum
3217 1577 3234 1609 ι
3260 1561 3500 1629 superbo

1926 1644 2088 1698 oculo
2113 1653 2172 1699 et
2197 1644 2494 1699 insatiabili
2525 1646 2693 1700 corde
2728 1649 2773 1679 "
2812 1667 2830 1699 ι
2871 1648 3034 1703 simul
3061 1649 3279 1716 edebat,
3312 1661 3368 1706 et
3398 1668 3502 1708 nec

1926 1736 2151 1790 omnino
2187 1737 2311 1791 talis
2339 1737 2622 1793 habitabat
2650 1759 2666 1788 ι
2705 1739 2758 1793 in
2787 1741 2969 1796 medio
2995 1741 3190 1796 domus
3215 1745 3288 1796 ⁸ο»
3313 1745 3498 1811 illius;

249 1815 543 1885 μετάνοιαν
593 1817 793 1878 αὐτοὺς
839 1819 1115 1887 συγχωρεῖ
1161 1817 1509 1888 ἐπιστρέψαι.
1562 1819 1688 1884 Πῶς
1715 1821 1822 1891 γὰρ

1926 1829 2186 1900 cogitatio
2230 1829 2489 1885 videlicet
2517 1831 2624 1885 ulla
2653 1831 2923 1902 resipiens
2949 1834 3286 1904 Superbiam.
3317 1835 3502 1892 Parte-

248 1907 661 1976 μετανοήσωσιν
704 1908 753 1960 οί
792 1907 910 1961 ὅλον
939 1908 1183 1962 διάϐολον
1213 1909 1494 1979 δεχόμενοι
1526 1913 1582 1964 ὲν
1611 1913 1825 1976 ἑαυτοῖς

243 1997 339 2052 διὰ
364 1999 461 2068 τῆς
489 1996 894 2069 ὑπερηφανίας,
935 2005 1027 2052 καὶ
1065 1999 1155 2051 τὸν
1193 1998 1327 2052 Θεὸν
1369 2001 1826 2072 ἀντιτασσόμενον

245 2093 436 2153 αὐτοῖς
477 2091 878 2156 καθιστῶντε;;
923 2091 1116 2161 Ἡμεῖς
1152 2089 1246 2144 οῦν
1276 2090 1365 2144 διὰ
1421 2090 1520 2160 τῆς
1575 2109 1826 2146 ταπεινο-

246 2182 526 2254 φροσύνης
562 2181 1038 2254 ἁποκρουσὼμεθα
1063 2181 1156 2234 τὸν
1193 2183 1544 2254 ὑπερήφανον
1571 2184 1821 2254 δαίμονα·

245 2274 595 2342 ἐπιλέγοντες
633 2275 842 2338 ἑαυτοῖς
871 2275 934 2327 τὸ
953 2273 1050 2328 τοῦ
1092 2273 1438 2337 Ἀποστόλου,
1468 2275 1596 2329 ὅταν
1626 2277 1826 2346 ἀρετήν

243 2384 368 2420 τινα
417 2365 857 2437 κατορθώσωμεν
893 2382 908 2398 ο
969 2385 988 2419 ι
1032 2367 1146 2420 Οὑκ
1197 2364 1308 2435 ἑγὼ
1329 2366 1406 2434 δὲ,
1439 2365 1632 2438 ἀλλὰὴ
1665 2366 1824 2438 χάρις

243 2456 345 2511 τοῦ
381 2457 517 2532 Θεοῦ
561 2460 596 2529 ἡ
637 2459 738 2511 σὺν
769 2457 893 2528 ἐμοί
930 2473 945 2490 ’
995 2476 1013 2508 ι
1057 2459 1153 2511 καὶ
1196 2456 1361 2511 πάλιν
1393 2474 1407 2489 ο
1455 2476 1473 2510 ι
1506 2457 1580 2513 Οὑ
1610 2458 1705 2512 τοῦ
1740 2459 1827 2512 θέ-

243 2548 434 2614 λοντος
458 2549 576 2604 οὐδὲ
600 2549 696 2602 τοῦ
718 2551 1032 2620 τρέχοντος,
1056 2549 1192 2603 ἀλλὰ
1212 2548 1306 2602 τοῦ
1325 2548 1602 2614 ἐλεοῦντος
1619 2548 1776 2605 Θεοῦ.
1801 2570 1821 2604 ι

242 2642 359 2695 Καὶ
395 2643 454 2694 τί,
494 2639 600 2694 ὑπὸ
635 2640 731 2694 τοῦ
787 2641 993 2712 Κυρίου
1037 2641 1330 2711 εἰρημένον
1355 2657 1370 2671 ⁸
1404 2658 1424 2692 ι
1465 2642 1650 2713 Χωρὶς
1690 2641 1824 2714 ἐμοῦ

241 2736 307 2788 οὑ
336 2735 564 2790 δύνασθε
609 2737 783 2788 ποιεῖν
821 2735 992 2788 οὐδέν.
1032 2753 1052 2786 ι
1105 2733 1292 2799 Οὕτως
1340 2735 1450 2805 γὰρ
1484 2734 1826 2807 δυνησόμεθα

243 2829 413 2882 πάλιν
441 2826 673 2882 ἀκοῦσαι
699 2827 868 2882 αὑτοῦ
898 2827 992 2881 τοῦ
1022 2827 1228 2898 Κυρίου
1257 2826 1504 2896 λέγοντος
1523 2843 1537 2858 ⁸
1568 2846 1588 2880 ι
1631 2828 1824 2882 Ἐθεὼο

245 2936 380 2992 ρουν
427 2921 518 2972 τὸν
558 2921 806 2974 Σατανᾶν
829 2918 907 2982 ὡς
936 2920 1224 2991 ἀστραπὴν
1257 2920 1320 2972 ἐκ
1346 2917 1440 2972 τοῦ
1468 2918 1696 2990 οὐρανοῦ
1731 2936 1826 2972 πε-

243 3013 410 3066 σόντα
437 3029 452 3043 ·
496 3012 626 3078 ίδοέι,
653 3012 827 3066 ἔδωκα
859 3013 986 3083 ὑμῖν
1007 3012 1104 3083 τὴν
1139 3013 1388 3076 ἐξουσίαν
1418 3015 1610 3066 πατεῖν
1640 3013 1826 3066 ἐπάνω

241 3103 423 3173 ὃφεων
456 3105 551 3158 καὶ
580 3105 859 3176 σκορπίων
890 3105 985 3158 καὶ
1013 3104 1105 3156 ἐπὶ
1135 3105 1316 3158 πᾶσαν
1341 3104 1440 3176 τὴν
1468 3104 1698 3175 δύναμιν
1726 3103 1821 3158 τοῦ

240 3198 467 3270 ἐχθροῦ.
514 3218 532 3249 ι
566 3199 726 3269 Αὑτῴ
753 3197 829 3270 τῷ
860 3197 1050 3269 ἀγαθῷ
1095 3198 1294 3270 πρέπει
1342 3199 1375 3269 ὴ
1414 3197 1542 3264 δόξα
1564 3199 1658 3265 ,εἰς
1692 3197 1820 3262 τοὺς

242 3290 474 3353 αἰῶνας.
537 3291 592 3344 Ἀ
603 3292 730 3362 μήν.

1927 1920 2152 1976 miastes
2188 1938 2201 1975 :
2237 1939 2255 1972 ι
2297 1921 2484 1976 Timor
2516 1922 2731 1976 Domini
2758 1923 2875 1977 odit
2904 1924 3188 1992 malitiam,
3219 1934 3504 1981 contume-

1927 2011 2192 2081 liamque,
2221 2019 2277 2066 et
2305 2011 2644 2082 superbiam,
2669 2028 2732 2068 ac
2752 2013 2869 2068 vias
2893 2029 3089 2083 pravas
3115 2015 3180 2070 “‘.
3213 2035 3229 2066 ι
3262 2017 3498 2072 lnducit:

1933 2117 1952 2151 ι
1989 2100 2204 2167 Quanto
2231 2102 2403 2173 major
2433 2117 2514 2167 es,
2542 2108 2693 2156 tanto
2723 2103 2954 2160 humilia
2977 2104 3234 2176 teipsum,
3268 2115 3324 2161 et
3349 2106 3503 2161 inve-

1926 2191 2047 2248 nies
2074 2195 2304 2263 gratiam
2333 2193 2388 2246 iu
2426 2202 2727 2263 conspectu
2762 2194 2977 2250 Domini
3024 2197 3089 2249 “.
3121 2214 3139 2248 ι
3196 2195 3266 2250 Ει
3296 2214 3308 2250 :
3370 2216 3387 2246 ι
3419 2196 3501 2251 Ne

1925 2284 2132 2339 exaltes
2172 2285 2430 2354 teipsum,
2472 2295 2532 2339 ut
2570 2301 2640 2340 ne
2673 2287 2838 2341 cadas
2871 2287 2935 2353 ⁸³,
2965 2287 3093 2358 quia
3123 2289 3346 2344 odibilis
3371 2299 3500 2346 ante

1928 2374 2217 2428 Dominum
2247 2383 2303 2429 et
2335 2375 2587 2430 homines
2618 2377 2800 2430 ouiuis
2845 2378 3115 2447 superbus
3174 2378 3238 2432 “.
3271 2399 3289 2430 ι
3344 2380 3502 2435 Jaco-

1933 2467 2072 2520 bus:
2101 2485 2118 2516 ι
2150 2466 2416 2520 Dominus
2439 2467 2694 2536 superbis
2723 2468 2950 2534 resistit,
2981 2469 3285 2525 humilibus
3314 2481 3499 2526 autem

1927 2556 2021 2611 dat
2040 2556 2270 2627 gratiam
2308 2558 2377 2609 “.
2411 2576 2428 2607 ι
2466 2557 2636 2612 Infert
2672 2575 2684 2610 :
2735 2577 2754 2609 ι
2785 2558 3162 2614 llumiliamini
3196 2561 3364 2630 igitur
3396 2564 3499 2616 sub

1925 2647 2138 2718 potenti
2169 2663 2332 2701 manu
2355 2647 2475 2711 Dei,
2507 2656 2569 2702 ut
2605 2663 2704 2702 vos
2751 2649 2956 2703 e’xaltet
3004 2649 3069 2704 “.
3100 2669 3118 2701 ι
3183 2649 3500 2706 Timeamus

1927 2738 2134 2808 itaque,
2174 2738 2392 2798 fratres.
2432 2749 2488 2794 et
2522 2740 2671 2794 omni
2704 2740 2955 2794 custodia
2989 2757 3086 2796 cor
3117 2741 3221 2796 hoc
3248 2750 3498 2797 nostrum

1925 2830 2163 2884 liberum
2190 2845 2602 2897 conservemus,
2625 2847 2689 2886 ac
2715 2849 2914 2902 purum
2941 2833 3178 2888 exitialis
3217 2842 3273 2889 et
3303 2835 3500 2888 morti-

1925 2921 2026 2977 feri
2056 2921 2282 2991 spiritus
2303 2923 2592 2992 superbiaa.
2631 2923 2685 2978 Si
2711 2924 2930 2994 quando
2950 2924 3096 2979 enim
3133 2925 3280 2979 illius
3313 2932 3498 2997 tyran-

1925 3014 1982 3068 ni
2028 3015 2292 3070 adversus
2334 3015 2701 3070 miserabilem
2731 3033 2956 3086 prorsus
2980 3017 3216 3072 animam
3249 3018 3498 3072 invaluc-

1927 3106 2020 3168 rit,
2053 3105 2197 3160 haud
2222 3121 2382 3162 secus
2407 3107 2535 3161 facit
2567 3123 2631 3162 ac
2656 3107 2701 3161 si
2736 3117 2998 3178 tyrannus
3031 3109 3301 3179 quispiam
3333 3125 3498 3180 supra

1928 3197 2149 3253 modum
2184 3198 2333 3254 ferox
2358 3208 2414 3254 et
2447 3200 2721 3264 immanis,
2755 3216 2918 3254 unam
2952 3201 3190 3271 aliquam
3221 3201 3496 3256 civitatem

1929 3300 1986 3346 et
2028 3291 2389 3362 amplitudine
2422 3291 2528 3346 loci
2564 3303 2621 3348 et
2664 3292 2802 3347 situs
2842 3293 3176 3348 sublimitate
3223 3294 3496 3349 celebrem

242 3383 404 3437 velut
455 3399 553 3453 per
586 3399 780 3438 manus
828 3389 1042 3453 captam
1087 3399 1117 3438 a
1176 3382 1551 3441 fundamentis
1585 3390 1754 3439 totam
1801 3381 2042 3452 subruit,
2096 3395 2370 3456 aquatum
2407 3387 2547 3450 solo,
2577 3386 2822 3442 suffodit.
2852 3385 3035 3459 Longe
3084 3395 3141 3443 et
3186 3389 3291 3443 hoc
3345 3393 3495 3445 omni

239 3476 678 3544 comploratione
708 3477 1131 3548 dignissimum;
1185 3479 1537 3534 exsecrabilis
1583 3479 1856 3549 siquidem
1895 3481 2108 3536 daemon
2160 3481 2274 3542 hic.
2328 3482 2498 3546 viros,
2535 3491 2594 3536 ut
2640 3483 2773 3537 mihi
2817 3482 3024 3537 dictum
3064 3490 3172 3564 est,
3213 3483 3267 3537 in
3320 3485 3500 3554 perfe-

239 3566 446 3622 ctionis
494 3569 732 3622 culmine
789 3568 900 3638 jam
946 3570 1304 3633 constitutos,
1342 3587 1407 3626 ac
1446 3570 1703 3636 maxime,
1751 3572 1846 3642 qui
1885 3571 2142 3627 sublimis
2181 3571 2408 3628 theorize
2449 3573 2649 3628 merito
2686 3573 2754 3629 ad
2798 3574 3065 3628 cmlorum
3112 3589 3285 3643 usque
3343 3573 3499 3629 fasti-

240 3664 397 3735 gium
460 3662 847 3717 conscendisse
911 3662 1281 3728 videbantur,
1336 3663 1516 3718 modis
1570 3662 1829 3720 omnibus
1866 3664 2166 3720 admolitur
2222 3672 2283 3720 ut
2327 3665 2560 3721 subruat
2609 3680 2673 3720 ac
2717 3667 3041 3736 prazeipitet.
3100 3666 3205 3722 Sed
3255 3683 3325 3721 ne
3371 3666 3497 3721 illos

239 3756 470 3828 quidem
511 3765 635 3825 post
677 3756 889 3825 lapsum
937 3756 1070 3811 sinit
1115 3756 1180 3810 ad
1225 3756 1560 3825 paenitentiae
1598 3763 1820 3827 portum
1891 3773 1993 3813 ceu
2052 3757 2390 3830 postliminio
2438 3757 2661 3814 reverti.
2703 3760 2824 3824 Quo
2882 3759 3030 3813 enim
3075 3766 3234 3828 pacto
3286 3758 3376 3813 isti
3424 3757 3492 3812 ad

238 3849 610 3922 pmnitudiuis
634 3865 698 3903 ac
741 3849 1136 3919 resipisceutiaa
1169 3851 1350 3904 sinum
1413 3865 1472 3906 se
1517 3851 1824 3917 conferant,
1863 3852 1958 3922 qui
2021 3861 2196 3908 totum
2246 3853 2524 3909 diabolum
2565 3853 2620 3908 in
2663 3870 2721 3908 se
2755 3853 3094 3922 excipientes
3141 3868 3240 3923 per
3293 3868 3491 3924 supcr-

238 3942 419 4003 biam,
453 3941 628 3996 Deum
653 3957 750 4011 per
777 3941 883 3996 hoc
926 3943 1343 3997 colluctatorcm
1393 3943 1500 3999 sibi
1520 3946 1863 4000 constituere
1901 3953 1958 3999 et
2005 3945 2429 4001 adversarium?
2475 3946 2588 4000 Nos
2629 3945 2800 4014 igitur
2840 3943 3172 3998 humilitatis
3235 3945 3493 4014 praesidio

235 4033 488 4100 subnixi,
523 4033 836 4104 principem
883 4032 1034 4088 hunc
1089 4033 1370 4104 superbiae
1417 4035 1600 4090 omnis
1636 4050 1665 4090 a
1719 4035 1882 4090 nobis
1920 4051 2085 4105 quam
2142 4035 2458 4106 longissime
2505 4033 2859 4104 prolligcmus
2900 4040 2956 4087 et
2998 4033 3349 4098 amoliamur,
3386 4051 3492 4090 no-

238 4130 462 4185 biscum
496 4128 649 4184 taciti
687 4127 1049 4184 mussitantes
1080 4128 1216 4183 illud
1254 4130 1502 4194 Apostoli
1559 4130 1825 4202 elegium,
1865 4146 1993 4186 cum
2023 4130 2308 4201 quidpiam
2333 4132 2520 4200 operis
2565 4127 2971 4186 confecerimus
2999 4129 3220 4184 virtutis
3266 4132 3492 4186 nomine

235 4222 514 4293 dignum:
582 4241 600 4274 ι
637 4222 757 4277 Non
813 4237 917 4292 ego
973 4230 1180 4287 autem,
1244 4222 1340 4278 sed
1373 4223 1549 4294 gratia
1573 4225 1671 4280 Dei
1704 4240 1922 4281 mecum
1948 4225 2016 4278 ⁸⁷.
2051 4244 2070 4277 ι
2104 4224 2312 4278 lterum
2358 4240 2372 4276 :
2420 4243 2437 4274 ι
2466 4223 2588 4277 Non
2631 4221 2890 4280 volentis.
2945 4237 3126 4292 neque
3187 4223 3489 4290 currentis,

236 4315 337 4370 sed
401 4315 721 4371 miserentis
774 4316 872 4372 Dei
933 4317 1000 4372 “.
1051 4335 1069 4368 ι
1121 4316 1227 4372 Sed
1274 4327 1332 4373 et
1399 4319 1537 4375 illud
1574 4321 1872 4376 aDomino
1910 4321 2120 4376 dictum
2186 4335 2388 4376 arcana
2450 4319 2786 4391 cogitatione
2860 4321 3154 4376 adversum
3219 4321 3493 4392 superbiat

239 4409 610 4462 tcutatiouem
663 4408 1202 4464 admurmuraudum
1257 4410 1454 4465 venit:
1493 4430 1512 4466 ι
1545 4411 1678 4468 Sine
1736 4429 1824 4468 me
1858 4413 2002 4468 nihil
2032 4412 2269 4482 potestis
2316 4412 2500 4467 facere
2535 4413 2601 4466 δ’.
2635 4431 2654 4463 ι
2725 4411 2801 4466 lla
2834 4413 2982 4467 enim
3011 4412 3082 4467 ab
3131 4413 3326 4468 eodem
3387 4414 3486 4468 Do.

235 4506 395 4559 mino
439 4505 886 4576 promerebimur
943 4504 1138 4559 audire
1190 4515 1247 4560 et
1278 4506 1414 4561 illud
1461 4525 1473 4562 :
1514 4518 1539 4559 ι’
1569 4509 1835 4565 Videbam
1877 4509 2138 4566 Satanam
2178 4517 2437 4578 tanquam
2465 4507 2650 4579 fulgur
2695 4507 2764 4563 de
2809 4510 2952 4564 etclo
2996 4509 3284 4564 cadentem
3316 4526 3330 4575 ;
3361 4525 3491 4564 ecce

234 4600 371 4658 dedi
411 4601 574 4655 vobis
608 4608 938 4669 potestatem
971 4600 1223 4658 caleandi
1249 4617 1417 4672 super
1455 4613 1743 4674 serpentes
1771 4612 1827 4658 et
1865 4603 2218 4674 scorpionem
2250 4613 2306 4658 et
2326 4618 2497 4672 super
2524 4618 2744 4658 onmem
2793 4603 3052 4657 virtutem
3083 4602 3293 4658 inimici
3328 4603 3394 4655 ⁷ο.
3465 4622 3484 4655 ι

233 4693 583 4750 Clementem
633 4701 692 4748 ct
731 4694 1030 4767 benignum
1071 4695 1246 4751 Deum
1292 4696 1524 4752 addecet
1557 4698 1730 4768 gloria
1776 4698 1830 4752 in
1869 4698 2068 4753 saecula
2109 4698 2461 4753 saeclorum.
2486 4698 2681 4752 Amen.

839 4808 1056 4860 ΛΟΓΟΣ
1082 4795 1213 4862 ME'.

662 4921 800 4990 Περὶ
852 4923 1396 4992 ὑψηλοφροσύνης.

316 5096 377 5149 '0
405 5095 735 5168 ὑψηλόφρων
764 5097 952 5168 ἔτερος
987 5097 1088 5168 μέν
1121 5097 1270 5151 ἔστιν
1291 5097 1386 5150 τοῦ
1431 5099 1814 5170 ὑπερηφάνου·

233 5189 620 5260 παρήλλακται
657 5189 714 5243 δὲ
747 5189 884 5259 πρὸς
911 5189 1003 5242 τὸν
1032 5189 1328 5254 κενόδοξον.
1377 5189 1526 5254 Ἐνὸς
1561 5191 1668 5260 γὰρ
1698 5191 1812 5244 δέν-

230 5281 361 5352 δρου
392 5281 576 5336 κλάδοι
608 5282 764 5345 εἰσὶν,
786 5283 815 5334 6
843 5281 899 5335 δὲ
919 5282 1130 5351 καρπὸς
1159 5281 1559 5353 ἐνηλλαγμένος
1589 5298 1602 5313 ·
1643 5283 1670 5336 6
1707 5283 1806 5352 μὲν

229 5375 310 5442 τῷ
338 5373 515 5428 δοκεῖν
543 5373 818 5444 κεκυφὼς,
858 5375 886 5427 6
919 5373 975 5427 δὲ
1009 5375 1467 5445 μετεωρόκλαδος.
1505 5375 1614 5429 Καὶ
1642 5376 1671 5428 6
1706 5376 1804 5446 μὲν

234 5465 651 5530 πιστακοκενὸς,
713 5469 740 5519 6
797 5466 855 5519 δὲ
908 5467 1322 5537 καρυὸκουφος·
1389 5468 1691 5540 ἀμφότεροι
1750 5468 1806 5523 δὲ

318 5623 364 5654 ⁸³
419 5623 521 5676 lsa.
554 5641 616 5686 ιι,
649 5625 735 5678 ιε.
841 5626 887 5658 ⁸⁸
920 5625 1061 5679 Psal.
1091 5641 1257 5689 cxx",
1285 5625 1373 5679 16.

233 5691 322 5746 78.
401 5695 442 5725 ⁸³
477 5695 616 5748 Psal.
658 5711 706 5750 c.
732 5695 785 5749 5.
861 5697 904 5726 ⁸⁸
939 5695 1072 5750 ibid.
1103 5697 1154 5750 7.

1485 5628 1530 5660 ⁸⁵
1564 5627 1701 5681 ibid.
1741 5627 1827 5684 l9.

1246 5698 1289 5727 “
1324 5697 1483 5774 Prov.
1519 5713 1650 5774 vui,
1678 5699 1765 5752 l5.
1841 5699 1884 5731 ⁶¹
1909 5701 2081 5774 Εοοιὶ.
2110 5719 2187 5766 ιιι,
2221 5704 2311 5758 20.
2389 5705 2436 5735 ”
2462 5703 2625 5774 Eccli.
2655 5722 2708 5770 χ,
2736 5707 2824 5760 ‘29.
2904 5708 2949 5737 “
2977 5707 3111 5762 ibid.
3144 5709 3196 5761 7.
3275 5709 3320 5740 ⁸⁸
3351 5697 3473 5774 Jac,

232 5774 308 5826 tv,
342 5763 393 5818 6.
473 5765 518 5796 “
543 5765 562 5819 ι
591 5765 734 5820 Petr.
768 5781 818 5833 v,
848 5765 901 5822 6.
978 5767 1021 5799 ⁸⁷
1062 5767 1234 5822 lCor.
1267 5783 1355 5834 xv,
1384 5766 1468 5820 10.
1547 5767 1591 5799 ⁸⁵⁸
1615 5769 1778 5824 Rom.
1816 5785 1888 5838 Ix,
1924 5772 2009 5827 l6.

2341 4810 2383 4878 ι
2398 4810 2556 4878 100
2592 4808 2878 4864 HOlllLlA
2916 4810 3076 4867 XLV.

1916 4921 1993 4976 De
2021 4924 2194 4994 specie
2219 4922 2496 4993 superbire,
2537 4939 2642 4993 qua
2675 4925 2792 4994 quis
2835 4925 2900 4976 de
2943 4940 2998 4977 se
3043 4940 3204 4993 quam
3253 4923 3320 4976 sit
3363 4941 3486 4993 par,

2487 4994 2648 5048 sentit
2686 4993 2912 5049 altiora.

1981 5103 2086 5172 Qui
2108 5104 2178 5160 de
2205 5121 2285 5172 se,
2326 5123 2489 5178 quam
2518 5124 2737 5179 aequum
2771 5108 2865 5175 sit,
2898 5108 3066 5164 sentit
3087 5108 3302 5173 altiora,
3333 5125 3489 5165 com-

1909 5195 2038 5264 plex
2087 5195 2280 5267 utique
2326 5199 2554 5268 superbi
2599 5209 2705 5266 est,
2753 5208 2810 5256 et
2846 5201 3042 5256 eodem
3071 5202 3370 5271 conspirat.
3405 5203 3486 5257 Ad

1907 5287 2277 5359 vauiglorium
2342 5299 2526 5344 tamen
2583 5292 2819 5347 collatus
2870 5292 3119 5347 nonnihil
3169 5293 3380 5348 evariat
3429 5305 3488 5352 et

1909 5379 2028 5434 abit
2058 5379 2334 5436 diversus.
2363 5382 2428 5436 Et
2451 5382 2673 5452 quidem
2725 5385 2890 5439 unius
2934 5385 3149 5442 arboris
3189 5402 3313 5442 cum
3375 5388 3486 5441 sint

1910 5471 2072 5538 rami,
2102 5471 2320 5528 fruetus
2353 5475 2677 5546 utriusque,
2731 5476 2938 5532 habent
2979 5477 3334 5534 discerniculi
3384 5479 3485 5532 ali-

1933 5631 1979 5705 f‘
2011 5631 2156 5705 Psal.
2203 5648 2388 5705 ιιικιιι,
2421 5633 2508 5687 ἓὸ.
2569 5635 2654 5705 ﬂ"
2692 5635 2827 5690 ibid.
2870 5637 2924 5691 '5.
3033 5636 3078 5668 ⁵³
3111 5637 3249 5691 Psal.
3285 5654 3473 5705 cxvm,

2089 5774 2309 5831 “Joan.
2336 5789 2422 5840 xv,
2455 5773 2508 5830 5.
2590 5775 2632 5807 ⁷ο
2655 5774 2788 5832 Luc.
2821 5793 2874 5839 x,
2910 5777 2996 5843 18,
3035 5778 3121 5835 l9.
