3868 6518
560 331 708 402 1575

1833 329 2205 393 ANTIOCHI
2242 328 2587 392 MONACHI

3624 337 3714 406 1375

557 447 717 520 quid.
742 443 880 500 Nam
909 441 1022 508 hic,
1045 450 1202 498 utne
1230 440 1504 508 videatur,
1537 441 1846 513 propendet
1873 443 1928 496 in
1952 452 2155 497 terram

2261 442 2548 514 ἄχρηστοι.
2585 444 2648 497 οι
2681 442 2736 497 δὲ
2764 442 3052 515 μισοῦντες
3071 445 3170 509 τὰς
3196 443 3368 516 ψυχὰς
3389 444 3526 516 ἡμῶν
3543 447 3716 521 δαίμονες

553 536 839 603 declivis;
881 535 976 590 ille
1011 550 1147 589 vero
1171 549 1327 588 vana:
1353 532 1543 604 gloria:
1599 548 1789 588 ramus
1839 533 1898 587 in
1945 533 2152 588 coelum

560 646 739 702 usque
768 636 1109 702 prospectat.
1135 626 1260 690 ilic,
1291 625 1454 681 ﬁdem
1507 633 1568 680 ut
1599 624 1921 680 commodet
1970 625 2151 689 vanis,

560 725 702 780 mire
751 722 934 778 alacer
966 735 1030 775 ac
1081 718 1396 785 credulus;
1456 719 1574 785 ille,
1643 719 1713 772 ad
1776 717 2155 774 consectando

561 818 704 888 gula:
756 815 1102 869 irritamenta
1155 811 1318 882 agilis
1353 811 1654 866 admodum
1690 820 1748 866 et
1768 819 2152 884 expromptus.

560 909 659 966 Vis
687 907 915 962 dicam?
943 906 1114 960 Plane
1150 903 1358 974 inlrugi
1395 903 1486 957 isti
1532 903 1750 958 fructus
1800 911 1858 958 et
1902 902 2153 957 inutiles.

562 999 667 1066 Qui
690 999 838 1052 enim
865 997 1084 1051 animas
1112 1003 1333 1049 nostras
1361 995 1578 1049 inl'ense
1600 993 1838 1049 oderunt
1853 993 2154 1056 daemones,

563 1088 900 1161 quibusdam
971 1088 1329 1142 insusurrant
1370 1101 1438 1141 ac
1471 1093 1798 1156 suggerunt,
1834 1085 1994 1156 quasi
2029 1100 2154 1155 gra-

563 1183 692 1238 tuiti
737 1181 996 1238 beneﬁcii
1039 1181 1162 1235 loco
1211 1178 1377 1232 nobis
1418 1193 1541 1233 eam
1585 1177 1858 1233 instillent
1882 1187 1939 1232 et
1967 1177 2158 1232 confe-

562 1285 688 1332 rant
757 1275 929 1329 animi
982 1273 1346 1328 inﬂationem.
1405 1269 1615 1326 Deinde
1665 1279 1726 1324 ut
1776 1271 2156 1337 indulgentius

562 1371 729 1424 solito
755 1385 856 1424 nos
909 1368 1062 1438 ipsos
1108 1366 1380 1430 laxemus,
1437 1363 1831 1418 adhortantur.
1895 1363 2054 1430 Quod
2107 1363 2155 1418 si

561 1463 749 1516 animo
786 1459 1126 1532 praamolliti,
1151 1458 1334 1512 locum
1382 1456 1720 1511 cesserimus
1759 1457 1940 1510 stulta:
1973 1455 2063 1509 isti
2087 1455 2157 1509 de

561 1555 724 1610 nobis
750 1548 1151 1608 existimationi
1182 1565 1198 1614 ;
1243 1546 1385 1601 nihil
1419 1557 1506 1602 est
1544 1545 1692 1616 quod
1726 1545 1994 1615 deinceps
2047 1545 2155 1600 ini-

561 1646 695 1701 mici
746 1644 1002 1700 laborent
1053 1651 1115 1695 ut
1164 1654 1268 1694 nos
1309 1639 1365 1692 in
1416 1637 1794 1708 captivitatem
1849 1638 2154 1694 abducant.

562 1736 974 1794 Providendum
1003 1733 1174 1806 igitur
1209 1745 1280 1786 ne
1325 1731 1410 1785 vel
1443 1740 1694 1801 tempore
1737 1730 2008 1785 orationis
2059 1745 2157 1784 no.

2260 539 2609 594 ὑποτίθενταί
2647 557 2796 595 τισιν
2818 539 2960 595 ὥστε
2985 541 3109 596 τινὰ
3143 542 3403 611 φυσίωσιν
3432 543 3543 613 ἡμῖν
3567 551 3720 617 rapies.

2261 633 2385 686 σθαι
2418 649 2434 665 ·
2477 629 2596 687 εἶτα
2645 635 2784 707 πρὸς
2825 633 3032 703 ταύτην
3063 635 3212 705 ἡμᾶς
3252 634 3541 706 διαλυθῆναι
3567 644 3721 712 προτρέ-

2260 742 2477 780 πουσιν.
2530 726 2660 780 Ἐὰν
2705 727 2891 780 τοίνυν
2937 726 3302 798 χαυνωθέντες
3329 729 3392 798 τῇ
3419 728 3584 797 οἰήσει,
3606 731 3721 802 δῶμεν

2260 816 2425 870 τόπον
2457 819 2524 888 τῇ
2576 815 3027 888 ὑψηλοφροσύνῃ.
3084 817 3143 869 οὐ
3211 817 3497 886 κάμιουσιν
3544 818 3724 876 latri-ari

2263 909 2450 980 ἐχθροὶ
2476 910 2632 980 ἡμῶν
2667 909 3072 980 αἰχμαλωτίσαι
3101 910 3269 980 ἡμᾶς.
3309 909 3396 980 Μὴ
3416 908 3502 963 οὖν
3523 912 3726 982 vacasti:

2260 1001 2591 1073 δοξοχαρείς,
2633 1003 2730 1056 καὶ
2769 1002 3162 1074 ὖψηλόφρονες,
3206 991 3292 1055 ἵνα
3335 1002 3407 1074 μὴ
3445 1003 3498 1055 σὺ
3537 1003 3728 1071 μόνονὶέ

2261 1094 2358 1148 τοῦ
2389 1095 2583 1159 νώτου,
2616 1094 2755 1149 ἀλλὰ
2791 1097 2887 1149 καὶ
2921 1096 2978 1148 ἐν
3011 1094 3089 1165 τῷ
3119 1093 3394 1166 προσώπῳ
3422 1093 3560 1164 ἡμῶν
3585 1096 3728 1150 nmi-

2261 1205 2425 1242 νωσιν
2447 1187 2497 1241 οἱ
2520 1187 2856 1260 ἁμαρτωλοὶ,
2884 1185 2981 1241 καὶ⁵
3009 1185 3300 1257 γενώμεθα
3335 1185 3588 1256 ἐπίχαρμα
3615 1187 3731 1251 cirri,-

2262 1279 2406 1332 κατὰ
2444 1279 2536 1333 τὸν
2577 1279 2768 1348 καιρὸν
2807 1279 2905 1349 τῆς
2945 1277 3274 1349 προσευχῆς,
3328 1277 3644 1348 ἐξελκύμενοι,
3677 1281 3732 1330 xz".

2263 1367 2641 1439 δελεαζόμενοι
2681 1369 2775 1422 ὑπ’
2832 1367 3014 1424 αὐτῶν
3059 1370 3119 1422 ἓν
3155 1368 3433 1438 λογισμοῖς
3471 1368 3732 1431 auom-,-

2263 1461 2448 1525 καθὼς
2505 1461 2602 1515 καὶ
2653 1463 2684 1515 ὁ
2731 1459 3147 1531 Παροιμιαστὴς
3191 1459 3429 1514 διδάσκει
3460 1460 3621 1528 ἡμᾶς·
3649 1461 3734 1530 «Μὴ

2265 1550 2650 1623 ὑψηλοφρονει,
2680 1554 2868 1621 φησὶν,
2896 1550 2992 1605 καὶ
3021 1551 3097 1623 μὴ
3130 1550 3282 1619 γίνου
3309 1550 3506 1614 δίκαιος
3527 1550 3650 1614 πολὺ,
3682 1555 3737 1602 n‘:

2267 1642 2341 1713 μὴ
2374 1642 2596 1712 σοφίζου
2635 1644 2891 1716 περισσὰ,
2939 1644 3152 1715 μήποτε
3192 1643 3463 1715 ἐκκλίνῃς.
3506 1643 3627 1696 Καί·
3665 1645 3737 1696 «⁸0

2264 1731 2468 1802 ὑψηλὸν
2513 1733 2684 1786 ποιῶν
2729 1733 2822 1787 τδν
2869 1733 3063 1788 ἑαυτοῦ
3105 1729 3278 1798 οἷκον,
3315 1733 3466 1805 ζητεῖ
3491 1735 3735 1804 συντριϐῇ·

562 1843 693 1889 stre:
709 1831 815 1902 ipsi
843 1828 1189 1886 occasionem
1212 1825 1375 1880 ullam
1413 1822 1718 1880 insultandi
1754 1823 1918 1877 nobis
1947 1821 2153 1879 demus

2258 1824 2284 1876 ὁ
2313 1822 2370 1875 δὲ
2406 1823 2712 1887 σκολιάζων
2739 1824 2835 1878 τοῦ
2883 1825 3100 1897 μαθεῖν,
3143 1825 3465 1896 ἐμπεσεῖται
3491 1827 3561 1888 είς
3585 1828 3700 1878 κακά.
3725 1845 3735 1877 ι

565 1922 796 1978 inimico
843 1937 858 1974 :
902 1919 1050 1990 quod
1095 1919 1154 1974 tit
1190 1919 1324 1974 dum
1350 1919 1696 1973 extrahimur
1730 1927 1936 1982 mente,
1965 1926 2022 1972 et
2052 1933 2154 1988 per

562 2031 758 2072 eorum
811 2015 1220 2085 suggestionem
1259 2012 1516 2068 absurdis
1538 2027 1796 2082 prorsum
1827 2020 1886 2065 et
1905 2011 2154 2066 externis

565 2104 886 2159 inescamur
906 2101 1360 2172 cogitationibus,
1380 2099 1844 2172 quemadmodum
1861 2099 2026 2155 docet
2048 2099 2154 2154 Pa-

564 2195 908 2252 rmmiastes:
958 2211 977 2246 ι
1013 2193 1134 2249 Νοιί
1181 2195 1356 2248 altum
1406 2207 1626 2262 sapere,
1659 2201 1717 2246 et
1756 2207 1826 2247 ne
1869 2193 1944 2246 sis
1974 2193 2154 2262 justus

561 2287 842 2351 multum;
873 2294 930 2339 et
958 2299 1028 2338 ne
1057 2285 1240 2354 sapias
1287 2283 1588 2352 superﬂua,
1646 2297 1715 2337 ne
1775 2281 1918 2336 forte
1970 2281 2152 2336 decli-

563 2395 666 2434 nes
709 2379 777 2432 '".
819 2397 838 2429 ι
896 2377 1014 2431 Et:
1060 2395 1080 2428 ι
1115 2378 1292 2431 Altam
1346 2375 1440 2445 qui
1504 2375 1638 2430 facit
1692 2375 1918 2429 domum
1973 2389 2151 2438 suam,

565 2471 768 2544 quaerit
800 2470 1193 2526 eontritionem
1226 2485 1241 2535 ;
1265 2468 1360 2538 qui
1389 2477 1575 2522 autem
1599 2466 1790 2522 renuit
1810 2466 2046 2531 discere,
2073 2465 2156 2519 in-

567 2565 718 2623 cidet
749 2565 808 2619 in
831 2564 973 2618 mala
993 2563 1063 2616 ".
1095 2581 1115 2614 ι
1163 2563 1447 2617 Rursum:
1488 2576 1509 2614 ι
1543 2559 1870 2615 immundus
1900 2567 1987 2614 est
2008 2559 2153 2629 apud

565 2658 862 2715 Dominum
894 2655 1075 2710 omnis
1094 2653 1190 2725 qui
1227 2655 1338 2708 alto
1384 2662 1472 2708 est
1497 2652 1666 2707 corde
1721 2653 1786 2707 ".
1822 2670 1841 2704 ι
1900 2653 2105 2708 lterum
2136 2669 2150 2704 :

573 2773 592 2805 ι
626 2753 705 2807 Ne
730 2751 1008 2822 gloriosus
1035 2763 1303 2819 appareas
1339 2761 1527 2800 coram
1583 2759 1736 2816 rege,
1787 2753 1846 2800 et
1901 2745 1958 2800 in
2020 2743 2157 2799 locis

567 2844 883 2916 principum
907 2857 975 2897 ne
999 2841 1258 2906 steteris;
1283 2839 1484 2894 melius
1507 2838 1657 2893 enim
1681 2847 1743 2892 ut
1769 2837 1989 2893 dicatur
2021 2837 2116 2892 tibi
2139 2855 2153 2892 ε

566 2935 816 2993 Ascende
845 2933 915 2989 ad
946 2948 1055 2998 me,
1081 2947 1247 3002 quam
1280 2941 1340 2986 ut
1371 2931 1630 2986 humilict
1660 2938 1712 2986 te
1739 2945 1923 2984 coram
1953 2929 2158 2999 princi-

569 3027 737 3102 pibus
759 3029 830 3084 ".
873 3047 891 3078 ι
925 3027 1081 3082 Alius
1107 3043 1122 3079 :
1165 3045 1182 3076 ι
1211 3025 1290 3080 Ne
1316 3023 1634 3097 gloriemini
1664 3032 1722 3080 et
1753 3038 1823 3078 ne
1852 3023 2156 3093 loquamini

569 3121 831 3177 sublimia
865 3119 935 3174 ad
969 3117 1195 3183 fastum,
1240 3133 1422 3187 neque
1459 3115 1782 3188 egrediatur
1811 3114 2047 3170 verbum
2076 3115 2150 3186 ja-

570 3213 794 3270 ctantia:
821 3212 890 3268 de
913 3227 1011 3267 ore
1041 3219 1249 3266 vestro.
1290 3227 1309 3263 ι
1345 3209 1549 3265 Paulus
1593 3224 1815 3279 quoque
1862 3207 2157 3262 Timotheo
2186 3199 2228 3217 “’

569 3306 693 3362 ait:
732 3323 750 3358 ι
783 3303 1030 3359 Dominis
1056 3301 1225 3372 hujus
1263 3301 1452 3356 saeculi
1501 3299 1736 3371 praecipe
1766 3315 1878 3354 non
1921 3300 2158 3356 sublime

569 3414 789 3470 sapere,
823 3412 1003 3468 neque
1025 3411 1249 3466 sperare
1273 3395 1327 3449 in
1359 3395 1573 3450 incerto
1600 3393 1943 3458 divitiarum,
1977 3393 2072 3448 sed
2104 3392 2156 3446 in

569 3488 684 3545 Deo
708 3489 803 3560 qui
835 3493 1060 3559 pnes-tat
1085 3486 1139 3540 in
1163 3485 1326 3540 nobis
1349 3484 1538 3538 omnia
1559 3483 1782 3538 abunde
1813 3485 1877 3534 ⁷⁸.
1923 3502 1941 3534 ι
1973 3483 2157 3539 Alibi:

577 3601 596 3635 ι
634 3579 881 3645 Fratres,
924 3593 1036 3632 non
1082 3577 1192 3632 alta
1237 3575 1541 3645 sapientes,
1570 3572 1666 3628 sed
1700 3573 2001 3629 humilibus
2025 3589 2160 3628 con-

569 3671 964 3729 sentientes".
999 3689 1020 3722 ι
1063 3669 1328 3724 Romanis
1359 3669 1490 3723 item
1524 3683 1538 3720 :
1573 3685 1592 3718 ι
1626 3666 1772 3721 Dicis
1802 3682 1935 3738 ergo
1965 3667 2100 3722 mihi
2139 3684 2156 3722 :

571 3763 754 3820 Fracti
810 3770 941 3817 sunt
1001 3759 1140 3815 rami
1180 3769 1240 3814 ut
1285 3775 1388 3830 ego
1447 3759 1684 3812 inserar.
1738 3757 1884 3812 Bene
1955 3775 1970 3812 :
2033 3775 2160 3829 pro.

570 3865 698 3930 pter
721 3853 1167 3911 incredulitatem
1194 3852 1354 3908 fracti
1379 3860 1512 3907 sunt
1533 3893 1548 3916 ,
1576 3859 1635 3907 tu
1665 3861 1850 3907 autem
1883 3851 1991 3908 ﬁde
2021 3861 2158 3920 stas,

567 3945 687 4004 noli
718 3946 888 4002 altum
918 3961 1135 4016 sapere,
1173 3944 1270 3999 sed
1307 3944 1437 3998 time
1467 3961 1481 4007 ;
1521 3943 1568 3998 si
1592 3943 1738 3998 enim
1764 3943 1909 3999 Deus
1933 3953 2159 4000 natura-

2256 1914 2364 1967 Καὶ
2428 1917 2594 1970 πάλιν
2619 1933 2636 1948 ’
2692 1935 2711 1970 ι
2761 1917 3099 1990 Ἀκάθαρτος
3125 1919 3278 1991 παρὰ
3305 1919 3501 1990 Κυρίου
3530 1922 3617 1981 Ri;
3651 1921 3738 1990 ὕφη·

2254 2005 2562 2079 λοκάρδιος.
2599 2027 2618 2060 ι
2659 2011 2770 2064 Καὶ
2806 2007 2964 2076 αὖθις
2997 2029 3012 2043 ·
3063 2030 3082 2063 ι
3109 2013 3202 2083 Μὴ
3238 2011 3553 2076 ἀλαζονεύου
3587 2012 3738 2066 ὲνὼπνιν

2257 2098 2548 2168 βασιλέως,
2601 2105 2697 2156 καὶ
2739 2104 2798 2156 ἐν
2854 2107 3045 2167 τόποις
3093 2104 3379 2158 δυναστῶν
3433 2105 3503 2176 μὴ
3547 2106 3738 2172 ἐφίστω.

2240 2195 2524 2266 ¹Κρεῑσσον
2556 2196 2666 2267 γάρ
2706 2212 2788 2249 σοι
2816 2195 3070 2268 ῥηθῆναι,
3103 2196 3368 2268 Ἀνάϐηθι
3397 2199 3525 2268 πρός
3550 2198 3738 2268 9.5.63.1-

2257 2286 2524 2342 πεινῶσαί
2553 2304 2611 2341 σε
2640 2287 2873 2341 ἐνώπιον
2905 2288 3199 2343 δυναστῶν.
3240 2305 3260 2339 ι
3294 2287 3406 2342 Καὶ
3448 2288 3587 2350 ἄλλος
3613 2303 3624 2313 ·
3654 2288 3739 2355 «Μὴ

2256 2383 2559 2453 καυχᾶσθε,
2596 2383 2692 2435 καὶ
2724 2382 2801 2452 μὴ
2819 2381 3032 2436 λαλεῖτε
3063 2379 3243 2453 sap-(3151
3277 2386 3360 2446 εἰς
3389 2378 3740 2452 ὑπεροχὴν,μέ

2257 2474 2522 2542 ἐξελθέτω
2565 2473 3059 2546 μεγαλορημοσύνη
3093 2477 3158 2528 ὲκ
3184 2474 3283 2528 τοῦ
3315 2475 3565 2545 στόματος
3589 2473 3736 2543 binim

2258 2567 2366 2620 Καὶ
2389 2568 2417 2621 ὀ
2453 2565 2665 2631 Παῦλος
2695 2567 2949 2638 Τιμοθέῳ
2988 2567 3154 2637 φησίν
3185 2583 3201 2600 ·
3254 2587 3272 2619 ι
3312 2568 3438 2629 Τοῖς
3469 2565 3689 2625 πλουσίας
3711 2567 3741 2614 ἑν

2255 2659 2333 2730 τῷ
2351 2659 2447 2712 νῦν
2469 2660 2624 2714 αἰῶνι
2649 2661 3002 2732 παράγγελλε
3033 2661 3106 2732 μὴ
3137 2659 3542 2732 ὑψηλοφρονεῖν,
3566 2657 3669 2728 μηδὲ
3683 2655 3744 2724 ὴλ-

2258 2760 2480 2813 πικέναι
2509 2761 2602 2814 ἐπὶ
2629 2759 2863 2814 πλούτου
2897 2759 3210 2830 ἀδηλότητι,
3237 2758 3358 2814 ἀλλ’
3375 2761 3468 2812 ἐπὶ
3490 2757 3559 2827 τῷ
3582 2752 3744 2823 Quinte}

2258 2847 2558 2916 παρέχοντι
2626 2849 2808 2903 πάντα
2856 2847 2990 2918 ἡμῖν
3025 2847 3322 2910 πλουσίως.
3359 2865 3378 2897 ι
3427 2846 3527 2900 Ka‘t
3551 2839 3746 2912 ἑτέρωθιο

2263 2955 2281 2992 ι
2328 2934 2596 3008 ’Δδελιροὶ,
2636 2941 2711 3010 μὴ
2745 2939 2812 2993 τὰ
2843 2939 3027 3012 ὑψηλὰ
3061 2939 3410 3010 φρονοῦντες,
3443 2937 3563 2990 ἀλλὰ
3579 2936 3664 2995 rei;
3689 2949 3748 2984 πο

2259 3033 2466 3093 πεινοῖς
2497 3031 2954 3102 συνεπαγόμενοι.
2989 3051 3008 3084 ι
3048 3031 3162 3085 Καὶ
3209 3031 3506 3101 Ῥωμαίοις
3532 3044 3546 3060 ο
3582 3047 3598 3080 ι

2261 3122 2357 3176 οὖν
2386 3139 2500 3193 μοι,
2544 3123 2981 3193 Ἐξεκλάσθησαν
3009 3123 3220 3187 κλάδοι,
3272 3123 3367 3176 ἵνα
3406 3121 3511 3191 ἐγὼ
3550 3124 3748 3189 trama.

2261 3215 2393 3270 σθῶ.
2435 3215 2654 3283 Καλῶς,
2683 3219 2749 3287 τῇ
2789 3216 3020 3288 ἀπιστίᾳ
3057 3215 3470 3287 ἐξεκλάσθησαν
3498 3230 3513 3246 ⁸
3555 3217 3607 3267 σὺ
3639 3211 3679 3265 δὲ
3708 3212 3747 3280 τῇ

2257 3308 2439 3361 πίστει
2479 3308 2720 3377 ἕστηκας
2753 3324 2768 3339 ·
2816 3307 2892 3379 μὴ
2928 3306 3302 3378 ὑψηλοφρὸνει
3324 3347 3341 3370 ,
3389 3305 3519 3360 ἀλλὰ
3543 3301 3688 3372 φοϐοῦ.
3712 3301 3749 3352 [ἰ

2256 3395 2364 3466 γὰρ
2394 3393 2422 3448 δ
2452 3395 2587 3457 Θεὸς
2626 3393 2738 3448 τῶν
2779 3395 2923 3449 κατὰ.
2971 3393 3133 3462 φύσιν
3177 3394 3395 3448 κλάδων
3428 3392 3521 3446 οὐκ
3552 3390 3746 3461 ἐρείδεται

2260 3493 2334 3560 μη
2365 3503 2480 3550 πως
2506 3487 2629 3540 οὐδὲ
2672 3487 2766 3541 σοῦ
2821 3487 3094 3557 φείσεται.
3125 3505 3146 3539 ι
3206 3486 3407 3559 'llpzi;
3441 3481 3526 3540 οὖν
3563 3482 3669 3554 μετὰ
3691 3479 3747 3531 τοῦ

2255 3577 2421 3632 Δαυῖδ
2469 3575 2863 3650 διαπράξωμεν
2892 3618 2908 3642 ,
2965 3578 3283 3648 εἰλικρινῶς
3336 3578 3472 3650 μετὰ
3525 3575 3604 3628 τοῦ
3642 3570 3748 3625 Adv-i5

2255 3668 2552 3739 ψάλλωμεν
2578 3685 2596 3701 ο
2633 3686 2652 3720 ι
2686 3670 2882 3740 Κύριε,
2919 3669 3019 3739 οὐχ
3047 3669 3238 3741 ὑψώθη
3279 3671 3316 3742 ἡ
3342 3669 3527 3741 καρδία
3556 3662 3745 3736 μου,ὠὲ

2256 3761 2568 3834 ἐπορεύθην
2617 3763 2679 3816 ὲν
2732 3762 3014 3833 μεγάλοις,
3070 3762 3194 3815 οὐδὲ
3240 3763 3303 3816 ὲν
3343 3761 3632 3832 θαυμασίοις
3658 3754 3744 3821 ὑπὲρ

2255 3851 2359 3923 ἐμὲ
2384 3865 2403 3881 ο
2435 3850 2554 3904 ἀλλ’
2583 3850 3070 3923 ἑταπεινοφρόνουν
3097 3850 3177 3912 ὡς
3207 3851 3272 3904 τὸ
3299 3847 3744 3920 amyci:de

2259 3960 2351 3996 vov
2384 3944 2482 3998 hri
2516 3941 2616 4015 τὴν
2663 3946 2879 4015 μητέρα
2919 3944 3109 4000 αὐτοῦ.
3150 3963 3171 3997 ι
3234 3943 3506 4009 Ὡσαύτως
3542 3942 3620 3996 καὶ
3659 3936 3744 4008 μετά

567 4039 721 4096 libus
737 4038 906 4093 ramis
921 4051 1034 4093 non
1052 4037 1327 4109 pepercit,
1343 4052 1412 4091 ne
1427 4036 1568 4092 forte
1585 4052 1688 4092 nec
1716 4037 1812 4092 tibi
1844 4044 2032 4108 pareat
2053 4039 2152 4093 ⁷⁷.»

2261 4036 2372 4091 τῶν
2393 4036 2566 4108 τριῶν
2587 4037 2795 4091 παίδων
2821 4051 2837 4067 ·
2880 4055 2900 4090 ι
2929 4037 3077 4106 “Ott,
3099 4037 3372 4101 Δέσποτα,
3396 4033 3744 4108 ὲσμικρῦνθημεν

568 4132 683 4188 Nos
714 4131 885 4204 igitur
917 4131 1214 4187 sinceriter
1246 4143 1314 4185 ea
1374 4130 1492 4199 ipsa
1550 4144 1674 4200 qua:
1714 4144 1882 4200 opere
1927 4129 2155 4201 perfecit

2263 4130 2418 4202 παρὰ
2439 4130 2618 4185 πάντα
2645 4128 2715 4183 τὰ
2735 4127 2886 4201 ἔθνη,
2917 4129 3014 4184 καὶ
3043 4130 3211 4200 ἐσμὲν
3238 4130 3487 4184 ταπεινοὶ
3504 4130 3557 4181 ὲν
3575 4129 3685 4195 sing
3707 4122 3744 4188 τῇ

568 4225 744 4281 David
775 4265 790 4291 ,
826 4225 1026 4280 melico
1053 4233 1329 4279 concentu
1375 4220 1802 4277 emodulemur:
1849 4239 1868 4272 ι
1907 4222 2155 4290 Domine,

2264 4226 2336 4295 γῇ
2366 4222 2632 4294 σήμερον,
2656 4221 2745 4276 διὰ
2759 4222 2857 4285 τὰς
2878 4221 3159 4293 ἁμαρτίας
3179 4222 3363 4293 ημῶν,
3403 4243 3424 4278 ι

568 4333 687 4376 non
719 4328 808 4376 est
825 4319 1130 4374 exaltatum
1153 4332 1252 4372 cor
1275 4332 1485 4383 meum,
1510 4333 1692 4389 neque
1715 4317 1845 4373 elati
1869 4327 2001 4374 sunt
2017 4319 2164 4374 oeuli
2198 4318 2307 4374 mei
2340 4336 2355 4386 ;
2392 4334 2574 4390 neque
2599 4318 2877 4375 ambulavi
2931 4319 2989 4376 in
3013 4322 3248 4393 magnis,
3283 4337 3466 4392 neque
3493 4321 3546 4376 in
3594 4311 3743 4372 mirabi-

571 4415 720 4470 libus
742 4429 913 4484 super
933 4427 1043 4474 me,
1068 4411 1164 4466 sed
1192 4409 1486 4465 humiliter
1541 4410 1873 4476 sentiebam,
1934 4411 2079 4467 sicut
2099 4411 2407 4468 ablactatos
2433 4427 2606 4483 super
2627 4419 2860 4467 matrem
2890 4428 3047 4468 suam
3067 4412 3139 4468 ".
3168 4433 3187 4467 ι
3209 4413 3556 4484 Consimilem
3579 4412 3624 4465 in
3669 4420 3744 4460 ιω·

567 4511 704 4566 dum
784 4524 913 4564 cum
968 4506 1148 4561 tribus
1199 4506 1311 4562 illis
1368 4503 1599 4576 pueris:
1655 4524 1676 4556 ι
1748 4505 1924 4571 Quia,
1969 4505 2222 4572 Domine,
2265 4507 2543 4562 imminuti
2588 4520 2784 4562 sumus
2840 4520 3010 4578 super
3049 4521 3247 4563 omnes
3303 4516 3510 4580 gentes,
3545 4512 3743 4560 etaim

569 4602 812 4662 humiles
837 4600 1003 4656 hodie
1025 4606 1254 4671 propter
1285 4609 1509 4670 peccata
1529 4609 1716 4655 nostra
1744 4600 1812 4653 ".
1846 4617 1866 4652 ι

647 4694 858 4766 ιιοι
891 4712 910 4745 ί
941 4691 1077 4759 Quis
1098 4691 1248 4746 enim
1298 4691 1628 4764 gloriabitur
1680 4691 1948 4748 mundum
1975 4707 2034 4748 se
2069 4692 2155 4747 ha-

2342 4707 2362 4740 ι
2409 4689 2508 4752 Τίς
2549 4688 2660 4757 γὰρ
2711 4687 3051 4758 καυχήσεται
3080 4688 3254 4758 ἁγνὴν
3275 4686 3426 4759 ἔχειν
3446 4689 3535 4756 τὴν
3559 4685 3740 4753 καρδίαν,

571 4788 707 4844 bere
751 4784 1032 4853 coriAut
1081 4783 1209 4854 quis
1262 4782 1623 4853 proﬁtebitur
1679 4798 1876 4854 purum
1925 4798 1986 4838 se
2041 4797 2155 4838 esse

2264 4782 2334 4834 Ἢ
2368 4780 2454 4844 τίς
2476 4781 2918 4852 παρῤησιάσεται
2936 4780 3176 4850 καθαρὸς
3195 4777 3342 4834 εἶναι
3374 4782 3478 4834 ἀπὸ
3503 4777 3737 4850 amna;

574 4894 604 4934 a
636 4875 879 4949 peccatis
899 4872 984 4927 ὀἳ
1011 4872 1067 4928 Si
1096 4873 1245 4928 enim
1283 4872 1601 4942 iniquitates
1629 4871 2026 4936 observaveris,
2059 4870 2165 4924 Do-

576 4971 747 5028 mine,
778 4966 1029 5028 Domine.
1065 4966 1189 5035 quis
1229 4963 1529 5020 sustinebit
1555 4965 1579 5019 ?
1607 4965 1736 5034 quia
1772 4961 1914 5034 apud
1961 4971 2011 5016 te
2035 4977 2164 5031 pro-

575 5059 790 5133 pitiatio
811 5066 895 5114 est
923 5059 989 5111 '“.
1019 5077 1036 5109 ι
1076 5057 1149 5114 Ut
1179 5057 1322 5112 hanc
1353 5057 1514 5128 plane
1537 5057 1787 5112 melicam
1817 5054 2160 5109 harmoniam

575 5155 886 5210 recinentes
929 5151 1095 5208 corde
1139 5151 1380 5215 sincero,
1424 5150 1492 5205 ab
1532 5151 1653 5220 ipso
1694 5150 1928 5206 Domino
1967 5145 2160 5202 audire

574 5259 989 5318 promercamur
1025 5261 1038 5296 :
1081 5261 1098 5295 ι
1125 5242 1230 5310 Qui
1269 5258 1331 5297 se
1363 5242 1639 5306 humiliat,
1664 5241 1994 5297 exaltabitur
2015 5240 2058 5270 δ’
2085 5256 2098 5292 :
2135 5257 2155 5289 ι

574 5348 628 5394 et
664 5337 758 5408 qui
789 5335 858 5390 de
879 5350 936 5390 se
965 5351 1131 5405 quam
1151 5351 1251 5406 par
1280 5335 1372 5401 sit,
1412 5334 1706 5390 sublimius
1756 5331 1966 5402 aliquid
2021 5344 2151 5385 sen-

576 5429 744 5489 tiunt,
763 5433 1150 5496 coarguentnr.
1168 5425 1238 5482 Ut
1258 5434 1314 5480 et
1337 5425 1595 5480 Pharisaei
1623 5426 1693 5480 ab
1718 5425 1836 5496 ipso
1867 5424 2148 5479 Salvatorc

575 5527 787 5583 nostro,
821 5516 915 5587 qui
947 5525 1002 5573 et
1033 5515 1142 5572 illis
1169 5515 1346 5571 dixit:
1375 5537 1395 5570 ι
1428 5517 1536 5572 Vos
1560 5516 1693 5571 estis
1719 5516 1812 5586 qui
1836 5515 2148 5587 justiﬁeatis

2288 4871 2398 4925 Εὰν
2433 4873 2542 4940 γὰρ
2570 4872 2803 4942 ἀνομίας
2847 4875 3267 4945 παρα-τηρήσῃς.
3309 4873 3496 4944 Κύριε,
3523 4868 3736 4941 Κύριε,τί;

2259 4965 2628 5036 ὑποστήσεται
2665 4965 2747 5018 σοί
2779 4982 2795 5032 ;
2825 4966 2908 5020 ὅτι
2953 4966 3107 5036 παρὰ
3149 4967 3244 5025 σοὶ,
3273 4967 3303 5019 ὁ
3347 4966 3557 5035 ἱλασμός
3591 4965 3731 5016 ἐστινμ

2258 5055 2477 5128 Ταύτην
2511 5051 2604 5110 οὖν
2650 5059 2707 5110 ὲν
2750 5056 3036 5129 εἰλικρινεί
3072 5055 3270 5129 καρδίᾳ
3311 5057 3667 5127 ἀναμέλποντις
3691 5047 3734 5114 τὲ)

2257 5148 2377 5220 Θεῷ
2402 5149 2501 5219 τὴν
2528 5147 2692 5220 ᾠδὴν,
2731 5147 3023 5218 ἀκούωμεν
3063 5146 3197 5218 παρ’
3229 5149 3416 5208 αὑτοῦ,
3459 5147 3534 5200 ὅτι
3572 5163 3588 5195 ι
3619 5141 3661 5195 ⁸ο
3680 5156 3735 5190 τι·

2255 5235 2460 5292 πεινῶν
2480 5238 2694 5305 ἑαυτὸν,
2717 5237 3086 5308 ὑψωθήσεται,
3108 5257 3127 5290 ι
3157 5239 3207 5292 οἱ
3231 5237 3287 5291 δὲ
3315 5233 3733 5308 ὑψηλοιρρονοῦντες.

2257 5331 2708 5402 ἐλεγχθήσονται.
2760 5331 2846 5394 Ὠς
2873 5333 2920 5384 οἱ
2949 5333 3233 5400 Φαρισαῖοι
3257 5332 3410 5403 παρὰ
3431 5329 3518 5385 τοῦ
3543 5324 3731 5395 Σωτῆρθέν

2255 5421 2505 5492 λέγοντος
2537 5423 2674 5494 πρὸς
2693 5423 2890 5488 αὐτούς
2916 5441 2930 5455 ⁸
2959 5442 2979 5472 ⁸
3033 5423 3220 5495 Ὑμεῖς
3273 5426 3394 5478 ἐστε
3423 5427 3470 5478 οἱ
3492 5419 3731 5476 Samio-3m;

2255 5516 2480 5578 ἑαυτοὺς
2507 5514 2738 5568 ἐνώπιον
2766 5515 2875 5568 τῶν
2906 5513 3234 5587 ἀνθρώπων.
3267 5534 3286 5567 ι
3337 5519 3396 5571 '0
3427 5515 3478 5569 δὲ
3503 5513 3610 5575 Θεὸς
3632 5505 3729 5576 il"

679 5637 723 5668 "
751 5635 930 5690 Eccle.
957 5649 1052 5698 vn,
1087 5636 1174 5689 l7.
1251 5633 1294 5665 "
1320 5634 1482 5688 Prov.
1522 5649 1652 5698 xvn,
1675 5633 1758 5688 16.
1833 5634 1879 5666 ⁷⁸
1907 5633 2067 5688 Prov.
2098 5650 2155 5688 xv

2258 5633 2291 5686 ἰ.
2366 5632 2413 5665 ⁷⁸
2443 5632 2605 5688 Prov.
2638 5649 2758 5699 xxv,
2795 5634 2850 5692 6.
2885 5632 2938 5686 7.
3013 5631 3060 5664 ⁷⁸
3089 5631 3110 5687 ι
3149 5631 3292 5687 Τίιη.
3323 5649 3398 5696 vt,
3433 5633 3509 5686 i7.
3574 5624 3726 5699 ’[Βυὲῑ

574 5721 672 5770 xu,
702 5706 785 5760 l6.
859 5705 904 5737 "
935 5693 1088 5760 Rom.
1124 5720 1198 5772 ιιι,
1223 5704 1407 5762 19-21.
1485 5705 1528 5736 ⁷⁸
1553 5693 1694 5760 Psal.
1726 5720 1883 5772 cxxx,
1913 5705 1966 5772 ‘l,
1995 5705 2049 5762 2.
2128 5693 2337 5759 "Dan.
2371 5719 2447 5770 ιιι,
2483 5704 2574 5760 37.
2650 5705 2696 5735 ⁸⁰
2721 5693 2879 5758 Prov.
2919 5719 3007 5768 xx,
3047 5703 3099 5759 9.
3175 5705 3219 5736 “
3251 5693 3395 5759 Psal.
3426 5715 3580 5763 cxxtx,
3609 5693 3707 5759 5A.

575 5775 624 5810 "
647 5775 781 5831 Luc.
809 5791 918 5847 xiv,
942 5773 1029 5830 ll.
