4028 6526
280 294 411 359 1577

1045 302 1371 363 HOMILIA
1410 302 1612 365 XLVI.
1641 327 1709 341 -
1744 304 1842 366 DE
1878 306 2289 371 SPECIEBUS
2324 311 2747 373 SUPERBIIE.

3393 316 3526 385 i578

272 427 389 463 σκει
413 411 513 475 τὰς
534 413 764 485 καρδίας
786 414 961 488 ὑμῶν,
985 417 1068 470 ὅτι
1096 416 1158 471 τὸ
1184 419 1243 471 ὲν
1277 415 1587 489 ἀνθρώποις
1618 418 1827 490 ὑψηλὸν.

1952 437 2046 477 vos
2081 423 2228 494 ipsos
2262 426 2319 481 in
2348 437 2648 497 conspectu
2673 426 2960 483 hominum
2990 429 3039 462 ⁸³
3065 448 3080 498 ;
3109 449 3127 482 ι
3166 433 3312 489 Deus
3342 445 3525 496 autem

269 502 545 575 βδέλυγμα
578 506 809 562 ὲνώπιον
844 508 939 562 τοῦ
968 508 1127 564 Θεοῦ.
1160 510 1325 580 Λέγει
1359 511 1415 565 δὲ
1452 510 1548 565 καὶ
1580 515 1694 576 τοῖς
1738 530 1846 584 μοι·

269 595 462 665 θηταῖς
483 598 705 652 ἑαυτοῦ·
731 616 751 651 t
790 600 964 672 ’Δμὴν
984 602 1127 672 λέγω
1150 604 1299 675 ὑμῖν,
1319 603 1415 657 ἐὰν
1438 605 1514 676 μὴ
1542 604 1844 676 στραφῆτε,

267 687 365 741 καὶ
392 688 625 761 γένησθε
655 691 733 755 ώς
750 691 819 746 τὰ
849 692 1058 759 παιδία,
1094 694 1158 748 ού
1191 695 1267 766 μὴ
1313 695 1592 768 εἰσέλθητε
1626 697 1709 760 εἰς
1746 697 1847 768 τὴν

267 776 548 846 βασιλείαν
589 779 699 834 τῶν
748 781 1015 854 οὐρανῶν.
1052 800 1073 837 ο
1111 784 1222 838 Kal.
1260 785 1513 856 ἐπιφέρει
1540 801 1556 817 '
1600 804 1619 839 ι
1653 785 1846 848 Ὅστις

265 867 358 924 οὖν
385 872 712 927 ταπεινώσει
738 874 933 929 ἑαυτὸν
963 875 1040 940 ὡς
1079 876 1142 929 τὸ
1179 877 1417 942 παιδίον,
1454 870 1610 941 οὗτός
1636 878 1785 930 ἐστιν
1816 877 1845 930 ὁ

266 962 467 1031 μείζων
515 965 597 1027 είς
645 966 737 1036 τὴν
782 966 1063 1036 βασιλείαν
1096 966 1208 1021 τῶν
1249 968 1515 1039 οὐρανῶν.
1550 988 1570 1021 ι
1615 967 1841 1039 Λύτῷή

260 1053 385 1121 δῦξα
418 1055 497 1119 είς
518 1054 646 1121 τοὺς
669 1056 894 1122 αίῶνας.
941 1058 1134 1130 Ἀμήν.

850 1255 1073 1310 ΛΟΓΟΣ
1102 1253 1251 1323 uq'.

399 1390 540 1444 Hsol
570 1389 678 1445 τοῦ
696 1389 783 1461 μὴ
804 1388 1280 1460 μεγαλοφρονεῖν
1311 1390 1450 1458 παρ’
1478 1386 1691 1456 ἐαυτῷ.

332 1527 439 1579 Καὶ
487 1526 551 1580 τὸ
603 1525 1035 1597 μεγαλοφρονεῖν
1090 1524 1223 1596 παρ’
1262 1524 1464 1596 ἐαυτῷ,
1489 1524 1692 1595 ψεκτὸν
1743 1524 1838 1578 καὶ

252 1619 715 1690 ἀπηγορευμένον
764 1619 1099 1691 εὑρίσκομεν
1143 1619 1297 1692 παρὰ
1342 1622 1410 1692 τῇ
1457 1619 1581 1692 θείᾳ
1618 1619 1832 1691 Γραφῇ.

1948 515 2104 569 novit
2135 516 2303 573 corda
2339 527 2542 584 vestra,
2582 520 2712 589 quia
2735 522 2881 591 quod
2910 522 3054 578 inter
3076 524 3329 582 homines
3353 530 3526 585 altum

1947 607 2190 676 videtur,
2220 610 2558 667 abominatio
2608 622 2693 668 est
2721 615 2864 685 apud
2896 615 3089 671 Deum.
3120 618 3261 673 Dicit
3294 622 3527 690 proinde

1946 696 2236 769 discipulis
2263 701 2421 756 suis:
2472 722 2491 754 ι
2528 704 2723 768 Amen,
2789 719 2949 761 amen
2998 706 3125 762 dico
3182 710 3360 777 vobis,
3417 713 3525 767 nisi

1946 790 2200 845 conversi
2232 790 2451 849 fueritis
2486 802 2543 849 et
2570 794 2881 852 efﬁciamini
2921 799 3065 855 sicut
3117 802 3359 870 parvuli,
3414 820 3525 859 non

1946 878 2224 936 intrabitis
2256 881 2312 936 in
2336 898 2566 954 regnum
2596 885 2861 942 caelorum
2895 887 2962 943 ⁸⁵.
3000 907 3019 941 ι
3065 889 3237 945 Infert
3273 910 3286 946 :
3339 912 3359 944 ι
3395 892 3517 959 QUI-

1942 984 2161 1041 cunque
2188 972 2357 1044 igitur
2385 975 2762 1033 humiliaverit
2811 995 2869 1035 se
2914 980 3056 1038 sicut
3096 984 3358 1052 parvulus
3397 986 3521 1049 iste,

1943 1063 2034 1117 hic
2066 1065 2241 1134 major
2259 1075 2346 1121 est
2374 1067 2431 1123 in
2460 1084 2630 1140 regno
2658 1071 2923 1128 caelorum
2946 1072 3013 1129 ⁸⁸.
3054 1093 3074 1126 ι
3118 1076 3225 1147 Ipsi
3259 1077 3433 1148 gloria
3468 1078 3523 1133 in

1938 1153 2155 1209 saecula.
2178 1154 2373 1210 Amen.

2471 1270 2759 1327 HOMILIA
2800 1273 2981 1331 XLVI.

1976 1404 2132 1475 Apud
2174 1408 2506 1478 temetipsum
2536 1424 2603 1463 ne
2639 1411 2765 1480 quid
2793 1411 2857 1464 de
2898 1420 2948 1467 te
2979 1419 3161 1485 magni
3194 1422 3480 1492 concipias.

2009 1538 2266 1610 Magnum
2290 1541 2558 1612 quiddam
2590 1544 2659 1599 de
2688 1560 2747 1600 se
2776 1548 3007 1617 sentire,
3040 1560 3135 1606 aut
3165 1553 3518 1621 insolescere,

1936 1636 1992 1683 et
2026 1629 2133 1686 sibi
2164 1631 2406 1701 placere,
2435 1632 2801 1703 vituperabile
2831 1646 2935 1694 est.
2966 1640 3253 1713 Ejusmodi
3283 1646 3539 1703 elatione.

263 1711 328 1763 '0
351 1711 593 1775 τοιοῦτος
625 1713 685 1765 ὲν
716 1715 833 1777 τοῖς
876 1712 1079 1784 ἄφροσι
1119 1712 1399 1779 τέτακται,
1441 1712 1645 1782 μᾶλλον
1682 1712 1739 1766 δὲ
1774 1712 1827 1766 ὲν

1936 1719 2104 1774 animi
2140 1720 2529 1779 insolescentis
2558 1740 2728 1781 sacra:
2756 1711 3055 1801 Scriptura:
3084 1733 3310 1791 decreto
3348 1737 3495 1791 inter

250 1805 368 1867 tot;
407 1804 630 1872 μωροῖς.
652 1804 822 1874 Φησὶν
848 1803 957 1874 γάρ
983 1819 999 1834 ο
1030 1820 1049 1854 ‹
1084 1803 1305 1875 Μωρδς,
1326 1802 1450 1858 καθ’
1476 1804 1675 1899 ἑαυτοῦ
1700 1802 1827 1874 φρό·

1940 1811 2199 1879 dicimur,
2227 1830 2353 1870 cum
2383 1817 2509 1873 talis
2535 1819 2663 1891 jure
2691 1820 2747 1875 in
2775 1836 2941 1878 sensu
2968 1835 3292 1882 numeretur
3310 1828 3517 1899 impru-

248 1910 429 1964 νιμος.
467 1914 489 1946 ι
523 1894 615 1966 Μὴ
637 1893 732 1949 οῦν
764 1896 1153 1968 κρατήσωμεν,
1179 1896 1480 1967 ἀγαπητοὶ,
1504 1896 1570 1949 τὸ
1607 1895 1836 1967 μάταιον

244 1989 410 2043 τοῦτο
427 1989 705 2061 φρόνημα’
726 1988 866 2043 ἀλλὰ
890 1986 1093 2059 μᾶλλον
1115 1988 1441 2060 κατέχωμεν
1463 1987 1564 2053 τὰς
1582 1987 1835 2042 διδασκα-

245 2080 371 2145 λίας
392 2082 502 2134 τῶν
529 2081 1003 2154 πνευματοφόρων
1033 2080 1266 2152 ἀνδρῶν,
1299 2080 1580 2135 τουτέστιν
1611 2080 1711 2152 τὴν
1735 2097 1833 2133 τα-

245 2172 714 2246 πεινοφροσύνην,
776 2174 873 2228 καὶ
926 2174 1203 2245 βαίνωμεν
1253 2172 1581 2228 κατόπισθεν
1628 2171 1832 2235 αὐτῶν,

243 2264 347 2316 καὶ
379 2264 456 2333 μὴ
492 2263 829 2335 ὲπαρθῶμεν
865 2264 926 2316 ὲν
960 2266 1028 2335 τῇ
1067 2263 1269 2335 καρδίᾳ
1302 2262 1459 2333 ἡμῶν
1482 2260 1543 2315 τὸ
1568 2261 1833 2333 παράπαν

244 2351 309 2404 έν
347 2370 476 2419 τινι,
513 2352 546 2424 ἢ
585 2354 643 2406 έν
674 2353 843 2425 ἔργῳ,
875 2352 908 2424 ἢ
943 2353 1366 2425 ἐπιτηδειότητι,
1415 2352 1449 2423 ἢ
1483 2353 1542 2406 ὲν
1574 2353 1828 2422 διαταγῇ,

242 2445 277 2517 ἢ
312 2446 370 2496 ὲν
395 2444 663 2516 διοικήσει
694 2444 1061 2516 πραγμάτων,
1147 2446 1207 2498 ἐν
1236 2443 1379 2514 λόγῳ
1405 2442 1617 2513 σοφίας,
1645 2443 1679 2512 ἢ
1708 2443 1831 2496 ἐπι-

240 2534 485 2604 νοήμασι
509 2534 833 2606 Γραφικοῖς,
868 2535 1081 2607 μήποτε
1110 2533 1204 2588 τὸν
1224 2533 1358 2587 Θεὸν
1381 2532 1826 2604 παροργίσωμεν,

239 2626 342 2680 καὶ
369 2625 449 2697 τῷ
473 2625 745 2699 πνεύματι
768 2628 867 2699 τῆς
896 2626 1248 2698 βλασφημίας
1272 2626 1661 2698 περιπέσωμεν
1688 2626 1832 2679 κατὰ

238 2716 393 2769 νοῦν.
431 2716 608 2770 Καλὸν
635 2718 693 2771 δὲ
722 2717 1016 2787 μανθάνειν
1048 2717 1271 2788 μᾶλλον,
1303 2718 1404 2771 κᾶν
1431 2717 1551 2772 λίαν
1579 2734 1663 2780 τις
1695 2717 1830 2787 φρό-

238 2823 405 2877 νιμος
436 2807 718 2876 τυγχάνει.
759 2807 822 2859 Ἠ
862 2806 972 2877 γὰρ
1003 2806 1288 2876 οἰκονομία
1317 2804 1411 2858 τοῦ
1436 2804 1593 2870 Θεοῦ,
1626 2803 1829 2872 ώφελι-

239 2898 471 2969 μωτὲρα
518 2899 665 2951 ἐστὶν
705 2899 804 2969 τῆς
849 2897 1128 2968 ἡμετέρας
1173 2897 1509 2967 φρονήσεως.
1549 2896 1728 2950 Καλὸν
1769 2894 1826 2947 δέ

235 2990 415 3050 ἐστιν,
451 2987 631 3040 πάντα
670 2988 911 3057 ἐνεργῶς
947 2986 1148 3042 λαλεῖν.
1214 2986 1271 3037 '0
1314 2983 1423 3055 γὰρ
1461 2983 1620 3047 ὲκτδς
1662 2982 1825 3054 ἔργου

237 3080 628 3150 σοφιζόμενος,
664 3081 759 3133 καὶ
795 3079 970 3148 λέγων
1008 3078 1189 3148 λόγον,
1226 3077 1287 3142 ἐξ
1321 3076 1535 3139 ἀδικίας
1576 3075 1823 3129 πλουτεῖ.

234 3171 355 3225 Καὶ
384 3169 434 3223 οἱ
487 3170 640 3224 πόνοι
671 3170 836 3223 αὐτοῦ
874 3172 953 3233 είς
990 3170 1174 3232 οἴκους
1203 3168 1519 3240 ἀλλοτρίους
1543 3167 1825 3239 εἰσέρχον-
1852 3167 1897 3193 “

234 3279 335 3315 ται
358 3262 499 3315 κατὰ
524 3261 625 3332 τὴν
649 3261 1136 3333 Γραφήν.Πρῶτος
1166 3262 1194 3314 ὁ
1223 3260 1638 3332 Παροιμιαστὴς
1677 3278 1824 3331 παρ-

232 3352 411 3405 αινῶν
466 3353 661 3421 λέγει’
700 3372 719 3405 ι
756 3354 888 3406 Ἐσο
931 3353 1206 3417 πεποιθὼς
1260 3354 1320 3406 ὲν
1355 3353 1453 3424 ὅλῃ
1496 3352 1699 3423 καρδίᾳ
1728 3367 1837 3411 σου,

234 3445 336 3497 ἐπὶ
372 3444 579 3514 Κύριον
602 3459 617 3473 ο
654 3444 751 3498 ἐπὶ
779 3444 838 3499 δὲ
865 3447 933 3517 τῇ
975 3444 1138 3516 σοφίᾳ
1188 3444 1264 3515 μὴ
1306 3443 1557 3515 ὲπαίρου.
1598 3461 1617 3494 ι
1668 3441 1820 3495 Καί·

240 3557 258 3589 ι
292 3537 390 3607 Μὴ
456 3534 566 3589 ῐσθι
614 3535 882 3606 φρόνιμος
929 3537 1083 3608 παρὰ
1131 3534 1364 3588 σεαυτοῦ
1391 3550 1405 3564 ·
1447 3532 1615 3603 φοϐοῦ
1642 3532 1698 3586 δὲ
1730 3532 1823 3585 τὸν

234 3627 472 3698 Κύριον,
506 3627 603 3680 καὶ
641 3627 752 3680 ἀπὸ
799 3627 1003 3690 παντὸς
1050 3626 1221 3681 κακοῦ
1277 3625 1545 3679 ἔκκλινον.
1587 3643 1606 3678 ›
1664 3624 1818 3679 Καί·

236 3738 255 3771 ι
297 3719 392 3789 Μὴ
428 3718 615 3788 καυχῶ
637 3717 707 3772 τά
740 3719 822 3782 είς
850 3716 1073 3788 αύριοψ
1100 3718 1163 3770 ού
1202 3716 1311 3788 γὰρ
1351 3711 1503 3780 οἶδας
1528 3715 1582 3769 τί
1606 3716 1821 3783 τέξεται

229 3812 264 3883 ἡ
304 3809 561 3865 ἐπιοῦσα.
594 3828 612 3860 ι
659 3809 772 3862 Καὶ
838 3804 992 3873 αὖθις
1024 3825 1039 3839 ·
1102 3827 1119 3860 ι
1156 3808 1271 3874 Υἱὲ,
1325 3808 1420 3860 ἐὰν
1473 3806 1634 3875 σοφὸς
1686 3807 1821 3880 γένῃ

232 3902 481 3973 σεαυτῷ,
514 3901 676 3971 σοφὸς
723 3900 824 3973 ἔσῃ
864 3902 959 3954 καὶ
1006 3902 1116 3964 τοῖς
1156 3900 1384 3972 πλησίον
1427 3917 1541 3953 σου.
1602 3900 1726 3952 Ἐὰν
1761 3900 1819 3954 δὲ

228 3994 406 4057 κακὸς
470 3976 795 4064 ἀποϐήσῃ,’
816 3991 976 4063 μόνος
1015 3992 1304 4063 ἀντλήσεις
1340 3993 1408 4046 τὰ
1444 3991 1608 4045 κακά.
1643 4010 1661 4043 ι
1710 3990 1818 4044 Καὶ

227 4086 401 4141 πάλιν
430 4101 445 4117 ·
512 4103 532 4136 ι
566 4084 706 4137 Ἷδον
765 4083 935 4154 ἄνδρα
980 4083 1207 4148 δόξαντα
1257 4084 1389 4154 παρ’
1441 4082 1621 4153 ἑαυτῷ
1677 4077 1816 4139 εἶναι

229 4177 426 4246 σοφὸν,
470 4175 663 4228 ἐλπίδα
710 4176 898 4245 μέντοι
948 4191 1005 4243 γε
1043 4172 1208 4245 ἐσχεν’
1226 4174 1427 4245 μᾶλλον
1453 4174 1482 4226 ὁ
1505 4174 1695 4245 ἄφρων
1722 4174 1815 4225 αύ-

223 4268 350 4323 τοῦ.
384 4286 402 4319 ι
438 4268 548 4321 Kal.
573 4267 736 4320 πάλιν
766 4283 781 4297 ο
825 4284 845 4318 ι
879 4266 1049 4334 Σοφὺς
1084 4266 1212 4336 παρ’
1243 4263 1444 4335 ἐαυτῷ,
1483 4264 1623 4336 ἀνὴρ
1651 4263 1815 4318 πλού-

228 4377 351 4423 σιος
377 4375 390 4387 ·
423 4358 679 4430 πένηςδὲ
705 4359 925 4430 νοήμων
957 4355 1372 4424 καταγνώσεται
1411 4356 1600 4412 αὑτοῦ.
1632 4374 1652 4409 ι
1700 4357 1812 4410 Καὶ

1934 1904 2204 1973 dentium,
2233 1908 2407 1980 magis
2432 1926 2565 1967 vero
2588 1914 2908 1970 stultorum.
2939 1916 3034 1972 Ait
3066 1918 3215 1975 enim
3249 1939 3264 1977 :
3306 1940 3327 1974 ι
3366 1921 3517 1977 Stul-

1935 2006 2023 2053 tus
2048 1999 2193 2069 apud
2222 2002 2581 2073 semetipsum
2634 2007 2852 2062 videtur
2904 2010 3125 2079 sapiens
3182 2012 3246 2067 3‘.
3286 2032 3305 2066 ι
3364 2014 3513 2070 Nihil

1933 2089 2121 2160 igitur,
2160 2091 2498 2159 charissimi,
2537 2098 2700 2153 nobis
2732 2100 2804 2155 sit
2833 2116 2999 2169 curae,
3036 2102 3319 2159 ﬂaccidam
3373 2107 3516 2163 hanc

1930 2188 1987 2233 et
2015 2180 2232 2235 inanem
2260 2186 2482 2255 assequi
2513 2189 2887 2257 prudentiam,
2923 2195 3098 2264 magis
3123 2211 3257 2251 vero
3288 2196 3513 2254 illorum

1930 2271 2236 2330 doctrinam
2265 2277 2514 2333 virorum
2556 2296 2696 2344 quos
2722 2282 2962 2353 Spiritus
2992 2286 3212 2353 afﬂavit,
3252 2289 3305 2344 in
3337 2307 3515 2346 arma-

1931 2362 2072 2418 riolo
2101 2370 2382 2425 memoriae
2426 2372 2675 2441 pressius
2714 2376 3097 2445 recondamus,
3143 2388 3274 2449 puta
3320 2382 3513 2437 mode-

1930 2455 2089 2511 stiam
2118 2458 2285 2514 animi
2314 2477 2478 2531 quam
2506 2464 2811 2521 humillima
2832 2468 2900 2523 de
2921 2484 2979 2524 se
3003 2472 3325 2529 sentientis:
3350 2485 3512 2545 atque

1928 2549 2249 2605 eorumdem
2268 2552 2647 2624 ingrediamur
2663 2559 2933 2629 vestigiis,
2966 2576 3070 2618 nec
3094 2563 3263 2619 ullam
3292 2566 3365 2621 ob
3393 2583 3512 2623 rem

1928 2639 2096 2696 corde
2155 2642 2452 2700 eﬂeramur
2504 2656 2601 2702 aut
2645 2647 3053 2708 insolescamus
3090 2657 3342 2722 omnino,
3397 2674 3511 2714 non

1929 2739 2153 2800 propter
2186 2734 2372 2803 Operis
2416 2735 2721 2804 solertiam,
2769 2739 3129 2799 idoneitatcm
3176 2745 3295 2801 sive
3342 2748 3510 2804 indu-

1928 2818 2139 2887 striam,
2170 2822 2443 2889 ordinem,
2469 2826 2912 2896 jurisdictionem
2956 2831 3074 2888 sive
3118 2851 3301 2890 rerum
3334 2838 3511 2893 admi-

1927 2910 2333 2981 nistrationem,
2388 2933 2500 2973 non
2543 2920 2614 2975 ob
2667 2935 2981 2980 sermonem
3037 2927 3342 2998 sapientiae,
3393 2932 3509 2987 sive

1928 3004 2291 3075 multiplicem
2316 3008 2732 3079 Scripturarum
2773 3014 3218 3088 intelligentiam,
3252 3037 3323 3077 ne
3365 3022 3509 3079 forte

1928 3091 2147 3149 Domini
2176 3096 2443 3154 adversus
2473 3115 2579 3156 nos
2599 3102 2937 3171 proritemus
2969 3107 3106 3162 iram
3135 3119 3190 3165 et
3211 3127 3507 3182 exaspere-
3584 3122 3587 3125 λ

1928 3197 2053 3239 mus
2085 3201 2101 3250 ;
2133 3201 2240 3255 qua
2272 3186 2386 3256 ﬁat,
2416 3198 2476 3244 ut
2509 3200 2693 3246 mente
2722 3204 2908 3252 emota
2950 3197 3198 3254 sinamur
3234 3202 3292 3255 in
3339 3204 3508 3273 spiri-

1928 3284 2045 3331 tum
2066 3277 2282 3333 devolvi
2310 3292 2477 3351 atque
2508 3282 2755 3341 incidere
2779 3286 3155 3357 blasphemiae.
3191 3292 3333 3349 Sane
3364 3312 3507 3365 pra:-

1925 3369 2148 3435 stiterit,
2203 3378 2255 3426 te
2288 3380 2350 3425 ut
2380 3374 2565 3431 tradas
2596 3376 2652 3431 in
2689 3378 3045 3449 discipulum,
3082 3388 3300 3442 tametsi
3335 3391 3505 3445 multa

1923 3460 2179 3516 obrueris
2194 3462 2575 3532 prudentiam.
2611 3467 2959 3540 Dispensatio
3006 3475 3155 3529 enim
3194 3477 3312 3544 Dei,
3356 3495 3505 3535 com-

1923 3551 2248 3621 parabiliter
2299 3556 2643 3612 commodior
2692 3570 2856 3631 atque
2909 3564 3100 3621 utilior
3149 3578 3256 3633 est,
3314 3581 3502 3625 nostra

1922 3642 2029 3700 hac
2063 3645 2438 3718 qualicunque
2466 3649 2796 3719 prudentia:
2817 3653 2978 3726 longe
3012 3657 3161 3712 enim
3190 3675 3290 3729 per
3317 3663 3503 3717 omnia

1920 3735 2045 3804 plus
2070 3737 2232 3793 affert
2252 3740 2635 3807 emolumenti,
2668 3741 2717 3798 si
2742 3744 3041 3803 etlicaciter
3070 3750 3335 3820 loquaris.
3361 3754 3501 3810 Dum

1919 3827 2070 3881 enim
2105 3828 2270 3886 doces
2307 3831 2659 3900 sapientiam,
2720 3847 2816 3893 aut
2869 3853 3177 3896 sermonem
3239 3845 3502 3902 edisseris

1919 3916 2128 3987 absque
2160 3919 2343 3988 operis
2375 3920 2660 3994 suﬂ‘ragio,
2691 3924 2920 3984 ditescis
2942 3930 3166 4000 quidem
3199 3941 3279 3998 tu,
3305 3937 3399 3990 sed
3430 3937 3499 3991 de

1920 4004 2233 4075 iniquitate.
2263 4006 2429 4078 Atqui
2458 4009 2537 4065 tui
2568 4011 2660 4067 isti
2688 4013 2926 4082 labores,
2958 4017 3109 4088 juxta
3130 4019 3494 4090 Scripturam,
3562 4070 3565 4071 ν

1919 4095 1975 4149 in
1998 4097 2208 4153 alienas
2238 4101 2603 4173 commigrant
2651 4103 2865 4161 domos.
2922 4108 3143 4163 Primus
3187 4112 3494 4169 Paroemia-

1918 4196 2031 4241 stes
2058 4203 2157 4260 per
2185 4190 2620 4250 admonitionem
2654 4195 2790 4251 dicit
2821 4216 2833 4251 :
2886 4216 2906 4251 ι
2937 4199 3069 4255 Esto
3104 4201 3356 4260 ﬁduciam
3392 4206 3493 4262 ha-

1917 4277 2055 4334 hens
2072 4297 2139 4336 ex
2158 4288 2273 4337 toto
2290 4284 2457 4339 corde
2482 4296 2578 4341 tuo
2603 4286 2656 4341 in
2686 4288 2998 4358 Dominum,
3034 4293 3106 4348 ob
3136 4305 3284 4351 tuam
3310 4308 3491 4354 autem

1916 4371 2240 4440 sapientiam
2282 4390 2353 4429 ne
2402 4376 2639 4439 eleveris
2679 4378 2747 4432 δ’.
2786 4399 2804 4432 ι
2838 4381 2908 4438 Ει
2938 4401 2951 4436 :
2988 4403 3006 4434 ι
3042 4384 3119 4440 Ne
3149 4388 3225 4442 sis
3248 4390 3493 4458 prudens

226 4451 397 4505 πάλιν
426 4466 440 4481 ·
478 4469 496 4503 ι
528 4449 820 4521 [Ἕγγονον
875 4448 1070 4512 κακὸν,
1114 4446 1323 4499 δίκαιον
1369 4446 1562 4500 ἑαυτὸν
1610 4446 1805 4516 κρίνει.

1926 4460 2059 4529 apud
2118 4463 2490 4533 temetipsum,
2535 4466 2667 4523 time
2710 4483 2843 4524 vero
2871 4471 3163 4529 Dominum
3193 4446 3492 4535 et-declina

226 4544 345 4614 Τὴν
399 4541 457 4594 δὲ
509 4540 688 4607 ἔξοδον
725 4537 921 4593 ἑαυτοῦ
945 4540 1045 4593 οὐκ
1068 4537 1313 4610 ενηψεν.]
1338 4538 1605 4635 Ἐγγονον
1638 4538 1810 4593 κακὸν

1926 4551 1977 4605 II)
2020 4552 2170 4606 omni
2209 4554 2355 4608 malo
2397 4556 2464 4609 ⁸⁸.
2502 4574 2522 4607 ›
2586 4558 2698 4613 Et:
2774 4578 2794 4611 ι
2824 4561 2905 4617 Ne
2953 4553 3204 4635 glorieris
3261 4569 3317 4623 in
3369 4586 3491 4626 cra-

229 4634 478 4705 ύψηλοὺς
530 4635 657 4695 τοὺς
699 4630 1015 4703 ὀφθαλμοὺς
1053 4628 1191 4701 ἔχει,
1230 4630 1327 4685 καὶ
1357 4631 1487 4725 τοῖςΔ
1518 4629 1813 4725 βλεφάροις

1926 4644 2135 4711 stinum,
2174 4662 2285 4702 non
2316 4650 2464 4704 enim
2495 4652 2603 4707 scis
2631 4654 2765 4722 quid
2825 4657 3071 4725 paritura
3131 4662 3204 4717 sit
3248 4665 3490 4719 crastina

225 4725 404 4780 αὑτοῦ
431 4724 744 4795 ἐπαίρεται.
789 4743 808 4775 ι
845 4725 1056 4796 Γράφει
1086 4723 1258 4778 δὲκαὶ
1293 4722 1552 4785 Ἰάκωδος
1585 4740 1598 4752 ·
1630 4740 1649 4772 ι
1676 4722 1814 4821 Νυνὶ

1926 4735 2028 4792 lies
2048 4738 2116 4792 ⁸³.
2154 4759 2171 4791 ι
2204 4740 2455 4798 Rursus:
2495 4762 2513 4793 ι
2548 4744 2759 4815 1102
2795 4722 2922 4815 fili,
2957 4749 3002 4804 si
3032 4750 3254 4820 sapiens
3292 4754 3487 4821 fueris,

225 4819 285 4872 δὲ
321 4815 603 4886 καυχᾶσθε
627 4819 684 4869 ἐν
706 4818 827 4879 ταῖς
857 4814 1203 4879 ἀλαζονείαις
1239 4814 1393 4883 ὑμῶν
1423 4827 1438 4844 ⁸
1486 4816 1636 4868 πᾶσα
1676 4813 1813 4868 καύ-

1926 4828 2237 4900 ;ibimetipsi
2262 4832 2481 4902 sapiens
2509 4836 2623 4889 eris
2645 4845 2702 4893 et
2737 4839 2993 4905 proximo
3024 4857 3038 4905 ;
3078 4841 3124 4896 si
3152 4851 3336 4900 autem
3369 4862 3488 4902 ma-

224 4928 391 4982 χησις
410 4909 660 4979 τοιαύτη,
685 4908 901 4980 πονηρά
930 4910 1100 4963 ἐστιν.
1140 4927 1159 4959 ι
1195 4907 1469 4970 Ὡσαύτως
1499 4908 1593 4963 καὶ
1613 4909 1642 4964 ό
1663 4906 1810 4962 Παῦ-

1926 4924 2002 4975 Lus
2029 4921 2291 4988 evaseris,
2309 4923 2460 4977 solus
2485 4923 2709 4982 hauries
2736 4928 2877 4983 mala
2901 4929 2968 4984 ’°.
2989 4949 3008 4984 ι
3028 4932 3238 4988 Iterum
3263 4953 3275 4989 :
3318 4954 3335 4987 ι
3364 4938 3489 4993 Vidi

222 5009 319 5068 λος
344 5020 368 5035 ι
398 5021 419 5056 ι
457 5001 550 5073 Μὴ
588 5000 804 5070 γίνεσθε
840 5000 1097 5073 φρόνιμοι
1138 5000 1271 5071 παρ’
1304 5000 1539 5064 ἑαυτοῖς.
1582 5018 1600 5053 ι
1643 5001 1754 5055 Καὶ
1781 5003 1809 5054 ό

1926 5010 2093 5065 virum
2123 5013 2217 5081 qui
2241 5013 2385 5083 apud
2409 5016 2768 5086 semetipsum
2796 5020 3084 5079 videbatur
3102 5041 3223 5083 esse
3245 5030 3485 5100 sapiens,

238 5098 300 5151 Ἦ
313 5098 473 5159 σαῖας
506 5112 521 5128 ·
563 5113 582 5147 ι
616 5095 754 5149 Ούαὶ
774 5095 825 5147 οί
856 5094 1068 5169 συνετοὶ
1097 5094 1154 5147 ὲν
1185 5094 1418 5157 ἑαυτοῖς,
1448 5093 1544 5153 καὶ
1578 5092 1806 5148 ἐνώπιον

226 5190 443 5243 ἑαυτῶν
498 5188 882 5258 ἐπιστήμονες.
915 5205 933 5238 ι
954 5170 963 5175 ’
986 5185 1046 5239 Ὀ
1075 5183 1132 5238 δὲ
1162 5183 1469 5256 Ψαλμῳδός
1493 5198 1507 5213 ⁸
1555 5202 1573 5235 ι
1606 5182 1806 5255 Κύριος

226 5280 490 5350 γινώσκει
513 5280 639 5342 τοὺς
664 5276 1046 5346 διαλογισμοὺς
1074 5276 1187 5330 τῶν
1208 5276 1533 5347 ἀνθρώπων,
1555 5276 1636 5330 ὅτι
1670 5276 1806 5329 είσὶν

231 5366 475 5442 μάταιοι.
505 5391 523 5423 ι
553 5371 663 5424 Καί
683 5387 697 5400 ο
731 5389 749 5420 ι
776 5368 980 5437 Κύριος
1008 5368 1354 5433 διασκεδάζει
1387 5367 1580 5439 βουλὰς
1612 5367 1802 5433 ἐθνῶν,

227 5462 415 5519 ἀθετεῖ
440 5463 497 5516 δὲ
527 5462 822 5534 λογισμοὺς
846 5461 1015 5529 λαῶν,
1041 5461 1137 5515 καὶ
1167 5460 1351 5517 ἀθετεῖ
1384 5459 1582 5531 βουλὰς
1608 5460 1801 5532 ἀρχόν-

335 5642 380 5675 ⁸³
403 5642 538 5697 Luc.
589 5660 700 5709 xw,
749 5644 835 5699 15.
936 5641 983 5673 ⁸⁸
1020 5640 1210 5697 Matth.
1241 5657 1396 5709 xvm,
1445 5645 1497 5698 5.

232 5714 277 5746 "
310 5714 470 5769 Prov.
512 5729 679 5776 xxvn,
712 5714 762 5768 1.
840 5713 885 5744 ’θ
904 5712 1067 5767 Prov.
1109 5728 1181 5770 IX.
1219 5713 1304 5766 12.

571 5812 847 5872 Ριτιιοι..
894 5810 1014 5873 Gn.
1059 5809 1361 5875 LXXXIX
1378 5852 1398 5873 .

1606 5643 1652 5675 ³³
1684 5643 1817 5700 ibid.
1843 5643 1897 5700 ι.

1401 5716 1445 5747 ³³
1472 5717 1634 5771 Prov.
1666 5732 1809 5784 xxvi,
1838 5715 1923 5771 12.

1905 5114 2058 5168 spem
2084 5114 2197 5169 prae
2229 5101 2323 5155 illo
2356 5102 2595 5159 habebat
2621 5107 2826 5163 stultus
2851 5110 2917 5164 ⁹¹.
2963 5131 2980 5163 ι
3010 5112 3251 5171 Rursum
3278 5136 3291 5171 :
3326 5138 3344 5171 ι
3384 5120 3485 5175 Sa-

1903 5191 2062 5260 piens
2091 5192 2234 5262 apud
2262 5196 2619 5266 semetipsum
2658 5200 2743 5254 vir
2792 5201 2965 5271 dives,
3028 5221 3240 5278 pauper
3298 5221 3483 5267 autem

1904 5284 2217 5355 intelligens
2240 5286 2633 5344 condemnabit
2660 5307 2787 5346 eum
2834 5296 2901 5347 ".
2943 5315 2960 5346 ι
3015 5297 3196 5354 Item:
3252 5298 3277 5353 ἰ
3307 5302 3483 5359 Filius

1903 5375 2078 5429 malus
2100 5375 2367 5433 sublimes
2387 5379 2558 5439 habet
2586 5383 2797 5449 oculos,
2834 5386 3114 5457 palpebris
3149 5400 3333 5448 autem
3368 5395 3479 5449 suis

1900 5466 2184 5521 extollitur
2219 5470 2287 5523 ".
2325 5488 2345 5523 ›
2382 5469 2586 5528 Scribit
2613 5482 2668 5529 et
2710 5475 2946 5533 Iacobus
2977 5497 2989 5533 :
3041 5501 3059 5534 ι
3093 5482 3252 5539 Nunc
3296 5494 3482 5541 autem

2013 5647 2060 5678 ⁸⁸
2090 5649 2252 5704 Prov.
2281 5665 2378 5715 xu,
2413 5649 2499 5703 15.
2612 5651 2657 5683 ⁸⁷
2699 5653 2857 5707 Prov.
2896 5671 2977 5718 nt,
3008 5658 3058 5711 5.
3173 5660 3217 5692 ⁸⁸
3245 5660 3382 5716 ibid.
3419 5662 3479 5719 7.

2036 5719 2081 5750 ⁸³
2110 5720 2276 5777 Prov.
2299 5737 2489 5789 xxvnl,
2516 5721 2601 5776 11.
2679 5724 2902 5780 “Prov.
2939 5743 3060 5795 xxx,
3100 5729 3183 5783 15.

3116 5823 3192 5883 50
