4028 6524
511 306 665 372 1579'

1776 296 2145 361 ANTIOCHI
2184 296 2528 358 MONACHI

3614 307 3728 373 1580

504 421 793 479 exsultatis
848 419 903 473 in
962 415 1243 488 superbiis
1288 414 1509 470 vestris.
1550 411 1744 469 Omnis
1796 411 2093 466 exsultatio

2203 425 2325 461 των.
2365 427 2383 459 ι
2416 409 2543 472 Τοῖς
2579 408 2635 462 δὲ
2676 409 2987 481 Κορινθίοις
3025 412 3053 464 0
3090 409 3297 477 Παῦλος
3324 429 3335 441 ·
3369 432 3386 464 ι
3414 413 3572 484 Κάγὼ
3589 419 3735 475 ἐλθὼν

508 515 632 571 talis
660 512 898 583 maligna
928 519 1010 565 est
1034 510 1103 561 νδ.
1140 528 1157 560 ι
1192 507 1396 562 Eodem
1426 504 1707 575 conspirat
1743 503 1876 557 illud
1900 503 2052 558 Pauli
2078 520 2088 555 :

514 628 530 658 ι
553 604 731 661 Nolite
754 618 877 659 esse
901 600 1201 671 prudentes
1224 596 1370 667 apud
1394 595 1873 665 \‘(lSIIlCleSOS”J
1902 593 2089 649 Isaias:

513 717 532 751 ι
562 698 651 752 Vae
678 697 773 767 qui
803 693 1107 765 prudentes
1135 690 1269 745 estis
1316 688 1462 758 apud
1508 686 1894 755 vosmetipsos,
1941 695 1996 739 et
2038 684 2095 739 in

506 796 805 859 conspectu
836 792 1022 842 vestro
1049 784 1287 839 scientes
1309 780 1376 833 ’°.
1409 799 1428 831 ι
1462 778 1672 834 Psaltes
1707 777 1838 831 item
1870 775 2090 846 regius:

515 900 532 931 ι
545 878 812 934 Dominus
838 875 941 931 scit
957 872 1323 944 cogitationes
1336 869 1645 933 hominum,
1663 865 1925 936 quoniam
1944 879 2097 919 vana:

509 977 639 1024 sunt
667 968 734 1020 '7.
762 985 779 1017 ι
815 967 921 1020 Ει;
960 982 978 1016 ι
1008 963 1277 1017 Dominus
1302 959 1537 1029 dissipat
1565 956 1796 1013 consilia
1825 955 2094 1027 gentium,

509 1058 769 1131 reprobat
796 1066 981 1111 autem
1008 1054 1375 1125 cogitationes
1410 1051 1763 1121 populorum,
1803 1058 1862 1104 et
1908 1062 2099 1118 repro-

508 1152 604 1206 bat
635 1147 867 1204 consilia
896 1146 1212 1217 principum
1248 1142 1314 1197 ’⁸.
1355 1162 1374 1195 ι
1407 1140 1713 1197 Corinthiis
1744 1154 1845 1209 per
1876 1137 2097 1206 Episto-

509 1243 619 1297 lam
665 1241 913 1297 Paulus:
971 1258 989 1291 ι
1018 1239 1087 1293 Et
1134 1252 1256 1309 ego,
1311 1236 1408 1301 ait,
1453 1233 1676 1305 quando
1724 1231 1849 1288 veni
1880 1231 1948 1286 ad
1977 1245 2095 1295 vos,

510 1335 733 1399 fratres,
768 1349 879 1388 non
908 1331 1033 1387 veni
1064 1331 1119 1385 in
1159 1329 1503 1385 sublimitate
1553 1326 1827 1383 sermonis
1870 1331 1966 1379 aut
2014 1339 2100 1379 sa-

510 1425 754 1497 pientiae,
784 1423 1121 1478 annuntians
1144 1420 1323 1476 vobis
1350 1419 1675 1491 mysterium
1707 1416 1937 1474 Christi.
1978 1413 2099 1470 Non

510 1515 916 1587 enimjudicavi
941 1530 1027 1570 me
1058 1513 1267 1584 aliquid
1304 1511 1449 1568 scire
1473 1510 1620 1567 inter
1647 1524 1747 1565 vos
1776 1509 1883 1565 nisi
1910 1508 2100 1565 Jesum

510 1611 817 1677 Christum,
870 1620 927 1665 et
972 1609 1122 1663 hunc
1152 1605 1475 1662 cruciﬁxum
1513 1621 1528 1671 ;
1559 1612 1620 1660 et
1648 1620 1750 1674 ego
1780 1603 1837 1657 in
1870 1602 2101 1657 inﬁrmi-

515 1714 624 1760 tate
653 1712 709 1760 et
744 1702 802 1758 in
828 1703 1027 1757 timore
1052 1709 1109 1755 et
1135 1710 1373 1756 tremore
1396 1698 1474 1753 fui
1500 1697 1569 1752 ad
1598 1711 1699 1752 vos
1715 1698 1783 1751 '9.
1808 1714 1827 1748 ι
1861 1694 2098 1751 Inducit:

2198 500 2334 571 πρὸς
2362 499 2527 570 ὑμᾶς,
2566 501 2810 570 ἀδελφοὶ,
2842 498 3007 574 ἦλθον
3035 502 3096 556 οὐ
3136 502 3257 558 καθ’
3286 505 3550 581 ύπεροχὴν
3577 508 3736 579 λόγου,

2197 590 2230 661 ἢ
2266 592 2482 661 σοφίας,
2534 594 2922 663 καταγγέλλων
2953 595 3086 666 ὑμῖν
3109 595 3171 648 τὸ
3200 598 3489 668 μυστήριον
3512 601 3599 653 τοῦ
3623 603 3741 675 Χρι-

2198 684 2348 738 στοῦ.
2390 685 2464 738 Οὐ
2500 687 2609 757 γὰρ
2636 686 2829 759 ἔκρινα
2866 686 3068 742 εἰδέναι
3109 688 3168 740 ἐν
3208 687 3335 757 ὑμῖν
3370 690 3416 742 εἰ
3449 690 3521 762 μὴ
3563 692 3746 762 Ἰησοῦν

2198 776 2457 847 Χριστὸν,
2487 778 2583 831 καὶ
2610 778 2802 832 τοῦτον
2844 779 3268 852 ἐσταυρωμένον
3297 796 3314 813 ο
3347 782 3496 850 κάγὼ
3523 784 3578 837 έν
3604 786 3748 840 ἀσθε-

2198 866 2316 938 νείᾳ
2340 868 2435 920 καὶ
2467 870 2524 920 ὲν
2550 868 2703 939 φόϐῳ
2721 870 2816 922 καὶ
2830 870 2888 925 ἐν
2910 870 3101 942 τρόμῳ
3122 870 3389 943 ἐγενόμην
3411 872 3541 944 πρὸς
3560 875 3705 945 ὑμᾶς.
3728 895 3744 928 ι

2200 959 2310 1011 Καὶ
2341 958 2537 1028 ἐπάγει
2570 977 2583 991 ·
2622 980 2639 1013 ι
2681 961 2798 1015 Ούκ
2827 964 2884 1016 ἐν
2906 962 3178 1027 διδακτοῖς
3212 963 3552 1037 ἀνθρωπίνης
3582 970 3752 1036 σοφίας

2199 1051 2402 1121 λόγοις,
2445 1052 2563 1105 ἀλλ’
2606 1054 2665 1108 ὲν
2698 1053 2968 1119 διδακτοῖς
2997 1055 3338 1127 Πνεύματος,
3394 1063 3755 1128 πνευματικοῖς

2200 1144 2558 1216 πνευματικά
2596 1146 3005 1218 συγκρίνοντες.
3037 1148 3284 1219 Ψυχικὸς
3321 1148 3379 1203 δὲ
3415 1148 3679 1220 ἄνθρωπος
3703 1154 3755 1206 οὐ

2199 1238 2417 1309 δέχεται
2447 1239 2517 1293 τά
2546 1239 2643 1293 τοῦ
2683 1240 3006 1311 Πνεύματος
3027 1239 3123 1295 τοῦ
3146 1240 3304 1297 Θεοῦ.
3329 1243 3525 1314 Μωρία
3546 1244 3647 1315 γὰρ
3672 1246 3757 1299 αὖ·

2200 1330 2277 1400 τῷ
2309 1330 2484 1395 ἔσται,
2516 1332 2612 1386 καὶ
2644 1332 2707 1385 οὐ
2745 1332 2973 1388 δύναται
3002 1334 3227 1403 γνῶναι,
3270 1335 3351 1388 ὅτι
3402 1338 3759 1407 πνευματικῶς

2203 1423 2581 1494 ἀνακρίνεται.
2663 1424 2721 1478 '0
2775 1424 2834 1478 δὲ
2885 1426 3262 1495 πνευματικὸς
3337 1426 3610 1499 ἀνακρίνει
3677 1430 3758 1497 μὲν

2202 1516 2407 1579 πάντα,
2449 1518 2616 1582 αὐτὸς
2642 1517 2701 1571 δὲ
2728 1516 2822 1571 ὑπ’
2852 1518 3068 1581 οὐδενὸς
3103 1520 3476 1591 ἀνακρίνεται.
3505 1538 3524 1572 ι
3551 1522 3654 1575 Καὶ
3672 1524 3762 1575 πά-

2202 1606 2290 1661 λιν
2320 1626 2333 1640 ·
2370 1627 2389 1661 ι
2424 1609 2760 1680 Πεποίθησιν
2791 1610 2849 1663 δὲ
2870 1610 3130 1683 τοιαύτην
3157 1610 3357 1683 ἔχομεν
3377 1611 3511 1682 πρὸς
3532 1611 3616 1665 τὸν
3631 1611 3763 1677 Θεὸν,

2205 1699 2306 1769 οὐχ
2338 1698 2423 1752 ὅτι
2455 1699 2550 1769 ἀφ’
2582 1699 2794 1754 ἑαυτῶν
2829 1700 3007 1754 ἱκανοί
3042 1702 3214 1771 ἐσμεν
3248 1699 3569 1772 λογίσασθαί
3604 1718 3671 1768 τι,
3702 1700 3767 1765 ὡς

519 1815 539 1851 ι
573 1797 694 1852 Non
724 1796 780 1851 in
811 1794 991 1851 doctis
1012 1795 1269 1848 humana:
1305 1791 1595 1862 sapientiae
1641 1789 1851 1854 verbis,
1897 1787 1998 1844 sed
2046 1787 2101 1842 in

2204 1790 2267 1856 ἐξ
2311 1791 2546 1858 ἑαυτῶν,
2594 1791 2714 1846 ἀλλ’
2744 1793 2780 1865 ἡ
2820 1792 3076 1865 ἱκανότης
3110 1791 3274 1865 ἡμῶν
3304 1792 3371 1846 ὲκ
3417 1790 3511 1845 τοῦ
3548 1791 3692 1858 Θεοῦ,
3719 1793 3769 1857 ὃς

514 1889 768 1945 doctrina
798 1889 1045 1960 spiritus,
1093 1884 1481 1957 spiritualibus
1524 1883 1833 1954 spiritualia
1876 1897 2101 1951 compa-

2208 1884 2305 1937 καὶ
2331 1884 2767 1956 ἱκάνωσενήμᾶς
2820 1885 3108 1951 διακόνους
3159 1886 3358 1955 καινῆς
3402 1885 3675 1957 διαθήκης,
3718 1887 3769 1939 00

516 1992 724 2038 rantes.
756 1981 1024 2038 Animalis
1052 1988 1238 2034 autem
1268 1978 1435 2032 homo
1460 1992 1572 2031 non
1610 1975 1849 2047 percipit
1885 1990 1949 2030 ea
1970 1972 2101 2044 "qua:

2207 1977 2562 2050 γράμματος,
2592 1978 2732 2033 ἀλλά
2761 1980 3074 2051 πνεύματος
3100 1996 3115 2011 ·
3147 1981 3209 2035 τὸ
3247 1979 3357 2051 γὰρ
3390 1979 3621 2051 γράμμα
3654 1981 3771 2034 ἀπο-

514 2083 645 2131 sunt
666 2075 894 2146 spiritus
926 2073 1021 2128 Dei
1056 2090 1069 2126 :
1102 2071 1337 2127 stultitia
1371 2070 1518 2125 enim
1542 2077 1627 2125 est
1652 2069 1753 2135 illi,
1783 2077 1841 2123 et
1867 2084 1978 2123 non
2005 2083 2101 2138 po-

2204 2070 2430 2135 κτείνει,
2466 2070 2528 2125 τὸ
2549 2072 2603 2125 δὲ
2626 2072 2850 2142 πνεῦμα
2879 2072 3156 2138 ζωοποιεῖ.
3184 2092 3203 2126 ι
3235 2073 3350 2128 Καὶ
3373 2072 3536 2126 πάλιν
3554 2088 3568 2103 ⁸
3598 2091 3615 2124 ι
3650 2072 3771 2140 Ἐγὼ

515 2174 623 2221 test
682 2165 1024 2236 intelligere,
1086 2162 1217 2233 quia
1276 2160 1643 2231 spiritualiter
1709 2160 2101 2225 examinatur;

2206 2163 2446 2232 ἐμαυτὸν
2463 2162 2617 2217 οὔπω
2641 2162 2930 2235 λογίζομαι
2960 2164 3375 2236 κατειληφέναι,
3410 2164 3470 2217 ἒν
3496 2164 3572 2227 δὲ,
3599 2162 3663 2216 τά
3690 2162 3773 2233 μὶν

515 2256 824 2328 spiritualis
850 2263 1037 2311 autem
1066 2252 1336 2325 dijudieat
1362 2252 1569 2317 omnia,
1600 2260 1658 2305 et
1686 2249 1802 2321 ipse
1834 2266 1866 2305 a
1886 2250 2101 2306 nemine

2205 2253 2431 2308 ὄπισθεν
2474 2255 2989 2327 ἐπιλανθανόμενος,
3020 2257 3135 2320 τοῖς
3180 2255 3240 2309 δὲ
3278 2253 3592 2327 ἔμπροσθεν
3630 2254 3772 2307 έπεκ-

510 2347 790 2419 judicatur
820 2348 858 2400 ’.
895 2367 913 2400 ι
946 2347 1222 2401 Rursum:
1254 2362 1272 2395 ι
1301 2340 1705 2398 Confidentiam
1742 2342 1905 2396 talem
1937 2342 2101 2397 habe-

2210 2347 2537 2416 τεινόμενος.
2575 2367 2593 2400 ι

516 2456 641 2495 mus
664 2440 731 2495 ad
754 2441 951 2506 Deum,
980 2454 1091 2494 non
1115 2437 1265 2509 quod
1283 2434 1619 2492 sulIicientes
1647 2436 1825 2491 simus
1849 2437 2095 2507 cogitare
2134 2437 2342 2508 aliquid
2366 2456 2397 2495 a
2423 2442 2606 2508 nobis,
2636 2442 2793 2513 quasi
2851 2458 2919 2498 ex
2963 2442 3144 2517 nobis
3209 2441 3348 2512 ipsis
3377 2458 3393 2508 ;
3439 2439 3537 2495 sed
3576 2440 3773 2501 idoneos

516 2550 619 2592 nos
651 2535 780 2590 fecit
806 2534 1091 2589 ministros
1120 2533 1249 2587 novi
1280 2531 1619 2598 testamenti,
1646 2546 1757 2587 non
1778 2530 1983 2593 littera,
2010 2531 2106 2586 sed
2144 2532 2375 2602 spiritus
2406 2534 2627 2590 :littera
2658 2536 2807 2591 enim
2873 2535 3097 2602 occidit,
3129 2536 3365 2607 spiritus
3416 2544 3597 2590 autem
3620 2534 3772 2588 vivifr

516 2638 616 2683 eat
641 2630 682 2682 ’.
725 2645 742 2678 ι
788 2625 993 2681 Iterum
1028 2644 1040 2679 :
1080 2643 1098 2677 ι
1132 2626 1246 2696 Ego
1271 2641 1358 2681 me
1389 2627 1571 2697 ipsum
1598 2624 1845 2680 nondum
1879 2623 2121 2679 arbitror
2159 2627 2647 2696 comprehendisse
2678 2647 2694 2687 :
2724 2646 2894 2686 unum
2926 2640 3136 2694 autem,
3202 2646 3268 2685 ea
3333 2644 3459 2701 qua:
3488 2638 3611 2684 sunt
3648 2636 3773 2682 retro

522 2722 883 2786 obliviscens;
915 2720 983 2775 ad
1009 2735 1072 2775 ea
1105 2734 1236 2775 vero
1264 2734 1389 2789 qua:
1412 2726 1543 2773 sunt
1569 2718 1781 2789 priora,
1807 2715 2114 2773 extendens
2152 2719 2430 2790 meipsum
2467 2720 2508 2775 ³.
2548 2742 2564 2773 ι

590 2840 735 2894 Sane
762 2836 905 2891 hanc
932 2833 1185 2905 Apostoli
1217 2830 1545 2886 modestiam
1574 2845 1695 2886 sese
1725 2829 1792 2885 ad
1823 2845 1950 2884 eum
1983 2844 2101 2885 mo-

2283 2833 2675 2906 Μιμησώμεθα
2708 2831 2823 2901 οῦν,
2861 2836 3104 2905 ἀδελφοὶ,
3147 2836 3249 2907 τὴν
3297 2836 3773 2909 ταπεινοφροσύνην

519 2934 652 2989 dum
678 2928 1023 2986 demittentis
1050 2941 1153 2998 pro
1194 2924 1366 2991 virili,
1410 2924 1629 2988 fratres,
1686 2922 1988 2985 imitemur.
2041 2937 2101 2978 ac

2212 2923 2308 2979 τοῦ
2352 2926 2705 2995 Ἀποστόλου,
2736 2929 2832 2982 καὶ
2858 2928 3271 2999 ἀποδαλώμεθα
3291 2929 3355 2984 τὸ
3396 2930 3541 3001 μέγα
3587 2932 3773 3004 φρονεῖν

520 3024 841 3080 desinamus
869 3018 1159 3089 magniﬁce
1178 3016 1247 3072 de
1266 3016 1429 3071 nobis
1461 3015 1597 3086 ipsis
1630 3013 1836 3069 sentire
1870 3013 1941 3067 ob
1967 3028 2101 3084 qua-

2213 3018 2309 3072 ὲπὶ
2338 3021 2406 3092 τῇ
2439 3020 2654 3076 ἑαυτῶν
2697 3022 2861 3096 σοφίᾳ
2892 3020 2989 3077 καὶ
3042 3022 3258 3075 συνέσει
3294 3038 3311 3053 ο
3345 3022 3663 3096 φοϐούμενοι
3686 3024 3772 3095 μά-

521 3118 854 3184 lcmcunque
878 3110 1042 3165 nobis
1095 3108 1366 3163 indultam
1420 3105 1745 3177 sapientiam
1800 3113 1856 3160 et
1901 3105 2101 3161 intelli-

2211 3110 2371 3167 λιστα
2394 3112 2493 3185 τὴν
2524 3094 2847 3190 παραϐολὴν
2872 3116 2966 3171 τοῦ
3003 3116 3235 3187 Κυρίου,
3268 3116 3376 3189 τὴν
3415 3094 3548 3191 περὶ
3573 3119 3659 3174 τοῦ
3689 3136 3770 3190 με·

521 3208 781 3281 gcntiam,
812 3203 1075 3275 parabola
1105 3201 1355 3257 exterriti
1382 3216 1544 3271 quam
1590 3200 1809 3255 induxit
1845 3200 2101 3254 Dominus

2212 3202 2489 3275 γαλαύχου
2519 3205 2839 3279 Φαρισαίου,
2865 3206 2961 3261 καὶ
2990 3205 3086 3261 τοῦ
3115 3205 3381 3263 τελώνου.

521 3303 590 3357 de
619 3298 900 3355 Pharisan
929 3310 1049 3352 sese
1085 3293 1381 3367 gloriosius
1433 3291 1753 3348 venditante
1786 3302 1950 3363 atque
2001 3291 2109 3347 Pu-

520 3391 758 3446 blieano.

593 3484 683 3538 Ait
711 3481 860 3537 enim
896 3499 909 3535 :
962 3500 980 3533 ι
1027 3479 1192 3536 Stans
1226 3479 1535 3535 Pharisaeus
1571 3477 1716 3549 apud
1752 3478 2108 3549 semetipsum

523 3574 637 3628 haec
671 3570 865 3627 orabat
896 3588 909 3625 :
961 3570 1127 3633 Deus,
1160 3569 1361 3640 gratias
1388 3583 1490 3639 ago
1528 3567 1649 3633 tibi,
1690 3567 1819 3638 quia
1843 3583 1953 3622 non
1986 3583 2108 3623 sum

522 3665 669 3720 sicut
704 3662 897 3718 caateri
929 3661 1237 3726 hominum,
1271 3668 1541 3730 raptores,
1574 3660 1786 3731 injusti,
1817 3668 1913 3713 aut
1942 3660 2109 3714 etiam

524 3766 585 3810 ut
614 3755 705 3810 hic
730 3753 1060 3825 publicanus
1086 3769 1101 3819 ;
1143 3751 1480 3807 Publicanus
1509 3758 1703 3805 contra
1757 3750 2109 3820 percutiebat

522 3856 728 3920 pectus
764 3862 950 3911 suum,
983 3845 1179 3899 dicens
1213 3859 1229 3899 :
1280 3843 1449 3905 Deus,
1472 3842 1746 3913 propitius
1801 3852 1920 3897 esto
1972 3842 2107 3897 mihi

522 3939 798 4011 peccatori
830 3939 873 3992 ⁸.
906 3957 925 3990 ι
967 3936 1187 3993 Inducit
1214 3953 1227 3989 :
1275 3955 1293 3987 ‹
1326 3935 1458 3990 Dico
1493 3936 1669 3998 vobis,
1698 3934 1987 3990 descendit
2018 3935 2111 3990 hic

518 4031 854 4104 justiﬁeatus
882 4030 940 4085 in
972 4028 1201 4085 domum
1227 4044 1382 4084 suam
1414 4027 1585 4099 magis
1618 4042 1784 4098 quam
1816 4027 1947 4093 ille;
1980 4027 2108 4098 quia

522 4127 704 4181 omnis
724 4126 819 4197 qui
850 4139 911 4180 se
949 4122 1177 4188 exaltat,
1210 4120 1636 4187 humiliabltur;
1666 4130 1723 4176 et
1762 4122 1856 4190 qui
1905 4137 1964 4176 se
2002 4120 2109 4175 hu-

523 4218 720 4283 miliat,
753 4215 1087 4272 exaltabitur
1121 4215 1163 4267 ⁸.
1210 4230 1227 4265 ι
1269 4212 1377 4284 Ipsi
1405 4211 1577 4284 gloria
1619 4210 1675 4267 in
1706 4212 1902 4266 saecula
1933 4226 2107 4267 saecu-

520 4311 723 4366 lorum.
750 4310 945 4366 Amen.

914 4422 1126 4495 1103
1182 4419 1466 4478 HOMILIA
1503 4419 1708 4475 XLVII.

902 4539 1178 4593 Neminem
1228 4537 1413 4591 debere
1446 4538 1727 4590 contemni.

2279 3472 2448 3542 Φησ¹ιν
2496 3474 2606 3545 γάρ
2630 3490 2643 3505 ο
2684 3490 2703 3526 ι
2729 3475 2955 3539 Σταθεὶς
2991 3478 3020 3531 0
3066 3478 3391 3551 Φαρισαῖος,
3436 3480 3571 3551 πρὶς
3608 3480 3772 3533 ἑαυτὸν

2210 3561 2384 3616 ταῦτα
2414 3563 2613 3635 ηὔχετο
2638 3565 2727 3619 ’Ὀ
2757 3566 2911 3632 Θεὸς,
2944 3566 3256 3640 εὐχαριστῶ
3296 3587 3403 3637 σοι,
3435 3570 3516 3624 ὃτι
3538 3571 3631 3623 οὐκ
3656 3571 3769 3639 εἰμὶ,

2208 3655 2284 3718 ώς
2311 3656 2360 3708 οί
2399 3655 2575 3709 λοιποὶ
2603 3657 2714 3711 τῶν
2740 3656 3068 3731 ἀνθρώπων,
3108 3661 3390 3732 ἅρπαγες,
3424 3662 3617 3725 ἄδικοι,
3650 3661 3770 3735 [μοι-

2209 3746 2340 3818 xol],
2384 3747 2418 3817 ἢ
2464 3749 2559 3803 καὶ
2597 3750 2673 3812 ὠς
2710 3744 2867 3815 οὗτος
2917 3752 2946 3804 0
3004 3752 3271 3823 τελώνης.
3345 3753 3407 3807 '0
3459 3755 3517 3809 δὲ
3565 3754 3773 3824 τελώνης

2210 3836 2442 3891 ἔτυπτεν
2477 3839 2538 3893 τὸ
2576 3840 2773 3910 στῆθος
2822 3844 2989 3897 αὑτοῦ
3019 3844 3195 3915 λέγων
3229 3863 3243 3877 ·
3264 3844 3327 3900 '0
3365 3846 3521 3912 Θεὸς,
3557 3846 3773 3915 ἱλάσθητί

2213 3948 2302 4002 μοι
2345 3931 2424 4002 τῷ
2455 3933 2789 4006 ἁμαρτωλῷ.
2822 3954 2841 3987 r
2877 3937 2983 3989 Kal
3014 3938 3211 4007 ἐπάγει
3241 3955 3316 3991 ὀ(
3354 3939 3515 4007 Λέγω
3543 3940 3680 4009 ὑμῖν,
3706 3939 3772 3991 ὃτι

2211 4023 2418 4093 κατέϐη
2442 4017 2612 4094 ίοῦτος
2642 4026 3067 4099 δεδικαιωμένος
3112 4031 3194 4093 είς
3223 4030 3320 4085 τὸν
3362 4027 3515 4085 οἶκον
3552 4030 3771 4099 αὐτοῦ,ἢ

2210 4115 2436 4179 ἐκεῖνος.
2466 4115 2592 4170 Ὅτι
2641 4120 2751 4182 πᾶς
2792 4120 2820 4171 ὁ
2867 4119 3019 4189 ὑψῶν
3068 4120 3260 4175 ἑαυτὸν
3308 4123 3769 4193 ταπεινωθήσεται,

2210 4207 2305 4261 καὶ
2337 4208 2366 4262 0
2396 4210 2665 4265 ταπεινῶν
2695 4212 2911 4278 ἑαυτὸν,
2941 4213 3317 4285 ὑψωθήσεται.
3362 4235 3381 4268 ι
3421 4216 3581 4289 Αύτῷ
3611 4217 3641 4287 ή
3666 4214 3772 4281 δόξα

2212 4299 2291 4362 είς
2320 4299 2448 4363 τοὺς
2473 4300 2700 4367 αἰῶνας.
2748 4304 2946 4376 Ἀμήν.

2819 4420 3040 4476 ΛΟΓΟΣ
3062 4421 3195 4476 MZ'.

2532 4535 2672 4605 Περὶ
2701 4535 2807 4591 τοῦ
2829 4533 2916 4605 μὴ
2949 4534 3299 4601 ἐξουθενεῖν
3329 4536 3486 4590 τινα.

592 4656 924 4726 Neutiquam
968 4653 1049 4709 Ias
1087 4653 1159 4708 sit
1192 4651 1366 4707 ullum
1403 4650 1690 4706 hominum
1729 4657 2101 4715 contemnere,

2288 4649 2364 4705 Οὐ
2395 4650 2616 4721 θεμιτόν
2646 4651 2795 4704 ἐστιν
2834 4648 3136 4715 ὲξουθενεῖν
3167 4665 3312 4715 τινα,
3352 4650 3387 4720 ἢ
3429 4648 3771 4716 εύτελίζειν,ῆ

523 4758 619 4804 aut
648 4748 802 4803 illius
842 4746 1184 4801 imminuere
1219 4741 1444 4807 famam,
1493 4750 1589 4796 aut
1641 4750 1791 4795 certe
1841 4740 2101 4796 adversus

2206 4745 2528 4816 ἐπαίρεσθαι
2549 4745 2694 4798 κατά
2723 4760 2889 4808 τινος,
2912 4744 2987 4807 ώς
3023 4743 3105 4796 ὅτι
3142 4740 3363 4814 ίδιώτης
3393 4744 3565 4809 ἐστὶν,
3592 4741 3622 4814 ἢ
3648 4740 3773 4798 ἀνεί-

523 4840 693 4894 alium
730 4852 852 4893 sese
883 4835 1083 4891 ell‘erre
1132 4832 1509 4904 impotentius,
1553 4839 1683 4902 puta
1735 4832 1881 4901 quod
1938 4831 2101 4886 idiota

2204 4838 2344 4905 δεος,
2366 4835 2658 4908 ἢὰμαθὴς,
2677 4834 2710 4907 ἢ
2729 4835 2957 4906 ἀμελὴς,
2976 4836 3009 4908 ἢ
3029 4837 3377 4909 ἁμαρτωλὸς,
3394 4840 3428 4911 ἢ
3447 4839 3575 4908 περὶ
3595 4836 3774 4905 οίουδή·

524 4935 615 4993 sit.
646 4947 751 4987 nec
785 4939 909 5002 agat
935 4944 1035 4999 pro
1072 4933 1343 4999 potestate
1381 4924 1475 4981 sed
1516 4926 1784 4995 privatus,
1840 4933 1936 4977 aut
1980 4926 2101 4994 quia

2210 4946 2344 4983 ποτε
2399 4928 2751 4999 πράγματος.
2810 4927 2917 4993 Οὓς
2978 4929 3089 5001 γὰρ
3158 4934 3322 5002 ἡμεῖς
3385 4929 3769 5001 ὲξουθενοῦμεν,

524 5025 793 5081 deformis
823 5033 930 5088 est,
964 5029 1255 5076 cunctator
1281 5026 1339 5074 et
1372 5018 1623 5089 ignavus,
1654 5025 1934 5086 peccator,
1956 5016 2101 5072 rudis

2208 5023 2433 5084 τούτους
2460 5023 2489 5075 0
2518 5020 2649 5084 Θεὸς
2681 5021 3000 5091 ὲπιλέγεται
3020 5041 3032 5053 ·
3074 5027 3168 5078 καὶ
3197 5024 3292 5089 οὓς
3338 5027 3506 5096 ἡμεῖς
3531 5024 3771 5088 εὐτελίζο-

523 5128 581 5174 et
614 5117 820 5171 inscius
850 5116 1186 5179 litterarum,
1221 5112 1464 5183 denique
1513 5112 1587 5167 ob
1627 5114 1860 5168 similem
1916 5127 2101 5183 quam-

2214 5132 2336 5184 μεν,
2360 5113 2586 5178 τούτους
2602 5114 2630 5166 0
2654 5114 2787 5179 Θεὸς
2811 5118 2893 5180 είς
2917 5115 3116 5189 μέτρον
3136 5117 3259 5186 ἄγει
3280 5137 3295 5149 ·
3322 5120 3486 5191 πλὴν,
3508 5121 3555 5173 εί
3572 5121 3774 5188 εἴληφας

525 5224 744 5278 cunque
821 5204 1277 5272 causam..Quos
1334 5204 1482 5259 enim
1543 5202 1681 5257 nihil
1732 5202 1989 5257 ducimus
2057 5212 2101 5257 el

2212 5206 2462 5278 χάρισμα
2494 5207 2890 5276 πνευματικὸν,
2919 5208 3012 5260 καὶ
3031 5206 3191 5276 λόγον
3218 5210 3434 5277 σοφίας,
3460 5210 3492 5281 ἢ
3525 5209 3770 5279 γνώσεως,

524 5314 909 5373 aspernamur,
945 5299 1092 5353 Deus
1127 5297 1429 5353 clementer
1464 5304 1756 5367 respectat,
1788 5304 1845 5351 et
1874 5309 2101 5365 quorum

2213 5297 2245 5366 ἢ
2274 5296 2626 5360 διδασκαλίας
2653 5298 2685 5364 ἢ
2721 5296 3079 5368 προφητείας,
3112 5298 3145 5369 ἢ
3171 5297 3471 5363 διακονίας,
3508 5299 3649 5367 εύλςγ
3668 5297 3772 5367 ητὸς

526 5390 913 5450 imminuimus
947 5391 1170 5456 famam,
1221 5391 1346 5446 illos
1397 5390 1494 5445 Dei
1537 5389 1848 5460 benignitas
1893 5396 2101 5443 revocat

2210 5390 2239 5443 0
2272 5387 2403 5451 Θεὸς
2432 5387 2461 5440 0
2488 5387 2862 5459 πάμπλουτος.
2894 5380 2912 5440 ἆ
2948 5391 2977 5442 0
3006 5388 3160 5456 Θεὸς,
3220 5393 3248 5444 ὀ
3279 5392 3455 5456 διδοὺς
3500 5393 3657 5445 πᾶσιν
3693 5391 3773 5442 ἀν-

524 5486 594 5541 ad
629 5484 969 5541 moderatam
998 5484 1126 5538 vitae
1166 5482 1509 5554 temperiem.
1544 5482 1758 5536 Rursus
1795 5500 1807 5536 :
1859 5479 1915 5536 Si
1962 5481 2101 5535 ouod

2215 5479 2479 5552 θρώποις,
2506 5481 2603 5535 καὶ
2636 5479 2714 5551 μὴ
2757 5480 3057 5547 ὀνειδίζων.
3094 5502 3113 5535 ι
3177 5484 3249 5537 Σὺ
3291 5480 3381 5538 οὖν
3441 5485 3517 5556 μὴ
3560 5480 3768 5551 ἐπαίρου

601 5694 648 5727 ’⁵
676 5691 793 5749 Jac.
836 5692 910 5753 iv,
961 5687 1048 5742 16.
1146 5687 1191 5719 ⁸⁸
1219 5686 1376 5741 Rom.
1430 5644 1530 5751 su,
1570 5686 1656 5740 16.
1769 5684 1815 5717 ’⁸
1841 5684 1945 5739 Isa.
1980 5700 2033 5749 v,
2068 5682 2101 5736 2

2236 5682 2280 5715 ⁸⁷
2310 5681 2453 5737 Psal.
2485 5696 2635 5747 xcut.
2665 5684 2753 5738 ll.
2831 5684 2879 5715 ”
2901 5684 3046 5741 Psal.
3079 5701 3252 5751 χχιιι,
3277 5685 3360 5739 10.
3437 5686 3483 5718 ’⁸
3515 5684 3533 5739 l
3563 5683 3680 5739 Cor.
3704 5700 3757 5747 ιι,

532 5766 585 5835 1,
622 5764 675 5820 2.
760 5766 774 5794 ¹
812 5752 948 5819 ibid.
975 5757 1147 5825 4,1ι1,
1181 5758 1267 5813 15.
1347 5758 1367 5787 ³
1396 5757 1439 5813 11
1468 5756 1596 5812 Cor.
1629 5774 1708 5822 ιιι,
1742 5757 1863 5811 4-6.
1945 5756 1963 5788 ⁸
1995 5754 2094 5810 I’lti

2203 5769 2234 5807 ι.
2264 5768 2342 5820 ιιι,
2376 5753 2464 5811 15.
2543 5756 2565 5786 ⁸
2596 5753 2728 5811 Luc.
2762 5772 2914 5826 xvnt,
2961 5756 3149 5813 Il-l3.
3225 5759 3246 5790 ⁵
3276 5756 3408 5814 ibid.
3440 5756 3526 5812 14.
