4028 6544
353 306 483 373 1581
1048 306 1376 367 HOMILIA
1414 304 2086 367 XLVII.—NEMINEM
2126 305 2426 365 DEBERE
2462 304 2874 366 CONTEMNI.
3450 300 3588 367 1582

351 420 492 475 κατά
511 417 606 473 τοῦ
638 416 885 488 πλησίον,
922 416 1045 469 ἐπεὶ
1070 415 1146 467 οὔ
1170 413 1479 484 παραμένει
1507 430 1590 465 σοι
1634 414 1669 483 ή
1718 413 1876 483 χάρις
1904 428 1917 442 ·
1949 459 1956 473 ε

2060 415 2279 484 ccepisti
2319 415 2603 484 spirituale
2652 413 2880 476 donum,
2930 418 3086 481 puta,
3135 426 3443 470 sermonem
3498 431 3589 471 sa-

351 514 412 567 ού
444 512 785 583 βδελύττεται
829 508 938 580 γάρ
968 509 1095 571 τοὺς
1135 506 1433 570 τοιούτους.
1476 506 1739 577 Χάρισμα
1777 504 1920 575 ἔχεις

2062 505 2261 572 ientiae,
2298 515 2394 561 aut
2424 506 2689 570 scientiae,
2715 513 2809 559 aut
2833 503 3118 569 doctrinae,
3142 513 3238 559 aut
3268 507 3589 577 prophetiae,

353 605 507 675 παρά
552 604 793 677 Κυρίου,
839 600 1159 670 διακόνησον
1195 600 1309 662 τοῖς
1360 600 1773 669 πνευματικοῖς,
1811 598 1924 660 τοῖς

2060 607 2118 653 ιιι
2144 599 2590 664 ministrationis,
2618 598 2947 653 benedictus
2990 598 3137 652 Deus
3157 613 3255 668 per
3283 600 3467 654 omnia
3509 600 3594 655 di-

356 697 739 767 γινὼσκουσιν,
769 696 851 749 ὅτι
878 693 913 748 ἃ
939 692 1141 761 λέγεις,
1174 691 1383 762 Κυρίου
1416 691 1585 756 ἐστὶν,
1614 690 1694 749 είς
1722 688 1926 742 οἰκοδο-

2060 708 2120 748 es
2153 710 2166 745 :
2205 711 2223 744 ι
2256 693 2421 759 Deus,
2454 692 2700 761 inquam,
2734 691 2828 761 qui
2857 689 2951 745 dat
2978 688 3235 745 omnibus
3254 689 3593 753 hominibus,

359 786 466 858 μὴν
491 788 590 854 τῆς
615 785 673 839 ὲν
700 784 922 856 Χριστῷ
970 780 1349 852 ἀδελφότητος,
1388 782 1447 834 ὲν
1480 780 1629 852 πάσῃ
1671 796 1925 835 ταπεινοί-

2065 796 2128 838 ec
2148 782 2487 852 improperat
2508 783 2551 835 °.
2581 800 2600 833 ι
2635 781 2759 836 Tibi
2782 779 3006 836 interim
3029 780 3500 852 prospiciendum.
3525 796 3595 837 ne

357 877 600 950 φροσύνῃ
633 876 731 930 καὶ
759 876 1030 948 πραότητι
1058 889 1073 904 ⁸
1101 874 1239 945 ὅπερ
1268 873 1415 928 ἐστὶν
1446 872 1612 927 καλὸν
1654 872 1751 925 καὶ
1785 869 1928 940 ὠφέ-

2060 878 2247 947 uando
2278 877 2385 932 hoc
2423 877 2645 931 nomine
2695 875 2913 931 elevere
2971 875 3236 930 adversus
3288 873 3597 944 proximum

356 967 514 1037 λιμον
552 968 663 1030 τοῖς
707 964 1034 1036 ἀνθρώποις.
1062 962 1380 1033 Γέγραπται
1409 960 1465 1013 δὲ
1498 962 1556 1013 ὲν
1577 960 1699 1023 ταῖς
1719 958 1926 1028 Παροι-

2060 968 2378 1023 nsolentius.
2414 967 2609 1022 Isthzec
2640 966 2790 1021 enim
2837 966 3029 1037 gratia,
3082 981 3207 1021 cum
3265 966 3599 1035 temporaria

362 1057 553 1129 μίαις’
596 1076 614 1108 ι
649 1056 742 1126 Μὴ
791 1053 1083 1125 ἐπαινέσῃς
1147 1052 1315 1122 ἄνδρα
1376 1051 1437 1105 ὲν
1492 1048 1677 1104 κάλλει
1738 1045 1928 1111 αὑτοῦ,

2060 1056 2122 1121 ἱι,
2151 1072 2263 1112 non
2295 1063 2381 1111 est
2408 1068 2579 1125 penes
2608 1060 2663 1109 te
2691 1068 2863 1107 unum
2902 1068 3283 1122 permansura.
3309 1052 3469 1109 Tales
3496 1053 3603 1108 Do-

359 1150 455 1201 καὶ¹
486 1146 561 1217 μὴ
594 1143 857 1216 βδελύξῃς
886 1144 1171 1214 ἄνθρωπον
1202 1145 1260 1197 ὲν
1291 1143 1482 1215 ὁράσει
1526 1140 1713 1196 αὑτοῦ.
1740 1138 1932 1209 Μικρά

2060 1148 2218 1203 ninus
2249 1144 2644 1202 abominationi
2676 1144 2844 1200 habet
2889 1154 2946 1199 et
2996 1152 3334 1200 exsecratur.
3388 1146 3604 1202 Donum

361 1236 419 1289 ὲν
452 1236 721 1299 πετεινοῖς
749 1236 784 1306 ἡ
841 1234 1105 1306 μέλισσα,
1155 1232 1252 1286 καὶ
1297 1232 1443 1303 ἀρχὴ
1482 1232 1866 1301 γλυκάσματος
1905 1232 1934 1283 6

2060 1238 2331 1308 [uodpiam
2363 1236 2560 1292 sortito
2611 1235 2900 1306 accepisti,
2957 1235 3055 1291 Dei
3108 1235 3463 1307 benignitate,
3518 1237 3606 1292 fac

361 1328 574 1399 καρπὸς
628 1327 823 1394 αὐτῆς.
857 1345 876 1378 ι
914 1326 1025 1380 Kal
1078 1324 1246 1377 πάλιν
1275 1341 1290 1357 ο
1351 1343 1369 1375 ι
1419 1323 1612 1376 Πολλοὶ
1678 1322 1933 1393 τύραννοι

2060 1329 2171 1385 llud
2203 1328 2519 1398 impertiare
2546 1326 2914 1382 communiter
2953 1336 3010 1381 et
3058 1327 3411 1384 administres
3445 1329 3608 1399 spiri-

362 1414 623 1469 ἐκάθισαν
669 1416 756 1468 ἐπ’
785 1413 1017 1482 ἐδάφους
1043 1431 1057 1445 ι
1089 1414 1118 1465 6
1157 1412 1212 1465 δὲ
1249 1412 1612 1482 άνυπονόητος
1677 1411 1937 1483 ὲφόρεσῑν

2061 1420 2297 1476 ualibus.
2332 1419 2532 1488 Utique
2556 1418 2646 1473 isti
2663 1432 2985 1487 persuasum
3005 1418 3209 1474 habent
3236 1428 3292 1476 et
3324 1436 3421 1489 pro
3453 1435 3607 1476 com-

362 1507 624 1577 διάδημα.
667 1524 686 1558 ι
723 1504 836 1559 Kal
880 1505 939 1557 ὲν
981 1507 1049 1575 τῇ
1090 1500 1284 1573 πρώτῃ
1317 1502 1425 1555 τῶν
1451 1501 1769 1566 Βασιλειῶν,
1810 1500 1939 1572 περὶ⁹

2060 1521 2216 1578 ιοτιο,
2244 1513 2373 1583 quia
2400 1525 2523 1581 quae
2552 1511 2693 1567 dicis
2726 1518 2806 1575 tu,
2842 1510 3059 1565 Domini
3092 1510 3282 1581 utique
3320 1520 3468 1578 sunt,
3520 1512 3609 1567 id-

364 1600 473 1653 τῶν
535 1597 665 1651 υἱῶν
731 1597 931 1651 Ἰεσσαὶ
977 1591 1134 1652 εἶπεν
1190 1595 1394 1668 Κύριος
1446 1594 1583 1667 πρὸς
1638 1593 1894 1666 Σαμουήλ
1921 1610 1935 1623 ·

2060 1621 2146 1677 [ue
2172 1605 2239 1660 ad
2267 1602 2712 1668 aediﬁcationem,
2740 1617 2866 1657 cum
2904 1602 3053 1657 omni
3076 1602 3345 1657 modestia
3371 1612 3427 1659 et
3452 1619 3610 1658 man-

371 1711 393 1746 ι
424 1694 517 1764 Μὴ
567 1690 867 1765 ammon;
917 1692 997 1755 εἰς
1048 1691 1148 1762 τήν
1197 1689 1319 1760 δψιν
1344 1687 1531 1756 αὑτοῦ,
1561 1686 1696 1760 μὴδὲ
1729 1689 1808 1752 εἰς
1839 1687 1939 1760 τὴν

2060 1697 2356 1761 suetudine,
2392 1695 2541 1767 quod
2569 1695 2637 1751 ad
2677 1710 3025 1751 communem
3047 1696 3291 1749 omnium
3317 1695 3465 1750 cedit
3495 1712 3612 1750 ma-

368 1784 482 1849 εξιν
511 1784 606 1838 τοῦ
641 1784 905 1854 μεγέθους
935 1781 1126 1851 αὑτοῦ,
1156 1783 1239 1836 ὃτι
1282 1780 1579 1853 ἀπώσομαι
1617 1779 1781 1835 αὐτόν
1811 1795 1825 1809 ·
1859 1780 1941 1844 ὅτι

2060 1805 2283 1863 gnopere
2325 1789 2396 1845 ad
2431 1788 2922 1844 commendandam
2970 1788 3283 1844 utilitatem.
3336 1788 3613 1859 Scriptum

370 1876 469 1946 οὐχ
502 1875 577 1939 ὼς
612 1875 709 1929 ἴδοι
747 1876 776 1928 6
818 1877 971 1941 Θεὸς,
1009 1874 1200 1946 ὄψεται
1250 1874 1538 1946 ἄνθρωπος
1563 1888 1577 1903 ’
1617 1873 1701 1927 ὅτι
1733 1872 1944 1945 ἄνθρω-

2060 1881 2246 1952 ιυίρρθ
2267 1889 2352 1934 est
2381 1878 2439 1933 in
2471 1877 2789 1934 Proverbiis
2822 1894 2836 1929 :
2900 1895 2919 1928 ι
2952 1875 3033 1932 Ne
3080 1876 3395 1932 laudaveris
3423 1876 3607 1930 virum

372 1984 474 2030 πος
509 1966 697 2036 ὄψεται
736 1967 815 2031 είς
853 1967 1164 2037 πρόσωπον,
1192 1967 1221 2020 6
1245 1966 1303 2019 δὲ
1327 1966 1459 2031 Θεὸς
1513 1966 1593 2029 εἰς
1626 1963 1875 2037 καρδίαν.
1918 1983 1937 2018 ι

373 2062 484 2113 Kal
516 2060 836 2131 παρήγαγεν
875 2059 1077 2112 Ἰεσσαὶ
1107 2060 1231 2123 τοὺς
1259 2057 1399 2111 ἑπτά
1427 2058 1575 2121 υἱοὺς
1604 2056 1792 2120 αὑτοῦ,
1819 2057 1945 2120 τοὺς

372 2150 653 2215 δυνατούς.
682 2151 795 2205 Kal
850 2150 975 2204 οὔτε
1013 2151 1111 2205 ἕνα
1150 2150 1209 2215 ἐξ
1241 2149 1422 2205 αὐτῶν
1456 2146 1740 2215 ἐξελέξατο
1771 2151 1799 2203 6
1830 2147 1945 2202 Κύ-

377 2260 512 2315 ριος,
545 2244 594 2295 εί
620 2242 695 2313 μὴ
717 2241 808 2294 τὸν
842 2242 1203 2314 μειρακίσκον
1227 2241 1412 2306 Δαυῒδ,
1442 2242 1535 2295 τὸν
1574 2242 1705 2313 παρ’
1737 2239 1945 2311 ἀνθρώ·

375 2350 496 2396 ποις
526 2333 856 2403 ἀψήφιστον,
887 2333 1038 2404 παρὰ
1064 2333 1121 2386 δὲ
1146 2332 1265 2405 Θεῷ
1294 2330 1562 2403 ψηφιστόν
1595 2349 1609 2363 ·
1640 2331 1732 2385 τὸν
1751 2332 1944 2402 πρᾶον,

375 2427 468 2479 καὶ
495 2424 770 2488 ταπεινὸν,
802 2423 831 2477 ὃ
861 2424 954 2477 καὶ
979 2424 1361 2495 ἐμαρτύρησεν
1390 2425 1420 2476 6
1446 2423 1598 2487 Θεὸς,
1625 2421 1761 2492 μετὰ
1780 2421 1948 2475 ταῦτα

374 2516 570 2586 λέγων,
613 2535 631 2569 ι
667 2511 838 2589 Εὗρον
866 2515 1028 2570 Δαυῒδ
1067 2516 1160 2569 τὸν
1201 2514 1295 2569 τοῦ
1347 2515 1566 2578 Ἰεσσαὶ,
1604 2513 1772 2585 ἄνδρα
1807 2512 1948 2567 κατὰ

373 2610 475 2681 τὴν
505 2610 733 2683 καρδίαν
759 2626 885 2681 μου.
918 2628 936 2662 ι
968 2609 1078 2663 Kal
1097 2608 1154 2661 έν
1172 2611 1239 2681 τῇ
1257 2606 1495 2679 τετάρτῃ
1521 2607 1630 2659 τῶν
1656 2604 1951 2661 Βασιλειῶν

375 2697 532 2756 εἶπεν
594 2703 825 2767 Ἡσαΐας
875 2705 903 2755 6
937 2701 1219 2772 προφήτης
1250 2700 1385 2771 πρὸς
1429 2697 1716 2763 Ἐζεκίαν*
1760 2716 1778 2748 ι
1810 2697 1949 2751 Τάδε

376 2792 526 2860 λέγει
582 2792 791 2864 Κύριος
821 2808 837 2824 ο
906 2789 1293 2859 Ἐξουδένωσέν
1335 2807 1395 2843 σε
1444 2789 1737 2861 παρθένος,
1785 2787 1952 2856 θυγά-

378 2902 486 2954 τηρ
516 2884 651 2936 Σιὼν
679 2882 774 2937 ἐπὶ
802 2883 862 2936 σὲ
892 2881 1133 2953 κεφαλήν
1178 2882 1451 2950 ἐκίνησεν.
1492 2899 1510 2932 ι
1559 2879 1672 2934 Kal
1716 2880 1910 2947 ἐπάγει
1936 2894 1949 2908 ·

386 2994 408 3028 ι
437 2975 551 3028 Οὐκ
569 2972 932 3026 εἰσελεύσεται
952 2974 1030 3034 είς
1054 2971 1154 3040 τὴν
1177 2970 1329 3023 πόλιν
1349 2968 1569 3038 ταύτην.
1596 2967 1704 3019 Kal
1735 2965 1955 3035 ἐξῆλθεν

379 3066 609 3133 ἄγγελος
643 3064 875 3135 Κυρίου,
904 3063 997 3116 καὶ
1030 3061 1240 3117 ἀνεῖλεν
1258 3061 1322 3113 ὲκ
1347 3060 1444 3131 τῆς
1468 3058 1818 3131 παρεμϐολῆς
1844 3056 1954 3111 τῶν

393 3156 693 3228 ’Ᾱσσυρίων
753 3153 948 3208 ἑκατὸν
1014 3151 1343 3223 ὁγδοήκοντα
1399 3149 1560 3203 πέντε
1607 3148 1850 3219 χιλιάδας
1879 3164 1891 3179 ·
1930 3166 1949 3200 ι

398 3248 458 3302 'U
477 3249 533 3301 δὲ
558 3248 721 3300 Δαυΐδ
745 3264 759 3280 ·
800 3263 820 3299 ι
851 3244 1023 3313 Κάγὼ
1060 3243 1325 3313 ἐγενήθην
1352 3242 1555 3305 ὄνειδος
1592 3241 1776 3304 αὐτοῖς
1801 3255 1815 3269 ·
1852 3239 1957 3293 E60-

387 3344 487 3398 σάν
536 3359 626 3412 με,
675 3340 768 3396 καὶ
829 3339 1124 3394 ἐσάλευσαν
1180 3335 1426 3406 κεφαλὰς
1478 3335 1679 3389 αὐτῶν.
1720 3352 1739 3386 ι
1808 3334 1955 3407 Ιςαίσ

392 3455 411 3488 ι
450 3435 595 3488 Ὢσεὶ
624 3433 788 3505 τέρας
814 3430 1079 3502 ἐγενήθην
1103 3432 1215 3491 τοῖς
1250 3428 1462 3491 πολλοῖς
1493 3444 1507 3458 ο
1542 3428 1635 3482 καὶ
1670 3428 1734 3480 σὺ
1768 3425 1959 3498 βοηθός

390 3542 494 3597 μου
536 3523 817 3595 κραταιός.
849 3542 866 3575 ι
910 3522 1021 3575 Kal
1071 3521 1100 3573 6
1171 3519 1290 3573 Ἰώϐ
1319 3536 1334 3551 ο
1397 3537 1416 3571 ι
1454 3518 1591 3595 Νυνὶ
1648 3519 1705 3572 δὲ
1758 3519 1961 3589 κιθάρα

388 3618 504 3687 εἰμὶ
533 3615 732 3679 αὐτῶν,
758 3614 853 3669 καὶ
885 3614 985 3683 ἐμὲ
1012 3611 1295 3684 θρύλλημα
1327 3610 1558 3680 ἔχουσιν.
1593 3628 1612 3662 ι
1644 3609 1752 3663 Kal
1774 3607 1961 3679 ἐπειδὴ

392 3705 678 3779 θρύλλημα
711 3704 873 3759 αὐτὸν
924 3703 1101 3772 ἔσχον,
1152 3702 1181 3753 6
1229 3702 1287 3755 δὲ
1344 3701 1478 3764 Θεὸς
1534 3698 1748 3770 ὕψωσεν
1801 3700 1961 3753 αὑτὸν

392 3796 836 3859 πολλαπλασίως.
905 3794 963 3846 '0
1025 3792 1082 3846 δὲ
1135 3790 1547 3862 Παροιμιαστής
1579 3804 1594 3820 ⁸
1659 3807 1679 3843 ι
1726 3788 1962 3853 Πλοῦτος

394 3885 752 3957 προστίθησιν
783 3885 968 3954 φίλους
1000 3881 1228 3946 πολλούς
1256 3896 1269 3911 °
1304 3884 1332 3935 6
1368 3881 1425 3935 δὲ
1473 3880 1684 3951 πτωχὸς
1725 3882 1820 3935 καὶ
1855 3882 1964 3935 ἀπὸ

390 3978 486 4030 τοῦ
509 3977 845 4047 ὑπάρχοντος
872 3972 1275 4044 διαχωρίζεται.
1323 3991 1342 4026 ι
1374 3972 1561 4026 Ταῦτα
1583 3972 1694 4025 τῶν
1716 3971 1963 4025 κολάκων

392 4069 489 4123 καὶ
528 4066 896 4122 κοιλιοδούλων
930 4064 1090 4128 εἰσὶν,
1123 4062 1170 4115 οἶ
1200 4062 1272 4116 τά
1310 4063 1619 4134 πρόσκαιρα
1654 4062 1965 4132 ἀφορῶντες

397 4162 559 4231 μόνον
595 4174 610 4189 ο
645 4158 742 4212 καλ⁵
801 4159 836 4227 ή
884 4156 1045 4225 σοφία
1086 4154 1180 4208 τοῦ
1233 4154 1464 4225 πένητος
1500 4154 1868 4220 ὲξουδένωται,
1913 4155 1965 4207 οἱ

396 4252 549 4321 λόγοι
579 4249 745 4304 αὑτοῦ
780 4249 880 4302 οὐκ
908 4249 1045 4301 εἰσὶν
1089 4247 1429 4317 ἀκουόμενοι.
1470 4245 1583 4299 Kal
1632 4244 1803 4298 ταῦτα
1856 4245 1966 4297 τῶν

397 4328 855 4412 πεφυσιωμένων.
890 4340 1000 4394 Kal
1043 4341 1102 4392 ὲν
1146 4335 1225 4406 τῷ
1276 4335 1592 4406 Εύαγγελίῳ
1620 4348 1634 4363 ⁶
1674 4353 1692 4388 ι
1740 4334 1963 4400 Ἐλθὼν,

2042 1974 2098 2027 in
2140 1971 2325 2043 specie
2356 1970 2526 2036 illius,
2557 1978 2614 2025 et
2636 1984 2706 2024 ne
2732 1969 3068 2023 abomineris
3099 1968 3379 2024 hominem
3408 1969 3465 2023 in
3494 1969 3616 2023 visu

2042 2066 2165 2135 ejus
2189 2081 2201 2116 :
2231 2062 2416 2119 brevis
2445 2062 2500 2115 in
2531 2060 2851 2115 volatilibus
2880 2059 3019 2129 apis,
3052 2068 3108 2114 et
3131 2059 3349 2113 initium
3373 2058 3618 2113 dulcoris

2043 2155 2257 2209 fructus
2289 2152 2409 2223 ejus
2447 2160 2535 2206 est
2578 2151 2621 2204 ".
2654 2168 2674 2200 ι
2725 2150 2768 2204 Ε
2823 2148 3082 2204 diverso;
3143 2167 3161 2200 ι
3199 2148 3351 2203 Multi
3402 2148 3617 2220 tyranni

2046 2246 2309 2303 sederunt
2338 2258 2506 2313 super
2539 2242 2939 2313 pavimentum,
2978 2239 3385 2309 insuspicabilis
3435 2248 3618 2294 autem

2045 2338 2279 2409 portavit
2307 2337 2557 2391 diadema
2586 2336 2661 2389 ⁸.»
2693 2332 2799 2389 Sed
2825 2342 2882 2389 et
2911 2333 2968 2387 in
2997 2333 3179 2401 primo
3216 2334 3528 2402 Regnorum
3552 2331 3622 2385 de

2048 2429 2176 2485 ﬁliis
2207 2429 2359 2484 Jesse
2389 2426 2529 2482 dixit
2553 2425 2822 2481 Dominus
2846 2424 3086 2480 Samueli
3118 2442 3131 2478 :
3190 2443 3209 2476 ι
3240 2423 3321 2479 Ne
3360 2423 3624 2494 respicias

2048 2521 2115 2577 ad
2149 2520 2359 2576 vultum
2401 2520 2540 2590 ejus,
2576 2533 2758 2588 neque
2807 2516 2875 2572 ad
2928 2516 3178 2571 habitum
3228 2516 3625 2587 magnitudinis

2050 2611 2243 2679 ipsius,
2274 2609 2402 2679 quia
2444 2608 2619 2679 abjeci
2667 2623 2836 2674 eum;
2890 2608 3019 2677 quia
3075 2624 3184 2662 non
3228 2608 3372 2662 sicut
3419 2607 3626 2663 viderit

2050 2702 2216 2766 Deus,
2246 2701 2460 2757 videbit
2483 2702 2648 2755 homo
2681 2718 2694 2754 :
2728 2700 2893 2755 homo
2924 2700 3070 2755 enim
3104 2700 3158 2754 in
3187 2699 3382 2756 faciem
3412 2701 3627 2772 prospi-

2052 2793 2180 2856 ciet,
2224 2794 2370 2848 Deus
2431 2801 2614 2847 autem
2665 2792 2915 2847 intuetur
2975 2807 3072 2847 cor
3130 2794 3174 2848 '.
3209 2810 3229 2845 ι
3286 2793 3354 2847 Ει
3400 2792 3628 2847 adduxit

2052 2882 2204 2937 Jesse
2236 2892 2445 2952 septem
2485 2881 2627 2938 ﬁlios
2662 2896 2812 2945 suos,
2865 2881 3055 2952 utique
3098 2892 3360 2953 potentes
3405 2884 3626 2951 robore,

2055 2973 2441 3044 neminemque
2485 2974 2697 3029 existis
2739 2974 2907 3045 elegit
2953 2975 3237 3041 Dominus,
3290 2975 3394 3030 nisi
3441 2975 3629 3032 adole-

2056 3065 2365 3120 scentulum
2396 3065 2551 3119 illum
2586 3066 2779 3132 David,
2835 3066 2930 3136 qui
2977 3066 3033 3120 in
3075 3066 3359 3121 hominum
3406 3067 3629 3137 quidem

2060 3165 2353 3227 prospectu
2398 3157 2452 3211 in
2483 3156 2638 3211 nullo
2693 3155 2987 3211 videbatur
3026 3172 3192 3212 censu
3237 3157 3631 3224 numerandus,

2060 3257 2117 3304 at
2150 3248 2293 3318 apud
2324 3250 2495 3303 Deum
2522 3247 2705 3318 magni
2737 3248 3046 3304 habebatur
3090 3249 3213 3304 loco
3256 3249 3527 3321 sulfragii,
3574 3259 3635 3305 ut

2063 3339 2157 3409 qui
2191 3348 2514 3395 mansuetus
2537 3350 2656 3394 erat
2678 3339 2971 3394 admodum
3005 3348 3059 3395 et
3079 3340 3325 3396 modeste
3358 3341 3586 3397 humilis
3617 3360 3631 3396 :

2062 3430 2152 3486 cui
2186 3440 2240 3485 et
2269 3432 2571 3487 secundum
2610 3432 2727 3486 haec
2765 3432 3138 3487 testimonium
3183 3433 3423 3489 reddidit
3467 3435 3634 3502 Deus,

2065 3519 2256 3574 dicens
2289 3537 2304 3573 :
2357 3537 2375 3571 ι
2414 3520 2599 3574 Inveni
2639 3519 2810 3575 David
2849 3520 3021 3574 ﬁlium
3044 3520 3200 3576 Jesse
3232 3521 3413 3576 virum
3441 3538 3637 3578 secun-

2065 3609 2199 3664 dum
2231 3626 2328 3665 ror
2369 3625 2550 3665 meum
2579 3611 2642 3664 ¹⁰.
2685 3630 2703 3662 ι
2739 3609 2844 3665 Sed
2870 3620 2926 3665 et
2953 3626 3247 3681 regnorum
3274 3622 3471 3683 quarto
3500 3615 3640 3669 dixit

2066 3699 2234 3754 Isaias
2280 3699 2547 3768 propheta
2608 3699 2676 3752 ad
2726 3698 3065 3754 Ezechiam:
3109 3718 3127 3751 ι
3165 3700 3509 3772 Contempsit
3558 3712 3636 3767 te,

2067 3789 2222 3859 virgo
2252 3788 2363 3843 lilia
2390 3789 2559 3855 Sion;
2596 3804 2760 3859 super
2781 3798 2832 3843 te
2860 3800 3024 3860 caput
3049 3792 3224 3846 movit
3251 3793 3312 3845 η.
3337 3812 3355 3843 ι
3386 3793 3637 3849 lnducit:

2074 3896 2092 3930 ι
2129 3877 2271 3931 Num
2303 3877 2643 3948 ingredietur
2667 3877 2941 3932 civitatem
2971 3879 3114 3935 hanc
3136 3880 3160 3933 ?
3183 3891 3239 3934 et
3262 3881 3395 3936 exiit
3414 3883 3642 3953 angelus

2070 3969 2287 4024 Domini
2314 3978 2370 4023 et
2397 3968 2676 4024 interfecit
2708 3969 2775 4024 de
2810 3971 3005 4025 castris
3041 3972 3388 4043 Assyriorum
3416 3984 3639 4029 centum

2070 4062 2346 4133 octoginta
2373 4061 2618 4131 quinque
2646 4061 2815 4115 millia
2838 4063 2905 4116 ¹².
2946 4081 2965 4114 ι
2997 4063 3167 4117 David
3191 4064 3317 4118 item
3345 4082 3358 4118 :
3408 4083 3427 4118 ι
3456 4067 3523 4120 Ει
3540 4081 3642 4137 ego

2072 4152 2249 4207 factus
2272 4167 2393 4207 sum
2422 4152 2779 4222 Opprobrium
2802 4152 2934 4218 illis,
2966 4154 3229 4209 viderunt
3264 4170 3351 4209 me
3373 4166 3429 4211 et
3458 4172 3644 4212 move-

2072 4251 2203 4297 runt
2244 4246 2423 4313 capita
2474 4258 2573 4298 sua
2615 4244 2680 4297 ¹³.
2714 4262 2734 4295 ι
2782 4243 2894 4298 Et:
2949 4262 2970 4296 ι
3011 4244 3292 4316 Tanquam
3330 4248 3642 4318 prodigium

2073 4332 2251 4387 factus
2279 4348 2400 4387 sum
2434 4333 2645 4399 multis,
2669 4342 2726 4389 et
2772 4344 2831 4389 tu
2877 4334 3096 4407 adjutor
3148 4337 3306 4393 fortis
3364 4338 3428 4392 “.
3460 4358 3479 4390 ι
3538 4339 3642 4394 Job

397 4436 583 4504 φησὶν,
604 4435 632 4486 6
673 4431 881 4504 Ἰησοῦς
914 4433 973 4485 ὲν
1006 4432 1072 4501 τῇ
1103 4426 1322 4497 πατρίδι
1345 4426 1509 4482 αὑτοῦ
1546 4426 1822 4482 ἐδίδασκεν
1855 4429 1956 4490 τοῖς

2073 4437 2294 4492 quoque
2322 4439 2335 4476 :
2377 4440 2395 4474 ι
2429 4422 2589 4479 Nunc
2605 4431 2789 4479 autem
2824 4425 3037 4481 cithara
3073 4441 3195 4481 sum
3228 4444 3441 4497 eorum,
3468 4440 3523 4484 et
3557 4446 3642 4485 me

398 4527 674 4581 £i66actv
703 4528 763 4580 ὲν
796 4528 863 4597 τῇ
914 4522 1210 4592 Συναγωγῇ
1245 4520 1447 4584 αὐτῶν,
1488 4519 1583 4572 καὶ
1624 4517 1828 4586 ἔλεγον,
1864 4517 1971 4570 Πό-

398 4619 491 4673 θεν
518 4612 694 4688 τούτῳ
718 4615 911 4679 ταῦτα,
948 4613 1044 4668 καὶ
1075 4614 1160 4677 τίς
1193 4614 1226 4682 ή
1274 4612 1433 4681 σοφία
1471 4612 1505 4682 ή
1545 4609 1757 4664 δοθεῖσα
1803 4608 1969 4680 αύτῷ,

2072 4516 2129 4570 in
2154 4516 2509 4585 proverbium
2542 4517 2747 4572 habent
2778 4519 2841 4573 “.
2878 4538 2896 4571 ι
2930 4520 3178 4591 Cumque
3210 4522 3357 4577 hunc
3409 4523 3465 4578 in
3518 4541 3646 4596 pro-

2070 4607 2244 4663 verbii
2271 4607 2563 4663 deridiculi
2584 4609 2762 4664 vicem
2782 4610 3126 4677 habuissent,
3152 4621 3284 4668 tunc
3300 4614 3453 4669 illum
3473 4618 3644 4671 multo

400 4712 498 4766 καὶ
540 4710 803 4781 δυνάμεις
854 4706 1105 4761 τοιαῦται
1135 4704 1223 4758 διὰ
1255 4704 1363 4758 τῶν
1387 4703 1585 4775 χειρῶν
1612 4702 1777 4756 αὑτοῦ
1805 4703 1956 4771 γίνον

2070 4699 2347 4769 copiosius
2384 4701 2581 4755 extulit
2626 4701 2681 4755 in
2729 4702 2982 4758 sublime.
3014 4704 3402 4761 Parmmiastes
3433 4708 3646 4780 1104

398 4819 534 4869 ταις
572 4803 685 4873 Ούχ
741 4795 894 4866 οὗτός
946 4803 1093 4853 ἐστιν
1146 4798 1175 4849 6
1224 4796 1431 4849 τέκτων
1480 4795 1509 4848 6
1564 4795 1678 4859 υίὸς
1729 4795 1971 4865 Μαρίας,

400 4891 632 4960 ἀδελφὸς
676 4890 733 4944 δὲ
788 4888 1047 4943 Ἰακώϐου
1089 4887 1184 4941 καὶ
1243 4885 1489 4955 Ἰωσήφ;
1528 4884 1623 4936 καὶ
1659 4881 1976 4936 ἐσκανδαλί-

2075 4789 2254 4846 item:
2307 4810 2324 4842 ι
2356 4791 2572 4845 Divitiae
2619 4792 2831 4847 addunt
2882 4794 3087 4849 multos
3139 4796 3382 4863 amicos;
3436 4814 3646 4869 pauper

2074 4889 2258 4935 autem
2279 4880 2445 4936 etiam
2480 4881 2549 4935 ab
2580 4897 2648 4935 eo
2673 4882 2767 4952 qui
2798 4893 2940 4949 erat,
2969 4885 3289 4941 destituitur
3317 4888 3380 4942 ⁸⁸.
3414 4907 3433 4941 ι
3474 4891 3645 4945 Plane

402 4983 557 5047 ζοντο
600 4985 657 5036 ὲν
715 4981 883 5052 αὐτῷ.
922 5000 939 5032 ι
986 4981 1045 5033 '0
1072 4979 1130 5032 δὲ
1162 4976 1536 5049 ἀμνησίκακος
1569 4973 1772 5045 Κύριος
1801 4975 1956 5028 πάντι

2076 4970 2195 5025 haec
2240 4978 2643 5026 assentatorum
2683 4980 2813 5026 sunt
2830 4981 2887 5028 et
2914 4975 3096 5029 ventri
3125 4990 3226 5030 suo
3258 4977 3643 5045 servientium,

400 5077 614 5146 ἔφερεν.
646 5073 857 5145 Αύτῷή
883 5072 1008 5137 δόξα
1032 5071 1113 5133 είς
1143 5070 1267 5133 τοὺς
1298 5066 1520 5133 αἰῶνας.
1570 5064 1765 5134 Ἀμήν.

2077 5061 2172 5130 qui
2227 5060 2283 5114 in
2310 5061 2426 5116 haec
2476 5062 2653 5116 solum
2698 5078 2819 5132 quae
2852 5066 3183 5134 temporaria
3218 5076 3366 5135 sunt,
3401 5068 3649 5140 deﬁgunt

400 5168 577 5224 aciem
624 5167 826 5222 mentis
877 5181 943 5220 ac
992 5162 1302 5233 suspiciunt
1349 5155 1748 5214 venerabundi.
1800 5154 1966 5225 Atqui
2003 5154 2261 5223 pauperis
2302 5153 2523 5209 interim
2558 5155 2825 5223 sapientia
2857 5158 3248 5225 contemnitur,
3310 5175 3413 5215 nec
3474 5161 3649 5231 ipsius

403 5277 686 5319 sermones
710 5259 1104 5317 exaudiuntur.
1134 5257 1259 5312 Haec
1278 5255 1401 5326 quis
1417 5252 1632 5308 dubitet
1680 5265 1802 5307 esse
1850 5264 2043 5304 eorum
2081 5249 2175 5318 qui
2202 5247 2302 5301 toti
2324 5248 2648 5303 extuberant
2675 5264 2739 5303 ac
2778 5260 2999 5321 turgent
3048 5260 3264 5307 tumore
3324 5254 3651 5325 superbire?

402 5357 583 5416 simile
607 5356 741 5427 quid
770 5372 838 5412 ex
866 5352 1160 5423 Evangelia
1188 5368 1202 5405 :
1240 5369 1258 5402 ι
1285 5349 1423 5405 Cum
1450 5347 1692 5403 venisset
1720 5346 1881 5401 Jesus
1912 5344 1967 5398 in
2005 5343 2235 5413 patriam
2274 5357 2450 5405 suam,
2482 5341 2714 5397 docebat
2745 5343 2999 5399 Sabbatis
3028 5344 3081 5398 in
3124 5345 3405 5416 Synagoga
3432 5362 3649 5401 eorum.

403 5459 461 5506 et
523 5450 777 5512 dicebant
809 5464 824 5502 :
858 5445 1013 5504 Unde
1069 5443 1202 5498 huic
1258 5441 1430 5496 talia?
1510 5449 1565 5495 et
1614 5456 1734 5509 qua:
1781 5435 2047 5507 sapientia
2083 5434 2211 5489 data
2233 5443 2318 5488 est
2348 5432 2441 5488 ei‘:
2476 5433 2571 5487 sed
2620 5442 2674 5487 et
2704 5434 2938 5491 virtutes
2977 5436 3111 5491 tales
3149 5453 3247 5509 per
3285 5454 3481 5494 manus
3528 5438 3651 5511 ejus

478 5636 499 5667 ⁸
530 5633 644 5689 Jac.
670 5648 710 5696 ι,
735 5632 787 5686 5.
863 5631 883 5661 ⁷
907 5623 1077 5681 Eccli.
1102 5640 1180 5687 xx,
1212 5622 1309 5696 2.“
1344 5621 1365 5653 ⁸
1396 5619 1531 5696 ibid.
1558 5620 1609 5696 5_.
1686 5619 1707 5650 ⁹
1735 5618 1956 5696 “legs;

2069 5617 2138 5696 _7.
2219 5614 2262 5646 ¹⁰
2289 5614 2555 5696 ῥοιηξιιι,
2586 5612 2675 5669 22.
2755 5614 2795 5646 “
2820 5614 2924 5696 l_sa.
2960 5633 3165 5686 xxxv",
3188 5617 3279 5673 22.
3347 5619 3391 5652 “
3417 5621 3481 5676 IV
3510 5622 3644 5693 llcg.

406 5685 752 5773 “$33-33.
829 5700 870 5731 ¹³
890 5696 1036 5755 Psal.
1061 5685 1212 5753 cvm.
1242 5692 1332 5748 25.
1412 5692 1455 5724 ιδ
1477 5689 1619 5746 Psal.
1646 5704 1769 5757 Lxx,
1794 5685 1883 5743 7.‘
1925 5688 1956 5721 ¹¹

2060 5686 2100 5741 ιι)
2130 5700 2256 5752 xxx,
2284 5685 2345 5769 r9.
2424 5686 2466 5717 ¹⁶
2488 5685 2649 5741 Prov.
2691 5700 2801 5753 xix,
2831 5686 2883 5740 4.

671 5796 709 5823 δ
