4028 6522
470 333 607 398 1583

1724 305 2103 382 ἈΝτΙορΗΙ
2143 317 2489 379 MONACHI

3575 317 3689 385 1584

464 450 622 509 fiunt,
649 442 902 515 nunquid
926 458 1035 499 non
1063 443 1153 498 hic
1182 450 1267 498 est
1301 439 1439 496 fabri
1472 439 1638 504 illius,
1703 435 1871 491 frater
1891 434 2081 492 Jacobi
2119 442 2177 489 et
2214 430 2464 502 Ioseph?
2508 439 2564 486 et
2609 429 3125 487 scandalizabantur
3180 427 3235 483 iu
3305 442 3371 483 eo
3423 430 3487 486 ".
3522 449 3539 483 ι
3591 432 3692 505 Ipse

459 549 647 595 autem
685 506 959 593 malorum
1003 536 1253 592 omnium
1287 535 1582 589 immemor
1608 528 1745 585 nihil
1776 543 1887 584 non
1917 526 2188 584 tolerabat
2213 523 2560 580 mitissimus.
2598 522 2708 594 Ipsi
2743 522 2918 595 gloria
2950 521 3007 575 in
3046 520 3265 576 saecula.
3298 522 3482 577 Amen.
3722 506 3730 525 ’

976 652 1265 710 HOMILIA
1302 650 1540 709 XLVIII.

822 733 897 802 Ne
926 746 1230 819 quempiam
1263 744 1461 798 derisui
1489 742 1698 798 habeto.

534 859 754 916 Dcrisui
788 858 996 913 habere
1026 870 1199 911 unum
1229 853 1474 925 aliquem
1507 862 1676 923 atque
1707 850 2054 921 contemptui

463 957 638 1028 parile
690 953 912 1024 quidem
960 952 1155 1023 jugum
1215 958 1322 1013 est,
1382 954 1441 1002 et
1495 962 1690 1001 unum.
1745 945 2054 1014 Utrumque

463 1048 612 1103 enim
643 1044 892 1101 vicissim
917 1052 974 1097 et
996 1039 1237 1096 absurda
1271 1048 1439 1109 atque
1470 1035 1787 1093 indecentia
1814 1044 1954 1100 arat,
1999 1041 2057 1090 et

464 1139 725 1194 loliaceos
777 1134 1012 1190 demetit
1060 1132 1402 1187 zizaniorum
1459 1129 1697 1197 fructus,
1730 1128 1787 1184 in
1821 1126 2055 1183 combuo

464 1231 704 1287 stionem
764 1227 928 1298 ignis.
962 1224 1298 1295 Contingere
1330 1222 1387 1278 id
1417 1222 1546 1277 mali
1573 1220 1736 1276 nobis
1767 1217 2057 1275 consuevit

464 1340 565 1395 per
598 1323 704 1379 hoc
731 1320 882 1393 quod
913 1319 981 1374 ad
1007 1316 1370 1389 expendenda
1403 1315 1628 1386 propria
1672 1321 1898 1384 peccata
1941 1318 2056 1366 tam

463 1415 824 1473 lentescimus
843 1412 1166 1479 oscitanter,
1199 1409 1349 1480 quod
1386 1408 1455 1464 de
1489 1408 1571 1463 eis
1602 1406 1745 1461 nihil
1782 1404 1945 1461 anxie
1991 1418 2058 1459 ac

469 1509 665 1565 sedulo
696 1506 1089 1578 recogitemus,
1124 1518 1227 1558 nec
1247 1500 1652 1557 formidabilem
1686 1495 2056 1569 illumjudicii

470 1603 619 1658 diem
654 1598 895 1655 sollicita
930 1596 1270 1668 peusitemus
1304 1599 1489 1649 mente
1518 1608 1533 1646 :
1574 1606 1686 1662 quo
1711 1589 1936 1661 quidem
1965 1588 2059 1644 die

468 1693 605 1749 nudi
641 1705 867 1747 necesse
900 1689 972 1745 sit
1017 1696 1079 1742 ut
1108 1693 1507 1758 praesentemur
1539 1682 1735 1756 judici,
1774 1689 1832 1739 et
1859 1695 2059 1753 magno

469 1794 710 1839 tremore
759 1782 1230 1837 inhorrescentes.
1265 1777 1441 1834 Nemo
1466 1790 1577 1831 non
1603 1775 1718 1830 illic
1747 1790 1849 1845 pro
1876 1789 1935 1830 se
1970 1782 2058 1829 est

469 1887 863 1943 responsurus,
899 1886 965 1925 ac
1014 1884 1206 1940 poenas
1250 1868 1599 1938 depensurus
1661 1881 1773 1920 non
1826 1879 2056 1935 operum

2078 630 2127 686 Δ

2753 637 2975 695 ΛΟΓΟΣ
2999 637 3144 693 MH’.

2547 732 2689 801 Περὶ
2715 730 2822 788 τοῦ
2853 731 2942 803 μὴ
2975 728 3335 802 κατατελᾷν.

2226 846 2303 902 Τὸ
2364 844 2699 917 καταγελᾷν,
2746 843 2843 898 καὶ
2898 844 2962 898 τὸ
3004 842 3328 911 ὲξουθενεῖν,
3380 843 3562 913 ζεῦγος
3617 847 3703 915 μέν

2154 957 2304 996 εστιν
2334 937 2768 1010 ὲνηλλαγμένον,
2795 935 3066 1007 ἀροτριῶν
3100 936 3160 990 δὲ
3188 936 3257 989 τά
3282 936 3478 1002 άτοπα,
3512 938 3597 991 καὶ
3627 940 3705 992 θε-

2159 1033 2307 1107 ρίζον
2332 1029 2582 1103 καρποὺς
2617 1028 2957 1095 ζιζανιιῖιδεις
2995 1030 3076 1093 είς
3104 1026 3301 1082 καῦσιν
3333 1028 3519 1098 πυρός.
3558 1030 3707 1085 Τοῦτο

2154 1124 2211 1179 δὲ
2234 1126 2369 1196 ἡμῖν
2395 1122 2712 1194 συμϐαίνει,
2746 1120 2835 1174 διὰ
2855 1120 2917 1174 τὸ
2952 1119 3031 1191 μὴ
3056 1119 3276 1190 βλέπειν
3299 1122 3445 1191 ἡμᾶς
3474 1122 3566 1185 τάς
3591 1123 3709 1187 ιδίας

2154 1212 2457 1286 ἁμαρτίας,
2496 1211 2633 1283 μηδὲ
2664 1211 2937 1282 μεριμνᾷν
2973 1210 3105 1282 περὶ
3146 1209 3330 1263 αὐτῶν
3352 1250 3367 1277 ,
3414 1212 3547 1282 μηδὲ
3582 1213 3711 1283 ἔχειν

2157 1308 2216 1361 ὲν
2250 1304 2328 1377 νῷ
2345 1306 2446 1376 τὴν
2470 1302 2711 1373 φοϐερὰν
2744 1302 2959 1374 ἡμέραν
2988 1302 3088 1373 τῆς
3109 1302 3367 1373 κρίσεως,
3398 1304 3457 1355 ὲν
3483 1297 3713 1378 ᾖγυμνοὶ

2158 1399 2254 1455 καὶ
2306 1395 2806 1469 τετραχηλισμένοι
2869 1395 3340 1467 παραστησόμεθα
3392 1395 3472 1466 τῷ
3529 1399 3708 1466 κριτῇ,

2157 1493 2391 1557 ἕκαστος
2417 1491 2560 1562 ὑπὲρ
2603 1489 2798 1544 ἑαυτοῦ
2852 1489 3318 1560 ἀπολογούμενος,
3367 1491 3461 1543 καὶ
3507 1489 3715 1554 εὐθύνας

2157 1584 2642 1656 εἰσπραττόμενος,
2695 1582 2757 1636 ού
2825 1581 3004 1654 μόνων
3052 1582 3163 1635 τῶν
3210 1581 3410 1652 ἔργων,
3460 1580 3591 1635 ἀλλὰ
3635 1585 3715 1635 καὶ

2157 1677 2356 1744 λόγων,
2384 1676 2481 1729 καὶ
2512 1674 2760 1741 ἐννοιῶν,
2792 1675 2887 1729 καὶ
2938 1674 3206 1745 κινήσεων
3234 1690 3251 1706 ο
3285 1675 3336 1729 εἰ
3378 1672 3489 1743 γὰρ
3534 1672 3717 1726 τούτων

2157 1766 2557 1839 ἀμεριμνῶμεν
2574 1767 2854 1833 ἁπάντων,
2874 1767 2975 1821 οὐκ
2995 1767 3061 1822 ἂν
3078 1767 3448 1839 ὲγαυριῶμεν,
3466 1768 3557 1820 καὶ
3582 1770 3718 1820 luat-

2164 1860 2369 1932 ρόμεθα
2425 1859 2570 1914 κατὰ
2620 1858 2731 1913 τῶν
2787 1860 3116 1932 κρειττόνων
3154 1859 3336 1930 ἡμῶν.
3386 1860 3462 1913 Ού
3507 1859 3607 1931 χρὴ
3648 1860 3715 1926 δὲ,

468 1963 657 2027 modo,
683 1961 781 2016 sed
814 1968 870 2014 et
899 1958 1221 2020 verborum,
1270 1965 1329 2011 et
1364 1956 1782 2027 cogitationum,
1824 1970 2047 2010 arcana-

2162 1951 2378 2021 ἀδελφοί
2411 1967 2535 2022 μου.
2566 1949 2928 2023 Χριστιανοὺς
2970 1951 3121 2021 ἡμᾶς
3156 1950 3342 2016 ὄντας,
3381 1950 3551 2016 οὕτως
3584 1953 3719 2005 πολι-

470 2070 593 2108 rum
619 2054 845 2123 insuper
877 2050 1047 2105 animi
1083 2050 1412 2105 motionum.
1474 2048 1683 2103 Iiorutn
1735 2047 2056 2103 memoriam

469 2144 517 2200 si
577 2143 771 2199 sedula
832 2140 1163 2213 cogitatione
1203 2154 1618 2203 renovaremus,
1666 2138 1855 2193 nullus
1896 2136 2058 2192 nobis

470 2234 743 2290 resideret
792 2232 950 2287 locus
1010 2230 1090 2286 sic
1148 2228 1520 2284 insolescendi
1581 2242 1681 2298 per
1714 2226 2055 2299 jactantiam,

468 2327 626 2381 nullo
665 2338 907 2395 unquam
942 2330 1189 2392 tempore
1213 2335 1311 2391 per
1333 2319 1705 2389 arrogantiam
1728 2317 2059 2373 efferremur

469 2417 739 2473 adversus
756 2423 909 2470 tanto
926 2412 1087 2468 nobis
1107 2410 1385 2466 meliores.
1411 2409 1531 2465 Non
1556 2408 1837 2472 convenit,
1861 2407 2060 2463 fratres

471 2508 601 2574 mei,
630 2521 733 2562 nos
757 2505 853 2577 qui
888 2504 1127 2575 ingenue
1155 2500 1505 2559 Christianos
1534 2498 1881 2569 profitemur,
1916 2497 2061 2552 hanc

472 2599 851 2671 improbandae
894 2598 1023 2652 vita:
1075 2593 1280 2651 sectari
1334 2591 1653 2656 formulam,
1687 2590 1756 2645 ad
1785 2604 1950 2661 quam
1979 2588 2063 2644 vi-

471 2704 610 2751 vunt
642 2694 733 2769 isti
767 2693 863 2764 qui
894 2707 1050 2763 spem
1079 2702 1362 2746 omnema
1396 2702 1455 2745 se
1515 2686 1923 2756 dispunxerunt
1967 2683 2058 2738 fu-

474 2797 613 2843 tura:
640 2785 791 2841 illius
821 2782 1292 2848 resurrectionis;
1323 2782 1436 2836 imo
1466 2779 1680 2834 luctum
1705 2777 1878 2848 magis
1902 2791 2060 2831 exer-

474 2894 700 2936 ceamus
718 2876 1047 2949 praefervido
1068 2876 1434 2947 lacrymarum
1462 2870 1701 2927 deﬂuvio
1725 2869 2057 2937 madentem,

475 2986 710 3040 quarum
728 2969 909 3041 gratia
938 2984 1040 3024 nos
1071 2966 1339 3023 Dominus
1372 2965 1441 3019 ab
1473 2961 1841 3018 amaritudine
1864 2962 2064 3017 liberet

476 3059 738 3131 supplicii
776 3059 993 3115 aaterni.
1052 3074 1071 3109 ι
1103 3055 1255 3111 Beati
1299 3054 1448 3110 enim
1492 3054 1588 3123 qui
1644 3053 1836 3123 lugent
1890 3067 2060 3127 nunc,

476 3150 740 3221 quoniam
794 3150 899 3220 ipsi
961 3146 1398 3204 consolabuntur
1453 3144 1517 3198 “.
1559 3164 1577 3198 ο
1622 3144 1811 3211 Plane,
1838 3143 1934 3215 qui
1963 3158 2064 3199 sua

476 3244 628 3312 luget
648 3249 897 3312 peccata,
927 3240 1058 3295 huic
1079 3231 1267 3295 nullus
1288 3237 1621 3308 relinquitur
1643 3237 1799 3293 locus
1828 3238 2063 3293 alterum

2159 2040 2435 2107 τεύεσθαι,
2468 2040 2545 2105 ὡς
2574 2040 2671 2094 καὶ
2696 2040 2747 2093 οι
2783 2038 2860 2112 μὴ
2890 2038 3107 2111 ἔχοντες
3130 2040 3324 2094 ἐλπίδα
3353 2042 3718 2107 ἀναστάσεως·

2159 2133 2299 2188 ἀλλὰ
2329 2132 2531 2204 μᾶλλον
2558 2132 2893 2203 άσκήσωμεν
2929 2132 2992 2185 τὸ
3028 2132 3245 2198 πένθος,
3284 2132 3349 2187 τὸ
3383 2134 3721 2205 μεμεστωμέ-

2158 2244 2249 2282 νον
2278 2227 2389 2281 τῶν
2430 2224 2705 2298 δακρύων,
2749 2223 2841 2279 ἵνα
2896 2224 3132 2298 ρύσηται
3176 2227 3329 2298 ἡμᾶς
3382 2228 3484 2298 τῆς
3538 2230 3723 2300 πικρᾶς

2160 2319 2458 2383 κολάσεως.
2512 2336 2533 2370 ι
2586 2317 2869 2389 Μακάριοι
2915 2316 3027 2391 γάρ
3064 2319 3115 2372 οἱ
3152 2319 3484 2383 πενθοῦντες
3515 2320 3627 2386 νῦν,
3655 2321 3726 2375 ὅτι

2158 2410 2316 2466 αὐτο)⁸
2349 2407 2889 2482 παρακληθήσονται.
2918 2426 2938 2462 ι
2984 2411 3045 2464 '0
3076 2408 3186 2480 γάρ
3224 2408 3443 2463 πενθῶν
3471 2411 3538 2464 τά
3570 2412 3726 2463 οίκεία

2160 2501 2325 2565 κακὰ,
2365 2500 2426 2554 ού
2457 2499 2760 2571 καταγελᾷ,
2784 2500 2906 2554 οὐδὲ
2938 2498 3269 2571 μυκτηρίζει
3300 2501 3484 2557 ἄλλον.
3535 2501 3727 2555 ’Δκούει

2158 2593 2268 2664 γὰρ
2311 2591 2408 2647 τοῦ
2453 2591 2870 2663 Παροιμιαστοῦ
2914 2592 3167 2663 λέγοντος
3194 2608 3208 2623 ο
3252 2611 3271 2646 ι
3299 2593 3398 2663 Μὴ
3440 2594 3727 2661 καταγελά-

2162 2700 2259 2758 σῃς
2283 2683 2569 2755 ἄνθρωπον
2593 2682 2724 2737 ὄντα
2755 2683 2813 2736 ὲν
2841 2682 3037 2755 πικρίᾳ
3066 2682 3249 2754 ψυχῆς
3278 2682 3474 2737 αὑτοῦ.
3505 2702 3525 2735 ι
3580 2684 3681 2738 Καί
3710 2696 3725 2713 ⁶

2168 2794 2187 2829 ι
2226 2776 2284 2829 '0
2322 2773 2643 2845 καταγελῶν
2681 2772 2919 2845 πτωχὸν,
2960 2774 3254 2845 παροξύνει
3301 2775 3396 2828 τὸν
3445 2776 3727 2846 ποιήσαντα

2161 2865 2347 2920 αὐτόν.
2388 2883 2409 2919 ι
2474 2865 2588 2919 Καὶ
2635 2863 2799 2918 πάλιν
2828 2877 2865 2896 ν
2917 2881 2938 2915 ι
2986 2862 3295 2935 Ὀφθαλμὸν
3356 2863 3726 2932 καταγελῶντα

2162 2955 2392 3027 πατρὸς,
2425 2954 2519 3007 καὶ
2541 2952 2878 3023 ἀτιμάζοντα
2918 2953 3096 3023 γῆρας
3137 2953 3366 3025 μητρὸς,
3412 2955 3727 3024 ἐκκόψαισαν

2164 3048 2328 3102 αὐτὸν
2358 3048 2598 3119 κόρακες
2638 3048 2703 3101 ὲκ
2730 3046 2841 3104 τῶν
2870 3048 3176 3119 φαράγγων
3205 3063 3219 3079 ·
3259 3065 3278 3098 ι
3315 3046 3461 3118 πρὸς
3488 3047 3592 3117 γὰρ
3618 3046 3727 3111 τοὺς

2165 3140 2412 3203 σκολιοὺς
2461 3138 2684 3202 σκολιάς
2736 3138 2892 3202 ὀδοὺς
2953 3138 3341 3204 ἐξαποστέλλει
3390 3141 3420 3192 ό
3449 3139 3601 3202 Θεός.
3634 3140 3728 3192 Kal

2164 3233 2327 3295 πάλιν
2348 3246 2363 3264 ⁸
2398 3250 2417 3284 ι
2455 3230 2800 3303 Μυκτηρίζει
2831 3230 3057 3295 πολίτας
3089 3230 3274 3302 ἐνδεὴς
3306 3231 3529 3301 φρενῶν
3555 3246 3571 3262 '
3604 3229 3727 3300 ἀνὴρ

478 3341 542 3389 ut
564 3332 839 3399 derideat,
869 3339 966 3386 aut
991 3329 1316 3386 deridiculis
1352 3328 1538 3384 sannis
1572 3337 1825 3400 aspergat
1851 3336 1908 3384 et
1926 3345 2058 3385 exa-

2162 3327 2218 3381 δὲ
2251 3325 2536 3398 φρόνιμος,
2573 3325 2805 3396 ἡσυχίαν
2834 3325 2978 3393 ἄγει.
3019 3343 3039 3377 ι
3080 3324 3139 3380 Ὀ
3176 3326 3232 3379 δὲ
3290 3325 3555 3388 Ἰάκωϐος
3608 3342 3730 3395 παρ-

478 3425 672 3480 ccrbet
698 3398 946 3479 fratrem.
974 3421 1117 3478 Audi
1153 3421 1322 3486 enim,
1373 3419 1508 3490 quid
1567 3398 1717 3475 dicat
1742 3398 2059 3476 'Paraamia-

2162 3419 2332 3472 αινῶν
2383 3418 2569 3485 ἔλεγεν
2597 3434 2612 3448 ο
2651 3436 2670 3469 ι
2700 3416 2797 3480 Τίς
2822 3416 2988 3486 σοφὸς
3013 3417 3107 3469 καὶ
3144 3417 3471 3487 ἐπιστήμων
3496 3418 3552 3470 ὲν
3579 3416 3693 3485 ὑμῖν
3712 3398 3741 3479 ς’

480 3525 623 3571 stes:
654 3535 673 3568 ι
697 3515 777 3572 Ne
798 3512 1062 3570 deriseris
1078 3512 1360 3567 hominem
1386 3511 1444 3567 in
1465 3511 1835 3567 amaritudine
1864 3511 2059 3568 animae

2162 3510 2392 3576 δειξάτω
2422 3511 2487 3563 ὲκ
2515 3508 2619 3576 τῆς
2641 3508 2812 3581 καλῆς
2859 3506 3214 3579 ἀναστροφῆς
3264 3508 3332 3562 τὰ
3395 3508 3534 3577 ἔργα
3581 3504 3729 3559 αὑτοῦ

482 3622 596 3661 sum
630 3606 693 3660 ίθ.
742 3605 858 3663 Et:
912 3624 932 3657 ι
964 3603 1070 3671 Qui
1126 3602 1344 3659 deridet
1396 3617 1718 3672 pauperem,
1767 3603 2059 3658 exacerbat

2162 3604 2222 3657 ὲν
2256 3602 2522 3675 πραότητι
2548 3600 2760 3671 σοφίας.
2796 3618 2815 3652 ι
2851 3600 2961 3654 Kal
2999 3601 3029 3653 ὀ
3056 3599 3269 3662 Παῦλός
3303 3615 3477 3670 φησιν
3508 3610 3523 3626 ⁸
3586 3615 3606 3649 ι
3644 3595 3731 3652 Δί-

485 3696 773 3750 Factorem
836 3695 960 3765 ejus
989 3693 1059 3747 η.
1092 3712 1110 3745 ›
1165 3693 1420 3748 Rursus:
1464 3710 1481 3743 ι
1521 3691 1753 3747 Oculum
1808 3692 1928 3763 ejus
1966 3693 2059 3763 qui

2165 3696 2420 3766 σχρότης.
2456 3692 2490 3763 ἢ
2524 3690 2855 3763 μωρολογία,
2880 3691 2913 3762 ἢ
2939 3690 3296 3763 εὐτραπελία,
3327 3689 3366 3745 ἃ
3394 3691 3497 3744 οὐκ
3526 3690 3728 3761 ἀνῆκεν,

483 3786 697 3841 deridet
723 3796 956 3856 patrem,
973 3792 1030 3840 et
1047 3784 1141 3855 qui
1166 3784 1464 3839 inhonorat
1483 3791 1825 3840 senectutem
1848 3784 2059 3852 matris,

482 3875 751 3931 ell‘odient
779 3873 932 3930 corvi
954 3873 1285 3928 convallium
1331 3875 1396 3928 “.
1429 3891 1450 3926 ι
1500 3872 1765 3943 Malignos
1812 3882 1870 3928 et
1922 3873 2062 3929 obli-

480 3982 644 4037 quos,
671 3967 727 4021 in
743 3967 862 4022 vias
876 3965 1130 4037 obliquas
1146 3966 1330 4021 mittet
1344 3967 1510 4021 Deus.
1530 3966 1801 4021 Rursum:
1822 3983 1840 4017 ι
1860 3965 1965 4033 Qui
1978 3966 2065 4021 vir

482 4058 700 4113 deridet
715 4058 864 4114 cives
879 4073 1032 4125 suos,
1058 4057 1115 4112 in
1128 4057 1570 4113 deminoratioue
1588 4072 1786 4113 sensus
1811 4057 1918 4113 erit
1943 4074 1959 4124 ;
1980 4058 2066 4112 vir

482 4157 665 4202 autem
706 4147 952 4218 prudens
975 4157 1121 4205 tacet
1152 4149 1222 4205 ”.
1254 4166 1274 4202 ι
1302 4148 1539 4205 ιοοοῢυε
1558 4149 1862 4205 admonens
1887 4149 2060 4204 dicit:

488 4236 701 4308 1105
735 4256 755 4290 ι
779 4237 914 4304 Quis
933 4238 1151 4309 sapiens
1174 4248 1233 4294 et
1260 4239 1441 4295 sciens
1471 4239 1618 4294 inter
1644 4238 1779 4294 vos?
1810 4238 2065 4294 ostendat

486 4342 586 4397 per
617 4327 817 4382 bonam
845 4327 1328 4385 conversationem
1361 4342 1530 4399 opera
1556 4342 1679 4394 sua,
1712 4326 1770 4382 in
1805 4341 2061 4382 mansue-

489 4418 682 4474 tudine
728 4418 1015 4490 sapientia:
1062 4419 1131 4475 ”.
1172 4437 1193 4473 ι
1255 4420 1498 4476 Paulus:
1544 4438 1563 4473 ι
1604 4419 1935 4489 Turpitudo,
1969 4427 2065 4474 aut

489 4509 916 4580 stultiloquium,
944 4519 1041 4566 aut
1069 4510 1375 4567 scurrilitas
1402 4526 1524 4584 quae
1546 4510 1614 4566 ad
1645 4524 1760 4566 rem
1792 4524 1903 4566 non
1934 4525 2063 4581 per-

488 4604 688 4669 tinent,
718 4618 788 4658 ne
816 4602 1173 4659 nominentur
1200 4601 1427 4673 quidem
1460 4603 1518 4657 in
1548 4602 1708 4658 vobis
1742 4602 1807 4657 “.
1839 4620 1857 4654 ι
1894 4601 2065 4657 Multo

2167 3786 2303 3861 μηδὲ
2364 3784 2718 3857 ὀνομαζέσθω
2767 3785 2826 3837 ὲν
2879 3783 3030 3854 ὑμῖν.
3072 3802 3091 3836 ι
3136 3782 3600 3855 Λυσιτελέστερον
3650 3777 3729 3835 οὖν

2165 3882 2316 3933 ἐστιν
2348 3877 2577 3949 μᾶλλον,
2623 3874 3054 3945 καταγελᾶσθαι,
3087 3875 3121 3947 ἢ
3158 3870 3495 3947 καταγελᾷν.
3539 3876 3730 3928 Δίκαιοι

2162 3969 2274 4040 γάρ
2321 3967 2753 4037 καταγελῶνται.
2808 3966 3206 4038 Παραδίδονται
3251 3966 3363 4038 γὰρ
3418 3967 3503 4030 εἰς
3559 3968 3731 4038 χεῖρας

2165 4059 2509 4131 ἁμαρτωλῶν
2539 4058 2661 4132 [καὶ
2700 4058 2965 4130 άσεϐῶν],
3014 4058 3157 4113 κατὰ
3202 4057 3295 4111 τὸν
3362 4058 3510 4112 Ἰὼϐ.
3559 4060 3664 4113 Kal
3706 4060 3731 4111 6

2179 4151 2456 4223 Ὑμνῳδός
2478 4166 2644 4222 φησιν
2666 4164 2680 4180 ο
2708 4167 2728 4201 ι
2754 4151 2889 4204 Κατ’
2918 4149 3054 4219 ἐμοῦ
3079 4149 3407 4220 ὴδολέσχουν
3430 4150 3481 4203 oi
3502 4148 3731 4218 καθήμεο

2164 4260 2245 4297 νοι
2278 4245 2336 4297 ὲν
2373 4241 2545 4313 πύλῃ,
2574 4242 2671 4295 καὶ
2690 4241 2772 4305 είς
2796 4240 2898 4311 ἐμὲ
2930 4240 3162 4310 ἔψαλλον
3187 4242 3237 4293 oi
3262 4238 3519 4305 πίνοντες
3547 4236 3725 4293 οἶνον.»

2165 4336 2275 4391 Καί
2298 4352 2312 4369 ο
2354 4354 2375 4389 ι
2410 4337 2473 4389 Ol
2501 4334 2801 4405 ὀνειδισμοὶ
2818 4333 2928 4387 τῶν
2957 4333 3333 4398 ὀνειδιζόντων
3362 4349 3446 4399 σε,
3475 4334 3730 4385 ἐπέπεσαν

2165 4428 2251 4481 ἐπ’
2282 4427 2404 4499 ὲμέ.
2437 4445 2457 4480 ι
2500 4425 2835 4497 Φοϐηθῶμεν
2864 4420 2959 4479 οῦν
2990 4425 3089 4478 τοῦ
3134 4424 3343 4495 Κυρίου
3384 4425 3487 4495 τὴν
3518 4422 3729 4493 ἀπειλὴν

2163 4519 2413 4590 λέγοντος
2438 4535 2452 4552 ·
2485 4539 2503 4571 ι
2530 4519 2667 4572 Οὐαὶ
2695 4520 2743 4572 οἱ
2769 4518 3040 4588 γελῶντες
3061 4517 3181 4584 νῦν,
3201 4518 3283 4571 ὅτι
3308 4516 3577 4571 κλαύσετε
3604 4558 3618 4582 ,
3649 4515 3731 4569 καὶ

2166 4611 2484 4684 θρηνήσετε.
2522 4630 2544 4666 ι
2605 4610 2960 4682 ’Δποστῶμεν
3010 4608 3107 4663 οῦν
3154 4611 3251 4663 καὶ
3297 4609 3393 4663 τοῦ
3436 4606 3730 4677 καταγελᾷν

486 4694 655 4763 igitur
680 4691 954 4763 profuerit
981 4692 1227 4751 derideri
1251 4703 1326 4759 te,
1361 4709 1532 4764 quam
1590 4708 1764 4748 unum
1821 4694 2059 4763 aliquem

2163 4678 2334 4766 τινος
2375 4702 2510 4756 Ἀπὸ
2547 4702 2656 4774 γὰρ
2686 4678 2920 4771 ἀφοϐίας
2951 4700 3091 4755 Θεοῦ
3134 4701 3350 4770 γίνεται
3397 4700 3462 4753 τὸ
3512 4712 3729 4764 καταγι-

486 4794 548 4839 ιιι
582 4785 700 4855 ipse
738 4785 1015 4841 derideas.
1076 4784 1217 4842 Justi
1264 4784 1412 4841 enim
1461 4784 1671 4841 derisui
1708 4800 1772 4840 ac
1813 4784 2059 4841 ludibrio

485 4874 677 4930 haberi
709 4875 911 4941 solent,
945 4890 1056 4932 non
1082 4875 1214 4932 item
1242 4874 1540 4943 deridere;
1568 4875 1862 4931 traduntur
1907 4876 2060 4931 enim

484 4965 542 5020 in
565 4982 760 5022 manus
778 4976 1134 5038 peccatorum
1154 4970 1220 5036 ",
1238 4969 1395 5041 juxta
1419 4969 1566 5025 beati
1582 4968 1687 5025 Job
1706 4970 2058 5027 sententiam.

484 5058 554 5114 Et
576 5060 936 5119 mellicusille
967 5070 1270 5119 conceutor
1292 5064 1622 5136 hymnorum
1648 5081 1661 5118 :
1702 5082 1720 5116 ι
1751 5064 2057 5120 Adversum

485 5163 573 5205 me
623 5149 1013 5218 loquebantur,
1072 5152 1169 5223 qui
1206 5153 1474 5211 sedebant
1508 5155 1565 5210 in
1598 5163 1777 5226 porta,
1802 5166 1859 5210 et
1888 5155 1945 5210 in
1972 5170 2061 5211 me

486 5241 812 5310 psallebant,
845 5244 941 5314 qui
964 5235 1439 5303 bibebantvinum
1474 5249 1540 5302 ".
1577 5266 1596 5301 ι
1634 5248 1742 5303 Et:
1792 5266 1811 5300 ι
1845 5246 2061 5318 Oppro-

486 5333 605 5387 bria
640 5337 1091 5405 exprobrantium
1122 5341 1221 5398 tibi
1259 5341 1584 5399 ceciderunt
1617 5358 1782 5413 super
1819 5358 1909 5398 me
1933 5342 1999 5396 ’⁷.
2037 5360 2055 5391 ι

2164 4794 2265 4867 λᾷν
2289 4809 2303 4824 ·
2336 4793 2423 4847 ἴνα
2446 4793 2522 4865 μὴ
2550 4792 2879 4863 ἀκούσωμεν
2906 4792 3003 4847 καὶ
3022 4794 3184 4864 ἡμεῖς
3207 4792 3361 4863 παρὰ
3382 4791 3480 4845 τοῦ
3512 4790 3728 4860 Κυρίου,

2172 4905 2191 4939 ι
2214 4885 2539 4957 Ὑποκριτὰ,
2567 4884 2766 4939 ἔκϐαλε
2798 4883 3014 4956 πρῶτον
3035 4886 3135 4956 τὴν
3155 4883 3312 4937 δοκὸν
3337 4885 3401 4936 ὲκ
3420 4882 3517 4936 τοῦ
3541 4880 3728 4951 ὀφθαλο

2168 4977 2271 5051 μοῦ
2304 4995 2421 5033 σου.
2450 4996 2469 5030 ι
2501 4976 2613 5031 Καὶ
2647 4977 2811 5031 πάλιν
2844 4992 2860 5008 ·
2913 4995 2932 5029 ι
2976 4976 3037 5030 '0
3082 4975 3318 5047 πονηρὸς
3353 4974 3636 5046 ἄνθρωπος
3674 4974 3728 5025 ἐκ

2165 5068 2261 5124 τοῦ
2286 5067 2528 5141 πονηροῦ
2556 5067 2831 5140 θησαυροῦ
2859 5070 2960 5138 τῆς
2987 5067 3218 5138 καρδίας
3247 5066 3415 5121 αὑτοῦ
3441 5064 3726 5137 προσφέρει

2167 5160 2228 5214 τὸ
2248 5159 2509 5231 πονηρόν.
2558 5150 2654 5211 Ἐκ
2683 5158 2793 5230 γὰρ
2837 5157 2933 5211 τοῦ
2968 5157 3410 5228 περισσεύματος
3453 5157 3554 5226 τῆς
3614 5168 3729 5221 καρ·

2168 5251 2286 5315 δίας
2321 5249 2487 5305 αὐτοῦ
2520 5249 2673 5303 λαλεῖ
2692 5251 2753 5303 τὸ
2786 5250 2984 5322 στόμα.
3022 5269 3041 5301 ι
3080 5249 3172 5322 Τῷ
3198 5249 3254 5304 δὲ
3288 5248 3510 5321 Χριστῷ
3542 5248 3726 5316 πρέπει

2169 5340 2296 5407 δόξα
2324 5344 2403 5406 είς
2426 5342 2552 5405 τοὺς
2582 5342 2802 5405 αίῶνας.
2841 5343 3032 5413 Ἀμήν.

486 5426 703 5483 Domini
752 5429 937 5500 itaque
978 5432 1485 5492 interminationem
1520 5435 1667 5491 illam
1730 5435 1821 5506 pio
1852 5444 2092 5490 tremore
2132 5436 2347 5491 accensi
2417 5450 2773 5491 revereamur
2816 5451 2924 5505 qua
2974 5434 3153 5491 dicit:
3220 5455 3238 5487 ι
3271 5436 3362 5490 Vze
3410 5432 3504 5503 qui
3545 5428 3724 5485 ridetis

485 5533 653 5584 nunc,
684 5522 812 5591 quia
847 5521 1051 5580 ﬂebitis
1096 5534 1153 5581 et
1191 5525 1448 5597 lugebitis
1471 5528 1536 5584 ".
1576 5546 1595 5579 ι
1649 5528 1936 5585 Neminem
1968 5529 2233 5598 deinceps
2288 5527 2593 5583 habeamus
2656 5527 2862 5582 derisui
2886 5527 3116 5599 (derisio
3172 5527 3321 5582 enim
3370 5523 3600 5596 proximi
3633 5533 3721 5590 per

552 5653 608 5726 "_
632 5653 821 5726 Matth.
854 5674 968 5725 xm,
1006 5658 1191 5714 54-57.
1270 5658 1312 5690 ¹⁸
1348 5658 1536 5715 Matth.
1569 5675 1622 5723 v.
1649 5662 1699 5717 5.
1776 5664 1823 5696 η
1850 5662 2021 5719 Eccli.
2056 5680 2150 5724 vn.
2182 5662 2273 5717 12.
2344 5661 2389 5693 ’θ
2414 5662 2581 5715 Prov.
2614 5676 2746 5726 xv",
2774 5662 2829 5717 5.
2904 5664 2948 5694 ’¹
2970 5663 3134 5718 Prov.
3170 5679 3295 5724 xxx,
3334 5662 3418 5715 i7.
3494 5658 3540 5688 ²²
3564 5656 3717 5726 Pr"-

786 5731 829 5762 ³³
860 5724 974 5787 Jac.
1008 5745 1090 5793 ιιι,
1121 5729 1208 5782 15.
1320 5730 1366 5762 ’⁸
1396 5730 1595 5800 Ephes.
1619 5748 1673 5795 v,
1699 5734 1751 5787 4.
1866 5736 1911 5766 ⁸⁵
1935 5732 2039 5788 Job

2188 5732 2269 5787 12.
2387 5734 2432 5762 ’⁸
2467 5732 2610 5787 Psal.
2657 5724 2844 5799 vaut,
2885 5733 2971 5789 l5.
3068 5735 3110 5767 "
3152 5734 3283 5788 ibid.
3338 5730 3486 5793 {0...
3512 5728 3557 5760 "
3590 5725 3716 5779 Luc.
