4028 6534
346 424 486 493 1585

912 436 1242 497 HOMILIA
1280 438 1668 498 XLIX.-DE
1709 434 2056 498 PROXIMO
2095 436 2249 505 NON
2286 438 2602 499 TEMERE
2641 431 3031 498 CONDEMN.

3481 424 3619 490 1586

343 539 447 598 hoc
475 540 567 605 sit,
598 543 729 613 quia
761 544 918 600 abest
941 547 1038 602 Dei
1075 547 1281 617 timor),
1308 564 1379 603 ne
1414 549 1607 603 audire
1638 547 1921 617 contingat
1960 561 2062 600 nos
2100 561 2129 599 a
2174 547 2406 602 Domino
2435 565 2448 601 :
2491 567 2509 598 ι
2541 545 2861 619 llypocrita,
2898 542 3039 614 ejice
3100 539 3336 611 primum
3403 540 3616 593 trabem

339 650 405 686 ex
430 634 594 689 oculo
628 646 724 691 tuo
778 637 846 692 ”.
888 658 905 689 ι
958 638 1029 693 Ει
1088 655 1281 695 rursus

1342 658 1354 693 :
1415 658 1434 691 ι
1476 641 1650 695 Malus
1705 641 1873 694 homo
1924 638 1993 691 de
2066 638 2209 691 malo
2278 638 2538 693 thesauro
2593 637 2778 694 cordis
2828 634 2915 690 sui
2971 630 3184 703 profert
3234 632 3486 699 malum;
3546 649 3617 690 ex

340 727 678 783 abundantia
704 729 850 784 enim
873 730 1057 786 cordis
1077 746 1141 786 os
1174 730 1421 802 loquitur
1449 734 1516 787 '°.
1554 752 1572 785 ι
1609 731 1714 801 Ipsi
1741 729 1914 801 gloria
1953 728 2008 782 in
2037 729 2256 784 saecula.
2288 729 2485 783 Amen.

923 850 1163 905 ΛΟΓΟΣ.
1200 850 1333 905 MU.

695 961 835 1028 Περὶ
873 960 982 1016 τοῦ
1035 962 1124 1031 μὴ
1163 968 1567 1035 κατακρίνειν.

412 1069 488 1123 Τὸ
543 1073 895 1142 κατακρίνειν
936 1076 952 1115 i
993 1078 1176 1148 χεῖρον
1221 1078 1439 1133 πάντων
1472 1081 1640 1135 ἐστίν.
1674 1081 1783 1148 Οὒς
1814 1082 1922 1155 γάρ

343 1162 613 1235 δοκοῦμεν
639 1166 798 1237 ἡμεῖς
819 1169 1199 1240 κατακρίνειν,
1234 1172 1436 1227 ἐκεῖνοι
1470 1174 1569 1245 μὲν
1595 1173 1691 1229 τοῦ
1724 1174 1925 1247 βάρους

342 1253 727 1324 ἐλαφροῦνται,
755 1257 919 1328 ἡμεῖς
942 1259 998 1313 δὲ
1021 1257 1138 1314 ἀντ’
1155 1255 1347 1316 αὐτῶν
1367 1264 1802 1336 ἀχθοφοροῦμεν,
1829 1266 1925 1321 καὶ

342 1345 715 1415 εὑρισκόμεθα
793 1348 1022 1414 ἑαυτοὺς
1083 1353 1531 1423 κατακρίνοντες.
1598 1356 1757 1430 Πάσῃ
1832 1353 1926 1412 οὖν

345 1440 574 1511 σπουδῇ,
596 1441 893 1511 ἀγαπητοὶ,
936 1443 1204 1515 φύγωμεν
1226 1444 1323 1499 τοῦ
1357 1445 1435 1517 μὴ
1456 1452 1810 1518 κατακρίνειν
1840 1469 1925 1506 τι·-

345 1534 461 1597 νάς.
493 1533 735 1596 Ὄνειδος
757 1534 867 1605 γὰρ
894 1537 1031 1606 ἡμῖν
1051 1538 1166 1591 ἐστι
1194 1538 1359 1607 μέγα,
1391 1540 1587 1595 ἀνίατα
1608 1544 1920 1613 νοσοῦντας,

345 1628 438 1681 καὶ
463 1626 690 1680 δυσίατα
712 1626 844 1699 ἕλκη
869 1628 1112 1699 ἔχοντας,
1148 1631 1246 1684 καὶ
1267 1631 1571 1703 ὑποχρέους
1593 1636 1755 1701 ὄντας
1777 1639 1925 1710 ἡμᾶς

345 1720 558 1793 μυρίων
582 1719 1023 1791 ὀφλημάτων,τά
1051 1719 1311 1793 ἀλλότρια
1344 1722 1668 1794 πταίσματα
1704 1744 1925 1800 περιερ-

343 1814 612 1883 γάζεσθαι
665 1814 763 1869 καὶ
794 1813 1178 1870 κατοπτεύειν.
1200 1814 1275 1869 Οὐ
1314 1815 1426 1887 γὰρ
1457 1817 1629 1873 καλὸν
1660 1827 1926 1895 κατακρῖ-

343 1925 434 1961 ναι
475 1907 570 1961 τὸν
608 1908 832 1980 πόρνον,
870 1906 968 1962 ὲάν
1002 1906 1099 1962 τοῦ
1128 1908 1321 1964 λοιποῦ
1354 1912 1707 1985 σωφρονήσῃ,
1741 1916 1923 1969 Καλὸν

339 1997 398 2052 δὲ
430 2000 622 2067 φυγεῖν
668 1998 771 2070 τὴν
801 2000 1023 2070 πρᾶξιν,
1051 1999 1128 2073 μὴ
1158 1999 1352 2069 ψέγειν
1380 2000 1473 2056 τὸν
1510 2002 1817 2075 πράξαντα.
1862 2003 1923 2061 Ὀ

339 2092 450 2161 γὰρ
477 2088 667 2156 εἰπὼν,
705 2110 723 2143 ι
758 2090 834 2145 Οὐ
868 2089 1140 2164 φονεύσῃς
1166 2132 1182 2159 ,
1216 2111 1236 2145 ι
1276 2086 1453 2160 εἶπεν,
1490 2113 1509 2148 ι
1543 2096 1617 2149 Ub
1653 2098 1925 2170 κατακρίο

2568 847 2857 905 llOMlLlA
2896 845 3086 902 XLIX.

2171 956 2296 1012 Non
2323 965 2516 1013 temere
2548 958 3009 1015 condemnandum
3029 975 3139 1015 esse
3154 960 3475 1031 proximum.

2097 1067 2461 1125 Pronuntiare
2503 1069 2559 1124 in
2603 1069 2829 1126 fratrem
2876 1072 3246 1128 damnationis
3286 1070 3617 1127 sententiam

2026 1160 2278 1230 nunquid
2298 1175 2409 1216 non
2430 1169 2628 1216 caetera
2646 1168 2839 1232 suapte
2855 1162 3195 1234 malignitate
3215 1162 3559 1233 antegreditu
3569 1161 3618 1215 r?

2026 1254 2161 1311 Nam
2186 1272 2326 1327 quos
2346 1257 2427 1313 sic
2455 1267 2659 1314 temere
2686 1256 3056 1316 condemnare
3084 1260 3359 1325 videmur,
3387 1259 3526 1314 adeo
3547 1259 3615 1313 il-

2024 1346 2107 1403 los
2132 1363 2243 1402 non
2266 1363 2579 1420 gravantus,
2602 1358 2664 1404 ut
2682 1350 2985 1408 allevemus
3011 1353 3207 1423 magis,
3238 1351 3369 1407 dum
3394 1350 3616 1405 interim

2026 1456 2147 1511 quae
2164 1441 2287 1497 illos
2307 1442 2537 1513 urgebat
2560 1444 2762 1499 molem
2780 1445 3001 1515 judicii,
3015 1445 3070 1500 in
3088 1437 3305 1501 nosmet
3324 1454 3511 1501 nostra
3534 1454 3617 1503 te-

2027 1534 2278 1588 meritate
2296 1534 2652 1600 reclinamus,
2674 1537 3117 1607 etcomperimur
3134 1538 3189 1592 in
3209 1553 3312 1592 nos
3332 1537 3479 1607 ipsos
3492 1553 3613 1593 eam

2025 1626 2394 1682 damnationis
2453 1643 2746 1683 censuram
2796 1629 3149 1700 detorquere.
3203 1629 3365 1685 Omni
3428 1633 3615 1701 itaque

2025 1721 2232 1786 studio,
2282 1720 2657 1787 dilectissimi,
2723 1722 3135 1792 providendum
3195 1724 3379 1787 nobis,
3433 1733 3494 1779 ut
3544 1740 3615 1779 ne

2024 1829 2189 1884 quem
2240 1814 2694 1870 condemnemus.
2721 1814 2939 1881 Quanto
2964 1815 3110 1869 enim
3157 1814 3429 1870 dedecore
3465 1815 3615 1885 digni

2024 1920 2148 1971 nos,
2179 1906 2272 1975 qui
2321 1920 2448 1960 cum
2501 1905 2797 1961 incurabili
2840 1921 2907 1961 ex
2956 1920 3016 1961 se
3054 1906 3249 1961 morbo
3275 1906 3614 1972 laboremus,

2024 2015 2149 2053 cum
2181 1998 2390 2055 animas
2412 1999 2715 2055 habeamus
2737 1996 3021 2053 ulceribus
3041 1998 3194 2053 nullo
3223 2013 3403 2069 prope
3431 2014 3615 2053 reme-

2024 2088 2118 2144 dio
2138 2090 2396 2146 sanandis
2423 2092 2625 2147 misere
2656 2090 2970 2163 suggillatas
2999 2106 3014 2155 ;
3039 2104 3165 2145 cum
3214 2090 3389 2145 simus
3415 2089 3617 2145 debitis

340 2201 459 2257 νης.
499 2203 516 2235 ι
550 2184 613 2238 Ei
643 2184 701 2238 δὲ
731 2184 1108 2257 κατακρίνεις,
1142 2187 1242 2241 σὺν
1269 2185 1447 2258 τούτῳ
1480 2189 1823 2263 κατακρίνῃ,
1858 2190 1925 2244 δι’

2030 2182 2279 2249 obnoxii,
2304 2183 2442 2237 nulli
2492 2181 2838 2254 explicandis
2882 2180 3017 2247 (tam
3044 2180 3218 2235 amita
3272 2181 3448 2248 sunt),
3482 2181 3619 2236 alie-

338 2271 415 2330 ὧν
442 2277 605 2331 αὑτὸν
639 2278 1015 2350 κατακρίνεις.
1040 2278 1117 2333 Οὐ
1149 2278 1261 2351 γὰρ
1283 2278 1441 2350 ἡμῶν
1470 2281 1586 2334 ἐστι
1618 2281 1682 2335 τὸ
1711 2284 1921 2354 κρῖναι,

340 2370 374 2439 ἢ
415 2369 769 2440 κατακρίναι,
796 2366 932 2421 ἀλλά
965 2366 1131 2437 μόνου
1152 2365 1289 2421 Θεοῦ
1320 2367 1419 2421 καὶ⁸
1442 2366 1682 2439 μεγάλου
1708 2368 1921 2440 κριτοῦ,

340 2459 436 2512 τοῦ
468 2456 839 2529 ἐπισταμένου
871 2457 971 2519 τὰς
1006 2456 1241 2529 καρδίας
1262 2456 1443 2527 ἡμῶν,
1473 2457 1569 2511 καὶ
1605 2457 1676 2511 τά
1704 2458 1925 2529 κρυπτά

342 2550 489 2621 πάθη
524 2552 623 2620 τῆς
655 2538 893 2619 φύσεως.
930 2548 1030 2613 Τίς
1060 2547 1172 2621 γὰρ
1200 2550 1541 2619 καυχήσεται
1575 2549 1749 2621 ἀγνὴν
1779 2549 1925 2621 ἔχειν

338 2642 438 2713 τὴν
464 2639 783 2712 καρδίαν;ἢ
814 2638 901 2704 τίς
931 2637 1405 2711 παρῤησιάσὲται,
1440 2638 1640 2707 λέγων,
1671 2657 1691 2690 ι
1731 2638 1925 2693 Καθα-

344 2734 436 2805 ρός
496 2735 613 2805 είμι
665 2731 775 2787 ἀπὸ
810 2730 1129 2804 ἀμαρτιῶνς
1166 2750 1185 2783 ι
1221 2730 1314 2802 Μὴ
1349 2728 1443 2784 οὖν
1490 2730 1783 2801 προπετῶς
1833 2731 1926 2784 καὶ

341 2827 724 2889 ἀϐασανίστως
760 2823 1231 2895 ἀπογινώσκωμεν
1270 2824 1398 2887 τοὺς
1441 2824 1739 2888 πταίοντας
1768 2865 1783 2888 ,
1821 2822 1926 2876 κᾶν

340 2923 420 2984 εἰς
447 2920 589 2974 αύτά
613 2918 683 2972 τὰ
703 2918 910 2989 ἔσχατα
931 2918 1033 2989 τῆς
1061 2916 1264 2980 κακίας
1291 2916 1623 2986 ἀφίκωνται,
1664 2913 1767 2969 κᾶν
1797 2914 1925 2985 ἔρη-

344 3027 435 3082 μοι
463 3012 564 3082 τῆς
595 3010 800 3081 ἀρετῆς
832 3008 1123 3077 γένωνται,
1149 3007 1247 3062 καὶ
1283 3006 1672 3079 ἀποσχυνθῶσι
1714 3005 1928 3077 μακρό-

338 3119 520 3175 τερον,
552 3101 657 3156 κᾶν
680 3103 885 3168 πᾶσαν,
915 3100 1059 3155 κατά
1090 3099 1149 3153 τὸ
1174 3098 1525 3170 φαινόμενον,
1555 3097 1926 3168 ὲξαφανίσωσι

338 3195 440 3266 τὴν
494 3193 635 3248 κατά
687 3191 853 3263 φύσιν
894 3192 1192 3265 καλλίστην
1223 3192 1586 3248 κατάστασιν.
1624 3191 1787 3255 Εἰκὸς
1815 3192 1926 3264 γὰρ

340 3289 467 3351 τοὺς
494 3286 770 3349 τοιούτους
797 3286 931 3339 ποτὲ
973 3285 1402 3353 ὲξυπνισθέντας
1449 3283 1592 3356 πρὸς
1624 3284 1760 3338 Θεὸν
1791 3286 1925 3339 ἀνα-

341 3379 558 3448 ϐλέψαι,
591 3378 688 3432 καὶ
714 3377 970 3432 τοσοῦτον
998 3376 1259 3446 γενέσθαι
1288 3377 1459 3445 ἐγγὺς
1486 3376 1598 3429 τῶν
1622 3376 1799 3447 ποδῶν
1830 3376 1924 3431 τοῦ

238 3522 253 3533 ,
341 3472 593 3542 Κυρίου,
624 3472 735 3542 ὅσῳ
800 3470 1145 3542 μακρότερον
1199 3470 1472 3541 ὑπῆρχον.
1521 3470 1682 3524 Ἐστι
1735 3469 1927 3539 γοῦνό

308 5571 330 5631 f

339 3566 662 3620 όλισθαίνων
708 3564 883 3634 λόγῳ,
908 3564 1005 3617 καὶ
1045 3563 1148 3617 οὐκ
1179 3562 1289 3618 ἀπὸ
1316 3562 1496 3635 ψυχῆς
1515 3580 1530 3595 ’
1569 3563 1655 3627 τίς
1690 3562 1748 3617 δέ
1779 3564 1927 3617 ἐστιν

340 3660 403 3720 ὃς
454 3659 553 3730 ούχ
611 3659 862 3731 ἥμαρτεν
903 3658 963 3711 ὲν
991 3656 1214 3728 γλώσσῃ
1270 3653 1471 3724 αὐτοῦς
1517 3654 1716 3725 Ἡμεῖς
1766 3651 1861 3711 οὖν
1891 3655 1927 3711 ἀ

344 3752 799 3824 προετάχθημεν,
832 3748 1009 3804 ταῦτα
1052 3748 1451 3822 διανοηθῶμεν,
1487 3748 1792 3814 τουτέστιν,
1829 3749 1925 3804 τοῦ

343 3843 562 3898 πενθεῖν
584 3843 682 3897 καὶ
700 3841 911 3896 κλαίειν
932 3842 1001 3896 τά
1026 3841 1241 3896 ἑαυτῶν
1270 3839 1657 3913 ἐλαττώματα,
1684 3842 1780 3895 καὶ
1810 3841 1929 3896 δέε-

345 3938 471 3993 σθαι
507 3937 604 3992 τοῦ
661 3937 796 3991 Θεοῦ
843 3934 1144 4009 καθαρίσαι
1198 3936 1351 4007 ἡμᾶς
1385 3935 1497 3990 ἀπὸ
1546 3936 1649 4007 τῆς
1681 3936 1927 4008 σαπρίας

344 4030 524 4102 ἡμῶν,
560 4029 657 4084 καὶ
690 4029 1039 4100 συμπάσχειν
1074 4028 1173 4084 καὶ
1204 4028 1493 4097 συναλγεῖν
1526 4032 1639 4092 τοῖς
1665 4029 1927 4101 ὁμογενέ-

343 4140 421 4184 σι,
454 4123 551 4176 καὶ
580 4120 1030 4192 ωσσὼμοις,καὶ
1054 4119 1426 4191 ὁμοχρίστοις.
1464 4120 1554 4174 Ἐν
1580 4105 1928 4194 τούτοιςγὰρ

343 4215 722 4283 εὐαρεστεῖται
749 4213 777 4266 ὁ
811 4211 967 4275 Θεός.
1005 4209 1345 4265 Ἐπιστέλλει
1392 4209 1449 4263 δὲ
1483 4211 1578 4264 καὶ
1604 4213 1632 4264 ό
1664 4211 1928 4266 Ἀπόστο·

343 4304 435 4368 λος
457 4347 473 4372 ,
502 4304 701 4373 λέγων,
738 4322 758 4356 ι
794 4303 867 4356 Σὺ
910 4301 965 4356 τί
1011 4302 1220 4374 κρίνεις
1260 4300 1352 4355 τὸν
1380 4301 1613 4369 ἀδελφόν
1660 4318 1797 4367 σου;
1837 4321 1857 4355 ι
1892 4303 1926 4374 ἦ

346 4398 441 4451 καὶ
472 4397 538 4450 σὺ
564 4395 616 4449 τί
642 4394 946 4463 ἐξουθενεῖς
972 4393 1063 4447 τὸν
1091 4391 1322 4462 ἀδελφόν
1358 4408 1451 4444 σου
1478 4409 1493 4459 ;
1527 4409 1544 4442 ι
1581 4391 1789 4456 Πάντες
1818 4392 1928 4464 γὰρ

345 4485 819 4560 παραστησόμεθα
868 4483 946 4556 τῷ
986 4484 1194 4555 βήματι
1223 4482 1316 4536 τοῦ
1355 4481 1621 4553 Χριστοῦ.
1657 4477 1807 4554 'Apa
1833 4478 1929 4537 οὖν

344 4581 578 4643 ἕκαστος
624 4580 757 4650 περὶ
807 4576 1004 4632 ἑαυτοῦ
1038 4577 1197 4647 λόγον
1223 4574 1387 4629 δώσει
1415 4575 1495 4647 τῷ
1536 4574 1682 4647 Θεῷ.
1712 4577 1931 4648 Μηκέτι

344 4670 439 4727 οὖν
465 4672 731 4743 ἀλλήλους
766 4671 1047 4742 κρίνωμεν
1066 4710 1081 4737 ,
1116 4668 1254 4722 ἀλλά
1282 4667 1442 4735 τοῦτο
1470 4668 1695 4740 κρίνατε
1725 4669 1931 4739 μᾶλλον

346 4774 407 4821 τὸ
444 4766 521 4838 μὴ
555 4765 763 4820 τιθέναι
811 4765 1148 4833 πρόσκομμα
1196 4760 1276 4832 τῷ
1313 4760 1532 4832 ἀδελφῷ
1566 4762 1648 4824 είς
1698 4760 1932 4815 σκάνδα-

2028 2289 2099 2329 na
2129 2274 2349 2329 interim
2378 2275 2652 2329 minutula
2686 2283 2868 2330 errata
2898 2273 3209 2329 excutimus
3235 2274 3528 2338 curiosius,
3551 2288 3618 2328 ac

2027 2373 2141 2421 tota
2173 2366 2373 2421 mentis
2402 2366 2521 2422 acie
2556 2367 2998 2438 contemplamur
3027 2376 3083 2423 et
3112 2367 3467 2438 exploramus
3491 2368 3515 2420 ?
3543 2368 3615 2422 At

2024 2474 2097 2514 ne
2154 2458 2509 2513 fomicarium
2540 2457 2763 2528 quidem
2796 2458 2967 2515 debes
3008 2460 3281 2514 sententia
3310 2460 3617 2529 percellere

2028 2550 2418 2615 damnationis,
2450 2550 2497 2605 is
2529 2550 2696 2605 modo
2738 2550 2843 2606 sibi
2884 2550 3246 2621 imposterum
3288 2558 3552 2620 temperet
3584 2566 3618 2607 a

2027 2642 2415 2709 fornicatione,
2438 2651 2495 2698 et
2527 2642 2595 2696 ad
2617 2641 2743 2697 vitae
2773 2642 3019 2698 melioris
3044 2657 3101 2698 se
3126 2642 3355 2713 recipiat
3381 2641 3614 2712 frugem.

2027 2733 2423 2805 Operationem
2457 2734 2632 2803 ipsam
2679 2734 3065 2789 fornicationis
3086 2735 3294 2789 bonum
3324 2743 3409 2789 est
3444 2744 3500 2788 ut
3534 2734 3617 2789 νὶ-

2029 2835 2151 2894 tes;
2187 2843 2315 2882 eum
2339 2836 2523 2882 autem
2555 2827 2649 2897 qui
2690 2826 2745 2882 id
2777 2826 3004 2881 admisit
3028 2824 3242 2897 flagitii,
3279 2842 3348 2881 ne
3381 2842 3616 2881 concer-

2028 2933 2128 2988 pas
2151 2918 2571 2978 amarulentius.
2586 2919 2690 2988 Qui
2706 2919 2855 2976 enim
2875 2919 3016 2974 dixit
3042 2935 3055 2975 :
3082 2938 3100 2970 ι
3130 2922 3253 2975 Non
3272 2919 3492 2975 occides
3510 2920 3576 2987 ",
3592 2939 3611 2972 ι

2027 3012 2220 3082 utique
2271 3019 2329 3069 et
2387 3011 2523 3068 illud
2568 3012 2746 3080 dixit,
2790 3032 2810 3065 ‹
2847 3012 2967 3069 Non
3032 3012 3428 3069 condemnabis
3456 3011 3545 3066 ³⁸⁸.
3590 3030 3610 3063 ι

2026 3103 2184 3171 Quod
2240 3106 2286 3161 si
2339 3105 2696 3172 condemnas,
2725 3106 2838 3177 jam
2892 3122 2991 3177 per
3038 3105 3231 3161 eadem
3262 3105 3479 3177 iudicas
3514 3120 3617 3174 per

2027 3211 2148 3267 qum
2203 3205 2260 3251 et
2310 3196 2666 3252 condemnas.
2698 3196 2867 3267 Atqui
2910 3197 3233 3267 neutiquam
3278 3208 3483 3254 nostrm
3531 3206 3619 3253 est

2028 3288 2333 3345 functionis
2365 3289 2434 3344 de
2483 3290 2662 3344 salute
2700 3288 2869 3344 ullius
2897 3289 3109 3360 judicio
3138 3291 3223 3345 vel
3274 3290 3615 3347 condemna-

2027 3379 2179 3435 tione
2227 3381 2566 3447 decernere;
2603 3381 2699 3436 sed
2756 3382 2926 3447 illius,
2957 3392 3013 3438 et
3072 3384 3236 3454 plane
3285 3385 3615 3454 solius,qui

2029 3472 2255 3528 intimos
2283 3488 2536 3528 recessus
2568 3474 2753 3529 cordis
2786 3474 2963 3529 nostri
3008 3475 3316 3529 clarissime
3347 3475 3524 3541 novit,
3557 3482 3616 3529 et

2031 3564 2408 3621 retrusissima
2436 3581 2668 3637 quaeque
2727 3575 2937 3622 natum
2977 3567 3148 3624 totius
3184 3566 3441 3638 intelligit
3486 3584 3615 3638 per-

2029 3658 2396 3729 spectissime.
2427 3659 2564 3726 Quis
2587 3674 2755 3729 porro
2778 3659 3105 3731 gloriabitur
3134 3660 3403 3714 mundum
3429 3658 3497 3715 se
3514 3661 3614 3714 lia-

2029 3751 2159 3807 bere
2190 3752 2463 3817 cor?aut,
2492 3752 2619 3822 quis
2652 3751 2802 3808 omni
2833 3768 2957 3808 cum
2985 3752 3183 3807 ﬁducia
3207 3753 3355 3808 ausit
3383 3752 3571 3807 dicere
3597 3769 3611 3805 :

2036 3864 2055 3898 ι
2092 3844 2328 3901 Mundus
2359 3860 2481 3901 sum
2510 3861 2541 3900 a
2567 3844 2809 3916 peccatis
2842 3844 2922 3899 "?
2958 3864 2977 3897 ι
3012 3844 3093 3901 Ne
3114 3845 3282 3916 igitur
3303 3845 3383 3901 sic
3404 3854 3613 3901 temere

2030 3946 2085 3993 et
2112 3937 2409 4008 inexpense
2442 3953 2638 3993 eorum
2662 3937 2758 4007 qui
2784 3946 3033 4006 peccant,
3058 3939 3418 4007 desperemus
3462 3939 3613 3992 salu-

2032 4038 2165 4093 tem,
2198 4028 2416 4083 tametsi
2467 4029 2535 4083 ad
2583 4028 2867 4084 dexteram
2913 4044 3089 4099 usque
3130 4028 3336 4084 lineam
3366 4031 3615 4099 provecti

2027 4124 2137 4195 jam
2189 4122 2303 4177 sint
2346 4121 2568 4177 malitiae
2610 4130 2668 4176 et
2716 4120 3111 4191 improbitatis,
3139 4122 3305 4177 etiam
3375 4122 3419 4176 si
3479 4122 3618 4177 tales

2031 4216 2181 4271 omni
2212 4215 2478 4270 virtutum
2512 4213 2888 4269 destituantur
2936 4213 3215 4284 praesidio,
3251 4215 3467 4285 1106
3495 4223 3551 4269 et
3583 4230 3615 4269 a

2032 4322 2091 4361 se
2125 4305 2392 4376 pudorem
2427 4320 2592 4375 quam
2625 4302 2944 4375 longissime
2983 4304 3320 4376 ablegarint,
3352 4306 3483 4361 licet
3518 4322 3618 4360 na-

2034 4407 2172 4452 tura:
2229 4396 2389 4451 istius
2444 4396 2762 4465 conspicuae
2807 4395 3281 4465 elegantissimum
3334 4414 3615 4468 quemque

2032 4486 2283 4540 ordinem
2306 4485 2693 4555 perverterint,
2716 4500 2781 4540 ac
2806 4485 3080 4556 pudendis
3108 4486 3328 4557 flagitiis
3352 4505 3618 4559 corrupe-

2036 4577 2165 4632 rint.
2206 4577 2309 4631 Par
2346 4584 2431 4629 est
2464 4575 2614 4629 enim
2645 4574 2874 4630 credere
2910 4575 3047 4629 tales
3090 4574 3388 4645 aliquando
3422 4592 3619 4647 exper-

2035 4678 2238 4733 rectos,
2264 4674 2321 4722 et
2348 4683 2379 4721 a
2418 4667 2570 4737 gravi
2622 4682 2733 4736 quo
2784 4668 3202 4737 premebantur,
3234 4676 3463 4724 veterno
3515 4686 3616 4724 ex-

2024 4776 2247 4824 cussos,
2288 4758 2353 4813 ad
2391 4759 2565 4813 Deum
2597 4767 2882 4813 erecturos
2923 4774 3046 4814 esse
3091 4759 3267 4813 aciem
3299 4760 3522 4825 mentis,
3559 4770 3618 4816 et

346 4861 491 4917 λον.»
520 4858 632 4914 Καὶ
652 4858 928 4929 ἐπιφέρει,
962 4874 980 4908 ι
1010 4855 1103 4943 Διὸ
1130 4854 1543 4925 ἀναπολόγητος
1563 4850 1633 4921 εἴ,
1656 4847 1701 4907 ὦ
1725 4854 1820 4908 άνθ
1832 4872 1926 4925 pw-

2038 4860 2190 4907 tanto
2257 4851 2485 4921 propius
2537 4865 2597 4906 se
2658 4850 3019 4919 advoluturos
3079 4851 3316 4919 pedibus
3373 4852 3612 4921 Domini,

349 4966 440 5013 πε,
471 4949 579 5011 πᾶς
610 4949 639 5001 ό
666 4946 869 5019 κρίνων
895 4962 909 4976 ο
939 4946 999 4998 ὲν
1032 4936 1077 5012 ᾧ
1126 4943 1236 5016 γὰρ
1290 4944 1523 5015 κρίματι
1586 4947 1793 5017 κρίνεις
1838 4944 1931 4998 τὸν

348 5042 556 5110 ἕτερον,
581 5040 809 5094 σεαυτὸν
831 5038 1185 5110 κατακρίνεις
1208 5053 1224 5070 ·
1254 5038 1324 5092 τά
1348 5037 1461 5110 γὰρ
1487 5037 1631 5092 αύτά
1660 5037 1933 5109 πράσσεις

348 5138 377 5189 ό
403 5134 621 5206 κρίνων.
661 5134 900 5206 Οἴδαμεν
927 5134 1039 5207 γάρ
1081 5134 1167 5188 ότι
1209 5132 1273 5186 τὸ
1299 5133 1479 5203 κρῖμα
1515 5129 1611 5185 τοῦ
1641 5129 1777 5183 Θεοῦ
1813 5130 1933 5185 ἐστι

350 5228 494 5282 κατὰ
522 5227 783 5299 ἀλήθειαν
818 5228 913 5282 ἐπὶ
962 5228 1090 5291 τοὺς
1143 5224 1215 5279 τά
1239 5224 1473 5279 ’τοιαῦτα
1524 5223 1928 5295 πράσσοντας.»

351 5319 462 5371 Καὶ
494 5318 672 5382 αὖθις,
715 5338 734 5369 ι
780 5319 1017 5390 Οἴδαμεν
1049 5318 1108 5373 δὲ
1143 5319 1237 5372 τὸν
1263 5316 1487 5370 εἰπόντα
1514 5332 1529 5347 ⁸
1567 5315 1726 5385 Ἐμοὶ
1787 5314 1934 5368 ἐκδί-

2035 4951 2245 5014 quanto
2289 4959 2349 4999 se
2386 4942 2608 5015 longius
2647 4942 3042 5013 disjunxerant.
3080 4944 3231 5008 Esto,
3262 4942 3387 5013 quis
3414 4944 3617 4998 labitur

2037 5037 2171 5108 (non
2217 5036 2329 5107 jam
2373 5035 2441 5089 de
2502 5035 2688 5090 anima
2720 5035 2957 5104 loquor),
2986 5036 3143 5106 quis,
3166 5052 3373 5105 quaeso,
3408 5046 3487 5091 est
3521 5036 3615 5106 qui

2036 5143 2146 5181 non
2180 5126 2266 5181 vel
2300 5126 2484 5198 lingua
2512 5142 2612 5182 sua
2655 5126 2950 5197 peccavit?
2976 5128 3087 5182 Nos
3124 5127 3293 5199 igitur
3320 5144 3442 5198 qua:
3472 5145 3615 5198 prae-

2035 5218 2380 5290 scripsimus,
2415 5217 2534 5273 haec
2564 5216 2869 5290 cogitemus
2916 5218 3134 5283 attenti,
3165 5218 3427 5272 nimirum
3487 5232 3616 5287 pro-

2035 5313 2186 5384 prios
2218 5310 2469 5367 defectus
2496 5319 2557 5366 ut
2589 5311 2896 5381 lugeamus,
2922 5310 3293 5382 lacrymarum
3323 5310 3615 5382 aspergine

418 5452 463 5483 ”
494 5452 633 5508 Luc.
668 5469 743 5519 v1,
774 5453 863 5507 49..
939 5452 984 5484 ³⁸
1024 5452 1159 5508 ibid.
1201 5454 1287 5509 45.
1368 5454 1409 5483 ⁸¹
1439 5453 1612 5511 Exod.
1640 5469 1731 5517 xx,
1766 5452 1853 5505 15.

2043 5449 2176 5503 Luc.
2220 5464 2297 5513 vi,
2329 5449 2420 5504 57.
2498 5448 2541 5480 ”
2576 5448 2739 5504 Prov.
2771 5463 2859 5513 xx,
2887 5446 2939 5501 9.

1653 5591 1738 5647 VA
1748 5590 1891 5648 Ille
1928 5589 2330 5647 LECTIONES.

435 5686 968 5758 iKataxpivew,_ut
1002 5684 1144 5756 apud
1179 5683 1442 5740 Basiliam
1476 5690 1526 5736 et
1579 5680 1990 5737 Damascenum.
2022 5679 2427 5758 Καταδικάζειν
2475 5680 2570 5758 καί
2611 5676 3065 5758 καταγινώσκειν,
3104 5686 3179 5733 est
3217 5677 3448 5758 deﬁnite,
3491 5695 3615 5749 pro-

355 5759 621 5822 nuntiare,
648 5750 813 5811 u'num
840 5750 1090 5827 aliquem,
1118 5772 1392 5827 nunquam
1438 5768 1607 5808 more:
1636 5761 1990 5827 mutaturum,
2019 5761 2115 5827 aut
2141 5752 2457 5827 damnatum
2474 5752 2545 5827 iri
2574 5768 2591 5805 :
2614 5750 2754 5827 quod
2782 5760 2858 5805 est
2886 5750 3460 5827 eximice_tenteritatis,
3485 5766 3613 5827 eum

354 5830 419 5881 de
447 5818 644 5883 nullius
673 5828 820 5893 (dum
858 5818 1002 5897 vivit)
1036 5818 1421 5897 desperandum
1474 5825 1788 5897 correctione
1828 5824 1899 5897 sit
1949 5833 1995 5875 et
2028 5824 2218 5879 salute.
2258 5821 2513 5893 Exemplo
2550 5818 2670 5876 sunt
2700 5821 2967 5878 Manassae
3009 5830 3056 5875 et
3090 5818 3251 5877 Latro
3293 5819 3382 5875 ille
3443 5822 3556 5891 pius
3592 5836 3611 5874 :

355 5900 470 5953 ride
502 5898 866 5970 praefationem
900 5894 1383 5970 ςκαρδιογνώστης
1420 5896 1557 5949 enim
1591 5904 1665 5948 est
1688 5894 1827 5948 solus
1864 5894 2023 5950 Deus.
