4028 6524
470 446 606 513 1587

1720 448 2085 508 ANTIOCHI
2122 447 2464 508 MONACHI

3553 445 3668 512 1588

466 564 876 625 ublitteremus,
904 563 1075 619 Deum
1125 578 1435 645 precemur
1484 563 1780 633 supplices,
1828 574 1885 619 et
1937 579 2033 633 per

2137 580 2313 635 κησις.
2347 562 2488 631 Ἐγὼ
2518 560 2904 628 ἀνταποδώσω,
2938 561 3089 631 λέγει
3149 560 3366 633 Κύριος.
3404 581 3421 614 ι
3450 563 3552 618 Kal
3601 565 3672 617 ὅτι

464 656 601 719 haec,
629 655 699 711 ab
726 656 1033 711 inveterata
1054 665 1110 711 et
1133 656 1344 710 cariosa
1373 644 1724 725 peccatorum
1749 655 2039 725 putredine

460 763 564 801 nos
590 748 739 817 ipsos
764 762 1169 818 expurgemus;
1205 762 1310 802 nec
1362 747 1563 810 solum,
1603 746 1701 801 sed
1743 760 1799 803 et
1848 748 2043 802 aliena:

460 838 864 909 compatiamur
921 839 1242 903 calamitati,
1298 848 1467 909 atque
1525 838 1929 894 indolescamus
1975 854 2043 892 ex

460 930 667 993 animo,
700 945 892 983 eorum
933 929 1168 983 maxime
1209 930 1303 999 qui
1348 930 1508 985 nobis
1533 929 1890 1001 germanitate
1914 930 2043 999 jun-

458 1031 682 1091 guntur,
710 1022 795 1075 vel
844 1021 1098 1092 generis,
1145 1023 1230 1077 vel
1271 1022 1397 1077 ﬁdei
1444 1038 1565 1093 quae
1632 1024 1687 1077 in
1755 1022 2037 1078 Christum

459 1124 565 1178 est,
622 1128 800 1183 eoque
882 1124 1014 1169 sunt
1070 1131 1459 1184 concorpores.
1525 1116 1628 1170 Per
1702 1116 1821 1170 haec
1905 1130 2036 1170 sane

458 1206 584 1274 quis
648 1206 743 1261 Dei
802 1207 978 1277 possit
1035 1206 1135 1261 tibi
1185 1208 1483 1263 conciliare
1532 1219 1589 1263 et
1647 1209 1882 1263 emereri
1919 1223 2042 1278 gra-

460 1296 615 1350 tiam.
647 1297 943 1368 Apostolus
967 1300 1197 1369 proinde
1223 1315 1320 1369 per
1340 1300 1637 1369 Epistolam
1661 1300 1737 1354 ait
1766 1318 1779 1353 :
1806 1300 1887 1355 Tn
1908 1300 2036 1370 quid

455 1388 675 1459 judicas
727 1390 954 1446 fratrem
1009 1401 1165 1447 tuum
1196 1394 1282 1445 88‘2
1310 1391 1419 1447 Aut
1464 1393 1630 1447 etiam
1678 1407 1777 1447 cur
1822 1393 2037 1463 spernis

461 1479 690 1536 fratrem
720 1486 920 1539 tuum?
959 1504 977 1537 ι
1013 1485 1219 1540 Omnes
1249 1485 1395 1539 enim
1428 1485 1882 1553 prausentahimur
1908 1496 2035 1539 ante

2137 659 2316 727 κρινεῖ
2339 654 2545 726 Κύριος
2575 655 2667 707 τὸν
2695 655 2822 708 λαὸν
2854 655 3045 709 αὑτοῦ.
3084 655 3313 726 Ὁμοίως
3341 656 3433 708 καὶ
3451 659 3477 710 6
3512 656 3676 711 Ἰάκω-

2137 749 2231 813 ϐος
2271 747 2444 800 ταῦτα
2498 746 2771 814 ἐπιλέγει,
2807 766 2825 798 ι
2866 742 2961 811 Εἷς
3010 749 3160 801 ἐστιν
3204 749 3232 801 6
3286 748 3569 819 νομοθέτης
3592 752 3677 806 καὶ

2139 840 2352 911 κριτὴς,
2381 841 2408 893 6
2440 840 2740 909 δυνάμενος
2772 840 2949 894 σῶσαι
2974 840 3068 893 καὶ
3099 840 3396 895 ἀπολέσαι·
3437 843 3497 895 σὺ
3526 842 3577 895 δὲ
3605 844 3679 905 τίς

2140 936 2169 987 6
2201 933 2405 1002 κρίνων
2434 933 2523 985 τὸν
2547 931 2811 1002 πλησίον;
2850 951 2868 982 ι
2906 934 3019 987 Kal
3048 931 3214 984 πάλιν
3247 933 3274 984 6
3316 930 3539 998 Παῦλος,
3571 952 3588 984 ι
3614 935 3680 987 Σὺ

2142 1027 2225 1090 τίς
2260 1022 2310 1079 εἶ
2336 1027 2364 1078 6
2388 1026 2593 1097 κρίνων
2635 1024 2915 1094 ἀλλότριον
2966 1024 3222 1094 οίκέτην;
3249 1023 3325 1094 τῷ
3373 1024 3484 1094 ἰδίῳ
3529 1026 3685 1096 κυρίῳ

2145 1121 2356 1189 στήκει,
2390 1119 2424 1188 ἢ
2452 1118 2664 1169 πίπτει.
2701 1114 3040 1187 Σταθήσεται
3065 1116 3143 1171 δέ.
3170 1115 3399 1179 Δυνατδς
3422 1115 3525 1185 γάρ
3554 1116 3686 1170 ἐστιν

2144 1212 2174 1264 6
2208 1211 2341 1274 Θεὸς
2370 1210 2567 1279 στῆσαι
2624 1210 2806 1265 αὐτόν.
2851 1229 2870 1262 ι
2916 1210 3027 1263 Kal
3057 1209 3085 1260 6
3120 1208 3344 1278 Κύριος,
3375 1227 3391 1259 ι
3422 1209 3510 1279 Μὴ
3531 1210 3691 1277 κρίνε-

2144 1320 2226 1364 τε,
2263 1303 2349 1355 ἵνα
2392 1302 2466 1373 μὴ
2520 1302 2915 1372 κατακριθῆτε,
2954 1301 3043 1353 καὶ
3078 1300 3155 1370 μὴ
3175 1298 3581 1365 καταδικάζετε,
3614 1300 3692 1353 ἵνα

2150 1394 2225 1466 μὴ
2251 1394 2705 1465 καταδικασθῆτε.
2748 1413 2767 1445 ι
2806 1393 2966 1463 Αὐτῷ
2996 1394 3027 1463 ὴ
3058 1392 3186 1456 δόξα
3220 1394 3299 1457 είς
3327 1393 3451 1454 τοὺς
3484 1393 3687 1454 αἰῶνας.

2154 1485 2346 1555 Ἀμήν.

464 1575 705 1632 tribunal
739 1576 968 1644 Christi,
998 1579 1185 1648 itaque
1240 1579 1509 1633 rationem
1566 1578 1760 1633 reddet
1809 1594 2035 1633 suorum
2075 1576 2344 1633 factorum
2413 1579 2792 1649 unusquisque
2855 1576 3006 1641 Deo;
3045 1589 3114 1630 ne
3145 1572 3313 1645 igitur
3332 1574 3387 1628 in
3410 1582 3693 1642 posterum,

465 1668 701 1722 invicem
755 1670 1092 1741 judicemus,
1136 1670 1230 1724 sed
1286 1671 1393 1725 hoc
1439 1670 1684 1739 judicate
1749 1671 1939 1741 magis,
2010 1687 2077 1726 ne
2151 1672 2369 1741 ponatis
2420 1672 2815 1727 otl‘endiculum
2862 1669 3044 1734 fratri,
3080 1678 3175 1724 aut
3228 1666 3543 1723 scandalum
3578 1666 3635 1719 “.
3674 1685 3690 1716 υ

464 1762 634 1817 Infert
674 1780 688 1817 :
749 1783 767 1814 ι
804 1763 1034 1834 Propter
1058 1762 1207 1833 quod
1255 1762 1648 1818 inexcusabilis
1690 1780 1771 1829 es,
1806 1780 1839 1819 o
1868 1765 2033 1819 homo
2071 1766 2251 1820 omnis
2285 1765 2378 1835 qui
2426 1766 2663 1837 judicas.
2725 1766 2784 1820 ln
2839 1780 2950 1835 quo
3018 1763 3167 1820 enim
3198 1762 3418 1833 iudicas
3460 1761 3693 1820 alterum.

467 1857 703 1927 teipsum
743 1856 1079 1911 condemnas
1119 1873 1132 1908 :

1200 1854 1391 1909 eadem
1454 1856 1600 1911 enim
1646 1857 1761 1927 agis
1834 1872 1955 1925 qua:
1995 1854 2229 1927 judicas.
2297 1856 2513 1913 Scimus
2568 1856 2717 1912 enim
2782 1855 2911 1926 quia
2963 1854 3237 1925 judicium
3293 1852 3391 1908 Dei
3431 1861 3484 1906 et
3522 1867 3698 1907 secun-

462 1948 594 2003 dum
627 1948 911 2004 veritatem
948 1948 1005 2002 in
1034 1963 1131 2003 eos
1158 1946 1252 2017 qui
1286 1948 1416 2002 talia
1445 1957 1631 2019 agunt.
1673 1966 1690 1999 ›
1730 1948 1984 2002 Rursus:
2030 1966 2049 1999 ι
2095 1946 2309 2004 Scimus
2361 1957 2546 2004 autem
2593 1964 2719 2003 eum
2773 1948 2867 2018 qui
2901 1946 3041 2001 dixit
3082 1945 3216 2001 mihi
3256 1943 3573 2005 vindictam,
3610 1958 3699 2012 ego

464 2046 792 2110 retribuam,
827 2044 963 2099 dicit
998 2044 1266 2100 Dominus
1295 2044 1340 2077 ⁸⁵
1375 2061 1390 2110 ;
1435 2064 1453 2095 ι
1486 2044 1613 2113 quia
1651 2042 1922 2115 iudicabit
1961 2043 2226 2099 Dominus
2254 2045 2518 2115 populum
2547 2058 2728 2099 suum.
2758 2041 2913 2098 llaud
2941 2041 3102 2096 aliter
3161 2040 3422 2102 Iacobus,
3452 2038 3564 2093 hmc
3597 2038 3700 2093 col-

461 2139 622 2209 ligit:
659 2158 677 2190 ι
716 2139 867 2195 Unus
910 2144 995 2192 est
1022 2136 1307 2208 legislator
1336 2146 1393 2192 et
1415 2136 1601 2207 iudex,
1642 2136 1737 2206 qui
1764 2144 1944 2206 potest
1978 2137 2187 2192 salvare
2219 2145 2275 2191 et
2301 2136 2573 2206 perdere;
2607 2144 2667 2190 tu
2688 2144 2871 2190 autem
2900 2134 3025 2205 quis
3063 2148 3123 2187 es
3150 2132 3244 2203 qui
3278 2130 3495 2203 jndicas
3528 2129 3699 2198 proxi-

465 2250 613 2289 mum
649 2234 730 2287 “‘2
768 2252 787 2284 ι
830 2233 1071 2287 Rursum
1134 2230 1339 2287 Paulus
1373 2248 1387 2284 :
1437 2249 1453 2282 ι
1483 2230 1565 2285 Tu
1595 2231 1689 2301 qui
1727 2246 1787 2287 es
1827 2231 1922 2301 qui
1959 2230 2176 2302 judicas
2228 2229 2467 2285 alienum
2524 2229 2789 2285 servum?
2813 2242 2914 2283 suo
2974 2226 3199 2282 domino
3234 2233 3344 2280 stat
3383 2232 3477 2278 aut
3514 2222 3687 2286 cadit;

462 2326 630 2382 stabit
682 2339 889 2390 autem,
945 2332 1143 2394 potens
1190 2323 1336 2378 enim
1379 2331 1463 2377 est
1531 2324 1675 2378 Deus
1721 2331 1963 2379 statuere
2022 2323 2176 2378 illum
2193 2323 2281 2376 ’τι
2320 2342 2339 2375 ι
2372 2322 2638 2378 Dominus
2694 2322 2780 2377 his
2840 2321 3084 2376 concinit
3116 2338 3129 2373 :
3160 2338 3177 2369 ‹
3205 2318 3389 2375 Nolite
3449 2316 3699 2389 judicare,

462 2430 524 2476 ut
570 2433 679 2474 non
738 2416 1113 2491 judicemini;
1164 2416 1337 2470 nolite
1377 2416 1771 2481 condemnare,
1840 2425 1900 2471 ut
1958 2431 2072 2471 non
2107 2415 2554 2473 condemnemini
2586 2416 2652 2471 ⁸⁸.
2703 2434 2722 2468 ι
2753 2414 2861 2485 Ipsi
2919 2414 3094 2486 gloria
3158 2413 3216 2467 in
3263 2411 3487 2467 scecula.
3524 2409 3698 2464 Amen.

1042 2530 1328 2587 HOMILIA
1391 2530 1454 2585 L.

742 2646 953 2702 Nemini
990 2646 1225 2700 dandum
1274 2661 1381 2699 esse
1421 2643 1754 2700 scandalum.

534 2760 697 2817 Omni
754 2759 1031 2824 custodia,
1056 2757 1279 2823 fratres,
1308 2773 1411 2813 nos
1461 2758 1610 2829 ipsos
1646 2773 2041 2836 conservemus

464 2863 630 2923 atque
675 2850 1062 2921 advigilemus,
1091 2865 1162 2904 ne
1208 2848 1295 2903 cui
1336 2849 1531 2904 demus
1582 2850 1745 2904 ullam
1796 2849 2038 2904 scandali

463 2946 581 3001 sive
613 2941 936 2999 offendiculi
970 2941 1336 3007 occasionem,
1369 2941 1529 2996 liberi
1567 2954 1627 2997 ut
1668 2942 1842 2997 simus
1875 2952 2039 3012 atque

464 3041 740 3096 immunes
764 3037 1085 3093 miserrimae
1103 3036 1251 3090 illius
1273 3022 1621 3099 calamitatis,
1645 3051 1813 3115 quam.
1839 3034 2041 3089 talibus

462 3132 739 3203 apprecati
792 3139 921 3186 sunt
968 3145 1094 3185 cum
1145 3128 1429 3199 propheta:
1468 3137 1582 3183 tum
1629 3128 1902 3197 apostoli:
1938 3144 2041 3182 nec

464 3223 668 3286 solum,
699 3221 794 3276 sed
825 3228 883 3276 et
910 3219 1178 3275 Dominus
1198 3228 1386 3273 noster
1414 3219 1575 3276 Jesus
1602 3218 1877 3275 Christus.
1913 3220 2039 3275 Pri-

463 3330 589 3369 mus
615 3328 674 3368 se
716 3312 878 3368 offert
904 3313 1171 3383 propheta
1204 3311 1459 3367 Habacnc
1491 3330 1504 3365 :
1538 3312 1649 3378 V33,
1680 3311 1777 3375 ait,
1811 3312 1904 3381 qui
1942 3327 2041 3381 po.

464 3415 545 3461 tat
589 3405 901 3476 proximum
943 3420 1105 3460 suum
1143 3404 1431 3460 eversione
1478 3404 1665 3458 dolosa
1694 3404 1759 3457 ”.
1791 3423 1809 3455 ι
1844 3404 2037 3459 Eccle-

465 3500 660 3553 siastes
701 3498 830 3553 item
868 3515 882 3552 :
929 3518 946 3548 ι
983 3496 1086 3564 Qui
1150 3496 1290 3551 fodit
1337 3496 1551 3551 foveam
1604 3496 1857 3566 proximo
1913 3511 2035 3561 suo,

466 3588 675 3645 incidet
708 3588 762 3642 in
790 3602 913 3643 eam
931 3586 1033 3640 ⁸ο.»
1068 3587 1171 3641 Et:
1208 3605 1225 3636 ι
1248 3584 1354 3652 Qui
1384 3584 1556 3639 volvit
1589 3584 1850 3655 lapidem,
1870 3600 2037 3656 super

466 3697 527 3735 se
553 3679 725 3734 volvit
748 3681 847 3733 δι.»
885 3678 991 3733 Et:
1027 3696 1044 3728 ι
1077 3678 1179 3745 Qui
1201 3676 1499 3733 demolitur
1529 3692 1737 3746 sepem,
1763 3677 2039 3733 mordebit

463 3789 593 3829 eum
628 3772 856 3827 coluber
872 3771 972 3825 δ’.)
996 3772 1381 3827 Ριιτωηιίαεῑεε
1408 3787 1421 3823 :
1443 3789 1461 3821 ι
1488 3769 1831 3826 Circumcide
1853 3771 1953 3825 abs
1982 3779 2035 3825 te

2759 2528 2977 2582 ΛΟΓΟΣ
3038 2526 3119 2579 N'.

2460 2642 2600 2712 Περὶ
2635 2642 2742 2697 τοῦ
2793 2640 2879 2711 μὴ
2937 2638 3387 2699 σκανδαλίζειν.

2212 2761 2367 2831 Πάσῃ
2393 2759 2609 2831 φυλακῇ
2636 2757 2969 2829 τηρήσωμεν
2991 2756 3243 2819 ἑαυτοὺς,
3262 2752 3509 2822 ἀδελφοὶ,
3525 2750 3613 2805 τοῦ
3636 2752 3701 2822 μή

2139 2852 2323 2907 δοῦναι
2343 2850 2597 2922 ἀφορμὴν
2620 2846 2941 2909 σκανδάλου,
2967 2846 2999 2916 ἢ
3027 2843 3460 2917 προσκόμματὸς
3477 2860 3598 2905 τινι,
3625 2843 3700 2896 ῖνα

2144 2946 2429 3020 ῥυσθῶμεν
2445 2942 2539 2997 τοῦ
2565 2938 2901 3009 ταλανισμοῦ
2917 2939 3026 2993 τῶν
3039 2954 3342 3009 προφητων
3362 2938 3457 2991 καὶ
3492 2936 3700 2989 amovi.

2140 3042 2268 3108 λων,
2317 3040 2411 3094 καλ⁵
2455 3036 2620 3093 αὑτοῦ
2649 3034 2743 3089 τοῦ
2774 3034 3045 3088 Δεσπότου
3079 3032 3234 3103 ἡμῶν
3260 3032 3362 3086 καὶ
3414 3025 3700 3099 φιλανθρώ-

2141 3151 2242 3187 που
2266 3112 2527 3205 Χριστοῢ.
2560 3129 2781 3201 Πρῶτον
2809 3126 2940 3197 γοῦν
2973 3128 3002 3179 6
3028 3126 3316 3195 προφήτης
3367 3123 3698 3189 Ἀὁόακοίδμ,

2146 3224 2331 3289 (Οὐαὶ,
2353 3221 2539 3293 φησὶν,
2558 3220 2586 3274 6
2605 3218 2837 3282 ποτίζων
2854 3216 2943 3269 τὸν
2966 3215 3195 3285 πλησίον
3218 3212 3391 3267 αὐτοῦ
3412 3209 3701 3281 ἀνατροπὴν

2140 3314 2385 3386 Θολεράν.
2414 3332 2432 3365 ι
2458 3312 2610 3366 Καὶό
2638 3307 3092 3380 Ἐκκλησιαστὴς,
3118 3326 3136 3358 ι
3176 3305 3233 3359 Ὀ
3254 3305 3507 3372 ὀρύσσων
3529 3302 3701 3373 βόθρον

2140 3406 2218 3477 τῷ
2250 3405 2497 3477 πλησίω,
2523 3404 2848 3473 ἐμπεσεῖται
2896 3403 2976 3463 είς
3021 3400 3205 3453 αὐτόν.
3240 3418 3258 3449 ι
3293 3398 3429 3461 Kal,
3468 3415 3485 3446 ι
3532 3395 3585 3448 Ὀ
3611 3411 3699 3446 κυ-

2138 3499 2267 3552 λίων
2292 3497 2459 3560 λίθον,
2486 3496 2570 3565 ἐφ’
2598 3494 2789 3549 ἑαυτὸν
2821 3492 3049 3546 κυλίσει.
3085 3510 3103 3543 ι
3146 3490 3279 3552 Καὶ,
3320 3508 3338 3540 ι
3372 3484 3698 3555 Καοαιροῦν-
3773 3504 3783 3514 ·

2138 3610 2207 3646 τα
2238 3590 2512 3662 φραγμὸν,
2545 3588 2765 3659 δήξεται
2792 3585 2952 3640 αὑτὸν
2985 3584 3128 3652 δφις.
3159 3602 3177 3635 ι
3207 3582 3322 3635 Kal
3347 3583 3376 3635 6
3411 3582 3698 3649 Παροιμια·

2140 3684 2289 3755 στὴς,
2333 3702 2350 3734 ι
2388 3681 2612 3753 Περίελε
2643 3679 2752 3733 ἀπὸ
2800 3677 2894 3731 σοῦ
2932 3675 3146 3730 σκολιὸν
3189 3674 3388 3743 στόμα,
3428 3672 3523 3725 καὶ
3556 3670 3699 3725 ἀδικα

2139 3778 2294 3847 χείλη
2330 3776 2545 3845 μακρὰν
2590 3772 2698 3826 ἀπὸ
2743 3770 2837 3825 σοῦ
2889 3768 3137 3837 ποίησον,
3169 3768 3251 3820 ὅτι
3304 3764 3535 3817 ἐνώπιόν
3576 3765 3699 3813 είσιν

464 3882 529 3921 οε
558 3880 810 3935 Pra‘mm.
840 3865 1049 3934 1107
1078 3874 1134 3919 et
1153 3864 1297 3918 labia
1330 3865 1516 3933 iniqua
1538 3864 1699 3935 longe
1722 3863 1807 3918 fac
1834 3880 1863 3917 a
1893 3872 1945 3918 te
1965 3862 2032 3929 ⁸³,

2138 3870 2245 3923 τῶν
2276 3867 2371 3921 τοῦ
2404 3866 2539 3919 Θεοῦ
2570 3863 2867 3933 ὀφθαλμῶν
2916 3861 3025 3914 ὁδοὶ
3055 3859 3272 3930 ἀνδρός.
3305 3876 3324 3909 ι
3366 3858 3428 3910 ὐ
3458 3858 3513 3910 δὲ
3554 3855 3698 3909 ’Λειτό⁴

465 3957 595 4028 quia
624 3971 809 4011 coram
844 3956 1021 4011 oculis
1073 3956 1168 4010 Dei
1200 3962 1327 4010 sunt
1359 3955 1463 4011 via:
1499 3954 1606 4009 viri
1637 3954 1705 4010 ”.
1750 3975 1768 4008 ι
1799 3956 2033 4025 Aposto-

465 4050 552 4105 lus
601 4063 821 4120 quoque
873 4048 938 4103 ad
980 4048 1237 4103 Hebrzeos
1275 4048 1352 4103 ait
1386 4067 1398 4102 :
1435 4066 1454 4099 ι
1496 4048 1663 4103 Terra
1699 4049 1846 4104 enim
1891 4064 2035 4118 smpe

464 4140 662 4196 bibens
715 4140 947 4195 imbrem
999 4155 1165 4209 super
1222 4154 1279 4194 se
1325 4140 1660 4204 venientem,
1693 4147 1749 4194 et
1810 4140 2035 4209 pariens

463 4230 691 4285 herbam
738 4236 1100 4299 opportunam
1144 4229 1255 4283 illis
1282 4244 1313 4283 a
1355 4228 1556 4297 quibus
1589 4228 1811 4294 colitur,
1836 4229 2035 4299 accipit

461 4323 910 4379 benedictionem
944 4339 974 4378 a
1019 4323 1168 4389 Deo;
1201 4322 1490 4393 proferens
1535 4332 1717 4378 autem
1762 4324 1947 4394 spinas
1978 4333 2035 4378 et

422 4415 722 4484 _tribulos,
780 4414 1015 4484 reproba
1071 4421 1127 4468 et
1177 4414 1550 4468 maledictioni
1608 4416 1855 4485 proxima
1907 4427 2030 4482 est,

461 4506 623 4577 cujus
661 4505 784 4559 linis
810 4504 866 4558 in
892 4502 1335 4558 combustionem
1365 4503 1433 4556 “.
1474 4521 1490 4554 ι
1517 4502 1643 4559 Haec
1675 4505 1836 4574 plane
1858 4505 2035 4560 disse-

462 4598 623 4652 rebat
668 4595 790 4651 istis
816 4595 884 4649 de
911 4592 1191 4659 seandalo,
1227 4609 1338 4664 quo
1367 4593 1494 4650 fidei
1525 4606 1763 4664 acceptae
1791 4604 2032 4666 segetem

460 4689 808 4761 premebant,
840 4686 935 4756 qui
962 4701 1150 4741 semen
1187 4686 1414 4756 quidem
1446 4687 1634 4742 verbis
1680 4697 2030 4757 acceperant,

461 4779 556 4835 sed
607 4777 743 4833 illud
793 4778 1079 4847 spinarum
1114 4776 1289 4831 instar
1315 4775 1586 4832 aculeatis
1611 4776 2034 4847 cogitationibus

459 4871 851 4941 praefocabant,
884 4869 1023 4923 nihil
1054 4867 1287 4939 proinde
1335 4866 1675 4937 proferentes
1721 4867 1894 4939 frugis
1937 4868 2036 4924 bo-

461 4978 567 5019 me.
608 4962 755 5017 ldem
789 4970 846 5015 et
892 4959 1157 5015 Romanis
1186 4976 1200 5013 :
1233 4977 1251 5009 ι
1286 4958 1528 5015 Obsecro
1565 4957 1732 5029 igitur
1766 4974 1884 5023 vos,
1918 4958 2031 5014 fra-

460 5068 593 5124 tres,
622 5065 683 5111 ut
714 5055 1022 5111 observetis
1048 5070 1145 5110 eos
1177 5054 1272 5124 qui
1307 5054 1680 5110 dissensiones
1708 5062 1764 5109 et
1794 5055 2030 5111 offendi-

459 5150 585 5206 cula
623 5148 872 5212 faciunt,
896 5157 1099 5217 praeter
1148 5147 1459 5203 doctrinam
1497 5163 1661 5217 quam
1698 5162 1798 5203 vos
1830 5149 2030 5204 didici-

457 5244 559 5297 stis
590 5259 604 5294 :
636 5249 693 5295 et
721 5240 990 5296 declinate
1023 5240 1092 5295 ab
1138 5240 1221 5294 eis
1255 5258 1267 5293 :
1307 5240 1441 5294 tales
1468 5239 1614 5296 enim
1659 5240 1893 5295 Domino
1931 5257 2031 5296 no-

456 5346 577 5390 stro
603 5334 732 5390 Jesu
766 5333 988 5388 Christo
1016 5348 1126 5386 non
1154 5333 1433 5393 serviunt.
1469 5333 1564 5387 sed
1600 5349 1700 5389 suo
1732 5334 1940 5396 ventri,
1974 5342 2029 5388 et

457 5443 557 5498 per
603 5440 829 5481 suavem
856 5438 1168 5478 sermonem
1202 5431 1259 5478 et
1285 5424 1723 5479 benedictionem
1756 5425 2030 5480 seducunt

454 5518 622 5576 corda
655 5516 1031 5574 innocentium
1051 5515 1117 5568 ⁸⁸.
1158 5534 1176 5566 ›
1210 5516 1414 5570 lterum
1454 5534 1465 5569 :
1500 5535 1517 5566 ‹
1555 5516 1745 5571 Videte
1789 5532 1859 5571 ne
1890 5516 2029 5571 forte

457 5621 708 5686 potestas
761 5606 943 5667 vestra
991 5608 1385 5665 oﬂ‘endiculum
1415 5608 1508 5662 fiat
1538 5608 1794 5675 infirmis;
1835 5608 1879 5663 si
1906 5608 2031 5678 quis

536 5751 581 5783 ⁸³
614 5752 775 5805 Rom.
802 5762 915 5811 xw,
950 5747 1036 5813 10,
1072 5746 1274 5809 12,15.
1388 5744 1435 5777 ³³⁵
1464 5745 1627 5800 Rom.
1664 5760 1732 5808 ιι,
1770 5746 1833 5809 1,
1872 5746 1925 5801 2.

461 5821 505 5855 “
540 5821 678 5876 an.
709 5838 789 5881 Vl.
842 5823 930 5876 57.
1042 5820 1087 5851 ³⁹
1117 5817 1321 5873 Hahae.
1354 5833 1413 5881 ιι,
1448 5816 1533 5870 15.

2034 5744 2077 5776 ³⁸
2102 5746 2260 5801 Rom.
2295 5762 2366 5799 xu
2398 5786 2411 5805 .
2448 5746 2531 5800 19.

1637 5816 1682 5847 ⁸⁰
1716 5816 1885 5872 Eccli.
1913 5831 2083 5879 xxv",
2109 5816 2198 5869 ‘29.

2139 3962 2322 4023 στολος
2360 3957 2653 4028 Ἑϐραίοις,
2700 3973 2717 4006 ι
2754 3953 2833 4023 Γῆ
2870 3952 3001 4023 γὰρ,
3041 3950 3243 4021 φησὶν,
3273 3951 3307 4020 ὴ
3347 3949 3543 4003 πιοῦσα
3580 3946 3699 3999 πο).-

2134 4054 2291 4116 λάκις
2330 4051 2422 4104 τὸν
2479 4050 2565 4102 ἐπ’
2593 4046 2766 4116 αὐτῆς
2827 4043 3195 4114 ἐπερχόμενον
3258 4041 3441 4103 ὑετὸν,
3498 4041 3588 4093 καὶ
3629 4038 3699 4090 τί·

2136 4161 2339 4200 κτουσα
2362 4140 2590 4213 βοτάνην
2615 4137 2831 4191 εὕθετον
2851 4136 3083 4197 ἐκείνοις
3106 4133 3174 4186 δι’
3197 4131 3292 4195 οὓς
3328 4131 3423 4184 καὶ
3451 4131 3699 4198 γεωργεῖ-

2132 4255 2244 4300 ται,
2271 4231 2670 4307 μεταλαμϐάνει
2692 4228 2937 4296 εὐλογίας
2957 4225 3063 4280 ἀπδ
3084 4224 3177 4279 τοῦ
3200 4222 3361 4280 Θεοῦ.
3380 4223 3697 4292 Ἐκψέρουσα

2132 4328 2188 4382 δὲ
2222 4325 2464 4389 ἀκάνθας
2505 4324 2601 4377 καὶ
2663 4320 2981 4394 τριϐόλους.
3008 4318 3289 4385 ἀδόκιμος.
3328 4317 3426 4370 καὶ
3468 4314 3697 4381 κατάρας

2134 4420 2301 4487 ἐγγύς
2320 4436 2334 4451 ο
2359 4414 2428 4491 ἦς
2453 4417 2516 4470 τὸ
2544 4415 2697 4478 τέλος
2730 4416 2808 4476 είς
2832 4411 3049 4466 καῦσιν.
3086 4429 3103 4461 ι
3141 4408 3333 4463 Ταῦτα
3366 4408 3496 4476 περὶ
3515 4405 3602 4459 τοῦ
3627 4404 3697 4467 είς

2134 4515 2318 4566 πίστιν
2370 4509 2668 4565 σκανδάλου
2700 4505 2973 4575 διελέγετο
3016 4502 3153 4575 πρὸς
3185 4502 3387 4565 αὐτοὺς
3412 4541 3428 4564 ,
3459 4501 3534 4563 ὡς
3558 4498 3697 4563 δεξα-

2137 4608 2334 4678 μένους
2406 4605 2504 4676 μὲν
2566 4603 2659 4657 τὸν
2708 4600 2909 4670 σπόρον
2945 4596 3040 4651 τοῦ
3105 4596 3289 4663 λόγου,
3343 4593 3697 4649 ἀκανθώδεσιν

2130 4700 2186 4754 δὲ
2226 4698 2506 4767 λογισμοῖς
2559 4694 2965 4765 συμπνίτοντας
2995 4692 3085 4745 τδν
3122 4689 3306 4757 λόγον,
3340 4688 3439 4742 καὶ
3469 4688 3541 4757 μὴ
3574 4702 3695 4752 καρ·

2134 4789 2527 4859 ποφοροῦντας.
2568 4786 2866 4856 Ῥωμαίοις
2895 4784 2951 4838 δέ
2983 4799 3167 4853 φησιν,
3211 4800 3229 4832 ι
3273 4776 3585 4850 Παρακαλῶ
3610 4770 3694 4829 οὖν

2133 4882 2278 4952 ὑμᾶς
2306 4924 2320 4946 ,
2360 4879 2598 4947 ἀδελφοί,
2643 4878 2868 4931 σκοπεῖν
2907 4876 3033 4938 τοὺς
3063 4876 3163 4936 τὰς
3210 4871 3553 4941 διχοστασίας
3608 4867 3692 4920 καὶ

2131 4974 2198 5028 τὰ
2221 4972 2512 5039 σκάνδαλα,
2545 4971 2695 5043 παρὰ
2720 4970 2820 5039 τὴν
2860 4967 3103 5037 διδαχὴν,
3140 4967 3206 5037 ἦν
3236 4966 3396 5034 ὑμεῖς
3448 4962 3690 5033 ἐμάθετε,

2134 5062 2446 5128 ποιοῦντας,
2466 5064 2559 5117 καὶ
2576 5061 2859 5115 ὲκκλίνατε
2887 5061 2985 5115 ἀπ’
3006 5058 3205 5114 αὐτῶν.
3226 5058 3289 5110 Ol
3317 5057 3428 5127 γὰρ
3448 5053 3685 5115 τοιοῦτοι,

2135 5158 2196 5210 οὐ
2221 5156 2298 5224 τῷ
2320 5156 2509 5225 Κυρίῳ
2530 5154 2688 5224 ἡμῶν
2722 5150 2899 5224 Ἰησοῦ
2929 5149 3147 5221 Χριστῷ
3173 5146 3537 5209 δουλεύουσιν,
3568 5142 3693 5197 ἀλλά

2135 5252 2199 5319 τῇ
2226 5248 2434 5302 ὲαυτῶν
2463 5247 2662 5317 κοιλίᾳ,
2689 5246 2783 5297 καὶ
2808 5244 2897 5297 διὰ
2922 5244 3021 5312 τῆς
3047 5239 3443 5311 χρηστολογίας
3472 5238 3561 5291 καὶ
3579 5236 3688 5288 ἐὐ-

2134 5342 2322 5409 λογίας
2353 5338 2695 5405 ἐξαπατῶσιν
2718 5336 2815 5398 τὰς
2842 5335 3069 5404 καρδίας
3094 5334 3205 5385 τῶν
3250 5334 3492 5386 ἀκάκων.
3532 5349 3549 5381 ι
3592 5327 3686 5381 Καὶ

2135 5429 2320 5491 πάλιν,
2350 5448 2366 5479 ι
2398 5427 2633 5480 Βλέπετε
2669 5426 2864 5495 μήπως
2889 5425 2921 5494 ὴ
2944 5422 3167 5486 ἐξουσία
3190 5422 3341 5489 ὑμῶν
3370 5424 3509 5490 αὕτη
3538 5420 3690 5487 πρόσ-

2135 5537 2327 5589 κομμα
2377 5520 2603 5588 γένηται
2650 5520 2761 5579 τοῖς
2808 5515 3125 5569 ἀσθενοῦσιν
3156 5532 3169 5542 ·
3200 5515 3295 5567 ἐὰν
3335 5514 3463 5581 γάρ,
3497 5514 3685 5581 φησὶν,

2138 5612 2221 5682 ίδῃ
2254 5628 2312 5663 σε
2344 5609 2434 5663 τὸν
2466 5609 2659 5680 ἔχοντα
2688 5608 2887 5677 γνῶσιν
2914 5611 2971 5662 ἐν
3005 5608 3260 5677 είδωλείῳ
3305 5608 3686 5676 κατακείμενον

2642 5745 2687 5777 ³⁸
2710 5746 2827 5800 Jac.
2860 5760 2935 5809 Iv,
2960 5746 3047 5806 12,
3080 5745 3165 5798 15.
3244 5746 3285 5775 ³⁷
3311 5746 3468 5798 Rom.
3501 5759 3601 5799 xlv,
3634 5740 3681 5792 ι.

2306 5816 2347 5847 ⁵⁸
2376 5817 2536 5870 Prov.
2574 5834 2720 5881 xxvi,
2765 5818 2855 5871 ‘27.
2932 5816 2976 5848 δ’
3011 5816 3192 5871 Eccle.
3230 5833 3282 5882 κ,
3325 5815 3376 5871 8.
3456 5813 3500 5846 ⁸³
3535 5814 3678 5869 Prov.

458 5908 534 5959 tv,
561 5892 654 5947 ει.
692 5893 735 5924 ³³
770 5891 937 5947 Eccli.
977 5906 1107 5957 xv”,
1145 5889 1229 5945 13.
1308 5890 1349 5922 "
1378 5887 1542 5945 Hebr.
1585 5904 1657 5953 vr,
1691 5888 1742 5955 7,
1781 5887 1829 5940 8.
1906 5888 1951 5918 “
1975 5888 2132 5942 Rom.
2171 5886 2395 5963 xvi,_l?,
2428 5888 2505 5943 18.
