3868 6504
146 402 278 469 i589

755 402 1084 464 HOMILIA
1125 404 1673 469 LL—NEMINEM
1712 406 2014 467 PROBRO
2057 404 2604 478 AFFICIENDUM,
2649 402 2813 462 ETC.

3279 394 3413 460 1590

145 516 259 585 οὐχὶ
284 516 316 583 ἡ
352 511 659 583 συνείδησις
698 511 863 565 αὐτοῦ
884 552 899 578 ,
922 512 1184 578 ἀσθενοῦς
1212 514 1365 579 ὄντος
1385 553 1401 579 ,
1434 515 1722 587 οίκοδομη-

1851 516 1974 570 :nim
1998 515 2203 572 viderit
2227 527 2280 574 te
2309 516 2404 587 qui
2453 514 2627 570 habes
2672 508 2986 575 scientiam,
3024 508 3080 563 in
3112 509 3284 566 idolio
3324 527 3413 565 re-

148 606 376 677 θήσεται
422 606 508 668 είς
552 603 612 657 τὸ
649 604 718 658 τά
757 603 1083 658 εἰδωλόθυτα
1128 604 1370 673 ὲσθίειν;
1420 626 1439 659 ι
1467 606 1578 660 Καὶ
1619 607 1720 659 έπ-

145 700 283 768 άγει,
319 717 338 751 ι
361 696 685 751 Ἀπόλλυται
711 697 821 768 γὰρ
850 699 879 750 6
908 696 1152 751 ἀσθενῶν
1177 696 1405 767 ἀδελφὸς
1433 698 1528 751 ἐπὶ
1552 699 1619 768 τῇ
1654 698 1721 768 σῇ

146 792 358 859 γνώσει,
386 791 455 845 δι’
490 791 548 844 ὃν
572 793 600 844 6
644 789 880 862 Χριστὸς
910 788 1184 844 ἀπέθανεν
1208 805 1221 819 ·
1257 789 1429 854 οὕτως
1457 789 1515 843 δὲ
1545 788 1724 843 αὐτῶν

145 886 438 948 τύπτοντες
462 884 563 955 τὴν
596 883 921 953 συνείδησιν,
943 885 1024 946 εἰς
1043 882 1281 952 Χριστὸν
1310 882 1675 952 ἁμαρτάνετε.
1700 897 1717 931 ι

148 976 252 1029 Καὶ
285 970 445 1039 αὖθις
480 990 495 1007 ο
536 993 554 1026 ι
593 975 713 1029 "Iva
738 974 792 1027 τί
818 974 929 1046 γὰρ
961 976 993 1046 ἡ
1023 973 1311 1045 ἐλευθερία
1344 990 1446 1044 μου
1478 972 1725 1043 κρίνεται

148 1069 248 1123 ὑπὸ
277 1067 449 1140 ἄλλης
509 1066 914 1139 συνειδήσεως;
956 1068 1005 1120 εί
1046 1066 1160 1135 ἐγὼ
1198 1067 1424 1137 χάριτος
1475 1066 1723 1134 μετέχω,

147 1163 197 1215 τί
228 1160 664 1232 βλασφημοῦμαι
718 1160 861 1231 ὑπὲρ
889 1153 952 1214 οῦ
978 1159 1090 1228 ἐγὼ
1121 1157 1472 1231 εὐχαριστῶ;
1523 1176 1541 1208 ι
1586 1157 1647 1210 '0
1669 1155 1726 1209 δὲ

149 1254 348 1327 Κύριος
397 1254 723 1326 ἀπεφήνατο
777 1252 953 1323 λέγων
983 1271 996 1285 ’
1034 1272 1052 1306 ι
1099 1254 1196 1316 Ὃς
1217 1252 1263 1305 δ’
1293 1251 1359 1305 ἂν
1399 1249 1728 1322 σκανδαλίσῃ

150 1350 245 1404 ἕνα
281 1348 390 1402 τῶν
443 1346 663 1419 μικρῶν
699 1346 929 1412 τούτων,
965 1345 1239 1417 συμφέρει
1268 1344 1419 1415 αὐτῷ
1475 1344 1565 1397 ἵνα
1591 1358 1721 1413 κρε-

153 1439 328 1511 μασθῇ
383 1437 557 1510 μῦλος
602 1438 783 1503 ὀνικὸς
818 1438 947 1511 περὶ
977 1438 1069 1492 τὸν
1097 1438 1369 1511 τράχηλον
1410 1434 1598 1500 αὑτοῦ,
1636 1433 1730 1488 καὶ

153 1528 555 1601 καταποντισθῇ
606 1530 664 1582 ὲν
708 1527 787 1599 τῷ
842 1527 1072 1597 πελάγει
1103 1529 1201 1597 τῆς
1246 1526 1547 1595 Θαλάσσης,
1579 1523 1613 1595 ἢ
1643 1523 1729 1577 ἵνα

154 1622 484 1693 σκανδαλίσῃ
526 1620 625 1675 ἕνα
674 1621 785 1675 τῶν
833 1621 1048 1692 μικρῶν
1074 1618 1303 1673 τούτων.
1345 1637 1363 1670 ι
1400 1618 1511 1671 Καὶ
1540 1614 1731 1683 ὲπιφέυ

156 1733 256 1789 ρει,
276 1736 292 1767 ι
352 1714 552 1786 Ὁρᾶτε
583 1714 659 1785 μὴ
690 1713 1073 1785 καταφρονῆτε
1098 1712 1217 1775 ἐνὸς
1230 1711 1340 1765 τῶν
1371 1707 1585 1781 μικρῶν
1611 1706 1731 1762 τού·

153 1826 253 1862 των
275 1824 289 1839 ⁸
320 1807 468 1877 λέγω
496 1807 604 1879 γὰρ
630 1808 777 1877 ὑμῖν,
804 1807 885 1860 ὅτι
916 1806 965 1860 οί
992 1804 1218 1875 ἄγγελοι
1252 1802 1538 1875 αὐτῶν,ιεν
1567 1800 1733 1868 οὐρα-

155 1901 260 1963 νοῖς
292 1898 378 1952 διὰ
400 1876 610 1962 παντὸς
642 1876 933 1970 βλέπουσιν
962 1897 1023 1951 τὸ
1063 1895 1361 1967 πρόσωπον
1389 1891 1487 1946 τοῦ
1519 1890 1736 1961 Πατρός
1771 1876 1810 1929 Β

160 2009 274 2062 μου.
318 2011 335 2044 ι
373 1992 492 2045 Καὶ
515 1988 694 2057 αὖθις,
725 2010 743 2042 ι
781 1990 917 2044 Οὐαὶ
945 1988 1024 2058 τῷ
1049 1987 1246 2060 κόσμῳ
1280 1984 1389 2041 ἀπὸ
1433 1984 1544 2039 τῶν
1573 1998 1739 2037 σκαν-

1826 607 2207 673 cumbentem,
2263 606 2519 678 nunquid
2563 601 2908 661 conscientia
2970 601 3147 672 ipsius
3177 618 3302 657 cum
3341 603 3414 658 sit

1827 700 2065 767 inﬁrma,
2112 700 2479 757 aedificabitur
2522 699 2591 755 ad
2634 694 3082 753 manducandum
3135 694 3415 766 idolothy-

1827 803 1881 849 ta
1901 796 2023 848 "1?:
2070 794 2289 850 Inducit
2317 812 2330 848 :
2370 813 2387 844 ε
2433 794 2500 848 Ει
2524 791 2730 863 peribit
2756 788 3012 844 inﬁrmus
3039 787 3208 843 frater
3233 786 3291 841 in
3320 795 3415 841 tua

1827 885 2076 950 scientia,
2104 902 2205 956 pro
2234 901 2344 956 quo
2370 884 2628 940 Christus
2679 889 2933 937 mortuus
2957 890 3042 937 est
3070 897 3084 934 :
3122 888 3289 949 atque
3337 878 3417 933 ita

1828 981 2074 1051 ipsorum
2117 979 2496 1050 percutientes
2559 977 2979 1040 conscientiam,
3007 973 3064 1029 in
3126 972 3413 1029 Christum

1828 1069 2069 1139 peccatis
2092 1069 2138 1101 ⁸⁸
2162 1088 2211 1122 .›
2250 1070 2466 1123 Rursus
2495 1084 2509 1121 :
2548 1086 2567 1119 ‹
2605 1067 2677 1123 Ut
2695 1065 2828 1137 quid
2856 1066 3005 1120 enim
3038 1062 3268 1118 libertas
3296 1078 3417 1117 mea

1826 1161 2107 1227 iudicatur
2130 1160 2198 1215 ab
2227 1160 2405 1215 aliena
2439 1157 2825 1214 conscientia?
2858 1156 2915 1211 Si
2944 1171 3045 1227 ego
3076 1170 3203 1210 cum
3245 1154 3417 1226 gratia

1830 1251 2102 1322 participo
2128 1292 2142 1317 ,
2175 1250 2309 1321 quid
2348 1249 2706 1320 blasphemor
2750 1263 2852 1318 pro
2898 1263 2966 1302 eo
3017 1245 3165 1317 quod
3215 1245 3421 1317 gratias

1831 1359 1933 1414 ago
1957 1344 2001 1377 ⁸⁵
2027 1344 2051 1397 ?
2093 1364 2112 1396 ι
2148 1344 2417 1400 Dominus
2444 1357 2615 1414 porro
2642 1340 2912 1395 adversus
2937 1340 3075 1394 tales
3099 1337 3422 1409 pronuntia-

1830 1436 1930 1501 vit,
1985 1436 2177 1494 dicens
2215 1455 2228 1493 :
2274 1457 2291 1490 ι
2336 1436 2442 1503 Qui
2502 1432 2961 1491 scandalizaverit
3016 1448 3187 1487 unum
3236 1447 3304 1486 ex
3338 1430 3449 1486 his.

1831 1528 2073 1599 pusillis,
2106 1540 2243 1595 etc.,
2265 1529 2391 1585 dico
2414 1529 2574 1585 vobis
2602 1528 2731 1599 quia
2760 1526 2940 1597 angeli
2969 1538 3164 1579 eorum
3193 1523 3249 1577 in
3266 1522 3423 1577 coelis

1832 1620 2023 1677 vident
2052 1622 2249 1678 faciem
2283 1622 2463 1680 Patris
2492 1620 2601 1676 mei
2631 1620 2699 1673 '°.
2738 1637 2756 1670 ›
2792 1619 3008 1673 Rursus
3037 1633 3049 1669 :
3087 1632 3105 1666 ι
3140 1614 3234 1670 Vae
3264 1629 3424 1667 muu—

1834 1709 1905 1765 do
1929 1727 1959 1766 a
1982 1712 2255 1767 scandalis
2282 1714 2347 1767 ".
2380 1732 2398 1765 ι
2430 1712 2537 1766 Et:
2570 1729 2589 1761 ι
2619 1710 3015 1766 Verumtamen
3076 1720 3159 1760 vae
3210 1705 3423 1759 homini

1838 1803 1921 1857 illi
1971 1819 2074 1874 per
2118 1821 2283 1874 quem
2352 1802 2672 1860 scandalum
2704 1800 2859 1855 venit
2879 1801 2925 1831 δ’
2962 1818 2981 1850 ι
3012 1797 3322 1867 Benignum
3368 1807 3426 1852 et

1843 1892 2167 1948 clementem
2188 1894 2363 1949 Deum
2390 1902 2641 1949 nostrum
2672 1892 2901 1947 addec:-t
2926 1889 3098 1960 gloria
3120 1888 3176 1945 in
3200 1891 3416 1946 saecula.

1848 1981 2045 2039 Amen.

157 2082 321 2136 δάλων
345 2099 357 2113 ⁸
394 2081 481 2135 δεῖ
508 2081 618 2152 γὰρ
666 2080 841 2134 ἐλθεῖν
883 2078 951 2133 τά
983 2077 1277 2133 σκάνδαλα.
1320 2095 1337 2128 ι
1404 2074 1550 2144 Πλὴν
1586 2090 1603 2124 ‹
1636 2066 1772 2123 Οὐαὶ
1810 2068 1892 2141 τῷ
1933 2072 2207 2147 ἀνθρώπῳ
2242 2073 2435 2145 ἐκείνῳ
2472 2073 2538 2127 δι’
2567 2065 2628 2127 οῦ
2656 2073 2717 2127 τὸ
2752 2071 3050 2126 σκάνδαλον
3115 2070 3362 2143 ἔρχεται.
3404 2090 3421 2122 ο

158 2174 469 2245 Δοξάσωμεν
518 2169 611 2227 οῦν
658 2172 748 2225 τὸν
785 2170 989 2243 Κύριον
1017 2168 1173 2241 ἡμῶν
1211 2166 1419 2240 Ἰησοῦν
1452 2162 1707 2236 Χριστὸν,
1749 2155 1843 2211 νῦν
1870 2163 1964 2214 καὶ
1990 2162 2076 2216 ἀεὶ
2108 2166 2203 2218 καὶ
2228 2167 2308 2230 είς
2336 2168 2463 2230 τοὺς
2487 2165 2693 2228 αἰῶνας
2725 2164 2833 2218 τῶν
2856 2161 3089 2217 αἰώνων.
3133 2163 3324 2235 Ἀμήν.

756 2285 977 2343 ΛΟΓΟΣ
1000 2281 1128 2339 ΝΑ’.

166 2403 293 2470 Περὶ
349 2400 457 2457 τοῦ
503 2401 587 2471 μὴ
629 2397 957 2524 ὀνειδίζῗιᾶ,
986 2397 1151 2453 ἀλλὰ
1181 2395 1424 2467 μᾶλλον
1468 2396 1740 2459 ὀνειδίζε-

945 2485 1024 2524 αι.

945 2485 1024 2524 αι.

236 2582 293 2637 '0
321 2582 603 2647 ὀνειδίζων
637 2582 730 2637 τὸν
761 2581 994 2655 πλησίον
1029 2582 1086 2638 έν
1119 2602 1228 2639 τινι
1260 2584 1699 2657 πλημμελήματι
1720 2623 1738 2649 ,

160 2676 265 2738 τοῖς
295 2674 481 2737 αὐτοῖς
503 2671 742 2736 δικτύοις
770 2672 1270 2745 περιπλακήσεται.
1300 2691 1319 2724 ο
1353 2674 1421 2726 "O
1445 2671 1552 2742 γὰρ
1589 2670 1743 2725 σπεί-

166 2783 242 2837 ρει
268 2764 584 2835 άνθρωπος,
621 2763 781 2817 τοῦτο
810 2764 907 2817 καὶ
929 2763 1136 2837 θερίσει
1161 2780 1178 2797 ο
1219 2782 1238 2817 ι
1284 2762 1742 2834 Ἐγκαταλιμπά-

164 2875 308 2913 νεται
333 2856 442 2927 γὰρ
462 2857 571 2910 ὑπο
603 2854 699 2910 τοῦ
727 2856 889 2921 Θεοῦ,
929 2856 1018 2911 διὰ
1048 2856 1109 2911 τὸ
1151 2855 1478 2929 ἀσυμπαθὲς
1510 2858 1605 2911 καὶ
1642 2856 1743 2926 τὴν

166 2948 408 3021 ἔπαρσιν.
440 2949 555 3004 Καὶ
586 2950 668 3013 είς
692 2948 753 3002 τὸ
782 2947 915 3002 αὐτὸ
942 2950 1195 3020 πταῖσμα
1224 2949 1572 3021 περιπίπτει,
1600 2951 1647 3003 εί
1669 2949 1743 3020 μὴ

167 3042 249 3097 διὰ
278 3042 572 3115 μετανοίας
600 3040 958 3115 ὲξιλεώσηται
997 3043 1090 3098 τὸν
1118 3043 1287 3108 Θεὸν,
1317 3041 1745 3115 ὲξομολογούμε·

168 3154 250 3201 νος
280 3136 340 3190 τὸ
376 3138 630 3207 πταῖσμα
658 3134 845 3191 αὐτοῦ.
879 3135 938 3189 'O
968 3135 1026 3189 δὲ
1055 3135 1398 3200 ὀνειδισθεὶς,
1422 3136 1519 3190 ὲάν
1540 3138 1745 3208 ἀταρά-

168 3248 274 3302 χως
318 3230 415 3284 καὶ
473 3230 815 3301 εὐχαρίστως
847 3229 1067 3301 δέξηται
1098 3231 1191 3285 τὸν
1234 3231 1560 3301 ὀνειδισμὸν,
1596 3232 1743 3301 λογι-

171 3323 393 3394 ζόμενος
426 3324 621 3377 ἑαυτὸν
654 3322 955 3377 ὑπεύθυνον
987 3318 1129 3376 εῖναι
1158 3321 1255 3377 τοῦ
1281 3324 1591 3394 ὀνειδισμοῦ
1618 3363 1633 3390 ,
1661 3325 1747 3379 διά

172 3414 266 3487 τὴν
314 3416 648 3470 ταπείνωσιν
686 3415 851 3468 αὐτοῦ
887 3416 915 3468 6
948 3414 1081 3479 Θεὸς
1115 3414 1380 3480 σκεπάζει
1428 3416 1611 3482 αὐτὸν,
1651 3414 1746 3470 τοῦ

2426 2279 2713 2336 IIOMILIA
2769 2278 2836 2334 LI

1845 2393 1909 2449 Ut
1935 2397 2196 2450 nemiuem
2221 2395 2418 2465 aﬁicias
2445 2395 2637 2466 probro
2656 2402 2749 2467 aut
2770 2394 3043 2467 dedecore,
3060 2396 3228 2467 magis
3252 2401 3431 2449 autem

2465 2474 2609 2537 optes
2642 2465 2797 2536 afﬁci.
2848 2530 2851 2533 ν

1910 2583 2014 2651 Qui
2045 2581 2480 2639 contumeliosus
2510 2582 2564 2636 in
2591 2582 2906 2652 proximum
2936 2581 3242 2653 opprobrat
3273 2582 3435 2653 quid-

1841 2693 2007 2747 quam
2042 2675 2253 2740 delicti,
2290 2676 2408 2730 suis
2443 2674 2582 2745 ipse,
2609 2690 2731 2745 quae
2757 2674 2920 2731 alteri
2971 2674 3209 2731 intexuit
3249 2682 3306 2730 et
3332 2673 3433 2729 ad-

1843 2767 2084 2832 ornavit,
2120 2766 2409 2821 irretietur
2457 2765 2689 2822 retibus.
2748 2765 2880 2821 Jure
2926 2766 3177 2837 quidem.
3225 2784 3243 2817 ‹
3275 2766 3434 2833 Quod

1842 2859 1990 2915 enim
2026 2858 2262 2914 seminat
2291 2858 2436 2928 quis,
2474 2857 2579 2913 hoc
2606 2866 2665 2913 et
2710 2868 2882 2914 metet
2907 2860 2973 2913 ⁸³.
3013 2879 3032 2912 ›
3067 2860 3119 2914 is
3154 2858 3430 2929 siquidem

1843 2952 2028 3007 medio
2058 2952 2112 3006 iu
2149 2950 2473 3008 discrimine
2499 2950 2823 3006 destituitur
2849 2951 2946 3007 Dei
2979 2951 3259 3022 przesidio,
3287 2950 3437 3021 quod

1845 3060 1946 3116 per
1973 3044 2268 3100 elationem
2294 3044 2499 3099 mentis
2518 3044 2658 3099 adeo
2679 3059 2790 3099 non
2817 3044 3112 3099 indolescit
3138 3042 3437 3099 calamitati

1845 3135 2057 3198 alienae,
2094 3143 2155 3189 ut
2179 3135 2348 3190 etiam
2375 3134 2737 3189 inclementer
2778 3134 3005 3189 insultet
3040 3153 3052 3189 :
3090 3134 3137 3189 is
3172 3143 3234 3188 ut
3260 3132 3439 3204 pluri-

1847 3242 1998 3281 mum
2032 3228 2088 3282 in
2116 3227 2365 3282 eamdem
2397 3226 2614 3280 ruinam
2645 3242 2746 3281 nec
2790 3226 2960 3281 semel
2996 3225 3319 3296 prolabatur
3339 3265 3353 3291 ,
3379 3225 3439 3280 ni

1847 3328 2095 3376 erratum
2131 3334 2291 3373 suum
2340 3317 2650 3382 confessus,
2683 3333 2783 3388 per
2826 3318 3210 3388 paenitentiam
3263 3318 3439 3373 Deum

1850 3411 1956 3467 sibi
1980 3410 2242 3467 conciliet
2270 3419 2327 3465 et
2350 3410 2544 3465 reddat
2566 3409 2890 3480 propitium.
2916 3410 3015 3465 Ille
3044 3409 3250 3465 veroin
3274 3425 3439 3479 quem

176 3506 368 3578 μηκέτι
391 3507 453 3561 ὲν
484 3509 596 3571 τοῖς
622 3508 806 3570 αὐτοῖς
828 3505 1095 3579 ἡττᾶσθαι
1121 3506 1537 3577 ἁμαρτήμασιν.
1573 3507 1747 3561 Ὀνει-

1853 3501 2121 3557 intortum
2149 3512 2235 3556 est
2264 3500 2726 3557 contumeliosius
2750 3500 3134 3571 opprobrium,
3164 3500 3440 3571 siquidem

175 3597 358 3669 δισμὸς
380 3599 495 3672 γὰρ
523 3599 833 3671 ἀνθρώπου,
875 3597 1055 3668 θλίψιν
1103 3597 1202 3668 μὲν
1234 3598 1467 3669 παρέχει
1508 3600 1574 3669 τῇ
1613 3615 1749 3669 καρ-

176 3691 279 3762 δίᾳ,
310 3690 535 3760 ἁγνείας
579 3691 633 3745 δὲ
672 3692 844 3756 αἴτιος
881 3690 1092 3759 γίνεται
1125 3687 1205 3759 τῷ
1253 3689 1601 3759 ὑπομένοντι.
1642 3688 1752 3743 Καὶ

178 3784 301 3856 ὅσην
334 3786 435 3857 μὲν
475 3786 539 3840 ἀν
573 3803 657 3849 τις
680 3785 819 3857 ὑπὲρ
854 3785 1117 3857 ἀληθείας
1146 3782 1386 3856 Χριστοῦ
1451 3784 1752 3855 καταδέξη-

179 3893 261 3931 ται
294 3878 600 3949 ἐντροπὴν,
627 3877 1015 3942 πολυπλασίως
1047 3877 1154 3931 ὑπὸ
1196 3874 1437 3947 πλήθους
1485 3874 1753 3947 δοξασθή-

183 3985 353 4034 σεται,
386 3968 486 4025 καὶ
538 3969 761 4024 ἀκούσει
809 3970 963 4041 παρά
1011 3970 1106 4024 τοῦ
1163 3969 1351 4041 ἰατροῦ
1403 3968 1511 4023 τῶν
1565 3968 1754 4040 ψυχῶν

183 4062 355 4131 ἡμῶν,
402 4081 422 4114 ι
471 4060 603 4129 Ἴδε,
644 4058 804 4136 ὑγιὴς
835 4062 1105 4132 γέγονας,
1145 4063 1348 4136 μηκέτι
1381 4063 1688 4135 ἁμάρτανε.
1731 4081 1750 4115 ι

184 4151 338 4222 Λέγει
380 4153 438 4208 δὲ
483 4153 576 4208 καί
620 4171 704 4219 τις
754 4154 952 4224 σοφός’
989 4175 1008 4208 ‹
1044 4155 1135 4227 Μὴ
1182 4154 1412 4220 ὀνείδιζε
1466 4154 1758 4225 ἄνθρωπον

184 4241 593 4315 ἀποστρέφοντα
622 4244 732 4300 ἀπὸ
754 4246 1052 4321 ἁμαρτίας,
1082 4266 1102 4302 ι
1132 4247 1270 4302 ἀλλά
1298 4248 1499 4320 μᾶλλον
1525 4250 1758 4320 προνοοῦ

186 4332 321 4388 καλά
363 4335 595 4391 ἐνώπιον
647 4339 855 4411 Κυρίου
913 4339 1009 4394 καὶ
1054 4338 1382 4407 ἀνθρώπων.
1410 4342 1761 4414 Τηρήσωμεν

186 4420 293 4489 οῦν,
325 4427 623 4497 ἀγαπητοὶ,
655 4429 756 4501 τὴν
785 4430 1013 4503 καρδίαν
1037 4432 1195 4501 ἡμῶν
1217 4431 1642 4505 ἐρηρεισμένην,
1664 4433 1772 4495 τοῦ,

190 4515 262 4587 μὴ
296 4519 585 4591 προσέχειν
616 4519 917 4594 ἀλλοτρίοις
943 4523 1300 4594 πταίσμασιν,
1324 4526 1419 4578 καὶ
1444 4524 1727 4591 ὀνειδίζειν
1745 4569 1761 4591 ,

190 4610 274 4663 ἵνα
306 4612 381 4683 μὴ
424 4612 751 4683 ἀκούσωμεν
790 4615 944 4684 παρά
972 4614 1064 4668 τοῦ
1097 4616 1262 4670 Δαυΐδ
1282 4633 1296 4648 ⁸
1335 4636 1355 4669 ε
1388 4618 1509 4671 Υίοὶ
1553 4617 1765 4687 ἀνθρώ-

193 4720 325 4769 πων,
364 4707 411 4758 οἱ
465 4705 675 4771 ὀδόντες
740 4706 939 4772 αὐτῶν,
990 4707 1130 4761 ὅπλα
1188 4708 1281 4763 καὶ
1345 4709 1473 4781 βέλη
1504 4726 1519 4742 ·
1582 4710 1678 4764 καὶ
1725 4711 1760 4782 ἡ

191 4795 407 4863 γλῶσσα
437 4798 636 4864 αὐτῶν,
671 4798 921 4871 μάχαιρα
961 4798 1130 4864 ὀξεῖα.
1155 4802 1268 4854 Καὶ
1289 4800 1399 4872 γὰρ
1438 4800 1532 4855 τοῦ
1567 4800 1688 4856 Ἰὼϐ
1715 4802 1767 4855 οί

1852 3608 1975 3648 eam
2053 3592 2444 3649 contumeliam
2526 3593 2929 3663 imperturbato
3006 3591 3191 3650 animo
3282 3607 3443 3647 exce-

1853 3684 1996 3755 perit
2070 3692 2127 3740 et
2190 3700 2317 3741 cum
2384 3684 2689 3756 gratiarum
2756 3686 3010 3749 actione,
3058 3683 3277 3754 1108
3344 3699 3445 3755 per

1852 3794 1974 3833 eam
2037 3776 2481 3833 humiliationem
2548 3776 2738 3832 divina
2797 3792 2903 3847 ope
2964 3776 3311 3847 protegitur.
3371 3793 3443 3832 ne

1852 3871 1911 3925 in
1935 3868 2129 3925 eadem
2156 3870 2262 3942 iam
2293 3869 2478 3925 victus
2510 3869 2831 3925 revolvatur
2861 3877 3109 3939 peccata.
3136 3868 3442 3925 Contume-

1853 3963 1927 4017 lia
1979 3963 2127 4019 enim
2177 3962 2420 4019 hominis
2457 3961 2614 4017 cordi
2663 3961 2978 4021 aﬂiictivam
3032 3961 3447 4016 tribulationem

1857 4055 2013 4111 aﬂ'ert
2048 4074 2062 4111 :
2094 4064 2155 4116 at
2187 4070 2363 4126 aequo
2388 4053 2577 4110 animo
2606 4054 2903 4110 sustinenti
2935 4062 3130 4108 auctor
3177 4062 3263 4108 est
3298 4053 3446 4116 idem

1858 4150 2149 4211 munditiae
2169 4158 2227 4206 et
2246 4147 2527 4221 puritatis.
2546 4147 2656 4204 Sed
2688 4157 2745 4205 et
2766 4159 2977 4220 quanto
2996 4147 3123 4218 quis
3152 4162 3256 4218 pro
3284 4147 3449 4203 Chri—

1860 4240 2200 4298 stiaveritate
2255 4239 2536 4310 exceperit
2573 4238 2935 4311 insigniorem
2969 4238 3201 4309 obiectae
3252 4236 3451 4293 confu-

1860 4333 2036 4394 sionis
2092 4330 2473 4403 ignominiam,
2526 4336 2687 4386 tanto
2744 4330 2794 4386 is
2849 4329 3165 4393 uberiorem
3219 4328 3452 4400 gloriam

1861 4424 2293 4499 promerebitur.
2322 4422 2525 4479 Audiet
2551 4432 2609 4479 et
2633 4421 2771 4478 illud
2801 4422 2870 4478 ab
2896 4423 3207 4477 animarum
3236 4429 3455 4477 nostra-

1865 4502 1986 4570 rum
2010 4513 2262 4585 principe
2295 4512 2511 4568 medico
2538 4531 2552 4567 :
2599 4531 2618 4565 ι
2657 4512 2801 4571 Ecce
2825 4528 2995 4568 sanus
3025 4511 3208 4567 factus
3231 4526 3314 4577 es,
3337 4513 3453 4585 jam

1864 4609 2100 4679 amplius
2148 4607 2261 4663 noli
2310 4621 2542 4676 peccare
2558 4604 2627 4659 “.
2666 4624 2684 4658 ι
2714 4605 2869 4662 Unus
2905 4604 3140 4676 proinde
3181 4604 3326 4660 inter
3375 4619 3458 4661 sa-

1866 4703 2082 4774 pientes
2110 4700 2246 4757 dicit
2277 4717 2291 4766 ;
2335 4718 2353 4753 ι
2390 4699 2469 4754 Ne
2512 4697 2817 4768 exprobres
2860 4697 3073 4753 homini
3103 4696 3372 4752 avertenti
3397 4712 3457 4751 se

1869 4800 2143 4865 apeccato
2170 4793 2216 4825 ⁸³
2240 4798 2298 4845 τ’»
2335 4789 2469 4861 quin
2495 4790 2681 4860 potius
2712 4787 2940 4859 provide
2962 4788 3107 4844 bona
3128 4804 3314 4845 coram
3343 4789 3458 4844 Deo

194 4887 334 4955 φίλοι
374 4889 729 4954 ὀνειδίζοντες
763 4888 927 4945 αὐτὸν
968 4889 1176 4959 ἔλεγον,
1213 4911 1231 4942 ι
1264 4891 1374 4945 Ποῦ
1414 4892 1581 4965 ἐστιν,
1616 4888 1747 4955 οἶκος

1871 4896 1927 4942 et
1948 4884 2288 4941 hominibus.
2314 4882 2424 4938 Cor
2473 4881 2641 4953 igitur
2671 4891 2945 4947 nostrum,
2984 4880 3320 4945 charissimi,
3369 4896 3459 4935 so-

194 4980 486 5050 ἄρχοντος;
523 5001 542 5034 ι
578 4982 694 5036 Καὶ
731 4980 916 5045 πάλιν,
955 5000 974 5035 ι
1010 4982 1075 5036 Τί
1097 4984 1206 5052 γὰρ
1236 4984 1334 5035 δάν
1367 4984 1430 5037 σὺ
1462 4984 1768 5057 ἀποθάνῃς,

194 5071 444 5143 ἀοίκητος
485 5077 519 5146 ἡ
566 5075 659 5129 ὑπ’
689 5075 962 5146 οὐρανόν;
1003 5096 1022 5129 ι
1052 5078 1080 5130 6
1111 5075 1168 5130 δὲ
1217 5075 1444 5145 maga;
1502 5078 1771 5151 πρότερόν

197 5180 379 5235 φησιν,
420 5188 439 5219 ‹
470 5167 671 5240 Οὐχὶή
720 5168 895 5223 κακία
940 5168 1034 5223 σού
1089 5169 1240 5223 ἐστιν
1291 5168 1509 5241 πολλής
1553 5170 1768 5242 Ἀναρί-

197 5253 391 5325 θμητοι
417 5258 473 5312 δέ
506 5259 645 5311 εἰσιν
666 5259 723 5312 αἱ
755 5259 1021 5331 ἁμαρτίαι
1048 5275 1165 5325 σου,
1188 5259 1519 5332 ἐνεχύραξες
1551 5260 1607 5314 δὲ
1650 5263 1777 5328 τοὺς

196 5349 451 5421 ἀδελφούς
472 5370 566 5407 σου
581 5352 671 5408 διὰ
695 5352 881 5427 κενῆςο
902 5354 1172 5424 ἀμφίασιν
1196 5354 1253 5407 δὲ
1271 5369 1340 5422 γυ
1350 5352 1499 5425 μνῶν
1522 5354 1766 5423 ἀφείλου·

198 5440 315 5493 οὐδὲ
342 5440 482 5515 ὕδωρ
509 5443 780 5514 διψῶντας
810 5444 1089 5509 ὲπότισας,
1120 5443 1259 5497 ἀλλὰ
1277 5443 1592 5499 πεινώντων
1618 5446 1772 5500 ἐστέ-

205 5551 371 5603 ρησας
400 5536 591 5609 ψωμόν
611 5553 624 5567 ο
657 5538 836 5609 χήρας
860 5536 917 5591 δὲ
950 5534 1341 5602 ἐξαπέστειλας
1372 5536 1559 5600 κενάς·
1601 5538 1776 5607 ὀρφαο·

202 5625 322 5690 νοῦς
344 5628 399 5682 δὲ
414 5630 718 5694 ὲκάκωσας.
732 5628 1036 5701 Τοιγαροῦν
1056 5628 1375 5682 ὲκύκλωσάν
1408 5645 1467 5681 σε
1494 5627 1741 5697 παγίδες.
1755 5647 1773 5680 ι

1876 4980 1988 5036 lide
2052 4978 2336 5033 ﬁrmemus
2375 4982 2433 5029 et
2467 4973 2930 5040 communiamus,
2980 4988 3051 5027 ne
3110 4988 3169 5029 se
3227 4982 3461 5043 occupet

1876 5070 2228 5142 explorandis
2254 5068 2490 5123 aliorum
2520 5064 2787 5136 peccatis,
2814 5080 2924 5119 neu
2954 5066 3214 5135 cuiquam
3251 5078 3458 5134 oppro-

1879 5161 2059 5217 brium
2080 5158 2332 5215 intendat
2354 5166 2449 5213 aut
2470 5155 2887 5220 contumeliam,
2905 5171 2973 5211 ne
2998 5170 3101 5211 nos
3129 5154 3330 5211 merito
3355 5169 3458 5209 no-

1877 5264 1993 5309 stro
2021 5252 2215 5308 audire
2239 5251 2523 5322 contingat
2548 5264 2578 5303 a
2607 5247 2771 5304 beato
2794 5248 3002 5303 Davide
3026 5265 3040 5303 :
3074 5267 3091 5299 ι
3126 5246 3252 5303 Filii
3281 5246 3462 5301 homi-

1875 5361 2030 5410 num,
2053 5345 2246 5400 dentes
2267 5357 2461 5398 eorum
2485 5356 2635 5396 arma
2662 5348 2720 5395 et
2743 5340 2952 5411 sagittae
2974 5349 3029 5395 et
3054 5339 3240 5410 lingua
3266 5354 3461 5393 eorum

1875 5440 2089 5511 gladius
2121 5438 2395 5493 acutus".
2430 5456 2448 5488 ι
2487 5434 2663 5492 Amici
2694 5448 2917 5505 quoque
2948 5433 3095 5488 beati
3128 5431 3233 5488 Job
3259 5444 3461 5499 expro-

1878 5529 2120 5588 bratorie
2151 5529 2448 5585 dicebant:
2488 5548 2506 5579 ‹
2544 5527 2647 5586 Ubi
2673 5536 2758 5582 est
2786 5527 2985 5583 domus
3024 5522 3293 5596 principis
3317 5522 3361 5552 ⁵⁷
3388 5521 3411 5572 ?
3439 5538 3457 5569 ι

1882 5627 2098 5681 Rursus
2128 5641 2140 5677 :
2183 5643 2199 5675 (
2235 5622 2376 5690 Quid
2399 5621 2548 5678 enim
2577 5621 2624 5677 si
2652 5632 2709 5678 tu
2734 5619 3011 5685 morieris,
3035 5616 3213 5672 eritne
3245 5613 3466 5670 subcm—

276 5810 357 5864 "l
386 5811 508 5867 Cor.
534 5827 656 5876 vm,
688 5814 742 5879 9,
780 5811 865 5866 10.
936 5809 979 5841 "3
1003 5808 1138 5866 ibid.
1176 5809 1263 5874 il,
1302 5807 1388 5861 12.
1465 5806 1509 5840 ”
1537 5805 1555 5862 l
1580 5806 1706 5863 Cor.
1736 5822 1788 5871 κ,
1823 5805 1921 5879 99,
1948 5803 2040 5879 50)
2118 5802 2161 5834 ⁵⁰
2190 5801 2392 5879 ῐίίιιιιιι1
2419 5816 2575 5879 ξιχιιι,
2608 5801 2660 5863 6,
2871 5798 2913 5831 ³¹
2948 5794 3084 5852 ibid.
3111 5796 3175 5853 7..
3241 5795 3286 5828 ⁸¹
3324 5791 3463 5853 ibid.

212 5880 253 5911 ⁸⁸
283 5880 303 5934 l
348 5881 468 5938 Cor.
502 5900 573 5950 lx,
605 5883 657 5938 6.

772 5882 819 5916 ⁸⁸
852 5881 1010 5938 Joan.
1039 5898 1092 5947 ν,
1126 5880 1209 5936 Η.
1254 5869 1259 5874 ’
1291 5880 1335 5911 ⁸³
1359 5878 1528 5935 Eccli.
1567 5894 1682 5946 vm,
1708 5880 1739 5933 6

1851 5878 1883 5908 ⁵⁸
1907 5876 2046 5933 l'sal.
2083 5889 2189 5940 LVI,
2220 5874 2271 5929 5.
2350 5873 2392 5905 ⁵⁷
2419 5870 2520 5931 Iob
2545 5886 2658 5937 xm,
2694 5869 2784 5929 28.
