4028 6574
478 424 609 493 1591

1742 420 2106 497 ANTIOCHI
2147 419 2492 485 MONACHI

3584 424 3704 489 1592

469 537 625 596 lcstls
659 534 778 590 haec
810 534 964 606 plaga
997 530 1470 587 inhabitabilis”?
1515 549 1533 583 ι
1573 530 1680 586 Sed
1718 539 1774 586 et
1820 529 2046 599 Elipbaz

2154 528 2340 585 Ταῦτα
2374 532 2474 603 μὲν
2495 533 2967 607 ψευδηγοροῦντες
2995 531 3273 597 ὠνείδιζον
3307 533 3470 587 αὐτόν
3498 547 3513 565 ·
3542 536 3599 588 οὐ
3627 536 3707 591 διὰ

471 630 754 700 aliquanto
785 625 943 696 prius
966 623 1045 678 ait
1070 640 1084 677 :
1128 642 1145 674 ι
1176 620 1437 691 Nunquid
1472 620 1682 675 malitia
1711 628 1803 674 tua
1828 620 2000 673 multa
2024 616 2049 669 ?

472 716 904 777 Innumerabilia
926 722 1056 771 sunt
1075 720 1298 785 peccata
1324 719 1435 767 tua.
1457 710 1793 783 Pignorabas
1810 725 1840 764 a
1860 708 2049 763 fratri-

471 813 578 868 bus
629 812 739 867 tuis
762 809 987 872 frustra,
1017 808 1412 862 vestimentum
1454 819 1585 859 vero
1613 802 1892 857 nudorum
1922 800 2054 855 abs-

475 907 652 962 tulisti
682 922 696 960 :
737 914 795 960 at
826 918 897 961 ne
951 918 1107 971 aqua:
1139 900 1364 971 quidem
1396 899 1598 969 poculo
1626 894 1944 952 refocillasti
1975 894 2051 953 si.-

473 1004 700 1060 tientes,
729 996 826 1052 sed
867 1003 924 1049 et
952 994 1265 1049 esurientes
1304 991 1535 1063 privasti
1584 988 1820 1045 frustulo
1868 988 2048 1058 panis.

472 1089 680 1145 Viduas
694 1086 927 1143 emisisti
942 1101 1167 1151 vacuas,
1182 1084 1422 1156 pupillos
1436 1098 1569 1138 vero
1588 1082 1848 1138 afllixisti.
1862 1082 2052 1150 Itaque

472 1181 658 1250 laquei
712 1177 1204 1235 circumdederunt
1248 1182 1303 1231 te
1331 1176 1377 1207 ⁸⁹
1405 1214 1420 1229 .
1456 1194 1474 1227 ι
1526 1175 1595 1230 Et
1655 1174 1773 1229 haec
1825 1172 2049 1244 quidem

471 1272 772 1328 commenti
816 1271 1082 1326 adornata
1127 1269 1434 1333 mendacio,
1456 1269 1607 1340 justo
1636 1266 1723 1322 isti
1760 1275 2053 1322 contume-

472 1364 666 1421 liosius
692 1359 1125 1434 opprob’rabant,
1153 1376 1263 1416 non
1295 1358 1443 1430 quod
1475 1359 1630 1414 illum
1664 1358 1929 1423 odissent,
1957 1358 2053 1413 sed

475 1464 538 1510 nt
561 1454 858 1525 asperitate
888 1452 1187 1507 verborum
1218 1450 1579 1505 bumiliarent
1604 1450 1813 1520 alioqui
1841 1449 2051 1503 humil-

475 1547 670 1602 limum
696 1564 710 1600 :
742 1546 823 1601 illi
850 1544 1081 1609 etenim,
1108 1544 1271 1598 beato
1300 1542 1419 1596 viro
1439 1540 1633 1596 allincs
1653 1551 1834 1597 erant.
1860 1540 2055 1613 [Amici

471 1638 570 1694 Job
603 1655 709 1692 non
756 1635 897 1691 male
944 1636 1115 1707 affecti
1140 1637 1195 1689 in
1244 1650 1384 1688 eum.
1424 1633 1651 1704 Eliphaz
1681 1642 1797 1688 erat
1827 1642 2055 1704 patruus

472 1725 618 1800 106.]
670 1728 806 1783 Nam
855 1727 1084 1797 Elipbaz
1118 1725 1289 1781 frater
1316 1725 1492 1795 patris
1518 1725 1620 1780 Job
1660 1732 1780 1780 erat
1814 1726 2052 1795 primus.

2154 624 2311 693 μῖσος
2334 623 2412 690 δὲ,
2444 625 2587 679 ἀλλὰ
2613 626 2701 681 διὰ
2729 626 2792 681 τὸ
2822 625 3225 695 ταπεινωθῆναι
3267 623 3429 677 αὑτὸν
3473 627 3587 688 τοῖς
3620 629 3709 697 ρή-

2154 733 2341 786 μασιν.
2383 710 2481 771 Ἓν
2509 717 2624 789 γὰρ
2654 717 2814 786 γένος
2844 712 2988 790 ἦσαν
3014 730 3032 749 ⁸
3062 717 3092 769 6
3114 716 3224 787 γὰρ
3259 714 3483 784 Ἐλιφάζ
3501 714 3711 785 ἀδελφὸς

2149 807 2245 861 τοῦ
2273 808 2482 881 πατρὸς
2519 809 2686 863 αὐτοῦ
2708 804 2778 881 ἦν
2797 807 3017 881 πρῶτος
3039 824 3057 840 ο
3088 806 3231 878 πλὴν
3258 808 3286 861 6
3312 806 3523 870 δίκαιος
3548 808 3713 862 πάντα

2151 902 2351 974 ἔφερεν
2378 903 2666 971 γενναίως·
2693 901 2939 970 καίτοιγε
2968 901 3026 955 ἐν
3054 900 3278 970 τοιαύτῃ
3299 900 3482 970 πληγῇ
3512 900 3603 965 ὢν,
3629 902 3714 954 καὶ

2151 994 2578 1065 ὀνειδιζόμενος,
2610 993 2751 1065 ὑπὲρ
2790 992 2975 1048 αὐτῶν
3005 990 3279 1058 ὲξιλεοῦτο
3310 991 3404 1045 τὸν
3428 991 3560 1044 Θεόν
3583 1009 3596 1021 ·
3630 994 3716 1046 καὶ

2153 1090 2203 1142 εἰ
2237 1089 2312 1162 μὴ
2345 1088 2435 1142 διά
2461 1086 2570 1142 τῶν
2599 1087 2778 1158 εὐχῶν
2812 1085 2909 1139 τοῦ
2950 1084 3093 1150 Ἰὼϐ,
3124 1084 3413 1139 ἀπώλεσεν
3442 1083 3508 1137 ἀν
3535 1084 3718 1149 αὐτοὺς

2151 1179 2181 1231 6
2210 1176 2367 1241 Θεός.
2404 1176 2515 1231 Kal
2566 1175 2743 1230 ταῦτα
2801 1175 2903 1245 μὲν
2948 1175 3078 1246 περὶ
3117 1174 3214 1227 τοῦ
3260 1173 3402 1227 Ἰὼϐ.
3445 1173 3597 1227 Ἐπεὶ
3632 1176 3718 1227 καὶ

2153 1285 2178 1320 ί
2225 1267 2544 1340 Ἄνθρωπος
2593 1266 3015 1336 συνεθιζόμενος
3058 1266 3243 1335 λόγοις
3305 1264 3638 1335 όνειδισμοῦ,
3665 1266 3717 1318 ἐν

2153 1362 2357 1424 πάσαις
2384 1361 2507 1423 ταῖς
2537 1360 2777 1431 ἡμέραις
2818 1358 2986 1413 αὐτοῦ
3018 1358 3080 1411 οὐ
3110 1359 3186 1430 μὴ
3219 1357 3507 1427 παιδευθῇ,
3544 1376 3563 1407 ι
3593 1357 3720 1411 κατὰ

2160 1453 2262 1524 τὴν
2288 1452 2539 1524 Γραφήν.
2583 1453 2779 1523 Ἡμεῖς
2807 1449 2904 1506 οῦν
2946 1452 3023 1517 ὡς
3050 1452 3371 1522 Χριστιανοὶ
3399 1453 3465 1521 τῇ
3497 1449 3599 1519 ὸδῷ
3624 1450 3719 1502 τῶν

2155 1546 2330 1613 ἁγίων
2360 1543 2671 1614 βαδίζοντες
2697 1543 2971 1614 εἴπωμεν,
3004 1563 3023 1597 ι
3062 1545 3189 1598 Ὅτι
3224 1544 3274 1596 εί
3305 1543 3334 1595 6
3362 1541 3555 1613 ἐχθρὸς
3582 1540 3719 1594 ὠνεί-

2153 1635 2301 1691 δισέν
2330 1652 2420 1708 με,
2451 1637 2740 1707 ὑπήνεγκα
2767 1635 2855 1690 ἄν.
2887 1636 2998 1690 Καὶ
3027 1636 3076 1689 εί
3103 1636 3133 1688 6
3168 1634 3347 1705 μισῶν
3385 1651 3453 1703 με
3475 1673 3491 1699 ,
3518 1634 3603 1686 ἐπ’
3628 1633 3721 1701 ἐμὲ

2155 1729 2731 1802 ὲμεγαλορημόνησεν,
2750 1728 2995 1800 ὲκρύσην
3020 1729 3088 1783 ἂν
3120 1729 3218 1781 ἀπ’
3246 1725 3439 1782 αὐτοῦ.
3469 1745 3487 1778 ι
3523 1726 3626 1779 Καὶ
3646 1727 3721 1791 τὸ,

472 1822 734 1875 Attamen
760 1821 945 1890 justus
976 1818 1067 1873 hic
1101 1826 1354 1873 contorta
1377 1818 1435 1871 in
1462 1833 1529 1872 se
1544 1818 1898 1872 contumelia:
1925 1818 2053 1887 spi—

2165 1840 2183 1875 ι
2215 1823 2386 1893 Ὅλην
2413 1822 2513 1893 τὴν
2535 1822 2751 1893 ἡμέραν
2777 1820 3055 1886 ὠνείδιζόν
3087 1837 3155 1891 με
3180 1820 3232 1873 oi
3254 1818 3446 1891 ἐχθροί
3472 1835 3571 1888 μου
3596 1820 3610 1848 ³
3642 1819 3724 1871 καὶ

474 1916 600 1972 cula
633 1914 818 1970 omnia
874 1928 1144 1984 generoso
1195 1920 1419 1983 pectore
1468 1911 1705 1976 ferebat,
1737 1921 1795 1968 et
1826 1912 2049 1982 quidem

474 2006 571 2062 tali
610 2006 767 2077 plaga
799 2005 1164 2059 inclementer
1207 2017 1333 2057 cum
1366 2009 1515 2057 esset
1559 2002 1800 2057 saucius.
1831 2002 1974 2069 Quin
1998 2012 2056 2058 et

478 2096 580 2151 bos
609 2110 741 2151 suos
767 2094 1196 2165 exprobratores
1230 2090 1564 2147 conciliabat
1596 2093 1731 2159 Deo,
1760 2101 1815 2147 et
1858 2108 2053 2163 repro-

476 2187 729 2259 pitiabat,
755 2184 904 2256 quod
948 2184 1141 2255 utique
1180 2197 1293 2237 non
1336 2183 1677 2253 contigisset,
1714 2183 1822 2239 nisi
1859 2199 2056 2254 preces

476 2278 926 2332 intercessissent
960 2275 1307 2331 admirabilis
1336 2275 1498 2347 hujus
1520 2276 1646 2331 Job.
1679 2276 1799 2331 Jam
1833 2277 2055 2348 quando

472 2373 627 2443 juxta
680 2370 1020 2439 Scripturam
1074 2386 1089 2423 :
1147 2388 1165 2422 ι
1202 2369 1380 2423 Homo
1430 2369 1814 2440 improperans
1869 2372 2055 2427 verbis

475 2461 821 2532 improperii,
837 2461 1099 2516 omnibus
1118 2459 1317 2516 diebus
1338 2460 1454 2516 suis
1476 2476 1586 2515 non
1607 2462 1899 2516 erudietur
1922 2462 1967 2494 °°
1991 2480 2005 2516 :
2030 2481 2049 2514 ι

475 2562 533 2608 ct
564 2568 670 2607 nos
716 2552 887 2622 igitur
910 2550 1233 2618 Christiani,
1266 2560 1420 2608 recta
1454 2568 1554 2623 per
1591 2563 1910 2609 sanctorum
1946 2556 2059 2610 cal-

476 2644 586 2698 lem
638 2642 961 2698 incedentes
1017 2642 1310 2698 dicamus:
1349 2662 1368 2695 ι
1404 2643 1675 2710 Quoniam
1720 2647 1767 2700 si
1799 2646 2059 2702 inimicus

477 2748 636 2789 meus
681 2733 1061 2790 maledixisset
1086 2735 1246 2799 mibi,
1282 2737 1671 2792 sustinuissent
1700 2739 1983 2807 utique,et
2009 2740 2055 2793 si

478 2827 526 2880 is
563 2825 658 2896 qui
689 2841 776 2880 me
804 2826 1022 2892 oderat,
1053 2841 1221 2897 super
1248 2844 1336 2883 me
1370 2844 1564 2900 magna
1595 2829 1814 2885 locutus
1836 2830 2055 2897 fuisset,

476 2917 895 2972 abscondissem
945 2933 1034 2973 me
1073 2917 1305 2973 forsitan
1341 2920 1409 2974 ab
1440 2936 1507 2975 eo
1533 2921 1599 2975 ⁶¹.
1638 2939 1655 2972 ι
1694 2921 1761 2975 Et
1801 2940 1813 2976 :
1854 2941 1872 2975 ι
1919 2923 2057 2978 Tota

2155 1916 2203 1969 oi
2229 1914 2580 1979 ἐπαινοῦντές
2610 1932 2711 1984 με,
2735 1914 2856 1968 κατ’
2885 1912 3024 1984 ἐμοῦ
3065 1913 3305 1984 ὤμνυον.
3349 1909 3494 1979 Ἐγὼ
3520 1910 3574 1963 δὲ
3605 1910 3724 1962 ὡσεὶ

2156 2006 2339 2074 κωφὸς
2358 2006 2459 2060 οὐκ
2481 2006 2697 2077 ἤκουον.
2728 2023 2749 2059 ι
2772 2004 2916 2074 Φησὶ
2940 2004 2997 2058 δὲ
3024 2004 3122 2058 καὶ
3142 2005 3178 2058 6
3211 2002 3486 2076 μακάριος
3514 2002 3721 2071 Πέτροςο

2159 2116 2179 2149 ι
2217 2098 2280 2150 Εἰ
2308 2096 2634 2161 ὀνειδίζεσθε
2660 2098 2720 2151 ὲν
2746 2096 2971 2166 ὀνόματι
2999 2094 3232 2166 Κυρίου,
3268 2093 3550 2164 μακάριοι,
3573 2093 3647 2145 ὅτι
3671 2093 3724 2146 τὸ

2153 2190 2251 2261 τῆς
2276 2189 2435 2260 δόξης
2457 2188 2554 2242 καὶ
2582 2187 2680 2259 τῆς
2700 2187 3006 2257 δυνάμεως,
3024 2185 3121 2240 κα)⁸
3145 2186 3208 2240 τὸ
3229 2184 3325 2238 τοῦ
3356 2183 3496 2239 Θεοῦ
3527 2184 3724 2253 πνεῦμα

2156 2280 2243 2351 ἐφ’
2277 2281 2426 2351 ὑμᾶς
2482 2279 2887 2333 ἀναπέπαυται.
2923 2296 2942 2330 ι
2972 2276 3134 2332 Καὶό
3172 2274 3477 2337 ἀπόστολος
3513 2272 3722 2337 Παῦλος,

2161 2393 2179 2427 ι
2209 2373 2307 2437 Είς
2350 2371 2510 2425 τοῦτο
2557 2370 2669 2441 γὰρ
2721 2371 2818 2424 καὶ
2866 2368 3169 2440 κοπιῶμεν,
3202 2367 3296 2421 καὶ
3350 2365 3722 2435 ὀνειδιζόμεθα,

2153 2465 2235 2519 ότι
2273 2463 2586 2535 ἠλπίκαμεν
2632 2462 2727 2515 ἐπὶ
2751 2460 2872 2532 Θεῷ
2896 2460 3063 2526 ζῶντι
3093 2476 3108 2491 ·
3141 2461 3199 2523 ὅς
3243 2461 3367 2512 ἐστι
3400 2459 3581 2527 πατὴρ
3607 2457 3727 2510 πάν.

2157 2574 2264 2613 των
2315 2555 2496 2627 ἡμῶν,
2524 2554 2759 2632 μάλιστα
2810 2552 2871 2608 δὲ
2930 2551 3159 2607 πιστῶν.
3197 2570 3217 2603 ι
3252 2550 3366 2604 Καὶ
3397 2549 3489 2602 τὸν
3542 2548 3725 2618 Κύριον

2148 2650 2253 2704 ’ἐπὶ
2297 2647 2392 2704 τοῦ
2442 2645 2719 2719 σταυροῦ,
2766 2645 2817 2700 οί
2877 2642 3402 2717 παραπορευόμενοι
3476 2640 3725 2709 ἐϐλασφή-

2162 2760 2319 2815 μουν,
2352 2739 2631 2803 κινοῦντες
2692 2738 2792 2801 τὰς
2842 2737 3113 2807 κεφαλάς.
3157 2734 3402 2806 Ὁμοίως
3454 2733 3513 2786 δὲ
3554 2733 3644 2785 καὶ
3682 2732 3723 2783 oi

2160 2837 2440 2907 ἀρχιερεῖς
2493 2832 2636 2904 μετὰ
2676 2829 2790 2885 τῶν
2813 2829 3199 2904 Γραμματέων
3231 2826 3599 2898 ἐμπαίζοντες
3628 2824 3727 2875 ἑλε-

2158 2946 2278 2999 γον,
2319 2947 2339 2981 ι
2375 2926 2605 2991 Ἀλλους
2636 2925 3078 2991 ἕσωσεν,ὲαυτὺν
3122 2924 3185 2977 οὐ
3246 2921 3483 2975 δύναται
3536 2917 3723 2980 σῶσαι,

479 3009 569 3064 die
597 3009 1009 3079 exprobrabant
1060 3010 1196 3064 mihi
1234 3010 1467 3077 inimici,
1506 3019 1562 3067 et
1624 3012 1717 3081 qui
1760 3013 2053 3067 laudabant

2159 3022 2236 3076 Τὸ
2266 3022 2310 3075 δ’
2335 3019 2469 3074 αὐτὸ
2501 3017 2669 3074 καὶοὶ
2706 3018 2907 3090 λῃσταὶ
2936 3019 2985 3071 οί
3024 3013 3509 3085 συσταυρωθέντες
3539 3008 3725 3063 ὠνείδι-

478 3116 566 3156 me
610 3101 664 3155 in
709 3101 1005 3157 adversum
1055 3118 1141 3157 me
1172 3102 1433 3171 jurabant
1464 3103 1664 3172 ".Ego
1710 3113 1896 3159 autem
1942 3114 2053 3158 tan-

2162 3116 2254 3181 ζον
2286 3112 2470 3169 αὐτόν.
2505 3132 2524 3165 ι
2567 3111 2625 3164 '0
2655 3110 2711 3164 δὲ
2745 3108 3103 3180 μακρόθνμος
3138 3104 3374 3178 Κύριος,
3405 3104 3466 3156 τὸ
3486 3101 3724 3163 ἐναντίον,

477 3210 643 3264 quam
674 3195 876 3249 surdus
913 3210 1023 3249 non
1052 3195 1342 3249 audiebam
1370 3196 1433 3249 ⁸³.
1467 3215 1484 3247 ι
1519 3195 1611 3250 Αἰι
1640 3205 1823 3250 autem
1847 3206 1904 3250 et
1932 3196 2053 3253 bea-

2166 3206 2306 3276 ὖπὲρ
2363 3202 2545 3257 αὐτῶν
2599 3200 2873 3269 ὲξιλεοῦτο
2924 3199 3016 3253 τὸν
3067 3196 3297 3268 Πατέρα
3328 3213 3346 3228 ο
3391 3193 3490 3247 καὶ
3539 3190 3726 3258 ἔλεγεν,

482 3292 571 3335 tus
598 3282 829 3336 Petrus:
867 3301 884 3333 ι
932 3282 987 3338 Si
1015 3282 1422 3352 reprobramini
1459 3282 1514 3338 in
1547 3285 1772 3341 nomine
1814 3285 2053 3351 Domini,

2169 3319 2187 3351 ι
2220 3299 2423 3368 Πάτερ,
2452 3295 2590 3365 ἄφες
2614 3294 2800 3357 αὐτοῖς
2829 3291 2929 3364 τὴν
2959 3289 3239 3363 ἁμαρτίαν
3268 3305 3282 3318 ’
3316 3288 3383 3341 οὐ
3406 3287 3516 3356 γὰρ
3548 3282 3727 3337 οἴδασιν

479 3374 651 3440 beati,
683 3376 947 3445 quoniam
972 3377 1121 3447 quod
1150 3386 1236 3433 est
1268 3379 1499 3434 honoris
1531 3386 1587 3433 et
1616 3379 1937 3443 virtutis,et
1965 3379 2053 3449 qui

2160 3388 2215 3443 τί
2262 3387 2530 3442 ποιοῦσιν.
2575 3404 2594 3439 ι
2629 3384 2740 3440 Καὶ
2780 3383 2889 3455 πρὸ
2934 3381 3153 3449 τούτου,
3220 3375 3572 3450 θαρσοποιῶν
3618 3373 3726 3433 τοὺς

478 3474 566 3522 cst
587 3466 683 3521 Dei
717 3467 976 3537 Spiritus,
1014 3485 1180 3539 super
1206 3485 1305 3525 vos
1327 3470 1629 3540 requiescit
1655 3471 1722 3524 “.
1764 3489 1781 3522 ι
1820 3472 1887 3526 Ει
1912 3471 2053 3542 Apo-

2167 3480 2419 3553 μαθητὰς
2443 3521 2460 3542 ,
2488 3478 2703 3546 ἔλεγεν,
2741 3495 2760 3527 ι
2792 3474 3071 3544 Μακάριοι
3100 3475 3223 3527 ὲστε
3252 3472 3387 3525 ὅταν
3422 3466 3728 3521 ὀνειδίσωσιν

480 3557 698 3612 stolus:
740 3579 759 3610 ι
793 3559 853 3613 In
892 3559 999 3615 hoc
1034 3560 1182 3615 enim
1211 3569 1267 3616 et
1309 3561 1628 3617 laboramus
1668 3570 1725 3617 et
1773 3563 2053 3619 maledici-

2164 3576 2331 3645 ὑμᾶς,
2364 3573 2459 3626 καὶ
2485 3569 2776 3635 διώξωσιν,
2803 3568 2902 3622 καὶ
2928 3566 3163 3621 εἴπωσιν
3190 3565 3300 3618 πᾶν
3328 3561 3570 3631 πονηρὸν
3595 3557 3727 3627 ῥῆμα

482 3665 610 3704 mur
633 3691 648 3716 ,
677 3652 806 3721 quia
837 3668 1126 3722 speramus
1156 3654 1212 3708 in
1243 3654 1356 3708 Deo
1381 3653 1529 3719 vivo,
1566 3655 1659 3724 qui
1692 3653 1944 3710 Salvator
1975 3667 2053 3712 est

2167 3664 2291 3719 καθ’
2320 3662 2496 3735 ὑμῶν,
2529 3660 2852 3731 ψευδόμενοι
2902 3659 3092 3712 ἕνεκεν
3148 3655 3307 3727 ἐμοῦ.
3338 3654 3574 3724 Χαίρετε
3602 3690 3616 3714 ,
3644 3648 3725 3701 καὶ

483 3742 733 3797 omnium
785 3743 1098 3809 hominum,
1138 3746 1373 3801 maxime
1422 3747 1670 3803 fidelium
1698 3750 1766 3802 “.
1810 3768 1829 3801 ι
1866 3749 1975 3806 Sed
2004 3757 2053 3807 el

2167 3753 2524 3825 ἀγαλλιᾶσθε,
2582 3753 2664 3806 ὅτι
2726 3754 2755 3805 6
2818 3749 3012 3822 μισθὸς
3072 3749 3227 3820 ὑμῶν
3286 3747 3463 3809 πολὺς
3523 3745 3581 3795 ἐν
3630 3741 3727 3801 τοῖς

484 3836 781 3891 Dominum
838 3853 869 3892 a
924 3853 1088 3893 cruce
1144 3838 1479 3908 pendentem
1540 3839 1633 3910 qui
1676 3842 2053 3913 prasteribant,

2166 3848 2438 3919 οὐρανοῖς.
2476 3863 2497 3898 ι
2528 3844 2690 3915 Αὐτῷ
2718 3845 2752 3916 ὴ
2779 3843 2910 3909 δόξα
2941 3844 3025 3907 είς
3047 3843 3176 3905 τοὺς
3202 3840 3434 3903 αἰῶνας.
3485 3836 3664 3906 ’Δμήν.

484 3927 963 3998 blasphemabant,
999 3930 1216 4000 1109
1247 3939 1531 3986 moventes
1581 3930 1765 4001 capita
1814 3951 1827 3987 :
1890 3950 1995 3990 nec
2062 3951 2221 3992 secus
2269 3936 2551 4007 principes
2591 3933 2946 3990 sacerdotum
2996 3946 3124 3987 cum
3164 3929 3379 3986 Scribis
3447 3925 3726 3983 illudebant

482 4022 774 4078 dicentes:
817 4041 837 4074 ι
872 4022 1025 4078 Alios
1047 4024 1228 4079 salvos
1286 4022 1439 4088 fecit,
1476 4038 1586 4077 non
1630 4032 1811 4094 potest
1874 4041 1932 4081 sc
1996 4028 2228 4085 salvare.
2258 4028 2409 4084 Idem
2430 4041 2664 4098 prorsus
2693 4034 2751 4080 et
2775 4026 3021 4079 latrones
3044 4024 3141 4094 qui
3168 4036 3294 4078 cum
3330 4021 3456 4091 ipso
3503 4012 3723 4073 crucifixi

482 4122 680 4178 erant,
729 4111 1183 4182 improperabant
1245 4112 1297 4166 ei
1328 4112 1395 4165 “.
1435 4131 1454 4164 ι
1485 4110 1839 4182 Longanimis
1896 4114 2165 4172 Dominus
2209 4133 2278 4173 ex
2340 4114 2621 4172 contrario
2658 4130 2763 4185 pro
2825 4114 2948 4169 istis
2986 4114 3068 4169 sic
3136 4112 3322 4183 impiis
3360 4106 3727 4180 repropitiabat

482 4209 703 4263 Patrem
729 4225 742 4260 :
773 4226 792 4258 ι
823 4207 1007 4272 Pater,
1030 4203 1254 4278 ignosce
1282 4205 1393 4291 illis
1416 4214 1735 4278 peccatum,
1762 4222 1875 4262 non
1900 4209 2049 4264 enim
2087 4210 2271 4266 sciunt
2295 4210 2428 4281 quid
2458 4210 2669 4265 faciunt
2700 4209 2764 4261 ⁸⁷.
2804 4225 2823 4259 ι
2892 4206 3037 4273 Quid
3093 4206 3381 4276 aliquanto
3411 4201 3580 4273 prius,
3604 4213 3725 4253 non-

486 4298 627 4355 nihil
662 4297 917 4371 injiciens
945 4297 1235 4368 discipulis
1267 4290 1532 4365 audaciae,
1568 4298 1826 4355 dicebat?
1885 4318 1905 4352 ι
1943 4301 2097 4357 Beati
2135 4303 2293 4358 eritis
2349 4317 2477 4358 cum
2505 4298 2965 4371 exprobraverint
2992 4313 3092 4354 vos
3125 4307 3182 4353 et
3204 4295 3487 4367 persecuti
3516 4307 3606 4347 vos
3624 4290 3723 4343 fue-

488 4392 637 4455 rint,
684 4398 742 4444 et
783 4388 1028 4444 dixerint
1085 4402 1248 4443 omne
1294 4389 1527 4444 verbum
1585 4390 1882 4446 adversum
1938 4407 2057 4459 vos,
2099 4393 2472 4449 mentientes:
2508 4394 2747 4466 gaudete
2784 4400 2842 4446 et
2886 4390 3183 4457 cxsultate,
3209 4389 3343 4460 quia
3409 4399 3615 4443 merces
3642 4397 3723 4437 ve-

413 4510 416 4516 -
492 4494 607 4542 stra
642 4484 816 4540 multa
856 4492 944 4539 est
978 4483 1036 4537 in
1060 4483 1221 4538 cmlis
1252 4483 1319 4536 ⁸⁸.
1367 4502 1383 4534 ι
1424 4483 1533 4553 Ipsi
1558 4484 1735 4556 gloria
1764 4486 1821 4540 in
1846 4487 2067 4542 saecula.
2108 4485 2302 4542 Amen.

1056 4597 1345 4657 HOMILIA
1381 4598 1495 4654 Lll.
2103 4583 2147 4637 θ

676 4708 828 4780 Quod
858 4711 1064 4766 malum
1093 4709 1237 4765 malo
1270 4710 1634 4767 retaliandum
1666 4729 1770 4769 non
1810 4717 1900 4772 sit.

561 4824 735 4897 Paulo
772 4823 1001 4894 quidem
1028 4824 1194 4894 prius
1234 4823 1303 4881 de
1342 4841 1413 4881 eo
1453 4826 1605 4896 quod
1656 4828 1869 4883 nemini
1910 4828 2053 4901 inge-

2248 4829 2451 4903 Πρὼην
2488 4830 2588 4900 μὲν
2616 4829 2754 4900 περὶ
2799 4827 2896 4883 τοῦ
2953 4826 3028 4900 μὴ
3077 4824 3382 4890 ὀνειδίζειν,
3415 4822 3529 4877 ἀλλ’
3556 4818 3726 4875 ὀνειδί-

488 4916 729 4973 rendam
777 4917 851 4971 sit
901 4916 1330 4988 improperium,
1360 4917 1457 4974 sed
1505 4918 1788 4990 ingestum
1820 4920 2053 4977 toleran-

2179 4922 2396 4990 ζεσθαι,
2417 4923 2578 4991 ὀλίγα
2598 4920 2974 4988 διαλαϐόντες,
3002 4918 3099 4975 νῦν
3130 4920 3258 4989 περὶ
3279 4916 3378 4971 τοῦ
3413 4917 3489 4987 μὴ
3515 4916 3728 4968 ἀνταπο-

489 5006 623 5061 dum
674 5006 1083 5074 mquanimiter,
1148 5006 1403 5065 nonnihil
1479 5008 2053 5068 disseruimusmum

2170 5015 2359 5070 δοῦναι
2393 5014 2617 5081 κακίαν,
2653 5014 2747 5068 τὸν
2772 5013 2931 5083 λόγον
2963 5009 3487 5083 μετενέγκωμεν.Εί
3509 5001 3597 5060 οὖν
3619 5004 3716 5075 βου-

490 5096 658 5151 nobis
672 5104 762 5152 est
783 5111 966 5152 sermo
986 5097 1097 5153 alio
1139 5099 1618 5168 transeribendus,
1642 5118 1843 5173 nempe
1875 5112 1938 5158 ut
1970 5105 2053 5160 do.

2172 5107 2382 5180 λόμεθα
2441 5108 2889 5180 συγκληρονόμοι
2940 5103 3184 5178 Χριστοῦ
3241 5099 3420 5167 εἶναι,
3466 5096 3725 5169 ἐφάμιλλοι

492 5201 724 5243 ceamus
767 5202 879 5243 non
916 5190 1219 5248 convenire
1269 5190 1609 5261 Christiano,
1636 5195 1848 5250 malum
1882 5206 1947 5252 ut
1985 5213 2053 5253 re-

2176 5198 2469 5272 γενώμεθα
2496 5204 2611 5265 τοῖς
2635 5200 2733 5254 τοῦ
2760 5197 3000 5272 Χριστοῦ
3026 5196 3326 5267 φιλτάτοις.
3368 5184 3724 5264 Μιμησὼμεθα

494 5286 714 5349 penset,
747 5287 843 5334 aut
870 5282 1089 5339 retaliet
1124 5284 1295 5343 mala.
1334 5284 1477 5343 Sane
1518 5286 1727 5343 Christi
1759 5288 2053 5346 cobmrede:

2176 5294 2239 5347 τὸ
2288 5294 2467 5365 πρᾶον
2512 5291 2609 5347 τοῦ
2658 5291 2846 5359 Δαυῒδ,
2888 5292 3039 5355 ὅπως
3078 5289 3180 5343 καὶ
3217 5288 3383 5358 ἡμεῖς
3427 5280 3724 5347 ἀκούσωμεν

493 5371 541 5426 si
571 5386 695 5426 esse
725 5371 1001 5441 cupimus,
1033 5390 1371 5447 magnopere
1403 5379 1568 5435 nobis
1595 5387 1682 5435 est
1727 5381 2053 5436 contendent

2184 5386 2337 5455 παρά
2362 5383 2457 5438 τοῦ
2486 5383 2644 5449 Θεοῦ,
2666 5377 2843 5457 Εὗρον
2874 5383 3045 5456 ἄνδρα
3073 5379 3216 5435 κατά
3244 5378 3344 5451 τὴν
3370 5372 3589 5447 καρδίαν
3612 5383 3719 5438 μου*

496 5461 630 5517 dum
652 5478 923 5535 perquam
954 5466 1168 5523 similes
1201 5479 1264 5524 ut
1298 5470 1652 5533 inveniamur
1677 5473 1885 5529 sanctis
1913 5463 2045 5531 Chri

2188 5496 2208 5529 ι
2232 5471 2407 5549 Εὗρον
2444 5476 2579 5549 γὰρ,
2619 5476 2786 5548 φησὶν
2829 5478 2858 5530 6
2897 5471 3247 5546 ὑπεράγσθος
3298 5470 3395 5524 καὶ
3434 5462 3719 5537 φιλάγαθος,

492 5564 582 5609 sto
607 5554 974 5635 charissimis.
1010 5558 1069 5615 1d
1108 5558 1221 5627 fiet,
1253 5563 1301 5616 si
1337 5563 1612 5619 mansueti
1636 5565 1862 5622 Davidis
1891 5566 2053 5623 imitat

2183 5568 2355 5641 ἄνδρα
2389 5570 2533 5625 κατὰ
2557 5569 2659 5641 τὴν
2691 5567 2921 5642 καρδίαν
2961 5584 3088 5639 μου,
3122 5565 3185 5631 ὃς
3219 5564 3437 5635 ποιήσει
3477 5558 3640 5610 πάντα
3662 5549 3720 5601 τὰ

2772 4600 2994 4657 ΛΟΓΟΣ
3030 4599 3157 4655 NB'.

2404 4714 2543 4785 Περὶ
2580 4714 2690 4771 τοῦ
2713 4713 2802 4785 μὴ
2837 4710 3282 4769 ἀνταποδοῦναι
3310 4709 3523 4764 κακόν.
3759 4690 3769 4737 ¹

569 5713 615 5744 ⁸⁸
634 5712 818 5790 Ecc‘le.
863 5730 946 5790 ιιι.
976 5713 1078 5790 _2_0_.
1183 5715 1229 5747 ”
1257 5714 1376 5790 Job
1414 5733 1549 5782 xxn,
1612 5720 1761 5775 5-10.
1864 5721 1909 5753 “
1941 5722 2113 5785 Eccli,
2173 5740 2328 5790 χχιιι,
2368 5724 2459 5779 20.
2567 5724 2608 5757 ⁶¹
2634 5722 3017 5786 Psal.uv,l3.
3117 5720 3161 5751 ⁵⁸
3196 5718 3335 5790 Psal.
3362 5733 3427 5790 ει.
3460 5700 3712 5790 υθέ,ηῆ-

497 5784 817 5910 ζιιῖἲιιὺί.
894 5772 1286 5852 ⁶ί11Ρειικιη
1324 5788 1407 5844 Η.
1487 5772 1576 5847 ⁸³’1
1600 5772 1743 5847 'Iv‘ilu.
1769 5807 1841 5861 IV,
1878 5772 2051 5867 ιοῗί

536 5894 551 5919 ,
651 5892 665 5920 ,
782 5894 796 5909 .

2373 5772 2542 5863 illa,
2591 5772 3095 5863 téth'lT-V'an.
3127 5772 3401 5859 xxinfél.
3476 5784 3516 5817 "'
3545 5772 3709 5834 Malm-
